2015 3081
203 137 258 168 9ἷῦ

710 132 890 164 EUTYCHH
910 131 1176 162 ALEXANDRINI
1198 131 1306 162 PATR.

1768 134 1820 164 976

207 200 294 220 annos
304 192 400 227 viginti
419 199 514 220 novem
528 191 689 218 Ptolomaeus
710 190 922 225 cognominatus
935 189 987 216 Le-
1003 191 1099 218 Arum
1127 196 1141 215 a
1162 188 1264 215 familia
1291 187 1430 220 Davidiea,
1451 195 1483 215 ex
1507 194 1562 222 quo
1585 186 1686 222 captivi
1713 187 1821 215 abducti

209 245 271 273 pus.
300 238 350 265 Hic
364 238 535 266 Alexandriae
559 236 773 271 Hippodromum
803 242 929 269 magnum
954 233 987 261 ad

208 291 340 318 equorum
348 288 486 311 certamen
494 281 638 313 exstruxit,
646 281 691 315 qui
700 285 818 315 tempore
825 279 942 306 Zenonis
949 286 992 306 re-

201 328 251 363 .gis
263 328 324 363 igne
338 328 428 362 periit.
443 327 506 354 Post
515 327 590 353 illum
601 333 688 353 annos
700 325 793 361 viginti
803 333 850 352 sex
861 324 986 359 regnavit

210 373 281 400 filius
308 373 406 407 ipsius,
430 371 625 406 Philadelphus
648 370 868 405 cognominatus.
887 369 989 397 Deinde

209 425 299 446 annos
321 418 416 453 viginti
440 417 561 452 quinque
584 417 757 449 Ptolomaeus,
780 416 989 451 cognominatus

209 461 364 496 Evergetes.
395 461 429 488 Et
459 465 520 496 post
558 463 645 496 ipsum
681 468 768 488 annos
795 460 988 495 septemdecim

209 505 373 533 Ptolomaeus
392 506 601 540 cognominatus
621 505 788 541 Philopator.
815 505 917 533 Deinde
938 513 989 532 au-

208 559 259 580 nos
273 552 366 587 viginti
385 556 501 586 quatuor
516 552 679 579 Ptolomaeus
698 552 907 586 cognominatus
926 552 990 578 Illu-

207 597 281 624 stris.
302 596 368 623 Post
393 597 468 624 illum
486 604 574 624 annos
593 597 687 631 viginti
707 596 871 624 Ptolomaeus
895 596 988 623 Philo-

208 646 305 668 metor.
327 641 391 676 Ejus
418 646 539 676 tempore
561 641 723 673 Antiochus,
745 642 902 668 Graecorum
930 649 988 673 rex,

208 687 323 714 devictis
345 686 421 722 Syria
438 686 579 719 etJutlzea,
596 688 703 715 Judznos
726 694 741 713 e
759 686 838 722 Syria
864 685 988 720 expulit,

206 732 354 766 omniaque
373 732 425 758 illis
450 732 536 764 mala,
552 736 579 759 ct
611 732 780 759 cruciatumn
796 739 895 766 genera
916 732 989 759 intu-

208 777 250 803 lit.
269 776 333 803 Post
353 777 428 804 illum
446 778 570 812 regnavit
594 777 679 804 fra'er
704 777 792 811 ipsius
814 777 988 810 Ptolomaeus,

206 823 355 858 Evergetes
364 824 450 850 etiam
465 823 569 854 dictus,
583 830 672 850 annos
690 822 786 857 viginti
803 827 868 849 tres.
891 821 928 848 Eo
945 830 988 848 re—

207 872 307 901 gnante
322 868 443 894 condidit
459 868 622 900 Antiochus,
640 867 798 895 Graecorum
815 875 875 900 rex,
892 869 989 895 Antio-

208 912 308 945 chiam,
337 912 380 940 cui
403 913 436 940 de
454 913 565 940 nomine
585 920 636 940 suo
658 913 864 947 appellationem
892 913 991 941 indidit

206 964 260 991 qua
284 962 379 984 vocata
399 962 452 985 est.
472 957 538 986 Post
555 959 645 994 ipsum
666 960 790 994 regnavit
807 958 989 991 Ptolomaeus,

208 1001 348 1030 Liberalor
366 1004 466 1037 dictus,
485 1012 572 1032 annos
585 1004 693 1039 viginti,
709 1005 788 1040 cujus
808 1009 931 1040 tempore
944 1013 990 1033 ex-

209 1054 314 1076 structa
330 1054 372 1077 est
385 1051 450 1078 urbs
469 1049 604 1078 Seleucia.
623 1051 727 1078 Deinde
746 1051 928 1083 Ptolomaeus,
945 1051 989 1078 cui

208 1095 290 1122 etiam
320 1103 471 1130 cognomen
503 1096 664 1129 Liberator,
693 1104 781 1124 annos
818 1096 989 1132 quindecim.

209 1140 312 1168 Deinde
330 1140 493 1169 Ptolomaeus
508 1143 618 1169 nomine
639 1142 801 1174 Alexander,
827 1142 990 1177 cognomine

209 1187 319 1222 .‘aspltis
342 1187 510 1223 Philopator,
533 1195 620 1215 annos
633 1187 726 1216 decem
748 1187 800 1223 [vel
813 1188 890 1222 juxta
915 1187 990 1215 aliud

209 1233 358 1267 exemplar,
391 1233 557 1268 duodecim].
584 1233 686 1260 Deinde.
714 1234 881 1261 Ptolomaeus
909 1233 991 1268 300

209 1276 416 1308 cognominatus
432 1276 545 1309 Phosas,
563 1277 714 1304 octodecim
731 1278 791 1305 dies
815 1277 867 1313 [vel
889 1285 989 1306 secun-

210 1322 272 1349 dum
287 1322 359 1350 aliud
380 1323 529 1358 exemplar,
547 1327 608 1350 octo
622 1323 731 1359 annos].
750 1323 814 1351 Post
825 1325 913 1359 ipsum
926 1323 990 1351 Pto-

210 1371 321 1396 lomaeus
341 1369 486 1404 Dionysius
499 1377 584 1397 annos
599 1370 694 1406 viginti
709 1377 817 1397 novem.
835 1370 898 1397 Post
909 1377 989 1404 quem

210 1413 262 1441 [ilia
286 1415 372 1448 ipsius
398 1414 540 1449 Cleopatra
568 1415 658 1450 (cujus
684 1415 802 1442 nominis
821 1415 990 1449 significatus

210 1464 249 1486 est
275 1466 375 1494 petram
409 1460 529 1496 deﬂens),
565 1468 653 1488 annos
679 1459 774 1494 viginti
814 1460 893 1487 duos.
928 1459 990 1488 Haec

210 1504 379 1533 Alexandria:
405 1506 489 1533 multa
520 1505 653 1533 exstruxit
677 1505 790 1532 aedilicia
813 1513 930 1540 magna,
962 1511 989 1533 et

210 1551 357 1584 miranda;
387 1550 505 1586 fecitque
545 1558 628 1586 opera
669 1551 819 1579 tessellata.
847 1551 989 1578 Exstruxit

210 1597 288 1623 etiam
315 1597 444 1632 templum
465 1604 605 1632 magnum,
629 1598 701 1631 qttod
723 1597 833 1624 Saturni
859 1597 989 1632 templum

210 1642 362 1676 appellavit,
385 1642 458 1677 quod
477 1644 529 1670 sub
550 1642 761 1670 Christianismo
785 1643 813 1670 in
847 1643 991 1671 ecclesiam

210 1695 381 1720 conversum,
408 1687 500 1715 Sancti
525 1688 667 1716 Michaelis
699 1689 842 1716 ecclesiam
868 1690 991 1716 nomina-

211 1736 293 1765 runt;
310 1740 370 1767 qme
391 1734 485 1760 eadem
513 1732 686 1759 Alkaisariah
715 1734 851 1767 appellata
869 1738 931 1766 est,
959 1741 991 1762 ac

211 1786 270 1814 .gne
289 1779 369 1812 periit
383 1786 439 1814 quo
453 1784 576 1813 tempere
594 1778 709 1813 ingressi
725 1783 790 1806 sunt
803 1778 990 1807 Occidentales

211 1824 401 1852 Alexandriam
427 1831 488 1851 cum
506 1824 618 1851 domino
636 1828 731 1851 nostro
747 1824 909 1852 Almansore
927 1826 992 1852 Abi-

211 1869 307 1900 kalem,
338 1869 384 1903 qui
409 1868 542 1896 Abdallah
563 1868 651 1902 audit,
677 1872 706 1896 et
732 1868 858 1896 Habbasa
883 1869 990 1897 Chalifa

211 1919 275 1942 tunc
300 1914 333 1942 Al
354 1914 513 1942 llloktadaro
532 1913 652 1947 Jaafaro,
668 1918 694 1942 et
709 1921 788 1942 servo
810 1914 869 1948 ejus
886 1915 989 1943 Tacino

211 1957 330 1994 Egypti,
347 1965 373 1986 et
387 1959 562 1987 Alexandria
580 1959 716 1994 praelecto.
732 1960 875 1987 Exstruxit
893 1960 989 1987 eadem

210 2005 236 2031 in
257 2005 324 2032 urbe
340 2005 465 2032 Achmitn
485 2005 642 2032 columnam
659 2006 828 2033 mensoriam
841 2025 849 2038 ,
867 2013 921 2041 qua
935 2005 989 2033 Nili

210 2050 408 2077 incrementum
422 2051 575 2085 percipitur
594 2058 603 2078 :
621 2057 671 2077 nec
686 2058 740 2078 non
757 2051 784 2078 in
800 2051 868 2079 urbe
881 2052 990 2079 Attsena

212 2095 300 2122 tiliam.
323 2095 409 2122 Porro
434 2102 506 2123 anno
529 2096 604 2131 regni
621 2096 681 2130 ejus
698 2101 796 2131 quarto
821 2097 882 2124 urbi
897 2095 990 2125 Roma:

209 2141 353 2175 imperavit
382 2149 428 2169 rex
448 2143 560 2169 nomine
583 2141 666 2168 Caius
698 2140 789 2168 Caesar
812 2148 900 2169 annos
922 2149 991 2177 qua-

1041 238 1105 261 sunt
1121 241 1136 261 a
1152 234 1380 262 Bochtanassero.
1403 233 1498 268 Neque
1513 233 1586 260 enim
1601 233 1628 260 in
1646 233 1724 261 hunc
1739 241 1823 268 usque

1040 279 1112 306 diem
1128 279 1279 313 praeﬁciunt
1301 279 1355 306 sibi
1376 278 1462 306 Judaei
1478 286 1568 313 regem
1598 279 1651 305 nisi
1676 286 1692 306 e
1714 278 1824 306 Davidis

1041 324 1136 358 stirpe.
1162 323 1297 352 Sacerdos
1321 332 1387 351 vero
1407 324 1458 351 fuit
1477 325 1564 359 stirpe
1582 324 1709 351 Davidica
1726 325 1822 352 oriun-

1040 370 1104 401 dus,
1132 370 1240 397 nomine
1254 370 1439 402 Aristobulus,
1453 370 1499 405 qui
1530 370 1606 405 regio
1624 378 1701 397 more
1715 369 1824 398 Iudaeos

1041 415 1120 442 rexit.
1147 415 1219 442 Misit
1248 423 1313 450 ergo
1338 416 1482 450 Augustus
1500 415 1597 443 ducem
1618 424 1633 443 e
1649 416 1708 444 suis
1729 424 1826 451 quem-

1040 461 1102 488 dam
1120 461 1230 488 nomine
1251 460 1354 488 Paetum
1371 461 1417 493 qui
1435 461 1623 496 Hierosolyma
1637 463 1750 490 obsessa
1763 470 1825 489 cum

1040 507 1178 541 cepisset,
1217 506 1406 534 Aristobulum
1446 506 1603 534 Judaeorum
1636 508 1826 541 sacerdotem,

1041 551 1218 587 compedibus
1235 552 1371 584 vinctum,
1399 560 1462 579 cum
1481 553 1575 580 multis
1599 560 1614 580 e
1639 553 1724 580 sociis
1739 553 1827 588 ipsius

1040 597 1153 624 Romam
1172 597 1257 630 misit,
1276 597 1435 632 tributoque
1453 597 1557 625 Judaeis
1576 598 1706 633 imposito
1721 598 1754 624 ab
1771 599 1825 626 illis

1040 641 1177 669 discessit.
1194 641 1289 677 Magna
1307 650 1372 669 vero
1393 643 1503 669 miseria
1517 642 1627 670 Iudaeos
1640 643 1749 670 invasit.
1774 643 1826 669 Sa-

1041 687 1138 714 cerdos
1164 692 1253 714 autem
1278 688 1427 715 Aristobuli
1460 688 1523 715 loco
1556 689 1643 715 factus
1671 692 1713 716 est
1743 688 1827 715 frater

1039 731 1137 766 ipsius,
1166 732 1209 759 cui
1237 739 1335 759 nomen
1363 732 1466 760 Arkan.
1488 732 1600 760 Arkano
1619 733 1663 760 isti
1678 741 1740 760 cum
1767 733 1826 760 riro

1040 776 1157 811 quodam
1186 777 1295 804 nomine
1309 777 1464 812 Antipatro,
1482 777 1653 810 Askalonita,
1669 779 1826 805 intercessit

1040 822 1172 854 amicitia.
1189 822 1236 857 qui
1259 823 1335 850 idolii
1359 822 1503 858 cujusdam
1519 823 1638 850 aedituus
1662 822 1724 855 fuit,
1740 823 1826 850 idem-

1040 875 1094 902 que
1108 867 1223 895 Herodis
1236 871 1322 902 pater,
1338 875 1424 903 genus
1441 875 1455 895 e
1470 867 1561 902 Cypro
1573 867 1687 895 ducens.
1714 867 1827 895 Consti-

1041 914 1093 940 tuit
1105 917 1195 940 autem
1218 913 1308 940 Aikan
1326 913 1458 942 sacerdos
1485 914 1618 941 Herodem
1635 915 1739 940 viarum
1755 921 1826 948 prae-

1040 959 1141 986 fectum
1165 964 1263 986 contra
1287 959 1418 992 latrenes,
1442 967 1503 986 cum
1530 959 1573 986 vir
1596 959 1696 994 ingenii
1725 959 1827 986 ferocis

1039 1009 1124 1032 esset.
1140 1004 1302 1032 lnvadentes
1317 1004 1400 1040 304⁹
1413 1008 1502 1032 autem
1515 1003 1700 1040 Hierosolyma
1713 1005 1826 1039 quidam

1040 1058 1072 1077 ex
1085 1050 1116 1076 Al
1134 1049 1217 1078 Gauri
1231 1050 1328 1077 incolis
1346 1050 1484 1077 Arkanum
1504 1051 1675 1077 sacerdotem
1689 1051 1826 1084 captivum

1040 1095 1224 1127 abduxerunt,
1247 1095 1402 1130 Antipatro,
1421 1094 1537 1122 Herodis
1554 1100 1641 1130 patre,
1656 1095 1802 1123 interfecto
1819 1105 1825 1122 :

1040 1141 1132 1176 itaque
1150 1141 1244 1168 relicta
1261 1146 1303 1167 est
1319 1141 1386 1168 urbs
1401 1141 1461 1168 sine
1476 1140 1606 1176 praefecto
1625 1145 1674 1167 aut
1688 1140 1828 1175 principe.

1041 1185 1163 1214 Herodes
1185 1193 1251 1222 ergo
1272 1186 1411 1214 Romanos
1435 1187 1482 1220 qui
1503 1185 1703 1221 Hierosolymis
1723 1186 1828 1213 substi-

1040 1235 1134 1259 terunt
1157 1231 1319 1260 demulcens
1334 1232 1473 1266 multaque
1490 1231 1557 1266 ipsis
1579 1231 1676 1258 collata
1699 1232 1828 1266 pecunia,

1041 1277 1102 1304 urbi
1129 1281 1158 1304 ut
1183 1277 1312 1312 princeps
1338 1277 1457 1312 praefuit.
1489 1277 1646 1312 Auditoque
1674 1278 1828 1311 Augustum

1039 1321 1186 1358 (Egyptum
1214 1324 1326 1350 tendere
1349 1323 1493 1358 quaesitum
1513 1323 1697 1357 Cleopatram,
1723 1321 1828 1349 Ramla:

1041 1369 1096 1404 ipsi
1117 1368 1225 1396 obviam
1248 1368 1348 1401 factus,
1366 1368 1458 1395 multis
1471 1368 1521 1403 ipsi
1534 1368 1696 1395 muneribus
1710 1368 1827 1400 oblatis,

1041 1414 1128 1449 ipsius
1140 1414 1190 1441 sibi
1204 1415 1349 1442 amicitiam
1363 1414 1527 1441 conciliavit.
1543 1414 1681 1449 Augustus
1692 1421 1755 1440 vero
1764 1421 1828 1442 cum

1041 1459 1186 1495 Egyptum
1212 1461 1392 1494 pervenisset,
1419 1467 1490 1487 caeso
1522 1459 1652 1492 Antonio,
1677 1458 1829 1494 Cleopatra:

1042 1506 1182 1540 deputato,
1212 1505 1403 1533 Alexandriam
1428 1505 1515 1540 ipsam
1533 1506 1677 1540 qumsitum
1700 1496 1826 1537 tetendit,

1045 1559 1100 1586 quo
1113 1556 1219 1586 captam
1244 1550 1400 1586 ignominiae
1412 1556 1564 1586 exponeret
1584 1551 1716 1578 Romanis
1734 1556 1829 1578 osten-

1044 1604 1114 1624 sam.
1147 1596 1290 1631 Cleopatra
1308 1605 1373 1631 ergo
1387 1597 1481 1624 audito
1501 1605 1600 1625 caesum
1627 1605 1688 1625 esse
1710 1597 1744 1624 ab
1768 1597 1828 1623 Au-

1044 1647 1126 1677 gusto
1140 1642 1245 1670 Caesare
1260 1643 1420 1678 deputatum
1444 1651 1523 1671 suum
1544 1643 1705 1670 Antonimu.
1724 1646 1752 1669 et
1780 1650 1828 1669 ca-

1044 1693 1117 1723 ptam
1149 1688 1308 1723 Egyptum,
1331 1696 1366 1716 ne
1389 1688 1507 1716 ludibrio
1537 1689 1682 1716 haberetur
1716 1689 1826 1720 timens,

1045 1738 1161 1761 mortem
1179 1734 1314 1768 praetulit;
1333 1739 1360 1762 et
1377 1742 1411 1762 ne
1430 1734 1457 1761 in
1473 1742 1569 1761 manus
1584 1734 1670 1768 ipsius
1686 1733 1824 1765 incidens,

1045 1779 1200 1813 ignominiaa
1215 1784 1408 1814 exponeretur,
1428 1787 1521 1807 necem
1534 1779 1585 1807 sibi
1605 1779 1760 1811 conscivit;
1773 1778 1827 1805 hoc

1043 1831 1142 1858 nempe
1156 1829 1236 1859 pacto
1254 1833 1261 1852 :
1279 1825 1348 1853 duas
1362 1825 1486 1857 ancillas,
1498 1832 1612 1860 quarum
1627 1824 1706 1851 alteri
1727 1831 1826 1851 nomen

1043 1870 1126 1901 Abra.
1134 1877 1193 1904 quae
1202 1870 1288 1905 ipsam
1300 1875 1407 1905 pectere
1415 1876 1442 1898 et
1453 1877 1562 1902 ornare,
1571 1870 1647 1896 alteri
1657 1869 1754 1902 Hatra,
1764 1877 1825 1904 qtue

1044 1915 1096 1950 ipsi
1119 1923 1224 1950 ungues
1245 1915 1394 1950 praecidere
1414 1923 1447 1942 ac
1460 1921 1551 1943 vestes
1568 1915 1685 1943 induere
1705 1916 1823 1946 solebat,

1043 1961 1205 1992 accersitas,
1227 1961 1310 1995 jussit
1333 1961 1359 1988 in
1389 1961 1499 1988 hortum
1522 1961 1665 1995 quemdam
1689 1960 1826 1995 profectas

1043 2005 1164 2040 viperam
1180 2013 1240 2040 quae
1258 2006 1332 2040 aspis
1354 2006 1516 2040 appellatur,
1535 2006 1587 2033 sibi
1601 2005 1717 2033 aﬂ‘erre:
1742 2013 1823 2039 quam

1044 2052 1107 2078 inde
1133 2052 1242 2078 a‘llatam
1276 2059 1338 2078 cum
1378 2051 1404 2078 in
1443 2051 1508 2085 ipsis
1550 2051 1667 2085 primum
1713 2056 1827 2085 experta

1044 2096 1150 2129 fuisset,
1178 2097 1229 2124 illze
1250 2097 1393 2124 confestim
1425 2101 1538 2123 mortua:
1553 2097 1627 2123 sunt.
1641 2095 1742 2123 Videtis
1758 2103 1826 2131 ergo

1044 2147 1196 2178 serpentem
1232 2147 1345 2170 mortem
1380 2141 1498 2168 subitam
1540 2141 1656 2173 inferre,
1695 2148 1824 2168 coronam

210 2190 281 2214 tuor.
298 2185 399 2214 Deinde
411 2190 473 2220 past
490 2186 579 2221 ipsqu
593 2185 733 2220 Augustus
744 2185 837 2212 Caesar
847 2185 990 2212 monarchi
1008 2195 1031 2225 ι)
1045 2195 1121 2216 suam
1155 2188 1315 2222 prehensatn
1342 2186 1519 2222 305-307
1548 2187 1628 2221 capiti
1664 2186 1805 2220 imponens
1817 2206 1825 2218 ,

211 2233 293 2265 illius,
315 2231 397 2266 idque
412 2239 484 2259 anno
500 2232 575 2266 regni
595 2231 747 2266 Cleopatrae
762 2231 919 2258 undecimo.
940 2230 990 2259 Hic

210 2278 323 2305 devictis
340 2277 450 2312 regibus
474 2277 533 2305 orbi
550 2276 711 2311 imperavit,
734 2276 815 2310 cujus
836 2275 907 2303 fama
926 2283 989 2303 cum

208 2322 243 2350 ad
256 2322 429 2357 Cleopatram
445 2322 629 2358 pervenisset,
649 2321 695 2348 illa
724 2321 759 2347 ab
780 2321 839 2356 ipso
867 2325 991 2347 metuens

211 2376 322 2404 regnum
344 2376 423 2396 suutn
445 2368 571 2401 munivit,
591 2372 731 2394 exstructo
754 2367 859 2394 scilicet
882 2373 896 2393 a
917 2371 991 2400 parte

210 2416 336 2445 orientali
362 2417 395 2443 ad
419 2415 473 2442 Nili
496 2417 594 2450 ripam,
619 2422 699 2441 muro
722 2422 737 2440 a
764 2412 853 2440 Nubia
880 2413 992 2448 regione

209 2462 385 2500 θοι-303
408 2461 551 2488 Phan-mam
571 2467 668 2494 usque,
686 2466 806 2486 necnon
831 2458 885 2484 alio
907 2465 922 2483 ει
939 2456 993 2483 Nu-

210 2511 265 2542 bia,
284 2507 476 2536 Alexandriam
501 2514 588 2541 usque
606 2514 621 2532 a
636 2511 714 2540 parte
736 2504 901 2531 accidentali
918 2513 924 2531 :
944 2503 992 2538 qui

210 2557 290 2584 hodie
305 2555 391 2589 Hayet
404 2553 436 2581 Ol
451 2553 529 2588 Ajuz,
543 2551 638 2578 Murus
652 2551 745 2578 vetula:
759 2551 921 2585 appellatur.

250 2602 394 2637 Cleopatra
424 2605 515 2627 autem
550 2598 723 2626 Alexandria:
745 2597 896 2629 habitavit,
926 2594 994 2622 fuit-

211 2656 261 2685 que
287 2647 341 2683 ipsi
372 2647 400 2673 in
429 2645 576 2680 Egyptum
603 2644 749 2678 deputatus
771 2642 881 2669 nomine
906 2643 993 2668 Anto-

213 2696 282 2723 nius.
293 2694 380 2721 Porro
394 2692 535 2727 Augustus
550 2690 642 2716 audita
664 2689 723 2724 ejus
741 2689 822 2721 fama,
838 2687 891 2722 ipsi
904 2686 994 2714 inhia-

213 2743 257 2769 tit.
278 2740 438 2768 Nuntiatum
466 2743 507 2766 est
540 2742 629 2764 autem
666 2736 791 2770 Augusto
827 2733 935 2767 Judanos
967 2734 993 2759 in

213 2788 277 2815 urbe
301 2786 553 2820 Hierosolymorum
578 2782 740 2816 obsequium
758 2781 810 2816 ipsi
841 2787 895 2807 non
922 2787 993 2814 prae.

213 2837 294 2862 stare.
318 2830 444 2857 Ablatum
464 2833 553 2856 autem
568 2829 624 2862 jam
641 2827 730 2854 fuerat
753 2833 866 2860 regnum
882 2825 991 2854 Judazo-

1043 2241 1124 2268 seque
1154 2233 1256 2260 mundo
1282 2240 1332 2260 suo
1363 2233 1489 2259 universo
1516 2239 1636 2264 ornans,
1671 2239 1738 2258 auro
1767 2232 1829 2258 sci—

1042 2279 1116 2311 licet,
1128 2285 1250 2314 argento,
1269 2278 1428 2310 unionibus,
1445 2278 1602 2312 hyacinthis
1618 2284 1649 2303 ac
1661 2277 1825 2310 smaragdis,

1042 2331 1074 2352 ac
1085 2325 1184 2351 deinde
1204 2329 1292 2351 vestes
1307 2323 1411 2357 regales
1430 2323 1535 2356 induta,
1552 2326 1688 2356 acceptam
1704 2323 1825 2356 viperam

1043 2370 1169 2397 mamillae
1191 2369 1311 2397 sinistra:
1327 2368 1442 2405 (scilicet
1458 2369 1567 2403 regione
1595 2368 1638 2394 illa
1656 2369 1737 2395 situm
1762 2374 1827 2394 esse

1043 2423 1092 2442 cor
1106 2414 1230 2450 noverat)
1249 2414 1381 2446 admovit,
1404 2414 1554 2449 statimque
1567 2419 1674 2440 mortua
1694 2418 1746 2440 est.
1759 2411 1824 2441 Visa

1044 2462 1091 2489 illa
1114 2463 1252 2496 Augustus
1275 2466 1332 2488 tum
1347 2461 1432 2495 ipsam
1447 2464 1503 2486 tum
1519 2460 1622 2486 factum
1639 2459 1726 2494 ipsius
1743 2459 1828 2486 mira-

1044 2512 1088 2534 tus
1104 2513 1159 2539 cst,
1174 2507 1246 2542 quod
1261 2510 1378 2533 mortem
1394 2505 1519 2532 servituti
1543 2510 1570 2531 et
1587 2505 1745 2539 ignumiuize
1758 2511 1828 2538 prac-

1044 2553 1162 2580 tulisset.
1180 2551 1283 2579 Ferunt
1296 2556 1387 2578 autem
1408 2551 1561 2585 Augustum
1580 2549 1716 2577 Cmsarem
1734 2557 1827 2584 regem

1045 2599 1198 2633 ingressum
1218 2596 1367 2624 oﬂ'endisse
1387 2596 1474 2630 ipsam
1494 2602 1624 2622 coronam
1647 2602 1724 2622 suam
1744 2602 1826 2622 manu

1045 2644 1170 2674 sinistra,
1191 2650 1225 2670 ne
1244 2643 1277 2670 de
1299 2642 1389 2676 capite
1406 2641 1565 2672 decideret,
1587 2644 1743 2671 tenentem,
1770 2647 1826 2674 quo

1044 2690 1131 2724 ipsam
1156 2689 1183 2715 in
1204 2695 1287 2722 regno
1311 2695 1362 2715 suo
1382 2687 1523 2714 sedentem
1553 2686 1698 2714 inveniret.
1721 2684 1826 2713 Ferunt

1045 2734 1090 2761 alii
1116 2734 1214 2768 ipsam,
1236 2741 1297 2760 cum
1316 2738 1431 2760 mortem
1449 2733 1500 2760 sibi
1523 2733 1698 2760 consciscere
1725 2732 1825 2763 vellet,

1045 2779 1159 2807 brachio
1183 2786 1233 2805 suo
1248 2779 1335 2804 cultro
1360 2778 1436 2812 prius
1455 2777 1541 2804 inciso
1554 2777 1623 2804 adeo
1639 2781 1667 2803 ut
1685 2776 1827 2811 egredere-

1047 2830 1091 2852 tur
1103 2823 1225 2859 sauguis,
1237 2824 1312 2852 virus
1327 2823 1439 2856 deinde,
1454 2823 1526 2858 quod
1542 2829 1625 2858 penes
1640 2822 1726 2855 ipsam
1742 2826 1826 2852 esset,
