  <div class='ocr_page' id='page_1' title='image "/cluster/home/n/w/nwhite01/storage/ocr_20150623/111/njp.32101077772943/560.png"; bbox 0 0 2015 3081; ppageno 0'>
   <div class='ocr_carea' id='block_1_1' title="bbox 171 239 223 270">
    <p class='ocr_par' dir='ltr' id='par_1_1' title="bbox 171 239 223 270">
     <span class='ocr_line' id='line_1_1' title="bbox 171 239 223 270; baseline 0 -1"><span class='ocrx_word' id='word_1_1' title='bbox 171 239 223 270; x_wconf 79' lang='lat'><strong>977</strong></span> 
     </span>
    </p>
   </div>
   <div class='ocr_carea' id='block_1_2' title="bbox 888 241 1070 272">
    <p class='ocr_par' dir='ltr' id='par_1_2' title="bbox 888 241 1070 272">
     <span class='ocr_line' id='line_1_2' title="bbox 888 241 1070 272; baseline 0.011 -2"><span class='ocrx_word' id='word_1_2' title='bbox 888 241 1070 272; x_wconf 80' lang='lat' dir='ltr'><strong>ANNALES-</strong></span> 
     </span>
    </p>
   </div>
   <div class='ocr_carea' id='block_1_3' title="bbox 1736 250 1790 280">
    <p class='ocr_par' dir='ltr' id='par_1_3' title="bbox 1736 250 1790 280">
     <span class='ocr_line' id='line_1_3' title="bbox 1736 250 1790 280; baseline 0 0"><span class='ocrx_word' id='word_1_3' title='bbox 1736 250 1790 280; x_wconf 83' lang='lat'><strong>978</strong></span> 
     </span>
    </p>
   </div>
   <div class='ocr_carea' id='block_1_4' title="bbox 172 297 1793 341">
    <p class='ocr_par' dir='ltr' id='par_1_4' title="bbox 172 297 1793 341">
     <span class='ocr_line' id='line_1_4' title="bbox 172 297 1793 341; baseline 0.006 -18"><span class='ocrx_word' id='word_1_4' title='bbox 172 297 337 330; x_wconf 78' lang='lat' dir='ltr'><strong>viperarum,</strong></span> <span class='ocrx_word' id='word_1_5' title='bbox 359 297 463 325; x_wconf 81' lang='lat' dir='ltr'><strong>vulneri</strong></span> <span class='ocrx_word' id='word_1_6' title='bbox 485 297 614 334; x_wconf 75' lang='lat' dir='ltr'><strong>iniecisse</strong></span> <span class='ocrx_word' id='word_1_7' title='bbox 626 318 634 331; x_wconf 80' lang='lat'><strong>,</strong></span> <span class='ocrx_word' id='word_1_8' title='bbox 652 306 708 333; x_wconf 88' lang='lat' dir='ltr'><strong>quo</strong></span> <span class='ocrx_word' id='word_1_9' title='bbox 726 299 819 327; x_wconf 82' lang='lat' dir='ltr'><strong>statim</strong></span> <span class='ocrx_word' id='word_1_10' title='bbox 848 304 953 328; x_wconf 87' lang='lat' dir='ltr'><strong>mortua</strong></span> <span class='ocrx_word' id='word_1_11' title='bbox 968 300 993 330; x_wconf 87' lang='lat' dir='ltr'><strong>A</strong></span> <span class='ocrx_word' id='word_1_12' title='bbox 1006 300 1079 335; x_wconf 82' lang='lat' dir='ltr'><strong>gavit</strong></span> <span class='ocrx_word' id='word_1_13' title='bbox 1104 300 1236 334; x_wconf 83' lang='lat' dir='ltr'><strong>Herodes,</strong></span> <span class='ocrx_word' id='word_1_14' title='bbox 1256 303 1289 331; x_wconf 90' lang='lat' dir='ltr'><strong>de</strong></span> <span class='ocrx_word' id='word_1_15' title='bbox 1310 310 1343 331; x_wconf 88' lang='lat' dir='ltr'><strong>eo</strong></span> <span class='ocrx_word' id='word_1_16' title='bbox 1363 304 1436 339; x_wconf 90' lang='lat' dir='ltr'><strong>quod</strong></span> <span class='ocrx_word' id='word_1_17' title='bbox 1455 308 1649 332; x_wconf 79' lang='lat' dir='ltr'><strong>narraverant:</strong></span> <span class='ocrx_word' id='word_1_18' title='bbox 1667 305 1714 340; x_wconf 89' lang='lat' dir='ltr'><strong>qui</strong></span> <span class='ocrx_word' id='word_1_19' title='bbox 1733 306 1793 341; x_wconf 81' lang='lat' dir='ltr'><strong>ipst</strong></span> 
     </span>
    </p>
   </div>
   <div class='ocr_carea' id='block_1_5' title="bbox 171 345 222 368">
    <p class='ocr_par' dir='ltr' id='par_1_5' title="bbox 171 345 222 368">
     <span class='ocr_line' id='line_1_5' title="bbox 171 345 222 368; baseline 0 0"><span class='ocrx_word' id='word_1_20' title='bbox 171 345 222 368; x_wconf 78' lang='grc' dir='ltr'><strong>εει.</strong></span> 
     </span>
    </p>
   </div>
   <div class='ocr_carea' id='block_1_6' title="bbox 208 386 953 424">
    <p class='ocr_par' dir='ltr' id='par_1_6' title="bbox 208 386 953 424">
     <span class='ocr_line' id='line_1_6' title="bbox 208 386 953 424; baseline 0.008 -13"><span class='ocrx_word' id='word_1_21' title='bbox 208 386 286 413; x_wconf 88' lang='lat' dir='ltr'><strong>Anno</strong></span> <span class='ocrx_word' id='word_1_22' title='bbox 312 390 401 414; x_wconf 87' lang='lat' dir='ltr'><strong>autem</strong></span> <span class='ocrx_word' id='word_1_23' title='bbox 427 388 533 423; x_wconf 88' lang='lat' dir='ltr'><strong>imperii</strong></span> <span class='ocrx_word' id='word_1_24' title='bbox 563 389 677 424; x_wconf 89' lang='lat' dir='ltr'><strong>Augusti</strong></span> <span class='ocrx_word' id='word_1_25' title='bbox 698 389 815 418; x_wconf 67' lang='lat' dir='ltr'><strong>Caesaris</strong></span> <span class='ocrx_word' id='word_1_26' title='bbox 849 390 953 418; x_wconf 88' lang='lat' dir='ltr'><strong>duode-</strong></span> 
     </span>
    </p>
   </div>
   <div class='ocr_carea' id='block_1_7' title="bbox 175 431 953 470">
    <p class='ocr_par' dir='ltr' id='par_1_7' title="bbox 175 431 953 470">
     <span class='ocr_line' id='line_1_7' title="bbox 175 431 953 470; baseline 0.008 -13"><span class='ocrx_word' id='word_1_27' title='bbox 175 431 246 457; x_wconf 91' lang='lat' dir='ltr'><strong>cimo</strong></span> <span class='ocrx_word' id='word_1_28' title='bbox 262 432 394 459; x_wconf 81' lang='lat' dir='ltr'><strong>abolitum</strong></span> <span class='ocrx_word' id='word_1_29' title='bbox 410 438 450 460; x_wconf 89' lang='lat' dir='ltr'><strong>est</strong></span> <span class='ocrx_word' id='word_1_30' title='bbox 466 434 617 469; x_wconf 81' lang='lat' dir='ltr'><strong>Cleopatrae</strong></span> <span class='ocrx_word' id='word_1_31' title='bbox 635 443 759 470; x_wconf 86' lang='lat' dir='ltr'><strong>regnum.</strong></span> <span class='ocrx_word' id='word_1_32' title='bbox 775 435 860 463; x_wconf 79' lang='lat' dir='ltr'><strong>Porro</strong></span> <span class='ocrx_word' id='word_1_33' title='bbox 876 443 890 463; x_wconf 89' lang='lat' dir='ltr'><strong>a</strong></span> <span class='ocrx_word' id='word_1_34' title='bbox 910 444 953 463; x_wconf 92' lang='lat' dir='ltr'><strong>re-</strong></span> 
     </span>
    </p>
   </div>
   <div class='ocr_carea' id='block_1_8' title="bbox 171 476 955 516">
    <p class='ocr_par' dir='ltr' id='par_1_8' title="bbox 171 476 955 516">
     <span class='ocr_line' id='line_1_8' title="bbox 171 476 955 516; baseline 0.01 -15"><span class='ocrx_word' id='word_1_35' title='bbox 171 483 225 510; x_wconf 84' lang='lat' dir='ltr'><strong>gno</strong></span> <span class='ocrx_word' id='word_1_36' title='bbox 247 476 396 505; x_wconf 75' lang='lat' dir='ltr'><strong>Alexandri</strong></span> <span class='ocrx_word' id='word_1_37' title='bbox 413 479 446 506; x_wconf 88' lang='lat' dir='ltr'><strong>ad</strong></span> <span class='ocrx_word' id='word_1_38' title='bbox 460 479 541 507; x_wconf 82' lang='lat' dir='ltr'><strong>tinem</strong></span> <span class='ocrx_word' id='word_1_39' title='bbox 557 480 633 515; x_wconf 91' lang='lat' dir='ltr'><strong>regni</strong></span> <span class='ocrx_word' id='word_1_40' title='bbox 646 480 798 516; x_wconf 70' lang='lat' dir='ltr'><strong>Cleopatrae</strong></span> <span class='ocrx_word' id='word_1_41' title='bbox 813 481 876 508; x_wconf 90' lang='lat' dir='ltr'><strong>anni</strong></span> <span class='ocrx_word' id='word_1_42' title='bbox 890 486 955 510; x_wconf 91' lang='lat' dir='ltr'><strong>sunt</strong></span> 
     </span>
    </p>
   </div>
   <div class='ocr_carea' id='block_1_9' title="bbox 171 523 954 559">
    <p class='ocr_par' dir='ltr' id='par_1_9' title="bbox 171 523 954 559">
     <span class='ocr_line' id='line_1_9' title="bbox 171 523 954 559; baseline 0.009 -10"><span class='ocrx_word' id='word_1_43' title='bbox 171 523 282 550; x_wconf 82' lang='lat' dir='ltr'><strong>ducenti</strong></span> <span class='ocrx_word' id='word_1_44' title='bbox 311 525 449 559; x_wconf 82' lang='lat' dir='ltr'><strong>octoginta</strong></span> <span class='ocrx_word' id='word_1_45' title='bbox 484 533 593 553; x_wconf 91' lang='lat' dir='ltr'><strong>novem.</strong></span> <span class='ocrx_word' id='word_1_46' title='bbox 623 525 759 555; x_wconf 80' lang='lat' dir='ltr'><strong>Redeunti</strong></span> <span class='ocrx_word' id='word_1_47' title='bbox 787 528 886 556; x_wconf 88' lang='lat' dir='ltr'><strong>deinde</strong></span> <span class='ocrx_word' id='word_1_48' title='bbox 919 537 954 556; x_wconf 79' lang='lat' dir='ltr'><strong>ex</strong></span> 
     </span>
    </p>
   </div>
   <div class='ocr_carea' id='block_1_10' title="bbox 174 568 953 606">
    <p class='ocr_par' dir='ltr' id='par_1_10' title="bbox 174 568 953 606">
     <span class='ocr_line' id='line_1_10' title="bbox 174 568 953 606; baseline 0.009 -12"><span class='ocrx_word' id='word_1_49' title='bbox 174 568 293 604; x_wconf 64' lang='lat' dir='ltr'><strong>Egypto</strong></span> <span class='ocrx_word' id='word_1_50' title='bbox 310 569 425 598; x_wconf 81' lang='lat' dir='ltr'><strong>Romam</strong></span> <span class='ocrx_word' id='word_1_51' title='bbox 448 570 571 605; x_wconf 86' lang='lat' dir='ltr'><strong>Augusto</strong></span> <span class='ocrx_word' id='word_1_52' title='bbox 589 572 701 606; x_wconf 73' lang='lat' dir='ltr'><strong>Caesari,</strong></span> <span class='ocrx_word' id='word_1_53' title='bbox 716 581 825 601; x_wconf 84' lang='lat' dir='ltr'><strong>rursum</strong></span> <span class='ocrx_word' id='word_1_54' title='bbox 845 574 953 602; x_wconf 84' lang='lat' dir='ltr'><strong>obviam</strong></span> 
     </span>
    </p>
   </div>
   <div class='ocr_carea' id='block_1_11' title="bbox 173 615 953 656">
    <p class='ocr_par' dir='ltr' id='par_1_11' title="bbox 173 615 953 656">
     <span class='ocr_line' id='line_1_11' title="bbox 173 615 953 656; baseline 0.009 -14"><span class='ocrx_word' id='word_1_55' title='bbox 173 615 273 644; x_wconf 79' lang='lat' dir='ltr'><strong>namlae</strong></span> <span class='ocrx_word' id='word_1_56' title='bbox 296 616 385 644; x_wconf 82' lang='lat' dir='ltr'><strong>factus</strong></span> <span class='ocrx_word' id='word_1_57' title='bbox 421 618 555 652; x_wconf 81' lang='lat' dir='ltr'><strong>Herodes,</strong></span> <span class='ocrx_word' id='word_1_58' title='bbox 576 619 662 646; x_wconf 90' lang='lat' dir='ltr'><strong>multa</strong></span> <span class='ocrx_word' id='word_1_59' title='bbox 691 620 793 647; x_wconf 88' lang='lat' dir='ltr'><strong>obtulit</strong></span> <span class='ocrx_word' id='word_1_60' title='bbox 823 621 953 656; x_wconf 86' lang='lat' dir='ltr'><strong>donaria;</strong></span> 
     </span>
    </p>
   </div>
   <div class='ocr_carea' id='block_1_12' title="bbox 171 663 954 701">
    <p class='ocr_par' dir='ltr' id='par_1_12' title="bbox 171 663 954 701">
     <span class='ocr_line' id='line_1_12' title="bbox 171 663 954 701; baseline 0.009 -13"><span class='ocrx_word' id='word_1_61' title='bbox 171 670 265 696; x_wconf 87' lang='lat' dir='ltr'><strong>quare,</strong></span> <span class='ocrx_word' id='word_1_62' title='bbox 281 663 368 697; x_wconf 89' lang='lat' dir='ltr'><strong>ipsum</strong></span> <span class='ocrx_word' id='word_1_63' title='bbox 388 663 487 692; x_wconf 67' lang='lat' dir='ltr'><strong>Judazre</strong></span> <span class='ocrx_word' id='word_1_64' title='bbox 503 665 638 692; x_wconf 80' lang='lat' dir='ltr'><strong>universae</strong></span> <span class='ocrx_word' id='word_1_65' title='bbox 656 673 717 693; x_wconf 87' lang='lat' dir='ltr'><strong>cum</strong></span> <span class='ocrx_word' id='word_1_66' title='bbox 736 665 824 701; x_wconf 92' lang='lat' dir='ltr'><strong>ipsius</strong></span> <span class='ocrx_word' id='word_1_67' title='bbox 845 668 954 695; x_wconf 91' lang='lat' dir='ltr'><strong>ditioni-</strong></span> 
     </span>
    </p>
   </div>
   <div class='ocr_carea' id='block_1_13' title="bbox 174 709 954 746">
    <p class='ocr_par' dir='ltr' id='par_1_13' title="bbox 174 709 954 746">
     <span class='ocr_line' id='line_1_13' title="bbox 174 709 954 746; baseline 0.01 -12"><span class='ocrx_word' id='word_1_68' title='bbox 174 709 224 735; x_wconf 88' lang='lat' dir='ltr'><strong>btts</strong></span> <span class='ocrx_word' id='word_1_69' title='bbox 244 714 270 735; x_wconf 84' lang='lat' dir='ltr'><strong>et</strong></span> <span class='ocrx_word' id='word_1_70' title='bbox 292 709 402 744; x_wconf 84' lang='lat' dir='ltr'><strong>regione</strong></span> <span class='ocrx_word' id='word_1_71' title='bbox 416 710 535 737; x_wconf 62' lang='lat' dir='ltr'><strong>Catilinae</strong></span> <span class='ocrx_word' id='word_1_72' title='bbox 557 715 694 739; x_wconf 61' lang='lat' dir='ltr'><strong>montanae</strong></span> <span class='ocrx_word' id='word_1_73' title='bbox 713 712 878 746; x_wconf 65' lang='lat' dir='ltr'><strong>praeﬁciens,</strong></span> <span class='ocrx_word' id='word_1_74' title='bbox 897 715 954 741; x_wconf 84' lang='lat' dir='ltr'><strong>Au-</strong></span> 
     </span>
    </p>
   </div>
   <div class='ocr_carea' id='block_1_14' title="bbox 172 757 952 795">
    <p class='ocr_par' dir='ltr' id='par_1_14' title="bbox 172 757 952 795">
     <span class='ocr_line' id='line_1_14' title="bbox 172 757 952 795; baseline 0.009 -13"><span class='ocrx_word' id='word_1_75' title='bbox 172 760 268 791; x_wconf 87' lang='lat' dir='ltr'><strong>gustus</strong></span> <span class='ocrx_word' id='word_1_76' title='bbox 284 757 366 792; x_wconf 82' lang='lat' dir='ltr'><strong>capiti</strong></span> <span class='ocrx_word' id='word_1_77' title='bbox 388 758 475 792; x_wconf 87' lang='lat' dir='ltr'><strong>ipsius</strong></span> <span class='ocrx_word' id='word_1_78' title='bbox 488 758 615 786; x_wconf 81' lang='lat' dir='ltr'><strong>diadema</strong></span> <span class='ocrx_word' id='word_1_79' title='bbox 631 761 737 794; x_wconf 87' lang='lat' dir='ltr'><strong>regium</strong></span> <span class='ocrx_word' id='word_1_80' title='bbox 762 760 903 795; x_wconf 85' lang='lat' dir='ltr'><strong>imposuit.</strong></span> <span class='ocrx_word' id='word_1_81' title='bbox 918 761 952 789; x_wconf 88' lang='lat' dir='ltr'><strong>At</strong></span> 
     </span>
    </p>
   </div>
   <div class='ocr_carea' id='block_1_15' title="bbox 172 801 954 839">
    <p class='ocr_par' dir='ltr' id='par_1_15' title="bbox 172 801 954 839">
     <span class='ocr_line' id='line_1_15' title="bbox 172 801 954 839; baseline 0.008 -11"><span class='ocrx_word' id='word_1_82' title='bbox 172 810 233 829; x_wconf 89' lang='lat' dir='ltr'><strong>cum</strong></span> <span class='ocrx_word' id='word_1_83' title='bbox 250 801 437 837; x_wconf 80' lang='lat' dir='ltr'><strong>Hierosolyma</strong></span> <span class='ocrx_word' id='word_1_84' title='bbox 460 811 508 831; x_wconf 83' lang='lat' dir='ltr'><strong>rex</strong></span> <span class='ocrx_word' id='word_1_85' title='bbox 538 804 593 839; x_wconf 86' lang='lat' dir='ltr'><strong>jam</strong></span> <span class='ocrx_word' id='word_1_86' title='bbox 616 804 703 832; x_wconf 79' lang='lat' dir='ltr'><strong>factus</strong></span> <span class='ocrx_word' id='word_1_87' title='bbox 725 812 853 833; x_wconf 82' lang='lat' dir='ltr'><strong>reversus</strong></span> <span class='ocrx_word' id='word_1_88' title='bbox 869 812 954 839; x_wconf 85' lang='lat' dir='ltr'><strong>esset,</strong></span> 
     </span>
    </p>
   </div>
   <div class='ocr_carea' id='block_1_16' title="bbox 172 847 953 886">
    <p class='ocr_par' dir='ltr' id='par_1_16' title="bbox 172 847 953 886">
     <span class='ocr_line' id='line_1_16' title="bbox 172 847 953 886; baseline 0.005 -12"><span class='ocrx_word' id='word_1_89' title='bbox 172 847 320 875; x_wconf 88' lang='lat' dir='ltr'><strong>noluerunt</strong></span> <span class='ocrx_word' id='word_1_90' title='bbox 339 847 425 875; x_wconf 69' lang='lat' dir='ltr'><strong>Iudici</strong></span> <span class='ocrx_word' id='word_1_91' title='bbox 444 848 534 884; x_wconf 86' lang='lat' dir='ltr'><strong>ipsum</strong></span> <span class='ocrx_word' id='word_1_92' title='bbox 554 849 582 876; x_wconf 90' lang='lat' dir='ltr'><strong>in</strong></span> <span class='ocrx_word' id='word_1_93' title='bbox 602 857 650 877; x_wconf 86' lang='lat' dir='ltr'><strong>eos</strong></span> <span class='ocrx_word' id='word_1_94' title='bbox 673 857 798 885; x_wconf 86' lang='lat' dir='ltr'><strong>regnare.</strong></span> <span class='ocrx_word' id='word_1_95' title='bbox 820 850 868 879; x_wconf 90' lang='lat' dir='ltr'><strong>llle</strong></span> <span class='ocrx_word' id='word_1_96' title='bbox 888 859 953 886; x_wconf 91' lang='lat' dir='ltr'><strong>ergo</strong></span> 
     </span>
    </p>
   </div>
   <div class='ocr_carea' id='block_1_17' title="bbox 172 891 951 927">
    <p class='ocr_par' dir='ltr' id='par_1_17' title="bbox 172 891 951 927">
     <span class='ocr_line' id='line_1_17' title="bbox 172 891 951 927; baseline 0.008 -10"><span class='ocrx_word' id='word_1_97' title='bbox 172 891 346 925; x_wconf 85' lang='lat' dir='ltr'><strong>tyrannidem</strong></span> <span class='ocrx_word' id='word_1_98' title='bbox 374 892 401 918; x_wconf 92' lang='lat' dir='ltr'><strong>in</strong></span> <span class='ocrx_word' id='word_1_99' title='bbox 433 892 508 927; x_wconf 89' lang='lat' dir='ltr'><strong>ipsos</strong></span> <span class='ocrx_word' id='word_1_100' title='bbox 543 901 696 926; x_wconf 90' lang='lat' dir='ltr'><strong>exercens,</strong></span> <span class='ocrx_word' id='word_1_101' title='bbox 726 895 826 923; x_wconf 89' lang='lat' dir='ltr'><strong>multos</strong></span> <span class='ocrx_word' id='word_1_102' title='bbox 857 904 951 924; x_wconf 86' lang='lat' dir='ltr'><strong>eorum</strong></span> 
     </span>
    </p>
   </div>
   <div class='ocr_carea' id='block_1_18' title="bbox 172 935 954 976">
    <p class='ocr_par' dir='ltr' id='par_1_18' title="bbox 172 935 954 976">
     <span class='ocr_line' id='line_1_18' title="bbox 172 935 954 976; baseline 0.008 -13"><span class='ocrx_word' id='word_1_103' title='bbox 172 935 254 972; x_wconf 76' lang='lat'><strong>308</strong></span> <span class='ocrx_word' id='word_1_104' title='bbox 279 942 366 965; x_wconf 88' lang='lat' dir='ltr'><strong>morte</strong></span> <span class='ocrx_word' id='word_1_105' title='bbox 384 937 488 966; x_wconf 80' lang='lat' dir='ltr'><strong>aﬂ‘ecit.</strong></span> <span class='ocrx_word' id='word_1_106' title='bbox 513 938 616 967; x_wconf 88' lang='lat' dir='ltr'><strong>Dirutis</strong></span> <span class='ocrx_word' id='word_1_107' title='bbox 642 940 723 967; x_wconf 88' lang='lat' dir='ltr'><strong>etiam</strong></span> <span class='ocrx_word' id='word_1_108' title='bbox 748 939 826 969; x_wconf 85' lang='lat' dir='ltr'><strong>urbis</strong></span> <span class='ocrx_word' id='word_1_109' title='bbox 851 949 954 976; x_wconf 85' lang='lat' dir='ltr'><strong>propu-</strong></span> 
     </span>
    </p>
   </div>
   <div class='ocr_carea' id='block_1_19' title="bbox 171 982 956 1021">
    <p class='ocr_par' dir='ltr' id='par_1_19' title="bbox 171 982 956 1021">
     <span class='ocr_line' id='line_1_19' title="bbox 171 982 956 1021; baseline 0.008 -12"><span class='ocrx_word' id='word_1_110' title='bbox 171 982 288 1016; x_wconf 82' lang='lat' dir='ltr'><strong>gnaculo</strong></span> <span class='ocrx_word' id='word_1_111' title='bbox 314 990 346 1010; x_wconf 89' lang='lat' dir='ltr'><strong>ac</strong></span> <span class='ocrx_word' id='word_1_112' title='bbox 373 983 484 1017; x_wconf 80' lang='lat' dir='ltr'><strong>templo,</strong></span> <span class='ocrx_word' id='word_1_113' title='bbox 499 984 585 1012; x_wconf 88' lang='lat' dir='ltr'><strong>libros</strong></span> <span class='ocrx_word' id='word_1_114' title='bbox 599 983 768 1019; x_wconf 69' lang='lat' dir='ltr'><strong>Iudaeorum,</strong></span> <span class='ocrx_word' id='word_1_115' title='bbox 790 994 860 1021; x_wconf 89' lang='lat' dir='ltr'><strong>quos</strong></span> <span class='ocrx_word' id='word_1_116' title='bbox 875 988 956 1015; x_wconf 84' lang='lat' dir='ltr'><strong>resti-</strong></span> 
     </span>
    </p>
   </div>
   <div class='ocr_carea' id='block_1_20' title="bbox 177 1028 958 1067">
    <p class='ocr_par' dir='ltr' id='par_1_20' title="bbox 177 1028 958 1067">
     <span class='ocr_line' id='line_1_20' title="bbox 177 1028 958 1067; baseline 0.008 -13"><span class='ocrx_word' id='word_1_117' title='bbox 177 1032 269 1055; x_wconf 88' lang='lat' dir='ltr'><strong>tuerat</strong></span> <span class='ocrx_word' id='word_1_118' title='bbox 282 1028 348 1062; x_wconf 82' lang='lat' dir='ltr'><strong>ipsis</strong></span> <span class='ocrx_word' id='word_1_119' title='bbox 362 1029 443 1061; x_wconf 85' lang='lat' dir='ltr'><strong>Ezra,</strong></span> <span class='ocrx_word' id='word_1_120' title='bbox 459 1029 495 1059; x_wconf 58' lang='lat' dir='ltr'><strong>de,</strong></span> <span class='ocrx_word' id='word_1_121' title='bbox 506 1030 628 1058; x_wconf 87' lang='lat' dir='ltr'><strong>tribuum</strong></span> <span class='ocrx_word' id='word_1_122' title='bbox 641 1032 811 1066; x_wconf 86' lang='lat' dir='ltr'><strong>genealogiis</strong></span> <span class='ocrx_word' id='word_1_123' title='bbox 822 1033 958 1067; x_wconf 89' lang='lat' dir='ltr'><strong>ipsorum-</strong></span> 
     </span>
    </p>
   </div>
   <div class='ocr_carea' id='block_1_21' title="bbox 171 1074 958 1113">
    <p class='ocr_par' dir='ltr' id='par_1_21' title="bbox 171 1074 958 1113">
     <span class='ocr_line' id='line_1_21' title="bbox 171 1074 958 1113; baseline 0.008 -14"><span class='ocrx_word' id='word_1_124' title='bbox 171 1080 226 1107; x_wconf 86' lang='lat' dir='ltr'><strong>que</strong></span> <span class='ocrx_word' id='word_1_125' title='bbox 240 1074 378 1108; x_wconf 76' lang='lat' dir='ltr'><strong>prosapia,</strong></span> <span class='ocrx_word' id='word_1_126' title='bbox 399 1075 515 1107; x_wconf 86' lang='lat' dir='ltr'><strong>ablalos,</strong></span> <span class='ocrx_word' id='word_1_127' title='bbox 535 1083 632 1104; x_wconf 88' lang='lat' dir='ltr'><strong>omnes</strong></span> <span class='ocrx_word' id='word_1_128' title='bbox 657 1077 820 1112; x_wconf 86' lang='lat' dir='ltr'><strong>combussit,</strong></span> <span class='ocrx_word' id='word_1_129' title='bbox 842 1085 876 1106; x_wconf 90' lang='lat' dir='ltr'><strong>ne</strong></span> <span class='ocrx_word' id='word_1_130' title='bbox 896 1078 958 1113; x_wconf 80' lang='lat' dir='ltr'><strong>quis</strong></span> 
     </span>
    </p>
   </div>
   <div class='ocr_carea' id='block_1_22' title="bbox 173 1119 959 1158">
    <p class='ocr_par' dir='ltr' id='par_1_22' title="bbox 173 1119 959 1158">
     <span class='ocr_line' id='line_1_22' title="bbox 173 1119 959 1158; baseline 0.008 -13"><span class='ocrx_word' id='word_1_131' title='bbox 173 1126 207 1145; x_wconf 75' lang='lat' dir='ltr'><strong>ex</strong></span> <span class='ocrx_word' id='word_1_132' title='bbox 228 1119 295 1154; x_wconf 88' lang='lat' dir='ltr'><strong>ipsis</strong></span> <span class='ocrx_word' id='word_1_133' title='bbox 317 1120 462 1155; x_wconf 74' lang='lat' dir='ltr'><strong>cuiusnam</strong></span> <span class='ocrx_word' id='word_1_134' title='bbox 477 1125 553 1148; x_wconf 84' lang='lat' dir='ltr'><strong>esset</strong></span> <span class='ocrx_word' id='word_1_135' title='bbox 567 1122 666 1155; x_wconf 86' lang='lat' dir='ltr'><strong>tribus,</strong></span> <span class='ocrx_word' id='word_1_136' title='bbox 683 1126 731 1149; x_wconf 85' lang='lat' dir='ltr'><strong>aut</strong></span> <span class='ocrx_word' id='word_1_137' title='bbox 744 1130 799 1157; x_wconf 88' lang='lat' dir='ltr'><strong>quo</strong></span> <span class='ocrx_word' id='word_1_138' title='bbox 815 1127 893 1158; x_wconf 83' lang='lat' dir='ltr'><strong>patre</strong></span> <span class='ocrx_word' id='word_1_139' title='bbox 916 1131 959 1151; x_wconf 88' lang='lat' dir='ltr'><strong>sa—</strong></span> 
     </span>
    </p>
   </div>
   <div class='ocr_carea' id='block_1_23' title="bbox 173 1164 958 1201">
    <p class='ocr_par' dir='ltr' id='par_1_23' title="bbox 173 1164 958 1201">
     <span class='ocr_line' id='line_1_23' title="bbox 173 1164 958 1201; baseline 0.008 -11"><span class='ocrx_word' id='word_1_140' title='bbox 173 1168 218 1191; x_wconf 87' lang='lat' dir='ltr'><strong>tus</strong></span> <span class='ocrx_word' id='word_1_141' title='bbox 241 1164 416 1198; x_wconf 89' lang='lat' dir='ltr'><strong>diguosceret</strong></span> <span class='ocrx_word' id='word_1_142' title='bbox 431 1174 447 1201; x_wconf 92' lang='lat'><strong>:_</strong></span> <span class='ocrx_word' id='word_1_143' title='bbox 462 1166 554 1194; x_wconf 86' lang='lat' dir='ltr'><strong>omnia</strong></span> <span class='ocrx_word' id='word_1_144' title='bbox 575 1167 659 1194; x_wconf 87' lang='lat' dir='ltr'><strong>etiam</strong></span> <span class='ocrx_word' id='word_1_145' title='bbox 684 1168 833 1196; x_wconf 76' lang='lat' dir='ltr'><strong>sacerdotii</strong></span> <span class='ocrx_word' id='word_1_146' title='bbox 852 1169 958 1198; x_wconf 90' lang='lat' dir='ltr'><strong>instru-</strong></span> 
     </span>
    </p>
   </div>
   <div class='ocr_carea' id='block_1_24' title="bbox 174 1211 959 1248">
    <p class='ocr_par' dir='ltr' id='par_1_24' title="bbox 174 1211 959 1248">
     <span class='ocr_line' id='line_1_24' title="bbox 174 1211 959 1248; baseline 0.008 -12"><span class='ocrx_word' id='word_1_147' title='bbox 174 1214 264 1238; x_wconf 74' lang='lat' dir='ltr'><strong>ntenta</strong></span> <span class='ocrx_word' id='word_1_148' title='bbox 284 1211 374 1239; x_wconf 87' lang='lat' dir='ltr'><strong>ablata</strong></span> <span class='ocrx_word' id='word_1_149' title='bbox 391 1212 534 1245; x_wconf 86' lang='lat' dir='ltr'><strong>vendidit,</strong></span> <span class='ocrx_word' id='word_1_150' title='bbox 553 1217 696 1248; x_wconf 83' lang='lat' dir='ltr'><strong>vestesque</strong></span> <span class='ocrx_word' id='word_1_151' title='bbox 712 1214 886 1242; x_wconf 88' lang='lat' dir='ltr'><strong>sacerdotqu</strong></span> <span class='ocrx_word' id='word_1_152' title='bbox 911 1222 959 1242; x_wconf 82' lang='lat' dir='ltr'><strong>an-</strong></span> 
     </span>
    </p>
   </div>
   <div class='ocr_carea' id='block_1_25' title="bbox 173 1256 957 1294">
    <p class='ocr_par' dir='ltr' id='par_1_25' title="bbox 173 1256 957 1294">
     <span class='ocr_line' id='line_1_25' title="bbox 173 1256 957 1294; baseline 0.006 -12"><span class='ocrx_word' id='word_1_153' title='bbox 173 1256 238 1284; x_wconf 92' lang='lat' dir='ltr'><strong>nulo</strong></span> <span class='ocrx_word' id='word_1_154' title='bbox 262 1264 313 1284; x_wconf 92' lang='lat' dir='ltr'><strong>suo</strong></span> <span class='ocrx_word' id='word_1_155' title='bbox 342 1258 482 1293; x_wconf 73' lang='lat' dir='ltr'><strong>signavit;</strong></span> <span class='ocrx_word' id='word_1_156' title='bbox 509 1259 576 1293; x_wconf 91' lang='lat' dir='ltr'><strong>quin</strong></span> <span class='ocrx_word' id='word_1_157' title='bbox 600 1263 629 1286; x_wconf 87' lang='lat' dir='ltr'><strong>et</strong></span> <span class='ocrx_word' id='word_1_158' title='bbox 654 1260 745 1294; x_wconf 89' lang='lat' dir='ltr'><strong>ipsum</strong></span> <span class='ocrx_word' id='word_1_159' title='bbox 771 1260 957 1289; x_wconf 82' lang='lat' dir='ltr'><strong>sacerdotium</strong></span> 
     </span>
    </p>
   </div>
   <div class='ocr_carea' id='block_1_26' title="bbox 174 1302 959 1339">
    <p class='ocr_par' dir='ltr' id='par_1_26' title="bbox 174 1302 959 1339">
     <span class='ocr_line' id='line_1_26' title="bbox 174 1302 959 1339; baseline 0.008 -12"><span class='ocrx_word' id='word_1_160' title='bbox 174 1302 267 1329; x_wconf 76' lang='lat' dir='ltr'><strong>venale</strong></span> <span class='ocrx_word' id='word_1_161' title='bbox 290 1302 397 1335; x_wconf 83' lang='lat' dir='ltr'><strong>habuit,</strong></span> <span class='ocrx_word' id='word_1_162' title='bbox 419 1303 488 1331; x_wconf 89' lang='lat' dir='ltr'><strong>adeo</strong></span> <span class='ocrx_word' id='word_1_163' title='bbox 512 1308 542 1331; x_wconf 93' lang='lat' dir='ltr'><strong>ut</strong></span> <span class='ocrx_word' id='word_1_164' title='bbox 557 1312 620 1331; x_wconf 89' lang='lat' dir='ltr'><strong>cum</strong></span> <span class='ocrx_word' id='word_1_165' title='bbox 638 1304 761 1339; x_wconf 84' lang='lat' dir='ltr'><strong>ipsorum</strong></span> <span class='ocrx_word' id='word_1_166' title='bbox 781 1304 843 1339; x_wconf 87' lang='lat' dir='ltr'><strong>quis</strong></span> <span class='ocrx_word' id='word_1_167' title='bbox 867 1312 959 1333; x_wconf 89' lang='lat' dir='ltr'><strong>sacer-</strong></span> 
     </span>
    </p>
   </div>
   <div class='ocr_carea' id='block_1_27' title="bbox 173 1346 958 1384">
    <p class='ocr_par' dir='ltr' id='par_1_27' title="bbox 173 1346 958 1384">
     <span class='ocr_line' id='line_1_27' title="bbox 173 1346 958 1384; baseline 0.006 -12"><span class='ocrx_word' id='word_1_168' title='bbox 173 1346 264 1373; x_wconf 87' lang='lat' dir='ltr'><strong>dotem</strong></span> <span class='ocrx_word' id='word_1_169' title='bbox 287 1353 317 1373; x_wconf 92' lang='lat' dir='ltr'><strong>sc</strong></span> <span class='ocrx_word' id='word_1_170' title='bbox 339 1347 397 1374; x_wconf 90' lang='lat' dir='ltr'><strong>lieri</strong></span> <span class='ocrx_word' id='word_1_171' title='bbox 424 1347 518 1380; x_wconf 83' lang='lat' dir='ltr'><strong>vellet,</strong></span> <span class='ocrx_word' id='word_1_172' title='bbox 549 1355 603 1375; x_wconf 89' lang='lat' dir='ltr'><strong>non</strong></span> <span class='ocrx_word' id='word_1_173' title='bbox 631 1347 685 1376; x_wconf 89' lang='lat' dir='ltr'><strong>nisi</strong></span> <span class='ocrx_word' id='word_1_174' title='bbox 708 1355 807 1383; x_wconf 88' lang='lat' dir='ltr'><strong>magna</strong></span> <span class='ocrx_word' id='word_1_175' title='bbox 836 1349 958 1384; x_wconf 71' lang='lat' dir='ltr'><strong>pecunia:</strong></span> 
     </span>
    </p>
   </div>
   <div class='ocr_carea' id='block_1_28' title="bbox 175 1392 958 1428">
    <p class='ocr_par' dir='ltr' id='par_1_28' title="bbox 175 1392 958 1428">
     <span class='ocr_line' id='line_1_28' title="bbox 175 1392 958 1428; baseline 0.003 -9"><span class='ocrx_word' id='word_1_176' title='bbox 175 1399 282 1419; x_wconf 88' lang='lat' dir='ltr'><strong>summa</strong></span> <span class='ocrx_word' id='word_1_177' title='bbox 304 1392 380 1426; x_wconf 90' lang='lat' dir='ltr'><strong>prius</strong></span> <span class='ocrx_word' id='word_1_178' title='bbox 400 1398 510 1428; x_wconf 83' lang='lat' dir='ltr'><strong>accepta</strong></span> <span class='ocrx_word' id='word_1_179' title='bbox 533 1401 632 1421; x_wconf 90' lang='lat' dir='ltr'><strong>munus</strong></span> <span class='ocrx_word' id='word_1_180' title='bbox 654 1393 721 1420; x_wconf 91' lang='lat' dir='ltr'><strong>illud</strong></span> <span class='ocrx_word' id='word_1_181' title='bbox 738 1393 765 1421; x_wconf 91' lang='lat' dir='ltr'><strong>in</strong></span> <span class='ocrx_word' id='word_1_182' title='bbox 786 1394 874 1428; x_wconf 87' lang='lat' dir='ltr'><strong>ipsum</strong></span> <span class='ocrx_word' id='word_1_183' title='bbox 890 1402 958 1422; x_wconf 91' lang='lat' dir='ltr'><strong>con-</strong></span> 
     </span>
    </p>
   </div>
   <div class='ocr_carea' id='block_1_29' title="bbox 175 1437 960 1475">
    <p class='ocr_par' dir='ltr' id='par_1_29' title="bbox 175 1437 960 1475">
     <span class='ocr_line' id='line_1_29' title="bbox 175 1437 960 1475; baseline 0.004 -11"><span class='ocrx_word' id='word_1_184' title='bbox 175 1437 280 1465; x_wconf 79' lang='lat' dir='ltr'><strong>ferret:</strong></span> <span class='ocrx_word' id='word_1_185' title='bbox 309 1439 484 1474; x_wconf 85' lang='lat' dir='ltr'><strong>pessimeque</strong></span> <span class='ocrx_word' id='word_1_186' title='bbox 510 1446 542 1467; x_wconf 87' lang='lat' dir='ltr'><strong>ac</strong></span> <span class='ocrx_word' id='word_1_187' title='bbox 567 1439 661 1474; x_wconf 88' lang='lat' dir='ltr'><strong>inique</strong></span> <span class='ocrx_word' id='word_1_188' title='bbox 692 1446 722 1467; x_wconf 86' lang='lat' dir='ltr'><strong>se</strong></span> <span class='ocrx_word' id='word_1_189' title='bbox 748 1439 776 1467; x_wconf 92' lang='lat' dir='ltr'><strong>in</strong></span> <span class='ocrx_word' id='word_1_190' title='bbox 797 1446 882 1475; x_wconf 86' lang='lat' dir='ltr'><strong>regno</strong></span> <span class='ocrx_word' id='word_1_191' title='bbox 908 1447 960 1468; x_wconf 90' lang='lat' dir='ltr'><strong>suo</strong></span> 
     </span>
    </p>
   </div>
   <div class='ocr_carea' id='block_1_30' title="bbox 172 1484 269 1518">
    <p class='ocr_par' dir='ltr' id='par_1_30' title="bbox 172 1484 269 1518">
     <span class='ocr_line' id='line_1_30' title="bbox 172 1484 269 1518; baseline 0.021 -8"><span class='ocrx_word' id='word_1_192' title='bbox 172 1484 269 1518; x_wconf 81' lang='lat' dir='ltr'><strong>gessit.</strong></span> 
     </span>
    </p>
   </div>
   <div class='ocr_carea' id='block_1_31' title="bbox 209 1528 959 1569">
    <p class='ocr_par' dir='ltr' id='par_1_31' title="bbox 209 1528 959 1569">
     <span class='ocr_line' id='line_1_31' title="bbox 209 1528 959 1569; baseline 0.007 -13"><span class='ocrx_word' id='word_1_193' title='bbox 209 1528 292 1557; x_wconf 90' lang='lat' dir='ltr'><strong>Porro</strong></span> <span class='ocrx_word' id='word_1_194' title='bbox 308 1537 380 1558; x_wconf 89' lang='lat' dir='ltr'><strong>anno</strong></span> <span class='ocrx_word' id='word_1_195' title='bbox 400 1531 508 1566; x_wconf 88' lang='lat' dir='ltr'><strong>imperii</strong></span> <span class='ocrx_word' id='word_1_196' title='bbox 534 1532 652 1567; x_wconf 88' lang='lat' dir='ltr'><strong>Augusti</strong></span> <span class='ocrx_word' id='word_1_197' title='bbox 669 1532 786 1560; x_wconf 75' lang='lat' dir='ltr'><strong>Caesaris</strong></span> <span class='ocrx_word' id='word_1_198' title='bbox 807 1533 959 1569; x_wconf 85' lang='lat' dir='ltr'><strong>quadrage-</strong></span> 
     </span>
    </p>
   </div>
   <div class='ocr_carea' id='block_1_32' title="bbox 174 1575 959 1614">
    <p class='ocr_par' dir='ltr' id='par_1_32' title="bbox 174 1575 959 1614">
     <span class='ocr_line' id='line_1_32' title="bbox 174 1575 959 1614; baseline 0.008 -13"><span class='ocrx_word' id='word_1_199' title='bbox 174 1575 246 1603; x_wconf 88' lang='lat' dir='ltr'><strong>simo</strong></span> <span class='ocrx_word' id='word_1_200' title='bbox 273 1576 375 1610; x_wconf 89' lang='lat' dir='ltr'><strong>prodiit</strong></span> <span class='ocrx_word' id='word_1_201' title='bbox 396 1577 431 1605; x_wconf 89' lang='lat' dir='ltr'><strong>ab</strong></span> <span class='ocrx_word' id='word_1_202' title='bbox 449 1579 510 1613; x_wconf 85' lang='lat' dir='ltr'><strong>ipso</strong></span> <span class='ocrx_word' id='word_1_203' title='bbox 538 1578 657 1606; x_wconf 86' lang='lat' dir='ltr'><strong>edictum</strong></span> <span class='ocrx_word' id='word_1_204' title='bbox 682 1583 712 1606; x_wconf 92' lang='lat' dir='ltr'><strong>ut</strong></span> <span class='ocrx_word' id='word_1_205' title='bbox 736 1578 858 1607; x_wconf 92' lang='lat' dir='ltr'><strong>omnium</strong></span> <span class='ocrx_word' id='word_1_206' title='bbox 874 1586 959 1614; x_wconf 89' lang='lat' dir='ltr'><strong>regno</strong></span> 
     </span>
    </p>
   </div>
   <div class='ocr_carea' id='block_1_33' title="bbox 173 1623 957 1661">
    <p class='ocr_par' dir='ltr' id='par_1_33' title="bbox 173 1623 957 1661">
     <span class='ocr_line' id='line_1_33' title="bbox 173 1623 957 1661; baseline 0.006 -12"><span class='ocrx_word' id='word_1_207' title='bbox 173 1623 260 1657; x_wconf 86' lang='lat' dir='ltr'><strong>ipsius</strong></span> <span class='ocrx_word' id='word_1_208' title='bbox 276 1630 324 1658; x_wconf 87' lang='lat' dir='ltr'><strong>per</strong></span> <span class='ocrx_word' id='word_1_209' title='bbox 338 1627 425 1651; x_wconf 91' lang='lat' dir='ltr'><strong>totum</strong></span> <span class='ocrx_word' id='word_1_210' title='bbox 442 1625 534 1652; x_wconf 89' lang='lat' dir='ltr'><strong>orbem</strong></span> <span class='ocrx_word' id='word_1_211' title='bbox 550 1624 748 1661; x_wconf 80' lang='lat' dir='ltr'><strong>[subditorum]</strong></span> <span class='ocrx_word' id='word_1_212' title='bbox 768 1627 957 1656; x_wconf 87' lang='lat' dir='ltr'><strong>describeren-</strong></span> 
     </span>
    </p>
   </div>
   <div class='ocr_carea' id='block_1_34' title="bbox 175 1665 958 1706">
    <p class='ocr_par' dir='ltr' id='par_1_34' title="bbox 175 1665 958 1706">
     <span class='ocr_line' id='line_1_34' title="bbox 175 1665 958 1706; baseline 0.006 -10"><span class='ocrx_word' id='word_1_213' title='bbox 175 1665 221 1696; x_wconf 86' lang='lat' dir='ltr'><strong>tur</strong></span> <span class='ocrx_word' id='word_1_214' title='bbox 243 1670 366 1700; x_wconf 87' lang='lat' dir='ltr'><strong>nomina,</strong></span> <span class='ocrx_word' id='word_1_215' title='bbox 380 1669 501 1697; x_wconf 90' lang='lat' dir='ltr'><strong>virorum</strong></span> <span class='ocrx_word' id='word_1_216' title='bbox 520 1671 655 1706; x_wconf 86' lang='lat' dir='ltr'><strong>(inquam)</strong></span> <span class='ocrx_word' id='word_1_217' title='bbox 676 1678 738 1698; x_wconf 88' lang='lat' dir='ltr'><strong>cum</strong></span> <span class='ocrx_word' id='word_1_218' title='bbox 755 1673 886 1701; x_wconf 78' lang='lat' dir='ltr'><strong>uxoribus</strong></span> <span class='ocrx_word' id='word_1_219' title='bbox 900 1674 958 1701; x_wconf 90' lang='lat' dir='ltr'><strong>suis</strong></span> 
     </span>
    </p>
   </div>
   <div class='ocr_carea' id='block_1_35' title="bbox 173 1715 960 1750">
    <p class='ocr_par' dir='ltr' id='par_1_35' title="bbox 173 1715 960 1750">
     <span class='ocr_line' id='line_1_35' title="bbox 173 1715 960 1750; baseline 0.006 -9"><span class='ocrx_word' id='word_1_220' title='bbox 173 1715 281 1749; x_wconf 80' lang='lat' dir='ltr'><strong>(quales</strong></span> <span class='ocrx_word' id='word_1_221' title='bbox 293 1715 358 1742; x_wconf 90' lang='lat' dir='ltr'><strong>olim</strong></span> <span class='ocrx_word' id='word_1_222' title='bbox 372 1723 472 1743; x_wconf 89' lang='lat' dir='ltr'><strong>census</strong></span> <span class='ocrx_word' id='word_1_223' title='bbox 485 1716 694 1750; x_wconf 84' lang='lat' dir='ltr'><strong>condebantur),</strong></span> <span class='ocrx_word' id='word_1_224' title='bbox 706 1721 736 1744; x_wconf 91' lang='lat' dir='ltr'><strong>ut</strong></span> <span class='ocrx_word' id='word_1_225' title='bbox 750 1725 845 1745; x_wconf 92' lang='lat' dir='ltr'><strong>eorum</strong></span> <span class='ocrx_word' id='word_1_226' title='bbox 864 1725 960 1746; x_wconf 91' lang='lat' dir='ltr'><strong>nume-</strong></span> 
     </span>
    </p>
   </div>
   <div class='ocr_carea' id='block_1_36' title="bbox 173 1762 957 1796">
    <p class='ocr_par' dir='ltr' id='par_1_36' title="bbox 173 1762 957 1796">
     <span class='ocr_line' id='line_1_36' title="bbox 173 1762 957 1796; baseline 0.004 -8"><span class='ocrx_word' id='word_1_227' title='bbox 173 1769 234 1788; x_wconf 91' lang='lat' dir='ltr'><strong>rum</strong></span> <span class='ocrx_word' id='word_1_228' title='bbox 257 1766 424 1789; x_wconf 83' lang='lat' dir='ltr'><strong>recenseret.</strong></span> <span class='ocrx_word' id='word_1_229' title='bbox 444 1762 600 1796; x_wconf 79' lang='lat' dir='ltr'><strong>Misit&#39;ergo</strong></span> <span class='ocrx_word' id='word_1_230' title='bbox 614 1770 676 1791; x_wconf 89' lang='lat' dir='ltr'><strong>cum</strong></span> <span class='ocrx_word' id='word_1_231' title='bbox 697 1763 796 1791; x_wconf 83' lang='lat' dir='ltr'><strong>scribis</strong></span> <span class='ocrx_word' id='word_1_232' title='bbox 818 1763 915 1792; x_wconf 90' lang='lat' dir='ltr'><strong>ducem</strong></span> <span class='ocrx_word' id='word_1_233' title='bbox 941 1771 957 1791; x_wconf 93' lang='lat' dir='ltr'><strong>e</strong></span> 
     </span>
    </p>
   </div>
   <div class='ocr_carea' id='block_1_37' title="bbox 173 1807 958 1845">
    <p class='ocr_par' dir='ltr' id='par_1_37' title="bbox 173 1807 958 1845">
     <span class='ocr_line' id='line_1_37' title="bbox 173 1807 958 1845; baseline 0.004 -11"><span class='ocrx_word' id='word_1_234' title='bbox 173 1807 231 1834; x_wconf 89' lang='lat' dir='ltr'><strong>suis</strong></span> <span class='ocrx_word' id='word_1_235' title='bbox 246 1807 392 1841; x_wconf 85' lang='lat' dir='ltr'><strong>quemdam</strong></span> <span class='ocrx_word' id='word_1_236' title='bbox 410 1807 521 1835; x_wconf 91' lang='lat' dir='ltr'><strong>nomine</strong></span> <span class='ocrx_word' id='word_1_237' title='bbox 536 1807 703 1843; x_wconf 84' lang='lat' dir='ltr'><strong>Cyrenium,</strong></span> <span class='ocrx_word' id='word_1_238' title='bbox 727 1816 808 1843; x_wconf 87' lang='lat' dir='ltr'><strong>quem</strong></span> <span class='ocrx_word' id='word_1_239' title='bbox 826 1808 911 1845; x_wconf 63' lang='lat' dir='ltr'><strong>Syriae</strong></span> <span class='ocrx_word' id='word_1_240' title='bbox 926 1817 958 1838; x_wconf 86' lang='lat' dir='ltr'><strong>ac</strong></span> 
     </span>
    </p>
   </div>
   <div class='ocr_carea' id='block_1_38' title="bbox 173 1851 959 1889">
    <p class='ocr_par' dir='ltr' id='par_1_38' title="bbox 173 1851 959 1889">
     <span class='ocr_line' id='line_1_38' title="bbox 173 1851 959 1889; baseline 0.004 -11"><span class='ocrx_word' id='word_1_241' title='bbox 173 1851 274 1878; x_wconf 61' lang='lat' dir='ltr'><strong>Iudaea:</strong></span> <span class='ocrx_word' id='word_1_242' title='bbox 296 1852 428 1887; x_wconf 75' lang='lat' dir='ltr'><strong>praefecit.</strong></span> <span class='ocrx_word' id='word_1_243' title='bbox 444 1852 522 1880; x_wconf 90' lang='lat' dir='ltr'><strong>Anno</strong></span> <span class='ocrx_word' id='word_1_244' title='bbox 538 1857 628 1880; x_wconf 88' lang='lat' dir='ltr'><strong>autem</strong></span> <span class='ocrx_word' id='word_1_245' title='bbox 653 1853 760 1888; x_wconf 90' lang='lat' dir='ltr'><strong>imperii</strong></span> <span class='ocrx_word' id='word_1_246' title='bbox 783 1854 868 1888; x_wconf 86' lang='lat' dir='ltr'><strong>ipsius</strong></span> <span class='ocrx_word' id='word_1_247' title='bbox 891 1862 959 1889; x_wconf 88' lang='lat' dir='ltr'><strong>qua-</strong></span> 
     </span>
    </p>
   </div>
   <div class='ocr_carea' id='block_1_39' title="bbox 173 1896 961 1933">
    <p class='ocr_par' dir='ltr' id='par_1_39' title="bbox 173 1896 961 1933">
     <span class='ocr_line' id='line_1_39' title="bbox 173 1896 961 1933; baseline 0.006 -10"><span class='ocrx_word' id='word_1_248' title='bbox 173 1896 331 1932; x_wconf 87' lang='lat' dir='ltr'><strong>dragesimo</strong></span> <span class='ocrx_word' id='word_1_249' title='bbox 357 1899 450 1933; x_wconf 89' lang='lat' dir='ltr'><strong>primo</strong></span> <span class='ocrx_word' id='word_1_250' title='bbox 470 1899 580 1926; x_wconf 87' lang='lat' dir='ltr'><strong>allatqu</strong></span> <span class='ocrx_word' id='word_1_251' title='bbox 596 1903 641 1927; x_wconf 87' lang='lat' dir='ltr'><strong>est</strong></span> <span class='ocrx_word' id='word_1_252' title='bbox 658 1898 780 1927; x_wconf 52' lang='lat' dir='ltr'><strong>Dominae.</strong></span> <span class='ocrx_word' id='word_1_253' title='bbox 796 1900 887 1928; x_wconf 66' lang='lat' dir='ltr'><strong>Maria;</strong></span> <span class='ocrx_word' id='word_1_254' title='bbox 899 1901 961 1928; x_wconf 81' lang='lat' dir='ltr'><strong>Vir-</strong></span> 
     </span>
    </p>
   </div>
   <div class='ocr_carea' id='block_1_40' title="bbox 173 1943 959 1977">
    <p class='ocr_par' dir='ltr' id='par_1_40' title="bbox 173 1943 959 1977">
     <span class='ocr_line' id='line_1_40' title="bbox 173 1943 959 1977; baseline 0.005 -8"><span class='ocrx_word' id='word_1_255' title='bbox 173 1943 230 1977; x_wconf 83' lang='lat' dir='ltr'><strong>gini</strong></span> <span class='ocrx_word' id='word_1_256' title='bbox 257 1951 332 1977; x_wconf 69' lang='lat' dir='ltr'><strong>purae</strong></span> <span class='ocrx_word' id='word_1_257' title='bbox 358 1944 469 1975; x_wconf 67' lang='lat' dir='ltr'><strong>illibatae</strong></span> <span class='ocrx_word' id='word_1_258' title='bbox 492 1944 620 1971; x_wconf 92' lang='lat' dir='ltr'><strong>nuntium</strong></span> <span class='ocrx_word' id='word_1_259' title='bbox 640 1945 674 1972; x_wconf 90' lang='lat' dir='ltr'><strong>de</strong></span> <span class='ocrx_word' id='word_1_260' title='bbox 699 1945 815 1972; x_wconf 82' lang='lat' dir='ltr'><strong>Domino</strong></span> <span class='ocrx_word' id='word_1_261' title='bbox 843 1945 959 1976; x_wconf 80' lang='lat' dir='ltr'><strong>Messia:</strong></span> 
     </span>
    </p>
   </div>
   <div class='ocr_carea' id='block_1_41' title="bbox 175 1989 960 2027">
    <p class='ocr_par' dir='ltr' id='par_1_41' title="bbox 175 1989 960 2027">
     <span class='ocr_line' id='line_1_41' title="bbox 175 1989 960 2027; baseline 0.005 -12"><span class='ocrx_word' id='word_1_262' title='bbox 175 1996 301 2023; x_wconf 91' lang='lat' dir='ltr'><strong>annoque</strong></span> <span class='ocrx_word' id='word_1_263' title='bbox 329 1989 435 2024; x_wconf 88' lang='lat' dir='ltr'><strong>imperii</strong></span> <span class='ocrx_word' id='word_1_264' title='bbox 465 1989 582 2025; x_wconf 76' lang='lat' dir='ltr'><strong>Augusti</strong></span> <span class='ocrx_word' id='word_1_265' title='bbox 605 1990 724 2018; x_wconf 83' lang='lat' dir='ltr'><strong>Caesaris</strong></span> <span class='ocrx_word' id='word_1_266' title='bbox 751 1992 960 2027; x_wconf 85' lang='lat' dir='ltr'><strong>quadragesimo</strong></span> 
     </span>
    </p>
   </div>
   <div class='ocr_carea' id='block_1_42' title="bbox 175 2033 960 2074">
    <p class='ocr_par' dir='ltr' id='par_1_42' title="bbox 175 2033 960 2074">
     <span class='ocr_line' id='line_1_42' title="bbox 175 2033 960 2074; baseline 0.006 -14"><span class='ocrx_word' id='word_1_267' title='bbox 175 2034 308 2066; x_wconf 80' lang='lat' dir='ltr'><strong>secundo,</strong></span> <span class='ocrx_word' id='word_1_268' title='bbox 323 2038 350 2061; x_wconf 90' lang='lat' dir='ltr'><strong>et</strong></span> <span class='ocrx_word' id='word_1_269' title='bbox 367 2034 442 2068; x_wconf 88' lang='lat' dir='ltr'><strong>regni</strong></span> <span class='ocrx_word' id='word_1_270' title='bbox 464 2033 597 2067; x_wconf 83' lang='lat' dir='ltr'><strong>Herodis,</strong></span> <span class='ocrx_word' id='word_1_271' title='bbox 613 2036 751 2070; x_wconf 77' lang='lat' dir='ltr'><strong>Antipatri</strong></span> <span class='ocrx_word' id='word_1_272' title='bbox 772 2036 833 2069; x_wconf 78' lang='lat' dir='ltr'><strong>lilii,</strong></span> <span class='ocrx_word' id='word_1_273' title='bbox 858 2038 885 2064; x_wconf 90' lang='lat' dir='ltr'><strong>in</strong></span> <span class='ocrx_word' id='word_1_274' title='bbox 908 2037 960 2074; x_wconf 85' lang='lat' dir='ltr'><strong>Sy-</strong></span> 
     </span>
    </p>
   </div>
   <div class='ocr_carea' id='block_1_43' title="bbox 176 2077 959 2116">
    <p class='ocr_par' dir='ltr' id='par_1_43' title="bbox 176 2077 959 2116">
     <span class='ocr_line' id='line_1_43' title="bbox 176 2077 959 2116; baseline 0.008 -13"><span class='ocrx_word' id='word_1_275' title='bbox 176 2077 243 2104; x_wconf 87' lang='lat' dir='ltr'><strong>riam</strong></span> <span class='ocrx_word' id='word_1_276' title='bbox 259 2077 399 2104; x_wconf 88' lang='lat' dir='ltr'><strong>tricesimo</strong></span> <span class='ocrx_word' id='word_1_277' title='bbox 414 2078 495 2106; x_wconf 89' lang='lat' dir='ltr'><strong>tertio</strong></span> <span class='ocrx_word' id='word_1_278' title='bbox 512 2078 565 2114; x_wconf 83' lang='lat' dir='ltr'><strong>[vel</strong></span> <span class='ocrx_word' id='word_1_279' title='bbox 581 2078 658 2113; x_wconf 86' lang='lat' dir='ltr'><strong>juxta</strong></span> <span class='ocrx_word' id='word_1_280' title='bbox 675 2080 749 2107; x_wconf 88' lang='lat' dir='ltr'><strong>aliud</strong></span> <span class='ocrx_word' id='word_1_281' title='bbox 763 2081 915 2116; x_wconf 79' lang='lat' dir='ltr'><strong>exemplar,</strong></span> <span class='ocrx_word' id='word_1_282' title='bbox 932 2082 959 2110; x_wconf 89' lang='lat' dir='ltr'><strong>in</strong></span> 
     </span>
    </p>
   </div>
   <div class='ocr_carea' id='block_1_44' title="bbox 175 2122 961 2158">
    <p class='ocr_par' dir='ltr' id='par_1_44' title="bbox 175 2122 961 2158">
     <span class='ocr_line' id='line_1_44' title="bbox 175 2122 961 2158; baseline 0.009 -11"><span class='ocrx_word' id='word_1_283' title='bbox 175 2126 275 2149; x_wconf 89' lang='lat' dir='ltr'><strong>terram</strong></span> <span class='ocrx_word' id='word_1_284' title='bbox 292 2122 495 2158; x_wconf 81' lang='lat' dir='ltr'><strong>lsraeliticam],</strong></span> <span class='ocrx_word' id='word_1_285' title='bbox 522 2127 602 2151; x_wconf 89' lang='lat' dir='ltr'><strong>natus</strong></span> <span class='ocrx_word' id='word_1_286' title='bbox 635 2129 677 2151; x_wconf 89' lang='lat' dir='ltr'><strong>est</strong></span> <span class='ocrx_word' id='word_1_287' title='bbox 704 2124 837 2152; x_wconf 91' lang='lat' dir='ltr'><strong>Dominus</strong></span> <span class='ocrx_word' id='word_1_288' title='bbox 866 2130 961 2154; x_wconf 90' lang='lat' dir='ltr'><strong>noster</strong></span> 
     </span>
    </p>
   </div>
   <div class='ocr_carea' id='block_1_45' title="bbox 176 2167 958 2207">
    <p class='ocr_par' dir='ltr' id='par_1_45' title="bbox 176 2167 958 2207">
     <span class='ocr_line' id='line_1_45' title="bbox 176 2167 958 2207; baseline 0.005 -13"><span class='ocrx_word' id='word_1_289' title='bbox 176 2167 303 2195; x_wconf 82' lang='lat' dir='ltr'><strong>Christus</strong></span> <span class='ocrx_word' id='word_1_290' title='bbox 326 2167 369 2194; x_wconf 90' lang='lat' dir='ltr'><strong>die</strong></span> <span class='ocrx_word' id='word_1_291' title='bbox 391 2167 486 2195; x_wconf 86' lang='lat' dir='ltr'><strong>Canun</strong></span> <span class='ocrx_word' id='word_1_292' title='bbox 515 2168 596 2202; x_wconf 90' lang='lat' dir='ltr'><strong>primi</strong></span> <span class='ocrx_word' id='word_1_293' title='bbox 621 2169 754 2197; x_wconf 90' lang='lat' dir='ltr'><strong>vicesimo</strong></span> <span class='ocrx_word' id='word_1_294' title='bbox 784 2170 958 2207; x_wconf 77' lang='lat'><strong>309-311</strong></span> 
     </span>
    </p>
   </div>
   <div class='ocr_carea' id='block_1_46' title="bbox 175 2212 961 2246">
    <p class='ocr_par' dir='ltr' id='par_1_46' title="bbox 175 2212 961 2246">
     <span class='ocr_line' id='line_1_46' title="bbox 175 2212 961 2246; baseline 0.005 -6"><span class='ocrx_word' id='word_1_295' title='bbox 175 2213 284 2246; x_wconf 84' lang='lat' dir='ltr'><strong>quinto,</strong></span> <span class='ocrx_word' id='word_1_296' title='bbox 305 2212 406 2239; x_wconf 88' lang='lat' dir='ltr'><strong>Cahaci</strong></span> <span class='ocrx_word' id='word_1_297' title='bbox 428 2212 559 2240; x_wconf 80' lang='lat' dir='ltr'><strong>vicesimo</strong></span> <span class='ocrx_word' id='word_1_298' title='bbox 584 2221 668 2241; x_wconf 94' lang='lat' dir='ltr'><strong>nono.</strong></span> <span class='ocrx_word' id='word_1_299' title='bbox 688 2214 729 2241; x_wconf 91' lang='lat' dir='ltr'><strong>Ad</strong></span> <span class='ocrx_word' id='word_1_300' title='bbox 745 2214 886 2243; x_wconf 83' lang='lat' dir='ltr'><strong>Christum</strong></span> <span class='ocrx_word' id='word_1_301' title='bbox 913 2225 961 2244; x_wconf 91' lang='lat' dir='ltr'><strong>au-</strong></span> 
     </span>
    </p>
   </div>
   <div class='ocr_carea' id='block_1_47' title="bbox 175 2257 962 2294">
    <p class='ocr_par' dir='ltr' id='par_1_47' title="bbox 175 2257 962 2294">
     <span class='ocr_line' id='line_1_47' title="bbox 175 2257 962 2294; baseline 0.008 -10"><span class='ocrx_word' id='word_1_302' title='bbox 175 2264 230 2285; x_wconf 85' lang='lat' dir='ltr'><strong>tem</strong></span> <span class='ocrx_word' id='word_1_303' title='bbox 252 2262 346 2285; x_wconf 89' lang='lat' dir='ltr'><strong>natum</strong></span> <span class='ocrx_word' id='word_1_304' title='bbox 360 2265 375 2284; x_wconf 92' lang='lat' dir='ltr'><strong>a</strong></span> <span class='ocrx_word' id='word_1_305' title='bbox 402 2257 455 2285; x_wconf 81' lang='lat' dir='ltr'><strong>line</strong></span> <span class='ocrx_word' id='word_1_306' title='bbox 480 2258 555 2293; x_wconf 88' lang='lat' dir='ltr'><strong>regni</strong></span> <span class='ocrx_word' id='word_1_307' title='bbox 580 2259 731 2294; x_wconf 80' lang='lat' dir='ltr'><strong>Cleopatrae</strong></span> <span class='ocrx_word' id='word_1_308' title='bbox 751 2261 814 2288; x_wconf 90' lang='lat' dir='ltr'><strong>anni</strong></span> <span class='ocrx_word' id='word_1_309' title='bbox 830 2267 893 2289; x_wconf 91' lang='lat' dir='ltr'><strong>sunt</strong></span> <span class='ocrx_word' id='word_1_310' title='bbox 913 2262 962 2290; x_wconf 90' lang='lat' dir='ltr'><strong>tri-</strong></span> 
     </span>
    </p>
   </div>
   <div class='ocr_carea' id='block_1_48' title="bbox 1008 347 1793 385">
    <p class='ocr_par' dir='ltr' id='par_1_48' title="bbox 1008 347 1793 385">
     <span class='ocr_line' id='line_1_48' title="bbox 1008 347 1793 385; baseline 0.006 -12"><span class='ocrx_word' id='word_1_311' title='bbox 1008 347 1229 382; x_wconf 84' lang='lat' dir='ltr'><strong>responderuut:</strong></span> <span class='ocrx_word' id='word_1_312' title='bbox 1253 348 1367 377; x_wconf 87' lang='lat' dir='ltr'><strong>Stellam</strong></span> <span class='ocrx_word' id='word_1_313' title='bbox 1386 357 1512 385; x_wconf 87' lang='lat' dir='ltr'><strong>magnam</strong></span> <span class='ocrx_word' id='word_1_314' title='bbox 1537 350 1563 377; x_wconf 94' lang='lat' dir='ltr'><strong>in</strong></span> <span class='ocrx_word' id='word_1_315' title='bbox 1586 349 1700 377; x_wconf 85' lang='lat' dir='ltr'><strong>Oriente</strong></span> <span class='ocrx_word' id='word_1_316' title='bbox 1721 358 1793 378; x_wconf 77' lang='lat' dir='ltr'><strong>cen-</strong></span> 
     </span>
    </p>
   </div>
   <div class='ocr_carea' id='block_1_49' title="bbox 1008 392 1790 431">
    <p class='ocr_par' dir='ltr' id='par_1_49' title="bbox 1008 392 1790 431">
     <span class='ocr_line' id='line_1_49' title="bbox 1008 392 1790 431; baseline 0.006 -13"><span class='ocrx_word' id='word_1_317' title='bbox 1008 392 1150 426; x_wconf 86' lang='lat' dir='ltr'><strong>speximus</strong></span> <span class='ocrx_word' id='word_1_318' title='bbox 1169 402 1230 428; x_wconf 77' lang='lat' dir='ltr'><strong>quae</strong></span> <span class='ocrx_word' id='word_1_319' title='bbox 1245 394 1375 423; x_wconf 86' lang='lat' dir='ltr'><strong>indicavit</strong></span> <span class='ocrx_word' id='word_1_320' title='bbox 1397 395 1478 423; x_wconf 91' lang='lat' dir='ltr'><strong>nobis</strong></span> <span class='ocrx_word' id='word_1_321' title='bbox 1499 400 1591 422; x_wconf 86' lang='lat' dir='ltr'><strong>natum</strong></span> <span class='ocrx_word' id='word_1_322' title='bbox 1608 403 1669 423; x_wconf 78' lang='lat' dir='ltr'><strong>esse</strong></span> <span class='ocrx_word' id='word_1_323' title='bbox 1686 395 1790 431; x_wconf 79' lang='lat' dir='ltr'><strong>Regem</strong></span> 
     </span>
    </p>
   </div>
   <div class='ocr_carea' id='block_1_50' title="bbox 1008 441 1792 476">
    <p class='ocr_par' dir='ltr' id='par_1_50' title="bbox 1008 441 1792 476">
     <span class='ocr_line' id='line_1_50' title="bbox 1008 441 1792 476; baseline 0.004 -12"><span class='ocrx_word' id='word_1_324' title='bbox 1008 445 1149 473; x_wconf 86' lang='lat' dir='ltr'><strong>magnum,</strong></span> <span class='ocrx_word' id='word_1_325' title='bbox 1169 448 1249 475; x_wconf 88' lang='lat' dir='ltr'><strong>quem</strong></span> <span class='ocrx_word' id='word_1_326' title='bbox 1272 441 1415 469; x_wconf 89' lang='lat' dir='ltr'><strong>adoratum</strong></span> <span class='ocrx_word' id='word_1_327' title='bbox 1433 442 1577 474; x_wconf 80' lang='lat' dir='ltr'><strong>venimus:</strong></span> <span class='ocrx_word' id='word_1_328' title='bbox 1598 449 1686 476; x_wconf 80' lang='lat' dir='ltr'><strong>neque</strong></span> <span class='ocrx_word' id='word_1_329' title='bbox 1708 441 1792 468; x_wconf 82' lang='lat' dir='ltr'><strong>desiit</strong></span> 
     </span>
    </p>
   </div>
   <div class='ocr_carea' id='block_1_51' title="bbox 1007 484 1789 521">
    <p class='ocr_par' dir='ltr' id='par_1_51' title="bbox 1007 484 1789 521">
     <span class='ocr_line' id='line_1_51' title="bbox 1007 484 1789 521; baseline 0.004 -11"><span class='ocrx_word' id='word_1_330' title='bbox 1007 484 1086 511; x_wconf 80' lang='lat' dir='ltr'><strong>stella</strong></span> <span class='ocrx_word' id='word_1_331' title='bbox 1100 485 1180 512; x_wconf 83' lang='lat' dir='ltr'><strong>nobis</strong></span> <span class='ocrx_word' id='word_1_332' title='bbox 1198 485 1304 519; x_wconf 72' lang='lat' dir='ltr'><strong>pra-ire,</strong></span> <span class='ocrx_word' id='word_1_333' title='bbox 1318 494 1350 514; x_wconf 83' lang='lat' dir='ltr'><strong>ac</strong></span> <span class='ocrx_word' id='word_1_334' title='bbox 1363 494 1393 514; x_wconf 89' lang='lat' dir='ltr'><strong>se</strong></span> <span class='ocrx_word' id='word_1_335' title='bbox 1407 487 1456 514; x_wconf 66' lang='lat' dir='ltr'><strong>vias</strong></span> <span class='ocrx_word' id='word_1_336' title='bbox 1471 487 1568 514; x_wconf 90' lang='lat' dir='ltr'><strong>ducem</strong></span> <span class='ocrx_word' id='word_1_337' title='bbox 1589 486 1722 521; x_wconf 78' lang='lat' dir='ltr'><strong>praebere,</strong></span> <span class='ocrx_word' id='word_1_338' title='bbox 1739 486 1789 514; x_wconf 90' lang='lat' dir='ltr'><strong>do-</strong></span> 
     </span>
    </p>
   </div>
   <div class='ocr_carea' id='block_1_52' title="bbox 1008 528 1791 566">
    <p class='ocr_par' dir='ltr' id='par_1_52' title="bbox 1008 528 1791 566">
     <span class='ocr_line' id='line_1_52' title="bbox 1008 528 1791 566; baseline 0.004 -11"><span class='ocrx_word' id='word_1_339' title='bbox 1008 536 1068 560; x_wconf 84' lang='lat' dir='ltr'><strong>nec,</strong></span> <span class='ocrx_word' id='word_1_340' title='bbox 1095 528 1140 556; x_wconf 87' lang='lat' dir='ltr'><strong>ubi</strong></span> <span class='ocrx_word' id='word_1_341' title='bbox 1172 529 1204 557; x_wconf 91' lang='lat' dir='ltr'><strong>ad</strong></span> <span class='ocrx_word' id='word_1_342' title='bbox 1229 530 1301 558; x_wconf 90' lang='lat' dir='ltr'><strong>hunc</strong></span> <span class='ocrx_word' id='word_1_343' title='bbox 1321 530 1410 558; x_wconf 90' lang='lat' dir='ltr'><strong>locum</strong></span> <span class='ocrx_word' id='word_1_344' title='bbox 1436 530 1628 566; x_wconf 83' lang='lat' dir='ltr'><strong>pervenimus,</strong></span> <span class='ocrx_word' id='word_1_345' title='bbox 1652 538 1681 557; x_wconf 90' lang='lat' dir='ltr'><strong>se</strong></span> <span class='ocrx_word' id='word_1_346' title='bbox 1711 530 1791 558; x_wconf 80' lang='lat' dir='ltr'><strong>nobis</strong></span> 
     </span>
    </p>
   </div>
   <div class='ocr_carea' id='block_1_53' title="bbox 1010 574 1788 611">
    <p class='ocr_par' dir='ltr' id='par_1_53' title="bbox 1010 574 1788 611">
     <span class='ocr_line' id='line_1_53' title="bbox 1010 574 1788 611; baseline 0.001 -10"><span class='ocrx_word' id='word_1_347' title='bbox 1010 574 1182 603; x_wconf 83' lang='lat' dir='ltr'><strong>subduxerit.</strong></span> <span class='ocrx_word' id='word_1_348' title='bbox 1199 575 1313 609; x_wconf 77' lang='lat' dir='ltr'><strong>Rogavit</strong></span> <span class='ocrx_word' id='word_1_349' title='bbox 1326 583 1391 611; x_wconf 85' lang='lat' dir='ltr'><strong>ergo</strong></span> <span class='ocrx_word' id='word_1_350' title='bbox 1408 576 1528 604; x_wconf 87' lang='lat' dir='ltr'><strong>Herodes</strong></span> <span class='ocrx_word' id='word_1_351' title='bbox 1544 575 1653 604; x_wconf 68' lang='lat' dir='ltr'><strong>Iudaeos</strong></span> <span class='ocrx_word' id='word_1_352' title='bbox 1665 575 1761 603; x_wconf 86' lang='lat' dir='ltr'><strong>dicens</strong></span> <span class='ocrx_word' id='word_1_353' title='bbox 1780 584 1788 602; x_wconf 88' lang='lat'><strong>:</strong></span> 
     </span>
    </p>
   </div>
   <div class='ocr_carea' id='block_1_54' title="bbox 1009 618 1789 655">
    <p class='ocr_par' dir='ltr' id='par_1_54' title="bbox 1009 618 1789 655">
     <span class='ocr_line' id='line_1_54' title="bbox 1009 618 1789 655; baseline -0.001 -9"><span class='ocrx_word' id='word_1_354' title='bbox 1009 618 1061 647; x_wconf 87' lang='lat' dir='ltr'><strong>Ubi</strong></span> <span class='ocrx_word' id='word_1_355' title='bbox 1088 620 1162 647; x_wconf 88' lang='lat' dir='ltr'><strong>nasci</strong></span> <span class='ocrx_word' id='word_1_356' title='bbox 1182 619 1262 648; x_wconf 88' lang='lat' dir='ltr'><strong>debet</strong></span> <span class='ocrx_word' id='word_1_357' title='bbox 1287 621 1435 648; x_wconf 84' lang='lat' dir='ltr'><strong>Christus?</strong></span> <span class='ocrx_word' id='word_1_358' title='bbox 1449 620 1496 655; x_wconf 91' lang='lat' dir='ltr'><strong>qui</strong></span> <span class='ocrx_word' id='word_1_359' title='bbox 1517 620 1572 655; x_wconf 88' lang='lat' dir='ltr'><strong>ipsi</strong></span> <span class='ocrx_word' id='word_1_360' title='bbox 1588 620 1715 647; x_wconf 84' lang='lat' dir='ltr'><strong>dixerunt</strong></span> <span class='ocrx_word' id='word_1_361' title='bbox 1732 628 1740 646; x_wconf 87' lang='lat'>:</span> <span class='ocrx_word' id='word_1_362' title='bbox 1758 619 1789 646; x_wconf 92' lang='lat' dir='ltr'><strong>ln</strong></span> 
     </span>
    </p>
   </div>
   <div class='ocr_carea' id='block_1_55' title="bbox 1009 663 1793 696">
    <p class='ocr_par' dir='ltr' id='par_1_55' title="bbox 1009 663 1793 696">
     <span class='ocr_line' id='line_1_55' title="bbox 1009 663 1793 696; baseline -0.001 -4"><span class='ocrx_word' id='word_1_363' title='bbox 1009 664 1166 692; x_wconf 84' lang='lat' dir='ltr'><strong>Bethlebem</strong></span> <span class='ocrx_word' id='word_1_364' title='bbox 1181 664 1292 693; x_wconf 74' lang='lat' dir='ltr'><strong>Iudaeae.</strong></span> <span class='ocrx_word' id='word_1_365' title='bbox 1309 665 1380 692; x_wconf 86' lang='lat' dir='ltr'><strong>Tum</strong></span> <span class='ocrx_word' id='word_1_366' title='bbox 1391 665 1523 696; x_wconf 79' lang='lat' dir='ltr'><strong>Herodes.</strong></span> <span class='ocrx_word' id='word_1_367' title='bbox 1536 665 1607 692; x_wconf 88' lang='lat' dir='ltr'><strong>clam</strong></span> <span class='ocrx_word' id='word_1_368' title='bbox 1621 664 1727 692; x_wconf 83' lang='lat' dir='ltr'><strong>vocatis</strong></span> <span class='ocrx_word' id='word_1_369' title='bbox 1737 663 1793 691; x_wconf 82' lang='lat' dir='ltr'><strong>Ma-</strong></span> 
     </span>
    </p>
   </div>
   <div class='ocr_carea' id='block_1_56' title="bbox 1008 711 1793 747">
    <p class='ocr_par' dir='ltr' id='par_1_56' title="bbox 1008 711 1793 747">
     <span class='ocr_line' id='line_1_56' title="bbox 1008 711 1793 747; baseline -0.004 -8"><span class='ocrx_word' id='word_1_370' title='bbox 1008 711 1063 747; x_wconf 87' lang='lat' dir='ltr'><strong>gis,</strong></span> <span class='ocrx_word' id='word_1_371' title='bbox 1084 711 1236 746; x_wconf 86' lang='lat' dir='ltr'><strong>exquisivit</strong></span> <span class='ocrx_word' id='word_1_372' title='bbox 1252 711 1286 739; x_wconf 88' lang='lat' dir='ltr'><strong>ab</strong></span> <span class='ocrx_word' id='word_1_373' title='bbox 1308 711 1375 747; x_wconf 85' lang='lat' dir='ltr'><strong>ipsis</strong></span> <span class='ocrx_word' id='word_1_374' title='bbox 1396 719 1451 746; x_wconf 90' lang='lat' dir='ltr'><strong>quo</strong></span> <span class='ocrx_word' id='word_1_375' title='bbox 1467 711 1549 746; x_wconf 74' lang='lat'><strong>312</strong></span> <span class='ocrx_word' id='word_1_376' title='bbox 1574 711 1706 745; x_wconf 79' lang='lat' dir='ltr'><strong>temporis</strong></span> <span class='ocrx_word' id='word_1_377' title='bbox 1728 717 1793 743; x_wconf 84' lang='lat' dir='ltr'><strong>spa-</strong></span> 
     </span>
    </p>
   </div>
   <div class='ocr_carea' id='block_1_57' title="bbox 1010 755 1792 791">
    <p class='ocr_par' dir='ltr' id='par_1_57' title="bbox 1010 755 1792 791">
     <span class='ocr_line' id='line_1_57' title="bbox 1010 755 1792 791; baseline -0.001 -7"><span class='ocrx_word' id='word_1_378' title='bbox 1010 757 1048 784; x_wconf 91' lang='lat' dir='ltr'><strong>tio</strong></span> <span class='ocrx_word' id='word_1_379' title='bbox 1071 756 1242 791; x_wconf 83' lang='lat' dir='ltr'><strong>apparuisset</strong></span> <span class='ocrx_word' id='word_1_380' title='bbox 1265 756 1319 784; x_wconf 89' lang='lat' dir='ltr'><strong>illis</strong></span> <span class='ocrx_word' id='word_1_381' title='bbox 1343 756 1443 789; x_wconf 89' lang='lat' dir='ltr'><strong>stella;</strong></span> <span class='ocrx_word' id='word_1_382' title='bbox 1463 756 1691 791; x_wconf 87' lang='lat' dir='ltr'><strong>respondentibus</strong></span> <span class='ocrx_word' id='word_1_383' title='bbox 1712 755 1767 783; x_wconf 82' lang='lat' dir='ltr'><strong>illis</strong></span> <span class='ocrx_word' id='word_1_384' title='bbox 1783 775 1792 787; x_wconf 87' lang='lat'><strong>,</strong></span> 
     </span>
    </p>
   </div>
   <div class='ocr_carea' id='block_1_58' title="bbox 1012 800 1792 837">
    <p class='ocr_par' dir='ltr' id='par_1_58' title="bbox 1012 800 1792 837">
     <span class='ocr_line' id='line_1_58' title="bbox 1012 800 1792 837; baseline -0.001 -8"><span class='ocrx_word' id='word_1_385' title='bbox 1012 803 1034 829; x_wconf 92' lang='lat' dir='ltr'><strong>A</strong></span> <span class='ocrx_word' id='word_1_386' title='bbox 1054 802 1167 829; x_wconf 86' lang='lat' dir='ltr'><strong>biennio</strong></span> <span class='ocrx_word' id='word_1_387' title='bbox 1186 801 1264 829; x_wconf 92' lang='lat' dir='ltr'><strong>uobis</strong></span> <span class='ocrx_word' id='word_1_388' title='bbox 1286 802 1313 829; x_wconf 94' lang='lat' dir='ltr'><strong>in</strong></span> <span class='ocrx_word' id='word_1_389' title='bbox 1330 802 1441 830; x_wconf 89' lang='lat' dir='ltr'><strong>Oriente</strong></span> <span class='ocrx_word' id='word_1_390' title='bbox 1456 802 1600 837; x_wconf 83' lang='lat' dir='ltr'><strong>apparuit;</strong></span> <span class='ocrx_word' id='word_1_391' title='bbox 1623 801 1693 829; x_wconf 88' lang='lat' dir='ltr'><strong>dixit</strong></span> <span class='ocrx_word' id='word_1_392' title='bbox 1714 800 1792 836; x_wconf 89' lang='lat' dir='ltr'><strong>ipsis.</strong></span> 
     </span>
    </p>
   </div>
   <div class='ocr_carea' id='block_1_59' title="bbox 1008 839 1803 883">
    <p class='ocr_par' dir='ltr' id='par_1_59' title="bbox 1008 839 1803 883">
     <span class='ocr_line' id='line_1_59' title="bbox 1008 839 1803 883; baseline -0.003 -8"><span class='ocrx_word' id='word_1_393' title='bbox 1008 847 1126 875; x_wconf 79' lang='lat' dir='ltr'><strong>Profecti</strong></span> <span class='ocrx_word' id='word_1_394' title='bbox 1138 848 1251 883; x_wconf 55' lang='lat' dir='ltr'><strong>quaerite</strong></span> <span class='ocrx_word' id='word_1_395' title='bbox 1266 847 1366 882; x_wconf 79' lang='lat' dir='ltr'><strong>Regem</strong></span> <span class='ocrx_word' id='word_1_396' title='bbox 1387 848 1461 875; x_wconf 92' lang='lat' dir='ltr'><strong>hunc</strong></span> <span class='ocrx_word' id='word_1_397' title='bbox 1477 855 1575 876; x_wconf 85' lang='lat' dir='ltr'><strong>recens</strong></span> <span class='ocrx_word' id='word_1_398' title='bbox 1589 852 1698 879; x_wconf 91' lang='lat' dir='ltr'><strong>natum,</strong></span> <span class='ocrx_word' id='word_1_399' title='bbox 1710 839 1803 882; x_wconf 58' lang='lat' dir='ltr'><strong>quem‘</strong></span> 
     </span>
    </p>
   </div>
   <div class='ocr_carea' id='block_1_60' title="bbox 1008 893 1790 928">
    <p class='ocr_par' dir='ltr' id='par_1_60' title="bbox 1008 893 1790 928">
     <span class='ocr_line' id='line_1_60' title="bbox 1008 893 1790 928; baseline -0.004 -6"><span class='ocrx_word' id='word_1_400' title='bbox 1008 894 1149 922; x_wconf 88' lang='lat' dir='ltr'><strong>inventum</strong></span> <span class='ocrx_word' id='word_1_401' title='bbox 1170 895 1216 922; x_wconf 89' lang='lat' dir='ltr'><strong>ubi</strong></span> <span class='ocrx_word' id='word_1_402' title='bbox 1232 894 1424 928; x_wconf 81' lang='lat' dir='ltr'><strong>adoraveritis,</strong></span> <span class='ocrx_word' id='word_1_403' title='bbox 1441 894 1543 922; x_wconf 87' lang='lat' dir='ltr'><strong>reversi</strong></span> <span class='ocrx_word' id='word_1_404' title='bbox 1564 894 1629 922; x_wconf 91' lang='lat' dir='ltr'><strong>mibi</strong></span> <span class='ocrx_word' id='word_1_405' title='bbox 1657 893 1790 926; x_wconf 84' lang='lat' dir='ltr'><strong>indicate.</strong></span> 
     </span>
    </p>
   </div>
   <div class='ocr_carea' id='block_1_61' title="bbox 1009 938 1792 975">
    <p class='ocr_par' dir='ltr' id='par_1_61' title="bbox 1009 938 1792 975">
     <span class='ocr_line' id='line_1_61' title="bbox 1009 938 1792 975; baseline 0 -10"><span class='ocrx_word' id='word_1_406' title='bbox 1009 943 1039 966; x_wconf 89' lang='lat' dir='ltr'><strong>ut</strong></span> <span class='ocrx_word' id='word_1_407' title='bbox 1066 943 1092 965; x_wconf 92' lang='lat' dir='ltr'><strong>et</strong></span> <span class='ocrx_word' id='word_1_408' title='bbox 1115 939 1173 974; x_wconf 89' lang='lat' dir='ltr'><strong>ipse</strong></span> <span class='ocrx_word' id='word_1_409' title='bbox 1188 939 1329 973; x_wconf 79' lang='lat' dir='ltr'><strong>profectus</strong></span> <span class='ocrx_word' id='word_1_410' title='bbox 1347 947 1410 967; x_wconf 89' lang='lat' dir='ltr'><strong>eum</strong></span> <span class='ocrx_word' id='word_1_411' title='bbox 1427 939 1550 967; x_wconf 84' lang='lat' dir='ltr'><strong>adorem.</strong></span> <span class='ocrx_word' id='word_1_412' title='bbox 1578 938 1704 975; x_wconf 86' lang='lat' dir='ltr'><strong>Egressis</strong></span> <span class='ocrx_word' id='word_1_413' title='bbox 1726 945 1792 974; x_wconf 86' lang='lat' dir='ltr'><strong>ergo</strong></span> 
     </span>
    </p>
   </div>
   <div class='ocr_carea' id='block_1_62' title="bbox 1005 982 1787 1020">
    <p class='ocr_par' dir='ltr' id='par_1_62' title="bbox 1005 982 1787 1020">
     <span class='ocr_line' id='line_1_62' title="bbox 1005 982 1787 1020; baseline 0 -10"><span class='ocrx_word' id='word_1_414' title='bbox 1005 983 1039 1011; x_wconf 90' lang='lat' dir='ltr'><strong>ab</strong></span> <span class='ocrx_word' id='word_1_415' title='bbox 1048 982 1154 1011; x_wconf 84' lang='lat' dir='ltr'><strong>Herode</strong></span> <span class='ocrx_word' id='word_1_416' title='bbox 1168 983 1252 1018; x_wconf 84' lang='lat' dir='ltr'><strong>Magis</strong></span> <span class='ocrx_word' id='word_1_417' title='bbox 1264 991 1396 1019; x_wconf 85' lang='lat' dir='ltr'><strong>apparens</strong></span> <span class='ocrx_word' id='word_1_418' title='bbox 1405 986 1484 1013; x_wconf 86' lang='lat' dir='ltr'><strong>stella</strong></span> <span class='ocrx_word' id='word_1_419' title='bbox 1497 985 1565 1020; x_wconf 89' lang='lat' dir='ltr'><strong>ipsis</strong></span> <span class='ocrx_word' id='word_1_420' title='bbox 1580 984 1787 1012; x_wconf 88' lang='lat' dir='ltr'><strong>Bethlebemum</strong></span> 
     </span>
    </p>
   </div>
   <div class='ocr_carea' id='block_1_63' title="bbox 1009 1029 1793 1065">
    <p class='ocr_par' dir='ltr' id='par_1_63' title="bbox 1009 1029 1793 1065">
     <span class='ocr_line' id='line_1_63' title="bbox 1009 1029 1793 1065; baseline 0 -9"><span class='ocrx_word' id='word_1_421' title='bbox 1009 1029 1124 1064; x_wconf 66' lang='lat' dir='ltr'><strong>praivit.</strong></span> <span class='ocrx_word' id='word_1_422' title='bbox 1150 1036 1238 1064; x_wconf 89' lang='lat' dir='ltr'><strong>usque</strong></span> <span class='ocrx_word' id='word_1_423' title='bbox 1268 1030 1303 1057; x_wconf 89' lang='lat' dir='ltr'><strong>ad</strong></span> <span class='ocrx_word' id='word_1_424' title='bbox 1327 1031 1418 1058; x_wconf 88' lang='lat' dir='ltr'><strong>locum</strong></span> <span class='ocrx_word' id='word_1_425' title='bbox 1447 1031 1476 1058; x_wconf 91' lang='lat' dir='ltr'><strong>in</strong></span> <span class='ocrx_word' id='word_1_426' title='bbox 1504 1037 1559 1065; x_wconf 90' lang='lat' dir='ltr'><strong>quo</strong></span> <span class='ocrx_word' id='word_1_427' title='bbox 1586 1029 1638 1057; x_wconf 89' lang='lat' dir='ltr'><strong>l‘uit</strong></span> <span class='ocrx_word' id='word_1_428' title='bbox 1660 1029 1793 1057; x_wconf 92' lang='lat' dir='ltr'><strong>Dominus</strong></span> 
     </span>
    </p>
   </div>
   <div class='ocr_carea' id='block_1_64' title="bbox 1009 1074 1792 1104">
    <p class='ocr_par' dir='ltr' id='par_1_64' title="bbox 1009 1074 1792 1104">
     <span class='ocr_line' id='line_1_64' title="bbox 1009 1074 1792 1104; baseline 0 -2"><span class='ocrx_word' id='word_1_429' title='bbox 1009 1079 1104 1103; x_wconf 89' lang='lat' dir='ltr'><strong>noster</strong></span> <span class='ocrx_word' id='word_1_430' title='bbox 1132 1074 1258 1103; x_wconf 87' lang='lat' dir='ltr'><strong>Christus</strong></span> <span class='ocrx_word' id='word_1_431' title='bbox 1279 1083 1333 1103; x_wconf 90' lang='lat' dir='ltr'><strong>una</strong></span> <span class='ocrx_word' id='word_1_432' title='bbox 1357 1083 1420 1104; x_wconf 87' lang='lat' dir='ltr'><strong>cum</strong></span> <span class='ocrx_word' id='word_1_433' title='bbox 1449 1075 1564 1103; x_wconf 89' lang='lat' dir='ltr'><strong>Domina</strong></span> <span class='ocrx_word' id='word_1_434' title='bbox 1585 1079 1682 1103; x_wconf 88' lang='lat' dir='ltr'><strong>nostra</strong></span> <span class='ocrx_word' id='word_1_435' title='bbox 1705 1074 1792 1102; x_wconf 78' lang='lat' dir='ltr'><strong>Maria</strong></span> 
     </span>
    </p>
   </div>
   <div class='ocr_carea' id='block_1_65' title="bbox 1009 1120 1793 1157">
    <p class='ocr_par' dir='ltr' id='par_1_65' title="bbox 1009 1120 1793 1157">
     <span class='ocr_line' id='line_1_65' title="bbox 1009 1120 1793 1157; baseline 0 -9"><span class='ocrx_word' id='word_1_436' title='bbox 1009 1120 1096 1155; x_wconf 86' lang='lat' dir='ltr'><strong>ipsius</strong></span> <span class='ocrx_word' id='word_1_437' title='bbox 1114 1126 1211 1150; x_wconf 88' lang='lat' dir='ltr'><strong>matre.</strong></span> <span class='ocrx_word' id='word_1_438' title='bbox 1234 1121 1392 1149; x_wconf 89' lang='lat' dir='ltr'><strong>Adorarunt</strong></span> <span class='ocrx_word' id='word_1_439' title='bbox 1415 1122 1497 1157; x_wconf 81' lang='lat' dir='ltr'><strong>igitur</strong></span> <span class='ocrx_word' id='word_1_440' title='bbox 1514 1122 1603 1157; x_wconf 88' lang='lat' dir='ltr'><strong>ipsum</strong></span> <span class='ocrx_word' id='word_1_441' title='bbox 1626 1128 1657 1149; x_wconf 86' lang='lat' dir='ltr'><strong>ac</strong></span> <span class='ocrx_word' id='word_1_442' title='bbox 1678 1127 1793 1148; x_wconf 83' lang='lat' dir='ltr'><strong>munera</strong></span> 
     </span>
    </p>
   </div>
   <div class='ocr_carea' id='block_1_66' title="bbox 1008 1165 1794 1202">
    <p class='ocr_par' dir='ltr' id='par_1_66' title="bbox 1008 1165 1794 1202">
     <span class='ocr_line' id='line_1_66' title="bbox 1008 1165 1794 1202; baseline 0 -10"><span class='ocrx_word' id='word_1_443' title='bbox 1008 1165 1060 1200; x_wconf 86' lang='lat' dir='ltr'><strong>ipsi</strong></span> <span class='ocrx_word' id='word_1_444' title='bbox 1077 1165 1245 1199; x_wconf 85' lang='lat' dir='ltr'><strong>obtulerunt,</strong></span> <span class='ocrx_word' id='word_1_445' title='bbox 1268 1173 1379 1199; x_wconf 87' lang='lat' dir='ltr'><strong>aurum,</strong></span> <span class='ocrx_word' id='word_1_446' title='bbox 1395 1166 1534 1202; x_wconf 83' lang='lat' dir='ltr'><strong>myrrham</strong></span> <span class='ocrx_word' id='word_1_447' title='bbox 1547 1172 1573 1194; x_wconf 90' lang='lat' dir='ltr'><strong>et</strong></span> <span class='ocrx_word' id='word_1_448' title='bbox 1589 1166 1663 1195; x_wconf 91' lang='lat' dir='ltr'><strong>thus.</strong></span> <span class='ocrx_word' id='word_1_449' title='bbox 1686 1165 1794 1193; x_wconf 80' lang='lat' dir='ltr'><strong>Praece-</strong></span> 
     </span>
    </p>
   </div>
   <div class='ocr_carea' id='block_1_67' title="bbox 1008 1211 1795 1247">
    <p class='ocr_par' dir='ltr' id='par_1_67' title="bbox 1008 1211 1795 1247">
     <span class='ocr_line' id='line_1_67' title="bbox 1008 1211 1795 1247; baseline 0.001 -10"><span class='ocrx_word' id='word_1_450' title='bbox 1008 1214 1083 1245; x_wconf 87' lang='lat' dir='ltr'><strong>ptum</strong></span> <span class='ocrx_word' id='word_1_451' title='bbox 1111 1215 1204 1239; x_wconf 90' lang='lat' dir='ltr'><strong>autem</strong></span> <span class='ocrx_word' id='word_1_452' title='bbox 1231 1216 1274 1239; x_wconf 87' lang='lat' dir='ltr'><strong>est</strong></span> <span class='ocrx_word' id='word_1_453' title='bbox 1293 1212 1360 1246; x_wconf 85' lang='lat' dir='ltr'><strong>ipsis</strong></span> <span class='ocrx_word' id='word_1_454' title='bbox 1386 1212 1415 1240; x_wconf 92' lang='lat' dir='ltr'><strong>in</strong></span> <span class='ocrx_word' id='word_1_455' title='bbox 1442 1219 1552 1244; x_wconf 84' lang='lat' dir='ltr'><strong>somno,</strong></span> <span class='ocrx_word' id='word_1_456' title='bbox 1577 1216 1607 1239; x_wconf 96' lang='lat' dir='ltr'><strong>ut</strong></span> <span class='ocrx_word' id='word_1_457' title='bbox 1628 1211 1654 1239; x_wconf 87' lang='lat' dir='ltr'><strong>in</strong></span> <span class='ocrx_word' id='word_1_458' title='bbox 1675 1212 1795 1247; x_wconf 84' lang='lat' dir='ltr'><strong>patriam</strong></span> 
     </span>
    </p>
   </div>
   <div class='ocr_carea' id='block_1_68' title="bbox 1008 1256 1792 1292">
    <p class='ocr_par' dir='ltr' id='par_1_68' title="bbox 1008 1256 1792 1292">
     <span class='ocr_line' id='line_1_68' title="bbox 1008 1256 1792 1292; baseline 0.003 -10"><span class='ocrx_word' id='word_1_459' title='bbox 1008 1263 1086 1283; x_wconf 85' lang='lat' dir='ltr'><strong>suam</strong></span> <span class='ocrx_word' id='word_1_460' title='bbox 1103 1264 1150 1291; x_wconf 90' lang='lat' dir='ltr'><strong>per</strong></span> <span class='ocrx_word' id='word_1_461' title='bbox 1165 1256 1245 1283; x_wconf 87' lang='lat' dir='ltr'><strong>aliam</strong></span> <span class='ocrx_word' id='word_1_462' title='bbox 1259 1257 1330 1284; x_wconf 85' lang='lat' dir='ltr'><strong>viam</strong></span> <span class='ocrx_word' id='word_1_463' title='bbox 1342 1257 1460 1292; x_wconf 76' lang='lat' dir='ltr'><strong>regressi</strong></span> <span class='ocrx_word' id='word_1_464' title='bbox 1474 1256 1508 1284; x_wconf 87' lang='lat' dir='ltr'><strong>ad</strong></span> <span class='ocrx_word' id='word_1_465' title='bbox 1527 1256 1664 1284; x_wconf 85' lang='lat' dir='ltr'><strong>Herodem</strong></span> <span class='ocrx_word' id='word_1_466' title='bbox 1678 1264 1732 1284; x_wconf 91' lang='lat' dir='ltr'><strong>non</strong></span> <span class='ocrx_word' id='word_1_467' title='bbox 1747 1264 1792 1284; x_wconf 91' lang='lat' dir='ltr'><strong>re-</strong></span> 
     </span>
    </p>
   </div>
   <div class='ocr_carea' id='block_1_69' title="bbox 1008 1300 1793 1337">
    <p class='ocr_par' dir='ltr' id='par_1_69' title="bbox 1008 1300 1793 1337">
     <span class='ocr_line' id='line_1_69' title="bbox 1008 1300 1793 1337; baseline 0.003 -10"><span class='ocrx_word' id='word_1_468' title='bbox 1008 1305 1188 1329; x_wconf 88' lang='lat' dir='ltr'><strong>verterentur.</strong></span> <span class='ocrx_word' id='word_1_469' title='bbox 1223 1300 1309 1329; x_wconf 89' lang='lat' dir='ltr'><strong>Porro</strong></span> <span class='ocrx_word' id='word_1_470' title='bbox 1333 1309 1365 1329; x_wconf 84' lang='lat' dir='ltr'><strong>ex</strong></span> <span class='ocrx_word' id='word_1_471' title='bbox 1390 1309 1445 1336; x_wconf 92' lang='lat' dir='ltr'><strong>quo</strong></span> <span class='ocrx_word' id='word_1_472' title='bbox 1464 1302 1590 1337; x_wconf 89' lang='lat' dir='ltr'><strong>apparuit</strong></span> <span class='ocrx_word' id='word_1_473' title='bbox 1611 1301 1696 1337; x_wconf 79' lang='lat' dir='ltr'><strong>Magis</strong></span> <span class='ocrx_word' id='word_1_474' title='bbox 1714 1301 1793 1329; x_wconf 84' lang='lat' dir='ltr'><strong>stella</strong></span> 
     </span>
    </p>
   </div>
   <div class='ocr_carea' id='block_1_70' title="bbox 1009 1347 1795 1383">
    <p class='ocr_par' dir='ltr' id='par_1_70' title="bbox 1009 1347 1795 1383">
     <span class='ocr_line' id='line_1_70' title="bbox 1009 1347 1795 1383; baseline 0.003 -9"><span class='ocrx_word' id='word_1_475' title='bbox 1009 1348 1162 1381; x_wconf 88' lang='lat' dir='ltr'><strong>usquedum</strong></span> <span class='ocrx_word' id='word_1_476' title='bbox 1185 1347 1299 1375; x_wconf 88' lang='lat' dir='ltr'><strong>adorato</strong></span> <span class='ocrx_word' id='word_1_477' title='bbox 1316 1347 1432 1376; x_wconf 88' lang='lat' dir='ltr'><strong>Domino</strong></span> <span class='ocrx_word' id='word_1_478' title='bbox 1454 1353 1550 1376; x_wconf 89' lang='lat' dir='ltr'><strong>nostro</strong></span> <span class='ocrx_word' id='word_1_479' title='bbox 1566 1348 1677 1376; x_wconf 84' lang='lat' dir='ltr'><strong>Christo</strong></span> <span class='ocrx_word' id='word_1_480' title='bbox 1697 1349 1724 1376; x_wconf 91' lang='lat' dir='ltr'><strong>in</strong></span> <span class='ocrx_word' id='word_1_481' title='bbox 1747 1356 1795 1383; x_wconf 87' lang='lat' dir='ltr'><strong>pa-</strong></span> 
     </span>
    </p>
   </div>
   <div class='ocr_carea' id='block_1_71' title="bbox 1008 1391 1795 1426">
    <p class='ocr_par' dir='ltr' id='par_1_71' title="bbox 1008 1391 1795 1426">
     <span class='ocr_line' id='line_1_71' title="bbox 1008 1391 1795 1426; baseline 0.004 -8"><span class='ocrx_word' id='word_1_482' title='bbox 1008 1391 1088 1418; x_wconf 89' lang='lat' dir='ltr'><strong>triam</strong></span> <span class='ocrx_word' id='word_1_483' title='bbox 1111 1398 1189 1419; x_wconf 87' lang='lat' dir='ltr'><strong>suam</strong></span> <span class='ocrx_word' id='word_1_484' title='bbox 1212 1392 1313 1420; x_wconf 90' lang='lat' dir='ltr'><strong>reversi</strong></span> <span class='ocrx_word' id='word_1_485' title='bbox 1333 1396 1420 1426; x_wconf 90' lang='lat' dir='ltr'><strong>sunt,</strong></span> <span class='ocrx_word' id='word_1_486' title='bbox 1446 1393 1526 1420; x_wconf 83' lang='lat' dir='ltr'><strong>ﬂuxit</strong></span> <span class='ocrx_word' id='word_1_487' title='bbox 1540 1393 1693 1420; x_wconf 88' lang='lat' dir='ltr'><strong>biennium.</strong></span> <span class='ocrx_word' id='word_1_488' title='bbox 1718 1392 1795 1421; x_wconf 79' lang='lat' dir='ltr'><strong>Jose-</strong></span> 
     </span>
    </p>
   </div>
   <div class='ocr_carea' id='block_1_72' title="bbox 1009 1436 1794 1473">
    <p class='ocr_par' dir='ltr' id='par_1_72' title="bbox 1009 1436 1794 1473">
     <span class='ocr_line' id='line_1_72' title="bbox 1009 1436 1794 1473; baseline 0.004 -10"><span class='ocrx_word' id='word_1_489' title='bbox 1009 1436 1081 1472; x_wconf 89' lang='lat' dir='ltr'><strong>phus</strong></span> <span class='ocrx_word' id='word_1_490' title='bbox 1103 1442 1194 1465; x_wconf 88' lang='lat' dir='ltr'><strong>autem</strong></span> <span class='ocrx_word' id='word_1_491' title='bbox 1216 1437 1307 1466; x_wconf 74' lang='lat' dir='ltr'><strong>Mariae</strong></span> <span class='ocrx_word' id='word_1_492' title='bbox 1325 1446 1443 1473; x_wconf 87' lang='lat' dir='ltr'><strong>sponsus</strong></span> <span class='ocrx_word' id='word_1_493' title='bbox 1461 1438 1620 1467; x_wconf 85' lang='lat' dir='ltr'><strong>admonitus</strong></span> <span class='ocrx_word' id='word_1_494' title='bbox 1641 1439 1668 1466; x_wconf 91' lang='lat' dir='ltr'><strong>in</strong></span> <span class='ocrx_word' id='word_1_495' title='bbox 1696 1446 1794 1466; x_wconf 89' lang='lat' dir='ltr'><strong>somno</strong></span> 
     </span>
    </p>
   </div>
   <div class='ocr_carea' id='block_1_73' title="bbox 1012 1483 1794 1520">
    <p class='ocr_par' dir='ltr' id='par_1_73' title="bbox 1012 1483 1794 1520">
     <span class='ocr_line' id='line_1_73' title="bbox 1012 1483 1794 1520; baseline 0.003 -10"><span class='ocrx_word' id='word_1_496' title='bbox 1012 1483 1083 1518; x_wconf 81' lang='lat' dir='ltr'><strong>l&#39;uit._</strong></span> <span class='ocrx_word' id='word_1_497' title='bbox 1100 1487 1131 1511; x_wconf 94' lang='lat' dir='ltr'><strong>ut</strong></span> <span class='ocrx_word' id='word_1_498' title='bbox 1159 1484 1280 1519; x_wconf 89' lang='lat' dir='ltr'><strong>acceptis</strong></span> <span class='ocrx_word' id='word_1_499' title='bbox 1305 1485 1419 1519; x_wconf 90' lang='lat' dir='ltr'><strong>puerulo</strong></span> <span class='ocrx_word' id='word_1_500' title='bbox 1444 1489 1473 1512; x_wconf 86' lang='lat' dir='ltr'><strong>et</strong></span> <span class='ocrx_word' id='word_1_501' title='bbox 1495 1490 1583 1513; x_wconf 88' lang='lat' dir='ltr'><strong>matre</strong></span> <span class='ocrx_word' id='word_1_502' title='bbox 1609 1485 1707 1520; x_wconf 86' lang='lat' dir='ltr'><strong>ipsius,</strong></span> <span class='ocrx_word' id='word_1_503' title='bbox 1731 1492 1794 1513; x_wconf 90' lang='lat' dir='ltr'><strong>cum</strong></span> 
     </span>
    </p>
   </div>
   <div class='ocr_carea' id='block_1_74' title="bbox 1010 1528 1795 1566">
    <p class='ocr_par' dir='ltr' id='par_1_74' title="bbox 1010 1528 1795 1566">
     <span class='ocr_line' id='line_1_74' title="bbox 1010 1528 1795 1566; baseline 0.003 -10"><span class='ocrx_word' id='word_1_504' title='bbox 1010 1528 1076 1563; x_wconf 87' lang='lat' dir='ltr'><strong>ipsis</strong></span> <span class='ocrx_word' id='word_1_505' title='bbox 1104 1529 1132 1556; x_wconf 90' lang='lat' dir='ltr'><strong>in</strong></span> <span class='ocrx_word' id='word_1_506' title='bbox 1153 1529 1303 1565; x_wconf 69' lang='lat' dir='ltr'><strong>Egyptum</strong></span> <span class='ocrx_word' id='word_1_507' title='bbox 1332 1530 1456 1566; x_wconf 82' lang='lat' dir='ltr'><strong>lugeret:</strong></span> <span class='ocrx_word' id='word_1_508' title='bbox 1478 1531 1550 1565; x_wconf 90' lang='lat' dir='ltr'><strong>quod</strong></span> <span class='ocrx_word' id='word_1_509' title='bbox 1574 1535 1602 1558; x_wconf 90' lang='lat' dir='ltr'><strong>et</strong></span> <span class='ocrx_word' id='word_1_510' title='bbox 1628 1531 1693 1558; x_wconf 79' lang='lat' dir='ltr'><strong>fecit</strong></span> <span class='ocrx_word' id='word_1_511' title='bbox 1717 1530 1795 1558; x_wconf 82' lang='lat' dir='ltr'><strong>Jose-</strong></span> 
     </span>
    </p>
   </div>
   <div class='ocr_carea' id='block_1_75' title="bbox 1010 1574 1794 1611">
    <p class='ocr_par' dir='ltr' id='par_1_75' title="bbox 1010 1574 1794 1611">
     <span class='ocr_line' id='line_1_75' title="bbox 1010 1574 1794 1611; baseline 0.004 -10"><span class='ocrx_word' id='word_1_512' title='bbox 1010 1574 1091 1609; x_wconf 89' lang='lat' dir='ltr'><strong>phus.</strong></span> <span class='ocrx_word' id='word_1_513' title='bbox 1111 1574 1297 1603; x_wconf 83' lang='lat' dir='ltr'><strong>Tardautibus</strong></span> <span class='ocrx_word' id='word_1_514' title='bbox 1313 1579 1403 1603; x_wconf 89' lang='lat' dir='ltr'><strong>autem</strong></span> <span class='ocrx_word' id='word_1_515' title='bbox 1424 1575 1510 1611; x_wconf 78' lang='lat' dir='ltr'><strong>Magis</strong></span> <span class='ocrx_word' id='word_1_516' title='bbox 1524 1597 1532 1610; x_wconf 91' lang='lat'><strong>,</strong></span> <span class='ocrx_word' id='word_1_517' title='bbox 1551 1575 1684 1609; x_wconf 77' lang='lat' dir='ltr'><strong>Herodes.</strong></span> <span class='ocrx_word' id='word_1_518' title='bbox 1701 1575 1746 1603; x_wconf 91' lang='lat' dir='ltr'><strong>ubi</strong></span> <span class='ocrx_word' id='word_1_519' title='bbox 1765 1583 1794 1604; x_wconf 89' lang='lat' dir='ltr'><strong>se</strong></span> 
     </span>
    </p>
   </div>
   <div class='ocr_carea' id='block_1_76' title="bbox 1012 1619 1794 1654">
    <p class='ocr_par' dir='ltr' id='par_1_76' title="bbox 1012 1619 1794 1654">
     <span class='ocr_line' id='line_1_76' title="bbox 1012 1619 1794 1654; baseline 0.001 -6"><span class='ocrx_word' id='word_1_520' title='bbox 1012 1619 1045 1648; x_wconf 85' lang='lat' dir='ltr'><strong>ab</strong></span> <span class='ocrx_word' id='word_1_521' title='bbox 1063 1620 1116 1648; x_wconf 89' lang='lat' dir='ltr'><strong>illis</strong></span> <span class='ocrx_word' id='word_1_522' title='bbox 1128 1620 1239 1648; x_wconf 87' lang='lat' dir='ltr'><strong>illusum</strong></span> <span class='ocrx_word' id='word_1_523' title='bbox 1256 1622 1354 1654; x_wconf 87' lang='lat' dir='ltr'><strong>sensit,</strong></span> <span class='ocrx_word' id='word_1_524' title='bbox 1371 1621 1410 1649; x_wconf 81' lang='lat' dir='ltr'><strong>ira</strong></span> <span class='ocrx_word' id='word_1_525' title='bbox 1426 1622 1506 1650; x_wconf 89' lang='lat' dir='ltr'><strong>valde</strong></span> <span class='ocrx_word' id='word_1_526' title='bbox 1520 1622 1724 1651; x_wconf 80' lang='lat' dir='ltr'><strong>excandescens</strong></span> <span class='ocrx_word' id='word_1_527' title='bbox 1735 1629 1794 1649; x_wconf 84' lang='lat' dir='ltr'><strong>om-</strong></span> 
     </span>
    </p>
   </div>
   <div class='ocr_carea' id='block_1_77' title="bbox 1013 1657 1802 1701">
    <p class='ocr_par' dir='ltr' id='par_1_77' title="bbox 1013 1657 1802 1701">
     <span class='ocr_line' id='line_1_77' title="bbox 1013 1657 1802 1701; baseline 0.003 -9"><span class='ocrx_word' id='word_1_528' title='bbox 1013 1673 1062 1693; x_wconf 88' lang='lat' dir='ltr'><strong>nes</strong></span> <span class='ocrx_word' id='word_1_529' title='bbox 1075 1666 1101 1692; x_wconf 91' lang='lat' dir='ltr'><strong>in</strong></span> <span class='ocrx_word' id='word_1_530' title='bbox 1116 1657 1293 1693; x_wconf 78' lang='lat' dir='ltr'><strong>Betbléhemo</strong></span> <span class='ocrx_word' id='word_1_531' title='bbox 1314 1673 1415 1701; x_wconf 88' lang='lat' dir='ltr'><strong>pueros</strong></span> <span class='ocrx_word' id='word_1_532' title='bbox 1426 1673 1441 1693; x_wconf 91' lang='lat' dir='ltr'><strong>a</strong></span> <span class='ocrx_word' id='word_1_533' title='bbox 1453 1666 1565 1694; x_wconf 89' lang='lat' dir='ltr'><strong>bimulis</strong></span> <span class='ocrx_word' id='word_1_534' title='bbox 1581 1665 1802 1694; x_wconf 72' lang='lat' dir='ltr'><strong>et-inl&#39;erioribus</strong></span> 
     </span>
    </p>
   </div>
   <div class='ocr_carea' id='block_1_78' title="bbox 1010 1710 1795 1748">
    <p class='ocr_par' dir='ltr' id='par_1_78' title="bbox 1010 1710 1795 1748">
     <span class='ocr_line' id='line_1_78' title="bbox 1010 1710 1795 1748; baseline 0.003 -10"><span class='ocrx_word' id='word_1_535' title='bbox 1010 1710 1129 1738; x_wconf 91' lang='lat' dir='ltr'><strong>interimi</strong></span> <span class='ocrx_word' id='word_1_536' title='bbox 1148 1711 1241 1746; x_wconf 82' lang='lat' dir='ltr'><strong>jussit.</strong></span> <span class='ocrx_word' id='word_1_537' title='bbox 1265 1711 1403 1740; x_wconf 85' lang='lat' dir='ltr'><strong>lnterlecti</strong></span> <span class='ocrx_word' id='word_1_538' title='bbox 1419 1715 1484 1740; x_wconf 89' lang='lat' dir='ltr'><strong>sunt</strong></span> <span class='ocrx_word' id='word_1_539' title='bbox 1507 1720 1572 1748; x_wconf 88' lang='lat' dir='ltr'><strong>ergo</strong></span> <span class='ocrx_word' id='word_1_540' title='bbox 1587 1712 1725 1745; x_wconf 82' lang='lat' dir='ltr'><strong>infantes,</strong></span> <span class='ocrx_word' id='word_1_541' title='bbox 1761 1720 1795 1740; x_wconf 83' lang='lat' dir='ltr'><strong>ne</strong></span> 
     </span>
    </p>
   </div>
   <div class='ocr_carea' id='block_1_79' title="bbox 1011 1757 1793 1797">
    <p class='ocr_par' dir='ltr' id='par_1_79' title="bbox 1011 1757 1793 1797">
     <span class='ocr_line' id='line_1_79' title="bbox 1011 1757 1793 1797; baseline 0.001 -13"><span class='ocrx_word' id='word_1_542' title='bbox 1011 1764 1066 1784; x_wconf 95' lang='lat' dir='ltr'><strong>uno</strong></span> <span class='ocrx_word' id='word_1_543' title='bbox 1083 1757 1230 1797; x_wconf 70' lang='lat' dir='ltr'><strong>superstite</strong></span> <span class='ocrx_word' id='word_1_544' title='bbox 1253 1758 1360 1786; x_wconf 89' lang='lat' dir='ltr'><strong>relicto.</strong></span> <span class='ocrx_word' id='word_1_545' title='bbox 1386 1758 1458 1786; x_wconf 89' lang='lat' dir='ltr'><strong>Deus</strong></span> <span class='ocrx_word' id='word_1_546' title='bbox 1481 1764 1572 1786; x_wconf 90' lang='lat' dir='ltr'><strong>autem</strong></span> <span class='ocrx_word' id='word_1_547' title='bbox 1594 1758 1621 1785; x_wconf 93' lang='lat' dir='ltr'><strong>in</strong></span> <span class='ocrx_word' id='word_1_548' title='bbox 1657 1757 1793 1786; x_wconf 84' lang='lat' dir='ltr'><strong>Herodem</strong></span> 
     </span>
    </p>
   </div>
   <div class='ocr_carea' id='block_1_80' title="bbox 1011 1802 1795 1839">
    <p class='ocr_par' dir='ltr' id='par_1_80' title="bbox 1011 1802 1795 1839">
     <span class='ocr_line' id='line_1_80' title="bbox 1011 1802 1795 1839; baseline 0.001 -9"><span class='ocrx_word' id='word_1_549' title='bbox 1011 1802 1078 1830; x_wconf 89' lang='lat' dir='ltr'><strong>iram</strong></span> <span class='ocrx_word' id='word_1_550' title='bbox 1102 1808 1185 1838; x_wconf 85' lang='lat' dir='ltr'><strong>atque</strong></span> <span class='ocrx_word' id='word_1_551' title='bbox 1202 1803 1418 1839; x_wconf 87' lang='lat' dir='ltr'><strong>indignationem</strong></span> <span class='ocrx_word' id='word_1_552' title='bbox 1440 1811 1520 1832; x_wconf 82' lang='lat' dir='ltr'><strong>suam</strong></span> <span class='ocrx_word' id='word_1_553' title='bbox 1542 1803 1652 1837; x_wconf 79' lang='lat' dir='ltr'><strong>etl‘udit,</strong></span> <span class='ocrx_word' id='word_1_554' title='bbox 1675 1803 1744 1832; x_wconf 88' lang='lat' dir='ltr'><strong>adeo</strong></span> <span class='ocrx_word' id='word_1_555' title='bbox 1764 1806 1795 1831; x_wconf 86' lang='lat' dir='ltr'><strong>ut</strong></span> 
     </span>
    </p>
   </div>
   <div class='ocr_carea' id='block_1_81' title="bbox 1011 1849 1795 1884">
    <p class='ocr_par' dir='ltr' id='par_1_81' title="bbox 1011 1849 1795 1884">
     <span class='ocr_line' id='line_1_81' title="bbox 1011 1849 1795 1884; baseline 0 -8"><span class='ocrx_word' id='word_1_556' title='bbox 1011 1849 1038 1876; x_wconf 89' lang='lat' dir='ltr'><strong>in</strong></span> <span class='ocrx_word' id='word_1_557' title='bbox 1067 1849 1191 1877; x_wconf 84' lang='lat' dir='ltr'><strong>morbum</strong></span> <span class='ocrx_word' id='word_1_558' title='bbox 1214 1856 1324 1884; x_wconf 77' lang='lat' dir='ltr'><strong>gravem</strong></span> <span class='ocrx_word' id='word_1_559' title='bbox 1345 1849 1490 1882; x_wconf 85' lang='lat' dir='ltr'><strong>incideret,</strong></span> <span class='ocrx_word' id='word_1_560' title='bbox 1513 1857 1569 1884; x_wconf 92' lang='lat' dir='ltr'><strong>quo</strong></span> <span class='ocrx_word' id='word_1_561' title='bbox 1591 1849 1710 1877; x_wconf 88' lang='lat' dir='ltr'><strong>cruciari</strong></span> <span class='ocrx_word' id='word_1_562' title='bbox 1739 1856 1795 1876; x_wconf 90' lang='lat' dir='ltr'><strong>non</strong></span> 
     </span>
    </p>
   </div>
   <div class='ocr_carea' id='block_1_82' title="bbox 1010 1895 1795 1931">
    <p class='ocr_par' dir='ltr' id='par_1_82' title="bbox 1010 1895 1795 1931">
     <span class='ocr_line' id='line_1_82' title="bbox 1010 1895 1795 1931; baseline 0.001 -9"><span class='ocrx_word' id='word_1_563' title='bbox 1010 1895 1093 1923; x_wconf 86' lang='lat' dir='ltr'><strong>desiit</strong></span> <span class='ocrx_word' id='word_1_564' title='bbox 1115 1895 1202 1923; x_wconf 91' lang='lat' dir='ltr'><strong>donec</strong></span> <span class='ocrx_word' id='word_1_565' title='bbox 1226 1900 1391 1928; x_wconf 87' lang='lat' dir='ltr'><strong>moreretur,</strong></span> <span class='ocrx_word' id='word_1_566' title='bbox 1417 1904 1480 1924; x_wconf 90' lang='lat' dir='ltr'><strong>cum</strong></span> <span class='ocrx_word' id='word_1_567' title='bbox 1505 1904 1592 1924; x_wconf 87' lang='lat' dir='ltr'><strong>annos</strong></span> <span class='ocrx_word' id='word_1_568' title='bbox 1613 1896 1722 1931; x_wconf 70' lang='lat' dir='ltr'><strong>triginta</strong></span> <span class='ocrx_word' id='word_1_569' title='bbox 1750 1902 1795 1923; x_wconf 85' lang='lat' dir='ltr'><strong>se-</strong></span> 
     </span>
    </p>
   </div>
   <div class='ocr_carea' id='block_1_83' title="bbox 1011 1936 1796 1977">
    <p class='ocr_par' dir='ltr' id='par_1_83' title="bbox 1011 1936 1796 1977">
     <span class='ocr_line' id='line_1_83' title="bbox 1011 1936 1796 1977; baseline 0 -9"><span class='ocrx_word' id='word_1_570' title='bbox 1011 1945 1083 1977; x_wconf 83' lang='lat' dir='ltr'><strong>ptem</strong></span> <span class='ocrx_word' id='word_1_571' title='bbox 1100 1944 1252 1976; x_wconf 74' lang='lat' dir='ltr'><strong>regnasset.</strong></span> <span class='ocrx_word' id='word_1_572' title='bbox 1276 1941 1457 1976; x_wconf 82' lang='lat'><strong>313-315</strong></span> <span class='ocrx_word' id='word_1_573' title='bbox 1475 1936 1570 1969; x_wconf 55' lang='lat' dir='ltr'><strong>Filios&#39;</strong></span> <span class='ocrx_word' id='word_1_574' title='bbox 1586 1945 1706 1975; x_wconf 86' lang='lat' dir='ltr'><strong>quatuor</strong></span> <span class='ocrx_word' id='word_1_575' title='bbox 1730 1940 1796 1968; x_wconf 86' lang='lat' dir='ltr'><strong>reli-</strong></span> 
     </span>
    </p>
   </div>
   <div class='ocr_carea' id='block_1_84' title="bbox 1010 1985 1797 2022">
    <p class='ocr_par' dir='ltr' id='par_1_84' title="bbox 1010 1985 1797 2022">
     <span class='ocr_line' id='line_1_84' title="bbox 1010 1985 1797 2022; baseline 0.003 -9"><span class='ocrx_word' id='word_1_576' title='bbox 1010 1987 1081 2021; x_wconf 87' lang='lat' dir='ltr'><strong>quit,</strong></span> <span class='ocrx_word' id='word_1_577' title='bbox 1094 1994 1221 2022; x_wconf 52' lang='lat' dir='ltr'><strong>.quorum</strong></span> <span class='ocrx_word' id='word_1_578' title='bbox 1240 1994 1311 2014; x_wconf 92' lang='lat' dir='ltr'><strong>unus</strong></span> <span class='ocrx_word' id='word_1_579' title='bbox 1337 1987 1446 2015; x_wconf 89' lang='lat' dir='ltr'><strong>nomine</strong></span> <span class='ocrx_word' id='word_1_580' title='bbox 1472 1987 1636 2020; x_wconf 84' lang='lat' dir='ltr'><strong>Archelaus,</strong></span> <span class='ocrx_word' id='word_1_581' title='bbox 1656 1985 1797 2015; x_wconf 72' lang='lat' dir='ltr'><strong>secundus</strong></span> 
     </span>
    </p>
   </div>
   <div class='ocr_carea' id='block_1_85' title="bbox 1011 2032 1797 2069">
    <p class='ocr_par' dir='ltr' id='par_1_85' title="bbox 1011 2032 1797 2069">
     <span class='ocr_line' id='line_1_85' title="bbox 1011 2032 1797 2069; baseline 0 -9"><span class='ocrx_word' id='word_1_582' title='bbox 1011 2032 1142 2065; x_wconf 85' lang='lat' dir='ltr'><strong>Herodes.</strong></span> <span class='ocrx_word' id='word_1_583' title='bbox 1161 2033 1260 2062; x_wconf 88' lang='lat' dir='ltr'><strong>tertius</strong></span> <span class='ocrx_word' id='word_1_584' title='bbox 1275 2032 1429 2069; x_wconf 83' lang='lat' dir='ltr'><strong>Philippus,</strong></span> <span class='ocrx_word' id='word_1_585' title='bbox 1449 2038 1564 2068; x_wconf 88' lang='lat' dir='ltr'><strong>quartus</strong></span> <span class='ocrx_word' id='word_1_586' title='bbox 1577 2033 1727 2065; x_wconf 87' lang='lat' dir='ltr'><strong>Lusanius,</strong></span> <span class='ocrx_word' id='word_1_587' title='bbox 1746 2032 1797 2068; x_wconf 78' lang='lat' dir='ltr'><strong>qui</strong></span> 
     </span>
    </p>
   </div>
   <div class='ocr_carea' id='block_1_86' title="bbox 1011 2078 1794 2114">
    <p class='ocr_par' dir='ltr' id='par_1_86' title="bbox 1011 2078 1794 2114">
     <span class='ocr_line' id='line_1_86' title="bbox 1011 2078 1794 2114; baseline 0.003 -10"><span class='ocrx_word' id='word_1_588' title='bbox 1011 2085 1095 2113; x_wconf 85' lang='lat' dir='ltr'><strong>regno</strong></span> <span class='ocrx_word' id='word_1_589' title='bbox 1112 2079 1183 2106; x_wconf 89' lang='lat' dir='ltr'><strong>inter</strong></span> <span class='ocrx_word' id='word_1_590' title='bbox 1196 2087 1225 2106; x_wconf 86' lang='lat' dir='ltr'><strong>se</strong></span> <span class='ocrx_word' id='word_1_591' title='bbox 1237 2079 1326 2107; x_wconf 88' lang='lat' dir='ltr'><strong>diviso</strong></span> <span class='ocrx_word' id='word_1_592' title='bbox 1343 2079 1536 2114; x_wconf 89' lang='lat' dir='ltr'><strong>unusquisque</strong></span> <span class='ocrx_word' id='word_1_593' title='bbox 1558 2086 1684 2114; x_wconf 88' lang='lat' dir='ltr'><strong>quartam</strong></span> <span class='ocrx_word' id='word_1_594' title='bbox 1707 2078 1794 2114; x_wconf 88' lang='lat' dir='ltr'><strong>regio-</strong></span> 
     </span>
    </p>
   </div>
   <div class='ocr_carea' id='block_1_87' title="bbox 1011 2122 1805 2158">
    <p class='ocr_par' dir='ltr' id='par_1_87' title="bbox 1011 2122 1805 2158">
     <span class='ocr_line' id='line_1_87' title="bbox 1011 2122 1805 2158; baseline -0.001 -8"><span class='ocrx_word' id='word_1_595' title='bbox 1011 2122 1055 2150; x_wconf 89' lang='lat' dir='ltr'><strong>nis</strong></span> <span class='ocrx_word' id='word_1_596' title='bbox 1066 2122 1185 2150; x_wconf 69' lang='lat' dir='ltr'><strong>Judaim</strong></span> <span class='ocrx_word' id='word_1_597' title='bbox 1202 2127 1305 2157; x_wconf 88' lang='lat' dir='ltr'><strong>partem</strong></span> <span class='ocrx_word' id='word_1_598' title='bbox 1322 2123 1374 2151; x_wconf 85' lang='lat' dir='ltr'><strong>sibi</strong></span> <span class='ocrx_word' id='word_1_599' title='bbox 1384 2124 1545 2158; x_wconf 88' lang='lat' dir='ltr'><strong>assumpsit.</strong></span> <span class='ocrx_word' id='word_1_600' title='bbox 1567 2123 1598 2151; x_wconf 90' lang='lat' dir='ltr'><strong>ln</strong></span> <span class='ocrx_word' id='word_1_601' title='bbox 1621 2126 1724 2151; x_wconf 90' lang='lat' dir='ltr'><strong>sortem</strong></span> <span class='ocrx_word' id='word_1_602' title='bbox 1746 2130 1805 2150; x_wconf 21' lang='lat' dir='ltr'><strong>au-V</strong></span> 
     </span>
    </p>
   </div>
   <div class='ocr_carea' id='block_1_88' title="bbox 1012 2167 1797 2197">
    <p class='ocr_par' dir='ltr' id='par_1_88' title="bbox 1012 2167 1797 2197">
     <span class='ocr_line' id='line_1_88' title="bbox 1012 2167 1797 2197; baseline 0.001 -2"><span class='ocrx_word' id='word_1_603' title='bbox 1012 2172 1066 2196; x_wconf 89' lang='lat' dir='ltr'><strong>tem</strong></span> <span class='ocrx_word' id='word_1_604' title='bbox 1088 2167 1222 2195; x_wconf 87' lang='lat' dir='ltr'><strong>Archelao</strong></span> <span class='ocrx_word' id='word_1_605' title='bbox 1246 2169 1406 2196; x_wconf 89' lang='lat' dir='ltr'><strong>acciderunt</strong></span> <span class='ocrx_word' id='word_1_606' title='bbox 1430 2168 1589 2197; x_wconf 85' lang='lat' dir='ltr'><strong>Bethlehem</strong></span> <span class='ocrx_word' id='word_1_607' title='bbox 1616 2173 1643 2196; x_wconf 90' lang='lat' dir='ltr'><strong>et</strong></span> <span class='ocrx_word' id='word_1_608' title='bbox 1668 2168 1797 2196; x_wconf 81' lang='lat' dir='ltr'><strong>Hieroso-</strong></span> 
     </span>
    </p>
   </div>
   <div class='ocr_carea' id='block_1_89' title="bbox 1012 2211 1797 2248">
    <p class='ocr_par' dir='ltr' id='par_1_89' title="bbox 1012 2211 1797 2248">
     <span class='ocr_line' id='line_1_89' title="bbox 1012 2211 1797 2248; baseline 0.001 -9"><span class='ocrx_word' id='word_1_609' title='bbox 1012 2213 1094 2248; x_wconf 78' lang='lat' dir='ltr'><strong>lyma.</strong></span> <span class='ocrx_word' id='word_1_610' title='bbox 1113 2212 1251 2247; x_wconf 65' lang='lat' dir='ltr'><strong>Iosephus</strong></span> <span class='ocrx_word' id='word_1_611' title='bbox 1263 2221 1339 2248; x_wconf 90' lang='lat' dir='ltr'><strong>ergo,</strong></span> <span class='ocrx_word' id='word_1_612' title='bbox 1360 2213 1455 2241; x_wconf 87' lang='lat' dir='ltr'><strong>audito</strong></span> <span class='ocrx_word' id='word_1_613' title='bbox 1478 2217 1617 2241; x_wconf 90' lang='lat' dir='ltr'><strong>mortuum</strong></span> <span class='ocrx_word' id='word_1_614' title='bbox 1638 2219 1699 2240; x_wconf 87' lang='lat' dir='ltr'><strong>esse</strong></span> <span class='ocrx_word' id='word_1_615' title='bbox 1713 2211 1797 2240; x_wconf 85' lang='lat' dir='ltr'><strong>Hero-</strong></span> 
     </span>
    </p>
   </div>
   <div class='ocr_carea' id='block_1_90' title="bbox 1012 2258 1797 2295">
    <p class='ocr_par' dir='ltr' id='par_1_90' title="bbox 1012 2258 1797 2295">
     <span class='ocr_line' id='line_1_90' title="bbox 1012 2258 1797 2295; baseline 0 -10"><span class='ocrx_word' id='word_1_616' title='bbox 1012 2258 1086 2291; x_wconf 88' lang='lat' dir='ltr'><strong>dem,</strong></span> <span class='ocrx_word' id='word_1_617' title='bbox 1101 2267 1133 2286; x_wconf 89' lang='lat' dir='ltr'><strong>ex</strong></span> <span class='ocrx_word' id='word_1_618' title='bbox 1159 2258 1278 2295; x_wconf 67' lang='lat' dir='ltr'><strong>Egypto</strong></span> <span class='ocrx_word' id='word_1_619' title='bbox 1301 2266 1364 2286; x_wconf 90' lang='lat' dir='ltr'><strong>cum</strong></span> <span class='ocrx_word' id='word_1_620' title='bbox 1388 2259 1505 2287; x_wconf 91' lang='lat' dir='ltr'><strong>Domino</strong></span> <span class='ocrx_word' id='word_1_621' title='bbox 1523 2263 1617 2287; x_wconf 89' lang='lat' dir='ltr'><strong>nostro</strong></span> <span class='ocrx_word' id='word_1_622' title='bbox 1635 2258 1747 2287; x_wconf 88' lang='lat' dir='ltr'><strong>Christo</strong></span> <span class='ocrx_word' id='word_1_623' title='bbox 1769 2262 1797 2286; x_wconf 90' lang='lat' dir='ltr'><strong>et</strong></span> 
     </span>
    </p>
   </div>
   <div class='ocr_carea' id='block_1_91' title="bbox 172 2304 1804 2343">
    <p class='ocr_par' dir='ltr' id='par_1_91' title="bbox 172 2304 1804 2343">
     <span class='ocr_line' id='line_1_91' title="bbox 172 2304 1804 2343; baseline 0.001 -13"><span class='ocrx_word' id='word_1_624' title='bbox 172 2305 260 2339; x_wconf 80' lang='lat' dir='ltr'><strong>ginta.</strong></span> <span class='ocrx_word' id='word_1_625' title='bbox 281 2305 302 2332; x_wconf 89' lang='lat' dir='ltr'><strong>A</strong></span> <span class='ocrx_word' id='word_1_626' title='bbox 325 2311 408 2340; x_wconf 84' lang='lat' dir='ltr'><strong>regno</strong></span> <span class='ocrx_word' id='word_1_627' title='bbox 428 2305 576 2332; x_wconf 85' lang='lat' dir='ltr'><strong>Alexandri</strong></span> <span class='ocrx_word' id='word_1_628' title='bbox 596 2306 710 2333; x_wconf 88' lang='lat' dir='ltr'><strong>trecenti</strong></span> <span class='ocrx_word' id='word_1_629' title='bbox 736 2308 915 2343; x_wconf 85' lang='lat' dir='ltr'><strong>undeviginti.</strong></span> <span class='ocrx_word' id='word_1_630' title='bbox 936 2308 957 2336; x_wconf 81' lang='grc' dir='ltr'><strong>Α</strong></span> <span class='ocrx_word' id='word_1_631' title='bbox 971 2309 999 2339; x_wconf 88' lang='lat' dir='ltr'><strong><em>D</em></strong></span> <span class='ocrx_word' id='word_1_632' title='bbox 1013 2308 1099 2332; x_wconf 82' lang='lat' dir='ltr'><strong>matrc</strong></span> <span class='ocrx_word' id='word_1_633' title='bbox 1110 2305 1199 2339; x_wconf 88' lang='lat' dir='ltr'><strong>ipsius</strong></span> <span class='ocrx_word' id='word_1_634' title='bbox 1215 2312 1341 2340; x_wconf 86' lang='lat' dir='ltr'><strong>egressus</strong></span> <span class='ocrx_word' id='word_1_635' title='bbox 1359 2309 1420 2337; x_wconf 87' lang='lat' dir='ltr'><strong>est,</strong></span> <span class='ocrx_word' id='word_1_636' title='bbox 1443 2305 1559 2333; x_wconf 91' lang='lat' dir='ltr'><strong>Domino</strong></span> <span class='ocrx_word' id='word_1_637' title='bbox 1579 2304 1691 2332; x_wconf 89' lang='lat' dir='ltr'><strong>Christo</strong></span> <span class='ocrx_word' id='word_1_638' title='bbox 1710 2311 1804 2334; x_wconf 61' lang='lat' dir='ltr'><strong>annos.</strong></span> 
     </span>
    </p>
   </div>
   <div class='ocr_carea' id='block_1_92' title="bbox 172 2350 959 2389">
    <p class='ocr_par' dir='ltr' id='par_1_92' title="bbox 172 2350 959 2389">
     <span class='ocr_line' id='line_1_92' title="bbox 172 2350 959 2389; baseline 0.008 -14"><span class='ocrx_word' id='word_1_639' title='bbox 172 2353 298 2384; x_wconf 87' lang='lat' dir='ltr'><strong>tempore</strong></span> <span class='ocrx_word' id='word_1_640' title='bbox 312 2357 367 2384; x_wconf 87' lang='lat' dir='ltr'><strong>quo</strong></span> <span class='ocrx_word' id='word_1_641' title='bbox 382 2350 512 2378; x_wconf 70' lang='lat' dir='ltr'><strong>Israelita:</strong></span> <span class='ocrx_word' id='word_1_642' title='bbox 534 2358 582 2385; x_wconf 92' lang='lat' dir='ltr'><strong>per</strong></span> <span class='ocrx_word' id='word_1_643' title='bbox 594 2351 841 2380; x_wconf 85' lang='lat' dir='ltr'><strong>Bocbtanasserem</strong></span> <span class='ocrx_word' id='word_1_644' title='bbox 858 2354 959 2389; x_wconf 86' lang='lat' dir='ltr'><strong>captivi</strong></span> 
     </span>
    </p>
   </div>
   <div class='ocr_carea' id='block_1_93' title="bbox 173 2394 960 2432">
    <p class='ocr_par' dir='ltr' id='par_1_93' title="bbox 173 2394 960 2432">
     <span class='ocr_line' id='line_1_93' title="bbox 173 2394 960 2432; baseline 0.006 -11"><span class='ocrx_word' id='word_1_645' title='bbox 173 2394 300 2422; x_wconf 64' lang='lat' dir='ltr'><strong>Balbelem</strong></span> <span class='ocrx_word' id='word_1_646' title='bbox 315 2395 422 2422; x_wconf 88' lang='lat' dir='ltr'><strong>abducti</strong></span> <span class='ocrx_word' id='word_1_647' title='bbox 447 2400 521 2428; x_wconf 87' lang='lat' dir='ltr'><strong>sunt,</strong></span> <span class='ocrx_word' id='word_1_648' title='bbox 544 2397 685 2432; x_wconf 85' lang='lat' dir='ltr'><strong>quingenti</strong></span> <span class='ocrx_word' id='word_1_649' title='bbox 705 2398 843 2432; x_wconf 79' lang='lat' dir='ltr'><strong>octoginta</strong></span> <span class='ocrx_word' id='word_1_650' title='bbox 858 2399 923 2426; x_wconf 87' lang='lat' dir='ltr'><strong>duo.</strong></span> <span class='ocrx_word' id='word_1_651' title='bbox 938 2399 960 2426; x_wconf 88' lang='lat' dir='ltr'><strong>A</strong></span> 
     </span>
    </p>
   </div>
   <div class='ocr_carea' id='block_1_94' title="bbox 171 2440 959 2477">
    <p class='ocr_par' dir='ltr' id='par_1_94' title="bbox 171 2440 959 2477">
     <span class='ocr_line' id='line_1_94' title="bbox 171 2440 959 2477; baseline 0.006 -11"><span class='ocrx_word' id='word_1_652' title='bbox 171 2447 258 2474; x_wconf 84' lang='lat' dir='ltr'><strong>regno</strong></span> <span class='ocrx_word' id='word_1_653' title='bbox 272 2440 395 2472; x_wconf 85' lang='lat' dir='ltr'><strong>Davidis,</strong></span> <span class='ocrx_word' id='word_1_654' title='bbox 408 2441 482 2468; x_wconf 89' lang='lat' dir='ltr'><strong>mille</strong></span> <span class='ocrx_word' id='word_1_655' title='bbox 498 2442 697 2477; x_wconf 87' lang='lat' dir='ltr'><strong>quinquaginta</strong></span> <span class='ocrx_word' id='word_1_656' title='bbox 711 2450 819 2471; x_wconf 87' lang='lat' dir='ltr'><strong>novem.</strong></span> <span class='ocrx_word' id='word_1_657' title='bbox 829 2444 870 2471; x_wconf 90' lang='lat' dir='ltr'><strong>Ab</strong></span> <span class='ocrx_word' id='word_1_658' title='bbox 884 2445 959 2472; x_wconf 84' lang='lat' dir='ltr'><strong>exitu</strong></span> 
     </span>
    </p>
   </div>
   <div class='ocr_carea' id='block_1_95' title="bbox 170 2485 960 2525">
    <p class='ocr_par' dir='ltr' id='par_1_95' title="bbox 170 2485 960 2525">
     <span class='ocr_line' id='line_1_95' title="bbox 170 2485 960 2525; baseline 0.009 -14"><span class='ocrx_word' id='word_1_659' title='bbox 170 2485 360 2513; x_wconf 82' lang='lat' dir='ltr'><strong>lsraelitarum</strong></span> <span class='ocrx_word' id='word_1_660' title='bbox 385 2495 418 2514; x_wconf 89' lang='lat' dir='ltr'><strong>ex</strong></span> <span class='ocrx_word' id='word_1_661' title='bbox 439 2487 544 2522; x_wconf 83' lang='lat' dir='ltr'><strong>Egypto</strong></span> <span class='ocrx_word' id='word_1_662' title='bbox 572 2488 645 2516; x_wconf 89' lang='lat' dir='ltr'><strong>mille</strong></span> <span class='ocrx_word' id='word_1_663' title='bbox 670 2489 792 2517; x_wconf 84' lang='lat' dir='ltr'><strong>sexcenti</strong></span> <span class='ocrx_word' id='word_1_664' title='bbox 818 2491 960 2525; x_wconf 83' lang='lat' dir='ltr'><strong>sexaginta</strong></span> 
     </span>
    </p>
   </div>
   <div class='ocr_carea' id='block_1_96' title="bbox 169 2532 958 2570">
    <p class='ocr_par' dir='ltr' id='par_1_96' title="bbox 169 2532 958 2570">
     <span class='ocr_line' id='line_1_96' title="bbox 169 2532 958 2570; baseline 0.005 -12"><span class='ocrx_word' id='word_1_665' title='bbox 169 2532 307 2566; x_wconf 85' lang='lat' dir='ltr'><strong>quinque.</strong></span> <span class='ocrx_word' id='word_1_666' title='bbox 328 2532 369 2559; x_wconf 91' lang='lat' dir='ltr'><strong>Ab</strong></span> <span class='ocrx_word' id='word_1_667' title='bbox 387 2532 543 2560; x_wconf 81' lang='lat' dir='ltr'><strong>Abrahamo</strong></span> <span class='ocrx_word' id='word_1_668' title='bbox 559 2533 601 2561; x_wconf 90' lang='lat' dir='ltr'><strong>bis</strong></span> <span class='ocrx_word' id='word_1_669' title='bbox 619 2534 694 2561; x_wconf 90' lang='lat' dir='ltr'><strong>mille</strong></span> <span class='ocrx_word' id='word_1_670' title='bbox 713 2538 822 2562; x_wconf 88' lang='lat' dir='ltr'><strong>centum</strong></span> <span class='ocrx_word' id='word_1_671' title='bbox 846 2539 958 2570; x_wconf 89' lang='lat' dir='ltr'><strong>septua-</strong></span> 
     </span>
    </p>
   </div>
   <div class='ocr_carea' id='block_1_97' title="bbox 169 2577 961 2615">
    <p class='ocr_par' dir='ltr' id='par_1_97' title="bbox 169 2577 961 2615">
     <span class='ocr_line' id='line_1_97' title="bbox 169 2577 961 2615; baseline 0.008 -13"><span class='ocrx_word' id='word_1_672' title='bbox 169 2577 249 2611; x_wconf 77' lang='lat' dir='ltr'><strong>ginta</strong></span> <span class='ocrx_word' id='word_1_673' title='bbox 265 2577 330 2606; x_wconf 87' lang='lat' dir='ltr'><strong>duo.</strong></span> <span class='ocrx_word' id='word_1_674' title='bbox 352 2577 374 2604; x_wconf 93' lang='lat' dir='ltr'><strong>A</strong></span> <span class='ocrx_word' id='word_1_675' title='bbox 389 2577 508 2606; x_wconf 77' lang='lat' dir='ltr'><strong>Phalelto</strong></span> <span class='ocrx_word' id='word_1_676' title='bbox 525 2579 568 2606; x_wconf 87' lang='lat' dir='ltr'><strong>bis</strong></span> <span class='ocrx_word' id='word_1_677' title='bbox 595 2580 670 2607; x_wconf 91' lang='lat' dir='ltr'><strong>mille</strong></span> <span class='ocrx_word' id='word_1_678' title='bbox 687 2581 852 2615; x_wconf 84' lang='lat' dir='ltr'><strong>septingenti</strong></span> <span class='ocrx_word' id='word_1_679' title='bbox 869 2581 961 2609; x_wconf 89' lang='lat' dir='ltr'><strong>trede-</strong></span> 
     </span>
    </p>
   </div>
   <div class='ocr_carea' id='block_1_98' title="bbox 167 2623 959 2662">
    <p class='ocr_par' dir='ltr' id='par_1_98' title="bbox 167 2623 959 2662">
     <span class='ocr_line' id='line_1_98' title="bbox 167 2623 959 2662; baseline 0.008 -14"><span class='ocrx_word' id='word_1_680' title='bbox 167 2623 241 2650; x_wconf 86' lang='lat' dir='ltr'><strong>cim.</strong></span> <span class='ocrx_word' id='word_1_681' title='bbox 264 2624 286 2650; x_wconf 88' lang='lat' dir='ltr'><strong>A</strong></span> <span class='ocrx_word' id='word_1_682' title='bbox 306 2624 411 2651; x_wconf 81' lang='lat' dir='ltr'><strong>diluvio</strong></span> <span class='ocrx_word' id='word_1_683' title='bbox 426 2629 467 2651; x_wconf 87' lang='lat' dir='ltr'><strong>ter</strong></span> <span class='ocrx_word' id='word_1_684' title='bbox 483 2625 557 2652; x_wconf 76' lang='lat' dir='ltr'><strong>mille</strong></span> <span class='ocrx_word' id='word_1_685' title='bbox 571 2625 680 2653; x_wconf 90' lang='lat' dir='ltr'><strong>ducenti</strong></span> <span class='ocrx_word' id='word_1_686' title='bbox 696 2626 875 2662; x_wconf 82' lang='lat' dir='ltr'><strong>quadraginta</strong></span> <span class='ocrx_word' id='word_1_687' title='bbox 891 2635 959 2662; x_wconf 90' lang='lat' dir='ltr'><strong>qua-</strong></span> 
     </span>
    </p>
   </div>
   <div class='ocr_carea' id='block_1_99' title="bbox 168 2669 844 2706">
    <p class='ocr_par' dir='ltr' id='par_1_99' title="bbox 168 2669 844 2706">
     <span class='ocr_line' id='line_1_99' title="bbox 168 2669 844 2706; baseline 0.003 -10"><span class='ocrx_word' id='word_1_688' title='bbox 168 2675 248 2696; x_wconf 86' lang='lat' dir='ltr'><strong>tuor.</strong></span> <span class='ocrx_word' id='word_1_689' title='bbox 263 2669 303 2696; x_wconf 88' lang='lat' dir='ltr'><strong>Ab</strong></span> <span class='ocrx_word' id='word_1_690' title='bbox 319 2669 424 2697; x_wconf 92' lang='lat' dir='ltr'><strong>Adamo</strong></span> <span class='ocrx_word' id='word_1_691' title='bbox 438 2669 584 2704; x_wconf 87' lang='lat' dir='ltr'><strong>quinquies</strong></span> <span class='ocrx_word' id='word_1_692' title='bbox 602 2669 676 2698; x_wconf 88' lang='lat' dir='ltr'><strong>mille</strong></span> <span class='ocrx_word' id='word_1_693' title='bbox 690 2671 844 2706; x_wconf 90' lang='lat' dir='ltr'><strong>quingenti.</strong></span> 
     </span>
    </p>
   </div>
   <div class='ocr_carea' id='block_1_100' title="bbox 221 2713 959 2750">
    <p class='ocr_par' dir='ltr' id='par_1_100' title="bbox 221 2713 959 2750">
     <span class='ocr_line' id='line_1_100' title="bbox 221 2713 959 2750; baseline 0.007 -11"><span class='ocrx_word' id='word_1_694' title='bbox 221 2713 307 2740; x_wconf 78' lang='lat' dir='ltr'><strong>Porro</strong></span> <span class='ocrx_word' id='word_1_695' title='bbox 333 2721 407 2740; x_wconf 91' lang='lat' dir='ltr'><strong>anno</strong></span> <span class='ocrx_word' id='word_1_696' title='bbox 436 2714 546 2748; x_wconf 90' lang='lat' dir='ltr'><strong>imperii</strong></span> <span class='ocrx_word' id='word_1_697' title='bbox 562 2716 680 2749; x_wconf 82' lang='lat' dir='ltr'><strong>Augusti</strong></span> <span class='ocrx_word' id='word_1_698' title='bbox 703 2716 820 2744; x_wconf 62' lang='lat' dir='ltr'><strong>Caesaris</strong></span> <span class='ocrx_word' id='word_1_699' title='bbox 838 2717 959 2750; x_wconf 83' lang='lat' dir='ltr'><strong>quadra-</strong></span> 
     </span>
    </p>
   </div>
   <div class='ocr_carea' id='block_1_101' title="bbox 165 2759 959 2795">
    <p class='ocr_par' dir='ltr' id='par_1_101' title="bbox 165 2759 959 2795">
     <span class='ocr_line' id='line_1_101' title="bbox 165 2759 959 2795; baseline 0.006 -11"><span class='ocrx_word' id='word_1_700' title='bbox 165 2759 280 2793; x_wconf 82' lang='lat' dir='ltr'><strong>gesimo</strong></span> <span class='ocrx_word' id='word_1_701' title='bbox 294 2763 403 2793; x_wconf 81' lang='lat' dir='ltr'><strong>quarto.</strong></span> <span class='ocrx_word' id='word_1_702' title='bbox 429 2759 558 2791; x_wconf 83' lang='lat' dir='ltr'><strong>Herodis,</strong></span> <span class='ocrx_word' id='word_1_703' title='bbox 586 2760 633 2786; x_wconf 78' lang='lat' dir='ltr'><strong>lilii</strong></span> <span class='ocrx_word' id='word_1_704' title='bbox 655 2760 803 2795; x_wconf 86' lang='lat' dir='ltr'><strong>Antipatri,</strong></span> <span class='ocrx_word' id='word_1_705' title='bbox 821 2762 959 2789; x_wconf 87' lang='lat' dir='ltr'><strong>tricesimo</strong></span> 
     </span>
    </p>
   </div>
   <div class='ocr_carea' id='block_1_102' title="bbox 163 2803 959 2840">
    <p class='ocr_par' dir='ltr' id='par_1_102' title="bbox 163 2803 959 2840">
     <span class='ocr_line' id='line_1_102' title="bbox 163 2803 959 2840; baseline 0.008 -12"><span class='ocrx_word' id='word_1_706' title='bbox 163 2804 284 2838; x_wconf 86' lang='lat' dir='ltr'><strong>quinto,</strong></span> <span class='ocrx_word' id='word_1_707' title='bbox 296 2803 438 2831; x_wconf 82' lang='lat' dir='ltr'><strong>venientes</strong></span> <span class='ocrx_word' id='word_1_708' title='bbox 450 2809 507 2831; x_wconf 87' lang='lat' dir='ltr'><strong>tres</strong></span> <span class='ocrx_word' id='word_1_709' title='bbox 524 2804 593 2840; x_wconf 86' lang='lat' dir='ltr'><strong>Magi</strong></span> <span class='ocrx_word' id='word_1_710' title='bbox 606 2806 640 2832; x_wconf 89' lang='lat' dir='ltr'><strong>ab</strong></span> <span class='ocrx_word' id='word_1_711' title='bbox 652 2805 766 2833; x_wconf 89' lang='lat' dir='ltr'><strong>Oriente</strong></span> <span class='ocrx_word' id='word_1_712' title='bbox 785 2807 811 2833; x_wconf 92' lang='lat' dir='ltr'><strong>in</strong></span> <span class='ocrx_word' id='word_1_713' title='bbox 826 2805 959 2840; x_wconf 82' lang='lat' dir='ltr'><strong>Judaeatn,</strong></span> 
     </span>
    </p>
   </div>
   <div class='ocr_carea' id='block_1_103' title="bbox 161 2850 959 2888">
    <p class='ocr_par' dir='ltr' id='par_1_103' title="bbox 161 2850 959 2888">
     <span class='ocr_line' id='line_1_103' title="bbox 161 2850 959 2888; baseline 0.006 -12"><span class='ocrx_word' id='word_1_714' title='bbox 161 2850 362 2885; x_wconf 78' lang='lat' dir='ltr'><strong>quaesiverunt</strong></span> <span class='ocrx_word' id='word_1_715' title='bbox 379 2850 426 2877; x_wconf 89' lang='lat' dir='ltr'><strong>ubi</strong></span> <span class='ocrx_word' id='word_1_716' title='bbox 436 2855 516 2878; x_wconf 83' lang='lat' dir='ltr'><strong>natus</strong></span> <span class='ocrx_word' id='word_1_717' title='bbox 526 2856 598 2879; x_wconf 85' lang='lat' dir='ltr'><strong>esset</strong></span> <span class='ocrx_word' id='word_1_718' title='bbox 613 2851 667 2879; x_wconf 77' lang='lat' dir='ltr'><strong>liex</strong></span> <span class='ocrx_word' id='word_1_719' title='bbox 683 2852 734 2879; x_wconf 88' lang='lat' dir='ltr'><strong>iste</strong></span> <span class='ocrx_word' id='word_1_720' title='bbox 747 2860 871 2888; x_wconf 85' lang='lat' dir='ltr'><strong>magnus.</strong></span> <span class='ocrx_word' id='word_1_721' title='bbox 889 2853 959 2881; x_wconf 85' lang='lat' dir='ltr'><strong>Metu</strong></span> 
     </span>
    </p>
   </div>
   <div class='ocr_carea' id='block_1_104' title="bbox 162 2895 958 2934">
    <p class='ocr_par' dir='ltr' id='par_1_104' title="bbox 162 2895 958 2934">
     <span class='ocr_line' id='line_1_104' title="bbox 162 2895 958 2934; baseline 0.004 -11"><span class='ocrx_word' id='word_1_722' title='bbox 162 2902 242 2929; x_wconf 75' lang='lat' dir='ltr'><strong>ergo</strong></span> <span class='ocrx_word' id='word_1_723' title='bbox 259 2895 385 2930; x_wconf 86' lang='lat' dir='ltr'><strong>perculso</strong></span> <span class='ocrx_word' id='word_1_724' title='bbox 412 2895 528 2927; x_wconf 77' lang='lat' dir='ltr'><strong>Herode,</strong></span> <span class='ocrx_word' id='word_1_725' title='bbox 545 2904 576 2923; x_wconf 86' lang='lat' dir='ltr'><strong>ac</strong></span> <span class='ocrx_word' id='word_1_726' title='bbox 591 2900 648 2924; x_wconf 83' lang='lat' dir='ltr'><strong>tota</strong></span> <span class='ocrx_word' id='word_1_727' title='bbox 673 2896 830 2925; x_wconf 60' lang='lat' dir='ltr'><strong>Iudaeorum</strong></span> <span class='ocrx_word' id='word_1_728' title='bbox 850 2899 958 2934; x_wconf 86' lang='lat' dir='ltr'><strong>regione</strong></span> 
     </span>
    </p>
   </div>
   <div class='ocr_carea' id='block_1_105' title="bbox 148 2940 959 2984">
    <p class='ocr_par' dir='ltr' id='par_1_105' title="bbox 148 2940 959 2984">
     <span class='ocr_line' id='line_1_105' title="bbox 148 2940 959 2984; baseline 0.007 -16"><span class='ocrx_word' id='word_1_729' title='bbox 148 2940 211 2984; x_wconf 80' lang='lat' dir='ltr'><strong>_ob</strong></span> <span class='ocrx_word' id='word_1_730' title='bbox 233 2947 326 2968; x_wconf 87' lang='lat' dir='ltr'><strong>eorum</strong></span> <span class='ocrx_word' id='word_1_731' title='bbox 348 2940 429 2969; x_wconf 84' lang='lat' dir='ltr'><strong>verba</strong></span> <span class='ocrx_word' id='word_1_732' title='bbox 453 2941 621 2976; x_wconf 79' lang='lat' dir='ltr'><strong>perturbata,</strong></span> <span class='ocrx_word' id='word_1_733' title='bbox 644 2943 791 2972; x_wconf 80' lang='lat' dir='ltr'><strong>accersitos</strong></span> <span class='ocrx_word' id='word_1_734' title='bbox 809 2943 900 2980; x_wconf 78' lang='lat' dir='ltr'><strong>Magos</strong></span> <span class='ocrx_word' id='word_1_735' title='bbox 915 2953 959 2973; x_wconf 82' lang='lat' dir='ltr'><strong>r0-</strong></span> 
     </span>
    </p>
   </div>
   <div class='ocr_carea' id='block_1_106' title="bbox 1012 2349 1804 2385">
    <p class='ocr_par' dir='ltr' id='par_1_106' title="bbox 1012 2349 1804 2385">
     <span class='ocr_line' id='line_1_106' title="bbox 1012 2349 1804 2385; baseline -0.004 -8"><span class='ocrx_word' id='word_1_736' title='bbox 1012 2354 1077 2378; x_wconf 92' lang='lat' dir='ltr'><strong>tunc</strong></span> <span class='ocrx_word' id='word_1_737' title='bbox 1097 2355 1216 2385; x_wconf 90' lang='lat' dir='ltr'><strong>quatuor</strong></span> <span class='ocrx_word' id='word_1_738' title='bbox 1229 2354 1308 2379; x_wconf 89' lang='lat' dir='ltr'><strong>nato.</strong></span> <span class='ocrx_word' id='word_1_739' title='bbox 1326 2350 1439 2378; x_wconf 89' lang='lat' dir='ltr'><strong>Timens</strong></span> <span class='ocrx_word' id='word_1_740' title='bbox 1458 2354 1549 2378; x_wconf 89' lang='lat' dir='ltr'><strong>autem</strong></span> <span class='ocrx_word' id='word_1_741' title='bbox 1564 2350 1734 2378; x_wconf 84' lang='lat' dir='ltr'><strong>Bcthlehemi</strong></span> <span class='ocrx_word' id='word_1_742' title='bbox 1750 2349 1804 2379; x_wconf 70' lang='lat' dir='ltr'><strong>bats.</strong></span> 
     </span>
    </p>
   </div>
   <div class='ocr_carea' id='block_1_107' title="bbox 1013 2394 1797 2429">
    <p class='ocr_par' dir='ltr' id='par_1_107' title="bbox 1013 2394 1797 2429">
     <span class='ocr_line' id='line_1_107' title="bbox 1013 2394 1797 2429; baseline 0 -5"><span class='ocrx_word' id='word_1_743' title='bbox 1013 2396 1114 2429; x_wconf 90' lang='lat' dir='ltr'><strong>bitare,</strong></span> <span class='ocrx_word' id='word_1_744' title='bbox 1128 2397 1164 2424; x_wconf 94' lang='lat' dir='ltr'><strong>ob</strong></span> <span class='ocrx_word' id='word_1_745' title='bbox 1180 2396 1358 2429; x_wconf 89' lang='lat' dir='ltr'><strong>Archelaum,</strong></span> <span class='ocrx_word' id='word_1_746' title='bbox 1373 2396 1516 2423; x_wconf 79' lang='lat' dir='ltr'><strong>Nazarethi</strong></span> <span class='ocrx_word' id='word_1_747' title='bbox 1530 2396 1622 2423; x_wconf 88' lang='lat' dir='ltr'><strong>sedem</strong></span> <span class='ocrx_word' id='word_1_748' title='bbox 1639 2395 1708 2427; x_wconf 82' lang='lat' dir='ltr'><strong>lixit.</strong></span> <span class='ocrx_word' id='word_1_749' title='bbox 1721 2394 1797 2424; x_wconf 66' lang='lat' dir='ltr'><strong>ideoi-</strong></span> 
     </span>
    </p>
   </div>
   <div class='ocr_carea' id='block_1_108' title="bbox 1011 2441 1797 2476">
    <p class='ocr_par' dir='ltr' id='par_1_108' title="bbox 1011 2441 1797 2476">
     <span class='ocr_line' id='line_1_108' title="bbox 1011 2441 1797 2476; baseline -0.001 -7"><span class='ocrx_word' id='word_1_750' title='bbox 1011 2449 1064 2475; x_wconf 88' lang='lat' dir='ltr'><strong>que</strong></span> <span class='ocrx_word' id='word_1_751' title='bbox 1077 2442 1234 2470; x_wconf 82' lang='lat' dir='ltr'><strong>Nazarenus</strong></span> <span class='ocrx_word' id='word_1_752' title='bbox 1248 2441 1347 2469; x_wconf 90' lang='lat' dir='ltr'><strong>audiit.</strong></span> <span class='ocrx_word' id='word_1_753' title='bbox 1359 2442 1457 2476; x_wconf 87' lang='lat' dir='ltr'><strong>Porro,</strong></span> <span class='ocrx_word' id='word_1_754' title='bbox 1471 2449 1543 2469; x_wconf 88' lang='lat' dir='ltr'><strong>anno</strong></span> <span class='ocrx_word' id='word_1_755' title='bbox 1553 2441 1679 2469; x_wconf 87' lang='lat' dir='ltr'><strong>Archelai</strong></span> <span class='ocrx_word' id='word_1_756' title='bbox 1687 2444 1797 2473; x_wconf 84' lang='lat' dir='ltr'><strong>octavo.</strong></span> 
     </span>
    </p>
   </div>
   <div class='ocr_carea' id='block_1_109' title="bbox 1012 2485 1797 2520">
    <p class='ocr_par' dir='ltr' id='par_1_109' title="bbox 1012 2485 1797 2520">
     <span class='ocr_line' id='line_1_109' title="bbox 1012 2485 1797 2520; baseline 0 -6"><span class='ocrx_word' id='word_1_757' title='bbox 1012 2486 1144 2514; x_wconf 84' lang='lat' dir='ltr'><strong>Dominus</strong></span> <span class='ocrx_word' id='word_1_758' title='bbox 1162 2487 1300 2520; x_wconf 87' lang='lat' dir='ltr'><strong>Christus,</strong></span> <span class='ocrx_word' id='word_1_759' title='bbox 1319 2494 1407 2514; x_wconf 89' lang='lat' dir='ltr'><strong>annos</strong></span> <span class='ocrx_word' id='word_1_760' title='bbox 1424 2490 1490 2514; x_wconf 87' lang='lat' dir='ltr'><strong>tunc</strong></span> <span class='ocrx_word' id='word_1_761' title='bbox 1504 2491 1585 2514; x_wconf 90' lang='lat' dir='ltr'><strong>natus</strong></span> <span class='ocrx_word' id='word_1_762' title='bbox 1596 2485 1753 2518; x_wconf 85' lang='lat' dir='ltr'><strong>duodecim,</strong></span> <span class='ocrx_word' id='word_1_763' title='bbox 1770 2486 1797 2514; x_wconf 88' lang='lat' dir='ltr'><strong>in</strong></span> 
     </span>
    </p>
   </div>
   <div class='ocr_carea' id='block_1_110' title="bbox 1013 2531 1798 2567">
    <p class='ocr_par' dir='ltr' id='par_1_110' title="bbox 1013 2531 1798 2567">
     <span class='ocr_line' id='line_1_110' title="bbox 1013 2531 1798 2567; baseline -0.001 -8"><span class='ocrx_word' id='word_1_764' title='bbox 1013 2532 1126 2567; x_wconf 86' lang='lat' dir='ltr'><strong>templo,</strong></span> <span class='ocrx_word' id='word_1_765' title='bbox 1151 2532 1178 2559; x_wconf 93' lang='lat' dir='ltr'><strong>in</strong></span> <span class='ocrx_word' id='word_1_766' title='bbox 1205 2532 1295 2560; x_wconf 91' lang='lat' dir='ltr'><strong>medio</strong></span> <span class='ocrx_word' id='word_1_767' title='bbox 1309 2532 1452 2560; x_wconf 89' lang='lat' dir='ltr'><strong>doctorum</strong></span> <span class='ocrx_word' id='word_1_768' title='bbox 1468 2532 1578 2565; x_wconf 80' lang='lat' dir='ltr'><strong>sedens,</strong></span> <span class='ocrx_word' id='word_1_769' title='bbox 1594 2531 1693 2560; x_wconf 85' lang='lat' dir='ltr'><strong>doctos</strong></span> <span class='ocrx_word' id='word_1_770' title='bbox 1713 2531 1798 2559; x_wconf 85' lang='lat' dir='ltr'><strong>doce-</strong></span> 
     </span>
    </p>
   </div>
   <div class='ocr_carea' id='block_1_111' title="bbox 1011 2575 1797 2611">
    <p class='ocr_par' dir='ltr' id='par_1_111' title="bbox 1011 2575 1797 2611">
     <span class='ocr_line' id='line_1_111' title="bbox 1011 2575 1797 2611; baseline 0.001 -7"><span class='ocrx_word' id='word_1_771' title='bbox 1011 2577 1070 2604; x_wconf 91' lang='lat' dir='ltr'><strong>bat.</strong></span> <span class='ocrx_word' id='word_1_772' title='bbox 1100 2576 1202 2604; x_wconf 88' lang='lat' dir='ltr'><strong>Deinde</strong></span> <span class='ocrx_word' id='word_1_773' title='bbox 1222 2580 1350 2604; x_wconf 90' lang='lat' dir='ltr'><strong>mortuus</strong></span> <span class='ocrx_word' id='word_1_774' title='bbox 1372 2581 1415 2604; x_wconf 89' lang='lat' dir='ltr'><strong>est</strong></span> <span class='ocrx_word' id='word_1_775' title='bbox 1437 2576 1577 2611; x_wconf 80' lang='lat' dir='ltr'><strong>Joscphus</strong></span> <span class='ocrx_word' id='word_1_776' title='bbox 1591 2576 1637 2611; x_wconf 84' lang='lat' dir='ltr'><strong>qui</strong></span> <span class='ocrx_word' id='word_1_777' title='bbox 1658 2575 1797 2605; x_wconf 86' lang='lat' dir='ltr'><strong>Christum</strong></span> 
     </span>
    </p>
   </div>
   <div class='ocr_carea' id='block_1_112' title="bbox 1011 2622 1798 2655">
    <p class='ocr_par' dir='ltr' id='par_1_112' title="bbox 1011 2622 1798 2655">
     <span class='ocr_line' id='line_1_112' title="bbox 1011 2622 1798 2655; baseline -0.004 -4"><span class='ocrx_word' id='word_1_778' title='bbox 1011 2622 1194 2655; x_wconf 84' lang='lat' dir='ltr'><strong>educaverat;</strong></span> <span class='ocrx_word' id='word_1_779' title='bbox 1211 2627 1337 2650; x_wconf 86' lang='lat' dir='ltr'><strong>mortuus</strong></span> <span class='ocrx_word' id='word_1_780' title='bbox 1351 2623 1433 2650; x_wconf 90' lang='lat' dir='ltr'><strong>etiam</strong></span> <span class='ocrx_word' id='word_1_781' title='bbox 1454 2622 1606 2652; x_wconf 86' lang='lat' dir='ltr'><strong>Archelaus</strong></span> <span class='ocrx_word' id='word_1_782' title='bbox 1627 2629 1690 2651; x_wconf 91' lang='lat' dir='ltr'><strong>cum</strong></span> <span class='ocrx_word' id='word_1_783' title='bbox 1708 2629 1798 2650; x_wconf 85' lang='lat' dir='ltr'><strong>annos</strong></span> 
     </span>
    </p>
   </div>
   <div class='ocr_carea' id='block_1_113' title="bbox 1012 2668 1798 2704">
    <p class='ocr_par' dir='ltr' id='par_1_113' title="bbox 1012 2668 1798 2704">
     <span class='ocr_line' id='line_1_113' title="bbox 1012 2668 1798 2704; baseline -0.001 -8"><span class='ocrx_word' id='word_1_784' title='bbox 1012 2676 1109 2696; x_wconf 91' lang='lat' dir='ltr'><strong>novem</strong></span> <span class='ocrx_word' id='word_1_785' title='bbox 1125 2673 1277 2704; x_wconf 87' lang='lat' dir='ltr'><strong>regnasset,</strong></span> <span class='ocrx_word' id='word_1_786' title='bbox 1296 2669 1370 2696; x_wconf 92' lang='lat' dir='ltr'><strong>nullo</strong></span> <span class='ocrx_word' id='word_1_787' title='bbox 1389 2669 1466 2704; x_wconf 87' lang='lat' dir='ltr'><strong>regni</strong></span> <span class='ocrx_word' id='word_1_788' title='bbox 1483 2668 1593 2698; x_wconf 81' lang='lat' dir='ltr'><strong>baerede</strong></span> <span class='ocrx_word' id='word_1_789' title='bbox 1603 2668 1710 2697; x_wconf 86' lang='lat' dir='ltr'><strong>relicto.</strong></span> <span class='ocrx_word' id='word_1_790' title='bbox 1723 2668 1798 2695; x_wconf 89' lang='lat' dir='ltr'><strong>Obiit</strong></span> 
     </span>
    </p>
   </div>
   <div class='ocr_carea' id='block_1_114' title="bbox 1012 2715 1797 2753">
    <p class='ocr_par' dir='ltr' id='par_1_114' title="bbox 1012 2715 1797 2753">
     <span class='ocr_line' id='line_1_114' title="bbox 1012 2715 1797 2753; baseline -0.004 -10"><span class='ocrx_word' id='word_1_791' title='bbox 1012 2715 1094 2743; x_wconf 88' lang='lat' dir='ltr'><strong>etiam</strong></span> <span class='ocrx_word' id='word_1_792' title='bbox 1112 2716 1252 2751; x_wconf 88' lang='lat' dir='ltr'><strong>Augustus</strong></span> <span class='ocrx_word' id='word_1_793' title='bbox 1266 2716 1368 2746; x_wconf 83' lang='lat' dir='ltr'><strong>Caesar,</strong></span> <span class='ocrx_word' id='word_1_794' title='bbox 1396 2719 1541 2753; x_wconf 82' lang='lat' dir='ltr'><strong>postquam</strong></span> <span class='ocrx_word' id='word_1_795' title='bbox 1559 2722 1646 2744; x_wconf 84' lang='lat' dir='ltr'><strong>annos</strong></span> <span class='ocrx_word' id='word_1_796' title='bbox 1660 2715 1797 2750; x_wconf 84' lang='lat' dir='ltr'><strong>quinqua-</strong></span> 
     </span>
    </p>
   </div>
   <div class='ocr_carea' id='block_1_115' title="bbox 1011 2760 1796 2797">
    <p class='ocr_par' dir='ltr' id='par_1_115' title="bbox 1011 2760 1796 2797">
     <span class='ocr_line' id='line_1_115' title="bbox 1011 2760 1796 2797; baseline -0.001 -8"><span class='ocrx_word' id='word_1_797' title='bbox 1011 2762 1087 2797; x_wconf 91' lang='lat' dir='ltr'><strong>ginta</strong></span> <span class='ocrx_word' id='word_1_798' title='bbox 1102 2769 1150 2789; x_wconf 87' lang='lat' dir='ltr'><strong>sex</strong></span> <span class='ocrx_word' id='word_1_799' title='bbox 1162 2766 1189 2789; x_wconf 89' lang='lat' dir='ltr'><strong>et</strong></span> <span class='ocrx_word' id='word_1_800' title='bbox 1204 2769 1252 2789; x_wconf 88' lang='lat' dir='ltr'><strong>sex</strong></span> <span class='ocrx_word' id='word_1_801' title='bbox 1264 2769 1376 2790; x_wconf 87' lang='lat' dir='ltr'><strong>menses</strong></span> <span class='ocrx_word' id='word_1_802' title='bbox 1386 2762 1569 2797; x_wconf 73' lang='lat' dir='ltr'><strong>imperasset;</strong></span> <span class='ocrx_word' id='word_1_803' title='bbox 1583 2761 1627 2788; x_wconf 92' lang='lat' dir='ltr'><strong>cui</strong></span> <span class='ocrx_word' id='word_1_804' title='bbox 1641 2761 1668 2788; x_wconf 92' lang='lat' dir='ltr'><strong>in</strong></span> <span class='ocrx_word' id='word_1_805' title='bbox 1683 2760 1796 2795; x_wconf 83' lang='lat' dir='ltr'><strong>imperio</strong></span> 
     </span>
    </p>
   </div>
   <div class='ocr_carea' id='block_1_116' title="bbox 1011 2805 1797 2842">
    <p class='ocr_par' dir='ltr' id='par_1_116' title="bbox 1011 2805 1797 2842">
     <span class='ocr_line' id='line_1_116' title="bbox 1011 2805 1797 2842; baseline -0.004 -7"><span class='ocrx_word' id='word_1_806' title='bbox 1011 2808 1143 2835; x_wconf 80' lang='lat' dir='ltr'><strong>Romanae</strong></span> <span class='ocrx_word' id='word_1_807' title='bbox 1158 2808 1292 2835; x_wconf 80' lang='lat' dir='ltr'><strong>successit</strong></span> <span class='ocrx_word' id='word_1_808' title='bbox 1312 2807 1384 2835; x_wconf 84' lang='lat' dir='ltr'><strong>ﬁlius</strong></span> <span class='ocrx_word' id='word_1_809' title='bbox 1406 2807 1493 2842; x_wconf 88' lang='lat' dir='ltr'><strong>ipsius</strong></span> <span class='ocrx_word' id='word_1_810' title='bbox 1516 2806 1655 2839; x_wconf 85' lang='lat' dir='ltr'><strong>Tiberius,</strong></span> <span class='ocrx_word' id='word_1_811' title='bbox 1679 2805 1797 2833; x_wconf 90' lang='lat' dir='ltr'><strong>Domino</strong></span> 
     </span>
    </p>
   </div>
   <div class='ocr_carea' id='block_1_117' title="bbox 1012 2849 1796 2888">
    <p class='ocr_par' dir='ltr' id='par_1_117' title="bbox 1012 2849 1796 2888">
     <span class='ocr_line' id='line_1_117' title="bbox 1012 2849 1796 2888; baseline -0.005 -6"><span class='ocrx_word' id='word_1_812' title='bbox 1012 2858 1106 2882; x_wconf 91' lang='lat' dir='ltr'><strong>nostro</strong></span> <span class='ocrx_word' id='word_1_813' title='bbox 1122 2854 1233 2881; x_wconf 84' lang='lat' dir='ltr'><strong>Christo</strong></span> <span class='ocrx_word' id='word_1_814' title='bbox 1247 2861 1336 2881; x_wconf 81' lang='lat' dir='ltr'><strong>annos</strong></span> <span class='ocrx_word' id='word_1_815' title='bbox 1358 2858 1425 2881; x_wconf 87' lang='lat' dir='ltr'><strong>tunc</strong></span> <span class='ocrx_word' id='word_1_816' title='bbox 1448 2853 1605 2888; x_wconf 88' lang='lat' dir='ltr'><strong>quindecim</strong></span> <span class='ocrx_word' id='word_1_817' title='bbox 1632 2857 1707 2880; x_wconf 83' lang='lat' dir='ltr'><strong>nato.</strong></span> <span class='ocrx_word' id='word_1_818' title='bbox 1732 2849 1796 2878; x_wconf 77' lang='lat' dir='ltr'><strong>Fuit</strong></span> 
     </span>
    </p>
   </div>
   <div class='ocr_carea' id='block_1_118' title="bbox 1012 2896 1795 2931">
    <p class='ocr_par' dir='ltr' id='par_1_118' title="bbox 1012 2896 1795 2931">
     <span class='ocr_line' id='line_1_118' title="bbox 1012 2896 1795 2931; baseline -0.005 -4"><span class='ocrx_word' id='word_1_819' title='bbox 1012 2903 1103 2927; x_wconf 86' lang='lat' dir='ltr'><strong>autem</strong></span> <span class='ocrx_word' id='word_1_820' title='bbox 1120 2898 1231 2926; x_wconf 88' lang='lat' dir='ltr'><strong>Tiberio</strong></span> <span class='ocrx_word' id='word_1_821' title='bbox 1246 2899 1304 2931; x_wconf 74' lang='lat' dir='ltr'><strong>regi</strong></span> <span class='ocrx_word' id='word_1_822' title='bbox 1320 2898 1427 2926; x_wconf 89' lang='lat' dir='ltr'><strong>amicus</strong></span> <span class='ocrx_word' id='word_1_823' title='bbox 1444 2898 1556 2926; x_wconf 90' lang='lat' dir='ltr'><strong>nomine</strong></span> <span class='ocrx_word' id='word_1_824' title='bbox 1570 2897 1687 2930; x_wconf 83' lang='lat' dir='ltr'><strong>Pilatus,</strong></span> <span class='ocrx_word' id='word_1_825' title='bbox 1708 2904 1741 2924; x_wconf 89' lang='lat' dir='ltr'><strong>ex</strong></span> <span class='ocrx_word' id='word_1_826' title='bbox 1754 2896 1795 2922; x_wconf 65' lang='lat' dir='ltr'><strong>inv</strong></span> 
     </span>
    </p>
   </div>
   <div class='ocr_carea' id='block_1_119' title="bbox 1013 2942 1794 2981">
    <p class='ocr_par' dir='ltr' id='par_1_119' title="bbox 1013 2942 1794 2981">
     <span class='ocr_line' id='line_1_119' title="bbox 1013 2942 1794 2981; baseline -0.009 -7"><span class='ocrx_word' id='word_1_827' title='bbox 1013 2946 1071 2974; x_wconf 77' lang='lat' dir='ltr'><strong>sul-.t</strong></span> <span class='ocrx_word' id='word_1_828' title='bbox 1101 2946 1217 2981; x_wconf 86' lang='lat' dir='ltr'><strong>quadam</strong></span> <span class='ocrx_word' id='word_1_829' title='bbox 1245 2946 1270 2973; x_wconf 93' lang='lat' dir='ltr'><strong>in</strong></span> <span class='ocrx_word' id='word_1_830' title='bbox 1301 2945 1369 2974; x_wconf 84' lang='lat' dir='ltr'><strong>mari</strong></span> <span class='ocrx_word' id='word_1_831' title='bbox 1397 2944 1490 2974; x_wconf 72' lang='lat' dir='ltr'><strong>lioina:</strong></span> <span class='ocrx_word' id='word_1_832' title='bbox 1504 2944 1603 2979; x_wconf 82' lang='lat' dir='ltr'><strong>vicina,</strong></span> <span class='ocrx_word' id='word_1_833' title='bbox 1626 2951 1687 2980; x_wconf 56' lang='lat' dir='ltr'><strong>qua</strong></span> <span class='ocrx_word' id='word_1_834' title='bbox 1709 2942 1794 2970; x_wconf 83' lang='lat' dir='ltr'><strong>Ponta</strong></span> 
     </span>
    </p>
   </div>
  </div>
