2015 3081
195 222 249 253 979

705 218 890 252 EUTYCHII
908 218 1162 250 ALEXANDRIN
1167 218 1178 248 Ι
1195 218 1305 248 PATR.

1768 213 1818 244 (τδρ

193 282 308 305 vocatur
323 277 406 313 (unde
427 278 471 305 ille
493 277 596 305 Pilatus
617 276 733 304 Pontius
757 274 976 308 denominatus),
993 276 1016 306 Α
1031 275 1108 302 hasta
1139 273 1348 303 transfixerunt,
1377 270 1449 298 unde
1468 270 1573 299 ellluxit
1598 277 1659 298 cum
1686 269 1818 304 sanguin'

195 329 277 356 quem
296 321 396 349 Judzrte
416 322 540 349 Archelai
558 322 619 349 loco
636 321 766 356 praefecit.

232 367 317 394 Porro
328 375 400 394 anno
417 367 492 402 regni
508 367 609 394 Tiberii
625 367 740 395 Caesaris
756 366 864 394 decimo
878 365 975 401 quinto

196 412 323 446 apparuit
349 411 468 440 Ioannes
499 411 639 440 Zachariae
663 413 736 440 filius
769 411 905 447 Baptista,
933 410 979 445 qni

197 458 279 493 316
292 457 400 485 Judmos
419 458 446 484 in
470 458 591 486 Iordane
612 459 639 486 in
663 463 837 493 peccatorum
855 457 923 492 ipsis
941 464 979 483 rc-

199 502 357 530 missionem
385 502 553 538 baptizavit;
577 504 611 532 ad
637 512 718 539 quem
741 511 803 531 cum
820 502 983 530 accessisset

200 547 331 576 Dominus
352 553 457 581 noster,
479 554 504 576 et
518 550 605 584 ipsum
631 551 658 577 in
684 549 803 577 Iordane
824 548 983 583 baptizavit,

201 601 288 620 annos
308 598 364 620 tum
385 599 479 621 natum
501 595 622 629 triginta.
642 595 761 622 ilcrodcs
781 599 881 626 autem,
901 593 985 620 lleroo

202 639 245 666 dis
263 639 310 666 lilii
326 640 462 674 Antipatri
480 641 562 673 filius,
577 641 691 668 dimissa
705 648 791 668 uxore
808 647 859 667 sua
873 639 984 666 nomine

203 685 296 716 Areta,
315 684 385 719 regis
408 685 527 712 Arabum
552 685 619 720 [ve],
638 685 715 719 juxta
738 684 811 711 aliud
837 685 985 718 exemplar,

205 730 237 756 Al
249 730 345 766 Gauri]
363 730 428 762 filia,
444 739 555 759 uxorem
573 731 666 758 fratris
683 731 724 758 sui
739 730 864 765 Philippi,
879 729 987 756 nomine

205 772 399 807 llerodiadem,
422 775 481 809 ipso
503 775 593 802 adhuc
618 776 690 806 vivo,
714 775 739 801 vi
762 775 878 801 ablatam
900 773 987 800 duxit.

199 820 278 861 pixit
308 828 374 855 ergo
398 821 435 848 illi
463 820 582 849 Joannes
601 821 679 848 :Non
708 821 772 848 licet
800 820 847 847 tibi
879 827 988 846 uxorem

206 867 303 894 fratris
329 867 368 894 Ini
393 867 453 902 ipso
471 867 579 894 virente
606 868 715 894 ducere.
741 866 831 899 Quare
857 866 942 899 ipsum
962 865 989 891 in

206 920 344 940 carcerem
373 912 471 948 conjici
501 912 595 947 jussit.
624 912 692 939 Cum
721 911 819 938 deinde
846 910 991 937 comitibus

207 958 267 985 suis
282 958 436 985 convivium
452 958 628 985 instruxisset
642 957 772 986 Herodes.
787 956 993 983 comedentibns

207 1003 262 1030 illis
277 1006 304 1030 et
322 1002 487 1036 bibentibus,
513 1003 616 1030 saltans
637 1002 796 1029 Herodiadis
813 1001 867 1028 filia
886 1001 913 1027 in
937 1009 994 1028 mc-

208 1049 255 1075 dio
270 1053 358 1076 cretus
376 1049 427 1082 ipsi
440 1049 560 1082 placuit:
575 1049 618 1076 cui
634 1049 699 1076 ille:
714 1047 779 1075 Pete
796 1055 810 1074 a
825 1055 878 1078 me,
896 1047 994 1081 inquit,

209 1094 341 1129 quidquid
358 1095 406 1121 tibi
425 1094 544 1122 libuerit.
561 1094 607 1122 Illa
624 1101 688 1129 ergo
704 1094 782 1129 petiit
799 1098 827 1119 nt
844 1092 896 1119 sibi
913 1091 995 1119 .loan-

211 1140 254 1168 nis
269 1145 350 1175 caput
368 1141 395 1167 in
421 1141 512 1175 patina
531 1140 624 1173 daret;
651 1147 736 1175 qttare
755 1139 810 1172 ille,
831 1137 936 1165 Joanne
951 1138 996 1164 de—

210 1185 305 1212 collari
322 1185 409 1219 iusso,
426 1190 508 1220 caput
524 1185 611 1220 ipsius
628 1185 652 1212 ei
674 1183 798 1211 tradidit.
814 1183 887 1211 Uxor
907 1187 996 1210 autem

211 1232 300 1266 ipsius
323 1233 402 1258 Areta
428 1232 460 1258 ad
490 1235 593 1266 patrem
620 1239 699 1258 suum
717 1230 796 1260 abiit,
818 1229 863 1263 qui
887 1228 999 1263 proinde

213 1280 252 1306 ira
267 1284 430 1310 commotus,
445 1278 531 1312 copiis
547 1278 604 1305 suis
619 1277 741 1304 collectis
754 1280 849 1303 contra
866 1275 999 1302 llerodcm

214 1324 362 1358 profectus,
394 1323 522 1357 belloque
553 1323 640 1357 ipsum
667 1328 832 1356 aggressus,
861 1320 998 1347 sociorum

214 1370 302 1404 ipsius
318 1370 419 1396 multos
439 1368 549 1400 occidit,
574 1368 665 1402 (alios)
684 1367 806 1401 captivos
822 1367 904 1400 ecpit,
920 1366 1001 1400 oppi-

216 1417 259 1443 ilis
285 1423 380 1443 eorum
407 1415 539 1447 incensis,
565 1414 648 1450 idque
673 1421 744 1441 anno
770 1412 876 1446 imperii
899 1411 1002 1438 Tiberii

215 1461 332 1489 Caesaris
345 1461 450 1488 decimo
466 1465 572 1487 octavo.

252 1508 331 1533 Anno
356 1510 445 1533 autem
475 1505 550 1539 regni
579 1503 706 1536 Herodis,
734 1502 779 1529 filii
805 1500 932 1533 Herodis,
957 1499 1003 1527 filii

217 1551 365 1586 Antipatri,
382 1549 512 1577 vicesimo
535 1556 619 1580 nono,
642 1544 791 1576 crucifixus
812 1550 852 1573 est
874 1545 1004 1572 Dominus

219 1602 311 1625 noster
326 1595 451 1623 Christus
471 1595 514 1622 die
532 1594 645 1621 Veneris
661 1593 762 1620 mensis
784 1593 804 1618 Λ
817 1594 855 1617 lar
873 1591 904 1616 viv
916 1590 1001 1616 esimo
1016 1584 1036 1613 C

219 1642 311 1673 tertio,
326 1641 481 1668 Bormahati
492 1639 621 1666 vicesimo
630 1638 757 1672 septimo.
770 1634 950 1671 317-319
964 1633 1004 1661 id-

220 1695 273 1722 que
284 1687 335 1713 hoc
347 1691 427 1720 pacto
444 1694 451 1712 :
471 1684 586 1711 Domino
599 1687 693 1711 nostro
705 1682 814 1709 Christo
828 1680 931 1707 Pascha
943 1686 1004 1706 cum

220 1732 363 1766 discipulis
381 1731 438 1757 suis
450 1729 618 1761 celebrante,
634 1727 668 1754 ad
687 1733 793 1754 noctem
813 1725 865 1753 diei
879 1724 1004 1756 Veneris,

222 1778 267 1813 qui
291 1777 350 1804 dies
367 1775 510 1803 Paschalis
535 1774 596 1805 fuit,
621 1773 716 1800 abiens
732 1780 746 1799 e
764 1771 905 1805 discipulis
922 1770 1006 1805 ipsius

222 1822 330 1859 quidam
346 1821 455 1848 nomine
467 1819 551 1848 Iudas
563 1819 705 1847 lscariotes
716 1818 784 1845 dixit
803 1817 905 1844 Iudaeis
918 1826 924 1842 :
936 1816 1005 1849 Quid

224 1868 290 1895 mihi
306 1867 417 1899 dabitis,
440 1871 471 1894 ut
493 1866 539 1893 ubi
556 1866 592 1893 sit
608 1866 652 1892 ille
674 1865 751 1892 vobis
767 1863 884 1891 indicem
899 1863 911 1888 ’ἓ
928 1870 1005 1889 cum-

223 1923 277 1949 que
291 1914 328 1941 illi
346 1913 458 1948 triginta
476 1916 619 1947 argenteos
634 1912 684 1945 ipsi
701 1910 849 1940 dedissent,
864 1909 909 1935 ille
925 1911 1006 1935 noctu

225 1961 287 1988 illos
303 1960 331 1987 in
353 1960 442 1986 locum
461 1958 506 1986 ubi
527 1957 607 1985 Iesus
621 1964 683 1984 cum
702 1955 845 1990 discipulis
869 1954 927 1981 suis
945 1953 1005 1984 fuit,

225 2005 348 2033 adduxit.
364 2003 403 2030 Illi
420 2010 485 2038 ergo
510 2003 600 2036 ipsntn
626 2000 792 2035 prehensum
820 1998 853 2025 ad
870 1997 1009 2032 principes

226 2059 290 2079 suos
311 2051 416 2077 Annam
438 2053 466 2076 et
488 2047 619 2082 Caipham
648 2045 804 2073 sacerdotes
824 2043 1008 2075 abduxerunt,

226 2097 272 2132 qui
297 2098 386 2131 ipsum
405 2094 569 2122 custoditum
595 2092 640 2119 die
665 2091 786 2119 crastino
805 2089 892 2116 Pilato
914 2088 1012 2115 Pontio

227 2142 554 2179 prrcfcetotradidernnt.
577 2140 628 2173 Qui
648 2147 708 2167 cum
726 2138 794 2166 nihil
808 2142 904 2165 contra
921 2137 1009 2170 ipsum

229 2190 375 2225 probatum
400 2187 548 2217 inveniret,
567 2186 635 2214 dixit
653 2185 704 2212 illis
721 2193 727 2211 :
745 2184 814 2217 Quid
831 2184 864 2210 de
883 2183 934 2209 hoc
952 2182 1011 2208 viro

227 2235 327 2268 dicitis,
334 2235 395 2267 hoc,
405 2234 528 2269 inquam,
538 2239 600 2267 rege
608 2231 618 2258 .l
625 2229 778 2258 ud:eorum?
791 2227 1007 2262 Responderunt:

228 2281 286 2308 Non
300 2285 341 2307 est
349 2279 428 2306 nobis
439 2287 486 2306 rex
501 2281 598 2312 prwter
612 2275 756 2302 Caesarem.
769 2273 840 2300 Dixit
850 2272 904 2300 illis
918 2280 925 2298 :
937 2271 1008 2304 Quid

228 2335 292 2362 ergo
300 2326 362 2353 huic
369 2325 483 2353 faciam?
492 2324 622 2351 Dixerunt
629 2322 666 2348 illi
677 2330 685 2348 :
695 2320 827 2353 Crucifige
838 2326 899 2346 eum
908 2327 916 2352 ;
926 2318 1011 2352 siquii

229 2374 290 2400 dem
305 2371 460 2406 religionem
471 2374 602 2400 nostram,
616 2367 740 2401 corrupit
753 2373 783 2392 ac
795 2366 880 2399 legem
889 2367 1010 2391 nostram

229 2417 321 2449 solvit,
336 2424 365 2444 se
383 2415 430 2442 Dei
446 2414 546 2441 Filium
562 2420 623 2440 esse
635 2416 797 2446 prmtexens.
810 2409 933 2436 Metuens
949 2416 1013 2443 ergo

230 2464 282 2490 hoc
298 2461 417 2498 [audito]
429 2460 541 2491 Pilatus,
551 2458 677 2486 manibus
690 2456 747 2483 suis
759 2463 827 2490 aqua
840 2454 951 2484 ablutis,
960 2461 990 2481 se
999 2461 1012 2480 a

230 2510 364 2544 sanguine
379 2507 466 2541 ipsius
488 2505 628 2532 innoxium
649 2501 847 2538 pronuntiavit,
863 2501 1014 2528 inclaman-

231 2555 304 2583 tibus
318 2553 421 2581 Iudaeis
436 2551 595 2586 sanguinem
610 2548 669 2582 ejus
689 2555 772 2582 super
787 2547 861 2582 ipsos
877 2547 1014 2581 ipsorum-

231 2608 283 2635 que
298 2599 400 2626 liberos
421 2597 554 2625 futurtun.
578 2595 646 2622 Tum
668 2594 788 2628 crucifigi
806 2594 894 2629 ipsum
908 2592 1013 2626 jussit;

231 2653 340 2680 unaque
359 2643 481 2672 crucifixi
506 2647 568 2670 sunt
587 2641 641 2668 duo
657 2640 789 2671 latrones,
806 2646 877 2665 unus
894 2638 927 2664 ad
949 2637 1016 2664 dex-

233 2697 302 2719 tram
327 2691 425 2725 ipsius,
448 2689 516 2716 alter
542 2688 575 2714 ad
603 2686 754 2715 sinistram,
775 2684 840 2711 hora
863 2687 938 2712 sexta
963 2683 1016 2711 diei

233 2736 368 2769 Veneris;
386 2736 502 2763 tenebrat
519 2739 609 2761 autem
630 2739 731 2759 crassae
751 2730 838 2757 instar
854 2730 942 2757 noctis
964 2733 1018 2756 ter-

234 2789 292 2808 ram
316 2783 400 2806 totam
423 2779 596 2808 obtexerunt,
613 2778 776 2805 obscuratus
798 2777 847 2804 fuit
869 2777 920 2806 sol.
936 2776 1019 2811 320

234 2829 419 2860 apparuerunt
450 2824 544 2856 stellte,
566 2824 636 2851 fissa:
658 2827 721 2850 sunt
746 2826 839 2857 petrm,
865 2823 1020 2857 mortuique

234 2870 390 2903 complures
414 2876 430 2895 e
445 2867 577 2901 sepulcris
599 2868 656 2895 suis
673 2873 894 2895 resurrexernnt.
912 2867 1018 2895 Mortuo

236 2922 300 2945 vero
315 2912 429 2941 Domino
445 2916 539 2939 nostro
561 2911 670 2940 Christo
686 2913 713 2940 in
729 2919 829 2949 cruce,
847 2913 917 2940 latus
932 2913 1018 2948 ipsius

1037 328 1119 354 aqua.
1147 319 1212 346 Post
1234 322 1351 345 mortem
1378 317 1465 352 ipsius
1485 316 1620 344 accedens
1645 315 1687 342 vir
1710 314 1821 348 quidam

1034 366 1147 394 nomine
1171 365 1318 400 Iosephus,
1345 371 1405 391 cum
1432 363 1491 390 dari
1517 363 1568 390 sibi
1596 362 1682 396 ipsutn
1700 369 1714 388 a
1732 359 1820 386 Pilato

1033 412 1164 447 petiisset,
1182 419 1197 438 e
1220 418 1303 438 cruce
1319 409 1484 443 depositum.
1507 408 1652 441 linteisque
1671 406 1822 434 involutum

1033 459 1060 485 in
1080 460 1258 484 tnonumento
1276 462 1347 482 novo
1368 454 1440 488 quod
1458 453 1509 481 sibi
1527 453 1670 483 cffoderat,
1689 451 1823 485 sepelivit.

1033 503 1127 538 lapide
1142 503 1244 530 ostium
1260 501 1319 535 ejus
1335 501 1493 527 obstrucns.
1510 499 1556 526 Die
1571 498 1691 525 crastino
1708 503 1824 529 congre-

1035 548 1087 583 gati
1105 547 1176 582 apud
1193 546 1309 573 Pilatum
1325 545 1422 576 Judaei,
1443 544 1571 571 dixerunt
1592 543 1645 570 illis
1664 542 1824 569 :Timemns

1037 604 1069 623 ne
1089 602 1169 622 noctu
1198 597 1359 621 accedentes
1383 592 1509 627 discipuli
1532 592 1601 626 ejus,
1624 597 1722 624 corpus
1738 589 1825 623 ipsius

1038 641 1217 671 sufl‘nrentnr,
1235 640 1382 673 dicamque
1407 637 1563 664 hominibus
1588 637 1677 670 ipsum
1703 635 1729 661 in
1754 635 1822 661 vivis

1037 695 1108 714 esse.
1127 685 1195 713 Iube
1215 692 1280 719 ergo
1296 684 1433 719 obsignari
1458 683 1576 716 lapidem
1592 681 1638 716 qui
1657 680 1689 707 ad
1711 679 1825 713 sepulcri

1038 733 1137 760 ostium
1158 735 1208 758 est.
1234 730 1386 765 Respondit
1407 729 1475 764 ipsis
1498 727 1599 754 Pilatus
1617 735 1623 753 :
1641 726 1728 757 Abite,
1748 724 1828 751 facile

1039 778 1111 813 quod
1143 777 1220 805 vobis
1240 777 1328 803 visum
1361 775 1453 802 fuerit.
1484 774 1523 800 illi
1551 780 1616 808 ergo
1643 771 1828 806 speculatores

1040 825 1172 859 quosdam
1202 822 1341 850 adhibitos
1369 821 1402 848 ad
1433 820 1588 855 sepulcrum
1618 815 1828 847 custodiendum

1041 871 1225 901 collocarunt,
1244 868 1442 902 obsignatoque
1459 866 1545 901 lapide
1563 864 1665 891 reversi
1686 867 1760 890 sunt.
1774 860 1830 887 hle-

1044 914 1088 940 dia
1112 913 1213 940 deinde
1235 916 1315 938 nocte
1329 912 1373 938 die
1390 911 1487 946 primo,
1510 917 1571 937 cum
1588 908 1750 936 accederent
1769 914 1830 932 mu-

1045 959 1125 986 lieres
1141 959 1262 992 fitm‘tlam
1284 962 1406 983 aromata
1423 961 1449 983 et
1464 955 1641 990 thymiamata
1660 959 1752 980 secum
1765 950 1833 978 aﬂ'e—

1046 1010 1137 1032 rentes
1149 1003 1250 1038 quibus
1265 1002 1420 1037 sepulcrum
1438 1000 1571 1032 suffirent,
1589 1006 1653 1026 ecce
1670 997 1782 1031 angelus
1799 999 1833 1024 de

1047 1051 1117 1078 cmlo
1128 1048 1295 1077 descendens
1307 1048 1395 1082 lapide
1405 1056 1418 1073 a
1434 1045 1600 1073 monumenti
1613 1045 1683 1071 ostio
1695 1043 1833 1072 devoluta.

1048 1096 1099 1130 ipsi
1114 1095 1248 1122 insidebat
1261 1103 1268 1126 ;
1283 1093 1329 1128 qui
1347 1093 1413 1127 ipsis
1425 1092 1492 1119 dixit
1508 1100 1515 1118 :
1534 1090 1572 1117 Ne
1589 1090 1692 1122 timete,
1705 1088 1834 1115 surrexit.

1050 1141 1136 1168 Dicite
1157 1145 1248 1167 autem
1264 1139 1406 1173 discipulis
1423 1138 1484 1172 ejus
1500 1142 1528 1164 ιιι
1544 1137 1570 1164 in
1589 1139 1706 1162 montem
1719 1134 1836 1161 Galilaete

1050 1186 1269 1221 proficiscantur.
1287 1184 1323 1211 ibi
1346 1183 1417 1211 enim
1441 1183 1531 1217 ipsum
1550 1181 1731 1208 convrnient.
1742 1178 1836 1205 Profe-

1050 1237 1100 1259 ct:e
1117 1239 1182 1267 ergo
1199 1231 1328 1258 mulieres
1345 1230 1378 1256 ad
1399 1228 1559 1263 discipulos,
1578 1227 1635 1254 haec
1652 1226 1717 1260 ipsis
1734 1232 1835 1251 renun-

1052 1279 1165 1306 tiarunt.
1191 1276 1366 1312 321—323
1396 1275 1533 1303 Satellites
1560 1278 1650 1301 autem
1674 1273 1719 1307 qui
1740 1279 1837 1298 monu-

1053 1327 1172 1350 mentum
1185 1321 1386 1352 custodierunt,
1400 1320 1427 1346 in
1443 1319 1539 1346 faciem
1558 1325 1648 1348 suam,
1664 1319 1834 1342 mertnorutn

1054 1369 1150 1402 instar,
1165 1370 1313 1402 conspecto
1333 1365 1427 1400 angelo
1444 1368 1471 1392 ct
1488 1363 1553 1398 quid
1582 1362 1693 1392 faceret,
1715 1359 1837 1395 procide.

1053 1418 1128 1441 runt.
1147 1414 1185 1441 Ac
1201 1420 1281 1439 mane
1295 1411 1407 1447 profecti
1429 1409 1542 1442 Iudmis,
1555 1408 1621 1443 quid
1641 1407 1707 1442 ipsis
1723 1404 1838 1432 accidis-

1054 1459 1330 1492 sct,annuntiarnnt;
1345 1457 1391 1491 qui
1407 1456 1460 1482 illis
1474 1455 1536 1482 data
1552 1453 1666 1488 pecunia
1683 1452 1811 1479 dixerunt
1827 1457 1837 1477 :

1056 1504 1084 1531 Si
1103 1504 1166 1539 quis
1192 1504 1225 1530 de
1249 1502 1302 1529 hoc
1319 1509 1366 1528 vos
1385 1500 1604 1533 interrogaverit,
1625 1497 1706 1524 dicite
1721 1495 1784 1530 ipsi,
1799 1494 1840 1520 di-

1057 1549 1176 1583 scipulos
1204 1548 1289 1581 ipsius
1315 1547 1401 1582 ipsum
1425 1545 1499 1572 furto
1524 1543 1682 1571 abstulisse.
1710 1539 1840 1574 Discipuli

1057 1603 1121 1622 vero
1144 1595 1170 1621 in
1187 1593 1306 1620 Galilreze
1329 1596 1457 1619 montana
1482 1590 1608 1625 profecti,
1633 1589 1670 1616 ibi
1695 1588 1840 1615 Dominum

1056 1645 1180 1668 nostrum
1194 1638 1334 1666 Christum
1358 1639 1562 1668 convenerunt,
1581 1634 1627 1669 qui
1646 1634 1711 1667 ipsis
1729 1631 1842 1659 benedi-

1055 1693 1122 1713 cens
1142 1687 1168 1713 itt
1196 1683 1328 1712 mundutn
1354 1683 1437 1715 misit,
1459 1686 1489 1709 ut
1515 1681 1640 1708 homines
1660 1679 1691 1706 ad
1717 1679 1796 1704 fidem
1813 1678 1841 1704 in

1056 1731 1175 1764 Patrem,
1192 1730 1304 1762 Filium,
1327 1732 1354 1755 et
1369 1727 1500 1762 Spiritum
1526 1729 1651 1752 sanctum
1675 1723 1837 1750 invitarent.

1056 1777 1125 1804 Tum
1152 1780 1213 1811 post
1240 1774 1421 1809 quadraginta
1450 1772 1507 1799 dies
1531 1770 1557 1796 in
1578 1769 1677 1796 caelum
1701 1767 1841 1796 ascendit,

1058 1829 1143 1849 annos
1158 1821 1262 1848 habens
1275 1818 1385 1853 triginta
1404 1822 1469 1844 tres.
1485 1814 1585 1842 Deinde
1601 1818 1661 1848 post
1674 1812 1767 1839 decem
1783 1811 1843 1838 dics

1058 1867 1229 1902 congregatis
1245 1864 1385 1898 discipulis
1405 1863 1431 1889 in
1445 1860 1587 1889 caenaculo
1602 1858 1713 1886 Sihonis
1728 1857 1844 1884 descen-

1054 1908 1099 1943 ‘dit
1116 1916 1143 1942 in
1158 1915 1233 1949 ipsos
1253 1912 1373 1947 Spiritus
1391 1913 1514 1940 sanctus,
1530 1907 1598 1934 adeo
1614 1910 1643 1932 ut
1661 1904 1788 1931 omnibus
1806 1903 1844 1929 lo-

1061 1948 1210 1996 querentur
1226 1957 1337 1992 linguis.
1357 1954 1486 1989 Discipuli
1502 1957 1593 1981 autem
1613 1949 1734 1984 quotidie
1751 1948 1845 1983 sepul-

1060 1992 1135 2032 crum
1150 2009 1176 2032 et
1191 2004 1281 2031 locum
1309 2000 1399 2029 crucis
1419 1999 1541 2027 adibant.
1565 1996 1598 2023 At
1609 1995 1694 2023 Judaei
1708 1994 1764 2021 viso
1778 1992 1844 2026 quid

1061 2052 1181 2079 fecerunt
1193 2047 1331 2083 discipuli,
1345 2047 1484 2076 dixerunt,
1497 2043 1585 2070 Locus
1597 2041 1648 2068 iste
1659 2047 1712 2067 non
1725 2039 1847 2066 occulta-

1061 2097 1144 2128 bitur,
1167 2082 1343 2127 futurumque
1358 2095 1401 2118 est
1424 2090 1495 2116 utin
1520 2088 1580 2122 ipso
1599 2083 1744 2121 [erigatur]
1761 2082 1843 2110 aedifi-

1061 2141 1152 2174 cium;
1172 2140 1284 2175 pulvere
1305 2143 1370 2172 ergo
1392 2135 1519 2162 obrutum
1539 2132 1710 2166 obtegamus,
1728 2136 1762 2155 ne
1783 2128 1846 2162 quis

1062 2190 1150 2223 ipsum
1162 2174 1322 2220 conspiciat,
1334 2186 1382 2210 aut
1393 2181 1476 2208 nilum
1491 2179 1540 2214 ipsi
1554 2177 1697 2211 vestigium
1710 2174 1844 2209 supersit;

1064 2233 1184 2269 quandiu
1200 2231 1271 2259 enim
1289 2229 1415 2257 homines
1432 2225 1588 2261 sepulcrum
1602 2229 1717 2248 vacuum
1730 2227 1846 2253 conspe-

1066 2267 1166 2310 xerint,
1192 2275 1322 2304 credituri
1351 2278 1425 2305 sunt,
1449 2280 1481 2300 ac
1504 2272 1584 2299 fidem
1609 2267 1766 2298 adhibituri,
1784 2268 1849 2300 'qno

1064 2329 1144 2360 pacto
1172 2321 1347 2356 abrogabitur
1377 2319 1457 2346 nobis
1486 2317 1583 2352 religio
1613 2320 1717 2343 nostra.
1745 2312 1847 2339 Locum

1062 2357 1127 2402 ergo
1141 2366 1252 2401 pulvere
1279 2365 1454 2396 obtexerunt,
1479 2362 1546 2390 adeo
1567 2365 1596 2388 ut
1619 2366 1748 2394 magnum
1773 2357 1850 2384 fieret

1063 2412 1271 2441 stercorarium.

1100 2459 1183 2485 Porro
1196 2456 1300 2483 Pilatus
1311 2453 1451 2481 Tiberium
1467 2459 1557 2486 regem
1569 2450 1602 2477 de
1616 2449 1698 2476 rebus
1712 2448 1744 2474 ad
1761 2446 1852 2473 Domi-

1065 2512 1129 2531 num
1155 2505 1279 2530 nostrum
1300 2499 1441 2528 Christum
1466 2496 1652 2531 spectantibus
1675 2501 1723 2528 per
1746 2492 1852 2519 litteras

1065 2549 1147 2585 32h
1161 2548 1306 2576 certiorem
1320 2546 1395 2577 fecit,
1409 2551 1460 2572 nec
1475 2551 1529 2570 non
1545 2542 1578 2569 de
1594 2539 1738 2575 discipulis
1753 2538 1852 2572 ipsius,

1066 2584 1214 2630 multisque
1243 2601 1305 2629 qua:
1331 2592 1367 2619 ab
1397 2590 1465 2625 ipsis
1495 2591 1673 2623 patrarentur
1699 2584 1852 2615 miraculis,

1067 2629 1182 2676 aegrotos
1198 2639 1331 2669 sanando,
1354 2641 1478 2664 mortuos
1502 2631 1690 2661 resuscitando
1705 2640 1712 2662 ;
1727 2629 1774 2664 qui
1792 2636 1853 2664 pro-

1068 2693 1160 2722 pterea
1179 2687 1206 2713 in
1222 2685 1360 2712 Christum
1373 2682 1518 2710 Dominum
1534 2683 1658 2706 nostrum
1678 2676 1789 2704 credere
1807 2683 1853 2702 ro-

1068 2719 1129 2764 lnit,
1143 2739 1175 2759 ac
1188 2731 1346 2766 religionem
1360 2728 1543 2755 Christianam
1561 2723 1701 2759 publicare
1714 2731 1722 2754 ;
1734 2726 1760 2747 at
1776 2719 1852 2754 sequi

1070 2778 1098 2805 in
1115 2779 1166 2804 hoc
1183 2778 1274 2812 ipsttm
1291 2776 1436 2802 noluerunt
1452 2772 1566 2799 comites
1579 2770 1676 2803 ipsius.
1693 2766 1789 2794 Herodi
1806 2773 1855 2792 au-

1070 2827 1124 2850 tem
1141 2811 1228 2849 iratus
1244 2824 1298 2852 est,
1320 2819 1391 2854 quod
1410 2818 1557 2849 Joannem,
1583 2813 1745 2841 Hcrodiadis
1762 2811 1853 2838 fratris

1071 2868 1112 2896 sui
1126 2866 1220 2894 uxoris
1237 2865 1336 2900 gratia,
1356 2862 1550 2894 interfecisset,
1565 2865 1592 2888 et
1608 2867 1670 2887 cum
1688 2859 1758 2893 ipsa,
1774 2857 1811 2885 illi
1827 2856 1852 2883 vi

1071 2913 1172 2945 ablata,
1194 2915 1319 2946 stuprum
1336 2909 1530 2939 commisisset,
1546 2907 1675 2942 quod-[ne
1699 2905 1731 2932 de
1745 2903 1854 2931 Christo
