2015 3081
172 196 224 225 981

893 180 1090 222 ΛΝΝΑιΕεξ

1751 193 1807 226 ςςπ

173 247 309 275 crucifixi)
324 247 436 281 gavisus
453 252 542 279 esset;
560 255 645 282 quare
668 248 783 274 Romam
803 247 965 274 accersitum
983 244 1003 271 A
1019 245 1192 274 Anti0chiam
1206 266 1213 277 ,
1251 247 1319 274 alios
1351 246 1463 274 Romam
1496 247 1617 282 captivos
1652 247 1802 274 abduccna.

175 295 201 322 in
218 293 376 328 Hispaniam
393 294 535 328 relegavit,
554 295 717 328 pra-rectura
736 294 822 328 ipsius
844 293 870 319 itt
888 294 960 319 Pila-

174 344 231 366 tum
246 338 355 366 collata.
370 338 408 366 Eo
422 343 552 374 regnante
570 340 679 366 condita
694 343 737 368 est
750 339 816 366 urbs
828 338 963 370 Tiberius,

175 386 212 412 ita
229 386 262 412 de
288 386 396 412 nomine
413 386 515 413 Tiberii
536 387 709 421 imperatoris
728 386 879 421 appellata.
892 385 965 412 Obiit

176 431 274 459 deinde
304 430 429 459 Tiberius
453 432 555 464 Caesar,
585 438 728 467 postquam
757 439 843 459 annos
870 431 964 466 viginti

177 478 257 508 tilIOS,
273 485 306 504 ac
321 485 441 504 mensem
461 485 544 504 unum
571 483 711 512 regnasset
729 485 737 505 Ζ
755 482 885 511 regnante
904 481 966 512 post

177 523 265 558 ipsum
295 522 362 549 Caio
388 521 507 553 Cmsare,
536 529 623 549 annos
650 526 769 556 quatuor
789 529 851 548 cunt
877 522 965 549 tribus

178 569 329 600 tuensibus,
347 568 406 594 viro
431 568 552 595 moribus
576 567 651 598 feris,
677 568 806 602 superbo,
832 575 863 594 ac
888 566 966 594 valde

178 622 306 649 nequam.
328 614 376 640 Hic
403 613 519 641 Pilatum
546 614 661 641 Romam
689 615 853 641 acccrsitttm
877 618 966 641 morte

178 661 315 688 multavit.
334 661 457 695 Prolapsi
473 665 564 688 autem
582 660 667 688 Judaei
684 660 718 688 ad
736 660 867 695 majorem
883 668 965 695 quant

178 714 231 740 qua
256 712 336 733 antea
363 707 469 733 fuerant
485 707 646 741 nequitiam,
661 714 723 734 cum
742 707 768 734 in
786 707 861 741 ipsos
877 707 964 733 irrue-

180 755 240 778 rt-nt
257 751 386 783 Romani,
404 759 528 786 magnam
557 759 651 778 eorum
668 757 785 787 stragem
802 752 965 788 ediderunt;

177 797 258 831 cujus
270 805 332 824 cum
347 798 380 824 ad
397 797 491 827 Caium
507 797 645 824 Caesarem
662 798 856 832 imperatorem
870 805 967 832 pervc-

178 843 264 870 nisset
282 842 364 875 fama,
377 843 423 869 illc
438 850 550 869 sttorum
562 842 716 876 quemdam,
733 843 843 869 nomine
856 842 966 870 Irudum

179 886 327 913 Aristobuli
354 886 450 919 tilium,
463 887 509 920 qui
531 891 559 913 et
583 887 720 921 Agrianus
745 888 900 922 appellatus
913 893 965 921 est,

178 932 376 967 Hierosolymis
391 931 524 966 pra-feeit,
549 931 649 958 additis
665 932 746 959 etiam
763 937 882 966 quatuor
904 941 968 968 pro-

178 978 278 1005 vinciis
293 986 364 1013 quas
388 977 516 1010 Herodis,
538 977 584 1005 lilii
606 978 756 1013 Antipatri,
777 979 823 1005 lilii
845 980 916 1006 inter
939 989 967 1008 se

178 1024 270 1059 partiti
303 1024 482 1059 325-327
506 1023 625 1051 fuerant.
657 1023 719 1051 Fuit
749 1024 887 1058 Agrianus
918 1026 968 1053 iste

179 1076 269 1100 prava:
296 1068 526 1100 conversationis,
550 1075 582 1095 ac
609 1068 700 1096 multas
727 1069 839 1096 malitiae
867 1071 918 1102 vir,
940 1071 966 1098 in

179 1113 328 1148 discipulos
355 1113 545 1141 crudelitateut
571 1113 738 1151 [exercens].
762 1114 809 1142 ille
832 1122 903 1148 erat,
921 1117 966 1151 qui

180 1160 346 1195 Stephanum
366 1164 512 1195 martyrem
530 1165 558 1188 et
572 1161 748 1188 diaconorum
766 1162 919 1197 principem
933 1171 966 1190 ac

180 1207 296 1241 primum
312 1207 446 1241 lapidibus
459 1208 587 1234 obrutum
605 1207 760 1241 interfecit;
777 1209 877 1243 quique
889 1208 968 1237 Jacoo

178 1253 242 1279 bum
255 1252 369 1280 Joannis
380 1252 490 1279 fratrem
503 1253 624 1281 Zcbedaci
635 1254 719 1280 (ilium
733 1254 824 1289 gladio
836 1255 965 1289 sustulit;

179 1298 343 1333 Pttrumque
360 1299 386 1326 in
404 1307 543 1327 carcerem
561 1300 716 1332 conjectum
733 1307 749 1327 e
764 1300 854 1327 medio
870 1300 966 1328 tollere

179 1345 205 1372 in
222 1345 313 1371 animo
329 1345 436 1377 habuit,
455 1353 535 1380 quem
552 1350 642 1373 tamen
659 1353 711 1381 0pc
726 1354 775 1373 sua
793 1345 865 1373 Deus
878 1354 893 1374 e
909 1355 967 1373 ma-

179 1391 260 1418 nibus
271 1392 329 1425 ejus
340 1391 462 1426 eripuit;
481 1393 526 1427 qui
539 1394 574 1419 ab
588 1393 647 1426 ipso
661 1392 831 1419 Antiochiam
848 1393 965 1427 fugiens,

179 1437 325 1465 Arcadium
350 1438 503 1465 Antiochia;
527 1438 711 1472 patriarcham
738 1438 893 1469 constituit,
921 1438 965 1465 cui

179 1491 267 1512 annos
281 1483 376 1518 viginti
395 1488 499 1519 septem
516 1483 636 1518 praefuit.
652 1485 741 1518 Atque
756 1484 801 1511 hic
818 1484 923 1517 primus
939 1485 965 1512 in

178 1531 245 1558 urbe
256 1530 410 1557 Antiorhia’.
428 1529 582 1565 patriarcha
598 1529 686 1557 factus
697 1534 749 1557 est.
766 1530 910 1557 Proiectus
924 1533 966 1558 est

1054 291 1140 318 Porro
1161 299 1233 319 anno
1257 292 1363 319 Claudii
1389 292 1505 320 Caesaris
1529 300 1613 324 nono,
1637 286 1821 326 evangelista'

1019 337 1126 364 Marcus
1142 337 1169 364 in
1195 338 1263 365 urbe
1285 338 1456 366 Alexandria
1480 338 1604 365 homines
1629 338 1660 364 ad
1678 338 1756 365 fidem
1777 339 1804 365 in

1019 383 1160 411 Christum
1177 383 1322 410 Dominum
1347 388 1470 411 nostrum
1497 383 1620 410 inritavit
1640 392 1646 410 :
1673 383 1723 418 qui
1740 383 1803 410 dum

1020 429 1114 456 urbem
1134 430 1335 464 perambularet
1352 430 1477 457 diffracta
1502 433 1545 457 est
1566 429 1616 464 ipsi
1639 429 1723 456 calcci
1742 437 1806 456 cor-

1019 474 1108 510 rigia;
1125 483 1210 509 quare
1226 475 1258 502 ad
1268 479 1389 503 sutorem
1407 477 1516 503 nomine
1527 476 1678 503 Hauaniam
1697 483 1725 503 se
1742 482 1807 502 con—

1019 521 1089 554 tulit,
1106 522 1151 556 qui
1171 522 1291 549 calceum
1314 522 1400 557 ipsius
1425 522 1557 550 reﬁceret.
1580 522 1628 550 llle
1649 521 1746 549 subula
1772 521 1807 548 ad

1020 566 1213 601 perforandum
1233 568 1354 595 calceum
1371 571 1492 603 sumpta,
1510 575 1572 595 cum
1593 567 1708 601 digitum
1727 573 1806 594 Suum

1020 612 1199 647 perforassct,
1227 613 1295 640 adeo
1317 618 1347 640 ut
1375 614 1490 640 multum
1513 613 1638 640 efflueret
1663 611 1807 646 sanguinis

1020 666 1070 686 nec
1084 659 1146 686 sine
1174 658 1267 686 dolore
1282 659 1394 694 ingenti,
1411 660 1436 686 in
1455 659 1575 686 Marcum
1598 658 1808 686 suhmurmura-

1020 704 1058 731 vit
1075 713 1081 730 :
1102 704 1144 731 cui
1163 712 1227 739 ergo
1248 704 1356 732 Marcus
1376 704 1428 732 :Si
1450 704 1610 735 credideris,
1626 703 1805 739 329-331

1021 750 1120 784 inquit,
1138 750 1164 777 in
1187 750 1278 778 JcSum
1297 751 1436 779 Christum
1464 751 1561 778 Filium
1585 751 1641 783 Del,
1667 750 1809 778 sanabitur

1020 796 1122 830 digitus
1140 802 1202 823 tuth
1222 806 1229 823 :
1246 805 1278 824 ac
1299 797 1435 832 prehenso
1455 797 1543 831 ipsius
1563 796 1658 831 digito,
1675 786 1763 823 dixit“:
1778 795 1807 822 In

1022 842 1131 869 nomine
1145 843 1209 870 Jesu
1225 843 1328 870 Christi
1341 847 1453 870 sanetur
1469 843 1571 878 digitus
1585 848 1648 870 tuus
1662 850 1669 875 ;
1681 842 1726 876 qui
1741 848 1808 873 ergo

1021 888 1116 913 eodem
1141 891 1281 914 momento
1300 888 1326 914 in
1348 888 1494 914 sanitatem
1518 878 1662 914 restitutus
1676 890 1728 918 est,
1745 893 1809 913 san-

1022 931 1102 966 guine
1119 932 1237 966 amplius
1262 940 1315 960 ncn
1332 933 1468 960 emuentc.
1497 931 1618 959 Crcdidit
1635 938 1701 966 ergo
1718 931 1752 958 ab
1775 938 1808 957 eo

1020 982 1143 1012 tempore
1170 978 1308 1005 llananias
1332 979 1359 1005 in
1387 978 1538 1010 Christum,
1566 977 1637 1005 unde
1659 977 1808 1012 baptizavit

1019 1031 1080 1049 eum
1097 1023 1208 1050 Marcus
1222 1028 1250 1050 et
1264 1024 1436 1051 Alexandrim
1455 1023 1640 1056 patriarcham
1653 1023 1805 1050 constituit.

1019 1067 1136 1103 Fuitque
1152 1069 1175 1096 is
1194 1068 1412 1102 patriarcharum
1434 1069 1479 1102 qui
1497 1068 1667 1095 Alexandria:
1684 1067 1806 1102 prtelecti

1018 1118 1081 1140 sttnt
1096 1113 1212 1147 primus.
1227 1113 1379 1140 Constituit
1397 1117 1487 1140 autem
1506 1113 1671 1148 evangelista
1689 1112 1806 1144 Marcus,

1019 1166 1072 1186 una
1088 1166 1149 1185 cum
1171 1158 1294 1186 llanania
1312 1158 1480 1193 patriarcha,
1497 1159 1644 1186 duodecim
1665 1158 1809 1193 presbyte-

1020 1211 1075 1237 ros,
1089 1205 1134 1237 qui
1158 1211 1255 1239 nempe
1269 1212 1331 1231 cum
1351 1205 1504 1239 patriarcha
1520 1211 1674 1237 manerent,
1693 1204 1761 1231 adeo
1778 1208 1808 1231 ut

1017 1258 1080 1278 cum
1095 1255 1202 1278 vacaret
1215 1250 1429 1285 patriarchatus,
1442 1257 1526 1277 unum
1539 1257 1554 1277 e
1578 1249 1725 1277 duodecim
1744 1257 1806 1284 pre-

1018 1297 1135 1333 shyteris
1144 1297 1287 1332 eligerent,
1297 1297 1377 1330 cujus
1392 1297 1473 1332 capiti
1491 1297 1587 1332 reliqui
1603 1296 1728 1324 undecim
1748 1304 1807 1323 ma-

1019 1351 1071 1370 nus
1086 1343 1258 1378 imponentes
1278 1343 1331 1377 ipsi
1359 1343 1553 1370 benedicerent
1574 1347 1601 1369 et
1622 1342 1805 1376 patriarchant

1019 1393 1165 1422 crearent;
1190 1388 1290 1416 deinde
1308 1389 1397 1416 virum
1425 1389 1542 1423 aliquem
1569 1388 1704 1423 insignem
1724 1388 1808 1423 eiigc-

1019 1438 1080 1462 rent
1100 1442 1180 1469 quem
1203 1442 1296 1462 secum
1315 1435 1502 1469 presbyterum
1527 1434 1729 1461 constituerent
1747 1434 1808 1461 loco

1019 1481 1079 1514 ejus
1092 1482 1138 1515 qui
1152 1480 1240 1508 factus
1255 1486 1297 1508 est
1311 1480 1479 1515 patriarcha,
1496 1483 1525 1507 ut
1541 1481 1578 1507 ita
1593 1488 1700 1515 semper
1714 1484 1808 1507 exsta-

1019 1530 1081 1553 rent
1097 1526 1252 1554 duodecim.
1278 1525 1372 1561 Neque
1396 1526 1477 1554 desiit
1499 1525 1672 1553 Alexandrise
1696 1526 1808 1553 institu-

177 1575 275 1602 dciude
288 1575 386 1603 Petrus
400 1574 527 1608 Romam,
541 1575 612 1610 quod
628 1583 699 1602 anno
713 1575 787 1611 regni
804 1574 861 1602 cati
877 1575 967 1602 (ζα-εει-
983 1580 1004 1609 ο
1021 1574 1078 1597 tum
1094 1570 1146 1598 hoc
1157 1571 1191 1598 de
1202 1570 1378 1606 presbyteris,
1389 1575 1419 1597 ut
1431 1570 1537 1598 scilicet
1551 1570 1721 1605 patriarchas
1732 1578 1810 1598 crea-

179 1621 217 1646 ris
241 1620 362 1647 Secundo
381 1620 508 1655 contigit.
538 1620 634 1647 Incidit
658 1625 751 1647 autem
777 1620 914 1655 Agrianus
939 1620 967 1648 in

179 1663 305 1690 morbum
336 1671 458 1699 gravem,
486 1672 543 1698 quo
568 1668 732 1699 consumpta
761 1672 844 1693 carne
869 1665 966 1700 ipsius,

179 1714 262 1744 atque
277 1709 415 1737 exsiccalo
429 1717 554 1744 corpore,
578 1715 703 1738 mortuus
716 1714 767 1738 est.
787 1710 888 1738 Audito
902 1719 968 1746 ergo

178 1755 327 1789 Agrianum
341 1759 478 1782 mortttum
493 1763 564 1787 esse,
574 1755 656 1783 alium
667 1755 694 1783 in
709 1756 798 1783 locum
812 1756 871 1790 ejus
886 1756 969 1784 suffe-

180 1802 217 1828 cit
245 1801 326 1829 Caius
355 1801 526 1836 imperator,
558 1802 669 1829 nomine
696 1802 778 1830 etiam
804 1803 968 1838 Agrianum,

180 1854 259 1880 quem
279 1846 466 1883 Hierosolyma
485 1848 571 1875 misit.

216 1891 301 1919 Porro
313 1900 385 1919 anno
399 1893 476 1927 regni
493 1893 581 1927 ipsius
594 1893 717 1920 secundo
733 1893 822 1921 factus
836 1900 877 1921 est
887 1893 970 1921 Jaco-

181 1938 233 1966 bus
248 1937 360 1973 Iosephi
380 1939 462 1970 ﬁlius,
481 1939 527 1974 qui
544 1944 570 1966 et
586 1939 670 1966 frater
691 1939 797 1967 Domini
813 1940 900 1968 nostri
921 1947 969 1975 ap-

181 1984 308 2017 pellatur,
330 1985 475 2019 episcopus
499 1984 775 2020 Ilierosolymitanus,
791 1985 838 2021 qui
864 1986 970 2020 primus

182 2029 245 2056 huic
261 2029 366 2056 muneri
386 2028 581 2064 Hierosolymis
594 2029 739 2063 praefectus
753 2032 805 2061 est,
818 2037 874 2065 quo
885 2037 971 2058 annos

181 2075 277 2110 viginti
305 2079 367 2102 octo
392 2074 505 2102 functus
528 2079 581 2102 est.
610 2074 710 2102 Gravia
735 2079 826 2102 autem
851 2076 932 2103 valde
955 2083 970 2102 a

181 2119 282 2147 Judaeis
308 2125 336 2147 et
361 2120 493 2148 Romanis
520 2120 592 2155 passi
621 2125 687 2148 sunt
711 2120 849 2155 discipuli,
879 2121 971 2149 multis

182 2167 305 2201 ipsorum
322 2171 409 2194 morte
422 2166 539 2194 affectis.
555 2167 662 2194 Mortuo
673 2171 764 2194 autem
775 2167 841 2194 Caio
852 2167 970 2200 Caesare,

182 2212 274 2239 ltoma:
289 2217 351 2246 post
369 2212 458 2247 ipsutn
474 2212 619 2247 imperavit
634 2212 718 2247 328
734 2211 865 2239 Claudius
878 2212 970 2240 Caesar

1019 1621 1081 1644 rent
1096 1624 1128 1644 cx
1152 1617 1319 1652 presbyteris
1338 1616 1495 1648 duodecim,
1520 1624 1607 1651 usque
1629 1617 1661 1643 ad
1686 1622 1808 1652 tempora

1019 1662 1166 1690 Alexandri
1186 1662 1350 1698 patriarchae
1368 1662 1558 1695 Alexandrini,
1575 1662 1621 1697 qui
1643 1662 1694 1690 fuit
1708 1670 1740 1689 ex
1756 1670 1807 1689 nu-

1020 1716 1095 1736 mero
1111 1708 1158 1735 illo
1170 1713 1354 1735 trecentorum
1367 1712 1393 1736 et
1406 1708 1569 1736 octodecim.
1583 1708 1609 1735 is
1623 1712 1712 1735 autem
1723 1708 1809 1735 vetuit.

1021 1762 1056 1782 ne
1081 1753 1210 1789 deinceps
1229 1754 1415 1788 patriarcham
1440 1754 1592 1789 presbyteri
1616 1758 1752 1782 crearent.
1778 1754 1810 1782 Et

1020 1800 1141 1828 decrevit
1154 1806 1184 1827 ut
1198 1804 1307 1828 mortuo
1321 1800 1477 1835 patriarcha
1494 1800 1673 1828 convenirent
1686 1800 1808 1835 cpiscopl

1021 1847 1066 1881 qui
1089 1847 1270 1882 patriarcham
1288 1847 1458 1874 ordinarent.
1475 1847 1601 1874 Decrevit
1622 1847 1687 1875 item
1707 1852 1744 1877 ut.
1761 1855 1808 1874 va-

1021 1898 1102 1921 cante
1121 1893 1202 1928 332
1217 1893 1414 1928 patriarrhata,
1437 1893 1571 1928 eligerent
1586 1901 1618 1920 ett
1643 1901 1810 1928 quacunque

1021 1938 1132 1966 tandem
1150 1938 1269 1973 regione,
1286 1938 1343 1966 sive
1358 1945 1389 1965 ex
1404 1938 1547 1966 duodecim
1564 1938 1619 1966 illis
1632 1938 1810 1973 presbyteris,

1022 1984 1079 2012 sive
1096 1985 1167 2017 aliis,
1184 1984 1272 2011 virum
1286 1984 1405 2019 aliquem
1421 1983 1564 2017 eximium,
1581 1988 1731 2019 perspecta;
1747 1992 1809 2019 pro-

1023 2030 1125 2063 bitatis,
1150 2037 1269 2064 eumque
1295 2029 1481 2064 patriarcham
1502 2035 1635 2057 crearent.
1662 2030 1748 2064 Atque
1773 2030 1811 2057 ita

1023 2077 1133 2105 evanuit
1148 2077 1303 2104 institutum
1321 2075 1387 2104 illud
1413 2076 1563 2112 antiquius,
1588 2084 1643 2111 quo
1660 2076 1746 2104 creari
1765 2084 1811 2104 so-

1023 2123 1087 2150 litus
1099 2131 1112 2149 a
1126 2123 1294 2158 presbyteris
1307 2123 1462 2158 patriarcha
1475 2142 1483 2154 ,
1497 2128 1523 2150 et
1536 2123 1702 2150 successitin
1717 2123 1808 2150 locum

1022 2169 1082 2204 ejus
1098 2169 1237 2196 decretum
1254 2168 1288 2196 de
1305 2168 1460 2203 patriarcha
1477 2169 1511 2196 ab
1524 2169 1660 2204 episcopis
1677 2169 1808 2199 creando.

1023 2214 1100 2247 Quod
1116 2219 1207 2242 autem
1221 2218 1348 2249 quaerunt
1366 2213 1526 2250 [nonnulli],
1541 2213 1633 2247 Quare
1652 2214 1809 2249 patriarcha

180 2265 269 2284 annos
284 2257 503 2293 quatuordecim,
522 2266 575 2292 quo
600 2258 751 2292 imperante
767 2257 853 2285 fames
872 2265 970 2293 magna
983 2268 1010 2298 Ι)
1024 2259 1224 2287 Alexandrinus
1241 2263 1353 2287 vocetur
1375 2260 1445 2294 Papa
1473 2259 1563 2295 (cujus
1578 2260 1698 2287 nominis
1725 2260 1810 2295 signi-

181 2309 208 2331 et
227 2304 318 2338 gravis
332 2312 378 2338 per
393 2308 479 2331 totum
495 2304 588 2331 orbem
613 2303 675 2336 fuit,
691 2304 771 2336 cujus
787 2304 969 2336 vehementia,

181 2353 208 2376 et
234 2355 308 2384 peste
336 2349 435 2376 mortui
461 2354 526 2376 sunt
550 2350 686 2377 homines.
713 2349 840 2384 Ejusdem
865 2349 969 2377 Claudii

183 2398 306 2429 tempore
318 2394 427 2427 scripsit
442 2393 584 2421 Matthteus
599 2393 794 2429 Evangeliuutu
811 2402 891 2421 suum
907 2393 972 2422 llic-

183 2441 339 2476 rosolymis,
371 2441 465 2476 lingua
492 2441 636 2474 ilebraica,
663 2441 736 2476 quod
765 2440 861 2469 Graece
887 2442 971 2469 vertit

181 2486 301 2514 Joannes
329 2487 507 2521 evangelista.
533 2486 618 2513 Porro
646 2486 731 2513 Judaei
758 2486 865 2520 pejores
888 2493 970 2522 quam

155 2558 159 2560 Ἴ
182 2533 290 2560 fuerant
303 2535 331 2560 et
344 2533 535 2560 sceleratiores
547 2537 706 2565 evaserunt,
722 2533 790 2559 adeo
800 2536 828 2559 ut
841 2533 887 2559 alii
903 2533 971 2560 alios

183 2579 208 2605 in
225 2578 321 2613 plateis
345 2583 373 2604 et
390 2578 505 2612 campis,
523 2585 578 2612 qua
607 2582 685 2605 erant
711 2579 830 2612 nequitia
849 2583 876 2606 et
893 2579 972 2606 mali-

182 2627 231 2656 tia,
247 2624 416 2651 occiderent.
433 2624 567 2658 Agrianus
580 2631 646 2658 ergo
661 2622 911 2659 Hierosolymorum
928 2633 971 2653 re-

182 2670 278 2704 gimini
293 2669 439 2704 quemdam
457 2670 569 2697 nomine
584 2668 694 2696 Festum
713 2670 876 2703 prteliciens,
892 2678 922 2698 se
937 2671 971 2698 ab

182 2715 248 2750 ipsis
262 2715 378 2742 Romam
398 2715 460 2750 iuga
476 2716 620 2750 proripuit,
636 2723 691 2750 quo
706 2723 769 2743 cum
787 2716 971 2751 pervenisset,

181 2761 297 2789 Clattdio
322 2760 425 2788 Caesari
452 2761 630 2796 imperatori,
658 2769 783 2797 quamam
810 2767 971 2800 exercerent

183 2809 285 2836 scelera
305 2807 403 2838 Judaei.
421 2809 554 2837 narravit.
570 2808 621 2842 Qui
638 2816 714 2844 ergo,
731 2809 853 2836 exercitu
871 2816 972 2844 magno

185 2854 372 2890 Hierosolyma
389 2854 661 2889 misso,Judzorum,
686 2863 739 2883 una
762 2863 823 2883 cum
847 2856 969 2891 ipsorum

183 2901 316 2929 uxoribus
336 2905 365 2929 et
380 2901 485 2937 liberis,
502 2902 602 2930 multos
627 2901 784 2934 interfecit;
803 2902 871 2930 alios
887 2903 968 2930 etiam

1023 2304 1119 2332 ficatus
1130 2311 1182 2335 est,
1195 2305 1290 2338 avus)?
1302 2305 1455 2341 [sciendum
1465 2304 1520 2341 est]
1535 2306 1569 2333 ab
1581 2306 1714 2335 llanania.
1727 2314 1809 2341 quem

1022 2350 1165 2378 constituit
1183 2350 1291 2378 Marcus
1305 2351 1474 2385 evangelista
1491 2351 1674 2386 patriarcham
1691 2351 1809 2379 Alexan-

1022 2395 1098 2427 driae,
1112 2403 1198 2430 usque
1212 2395 1237 2422 in
1253 2399 1375 2430 tempora
1392 2395 1520 2423 Demetrii
1534 2395 1696 2430 patriarchae
1711 2395 1808 2423 ibidem

1024 2441 1058 2477 (is
1071 2441 1226 2476 patriarcha
1242 2441 1293 2468 fuit
1304 2442 1508 2469 Alexandrinus
1519 2442 1692 2477 undecimus)
1704 2442 1809 2469 nullum

1024 2487 1111 2514 fuisse
1133 2486 1161 2514 in
1186 2487 1332 2521 provinciis
1356 2487 1465 2522 Egypti
1489 2487 1668 2522 episcopum;
1693 2495 1743 2515 nec
1761 2495 1810 2522 pa-

1023 2532 1150 2560 triarcha
1167 2538 1232 2560 ante
1250 2540 1312 2559 eum
1329 2537 1460 2560 crearunt
1477 2533 1633 2568 episcopos.
1656 2533 1704 2560 llle
1717 2537 1808 2560 autem

1025 2579 1114 2606 factus
1132 2578 1287 2613 patriarcha
1307 2584 1362 2606 tres
1377 2579 1521 2607 constituit
1535 2579 1688 2614 episcopos.
1702 2578 1735 2605 Et
1750 2579 1807 2613 pri-

1024 2633 1085 2652 mus
1101 2625 1154 2652 fuit
1173 2625 1217 2652 ltic
1237 2625 1395 2659 patriarcha
1419 2625 1623 2652 Alexandrinus
1637 2625 1685 2659 qui
1701 2625 1810 2658 episco-

1023 2678 1072 2706 pos
1084 2671 1158 2699 fecit.

1057 2716 1162 2744 Mortuo
1180 2716 1316 2744 Demetrio
1331 2716 1461 2744 suffectus
1476 2720 1518 2743 est
1532 2716 1662 2744 Heraclas
1685 2715 1805 2750 patriar-

1022 2764 1073 2791 cha
1089 2763 1298 2794 Alexandrinus,
1315 2763 1361 2798 qui
1377 2763 1519 2797 episcopos
1536 2762 1681 2790 constituit
1696 2762 1804 2797 viginti.

1024 2811 1060 2838 Ex
1075 2811 1117 2838 his
1132 2818 1203 2838 unus
1218 2817 1287 2843 erat,
1306 2811 1468 2837 Ammonius
1481 2810 1582 2843 dictus,
1602 2810 1743 2844 religionis
1761 2811 1808 2836 de-

1024 2859 1122 2884 sertor.
1150 2855 1187 2883 De
1203 2863 1257 2890 quo
1273 2855 1354 2883 simul
1374 2863 1405 2883 ac
1418 2856 1452 2883 ad
1485 2856 1627 2883 lieraclam
1651 2855 1741 2882 delata
1768 2862 1810 2881 est

1026 2902 1108 2935 fatua,
1126 2900 1300 2936 congregavit
1317 2900 1339 2929 is
1357 2900 1491 2937 synodum
1505 2901 1695 2936 episcoporum
1711 2919 1719 2933 ,
1737 2903 1764 2927 ct
1781 2899 1808 2925 in
