2015 3081
240 185 292 215 9>3

744 188 931 236 ξΣΙῙΤΥΟΗΠ
949 190 1216 224 ALEXANDRINI
1238 195 1345 224 PATR.

1809 193 1866 226 934

240 242 334 270 "Yan
352 243 487 270 A'I'IHOII“
501 243 631 279 ρίξτΐθιῖιν
648 245 694 272 Ubi
715 252 744 272 re
765 246 832 273 satis
860 246 970 282 Cognita
996 251 1023 274 et
1041 250 1063 278 A
1079 250 1188 279 Oriente
1202 252 1300 284 fuerat,
1314 250 1424 278 nomine
1437 251 1645 286 Vespasianum,
1662 249 1751 283 misit,
1767 256 1794 277 ut
1810 252 1868 279 col-

209 293 214 299 '
239 295 379 323 p3rspecta
393 297 454 316 eum
472 290 504 316 ad
519 290 658 318 Veritatem
671 291 788 320 reduxit.
811 292 879 319 Cum
895 301 959 320 vero
976 293 1026 320 ho-

240 334 327 361 mines
339 334 637 370 audicrantcpiscopos
664 336 784 364 vocitare
820 337 1025 372 patriarcham,

237 379 314 405 Abba
326 387 372 406 seu
386 379 491 406 Patrem
503 399 511 411 ,
529 380 699 416 333.335
713 382 784 408 inter
797 391 827 410 se
839 382 933 411 dixere
947 391 954 410 :
973 383 1027 411 Nos

238 425 399 459 episcopum
412 425 559 459 quemlibet
576 426 664 459 Abba,
679 435 727 454 seu
752 428 859 456 Patrem
873 448 881 460 ,
908 430 1026 463 appetla-

238 478 309 501 mus,
324 474 350 498 et
366 470 500 505 appellant
514 472 633 507 episcopi
651 473 834 508 patriarcham
847 475 935 502 Abba.
950 475 1026 502 Unde

236 523 304 544 sane
319 521 426 551 oportet
442 523 471 545 ut
489 525 618 546 vocemus
634 527 684 549 nos
700 521 883 556 patriarcham
911 521 1023 556 Papam,

236 562 263 589 id
279 567 331 595 est,
342 563 447 597 Arum;
466 571 527 591 cum
544 565 580 592 sit
594 565 673 593 Pater
690 569 808 600 patrum.
823 567 861 594 ita
875 575 889 593 a
903 573 1024 602 tempore

237 608 371 641 Heraclia,
388 610 547 644 patriarcha
565 612 766 640 Alexandrinus
781 612 870 640 dictus
884 618 925 640 est
940 611 1022 646 Papa,

236 654 262 680 id
273 659 325 686 est,
339 656 423 682 Avus.
442 656 588 692 Postquam
603 661 693 684 autem
707 657 848 685 llananias
865 658 1022 692 patriarcha

236 699 452 732 Alexandrinus,
463 709 543 736 quem
555 701 662 730 Marcus
673 703 840 737 evangelista
854 703 879 730 in
894 703 959 730 sede
974 711 1023 731 sua

236 746 392 779 constituit,
409 754 496 775 annos
513 747 622 775 sederat
639 748 734 782 viginti
750 748 815 781 duo,
831 753 955 776 mortuus
968 754 1021 777 est.

233 792 266 819 Et
281 791 422 827 profectus
438 796 481 820 est
497 793 607 821 Marcus
621 793 788 829 evangelista
801 795 827 821 in
842 794 953 821 Baream
970 814 977 827 ,
994 799 1022 821 nt

232 839 357 866 homines
371 838 404 865 ad
423 839 501 865 fidem
518 839 546 866 in
558 839 697 867 Christum
726 839 822 866 Filium
850 839 896 867 Dei
921 841 1022 867 invita-

232 889 283 911 ret.
297 884 370 912 Obiit
386 885 450 912 dein
460 885 593 913 Claudius
609 886 713 918 Caesar,
731 887 881 921 imperator
896 906 903 918 ,
918 891 945 914 et
971 887 1021 913 im-

232 929 337 961 peravit
351 929 443 957 Romae
457 935 517 965 post
534 938 594 958 eum
611 930 685 958 filius
700 932 761 965 ejus
784 930 855 958 Nero
869 931 961 958 Cmsar
975 939 1024 968 an-_

233 975 275 1001 nis
287 975 437 1006 tredecim.
468 976 514 1010 qui
546 976 651 1010 primus
674 976 723 1003 fuit
751 977 975 1012 gravissimorum
996 977 1023 1004 in

230 1020 407 1048 Christianos
422 1021 556 1048 malorum
570 1027 676 1055 auctor,
691 1022 772 1050 homo
786 1027 881 1056 utpote
912 1024 938 1050 in
957 1031 1023 1050 con-

231 1065 284 1092 silii
298 1070 325 1092 ct
339 1065 400 1093 vita:
416 1066 589 1094 instituenda:
611 1067 718 1095 ratione
733 1067 966 1102 improbissimus.
990 1069 1023 1096 Et

232 1116 352 1146 tempore
365 1111 480 1140 Neronis
507 1112 633 1145 Caesaris,
651 1113 759 1148 scripsit
777 1114 871 1141 Petrus
885 1134 892 1145 .
913 1120 1022 1149 aposto-

231 1159 317 1185 lorum
331 1158 468 1194 princeps,
485 1158 661 1194 Evangelium
671 1159 765 1192 Marci,
782 1160 902 1187 dictante
914 1160 1021 1192 Marco,

230 1205 321 1240 lingua
336 1204 456 1232 Romana
468 1225 475 1237 ,
491 1206 518 1232 in
533 1206 600 1233 urbe
615 1207 722 1239 Romae;
739 1205 786 1233 sed
816 1206 940 1234 attribuit
956 1206 1021 1234 illud

232 1249 338 1276 Marco.
353 1249 443 1277 Etiam
462 1254 586 1285 tempore
601 1250 684 1283 hujus
710 1251 886 1285 imperatoris
913 1252 1022 1286 scripsit

230 1295 319 1321 Lucas
339 1295 514 1330 livangelium
531 1303 609 1322 suum
622 1295 727 1327 Grasce,
743 1295 776 1322 ad
800 1296 886 1322 virum
903 1297 1020 1323 nobilem

228 1349 260 1368 ex
275 1341 447 1375 sapientibus
462 1340 594 1369 Romanis
605 1362 612 1374 ,
629 1341 673 1368 cui
700 1349 801 1368 nomen
830 1342 998 1376 Theophilus
1013 1362 1020 1373 .

228 1387 261 1414 ad
278 1394 358 1420 quem
375 1387 438 1414 item
455 1386 566 1421 scripsit.
579 1386 644 1413 Acta
669 1394 718 1414 seu
748 1386 948 1421 discipulorum
980 1387 1021 1413 hi-

228 1434 354 1460 storiam.
371 1432 437 1460 Erat
450 1437 541 1459 autem
553 1431 643 1459 Lucas
657 1432 822 1467 evangelista
838 1439 929 1459 comes
944 1432 1020 1460 Pauli

227 1478 355 1514 apostoli,
369 1485 487 1513 quocum
503 1486 549 1513 per
561 1482 671 1514 tempus
684 1479 793 1513 aliquod
812 1480 925 1507 mansit.
938 1479 1018 1507 Unde

227 1522 351 1557 estquod
368 1522 466 1550 Paulus
481 1526 620 1556 apostolus
648 1523 731 1558 336
752 1523 779 1550 in
808 1524 926 1558 quadam
957 1524 1019 1559 Epi-

1079 296 1155 324 lectis
1169 297 1256 331 copiis
1270 296 1370 324 Jndtete
1385 297 1522 331 regionem
1539 303 1686 331 aggressus
1703 316 1710 327 ,
1734 297 1862 330 populum

1079 341 1236 369 universum
1254 342 1299 375 (ne
1312 350 1368 369 uno
1381 341 1537 377 superstite)
1556 341 1741 368 internecione
1753 340 1862 373 deleret.

1078 388 1231 422 (ornosqne
1245 388 1366 421 ipsorum
1387 391 1515 415 vastaret.
1527 387 1587 420 Quo
1601 386 1694 413 audito
1705 387 1862 422 congregati

1077 434 1174 467 Jndtei,
1189 434 1334 461 ditioribus
1347 439 1473 470 sumpttts
1491 433 1709 460 ministrantibus
1720 433 1790 459 circa
1799 433 1865 460 Hic-

1078 480 1212 515 rosolyma
1230 484 1284 508 tres
1299 484 1457 507 struxerunt
1486 486 1591 512 muros,
1609 479 1708 514 quibus
1740 478 1864 505 turribus

1078 526 1189 552 immitis
1207 534 1239 552 ac
1255 526 1367 554 firmatis
1382 533 1443 553 sese
1461 529 1626 552 tutarentur.
1641 523 1784 551 Profectus
1799 531 1864 559 ergo

1077 571 1102 598 in
1121 570 1239 598 iud-.eam
1261 570 1444 605 Vespasianus
1460 570 1561 598 nullam
1581 570 1607 597 in
1621 569 1740 596 Gallilaea
1765 569 1861 596 urbem

1076 617 1186 652 reliquit
1202 624 1283 651 quam
1301 624 1352 643 non
1373 617 1489 644 dirutam
1507 615 1663 643 incenderet
1677 619 1790 642 :contra
1801 613 1864 642 Hie-

1075 664 1209 699 rosolyma
1225 671 1300 696 vero,
1317 663 1388 698 quod
1404 664 1473 690 adeo
1494 663 1597 690 mttnita
1615 666 1686 689 esset
1701 682 1708 693 ,
1737 669 1801 689 cum
1828 663 1862 689 ad

1075 709 1176 744 aliquid
1204 709 1368 736 moliendum
1404 708 1554 743 imparatus
1579 712 1662 740 esset,
1698 715 1753 742 quo
1776 708 1863 735 tutius

1075 763 1118 782 res
1135 759 1237 790 ageret,
1252 755 1310 789 ipsa
1327 762 1397 781 anno
1412 754 1518 789 integro
1533 754 1636 781 obsedit
1655 773 1663 786 ,
1688 752 1789 781 Judzeis
1818 754 1862 780 in-

1074 799 1153 826 terim
1167 800 1235 826 ciam
1253 804 1332 826 noctu
1357 798 1566 835 erumpentibus
1595 797 1786 833 Romanosque
1809 806 1862 826 cte-

1073 845 1212 873 dentibus.

1110 891 1206 924 Porro,
1227 897 1349 926 tempore
1364 891 1478 919 Neronis
1498 891 1589 919 floruit
1609 891 1732 919 medicus
1748 891 1861 925 quidam

1077 937 1187 965 nomine
1208 938 1423 968 Andromaehns.
1443 937 1487 972 qui
1513 937 1609 964 Neroni
1626 936 1772 964 theriacam
1794 943 1865 970 pne-

1075 984 1269 1012 stantissimam
1287 983 1412 1011 confecit.
1430 983 1547 1018 (Arabes
1564 990 1622 1010 eam
1636 982 1795 1009 Dherlacam
1812 989 1864 1016 ap-

1075 1030 1198 1065 pellant.)
1212 1029 1325 1058 Occisus
1342 1034 1384 1058 est
1400 1035 1489 1057 autem
1505 1029 1576 1057 Nero
1588 1030 1747 1064 imperator,
1759 1028 1863 1055 Bome.

1075 1074 1260 1110 Vespasianus
1277 1075 1361 1110 igitur
1376 1075 1470 1102 audito
1487 1075 1662 1102 interfectum
1678 1082 1740 1102 esse
1757 1081 1864 1108 regem,

1077 1121 1329 1157 llicrosobmorum
1345 1121 1489 1149 obsidione
1502 1121 1591 1149 soluta
1605 1142 1613 1152 .
1641 1121 1791 1148 Cmsaream
1822 1128 1864 1147 re-

1074 1174 1169 1194 versus
1186 1167 1222 1194 ibi
1237 1167 1369 1194 substitit.
1382 1167 1529 1202 Imperavit
1560 1170 1650 1194 autem
1679 1171 1742 1201 post
1767 1167 1860 1200 ipsum

1073 1213 1156 1241 Galba
1172 1218 1274 1248 septem
1290 1220 1407 1245 menses,
1422 1212 1520 1241 deinde
1536 1211 1697 1240 interfectus
1721 1217 1782 1245 est;
1809 1212 1863 1238 im-

1074 1267 1183 1294 perante
1199 1264 1259 1295 post
1276 1261 1365 1294 ipsum
1380 1260 1486 1288 Othone
1512 1264 1567 1287 tres
1592 1267 1710 1287 menses.
1725 1258 1806 1293 3&0
1824 1258 1864 1285 Eo

1074 1305 1152 1340 pulso
1168 1313 1229 1331 cum
1249 1305 1412 1339 imperasset
1433 1304 1556 1332 Vitellius
1575 1309 1638 1331 octo
1664 1300 1772 1331 menses
1785 1323 1792 1335 ,
1818 1304 1864 1330 in-

1074 1351 1203 1379 terfectus
1218 1356 1270 1378 est.
1290 1351 1359 1378 Tum
1374 1355 1510 1378 commota
1523 1355 1564 1378 est
1580 1350 1658 1378 valde
1671 1350 1796 1377 universa
1806 1348 1864 1376 Ro-

1074 1404 1214 1424 manorum
1226 1397 1304 1429 ditio,
1320 1397 1463 1424 concitatis
1478 1397 1598 1430 undique
1615 1396 1642 1423 in
1659 1403 1708 1423 eos
1722 1395 1862 1430 gentibus;

1072 1447 1099 1470 at
1114 1447 1175 1477 post
1193 1442 1392 1469 contentionem
1406 1450 1526 1477 gravem,
1538 1446 1563 1468 ct
1575 1442 1785 1468 commotionem
1800 1449 1863 1468 uta-

1072 1495 1163 1524 gnam,
1178 1487 1307 1519 ducibus,
1324 1486 1462 1522 praefectis
1476 1494 1507 1514 ac
1524 1487 1633 1519 scribis.
1647 1491 1781 1521 quotquot
1797 1494 1861 1513 cttm

1073 1534 1098 1560 in
1111 1533 1296 1560 Romanorum
1311 1537 1385 1559 terra
1400 1536 1456 1558 tum
1469 1532 1497 1559 in
1509 1532 1618 1559 Oriente
1632 1532 1755 1564 fuerunt,
1770 1531 1862 1559 omni-

226 1569 296 1596 ειυΙέ
309 1576 358 1596 ειη
374 1568 451 1601 die",
469 1578 479 1595 (
496 1568 584 1597 Lucas
598 1569 719 1597 medicus
731 1577 778 1598 V05
791 1571 902 1598 ³³¹υι³ίο
927 1579 936 1596 ³
951 1571 1019 1599 Ρτθ·
1032 1579 1053 1608 C
1071 1579 1122 1607 bus
1137 1580 1225 1606 vismn
1243 1582 1284 1606 est
1303 1577 1511 1612 Vespasianum,
1527 1577 1572 1612 qui
1588 1576 1787 1614 Hierosolymis
1807 1578 1862 1605 ob-

227 1616 342 1643 hensnm
367 1623 431 1643 vcro
449 1615 558 1643 Petrum
588 1615 659 1644 Nero
689 1616 780 1644 Caesar
807 1618 884 1645 cruci
910 1617 1014 1653 affigit,

225 1669 339 1697 corpore
356 1662 462 1689 scilicet
480 1662 599 1695 inverso,
616 1668 698 1697 atque
717 1663 756 1691 ita
774 1668 863 1690 morte
889 1671 952 1692 eum
977 1664 1018 1691 af-

228 1709 290 1735 fecit
309 1716 315 1735 :
336 1715 396 1735 nam
411 1711 438 1734 et
453 1706 561 1734 dixerat
584 1708 608 1735 ei
639 1707 760 1736 Petrus:
792 1709 821 1736 Si
850 1709 892 1737 vis
914 1714 944 1737 ut
969 1717 1019 1745 ego

226 1753 302 1781 eruei
320 1752 425 1787 affigar,
445 1760 613 1786 corporeme
626 1754 738 1782 inverso
756 1754 834 1790 affige
863 1755 942 1783 cruci
959 1775 966 1787 ,
985 1763 1019 1784 ne

228 1805 303 1825 mors
319 1797 385 1824 mihi
412 1797 511 1825 afflicta
527 1798 626 1826 similis
659 1799 695 1826 sit
718 1800 742 1827 ei
763 1807 823 1834 quae
848 1800 1019 1835 inﬂigebatur

227 1843 343 1872 Domino
367 1850 427 1871 meo
444 1843 565 1877 Christo,
584 1844 631 1879 qui
649 1845 725 1872 cruci
741 1845 838 1873 atiixus
851 1852 892 1874 est
904 1854 1018 1883 corpore

227 1894 328 1918 erecto.
363 1888 416 1916 Sed
449 1889 539 1924 gladio
565 1890 714 1918 trucidavit
747 1890 875 1920 Paulum.
904 1892 1018 1921 Occisus

227 1938 317 1962 autem
331 1939 372 1963 est
388 1934 485 1963 Petrus
495 1935 546 1963 sub
559 1944 662 1963 annum
682 1937 845 1966 vicesimum
863 1940 1017 1967 secundum

228 1985 290 2015 post
303 1981 447 2008 Dominum
469 1985 596 2009 nostrum
616 1982 770 2010 Christum.
787 1983 851 2011 Erat
875 1992 940 2012 vero
957 1989 1019 2020 post

229 2028 348 2059 Petrum,
365 2027 451 2056 Linus
466 2027 623 2062 patriarcha
642 2027 736 2056 Roma
749 2049 756 2060 ,
775 2037 828 2064 qua
848 2029 960 2058 functus
975 2031 1015 2058 di-

228 2074 334 2108 gnitate
351 2073 495 2100 duodecim
512 2081 600 2101 annos
616 2074 693 2101 obiit.
711 2074 746 2101 Et
763 2075 807 2102 hic
832 2075 938 2110 primus
960 2082 1020 2105 erat

228 2120 385 2156 patriarcha
400 2119 552 2148 Romanus.
568 2119 634 2147 Erat
649 2125 740 2149 autem
757 2121 864 2149 Marcus
880 2121 1018 2162 Evangelii

227 2169 335 2198 auctor,
353 2166 379 2192 in
397 2165 563 2192 Alexandria
586 2169 614 2192 et
627 2165 713 2193 Barca
730 2166 857 2195 homines
880 2168 914 2195 ad
939 2168 1019 2197 fidem

228 2213 253 2238 in
269 2211 410 2239 Christum
431 2210 530 2238 Filium
548 2210 594 2237 Dei
613 2210 734 2238 invitans
756 2213 836 2239 annis
852 2218 968 2248 septem.
987 2215 1018 2243 Et

227 2263 299 2283 anno
317 2255 424 2291 imperii
438 2255 555 2283 Neronis
571 2255 690 2283 Caesaris
702 2257 757 2292 jam
774 2256 840 2285 dicti
853 2247 951 2294 primo,
967 2268 1015 2288 oc-
1031 2247 1057 2277 D

226 2303 300 2330 risus
312 2307 356 2330 est
372 2302 478 2329 Marcus
498 2300 671 2329 Alexandriae
684 2321 692 2334 ,
706 2306 733 2330 ct
754 2310 854 2339 corptts
874 2304 934 2340 ejus
955 2300 1016 2341 igne

225 2351 269 2374 CSl
283 2351 437 2375 cretnatum
444 2368 450 2374 .

262 2393 349 2421 Porro
364 2402 437 2422 anno
451 2395 559 2430 imperii
578 2395 697 2424 Neronis
714 2395 832 2423 Ctesaris
855 2394 1017 2424 duodecimo

179 2441 181 2444 ‘
225 2439 394 2467 constitutus
412 2444 454 2466 est
468 2439 590 2475 lgnatius
603 2440 759 2476 patriarcha
777 2440 928 2469 Antiochiae
940 2461 949 2474 ,
968 2441 1016 2476 qui

178 2495 185 2513 ιν
225 2493 286 2513 rum
304 2493 393 2513 annos
419 2485 532 2520 triginta
551 2486 621 2514 duos
641 2486 817 2521 przefuisset,
841 2491 929 2514 morte
950 2487 1016 2515 affe-

225 2536 286 2559 ctus
306 2536 359 2560 est.
377 2531 486 2559 Mortuo
504 2536 596 2560 autem
631 2533 712 2560 Festo
727 2553 735 2565 ,
763 2533 1015 2568 Hierosolymorum

226 2578 366 2613 praefecto,
381 2579 532 2613 relictaque
561 2578 630 2606 urbe
656 2578 716 2606 sine
741 2579 864 2614 principe
884 2579 931 2614 qui
954 2586 1014 2606 eam

227 2625 418 2652 moderaretur
432 2645 439 2657 .
461 2624 592 2652 concitati
607 2623 694 2651 Judzci
711 2624 842 2651 Iacobum
857 2623 969 2660 Josephi
986 2624 1017 2651 fi-

227 2670 369 2706 lium,qui
394 2670 503 2698 Domini
524 2669 609 2698 frater
636 2670 735 2702 audit,
762 2670 900 2705 lapidibus
928 2670 1017 2699 donec

228 2723 382 2745 moreretur
421 2717 576 2752 impetitum
607 2715 825 2748 interfecerunt,
862 2716 1017 2751 multosque

225 2762 404 2798 337—339
416 2762 612 2797 discipulorum
624 2761 790 2789 cruciatibus
804 2761 873 2789 tnale
886 2761 1016 2789 multatos

227 2809 294 2835 urbe
308 2808 460 2841 ejeeerunt.
477 2807 517 2834 Ex
534 2807 600 2834 urbe
618 2807 700 2841 igitur
719 2807 782 2841 fuga
802 2807 922 2842 prolapsi
936 2807 1014 2834 Chri-

229 2852 324 2883 stiani,
340 2852 486 2880 Jordancm
503 2856 677 2880 transeuntes
690 2872 697 2884 ,
721 2853 781 2879 loca
816 2853 867 2880 ista
895 2853 1016 2880 incolue-

229 2902 304 2927 runt.
321 2897 368 2926 His
384 2898 483 2926 auditis
496 2897 568 2925 Nero
581 2897 673 2926 Caesar
687 2899 719 2926 ad
743 2898 899 2934 praefectum
927 2899 972 2935 qui
987 2899 1014 2927 in

1071 1625 1190 1652 sidendis
1208 1628 1359 1658 occupatus
1379 1623 1478 1655 fuerat,
1503 1623 1618 1656 imperio
1640 1623 1787 1657 praaficere.
1805 1622 1859 1655 Qui

1069 1678 1135 1705 ergo
1153 1677 1214 1697 cum
1230 1669 1353 1696 Cwsarea
1368 1669 1482 1696 Romam
1497 1668 1634 1703 profectus
1659 1676 1692 1696 eo
1720 1670 1862 1702 pcrvenis-

1070 1719 1122 1745 sci.
1140 1715 1275 1742 irruentes
1291 1714 1338 1749 qui
1364 1713 1458 1740 Romae
1485 1717 1565 1741 erant
1591 1714 1674 1741 duces
1701 1714 1728 1740 in
1760 1713 1860 1740 ducem

1069 1760 1212 1796 quemdam
1230 1761 1341 1788 nomino
1358 1760 1515 1791 Artitinum,
1543 1759 1587 1793 qui
1629 1759 1773 1793 imperium
1805 1759 1861 1786 sibi

1069 1813 1204 1842 occupare
1215 1809 1359 1837 statuerat,
1377 1805 1466 1840 ipsum
1492 1805 1698 1832 interemerunt.
1718 1803 1793 1831 Urbe
1811 1804 1861 1832 de-

1071 1852 1134 1880 inde
1149 1852 1264 1887 egressi.
1280 1850 1449 1886 Vespasiano
1467 1849 1572 1877 obviam
1591 1853 1687 1877 euntes
1699 1869 1706 1881 ,
1719 1850 1801 1884 Capiti
1818 1850 1860 1884 ip~

1070 1898 1128 1926 sius
1143 1898 1266 1925 diadema
1282 1897 1493 1932 imposuerunt;
1509 1896 1555 1931 qui
1575 1895 1619 1923 tibi
1644 1895 1738 1922 urbem
1755 1895 1860 1930 ingrcs-

1069 1951 1117 1972 sns
1133 1942 1202 1971 solio
1216 1943 1290 1978 regio
1306 1942 1464 1975 insedisset,
1480 1942 1642 1970 sceleratum
1666 1949 1698 1969 ac
1727 1941 1856 1968 rebellem

1069 1997 1204 2025 quemque
1219 1990 1293 2016 inter
1310 1988 1448 2016 Romanos
1464 1992 1553 2016 morte
1569 1988 1714 2020 multavit,
1735 1987 1802 2014 adeo
1828 1993 1859 2015 ut

1070 2036 1121 2063 sub
1136 2035 1195 2070 ipso
1211 2035 1238 2062 in
1255 2039 1357 2062 statum
1379 2035 1512 2070 optimum
1529 2038 1556 2061 et
1572 2034 1750 2069 tranquillum
1777 2034 1858 2061 reda-

1070 2087 1112 2108 cta
1127 2081 1162 2107 sit
1178 2079 1361 2107 Romanorum
1376 2084 1461 2107 terra.
1474 2080 1530 2106 Duo
1545 2083 1639 2107 autem
1671 2079 1722 2114 ipsi
1746 2079 1858 2106 fuerunt

1070 2125 1129 2158 ﬁlii,
1143 2131 1259 2160 quorum
1275 2125 1322 2152 uni
1337 2132 1436 2152 nomen
1452 2124 1533 2152 Titus
1549 2144 1557 2156 .
1570 2124 1649 2151 alteri
1668 2123 1837 2152 Domitianus
1851 2133 1859 2157 ;

1071 2178 1186 2206 quorum
1205 2170 1385 2198 Domitianum
1402 2170 1489 2205 copiis
1513 2170 1617 2205 magnis
1639 2169 1802 2197 instructum
1824 2171 1859 2197 ad

1071 2221 1165 2252 gentes
1181 2216 1313 2244 barbaras
1329 2216 1414 2248 misit,
1429 2222 1497 2250 quas
1510 2215 1556 2242 ille
1582 2215 1704 2248 occidit,
1726 2215 1858 2250 diripuit,

1071 2261 1170 2289 delevit
1191 2270 1198 2289 :
1213 2260 1305 2287 Titum
1321 2268 1397 2292 vero,
1418 2261 1540 2288 exercitu
1558 2259 1793 2295 etiamvfrequenti
1810 2261 1856 2287 in-

1070 2311 1218 2339 structum,
1235 2305 1450 2340 Hierosolymam
1471 2305 1556 2339 misit,
1572 2313 1654 2340 quam
1670 2305 1780 2333 biennio
1807 2306 1859 2333 ob-

1068 2352 1155 2385 sedit;
1183 2351 1364 2379 moricntibtts
1381 2351 1470 2386 quiin
1486 2351 1553 2378 urbe
1578 2356 1656 2378 erant
1679 2351 1761 2385 fame,
1789 2352 1860 2379 adeo

1069 2402 1096 2424 ιιι
1112 2404 1167 2432 prae
1183 2396 1265 2429 fame,
1282 2402 1453 2424 mortuorum
1469 2404 1501 2424 ac
1516 2400 1641 2423 natorum
1658 2403 1770 2424 ειιοτηιιι
1797 2404 1860 2423 car-

1068 2450 1117 2470 nes
1130 2442 1306 2470 comederent
1321 2451 1329 2470 :
1346 2451 1400 2478 qua
1413 2442 1513 2470 deinde
1537 2446 1616 2476 capta
1639 2450 1737 2470 omnes
1761 2442 1859 2477 341-

1068 2487 1148 2523 343
1161 2487 1208 2521 qui
1229 2487 1256 2514 in
1272 2487 1331 2522 ipsa
1348 2487 1456 2515 fuerant
1472 2492 1526 2514 tam
1541 2494 1630 2514 mares
1646 2494 1728 2522 quam
1741 2487 1857 2515 feminas

1069 2532 1224 2565 interfecit,
1252 2532 1492 2566 proscindentibus
1518 2530 1695 2567 [militibus]
1718 2538 1858 2566 prmgnan-

1068 2579 1137 2606 tium
1155 2583 1259 2610 uteros,
1281 2581 1307 2605 et
1323 2577 1442 2605 infantes
1460 2579 1534 2605 saxis
1548 2577 1735 2605 allidentibus.
1752 2577 1853 2604 Urbem

1068 2625 1150 2651 etiam
1167 2628 1194 2651 et
1210 2623 1338 2658 templum
1364 2627 1469 2650 vastata
1492 2622 1623 2650 incendit.
1648 2621 1785 2649 Numerati
1810 2622 1858 2649 dc-

1068 2669 1132 2697 inde
1147 2670 1194 2703 qui
1211 2668 1297 2703 ipsius
1311 2669 1391 2704 jussu
1405 2668 1490 2696 occisi
1506 2673 1583 2699 sunt,
1600 2673 1642 2695 ter
1663 2668 1762 2695 millies
1783 2667 1857 2695 mille

1069 2714 1168 2749 reperti
1183 2719 1257 2746 sunt,
1274 2721 1334 2740 cum
1350 2713 1395 2741 alii
1411 2713 1529 2749 Syriam,
1547 2713 1591 2741 alii
1615 2713 1763 2749 Egyptum
1779 2733 1786 2745 ,
1810 2713 1855 2740 alii

1069 2762 1095 2789 in
1115 2766 1214 2788 terram
1230 2759 1358 2795 AlGaur,
1384 2759 1577 2795 profugis-sent.
1609 2759 1668 2786 Jam
1696 2767 1710 2786 a
1744 2759 1856 2788 Christo

1069 2811 1132 2834 nato
1147 2807 1179 2833 ad
1195 2805 1446 2840 Hierosolymorum
1463 2813 1511 2840 per
1527 2805 1617 2832 Titum
1640 2805 1774 2832 excidium
1791 2804 1854 2831 anni

1069 2856 1133 2879 sunt
1149 2851 1329 2886 septuaginta.
1347 2851 1388 2878 Ab
1404 2850 1570 2884 Alexandro,
1589 2850 1703 2878 trecenti
1717 2850 1853 2884 octoginta

1069 2906 1176 2927 novem.
1189 2898 1206 2925 Α
1222 2897 1384 2933 Caplivitate
1400 2897 1572 2932 Babylonica,
1589 2897 1708 2925 sescenti
1720 2896 1854 2932 qninqur

1511 3004 1523 3016 Ι
