2015 3081
160 159 212 190 ΩΞἹ

663 163 684 191 Ε
691 162 738 191 UT
744 160 846 191 YCl-llI
862 159 1127 192 ALEXANDRINI
1145 163 1251 194 PATIL

1733 163 1784 194 9‘38

161 217 259 244 Gravia
276 222 365 246 autent
381 220 457 248 valde
473 220 507 246 ab
520 227 553 247 eo
569 220 640 255 passi
658 224 719 247 sunt
736 220 853 256 (Egyptii
879 222 943 248 dum
959 217 982 245 Α
995 223 1038 247 est
1054 219 1194 255 Benjamin
1205 222 1350 257 episcopus
1361 222 1634 258 ilierosolymitanus.
1650 225 1695 258 qui
1707 229 1786 258 pust-

162 267 289 293 homines
314 267 347 293 ad
379 267 510 294 idolorum
535 267 638 294 cultum
666 267 799 302 adigeret,
817 275 898 302 quam
913 267 948 294 ob

163 318 277 339 causam
296 314 395 341 mullos
410 315 518 341 etiame
534 313 710 346 Christianis,
729 319 816 342 morte
834 313 924 342 aﬂ‘ccit
940 322 948 340 :

163 356 234 384 inter
250 362 362 386 caeteros
376 358 584 386 Mar-Astatium
606 367 667 387 cum
686 368 771 388 uxore
794 365 820 387 et
842 361 949 388 duobus

164 402 244 435 ﬁliis;
262 404 362 438 quibus
387 405 491 432 scilicet
518 406 579 433 ollae
605 413 686 434 ariete
716 406 830 434 inclusis
849 414 948 441 aquatn

164 448 378 482 superlundens,
401 449 489 484 ignem
506 450 604 478 deinde.
627 451 783 486 supposuit,
801 451 888 478 donec
904 459 950 479 co-

161 501 322 527 querentur.
342 496 439 524 Gravis
456 502 545 525 autem
561 498 635 526 Ᾱῐιίο
655 500 777 527 Adriano
791 500 818 527 in
836 507 951 534 corpore

162 548 211 568 suo
233 542 345 570 morbus
362 543 462 570 accidit
476 551 483 576 ;
497 552 582 578 quare
603 545 666 572 dum
685 546 775 573 varias
794 551 951 580 peragraret

164 587 289 621 regiones
306 589 338 615 ad
356 591 506 618 remedium
521 593 629 626 corpori
642 596 668 619 et
690 593 786 620 morbo
810 600 860 620 suo
877 600 952 627 quie-

162 633 288 667 rendum,
305 634 493 671 Hierosolyma
505 637 554 671 ipsi
574 637 729 669 laudarunt,
746 646 799 671 quo
810 646 871 665 cum
890 646 951 672 per-

163 679 286 707 venisset
299 680 412 716 ipsaque
434 689 537 710 vastata
558 683 703 714 inveniret,
720 684 787 711 adeo
803 688 831 710 ut
846 685 950 712 nullum

162 722 197 749 ibi
225 721 394 760 [:cdilicium]
423 731 520 760 przl'tct‘
550 727 771 755 Christianorum
803 730 949 756 ecclesiam

161 772 245 799 esset.
263 770 367 797 exstrui
386 770 470 804 jussit
487 772 580 800 urbem
598 773 671 800 circa
698 773 840 808 templum,
858 782 953 801 muro-

162 820 214 847 que
229 813 290 842 forti
306 815 377 851 cingi
394 825 400 843 :
418 817 489 852 quod
504 825 564 845 cum
581 819 708 846 audirent
721 818 817 852 Judaei,
828 828 860 847 ex
876 821 952 847 omni

163 859 314 892 provincia,
331 861 462 896 omnique
489 864 557 891 urbe
580 864 728 898 conﬂuere,
741 865 810 893 adeo
823 870 851 892 ut
877 865 950 892 brevi

163 906 294 939 temporis
320 907 410 942 spatio
441 909 599 944 impleretur
633 911 699 945 ipsis
727 912 803 939 urbs.
829 912 952 946 Cumque

164 951 241 977 multi
261 960 375 980 numero
391 954 554 986 evasissent,
569 963 658 991 regem
685 956 739 984 illis
759 957 868 984 nomine
883 957 950 984 Bar-

165 995 267 1029 juzium
286 998 475 1031 pra't'ecerunt.
492 999 569 1032 Quod
597 1008 659 1027 cum
677 1001 748 1028 AZIio
764 1001 886 1029 Adriano
911 1009 953 1028 re-

164 1042 320 1070 nuntiatum
339 1050 422 1077 esset,
441 1045 515 1072 misit
534 1046 577 1073 ille
591 1046 687 1073 ducem
704 1054 719 1074 e
735 1048 793 1075 suis
807 1047 950 1082 quemdam

165 1088 272 1121 magnis
296 1088 462 1117 instructum
491 1091 590 1125 copiis,
608 1092 654 1126 qui
682 1092 777 1119 urbem
802 1092 951 1120 obsideret.

167 1132 268 1160 Mortui
285 1141 350 1169 ergo
373 1140 437 1163 sunt
456 1136 503 1171 qui
525 1136 551 1163 in
576 1145 607 1164 ea
622 1141 700 1164 erant
715 1137 785 1166 fame
799 1142 826 1165 et
841 1138 898 1166 siti.
914 1138 951 1165 Ea

165 1178 263 1206 deinde
280 1185 358 1214 capta
388 1188 513 1216 magnam
539 1181 694 1209 Iudaeorum
713 1187 833 1217 stragem
854 1183 950 1215 edidit,

164 1223 315 1258 urbemque
329 1225 413 1252 diruit
432 1227 500 1253 adeo
513 1230 543 1253 ut
555 1227 689 1254 desertam
707 1228 884 1262 relinqueret.
901 1228 952 1254 At-

165 1278 218 1302 que
236 1270 288 1297 hoc
304 1271 428 1298 ultimum
454 1272 632 1308 353-355
645 1279 685 1300 cst
700 1273 951 1308 Hierosolymorum

166 1316 315 1344 excidium.
331 1317 453 1344 Fuerunt
482 1321 572 1345 autem
590 1327 604 1346 e
621 1318 734 1352 Judmis,
749 1320 794 1354 qui
807 1320 952 1356 [Egyptum

166 1361 300 1395 fugerent,
320 1363 366 1390 alii
385 1363 429 1395 qui
455 1364 560 1399 Syriam
588 1370 614 1391 et
631 1365 656 1391 in
676 1370 793 1396 montes,
817 1370 843 1392 et
862 1366 952 1397 regio-

167 1414 227 1433 nem
241 1408 351 1442 Algaur.
368 1407 453 1436 Jussit
465 1417 529 1436 vero
543 1417 599 1441 rev,
612 1417 645 1436 ne
657 1410 718 1444 quis
731 1409 842 1438 Jndatus
857 1411 951 1438 urbem

166 1453 311 1486 incoleret,
338 1462 432 1481 verum
461 1455 577 1482 interﬁci
602 1456 676 1490 ipsos
701 1460 841 1491 totamque
857 1464 951 1484 eorum

167 1498 277 1533 stirpem
297 1500 382 1528 deleri
401 1509 408 1531 :
432 1501 526 1528 urbem
543 1505 632 1529 autem
648 1509 663 1528 a
676 1501 777 1529 Graecis
795 1502 910 1530 habitari
925 1507 952 1530 et

1000 273 1082 300 quant
1119 274 1207 295 annos
1245 272 1303 295 tres
1331 268 1448 295 sedisset
1471 274 1598 295 mortuus
1623 273 1674 295 est.
1708 269 1787 296 Anno

999 312 1120 347 ejusdem
1137 313 1254 345 decimo,
1271 313 1358 341 factus
1373 318 1415 341 est
1431 313 1550 341 Joannes
1564 314 1710 348 episcopus
1725 314 1786 341 llic-

1001 358 1224 392 rosolymitanns.
1243 359 1289 392 qui
1304 366 1366 386 eum
1385 366 1471 387 annos
1491 360 1559 387 duos
1576 359 1693 387 sedisset
1710 368 1785 388 mor-

1001 407 1066 430 tuus
1095 408 1148 431 est.
1179 404 1258 431 Anno
1274 404 1394 438 ejusdem
1427 405 1532 432 decimo
1546 405 1626 432 tertio
1642 406 1729 433 lactus
1744 410 1786 433 est

1001 448 1162 477 Matathreus
1178 451 1323 485 episcopus
1337 450 1607 487 Hierosolymitanus,
1619 452 1664 486 qui
1674 457 1702 479 et
1716 452 1786 480 duos

1001 501 1088 521 annos
1105 494 1187 526 sedit,
1203 495 1265 522 dein
1289 500 1415 523 mortuus
1433 500 1484 523 est.
1501 496 1581 523 Anno
1596 497 1721 531 ejusdem
1738 497 1787 524 de-

1001 540 1073 566 cimo
1097 541 1194 574 quinto
1221 542 1385 569 constitutus
1411 546 1453 570 est
1481 542 1620 578 Philippus
1641 544 1787 578 episcopus

1001 584 1274 621 llierosolymitanus,
1287 587 1333 621 qui
1350 595 1411 614 cum
1425 596 1512 616 annos
1523 589 1604 616 etiam
1619 590 1687 617 duos
1700 590 1787 618 sedis-

1002 633 1042 655 set
1068 635 1191 658 mortuus
1219 636 1272 659 est.
1295 634 1374 660 Anno
1400 633 1522 668 eiusdem
1542 635 1648 662 decimo
1672 637 1787 672 septimo

1002 675 1090 702 factus
1105 681 1145 704 est
1160 676 1263 705 Seneca
1276 678 1421 713 episcopus
1446 680 1723 716 Hierosolymitanus,
1739 683 1785 717 qui

1002 729 1102 749 annum
1119 731 1202 750 unum
1220 725 1302 756 sedit,
1328 726 1389 753 dein
1417 732 1542 754 mortuus
1556 732 1607 756 est.
1621 727 1699 755 Anno
1713 729 1787 761 ejus-

1002 769 1062 795 dem
1087 769 1193 797 decimo
1217 775 1314 798 octavo
1331 775 1439 799 creatus
1456 778 1498 800 est
1520 773 1614 802 Justus
1643 775 1787 810 episcopus

1004 814 1276 851 llicrosolymitanus,
1293 817 1337 844 ubi
1352 825 1412 845 cum
1429 826 1516 846 annos
1526 820 1646 854 quinque
1660 821 1787 855 sedisset,

969 884 988 910 Β
1003 868 1017 887 e
1032 861 1101 889 vivis
1116 863 1246 889 excessit.
1273 863 1378 891 Mortuo
1394 870 1484 892 autem
1513 865 1586 893 Elin
1611 867 1786 901 imperatore,

1004 911 1065 940 post
1089 907 1177 941 ipsum
1204 907 1298 936 Romae
1319 917 1406 938 annos
1432 912 1525 946 viginti
1551 912 1620 940 duos
1645 913 1789 946 imperavit

1004 953 1158 981 AntOninns
1173 955 1264 982 Caesar
1279 965 1286 983 :
1303 956 1381 990 cujus
1393 956 1496 990 imperii
1512 965 1582 985 anno
1595 959 1691 992 quinto
1701 960 1789 987 lactus

1003 1004 1045 1026 est
1080 1000 1211 1027 Anicetus
1239 1001 1393 1035 patriarcha
1409 1002 1588 1038 357-359
1622 1003 1786 1033 Romanus:

1003 1045 1074 1073 sedit
1104 1054 1191 1074 annos
1225 1047 1362 1080 undecim,
1385 1049 1446 1075 dein
1473 1054 1596 1077 mortuus
1621 1055 1673 1078 est.
1710 1052 1789 1079 Anno

1003 1090 1123 1126 ejusdem
1151 1091 1257 1119 decimo
1275 1097 1353 1120 sexto
1381 1093 1469 1120 factus
1486 1100 1529 1122 est
1554 1095 1714 1123 Soteriehns
1743 1104 1791 1130 pa-

1003 1137 1124 1165 triarcha
1150 1137 1288 1165 Romanus
1305 1148 1312 1165 :
1331 1138 1401 1166 sedit
1419 1146 1506 1166 annos
1532 1146 1605 1172 octo,
1626 1142 1687 1168 dein
1715 1150 1790 1169 mor-

1005 1187 1066 1209 tuus
1091 1187 1143 1209 est.
1162 1183 1241 1210 Anno
1265 1183 1372 1217 imperii
1395 1184 1480 1218 ipsius
1502 1190 1602 1218 quarto
1625 1187 1791 1215 constitutus

1004 1230 1046 1253 est
1071 1227 1178 1254 Clarius
1201 1228 1357 1262 patriarcha
1383 1228 1593 1261 Alexandrinus.
1611 1230 1682 1258 sedit
1704 1239 1791 1259 annos

1007 1273 1144 1304 undecim,
1160 1272 1221 1299 dein
1238 1277 1363 1301 mortuus
1380 1277 1431 1300 est.
1449 1275 1529 1302 Anno
1546 1275 1668 1309 ejusdem
1684 1275 1791 1303 decimo

1005 1317 1104 1351 quinto
1118 1317 1284 1345 constitutus
1296 1322 1339 1346 est
1353 1319 1488 1353 Agrabius
1500 1321 1654 1354 patriarcha
1672 1321 1791 1348 Alexan-

1004 1363 1111 1396 drinus,
1131 1364 1177 1397 qui
1203 1371 1289 1391 annos
1318 1364 1459 1392 duodecim
1476 1365 1558 1396 sedit.
1583 1366 1644 1393 dein
1668 1372 1791 1395 mortuus

1005 1412 1058 1435 est.
1076 1408 1155 1435 Anno
1183 1409 1288 1442 imperii
1318 1409 1405 1443 ipsius
1433 1410 1515 1437 tertio
1534 1416 1643 1438 creatus
1657 1417 1699 1439 est
1722 1412 1792 1439 Erus

1006 1454 1162 1488 patriarcha
1189 1454 1404 1488 Antiochenus,
1435 1456 1506 1483 sedit
1538 1458 1620 1484 annis
1649 1459 1790 1491 tredecim,

1006 1498 1068 1526 dein
1085 1500 1160 1527 obiit.
1178 1501 1256 1527 Anno
1267 1500 1388 1534 ejusdem
1401 1501 1510 1529 decimo
1533 1507 1611 1531 sexto
1623 1509 1733 1532 creatus
1750 1509 1792 1532 est

167 1548 200 1576 de
216 1547 388 1583 imperatoris
408 1548 519 1575 nomine
532 1547 631 1575 Etiam
646 1549 775 1582 appellari
791 1559 799 1576 ι
815 1556 899 1583 quare
921 1549 955 1577 ab
968 1547 991 1575 C
1008 1545 1174 1580 Theophilus
1190 1547 1344 1580 patriarcha
1358 1547 1552 1579 Antiochenus.
1568 1550 1614 1584 qui
1630 1558 1692 1577 eum
1705 1559 1792 1580 annos

167 1602 199 1622 eo
219 1599 342 1629 tempore
357 1594 431 1621 hunc
452 1601 538 1629 usque
554 1593 625 1621 diem
638 1594 709 1622 (Elia
723 1599 835 1622 vocatur
850 1603 857 1622 :
873 1602 954 1630 quam

167 1640 340 1668 incoluerunt
359 1639 456 1671 Graeci,
474 1644 501 1667 et
526 1641 559 1666 ad
581 1644 686 1674 portam
707 1641 798 1675 templi
824 1649 886 1676 qua:
906 1642 954 1668 Al-

167 1685 238 1712 Baha
254 1685 394 1721 [pulchra]
413 1685 500 1717 audit,
511 1693 601 1712 arcem
614 1690 786 1716 struxerunt.
802 1694 884 1721 super
899 1695 953 1721 qua

168 1730 287 1758 tabulam
314 1738 440 1766 magnam
462 1737 623 1765 pOSuerunt,
641 1731 814 1765 imperatoris
844 1733 956 1761 nomine

169 1775 239 1803 [ΕΙἰο
256 1776 427 1810 inscriptam,
443 1776 525 1810 idque
538 1783 610 1803 anno
625 1776 732 1811 imperii
746 1777 832 1811 ipsius
846 1781 954 1804 octavo.

169 1823 222 1848 Arx
254 1822 305 1848 ista
328 1821 409 1849 hodie
436 1821 470 1849 ad
485 1826 591 1856 portam
622 1820 876 1857 Hierosolymorum
903 1823 956 1850 sita

167 1867 278 1894 Davidis
294 1867 447 1894 sacrarium
471 1867 634 1902 appellatur.
653 1867 711 1895 Jam
728 1868 763 1895 ab
776 1868 885 1895 excidio
901 1869 957 1902 pri-

169 1921 212 1940 mo
224 1921 271 1948 per
287 1913 376 1941 Titum
389 1913 462 1941 facto
474 1914 507 1941 ad
522 1914 574 1941 hoc
589 1915 703 1942 alterum
719 1915 782 1941 anni
801 1918 864 1942 sunt
877 1915 958 1949 quin-

169 1959 298 1994 quaginta
326 1963 394 1987 tres.
423 1959 536 1994 lmpleta
562 1963 652 1987 autem
680 1965 745 1987 sunt
768 1959 956 1995 Hierosolyma

169 2005 281 2038 Graecis,
299 2006 344 2040 qui
364 2013 426 2033 cum
452 2005 628 2033 Christianos
644 2007 776 2038 limetum,
804 2005 878 2033 istud
907 2006 958 2033 sub

169 2057 222 2084 quo
241 2055 300 2077 erat
316 2050 490 2083 Sepulcrum,
521 2053 548 2076 et
572 2049 702 2077 Cranium
720 2050 804 2082 adire,
818 2053 902 2084 atque
919 2050 956 2077 ibi

169 2102 265 2129 preces
282 2095 397 2122 fundere
410 2095 545 2127 viderent,
557 2103 607 2122 eos
636 2095 688 2123 hoc
704 2095 796 2123 facere
810 2096 958 2131 prohiben-

170 2146 211 2168 tes
228 2148 313 2176 super
338 2141 430 2168 timeto
446 2141 575 2175 templum
591 2141 690 2169 Veneri
703 2142 825 2169 dicatum
849 2147 958 2170 struxe-

170 2191 244 2213 1³11111.

207 2232 286 2259 Anno
299 2232 403 2266 imperii
420 2232 481 2267 ejus
492 2237 569 2260 sexto
585 2233 752 2261 constitutus
767 2238 809 2261 est
823 2234 959 2269 Eugenius

165 2278 325 2312 «patriarcha
343 2277 492 2310 Romanus,
511 2279 555 2313 qui
570 2286 630 2306 cum
644 2287 731 2306 annos
742 2284 860 2314 quatuor
874 2279 960 2307 sedis-

171 2327 212 2349 set
230 2328 354 2349 morluus
370 2328 420 2350 est.
437 2325 516 2350 Anno
531 2324 652 2358 ejusdem
669 2324 775 2352 decimo
795 2325 960 2353 constitutus

165 2372 214 2395 est
229 2367 337 2395 Marcus
351 2368 506 2402 patriarcha
523 2369 672 2403 Romanus,
687 2370 733 2405 qui
746 2378 834 2398 annos
846 2371 961 2405 quinde-

172 2414 225 2440 cim
243 2414 324 2446 sedit,
338 2413 400 2441 dein
423 2420 548 2442 mortuus
563 2420 614 2442 est.
641 2416 720 2443 Anno
753 2423 826 2443 nono
852 2416 960 2451 imperii

166 2459 234 2492 ejus
249 2458 336 2486 factus
356 2463 397 2486 est
412 2458 555 2485 Cornelius
577 2459 734 2493 patriarcha
756 2461 956 2492 Antiochenus,

176 2504 222 2531 ubi
237 2512 299 2531 cum
319 2511 407 2531 annos
423 2504 654 2539 356'sexdecim
671 2505 786 2533 sedisset
798 2505 869 2533 diem
882 2506 961 2534 obiit.

173 2551 253 2577 Anno
271 2551 375 2585 imperii
403 2550 461 2585 ejus
477 2550 598 2577 secundo
618 2555 727 2578 creatus
750 2558 792 2579 est
808 2551 958 2579 Eumenius

172 2596 329 2630 patriarcha
346 2595 558 2628 Alexandrinus,
570 2596 616 2630 qui
635 2603 697 2623 cum
711 2605 797 2624 :mnos
814 2597 959 2624 duodecim

174 2642 292 2670 sedisset
309 2647 433 2669 mortuus
447 2646 498 2669 est.
511 2642 589 2669 Anno
604 2642 725 2676 ejusdem
742 2643 848 2670 decimo
861 2648 959 2677 quarto

170 2689 340 2716 constitutus
355 2693 397 2716 est
411 2687 565 2716 Marcianus
578 2688 733 2723 patriarcha
747 2688 961 2722 Alexandrinus,

174 2733 223 2766 qui
240 2738 384 2768 postquam
405 2741 492 2760 annos
513 2734 607 2761 decem
625 2733 743 2761 sedisset
770 2739 892 2761 mortuus
909 2738 961 2761 est.

175 2778 256 2805 Anno
282 2779 388 2814 imperii
417 2779 478 2814 ejus
493 2783 591 2814 (parte
622 2779 788 2806 constitutus
801 2783 844 2807 est
860 2779 962 2807 Tobias

173 2825 324 2859 cpiscopus
354 2824 631 2860 llierosolymitanns,
646 2826 691 2853 ubi
707 2833 769 2853 cum
794 2831 850 2854 tres
877 2834 963 2853 annos

175 2870 294 2898 sedisset
312 2874 436 2897 mortuus
454 2875 504 2897 cst.
519 2870 599 2896 Anno
613 2870 732 2904 ejusdem
744 2871 859 2905 septimo
875 2871 962 2898 factus

1005 1591 1100 1625 viginti
1118 1599 1201 1618 unum
1212 1593 1328 1620 sedisset
1340 1597 1465 1620 mortuus
1479 1598 1530 1620 est.
1541 1594 1620 1622 Anno
1632 1595 1737 1630 imperii
1751 1597 1792 1631 ip-

1005 1637 1062 1665 sius
1081 1637 1168 1672 primo
1202 1639 1369 1667 constitulus
1384 1643 1425 1667 est
1447 1639 1511 1667 Levi
1528 1641 1671 1676 episcopus
1694 1641 1791 1670 Hiero-

1004 1683 1203 1718 solymitanus;
1230 1685 1300 1711 sedit
1317 1692 1404 1712 annos
1427 1686 1557 1721 quinque,
1583 1687 1644 1714 dein
1664 1693 1788 1715 mortuus

1005 1733 1055 1756 est.
1067 1729 1145 1756 Anno
1154 1729 1276 1763 ejusdem
1289 1735 1368 1757 sexto
1379 1731 1544 1759 constitutus
1553 1736 1595 1759 est
1606 1731 1721 1766 Ephrem
1731 1732 1790 1766 epi-

1005 1781 1106 1808 scopus
1128 1774 1411 1810 Hierosolymitanus;
1430 1776 1500 1804 sedit
1521 1777 1608 1810 an.
1627 1777 1708 1809 duos,
1728 1778 1791 1805 dein

1007 1825 1131 1847 mortuus
1146 1824 1197 1847 est.
1211 1820 1290 1847 Anno
1303 1821 1426 1855 ejusdem
1439 1827 1536 1849 octavo
1547 1820 1636 1850 fanus
1645 1827 1689 1850 est
1704 1823 1792 1850 Arsa-

1007 1864 1069 1890 nius
1077 1864 1223 1898 episcopus
1232 1863 1506 1900 Hlerosolymitanus.
1516 1866 1630 1900 quicum
1641 1874 1727 1894 annos
1738 1873 1794 1894 trc's

1007 1909 1125 1936 sedisset
1140 1914 1266 1937 mortuus
1282 1915 1335 1938 est.
1349 1911 1427 1938 Anno
1437 1911 1559 1944 ejusdem
1573 1913 1716 1940 undecimo
1727 1920 1794 1940 con-

1007 1955 1119 1982 stitutus
1136 1954 1207 1982 Juda
1236 1956 1382 1990 episcopus
1399 1955 1671 1992 Hierosolymitanns,
1687 1957 1794 1985 duobus

1008 2000 1088 2028 anuis
1099 2001 1180 2032 sedit,
1194 2000 1257 2027 dein
1272 2001 1349 2028 obiit.
1363 2000 1422 2028 Jam
1440 2009 1505 2029 vero
1522 2009 1536 2028 a
1550 2001 1652 2030 Jacobo
1666 2003 1794 2037 episcopo

1013 2046 1265 2082 Ilierosolymitano
1293 2047 1393 2081 primo,
1419 2054 1506 2081 usque
1523 2047 1557 2074 ad
1583 2047 1680 2074 Judam
1712 2048 1792 2075 istum

1010 2092 1134 2127 ejusdem
1152 2093 1203 2120 loci
1221 2093 1392 2127 episcopum,
1409 2092 1518 2120 fuerunt
1529 2094 1664 2128 episcopi,
1681 2094 1725 2128 qui
1735 2094 1792 2122 sedi

1010 2138 1055 2165 isti
1081 2138 1310 2173 przeliciebantnr,
1328 2138 1496 2165 circumcisi.
1512 2138 1591 2165 Anno
1606 2139 1712 2172 imperii
1739 2139 1795 2165 An-

1012 2184 1098 2211 tonini
1111 2184 1218 2212 decimo
1244 2184 1323 2211 tertio
1343 2184 1510 2211 constitutus
1527 2188 1569 2211 est
1584 2184 1666 2219 360
1688 2183 1795 2211 Marcus

1016 2230 1162 2264 cpiscopus
1181 2228 1457 2263 Hierosolymitanus,
1471 2230 1516 2257 ubi
1528 2237 1615 2257 annos
1631 2236 1692 2257 octo
1711 2230 1795 2261 sedit,

1011 2275 1074 2302 dein
1096 2280 1222 2302 mortuus
1239 2279 1292 2301 est.
1317 2275 1396 2302 Anno
1413 2275 1536 2309 ejusdem
1555 2276 1684 2303 vicesimo
1707 2275 1796 2310 primo

1010 2325 1119 2348 creatus
1134 2324 1176 2348 est
1187 2320 1335 2348 Cassianus
1349 2322 1496 2356 episcopus
1519 2321 1795 2358 llierosolymitanus,

1011 2367 1058 2402 qui
1071 2374 1132 2393 cum
1148 2373 1236 2393 annos
1254 2367 1374 2400 quinque
1393 2367 1509 2395 sedisset
1526 2367 1598 2394 diem
1614 2367 1692 2394 obiit.

1046 2412 1153 2440 Mortuo
1164 2411 1302 2438 Antonino
1317 2411 1434 2442 Caesare.
1452 2413 1503 2446 ipsi
1519 2412 1546 2439 in
1564 2413 1678 2447 imperio
1690 2419 1799 2440 succes-

1012 2458 1049 2485 sit
1064 2458 1180 2491 Marcus,
1199 2458 1245 2492 qui
1261 2458 1388 2486 Aurelius
1403 2458 1503 2490 Caesar,
1521 2466 1570 2486 nec
1587 2466 1640 2485 non
1660 2459 1798 2486 Antonius

1012 2509 1038 2531 et
1050 2505 1137 2532 Verus
1149 2504 1300 2538 appellatus
1311 2507 1363 2535 est,
1375 2504 1492 2538 quicum
1509 2511 1597 2531 annos
1610 2504 1796 2532 novemdecim

1014 2550 1176 2584 imperasset
1189 2557 1204 2576 e
1218 2550 1288 2577 vivis
1301 2549 1430 2577 excessit.
1444 2549 1547 2583 Magnae.
1562 2550 1606 2577 hic
1619 2550 1798 2582 calamitatis,

1014 2599 1041 2622 et
1055 2596 1174 2623 tristitia:
1188 2596 1325 2623 diuturna:
1341 2596 1507 2623 Christianis
1531 2600 1628 2622 auctor
1647 2595 1708 2627 fuit,
1727 2597 1799 2622 ntul-

1015 2642 1051 2669 tis
1067 2642 1117 2669 sub
1130 2642 1189 2676 ipso
1212 2642 1371 2677 martyrium
1399 2642 1498 2676 passis.
1517 2641 1582 2676 Ejus
1597 2646 1720 2676 tempore.
1743 2649 1800 2668 ma-

1015 2695 1066 2722 gna
1097 2687 1148 2714 fuit
1173 2687 1271 2719 fames,
1300 2687 1475 2721 siccitasque,
1491 2690 1518 2713 et
1544 2688 1640 2721 pestis,
1657 2687 1722 2714 dum
1750 2694 1800 2721 per
1825 2693 1829 2696 '

1015 2733 1154 2760 biennium
1171 2741 1225 2759 non
1241 2733 1355 2767 plueret,
1369 2733 1436 2760 adeo
1450 2737 1480 2759 ut
1497 2740 1591 2767 parum
1607 2733 1716 2760 abesset
1733 2733 1799 2766 quin

1015 2783 1042 2807 et
1063 2786 1111 2806 rex
1127 2783 1154 2806 et
1169 2779 1285 2813 populus
1309 2778 1424 2812 imperio
1435 2777 1522 2812 ipsius
1543 2777 1671 2805 subditus
1686 2778 1757 2804 l’ame
1771 2783 1799 2804 ct

1014 2828 1091 2859 peste
1102 2825 1238 2859 perirent:
1253 2824 1371 2858 quiergo
1379 2823 1549 2851 Christianos
1559 2826 1690 2858 rogarunt
1699 2827 1727 2850 ut
1736 2830 1799 2857 pre-

1019 2871 1096 2898 cibus
1108 2879 1123 2899 a
1135 2870 1250 2898 Domino
1259 2877 1309 2899 suo
1316 2870 1435 2904 pluviam
1446 2871 1635 2902 impetrarent.
1652 2869 1708 2897 lllis
1716 2868 1799 2904 igitur
