2015 3081
218 185 271 216 989

935 185 1123 215 ANNALES.

1786 183 1840 216 990

220 249 315 275 preces
328 241 362 269 ad
383 241 526 270 Dominum
552 242 742 275 tundentibus,
763 251 887 278 magnam
907 244 1004 278 pluvia.-
1018 244 1040 270 Α
1056 242 1102 270 ubi
1120 247 1192 270 esset
1218 242 1340 276 ipsorum
1367 241 1496 270 dominus
1519 241 1571 276 ipsi
1601 241 1766 270 iudicarent.
1789 241 1838 273 illi,

221 290 328 320 copiam
343 287 465 320 demisit,
485 295 539 322 quo
552 293 633 323 pacto
647 289 754 316 sublata
775 294 818 317 est
832 294 858 317 ct
875 289 961 317 fames
978 294 1005 316 et

221 335 316 369 pestis.
337 334 393 362 Sub
405 334 465 368 ipso
480 335 506 361 in
519 333 621 362 Graecia
633 334 725 362 ﬂoruit
740 335 863 369 Magnius
882 336 1004 370 sapiens.

219 381 299 407 Anno
315 380 420 415 imperii
433 381 554 415 ejusdem
567 381 687 408 secundo
699 383 864 410 constitutus
873 386 913 409 est
924 382 1006 408 Eleu-

221 426 325 453 therius
349 426 505 460 patriarcha
530 426 684 459 Rotuanus,
698 428 743 462 qui
758 433 900 461 postquam
917 434 1005 455 annos

221 473 376 506 quindecim
393 473 522 504 sedisset.
539 477 664 501 mortuus
679 479 732 501 est.
749 473 858 507 imperii
882 474 1004 508 ejuSdem

222 525 294 544 anno
305 518 412 545 decimo
434 520 551 553 septimo
563 519 652 546 factus
666 519 761 546 Victor
783 519 875 545 Itonia:
891 519 1006 553 patriar-

223 565 273 591 cha
290 564 383 591 decem
397 572 485 591 annos
516 564 596 595 sedit.
621 564 683 592 dein
706 569 831 592 mortuus
849 568 901 591 est.
923 564 1006 591 Anno

221 609 342 646 ejusdem
359 609 454 642 quinto
472 610 639 637 constitutus
659 615 699 637 est
710 609 837 637 Julianus
853 610 1005 645 patriarcha

222 654 425 682 Alexandrinus
443 663 584 689 annosque
600 655 692 682 decem
707 656 787 688 sedit,
799 654 861 683 dein
883 660 1006 683 mortuus

221 705 274 727 est.
299 699 378 726 Auno
408 700 514 727 dei-imo
542 701 720 736 εει-363
731 702 828 735 quinto
839 701 1007 728 constitutus

224 753 266 774 est
285 748 439 775 Demetrius
457 749 611 782 patriarcha
630 747 845 779 Alexandrinus,
858 750 905 782 qui
920 755 1007 774 annos

223 792 406 827 quadraginta
426 797 482 820 tres
497 793 578 824 sedit,
595 792 657 819 dein
672 797 796 820 mortuus
817 797 868 820 est.
897 791 1007 820 Primus

223 838 270 865 ille
287 838 504 871 patriarcharum
522 837 667 872 episcopos
682 838 708 864 in
724 837 833 872 Egypti
849 837 952 864 ditione
964 845 1010 864 or-

223 883 337 910 dinavit.
354 884 432 910 Anno
447 883 554 918 imperii
566 883 692 917 ejusdem
703 883 810 910 decimo
822 883 919 917 quinto
932 890 1008 909 erea-

223 934 266 956 tus
280 934 322 956 est
343 929 477 956 Maximus
492 929 647 962 patriarcha
670 929 871 959 Antiochenus.
892 928 938 955 ubi
958 936 1008 954 no-

224 983 284 1001 vmn
303 983 389 1002 armos
403 975 484 1008 sedit,
499 974 562 1001 dein
581 979 707 1002 mortuus
722 979 775 1002 est.
794 975 872 1001 Anno
885 974 1008 1007 ejusdem

222 1024 322 1054 quarto
340 1020 429 1046 fartus
443 1024 485 1047 est
500 1019 636 1047 Eusebius
652 1019 799 1053 episcopus
812 1018 1008 1054 Hierosolymi-

223 1072 314 1099 tnnus,
329 1067 374 1100 qui
399 1073 460 1093 cum
483 1074 571 1093 annos
586 1066 655 1094 duos
674 1065 792 1093 sedisset
809 1070 934 1093 mortuus
957 1071 1008 1093 est.

224 1113 302 1139 Anno
315 1111 376 1146 ejus
392 1116 469 1139 sexto
487 1116 598 1139 creatus
611 1116 653 1138 est
670 1110 760 1138 Julius
774 1111 930 1146 patriarcha
947 1112 1010 1138 Hie-

227 1158 449 1193 rosolymitanus.
477 1158 522 1192 qui
537 1165 599 1185 cum
616 1165 704 1185 annos
718 1157 787 1184 duos
807 1157 922 1185 sedisset
937 1165 1010 1184 mor-

225 1207 289 1230 tuus
306 1206 357 1230 est.
383 1203 462 1230 Anno
486 1202 607 1237 ejusdem
625 1202 733 1230 decimo
757 1202 846 1229 factus
870 1206 913 1230 est
925 1202 1010 1230 Maxi-

224 1256 285 1276 mus
303 1249 447 1283 episcopus
464 1248 739 1283 llicrosoiymitanus,
756 1249 802 1284 qui
830 1257 917 1276 annos
937 1257 1008 1283 qua~

224 1299 286 1322 tuor
309 1294 391 1326 sedit,
409 1294 472 1321 dein
493 1298 617 1321 mortuus
630 1297 681 1321 est.
697 1295 776 1321 Auno
793 1294 914 1329 ejusdem
932 1295 1009 1321 deci-

224 1347 268 1367 uso
293 1340 390 1374 quinto
408 1338 509 1366 ibidem
537 1338 705 1366 constitutus
722 1343 764 1365 est
788 1339 934 1373 episcopus
958 1339 1008 1365 Ju-

222 1385 322 1418 lianus,
339 1386 385 1422 qui
403 1393 465 1413 cuin
478 1385 548 1412 duos
565 1392 652 1412 annos
663 1384 781 1412 sedisset
801 1388 925 1412 mortuus
944 1389 1006 1412 est:

223 1439 296 1458 anno
310 1436 401 1458 autem
417 1430 523 1458 decimo
530 1430 646 1464 septimo
660 1428 773 1461 Gabius,
791 1430 836 1464 qui
851 1433 907 1457 tres
920 1437 1007 1456 annos

223 1478 301 1507 sedit,
316 1477 377 1504 dein
389 1480 514 1503 mortuus
529 1480 582 1503 est.
601 1475 638 1503 Eo
652 1479 773 1510 tempore
787 1475 898 1510 scripsit
915 1475 1009 1502 Deme-

222 1521 292 1548 trius
309 1521 464 1555 patriarcha
488 1520 692 1548 Alexandrinus
707 1520 741 1547 ad
759 1520 875 1548 Cabium
903 1520 1011 1555 episco-

223 1574 288 1602 pum
327 1566 617 1602 llierosolymitanum,
650 1566 797 1594 Maximum
825 1566 1009 1600 patriarcham

223 1613 435 1645 Autioehenum,
453 1618 480 1640 et
502 1613 640 1640 Victorem
656 1612 842 1647 patriarcham
855 1611 1010 1639 Romanum

223 1660 257 1688 de
272 1660 377 1687 ratione
389 1659 511 1694 computi
525 1658 667 1686 Paschalis
681 1661 709 1685 et
724 1658 823 1692 jejunii
839 1657 1013 1685 Christiano-

223 1713 296 1738 rum,
307 1709 335 1732 et
352 1705 489 1740 quomodo
516 1711 531 1731 a
556 1703 693 1732 Paschate
720 1703 877 1730 Judzeorum
893 1702 1013 1730 deduca-

224 1755 288 1782 tur;
302 1749 337 1778 de
356 1756 410 1784 qua
433 1756 462 1777 re
481 1749 584 1776 multos
604 1753 756 1775 exararunt
771 1748 856 1775 libros
870 1752 897 1774 et
910 1747 1012 1782 episto-

223 1795 277 1829 ias,
289 1795 378 1822 donec
394 1801 428 1822 eo
442 1794 489 1829 qui
505 1793 561 1828 jam
575 1793 736 1820 observatur
754 1792 836 1820 modo
843 1791 1014 1819 Christiano-

224 1849 285 1869 rum
311 1840 417 1869 Pascha
441 1841 664 1872 constituerent;
685 1840 768 1874 idque
781 1839 844 1874 quia
859 1838 1009 1866 Christiani

226 1891 287 1921 post
307 1893 453 1914 ascensum
469 1886 577 1914 Domini
592 1885 675 1921 364
688 1885 789 1913 Christi
803 1886 830 1912 in
848 1885 943 1916 cmios,
965 1884 1012 1911 ubi

224 1933 324 1960 festum
337 1931 465 1966 baptismi
481 1931 679 1962 celebrassent,
690 1931 735 1957 die
746 1929 1012 1964 crastiuojejunium

225 1977 409 2013 quadraginta
425 1977 532 2005 dierum
546 1977 665 2011 incipere
683 1976 820 2010 solebant,
836 1977 905 2011 quod
917 1976 1014 2003 deinde

225 2024 383 2054 solvebant,
401 2023 473 2050 sicut
499 2022 565 2050 fecit
596 2021 729 2050 Dominus
753 2022 893 2054 Christus,
920 2025 1014 2056 utpote

225 2069 272 2103 qui
288 2073 435 2103 postquam
453 2067 608 2101 baptizatus
625 2067 653 2094 in
673 2066 794 2095 Jordane
811 2067 909 2095 fuisset
924 2068 951 2093 in
965 2067 1013 2094 de-

225 2120 328 2143 sertum
347 2114 426 2146 abiit,
441 2114 487 2141 ubi
507 2113 686 2150 quadraginta
701 2114 760 2142 dies
775 2114 885 2149 jejunus
902 2115 1012 2141 mansit.

228 2160 311 2188 iidem
326 2167 389 2186 cum
406 2158 492 2186 Judaei
509 2159 615 2186 Pascha
639 2159 810 2186 celebrarent
828 2159 899 2186 idem
917 2160 1013 2186 obser-

226 2212 329 2234 varunt
346 2206 458 2234 festum.
477 2206 516 2233 ita
532 2213 600 2241 ergo
616 2209 774 2234 statuerunt
786 2206 950 2241 patriarchae
968 2206 1012 2232 isti

1056 296 1114 323 pne
1128 287 1211 314 animi
1229 288 1409 323 generositate
1424 295 1455 315 ac
1475 287 1578 315 domini
1594 287 1636 316 sui
1650 286 1775 314 servandi
1791 287 1840 314 dc-

1056 335 1170 367 sidcrio,
1186 335 1249 362 illud
1267 335 1355 362 facere
1371 339 1533 363 recusarunt
1549 343 1557 361 τ
1575 338 1603 361 et
1627 334 1661 360 ab
1686 333 1841 360 Alexandro

1057 380 1090 407 ad
1117 380 1282 408 Pereunium
1310 388 1397 408 annos
1416 380 1501 408 fuisse
1526 380 1688 415 quingentos
1715 384 1742 406 et
1759 379 1841 406 sede-

1057 427 1108 454 cim
1128 435 1134 454 :
1151 427 1232 461 idque
1248 434 1319 453 anno
1336 426 1443 460 imperii
1461 425 1605 453 Commodi
1618 424 1735 452 Caesaris
1749 423 1842 459 365-

1057 472 1137 508 367
1153 481 1235 500 nono.
1250 473 1310 500 [ire
1321 473 1451 501 Galenus.

1094 519 1195 546 Floruit
1208 520 1289 546 etiam
1316 519 1438 552 ejusdem
1456 523 1577 553 tempore
1596 517 1774 544 Democrates
1791 522 1842 542 sa—

1058 566 1146 600 piens.
1172 566 1249 593 Anuo
1276 566 1381 600 imperii
1405 566 1489 600 ipsius
1505 570 1600 591 octavo
1613 567 1721 590 creatus
1736 567 1777 589 est
1791 562 1843 589 Ze-

1057 611 1183 646 phiriuus
1212 612 1366 646 patriarcha
1383 611 1534 643 Romanus,
1550 611 1596 645 qui
1618 617 1704 636 annos
1731 609 1842 636 octode—

1058 658 1110 684 cim
1126 657 1204 691 sedit,
1225 658 1285 684 dein
1304 661 1425 684 mortuus
1439 661 1490 683 est.
1506 657 1583 683 Anno
1596 656 1655 690 ejus
1670 655 1766 689 quinto
1779 662 1844 682 con-

1058 703 1170 731 stitutus
1186 707 1228 730 est
1240 703 1370 738 Serapion
1399 702 1553 737 patriarcha
1576 701 1774 732 Antiochenus,
1797 700 1843 733 qui

1058 757 1119 776 cum
1143 749 1237 776 decem
1267 756 1354 776 annos
1379 749 1506 779 sedisset,
1534 752 1657 774 mortuus
1685 751 1736 773 est.
1767 749 1845 772 Anno

1058 795 1179 829 ejusdem
1192 796 1280 830 primo
1292 795 1458 822 constitutus
1474 799 1516 820 est
1539 792 1722 828 Symmachus
1736 792 1845 826 episco-

1060 847 1109 874 pus
1121 839 1397 876 Hierosolymitauus,
1410 840 1453 866 ubi
1467 847 1529 866 cum
1543 839 1612 866 duos
1632 846 1717 865 annos
1731 837 1846 865 sedisset

1060 890 1184 914 mortuus
1200 891 1253 914 est.
1272 887 1351 914 Anno
1375 886 1434 920 ejus
1449 886 1528 912 tertio
1544 886 1632 913 factus
1649 890 1691 912 est
1708 885 1848 912 Gabianus

1059 932 1202 966 episcopus
1227 931 1509 967 Hierosolymilanus,
1527 933 1653 966 quicum
1680 937 1736 958 tres
1761 937 1847 957 annos

1061 978 1187 1009 sedisset,
1218 982 1341 1005 mortuus
1358 982 1410 1005 est.
1435 978 1514 1004 Anno
1530 977 1590 1011 ejus
1611 981 1688 1004 sexto
1705 977 1791 1004 factus
1805 981 1848 1003 est

1060 1022 1184 1051 Julianus
1196 1023 1340 1058 episcopus
1358 1022 1632 1057 Hierosolymitanus.
1645 1023 1692 1056 qui
1707 1029 1769 1049 cum
1783 1029 1849 1056 qua-

1061 1073 1123 1096 tuor
1147 1075 1234 1096 annos
1257 1068 1372 1095 sedisset
1391 1072 1515 1095 mortuus
1536 1073 1590 1095 eSt.
1615 1068 1694 1095 Auno
1722 1067 1845 1101 cjusdeu

1062 1113 1207 1140 undecimo
1229 1115 1394 1140 constitutus
1409 1117 1451 1140 est
1468 1112 1540 1139 Elias
1557 1112 1702 1146 episcopus
1720 1111 1848 1138 Hierom-

1061 1158 1216 1193 lymitanus,
1233 1159 1278 1193 qui
1297 1158 1365 1186 duos
1383 1165 1469 1186 annos
1480 1157 1562 1190 sedit.
1578 1157 1640 1185 dein
1659 1161 1782 1184 mortuus
1795 1161 1846 1183 est.

1060 1204 1140 1231 Anno
1157 1205 1263 1239 imperii
1277 1204 1364 1239 ipsius
1376 1204 1493 1235 decimo.
1504 1203 1591 1230 exorti
1609 1203 1697 1231 Persa:
1712 1202 1848 1234 Babelem,

1062 1249 1203 1283 Amidum,
1223 1254 1249 1276 et
1277 1249 1394 1276 Persiam
1415 1251 1609 1282 occuparunt,
1642 1247 1736 1283 [duce]
1754 1255 1850 1281 nempe

1062 1296 1212 1323 Azdashiro
1226 1295 1281 1322 ﬁlio
1298 1294 1406 1327 Babeci,
1424 1294 1470 1320 tllii
1488 1294 1596 1326 Sasani,
1619 1293 1788 1324 Estocbrita,
1803 1293 1847 1326 qui

1063 1342 1166 1376 primus
1184 1349 1287 1376 regum,
1301 1340 1390 1367 denuo
1408 1340 1434 1366 in
1451 1339 1572 1366 Pcrsiatn
1590 1339 1730 1373 regnavit,
1752 1338 1850 1365 litteris

1063 1387 1096 1413 ad
1118 1393 1212 1413 omnes
1228 1392 1284 1413 tum
1309 1386 1361 1413 sibi
1389 1386 1494 1413 vicinos
1508 1385 1606 1412 Persian
1630 1392 1718 1420 rcges,
1734 1389 1788 1412 tum
1804 1384 1850 1418 qui

1065 1432 1172 1466 longius
1187 1431 1214 1458 in
1229 1432 1291 1458 aliis
1310 1432 1423 1458 aberant
1443 1431 1608 1466 provinciis,
1624 1430 1743 1457 tribuum
1763 1435 1851 1464 reges,

1062 1477 1143 1509 datis,
1157 1477 1255 1511 quibus
1275 1477 1349 1511 ipsos
1372 1477 1405 1504 ad
1430 1476 1481 1504 sibi
1507 1475 1711 1503 assentiendum
1728 1479 1756 1502 et
1771 1482 1849 1508 opem

1064 1523 1202 1550 ferendam
1221 1522 1366 1553 invitavit,
1394 1531 1509 1549 monens
1535 1530 1569 1549 nc
1593 1522 1643 1556 ipsi
1671 1521 1799 1548 adversos
1823 1528 1853 1548 se

1024 1578 1046 1607 ο
1063 1568 1232 1603 ρτιεὴετειιι,
1252 1572 1366 1595 mortem
1379 1572 1406 1595 et
1425 1575 1520 1602 poenas
1536 1567 1558 1594 si
1575 1567 1601 1594 id
1620 1566 1742 1594 iacerent
1759 1566 1851 1593 mina-

1064 1620 1118 1642 tus.
1137 1614 1176 1642 Ad
1200 1621 1269 1649 quos
1286 1621 1352 1648 ergo
1367 1613 1411 1640 ubi
1438 1613 1623 1647 pervenissent
1637 1612 1734 1639 littera
1752 1616 1779 1638 et
1794 1612 1853 1646 epi-

1064 1661 1149 1692 stolae.
1170 1661 1248 1688 valde
1263 1660 1301 1687 illi
1320 1660 1417 1686 timere
1431 1667 1438 1692 ;
1455 1659 1500 1686 alii
1519 1659 1590 1686 ultro
1609 1658 1693 1694 368
1706 1658 1829 1685 obsecuti
1843 1677 1851 1688 .

1066 1707 1172 1741 ipsique
1187 1707 1218 1732 ad
1237 1713 1316 1740 opem
1337 1705 1374 1732 illi
1402 1705 1539 1732 fercmlam
1565 1703 1679 1738 proiecti
1699 1707 1782 1734 sunt,
1807 1702 1852 1730 alii

1063 1752 1150 1779 donec
1165 1752 1198 1780 ad
1224 1752 1298 1787 ipsos
1325 1751 1468 1778 accederet
1486 1754 1640 1781 manentes,
1667 1754 1723 1776 tum
1749 1748 1790 1776 vel
1814 1748 1852 1774 illi

1063 1803 1161 1834 sponte
1178 1798 1412 1833 obsequebantur,
1429 1797 1469 1823 vel
1488 1796 1565 1823 inviti
1593 1796 1695 1824 servire
1717 1795 1853 1829 cogeban-

1064 1849 1119 1876 tur.
1138 1844 1183 1871 alii
1202 1851 1306 1871 moram
1325 1847 1468 1870 traxerunt
1486 1842 1574 1869 donec
1595 1841 1695 1868 caedem
1710 1845 1737 1868 et
1756 1839 1853 1867 inter-is

1064 1894 1119 1917 tum
1134 1893 1300 1924 paterentur.
1320 1888 1403 1916 Nemo
1420 1891 1510 1914 autem
1529 1887 1566 1913 illi
1584 1886 1744 1921 obsequium
1762 1889 1852 1912 utatu-

1064 1936 1123 1963 rius
1139 1934 1278 1971 praestitit,
1294 1941 1374 1968 quem
1387 1940 1441 1960 non
1458 1932 1633 1959 benelicentia
1651 1939 1700 1958 sua
1717 1938 1850 1957 remune-

1064 1981 1148 2014 ravit,
1163 1980 1270 2015 ipsique
1285 1979 1447 2014 dignitatem
1467 1978 1552 2007 auxit,
1577 1977 1656 2004 titulo
1673 1977 1762 2004 solum
1781 1976 1854 2010 regis

1064 2031 1187 2060 excepto.
1200 2033 1254 2060 quo
1268 2024 1416 2056 neminem,
1433 2023 1493 2058 ipso
1510 2027 1635 2057 excepto,
1650 2021 1775 2057 insigniri
1791 2029 1854 2056 per-

1065 2073 1191 2099 missum.
1214 2070 1308 2105 Neque
1326 2077 1340 2097 a
1356 2069 1461 2097 ditione
1478 2068 1511 2096 ad
1526 2068 1670 2098 ditionem.
1691 2075 1706 2094 a
1726 2074 1810 2101 regno
1821 2067 1854 2094 ad

1065 2125 1178 2152 regnum
1194 2136 1202 2149 ,
1220 2123 1234 2143 a
1252 2116 1363 2151 regione
1382 2115 1415 2142 ad
1433 2115 1571 2149 regionem
1596 2113 1712 2140 transire
1731 2112 1855 2144 destitit.

1064 2163 1152 2189 donec
1162 2162 1194 2189 ad
1210 2161 1302 2188 urbem
1318 2161 1439 2192 Saturni,
1458 2167 1518 2194 qua:
1531 2164 1599 2187 este
1611 2159 1721 2193 regione
1734 2157 1855 2189 Mascen.

1065 2207 1243 2243 pervenisset,
1258 2214 1318 2241 quae
1331 2211 1358 2233 et
1371 2208 1425 2232 Arx
1443 2205 1604 2240 appellatur,
1617 2203 1643 2231 in
1658 2211 1711 2238 qua
1728 2211 1757 2230 se
1767 2204 1856 2229 muni-

227 2252 371 2280 PaﬁChaliS
385 2255 558 2286 fompulum.
574 2256 604 2278 ιη
616 2251 773 2287 ieiunare!“
786 2251 935 2279 Chrisliani
947 2259 1014 2287 qua-
1031 2252 1053 2281 D
1067 2257 1142 2282 verat
1157 2261 1204 2280 rex
1219 2252 1366 2280 Alsawadi.
1390 2251 1466 2278 Illam
1494 2250 1622 2278 diuturna
1638 2248 1782 2276 obsidione
1798 2248 1858 2274 cin-

226 2299 349 2334 dragtuta
364 2297 436 2329 dies.
453 2298 553 2326 deinde
570 2298 615 2326 die
636 2297 780 2326 Paschatis
800 2297 934 2333 jejunium
956 2299 1013 2326 sol-

227 2349 332 2372 verent.
1005 2373 1014 2383 ἱ

260 2390 335 2419 Obiit
350 2394 440 2418 autem
457 2390 565 2418 Marcus
578 2391 670 2418 Caesar
686 2391 845 2425 imperator,
863 2389 1015 2424 imperante

228 2442 292 2471 post
323 2437 414 2472 ipsum
448 2437 542 2464 Romae
561 2436 712 2472 Commodo
737 2436 855 2468 Caesare,
882 2435 1013 2462 Antonini

228 2483 293 2514 ﬁlio.
311 2489 397 2510 annos
413 2482 567 2511 dttodecim.
584 2482 651 2515 Eius
663 2487 785 2517 tempore
797 2481 888 2508 ﬂoruit
902 2482 928 2507 in
941 2480 1016 2508 Grre-

226 2535 320 2555 corum
341 2527 456 2558 ditione.
483 2527 550 2554 urbe
575 2527 718 2562 Pergamo,
747 2526 867 2553 Galenus
892 2526 1012 2561 sapiens,

226 2574 293 2600 artis
320 2573 434 2600 medica:
451 2577 558 2600 auctor.
588 2572 673 2598 Porro
698 2572 824 2599 meminit
853 2571 972 2599 Galenus
987 2572 1014 2598 in

227 2619 360 2646 librorum
377 2625 489 2645 suorum
508 2618 608 2650 indice,
635 2626 665 2645 se
686 2617 837 2645 Commodo
855 2617 1014 2652 imperatori

227 2664 369 2692 educando
384 2663 469 2700 [quod
497 2664 529 2691 ad
554 2663 710 2700 sanitatem]
730 2663 886 2698 praefectum
918 2663 1014 2691 fuisse.

228 2709 351 2736 Meminit
371 2709 452 2736 etiam
480 2716 608 2736 sermone
633 2709 722 2743 primo
733 2708 795 2735 libri
814 2709 858 2742 qui
877 2707 915 2735 De
930 2708 1014 2735 animi

228 2754 346 2782 moribus
360 2755 532 2787 inscribitur,
551 2755 636 2782 [uisse
651 2760 771 2789 tempore
794 2754 936 2781 Commodi
957 2755 1015 2781 im—

226 2801 374 2835 ‘peratoris.
392 2801 495 2834 virum,
514 2800 626 2827 nomine
641 2799 817 2832 Pereunium,
838 2801 884 2834 qui
900 2807 962 2827 cum
981 2799 1014 2826 ad

226 2854 319 2874 necem
333 2853 348 2873 ιι
363 2845 514 2874 Commodo
526 2847 670 2882 quasitus,
688 2846 814 2881 fugisset,
829 2849 911 2880 atque
925 2845 1013 2879 impe-

229 2899 302 2921 rator
319 2892 389 2921 duos
400 2893 446 2928 qui
465 2893 504 2921 illi
530 2893 637 2922 fuerant
661 2900 755 2922 servos
772 2893 940 2927 verberaret,
958 2899 1012 2927 quo

1067 2305 1136 2328 ctam
1146 2307 1218 2335 ‘cum
1235 2298 1338 2326 trullam
1351 2296 1476 2332 capiendi
1498 2295 1630 2322 rationem
1652 2294 1787 2321 inveniret
1803 2293 1856 2319 Az-

1067 2345 1172 2377 dasbir,
1188 2351 1279 2371 arcem
1299 2343 1451 2370 ascendens
1468 2341 1539 2375 regis
1563 2339 1711 2374 (Alsawadi
1740 2338 1855 2372 scilicet)

1067 2391 1120 2417 ﬁlia
1134 2390 1167 2416 ad
1182 2387 1324 2416 Azdashiri
1343 2387 1436 2420 copias
1450 2385 1663 2420 perlustrandas.
1687 2390 1750 2410 cum
1770 2382 1857 2410 Asila-

1066 2435 1134 2463 shiri
1150 2434 1289 2467 conspecti
1308 2432 1393 2459 forma
1408 2432 1458 2466 ipsi
1475 2431 1606 2466 placeret.
1621 2437 1716 2457 amore
1733 2429 1793 2462 ejus
1812 2435 1858 2454 ca-

1066 2484 1111 2515 pta
1128 2483 1181 2507 est.
1208 2478 1354 2506 Prehensae
1369 2477 1453 2512 igitur
1466 2477 1572 2512 sagittae
1588 2483 1649 2503 cum
1676 2475 1734 2502 haec
1757 2474 1857 2501 inscri-

1066 2527 1165 2561 psisset
1179 2533 1185 2550 :
1201 2523 1231 2551 Si
1241 2525 1305 2550 mihi
1316 2523 1466 2558 promiseris
1483 2527 1506 2548 te
1523 2529 1632 2548 umorem
1648 2528 1689 2547 me
1704 2520 1857 2550 ducturum,

1066 2572 1188 2599 indicabo
1208 2571 1254 2597 tibi
1270 2572 1354 2596 locutu
1377 2577 1428 2604 quo
1451 2569 1540 2595 urbem
1563 2568 1632 2594 hanc
1647 2574 1738 2600 capere
1760 2565 1863 2600 possis,.

1065 2625 1125 2645 eam
1158 2616 1338 2643 Azdashirum
1358 2622 1455 2642 versus
1469 2614 1552 2649 jeeit;
1579 2613 1623 2640 cui
1649 2619 1712 2639 cum
1738 2611 1859 2646 placeret

1066 2664 1138 2698 quod
1153 2663 1311 2698 scripserat,
1327 2661 1456 2693 sagittam
1483 2661 1534 2686 hoc
1551 2658 1686 2692 inscripto
1712 2663 1861 2691 responso:

1067 2709 1234 2736 Prtestilurur
1250 2716 1307 2734 sum
1324 2707 1371 2734 tibi
1382 2706 1452 2741 quod
1467 2705 1568 2740 petiisti
1593 2704 1626 2731 ad
1641 2705 1726 2738 ipsam
1739 2701 1856 2729 remisit.

1065 2755 1143 2788 Quod
1161 2762 1222 2782 eum
1241 2755 1351 2790 legisset
1366 2753 1423 2784 illa,
1441 2751 1582 2786 rescripsit
1597 2770 1604 2777 .
1634 2751 1681 2777 Est
1707 2748 1766 2776 urbi
1792 2747 1857 2775 huic

1067 2805 1144 2836 porta
1164 2808 1247 2836 parva
1270 2800 1347 2827 lateri
1368 2798 1414 2825 uni
1431 2801 1629 2832 superstructa,
1646 2796 1672 2823 'rn
1695 2795 1757 2822 loco
1783 2793 1829 2820 tali
1848 2801 1856 2819 :

1067 2846 1159 2873 addita
1187 2845 1238 2872 loci
1266 2844 1459 2879 descriptione.
1486 2841 1621 2869 Azdashir
1639 2848 1703 2875 ergo
1721 2844 1857 2866 conversa

1066 2891 1241 2928 369-371
1263 2889 1294 2917 ad
1313 2890 1402 2918 lucum
1426 2889 1508 2917 istum
1533 2886 1671 2916 exercitus
1696 2885 1736 2913 sui
1758 2888 1861 2920 parte,
