2015 3081
169 150 220 183 9‘3l

677 153 860 184 EUTYCHll
876 153 1144 185 ALEXANDRINI
1165 156 1274 186 PATR.

1736 153 1795 183 992

169 215 200 234 ex
220 212 296 242 parte
313 207 364 235 alia
380 207 441 234 illos
455 215 543 242 pugna
567 212 715 243 occupatos
731 207 856 240 detinuit,
875 214 956 243 alque
971 211 994 238 Δ
1006 218 1059 245 qtte
1073 211 1100 237 iu
1114 211 1210 238 Persia
1226 215 1300 238 sunt.
1314 209 1594 240 Bahman-Aldashir.
1610 215 1670 243 qua'
1685 212 1726 235 est
1740 208 1795 234 Eu-

170 253 207 280 ita
232 258 327 288 aperto
352 254 412 280 loco
438 254 473 280 ab
499 254 573 280 urbis
599 254 694 281 incolis
723 254 846 289 neglecto
864 261 953 288 regem

170 299 256 333 ipsius
271 298 486 330 interfecerunt,
505 299 652 333 omniaque
674 306 735 333 quae
752 299 778 326 in
796 299 853 333 ipsa
877 303 956 326 erant

170 348 350 379 occuparunt.
373 344 440 371 Tum
461 345 586 377 praestitit
611 344 746 372 Azdashir
770 343 859 381 [juxta
887 345 955 372 alios

171 389 297 425 Ardshir]
317 389 376 416 lilia:
401 390 473 424 regis
493 390 564 424 quod
588 391 625 417 illi
651 390 789 425 pollicitus
808 390 906 421 fuerat,
927 397 956 418 se

170 443 229 462 eam
247 435 351 462 scilicet
367 442 480 462 ttxorem
498 435 655 463 ducturum.
670 435 754 463 Nocte
772 440 861 463 autem
881 443 954 470 qua-

171 481 232 508 dam
247 480 411 507 decumbens
423 481 483 515 ipsa
502 481 529 508 in
549 481 630 514 lecto,
643 482 676 509 de
692 482 751 509 loco
768 482 795 508 in
811 489 865 516 quo
881 482 956 515 jace-

172 532 213 554 rct
233 530 339 561 questa,
371 532 426 554 tota
445 532 523 554 nocte
541 527 674 556 insomnis
692 528 851 562 permansit.
877 527 957 560 Qua).-

174 577 252 600 renle
267 581 333 607 ergo
349 573 394 599 illo
409 572 486 608 [quid
506 572 604 609 esset],
620 581 684 600 ecce
697 574 748 600 sub
766 574 850 600 linteo
870 573 956 608 ipsius

172 620 198 645 in
225 619 296 646 lecto
314 618 408 646 folium
427 619 476 646 fuit
496 619 665 653 oleagineum
681 639 689 652 ,
709 620 781 654 quod
810 619 955 654 vestigium

171 665 228 692 cuti
245 665 305 700 ejus
323 665 510 700 impresserat.
526 665 637 700 llogavit
648 673 712 700 ergo
729 665 815 697 illam,
829 672 884 699 quo
896 664 957 692 cibo

172 712 258 745 ipsam
277 719 389 746 pascere
406 711 503 738 solitus
514 715 586 739 esset
600 715 685 746 pater;
705 711 887 745 respondente
899 710 956 738 illa:

173 756 219 783 llla
239 757 339 791 quibus
368 757 504 792 praecipue
527 757 657 784 vescebar
691 761 769 783 erant
794 756 844 783 llos
869 756 956 788 lactis,

174 803 260 834 favus,
279 808 305 830 et
326 803 460 835 medulla;
479 803 548 830 dixit
565 803 717 830 Azdashir:
733 802 791 829 Non
810 802 867 829 seio
886 809 957 836 quo-

173 847 254 873 modo
266 847 328 882 quis
348 852 449 881 patrem
463 851 539 874 tuum
552 866 561 879 ,
575 847 602 874 in
617 852 642 874 te
657 846 773 874 atnattdo
787 867 794 879 ,
810 851 837 874 et
854 847 958 874 honore

172 891 324 922 alliciendo,
336 894 441 925 aequet;
457 899 519 918 cum
534 899 598 926 ergo
614 899 666 920 non
682 892 754 919 aliud
771 891 821 927 ipsi
838 899 888 927 pro
900 898 959 918 ma-

173 936 235 971 gnis
254 937 340 971 ipsius
359 937 385 963 in
402 941 429 964 te
451 936 557 965 meritis
572 945 652 972 quam
665 937 767 965 caedem
787 937 959 971 rependeris,

173 983 269 1009 Ilierila
283 987 356 1010 certe
377 990 406 1010 es
426 982 484 1017 ipsa
502 990 535 1014 ne
551 983 578 1010 in
598 989 670 1010 terra
695 988 832 1018 superstes
849 982 960 1015 sinaris,

173 1033 255 1063 alque
273 1036 323 1064 ego
340 1029 377 1056 illi
392 1029 453 1063 jura
472 1037 522 1057 sua
537 1029 683 1064 rependam
702 1039 709 1057 :
730 1038 791 1057 cum
817 1031 888 1058 enim
912 1030 962 1059 ob-

173 1074 314 1101 caacaverit
329 1082 406 1102 amor
424 1075 519 1102 oculos
537 1079 600 1102 tttos
611 1095 619 1108 ,
634 1080 662 1102 et
676 1075 845 1103 intellectum
862 1075 957 1103 turba~

174 1119 243 1147 verit
262 1119 329 1147 adeo
350 1124 379 1147 ut
402 1120 559 1147 meritorum
584 1122 670 1155 patris
691 1121 728 1148 tui
752 1121 835 1148 oblita
862 1121 960 1155 fueris,

175 1173 227 1193 non
243 1173 354 1200 possum
376 1173 426 1200 ego
451 1166 501 1193 hac
521 1174 554 1193 ex
574 1171 651 1201 parte
666 1174 680 1194 a
701 1171 726 1194 te
752 1174 865 1195 securus
887 1175 959 1195 esse.
979 1195 984 1202 μ

173 1211 242 1238 Tum
254 1213 338 1246 jussit
354 1212 459 1247 capillis
476 1212 568 1245 caudae
582 1212 644 1247 equi
661 1211 804 1240 ferocioris
824 1205 984 1248 alligatam"

173 1258 276 1292 raptari
293 1267 300 1285 :
317 1258 388 1292 quod
404 1261 431 1284 et
449 1256 549 1284 factum
564 1256 652 1284 donec
676 1261 732 1284 tota
756 1257 808 1292 ipsi
835 1258 958 1292 corporis

174 1310 319 1336 compages
335 1301 507 1329 membratim
525 1302 736 1337 discerperetur.

210 1347 291 1382 372
318 1346 424 1375 Mortuo
447 1347 596 1375 Commodo
619 1348 747 1382 Cazsare,
774 1348 960 1378 Romanorum

174 1393 353 1427 imperatore,
370 1394 503 1421 successit
521 1393 572 1428 ipsi
597 1393 724 1422 Pertinax
745 1395 837 1422 Caesar
858 1394 960 1422 Roma-

175 1446 271 1466 norum
293 1438 451 1473 imperator,
475 1439 521 1474 qui
535 1458 542 1471 ,
561 1446 622 1466 cum
643 1440 733 1467 tribus
752 1440 897 1468 mensibus
917 1449 960 1468 re-

173 1489 291 1518 guassel,
305 1484 464 1512 interfectus
481 1491 539 1518 cst;
557 1485 707 1520 imperante
722 1493 784 1522 post
803 1487 890 1522 ipsum
907 1486 961 1514 Ro-

174 1530 261 1558 manis
275 1529 383 1557 Juliano
396 1529 510 1562 Caesare,
524 1531 631 1557 duabus
647 1531 798 1564 mensibus,
815 1535 875 1566 post
889 1538 960 1566 quos
972 1547 994 1578 ο

173 1575 334 1604 interfectus
353 1576 434 1603 etiam
453 1580 506 1604 est.
530 1575 662 1610 Regnavit
678 1581 739 1611 post
761 1577 848 1611 ipsum
867 1575 960 1605 Roma:

174 1622 200 1648 in
219 1621 357 1650 Romanos
382 1623 500 1649 Severus
518 1622 609 1649 Caesar
630 1630 717 1650 annos
743 1623 958 1656 septemdecim,

175 1667 255 1700 idque
280 1675 352 1694 anno
384 1671 481 1700 quarlo
502 1667 576 1701 regni
602 1667 747 1694 Azdashiri
767 1667 822 1694 Ebu
850 1666 959 1695 Babeci.

175 1711 293 1746 Fuitque
309 1712 457 1746 imperator
473 1712 526 1739 iste
540 1712 669 1745 Severus,
685 1712 725 1738 vir
745 1719 861 1746 nequam
876 1731 885 1744 ,
904 1721 961 1739 tna-

175 1764 290 1791 gnarum
307 1756 471 1784 Christianis
481 1757 668 1784 calamitatum
680 1758 882 1792 multorttmque
894 1765 959 1785 cru-

174 1803 295 1829 ciatuum
311 1806 420 1834 auctor,
441 1802 520 1836 cujus
542 1806 664 1837 tempore
681 1802 840 1838 martyrium
859 1802 961 1837 ubique

176 1847 320 1874 subierunt
346 1846 498 1874 Christiani
515 1847 721 1882 quamplurimi.
742 1847 810 1875 'l‘um
834 1852 860 1875 et
878 1847 962 1884 Egy-

175 1900 252 1930 ptttm
270 1894 421 1930 profectus,
447 1902 541 1923 omnes
561 1895 607 1930 qui
622 1895 660 1923 ibi
678 1900 706 1924 et
731 1896 902 1924 Alexandriae
918 1904 962 1924 es-

175 1947 238 1968 sent
252 1940 424 1968 Christianos
439 1941 586 1974 interemit,
611 1945 639 1969 et
662 1941 794 1969 ecclesias
806 1942 900 1974 diruit,
916 1949 962 1969 ex-

175 1992 281 2016 structo
297 1988 465 2015 Alexandriae
480 1987 592 2023 templo.
606 1987 678 2022 qttod
696 1986 811 2014 Deorum
830 1987 961 2024 templum

176 2033 326 2060 vocitatum
348 2039 401 2060 cst.
420 2033 499 2060 Anno
515 2032 621 2067 imperii
646 2032 733 2067 ipsius
755 2032 962 2067 decimoquarto

175 2078 265 2106 factus
280 2083 323 2106 est
338 2078 461 2106 Calixtus
473 2078 629 2116 patriarcha
646 2078 796 2111 Romanus,
824 2078 871 2113 qui
898 2085 961 2106 cum

175 2132 222 2152 sca
240 2132 327 2152 annos
341 2125 456 2152 sedisset
472 2128 595 2151 tuortuus
609 2128 660 2151 est.

209 2171 288 2197 Anno
301 2169 423 2204 ejusdem
442 2169 524 2197 tertio
547 2169 715 2197 constitutus
730 2173 772 2197 est
786 2170 961 2204 Asclepiades

973 879 994 903 Β

1006 257 1111 291 plu-alae
1128 257 1237 284 Basoraa
1247 277 1255 288 ,
1268 255 1431 287 Astarabad,
1451 263 1511 290 quae
1525 258 1565 282 est
1580 253 1767 281 Corch-Bisau
1784 272 1794 284 ,

1007 301 1059 328 sita
1083 301 1156 328 inter
1177 301 1254 329 vicos
1277 300 1378 336 Tigris,
1395 305 1422 327 et
1443 300 1536 327 urbem
1556 298 1612 326 Suk
1631 298 1767 325 il-Ahwaz
1785 317 1795 329 ,

1007 353 1143 381 unamque
1165 346 1247 374 trium
1263 346 1373 373 urbium
1403 353 1463 380 quae
1489 348 1554 372 sunt
1578 344 1604 370 in
1630 342 1793 370 Al-Sawad:

1008 398 1106 427 prauer
1122 397 1177 420 tres
1200 392 1280 420 urbes
1296 399 1410 426 quarum
1428 398 1481 418 una
1497 395 1540 418 est
1555 390 1668 421 Alcbat,
1683 396 1742 422 quae
1759 387 1796 414 ad

1007 437 1176 465 occidentem
1191 437 1243 465 sita
1256 441 1298 464 est
1312 436 1430 472 regionis
1447 434 1653 463 trausﬂuvialis.
1673 433 1724 460 alia
1739 433 1798 459 'Ba-

1008 482 1059 509 har
1079 482 1174 509 Samer
1197 482 1226 510 in
1249 482 1432 514 Caramanla,
1455 481 1535 508 tertia
1559 481 1625 508 urbs
1649 480 1796 515 Al~Ayela.

1011 529 1084 556 Obiit
1099 529 1197 556 deinde
1213 528 1348 556 Azdashir
1365 531 1509 563 postquam
1526 534 1612 553 annos
1625 526 1798 561 qttatnortle-

1008 574 1060 601 cim
1081 578 1108 602 et
1126 582 1172 601 sex
1190 581 1297 601 menses
1310 578 1460 608 regnasset.
1476 572 1606 608 Regnavit
1627 575 1687 607 post
1704 572 1796 606 ipsum

1008 620 1080 648 ﬁlius
1098 620 1184 655 ipsius
1201 620 1292 647 Sabur
1310 620 1368 647 Ebn
1387 619 1532 652 Azdashir,
1550 626 1636 647 annos
1658 618 1770 652 triginta
1787 638 1796 648 ,

1009 674 1129 694 mensem
1148 674 1249 698 unum;
1269 667 1351 701 idque
1373 674 1446 693 anno
1465 665 1573 700 imperii
1591 664 1684 692 Severi
1705 664 1800 691 Caesa-

1009 715 1058 744 ris,
1073 713 1248 748 imperatoris
1263 713 1399 745 Romani,
1422 712 1596 739 duodecimo.
1619 711 1725 738 Mortuo
1747 710 1799 737 Se-

1010 765 1074 785 vero
1087 758 1205 789 Ca‘sare,
1223 757 1316 785 Roma-
1331 761 1391 792 post
1409 757 1496 793 ipsunt
1510 764 1556 785 sex
1571 764 1658 784 annos
1674 755 1799 791 regnavit

1009 803 1143 830 Antonius
1172 802 1263 830 Caesar
1285 802 1425 830 Caracalla
1456 802 1539 836 (quod
1569 804 1632 832 est,
1659 800 1785 832 Calvus).

1009 847 1088 875 Anno
1112 848 1218 882 imperii
1237 847 1297 882 ejus
1311 847 1392 874 tertio
1415 846 1504 873 factus
1519 850 1562 873 est
1585 845 1725 872 Aurianus
1747 852 1799 879 pa-

1012 893 1129 920 triarcha
1146 892 1295 924 Romanus,
1315 893 1360 925 qui
1377 895 1496 925 quatuor
1513 898 1600 918 annos
1626 890 1715 922 sedit,
1732 889 1799 917 dein

1011 942 1146 966 mortuus.
1159 939 1238 966 Auno
1258 938 1346 973 ipsius
1359 937 1442 973 376
1456 937 1546 972 primo
1563 941 1672 963 creatus
1685 941 1726 964 est
1744 935 1801 962 Va-

1012 984 1069 1012 lens
1082 983 1228 1019 episcopus
1247 983 1522 1018 Ilierosolyntilanus,
1538 983 1584 1016 qui
1599 990 1660 1010 cum
1674 986 1730 1010 tres
1744 989 1800 1009 an-

1011 1037 1062 1056 nos
1077 1029 1201 1061 sedissct.
1217 1033 1342 1057 mortuus
1354 1033 1405 1056 est.

1045 1074 1124 1102 Anno
1137 1075 1260 1110 ejusdem
1275 1075 1372 1110 quinto
1386 1074 1553 1103 constitutus
1576 1077 1619 1101 est
1646 1072 1802 1100 Delitianus

1012 1121 1158 1156 episcopus
1184 1119 1457 1156 Hierosolytuitanus,
1489 1119 1535 1154 qui
1566 1126 1654 1146 annos
1677 1122 1802 1153 quatuor

1011 1164 1092 1197 sedit.
1107 1165 1170 1192 dein
1189 1169 1313 1193 mortuus
1327 1169 1379 1192 est.
1397 1165 1474 1198 Quod
1490 1164 1522 1191 ad
1539 1164 1684 1195 Saburem.
1699 1162 1802 1201 Persa-

1012 1220 1071 1239 rum
1094 1220 1184 1248 regem
1203 1231 1210 1243 .
1234 1220 1339 1239 summa
1364 1211 1409 1240 ille
1434 1219 1495 1238 cum
1523 1210 1629 1245 justitia
1658 1210 1730 1238 inter
1745 1210 1798 1237 ho-

990 1273 992 1277 ι
1012 1257 1098 1285 mines
1115 1262 1238 1285 versatus
1253 1262 1295 1285 est
1310 1266 1317 1284 :
1331 1257 1471 1292 cmpitquc
1485 1256 1642 1291 provincias
1655 1256 1756 1288 visere,
1773 1259 1803 1283 ct

1012 1305 1137 1339 regiones
1152 1304 1283 1331 colendas
1298 1311 1406 1332 curare.
1423 1305 1554 1337 Antioque
1572 1304 1646 1338 regni
1657 1303 1699 1330 sui
1713 1303 1800 1329 unde-

1010 1350 1082 1377 cimo
1095 1355 1201 1382 exacto,
1215 1357 1277 1377 cutn
1293 1349 1379 1384 copiis
1391 1349 1449 1377 suis
1464 1349 1558 1376 urbem
1572 1349 1690 1381 Nisibin,
1703 1349 1730 1375 in
1746 1355 1802 1382 qua

1010 1397 1096 1430 copiae
1110 1404 1143 1422 ex
1163 1395 1292 1423 Antonini
1307 1395 1455 1422 Caracallae
1482 1394 1658 1428 imperatoris
1683 1393 1801 1421 Romani

1010 1441 1131 1468 exercitu
1149 1448 1203 1467 tton
1223 1447 1314 1475 panem
1329 1443 1429 1471 erant,
1456 1440 1615 1474 profectus,
1643 1447 1702 1467 eam
1725 1439 1803 1466 ohsi-

1012 1488 1094 1514 dione
1109 1487 1142 1514 ad
1158 1492 1266 1521 tempus
1289 1486 1374 1513 cinxit
1388 1504 1396 1517 ,
1412 1492 1510 1520 capere
1538 1493 1603 1513 vero
1621 1492 1675 1512 non
1701 1485 1802 1519 potuit.

1011 1533 1078 1560 Cum
1094 1540 1160 1567 ergo
1183 1540 1213 1560 se
1227 1539 1287 1560 eam
1307 1539 1462 1566 expugnare
1483 1538 1536 1558 non
1561 1538 1643 1565 posse
1666 1535 1801 1563 cerneret,

1010 1578 1095 1613 jussit
1108 1586 1191 1613 prope
1202 1578 1288 1612 ipsam
1306 1578 1538 1612 propugnaculum
1550 1576 1648 1608 altum,
1661 1575 1797 1610 amplum,

1014 1633 1066 1652 una
1079 1633 1140 1651 eum
1159 1629 1234 1651 turre
1251 1623 1368 1656 exstrui,
1385 1623 1411 1649 in
1423 1622 1507 1657 quod,
1526 1622 1571 1649 ubi
1590 1621 1695 1649 ﬁnitum
1716 1625 1800 1654 esset,

1014 1670 1166 1698 ascendens
1183 1671 1241 1705 ipse
1255 1677 1319 1697 eum
1335 1669 1475 1696 exercitus
1496 1668 1537 1696 sui
1557 1667 1713 1702 praecipuis,
1725 1674 1802 1701 qutu-

1014 1723 1122 1750 cuuque
1138 1715 1210 1742 intra
1228 1714 1323 1741 urbem
1337 1717 1430 1741 essent
1446 1714 1508 1740 inde
1528 1712 1679 1747 prospexit,
1692 1719 1742 1738 nec
1753 1718 1800 1738 sa-

1014 1761 1089 1796 gittis
1104 1768 1152 1789 eos
1172 1765 1263 1795 petere
1277 1760 1464 1791 destiterunt,
1489 1758 1555 1786 adeo
1572 1763 1602 1786 ut
1618 1765 1671 1785 non
1689 1757 1802 1784 auderet

1013 1815 1046 1834 ex
1072 1807 1140 1841 ipsis
1155 1806 1292 1841 quispiam
1321 1805 1394 1833 loras
1411 1805 1514 1840 egredi.
1532 1804 1631 1832 Urbem
1656 1803 1740 1838 igitur
1763 1802 1802 1829 illi

1014 1852 1115 1879 dedere
1139 1852 1166 1879 in
1191 1852 1283 1879 attimo
1300 1851 1475 1882 habuerunt,
1500 1854 1528 1877 at
1544 1850 1632 1877 delato
1657 1849 1691 1877 ad
1713 1849 1801 1884 ipsum

1014 1898 1110 1926 nuntio
1125 1898 1230 1926 hostem
1247 1897 1392 1932 quemdam
1417 1896 1538 1924 subditos
1554 1896 1642 1931 ipsius
1668 1903 1702 1923 ex
1725 1899 1803 1930 parte

1014 1942 1165 1970 Chorasani
1182 1942 1329 1974 invasisse,
1344 1941 1389 1969 ille
1407 1940 1440 1968 ad
1454 1939 1646 1968 Nisebensium
1662 1944 1803 1974 magnates

1015 1989 1125 2016 mittens
1140 1988 1294 2023 eligendum
1308 1987 1375 2022 ipsis
1394 1987 1545 2022 proposuit,
1559 1991 1650 2013 utrttm
1666 1987 1804 2021 relinque-

1015 2039 1056 2061 ret
1072 2034 1143 2069 apud
1158 2034 1232 2069 ipsos
1250 2034 1296 2069 qui
1319 2033 1381 2061 illos
1397 2032 1480 2065 bello,
1497 2040 1583 2067 ttsque
1606 2034 1671 2059 dum
1688 2032 1745 2067 ipse
1761 2039 1805 2058 re-

1014 2083 1165 2106 verteretur
1176 2099 1184 2112 ,
1200 2079 1381 2109 lacesserent,
1407 2085 1442 2104 an
1464 2085 1526 2104 cum
1550 2077 1609 2111 ipso
1626 2076 1706 2112 377
1722 2075 1805 2111 379

1016 2125 1105 2154 [Ledus
1123 2133 1242 2161 pangere
1250 2125 1352 2153 vellent
1367 2133 1401 2152 ne
1418 2124 1623 2159 propugnaculo
1638 2127 1701 2150 ante
1715 2123 1805 2157 ipsius

1016 2172 1135 2199 reditum
1151 2178 1250 2198 manus
1265 2171 1452 2198 admoverent.
1469 2170 1508 2196 Illi
1525 2177 1590 2204 ergo
1606 2169 1695 2196 l'uedus
1711 2174 1738 2196 et
1754 2176 1802 2203 pa-

176 2215 329 2250 patriarcha
345 2215 549 2247 Autiocheuus,
565 2216 611 2250 qui
637 2223 724 2244 annos
747 2224 842 2247 novem
867 2216 958 2250 sedit,
976 2220 997 2249 Ι)
1012 2223 1086 2246 ctum
1102 2225 1164 2244 cum
1187 2217 1245 2251 ipso
1262 2216 1383 2243 inierunt
1406 2215 1474 2242 nihil
1490 2222 1520 2242 se
1537 2216 1569 2242 de
1593 2214 1801 2249 propugnaculo

175 2263 237 2288 dein
256 2265 380 2289 mortuus
397 2266 449 2289 est.
471 2262 551 2289 Anno
570 2262 691 2295 ejusdem
713 2262 877 2290 duodecimo
897 2270 962 2289 con-

176 2308 288 2335 stitutus
303 2311 345 2335 est
362 2307 504 2334 Philemon
521 2307 675 2342 patriarcha
698 2307 896 2339 Antiochenus,
911 2307 960 2342 qtti

174 2361 237 2381 cttm
256 2353 388 2381 tredecim
405 2360 493 2381 annos
513 2353 632 2381 sedisset
644 2374 651 2385 ,
670 2357 796 2380 mortuus
814 2357 866 2380 est.
882 2354 962 2380 Anno

175 2400 281 2434 imperii
298 2399 386 2434 ipsius
400 2399 488 2434 primo
503 2399 591 2427 factus
615 2403 657 2427 est
679 2399 796 2434 Capiton
815 2400 962 2434 episcopus

174 2445 448 2481 llierosolymitanus,
466 2446 510 2472 ubi
531 2452 594 2472 cum
611 2450 730 2480 quatuor
746 2453 832 2472 annos
846 2445 963 2472 sedisset

173 2496 298 2520 mortuus
310 2496 362 2520 est.
377 2492 455 2518 Anno
465 2491 643 2526 373-375
654 2492 776 2526 ejusdem
787 2496 862 2519 sexto
876 2491 963 2519 factus

173 2544 216 2566 cst
231 2537 367 2566 Maximus
377 2537 524 2572 episcopus
541 2537 820 2571 Hierosolymitanus.
836 2536 882 2564 ubi
899 2544 961 2564 cum

174 2588 293 2618 quatuor
307 2591 394 2611 annos
409 2583 527 2611 sedisset
544 2587 669 2610 mortuus
679 2586 731 2610 est.
745 2583 824 2610 Anno
839 2583 962 2617 ejusdem

173 2630 279 2657 decimo
296 2630 461 2657 constitutus
480 2634 522 2657 est
538 2629 673 2656 Antonius
696 2629 843 2663 episcopus
862 2629 959 2656 Hiero-

174 2677 368 2712 solymitauus,
383 2675 428 2711 qui
450 2676 571 2710 quinque
597 2682 684 2702 annos
699 2675 779 2707 sedit,
802 2675 865 2702 dein
889 2681 963 2701 mor-

174 2726 236 2749 tuus
262 2728 317 2749 est.
338 2721 472 2749 Azdashir
500 2728 564 2748 vero
587 2720 683 2748 Babeci
708 2720 794 2753 ﬁlius,
819 2720 962 2747 Persarum

173 2774 230 2800 rex,
249 2771 350 2802 quanta
369 2767 426 2794 ﬁeri
443 2767 532 2802 potuit
550 2774 612 2794 cum
624 2766 731 2801 justitia
749 2766 820 2793 inter
836 2765 962 2793 homines

173 2817 300 2840 versatus
314 2817 374 2844 est;
389 2821 437 2839 sex
461 2813 542 2839 etiam
568 2812 650 2839 urbes
674 2811 816 2844 condidit,
838 2812 964 2839 videlicet

176 2858 269 2885 tubcm
288 2857 365 2888 Jatlr,
379 2857 471 2883 urbem
486 2856 620 2883 Azdashir
640 2855 777 2889 Achorln,
799 2864 860 2891 quae
884 2860 963 2884 utra?-

1014 2267 1179 2290 mutaturos.
1194 2262 1262 2290 Cum
1286 2265 1377 2289 autem
1395 2262 1429 2288 ab
1454 2261 1525 2295 ipsis‘
1545 2261 1715 2292 recessisset,
1732 2258 1804 2287 Nisi-

1016 2311 1114 2337 beuses
1131 2309 1216 2336 muris
1240 2308 1317 2335 urbis
1343 2314 1452 2334 manum
1473 2307 1670 2338 admoventes,
1697 2305 1765 2340 ipsis
1787 2312 1804 2332 ι

1013 2360 1088 2390 parte
1102 2356 1157 2382 arci
1173 2356 1297 2389 proxima
1312 2353 1421 2384 dirutis,
1435 2353 1508 2380 illam
1526 2352 1594 2380 urbe
1610 2359 1668 2379 suae
1681 2351 1802 2378 additam

1014 2408 1092 2427 muro
1110 2399 1174 2426 forti
1191 2399 1348 2426 cinxerunt.
1371 2397 1481 2425 Mortuo
1507 2404 1569 2424 vero
1588 2395 1726 2422 Antonino
1745 2394 1806 2421 Cae-

1019 2452 1080 2473 sare
1095 2444 1280 2471 Romanorum
1299 2444 1473 2478 imperatore,
1496 2445 1559 2476 post
1583 2441 1672 2476 ipsum
1699 2439 1727 2466 in
1744 2439 1805 2466 illos

1014 2490 1137 2524 regnavit
1157 2489 1311 2516 Marcianus
1325 2488 1417 2516 Caesar
1437 2494 1539 2514 annum
1556 2490 1583 2513 et
1597 2488 1668 2512 duos
1684 2491 1804 2511 menses.

1014 2535 1080 2563 Dein
1098 2535 1145 2562 illo
1161 2534 1305 2562 interfecto
1318 2533 1462 2568 imperavit
1485 2532 1621 2558 Antonius
1632 2530 1724 2558 Caesar
1736 2530 1806 2556 alter

1013 2588 1100 2609 annos
1117 2585 1171 2607 lres
1185 2585 1213 2607 et
1227 2587 1334 2607 menses
1350 2586 1456 2609 novem,
1471 2577 1551 2612 idque
1570 2583 1643 2603 anno
1660 2576 1738 2610 regni
1753 2574 1805 2602 Sa-

1014 2629 1090 2663 poris
1107 2628 1177 2662 rcgis
1198 2627 1342 2654 Persarum
1361 2626 1581 2660 decimoquarto.
1605 2623 1679 2651 Misit
1694 2624 1740 2650 hic
1755 2622 1804 2649 Ni-

1014 2674 1094 2702 sibim
1120 2673 1271 2700 exercitutn
1305 2679 1432 2707 magnum
1449 2671 1496 2706 qui
1513 2671 1600 2705 ipsam
1621 2671 1805 2704 propugnaret

1015 2725 1042 2748 et
1056 2719 1225 2747 defenderet.

1051 2766 1136 2793 Porro
1151 2773 1224 2792 anno
1235 2763 1341 2799 imperii
1357 2763 1487 2790 Antonini
1503 2762 1618 2790 Caesaris
1633 2761 1722 2796 primo
1737 2769 1805 2788 cou-

1016 2811 1129 2838 stitutus
1168 2813 1209 2837 est
1239 2808 1363 2836 Bitianus
1396 2807 1552 2842 patriarcha
1583 2806 1731 2839 Romanus,
1758 2805 1805 2840 qui

1019 2865 1105 2886 annos
1121 2856 1240 2893 quinque
1257 2854 1339 2888 sedit,
1353 2853 1415 2882 dein
1435 2858 1560 2882 mortuus
1577 2858 1628 2881 est.
1644 2853 1722 2880 Anno
1735 2851 1806 2887 ejus.
