2015 3081
201 133 252 164 993

922 126 1110 157 ANNALES.

1776 128 1829 157 992

203 185 264 212 dem
282 188 404 216 secundo
429 184 594 212 mustitutus
615 188 657 211 est
683 182 811 211 Rabunas
835 182 987 218 patriarcha
1003 185 1026 213 Α
1040 182 1207 209 constitutus
1221 186 1265 209 est
1281 182 1426 210 Narcissus
1439 182 1584 217 episcopus
1600 181 1829 217 iiicrosolymita-

202 231 402 262 Antiocheuus.
421 231 467 266 qui
487 235 629 266 postquam
645 238 732 258 annos
747 237 843 257 novem
858 230 985 262 sedisset,

204 281 328 304 mortuus
347 281 399 304 est.
413 277 529 311 Sapores
543 284 606 304 vero
620 276 765 304 Azdashiri
788 275 870 308 filius,
889 275 987 302 Persa-

204 329 264 349 rum
279 329 326 350 rex
350 321 456 348 Nisibin
477 329 602 349 reversus
631 329 693 349 cum
710 321 822 348 vidisset
841 320 906 355 quid
924 327 988 355 pro-

204 367 355 402 pugnaculo
371 366 506 400 fecissem,
520 366 622 393 fraudis
639 366 699 394 illos
715 367 855 399 incusans,
870 364 988 393 Fraudu-

204 412 292 439 lenter
307 412 418 448 (inquit)
438 418 465 440 et
489 413 582 440 dolose
598 413 692 448 egistis
706 420 714 444 ;
733 412 859 447 ipsosque
874 411 988 447 [denuo]

203 459 321 496 obsedit.
338 458 407 485 Cum
421 463 510 486 autem
529 461 592 494 post
606 459 720 485 multum
740 459 870 492 temporis
889 458 924 485 ibi
949 459 989 484 itt-

203 508 343 539 suntptutn
360 504 454 531 urbem
470 510 624 540 expugnare
641 504 827 538 nequivisset,
841 510 913 538 agre
936 503 989 531 ltoc

204 549 294 584 ipsum
310 549 414 576 habttit.
433 548 503 576 Dixit
520 556 586 584 ergo
599 549 747 576 comitibus
760 549 836 576 suis:
852 548 920 575 Num
946 547 1014 575 re-'~

204 595 293 629 perire
309 595 420 628 potestis
435 594 461 621 itt
481 594 602 622 exercitu
618 598 713 621 nostro
725 594 890 629 quempiam,
906 593 989 628 380

203 640 249 673 qui
271 647 324 667 non
343 639 389 667 illo
405 640 477 674 quod
505 648 554 667 nos
577 641 695 674 patimur
713 639 847 675 angatur!
871 639 990 674 inquisi-

205 685 277 712 tione
289 692 354 720 ergo
371 687 442 712 facta
454 685 523 712 duos
538 685 701 712 invenerunt
716 685 788 712 viros
805 686 866 712 vino
881 689 908 711 et
923 692 988 711 can-

204 731 242 757 ttti
261 730 447 764 indulgentes;
465 731 566 765 quibus
585 731 630 758 ille
652 738 659 756 :
676 731 804 766 Apparet,
821 730 920 765 inquit,
942 738 989 765 pa-

203 784 262 803 rum
281 776 356 804 vobis
369 777 445 804 cordi
463 784 525 804 esse
542 785 587 804 res
604 782 724 808 nostras,
742 784 804 804 cum
821 777 858 803 ita
877 783 924 803 vos
945 783 988 810 ge-

203 822 271 849 ratis
288 829 319 849 ac
344 823 366 849 si
391 822 458 848 nihil
483 823 516 849 ad
535 830 583 850 vos
609 827 762 857 spectarent
788 830 849 856 quas,
871 821 987 856 agimus.

204 867 414 902 Responderunt
430 867 467 895 illi
481 875 488 894 :
503 868 532 894 Si
554 872 579 895 te
596 869 665 895 male
683 868 789 900 habent,
806 876 822 895 ο
840 876 897 900 rex,
916 869 990 896 urbis

205 913 285 948 hujus
305 917 402 945 status,
418 919 561 947 speramus
578 920 624 945 ea,
643 921 692 940 nos
707 920 766 939 eam
781 921 863 947 quant
882 913 929 941 tibi
951 914 992 940 in-

204 958 323 986 dicaturi
350 966 447 986 sumus
479 959 584 986 ratione
614 962 755 993 capturos.
787 958 897 986 Dicente
933 960 991 993 illo,

204 1003 334 1037 Quaenam
361 1011 427 1039 ergo
454 1003 523 1030 illa?
545 1003 753 1038 responderunt,
776 1008 805 1030 ut
831 1011 991 1038 progressus

206 1050 263 1084 ipse
277 1056 338 1076 cum
351 1049 437 1083 copiis
453 1049 507 1075 tuis
521 1049 646 1075 manibus
658 1049 764 1082 junctis
779 1056 873 1083 preces
889 1050 922 1076 ad
939 1049 992 1076 Do-

206 1094 308 1121 minum
328 1094 447 1122 fundatis
471 1101 526 1128 quo
551 1094 627 1121 vobis
653 1098 683 1121 ut
709 1094 802 1121 urbem
832 1095 991 1130 expugnetis

204 1140 346 1166 concedat.
360 1140 438 1172 Quod
465 1147 526 1167 cum
553 1139 665 1167 fecisset
691 1139 820 1174 Sapores,
845 1148 893 1168 nec
911 1141 991 1177 quid-

204 1190 288 1216 qttatn
306 1183 435 1218 prodesse
452 1183 567 1215 videret,
582 1184 651 1210 dixit
668 1185 734 1219 ipsis
748 1193 755 1211 :
775 1185 924 1213 Consilium
946 1194 991 1214 vc-

204 1233 291 1256 strum
315 1229 412 1260 seculi,
443 1229 520 1256 niltili
548 1230 662 1257 subesse
687 1230 813 1258 efficaciae
841 1231 964 1259 videmus
982 1253 989 1265 ,

204 1274 268 1308 quid
285 1281 349 1309 ergo
361 1274 416 1308 jatn
434 1275 544 1301 dicitis?
558 1274 780 1310 Responderunt:
797 1276 943 1305 Metuimus
958 1285 991 1305 ne

205 1319 398 1354 vilipeuderint
415 1320 538 1347 homines
553 1321 697 1348 consilium
720 1326 861 1354 nostrum;
878 1322 950 1357 quod
967 1322 990 1349 si

203 1366 345 1392 curaveris
360 1369 389 1392 ut
402 1365 517 1393 sinceris
535 1366 680 1394 affectibus
696 1373 791 1394 omnes
808 1366 893 1394 instar
907 1368 990 1396 unitts

206 1417 303 1444 preces
320 1410 446 1443 fundant,
460 1412 516 1439 voti
528 1412 567 1439 tui
585 1420 697 1447 compos
709 1412 775 1440 eris.
795 1412 912 1447 Sapores
926 1421 991 1448 ergo

203 1456 364 1483 convocatis
382 1457 527 1484 comitibus
547 1458 605 1485 suis
620 1458 725 1492 rogavit
744 1461 774 1484 ut
790 1458 907 1485 sinceris
922 1458 991 1486 affe—

203 1501 296 1528 ctibus
308 1506 334 1528 et
350 1509 417 1536 pura
436 1507 525 1530 tuente
543 1502 689 1538 [agerent].
711 1503 844 1530 Asserunt
858 1510 923 1539 ergo
938 1512 990 1531 non

203 1546 281 1581 prius
297 1547 371 1581 ipsos
387 1547 466 1575 binas
480 1549 637 1583 concepisse
652 1548 776 1583 precuias
791 1556 872 1584 qttam
889 1556 903 1575 a
916 1557 992 1576 sutu-

204 1599 250 1619 Ino
264 1591 296 1618 ad
313 1592 396 1618 imum
412 1591 477 1620 fisso
500 1592 576 1620 urbis
590 1601 668 1620 muro
682 1599 804 1628 apertum
822 1595 857 1621 sit
871 1595 990 1629 spatium

203 1644 261 1670 quo
276 1637 379 1664 intrare
394 1642 504 1672 possent
519 1638 661 1671 homines;
673 1647 727 1674 quo
743 1639 818 1666 valde
836 1640 923 1667 territi
943 1648 992 1667 ur.

204 1683 248 1710 lus
262 1683 377 1710 incolae:
396 1682 457 1715 Hic,
473 1684 610 1719 inquiunt,
627 1685 729 1712 fraudis
746 1689 845 1712 nostra:
863 1686 924 1713 finis
938 1691 990 1714 est.

204 1728 346 1762 Ingressus
361 1737 425 1764 ergo
441 1731 535 1758 urbem
547 1731 666 1766 Sapores
683 1733 990 1769 interfecitqttieunque

205 1773 234 1800 in
251 1781 348 1801 tuauus
365 1774 452 1810 ipsius
478 1782 662 1810 pervenerunt
686 1778 760 1805 viros
779 1778 849 1805 bello
867 1778 991 1810 idoneos,

205 1818 327 1853 reliqttos
346 1819 406 1853 ejus
420 1821 522 1848 incolas
538 1821 717 1857 381-383
732 1824 856 1857 captivos
868 1823 989 1856 abduxit,

206 1870 387 1899 magnamque
403 1866 428 1892 in
444 1872 477 1892 eo
487 1874 568 1901 uputn
584 1867 637 1894 vim
654 1868 766 1902 reperit.
781 1867 882 1895 Locum
900 1873 991 1895 autem

206 1909 255 1943 qui
270 1909 296 1936 in
314 1917 392 1937 muro
407 1910 489 1938 fissus
501 1915 588 1939 estea
606 1913 687 1940 ntodo
710 1913 826 1948 relinqui
844 1914 945 1948 jussit,
963 1917 993 1940 ut

208 1961 241 1983 eo
260 1961 407 1990 conspecto
431 1957 557 1984 homines
582 1959 738 1994 exctupium
758 1963 899 1994 caperettt.
925 1959 992 1986 Dein

209 2001 298 2028 varias
320 2001 347 2028 itt
362 2001 441 2037 Syria
459 2002 541 2029 urbes
556 2003 637 2038 cepit,
653 2004 747 2031 multis
773 2005 861 2036 caesis,
884 2004 993 2032 multis-

208 2055 260 2082 que
273 2048 388 2082 captivis
403 2048 491 2076 factis.
503 2048 612 2076 Terram
626 2050 706 2077 etiam
722 2049 877 2078 Graacorum
893 2051 995 2085 ingresv

209 2099 257 2119 sus
267 2100 393 2127 magnam
405 2100 498 2120 eorum
509 2098 626 2128 stragem
635 2094 731 2126 edidit,
741 2095 827 2129 captis
841 2094 954 2121 Kalonia
967 2097 994 2121 et

208 2137 390 2173 Cappadocia.

244 2185 351 2212 Mortuo
368 2185 507 2212 Antonino
523 2184 631 2212 Cmsare
642 2205 649 2217 ,
672 2184 763 2212 Romae
780 2190 842 2220 post
858 2186 945 2221 ipsum
965 2186 992 2213 in

208 2230 347 2259 Romanos
369 2231 490 2266 regnavit
509 2231 663 2258 Alexander
685 2232 776 2259 Caesar
795 2239 882 2260 annos
902 2232 994 2259 trede-
1010 2227 1032 2255 ο

209 2277 274 2310 eim,
291 2277 373 2311 idque
388 2285 460 2304 anno
476 2278 550 2312 regni
565 2277 678 2312 Saporis
696 2277 743 2304 filii
757 2278 901 2306 Azdasltiri
920 2279 993 2314 regis

209 2323 355 2351 Persarum
372 2324 619 2359 decimoscptimo.
637 2323 695 2351 Sub
713 2331 745 2351 eo
760 2332 826 2359 pace
842 2329 869 2352 et
887 2325 993 2352 incolu-

211 2370 306 2396 mitate
332 2369 419 2404 gavisi
437 2374 499 2396 suttt
522 2369 683 2398 Citristiani.
701 2370 787 2398 Mater
805 2371 877 2398 enim
896 2371 993 2405 ipsius,

209 2416 320 2442 nomine
336 2415 439 2445 Mama,
457 2422 555 2450 magno
577 2415 603 2442 in
626 2415 799 2443 Christianos
818 2423 911 2442 amore
928 2423 994 2450 pro-

211 2460 316 2495 pendit.
336 2460 416 2487 Anno
432 2460 539 2495 imperii
557 2460 643 2495 ipsius
660 2460 748 2494 pritno
767 2461 936 2489 constitutus
954 2466 996 2488 est

212 2505 355 2534 lieraclius
369 2507 525 2542 patriarcha
543 2507 755 2540 Alexandrinus,
771 2507 816 2533 ubi
830 2515 892 2534 cum
907 2515 994 2535 annos

213 2553 342 2580 tredecim
354 2553 480 2585 sedisset,
494 2557 617 2579 mortuus
629 2556 681 2579 est.
694 2551 760 2587 Ejus
771 2557 894 2587 tempore
903 2553 995 2588 appel-

213 2600 284 2627 latus
310 2601 352 2626 est
378 2599 533 2634 patriarcha
558 2598 758 2626 Alexandrinus
783 2598 876 2632 Baba,
901 2599 926 2626 id
955 2603 997 2627 est

213 2653 291 2672 avus.
310 2646 388 2672 Anno
404 2645 508 2680 imperii
522 2645 583 2680 ejus
600 2645 681 2673 tertio
694 2650 805 2672 creatus
820 2649 863 2672 est
879 2644 996 2672 Auterus

213 2690 368 2725 patriarcha
384 2689 526 2717 Romanus
539 2711 546 2723 ,
572 2691 618 2725 qui
639 2698 726 2718 annos
744 2691 889 2718 duodecim
914 2691 995 2724 sedit,

212 2737 275 2764 dein
290 2740 415 2763 tnortuus
431 2740 485 2764 est.
504 2736 583 2763 Anno
596 2737 719 2771 ejusdem
732 2741 827 2763 octavo
843 2736 932 2764 factus
946 2736 996 2762 Ba-

212 2782 266 2809 Liia
298 2782 453 2817 patriarcha
477 2782 685 2815 Antiucltcnus,
711 2789 799 2809 annos
825 2787 889 2809 octo
914 2782 994 2815 sedit,

211 2828 274 2856 dein
300 2832 424 2858 mortuus
451 2833 504 2858 est.
527 2829 606 2857 Anuo
631 2828 737 2865 imperii
764 2828 850 2864 ipsius
875 2828 996 2857 secundo

1044 236 1112 261 nus,
1128 228 1174 263 qui
1188 234 1329 263 postquam
1348 235 1435 256 annos
1446 229 1590 256 duodecim
1608 229 1734 260 sedisset,
1749 227 1829 262 fugit.

1043 274 1150 302 Mortuo
1170 275 1323 302 Alexandro
1339 274 1456 307 Caesare,
1475 276 1578 308 Romae,
1593 275 1725 302 Romanis
1742 274 1828 308 impe-

1043 320 1114 346 ravit
1139 318 1304 347 Maximinus
1329 319 1420 347 Caesar
1435 319 1518 355 384
1542 324 1598 347 tres
1613 327 1700 346 annos
1716 327 1724 346 :
1740 318 1828 353 'idqne

1043 372 1115 392 anno
1139 365 1214 399 regni
1232 365 1344 399 Saporis
1366 364 1509 391 Azdashiri
1528 364 1574 391 filii
1596 364 1740 391 Persarum
1757 363 1834 398 regis,

1044 411 1196 438 tricesimo.
1227 410 1390 437 Maximinus
1417 410 1566 444 imperator
1591 410 1640 436 iste
1669 417 1828 442 magnarum

1042 455 1206 483 Christianis
1221 455 1406 482 calamitatum
1418 459 1445 482 et
1456 455 1574 482 tristitia:
1589 455 1723 481 diuturnae
1734 459 1830 482 auctor

1043 501 1106 533 fttit,
1124 501 1345 529 Christianorum
1363 506 1454 536 strage
1471 501 1543 527 edita
1563 500 1775 534 hominibusque
1792 499 1826 526 ad

1043 547 1195 579 idolorum,
1215 554 1275 581 quas
1291 546 1350 580 ipse
1368 554 1419 580 pro
1435 546 1488 574 diis
1505 546 1617 577 habuit,
1638 545 1741 572 cultuut
1764 552 1829 579 pro-

1043 594 1143 628 lapsis.
1167 593 1359 628 episcopisque
1376 600 1428 620 non
1453 593 1548 627 paucis
1565 599 1581 619 e
1597 591 1685 618 medio
1702 591 1830 622 sublatis,

1044 640 1114 666 inter
1124 647 1194 674 quos
1211 638 1303 665 Bahila
1321 638 1474 665 Antiochize
1490 637 1645 672 patriarcha
1663 645 1669 664 :
1685 636 1830 663 Narcissus

1043 692 1106 719 ergo
1118 685 1263 718 episcopus
1277 683 1541 718 Hierosoly‘tuitanus
1552 683 1645 710 audito
1657 682 1829 709 interfectum

1042 737 1103 757 esse
1118 729 1239 756 Bahilatn
1261 729 1444 763 patriarcham
1464 728 1673 760 Antiocheuum,
1690 728 1749 763 fuga
1768 734 1832 759 pro-

1043 776 1136 810 lapsus
1164 775 1321 802 cathedram
1346 775 1479 802 deseruit.
1509 775 1587 801 Auno
1615 774 1696 809 igitur
1724 773 1831 807 imperii

1044 821 1131 856 ipsius
1144 821 1265 848 secundo
1282 821 1370 848 factus
1388 820 1453 847 Dius
1469 820 1616 855 episcopus
1634 819 1832 854 Hierosolymi-

1044 871 1134 897 tauus.
1148 867 1205 894 vire
1219 865 1351 896 Narcissi,
1365 873 1453 892 annos
1466 871 1523 892 tres
1535 865 1617 896 sedit,
1635 865 1832 891 tlein'mortuus

1042 917 1095 938 est.
1112 912 1193 938 Auno
1211 912 1317 946 imperii
1335 911 1395 946 cjtts
1411 911 1492 938 tertio
1507 915 1616 938 creatus
1626 915 1667 937 est
1685 908 1832 936 Flavianus

1042 958 1196 993 patriarcha
1214 958 1365 988 Romanus.
1379 957 1423 984 ubi
1439 962 1584 992 postquam
1597 963 1684 983 annos
1698 956 1830 983 tredecim

1043 1005 1176 1036 sedisset,
1195 1004 1304 1031 occisus
1319 1007 1371 1031 est.
1392 1003 1471 1031 Anno
1493 1004 1581 1038 ipsius
1602 1003 1725 1031 secundo
1741 1002 1831 1029 factus

1043 1049 1190 1085 Dionysius
1213 1050 1368 1084 patriarcha
1393 1050 1610 1082 Alexandrinus,
1641 1049 1687 1084 qui
1713 1049 1832 1083 scriptor

1042 1095 1104 1127 fuit,
1127 1102 1214 1123 annos
1236 1095 1431 1130 septemdecim
1455 1095 1538 1127 sedit.
1554 1095 1617 1122 dein
1633 1099 1758 1122 mortuus
1777 1099 1830 1121 est.

1041 1142 1121 1168 Auno
1142 1143 1224 1168 etiam
1252 1142 1374 1169 secundo
1397 1142 1501 1176 imperii
1527 1141 1615 1175 ipsius
1639 1145 1765 1167 mortuus
1789 1144 1832 1166 est

1043 1186 1163 1222 Sapores
1181 1187 1323 1214 Aldashiri
1344 1187 1417 1214 filius
1430 1194 1476 1214 rex
1495 1187 1654 1218 Persarum,
1671 1190 1733 1221 post
1749 1192 1830 1221 quem

1043 1235 1166 1269 regnavit
1187 1233 1305 1261 llorutoz
1333 1233 1446 1268 Saporis
1468 1232 1540 1260 filius
1562 1231 1625 1268 (qui
1646 1236 1688 1259 est
1713 1230 1831 1258 ilortnoz

1041 1279 1191 1314 Al-llorri)
1215 1286 1316 1306 annum
1344 1285 1427 1305 unum
1452 1283 1479 1305 et
1502 1285 1610 1304 menses
1633 1276 1744 1308 decem,
1769 1280 1832 1310 post

1042 1334 1112 1361 quos
1134 1330 1260 1353 mortuus
1298 1329 1349 1352 est.
1363 1325 1442 1351 Auno
1460 1323 1540 1350 tettio
1561 1322 1667 1357 intperii
1689 1321 1830 1348 Maximini

1043 1370 1159 1398 Caesaris
1183 1377 1297 1404 regnum
1323 1369 1349 1396 in
1367 1369 1463 1396 Persas
1488 1367 1609 1395 obtinuit
1632 1367 1747 1394 Bahram
1763 1364 1831 1391 lior-

1042 1416 1113 1442 mozi
1130 1416 1214 1447 ﬂlius,
1239 1415 1286 1449 qui
1309 1421 1396 1441 annos
1415 1419 1472 1441 tres
1493 1421 1556 1440 cum
1578 1413 1666 1440 tribus
1688 1411 1832 1439 mensibus

1043 1461 1176 1495 regnavit.
1203 1461 1283 1487 Auno
1309 1459 1390 1486 tertio
1419 1459 1547 1485 Baltratni
1577 1459 1649 1493 regis
1679 1457 1828 1485 Persarum

1006 1518 1027 1546 ε
1043 1507 1221 1542 385-387
1245 1506 1313 1533 obiit
1327 1505 1492 1532 Mariminus
1514 1504 1618 1536 Caesar,
1640 1503 1831 1530 Romanorum

1044 1551 1209 1586 imperator;
1235 1554 1298 1584 post
1322 1557 1404 1584 quem
1427 1549 1550 1583 regnavit
1567 1548 1705 1582 Pupienus
1727 1548 1831 1578 Caesar,

1043 1598 1090 1632 qui
1110 1602 1136 1624 et
1153 1596 1279 1623 Julianus
1301 1596 1455 1630 appellatus
1471 1598 1523 1626 est,
1545 1598 1601 1622 tres
1618 1601 1746 1624 mensoss,
1768 1593 1831 1620 dein

1043 1643 1152 1670 occisus
1167 1647 1225 1674 est;
1242 1641 1395 1676 itnperaute
1411 1645 1471 1675 post
1485 1640 1575 1675 ipsum
1593 1639 1686 1666 Roma:
1700 1639 1833 1666 Romanis

1043 1687 1181 1715 Gordiano
1205 1687 1311 1714 Caesare
1336 1694 1426 1714 annos
1450 1691 1580 1721 qttaluor.
1609 1685 1696 1720 Cujus
1722 1685 1832 1720 imperii

1043 1741 1116 1761 anno
1136 1733 1225 1768 primo
1250 1733 1418 1760 constitutus
1439 1736 1482 1760 est
1506 1731 1655 1759 Flavianus
1676 1731 1831 1766 patriarcha

1043 1779 1244 1811 Antiochettus,
1258 1781 1304 1814 qui
1323 1786 1410 1806 annos
1429 1778 1556 1806 undecim
1573 1778 1656 1809 sedit,
1676 1777 1740 1805 dein
1758 1784 1832 1804 mor-

1045 1828 1107 1851 tuus
1128 1829 1180 1852 est.
1197 1824 1276 1852 Anno
1298 1823 1405 1859 imperii
1428 1824 1515 1859 ipsius
1536 1822 1659 1850 secundo
1681 1822 1771 1849 factus
1791 1826 1834 1848 est

1043 1870 1197 1898 Germanus
1221 1870 1370 1906 episcopus
1394 1869 1681 1904 Hierosolymitanus,
1706 1868 1831 1902 quicum

1044 1924 1130 1944 annos
1146 1921 1265 1951 quatuor
1285 1916 1420 1949 sedisset,
1439 1920 1565 1942 tttortuus
1584 1920 1638 1942 est.
1655 1915 1736 1940 Anno
1757 1913 1834 1947 ejus-

1044 1962 1106 1990 dem
1133 1963 1215 1990 tertio
1241 1966 1364 1989 mortuus
1389 1965 1431 1988 est
1454 1960 1570 1988 Bahram
1599 1958 1726 1986 Hormozi
1749 1958 1834 1990 filius,

1045 2015 1092 2036 rex
1109 2007 1271 2039 Persarum;
1290 2010 1352 2041 post
1375 2013 1456 2041 quctn
1475 2005 1598 2040 regnavit
1620 2004 1735 2031 Bahram
1759 2002 1834 2029 Bah-

1045 2055 1113 2081 rami
1130 2054 1202 2081 filius
1222 2053 1249 2080 iu
1267 2052 1385 2084 Persas,
1403 2059 1491 2079 annos
1515 2050 1720 2085 septemdecim.
1747 2048 1834 2083 Cuqu

1045 2105 1169 2135 tetnpore
1185 2099 1314 2134 prodiens
1336 2097 1447 2133 quidam
1472 2097 1578 2132 origine
1601 2095 1696 2128 Persa,
1720 2094 1833 2122 nomine

1045 2146 1128 2178 Mani,
1142 2145 1353 2173 Manichaeorum
1368 2143 1511 2179 religionis
1526 2147 1620 2170 auctor
1633 2142 1694 2173 fuit,
1706 2147 1833 2168 asserens

1045 2199 1075 2219 se
1091 2192 1251 2226 prophetatu
1272 2198 1344 2223 esse,
1361 2197 1443 2225 quem
1460 2190 1629 2224 prehensum
1652 2186 1773 2214 medium
1789 2185 1833 2212 di-

1046 2239 1112 2266 visit
1135 2237 1263 2269 Bahram,
1289 2236 1416 2263 Bahratni
1445 2235 1529 2267 filius,
1556 2233 1644 2268 captis
1671 2233 1784 2267 insuper
1799 2239 1832 2258 ex

1047 2281 1133 2316 ipsius
1152 2280 1267 2309 asseclis
1291 2284 1319 2307 et
1343 2280 1389 2315 qui
1416 2280 1476 2315 ejus
1497 2279 1663 2307 sententiam
1687 2277 1835 2311 amplecte-

1045 2332 1140 2355 rentur
1168 2327 1236 2356 viris
1259 2326 1407 2358 ducentis,
1436 2323 1516 2360 quos‘
1531 2324 1669 2360 capitibus
1697 2322 1835 2349 immersis

1046 2374 1103 2401 luto
1132 2373 1220 2400 inﬁxit
1247 2373 1334 2400 donec
1361 2376 1550 2403 numerentur,
1580 2370 1693 2397 dicens:
1718 2368 1834 2395 Hortum

1045 2427 1127 2454 quem
1150 2419 1202 2446 feci
1224 2418 1382 2446 hominibus
1403 2417 1463 2444 vice
1479 2417 1609 2444 alborum
1625 2414 1758 2450 plantavi.
1779 2414 1835 2447 Ap-

1046 2463 1136 2498 pellati
1161 2467 1251 2489 autem
1275 2465 1340 2489 sunt
1360 2461 1520 2495 religionent
1545 2459 1633 2494 ipsius
1655 2457 1789 2493 profesai,
1807 2461 1836 2483 et

1045 2507 1209 2535 sententiam
1235 2506 1372 2541 amplexi,
1401 2505 1554 2538 Manicbtei,
1581 2505 1661 2532 titulo
1687 2512 1702 2531 a
1726 2503 1836 2531 nomine

1047 2552 1133 2587 ipsius
1149 2552 1219 2579 Mani
1232 2552 1388 2586 desumpto.

1081 2599 1167 2626 Porro
1183 2606 1255 2625 amtu
1277 2599 1352 2632 regni
1376 2597 1505 2624 Bahrami
1528 2597 1575 2624 filii
1603 2596 1728 2624 Bahrauti
1752 2595 1837 2623 tertio

1046 2649 1172 2673 mortuus
1186 2649 1227 2672 est
1250 2644 1408 2671 Gordianus
1426 2643 1517 2671 Caesar
1533 2643 1719 2670 Romanorum
1746 2642 1834 2677 impe-

1046 2698 1132 2724 rator,
1151 2692 1302 2726 imperante
1317 2695 1380 2725 post
1403 2691 1491 2725 ipsum
1509 2689 1603 2716 Romae
1623 2688 1754 2716 Romanis
1770 2688 1835 2716 Phi-

1046 2739 1120 2773 lippo
1132 2737 1248 2769 Caesare,
1259 2737 1438 2772 388anuos
1451 2741 1568 2772 septem,
1582 2736 1628 2771 qui
1644 2736 1671 2763 in
1686 2735 1834 2763 Dominum

1046 2785 1187 2812 Christunt
1204 2783 1329 2811 credidit.
1344 2783 1425 2811 Anno
1440 2783 1547 2818 imperii
1563 2782 1650 2817 ipsius
1666 2782 1756 2817 primo
1770 2788 1836 2808 con-

1047 2831 1158 2860 stitutus
1170 2835 1211 2858 est
1225 2830 1381 2858 Gordianus
1397 2829 1545 2864 episcopus
1561 2828 1835 2864 llierosoiymitauus.
