2015 3081
200 115 252 147 903

702 106 891 140 EUTYCHiI
912 102 1181 136 ALEXAN’DRINI
1204 100 1319 132 PATR.

1778 92 1839 125 595

202 173 247 200 ubi
259 179 319 200 cum
337 171 457 206 quinque
472 177 558 198 annos
571 169 687 196 sedisset
700 173 826 195 mortuus
839 172 889 194 est.
908 166 987 192 Anno
1001 163 1024 194 Α
1039 163 1132 190 Caesar
1149 161 1244 192 audit,
1260 166 1348 186 annos
1368 156 1525 206 quindecim
1537 176 1544 187 ,
1565 154 1648 189 idque
1664 159 1737 206 anno
1754 152 1839 203 regni

203 219 290 253 ipsius
307 222 405 251 quarto
421 223 546 243 reversus
562 214 708 241 Narcissus
727 213 873 247 episcopus
891 211 988 238 Hiero-

203 265 385 301 solymitanus
407 264 452 298 qiii
479 262 595 296 fugerat,
620 269 722 288 annum
746 260 816 288 sedit
838 267 900 287 eum
917 258 989 286 Gor-

203 312 296 343 diano,
313 318 367 344 quo
388 309 484 336 deinde
508 311 625 338 mortuo,
647 306 719 334 sedit
739 311 800 341 post
816 306 903 339 ipsum
923 304 990 332 Nar-

205 357 295 383 eisstts
325 362 411 381 annos
435 355 539 384 decem,
568 353 631 379 dein
660 357 784 379 mortuus
809 356 872 383 est,
903 358 989 378 annos

205 408 284 428 natus
307 405 416 428 rentum
439 407 466 426 et
484 399 634 427 sexdecim.
661 399 690 425 lii
717 397 872 433 Pliii’ippiim
899 401 988 424 autem

203 447 338 474 Caesarem
363 447 555 480 imperatorem
578 445 703 472 insiliens
724 444 779 471 dux
801 443 923 478 quidam,
940 451 990 468 no-

205 492 277 518 mine
293 490 408 522 Decius,
423 490 481 524 ipso
503 490 647 518 interfecto
668 490 810 523 imperium
836 487 988 521 occupavit,

205 536 382 570 regnavitque
401 536 493 563 Roma:
509 535 536 562 in
559 535 697 562 Romanos
712 542 798 561 annos
813 533 894 565 duos,
910 533 991 568 idque

205 589 277 608 anno
294 582 369 616 regni
390 581 519 608 Bahrami
541 581 587 608 ﬁlii
610 581 734 607 Dalirauii
755 582 826 615 regis
847 579 990 607 Persarum

204 626 323 654 decimo.
341 627 361 652 A
377 626 458 653 Decio
473 626 526 653 isto
543 627 761 660 persecutionem
777 634 886 659 gravent
907 626 993 652 mala-

204 680 258 707 que
276 680 372 708 magna
388 674 460 707 paSsi
476 677 541 699 sunt
557 671 717 704 Christiani,
732 672 796 699 dum
813 679 845 698 ex
863 672 896 698 iis
912 672 992 697 innu-

206 725 297 745 meros
317 717 496 744 interfecerit.
513 717 672 752 Martyrium
695 718 747 744 siib
770 718 830 751 ipso
847 717 993 744 subierunt

205 763 415 797 quampliiriiiii,
447 763 518 790 inter
536 770 606 797 quos
625 767 712 789 morte
736 761 848 789 allectus
867 766 908 789 est
931 761 993 788 Fla-

206 810 302 835 vianus
313 807 406 835 Romae
421 809 588 842 patriarcha.
604 808 706 835 Deinde
717 808 883 842 Carthagine
896 808 992 834 urbem

206 853 342 888 Ephesum
363 854 502 889 profectus
521 855 547 880 in
572 854 658 888 ipsius
674 854 763 881 medio
779 854 908 888 templum
934 862 993 880 ina-

206 908 289 935 gnum
305 900 443 927 exstruxit
465 901 490 926 iii
506 907 562 934 quo
579 899 651 926 idola
671 901 785 932 statuit,
802 899 888 933 jussis
904 899 995 926 lionii«

207 944 289 971 nibus
311 943 366 972 illis
388 943 492 970 cultum
520 949 666 978 praestare,
683 949 710 970 et
732 944 868 971 sacriﬁcia
886 944 995 975 offerre,

206 990 262 1016 illis
283 990 329 1024 qui
356 990 381 1017 id
407 989 498 1016 facere
523 994 685 1016 recusarent
708 994 823 1016 mortem
852 989 994 1017 inferens:

205 1035 386 1069 quamobrem
415 1035 486 1061 neci'
502 1034 563 1062 data
588 1041 629 1062 est
658 1043 753 1070 magna
777 1035 995 1062 Christianorum

208 1081 373 1114 multitudo,
393 1089 463 1116 quos
487 1090 570 1116 super
589 1081 688 1116 Ephesi
713 1090 792 1109 muro
810 1083 940 1116 patibulis
955 1083 996 1108 af-

208 1126 275 1153 tixit.
287 1126 384 1154 Decius
396 1127 478 1153 etiam
491 1127 640 1161 imperator
649 1131 804 1160 assuniptos
815 1125 994 1160 389-391

208 1179 223 1198 e
240 1176 397 1206 magnatiim
417 1171 516 1205 Ephesi
536 1172 597 1198 tiliis
614 1179 714 1206 pueros
731 1176 848 1205 septem,
867 1172 940 1205 ipsos
959 1170 997 1197 rei

209 1218 344 1244 vestiario:
354 1225 412 1244 suae
423 1217 562 1251 praefecit;
577 1224 695 1251 quorum
709 1217 821 1243 nomina
835 1221 898 1243 sunt
910 1216 998 1242 Maxi-

210 1263 329 1292 mianus,
347 1262 504 1295 Ainliclius,
524 1262 643 1294 Dianus,
661 1261 821 1294 Martiinus,
840 1262 997 1296 Dionysius,

211 1307 357 1340 Antonius,
372 1306 505 1335 Joannes.
525 1307 634 1341 Septem
655 1307 699 1334 isti
714 1307 830 1340 juvenes
844 1315 907 1334 cum
926 1307 997 1334 idola

212 1359 264 1378 non
282 1353 414 1384 colerent,
435 1357 531 1379 notum
550 1351 652 1379 factum
669 1356 710 1379 est
727 1353 778 1379 hoe
792 1353 847 1387 regi
864 1361 911 1387 per
923 1353 998 1380 dela-

212 1402 305 1425 tores:
322 1405 406 1431 quare
424 1397 512 1425 iratus
531 1397 590 1432 ipse.
614 1398 674 1424 illos
692 1398 718 1424 in
743 1405 883 1425 carcerem
899 1399 998 1433 conjici

211 1443 312 1477 jussit,
328 1442 426 1471 deinde
447 1445 481 1470 ad
502 1444 652 1470 exercitum
677 1444 818 1478 profectus
836 1445 897 1472 illos
912 1445 1000 1473 donec

1040 208 1166 235 Bzilirami
1201 207 1246 233 lilii
1287 203 1414 232 Balirauzi
1443 204 1590 229 Persarum
1626 200 1697 235 legis
1724 199 1841 225 decimo

1040 260 1147 290 quarto.
1165 254 1246 280 Anno
1263 251 1368 285 imperii
1386 249 1473 284 ipsius
1498 247 1587 282 primo
1603 245 1776 272 (onstitutus
1795 248 1842 269 est

1042 299 1176 326 Maximus
1193 297 1348 332 patriarcha
1364 293 1578 324 Alexandrinus,
1594 292 1639 326 qui
1656 299 1743 318 annos
1757 295 1842 316 octn-

1041 347 1128 373 deciin
1144 345 1227 375 si-ilit,
1245 344 1307 370 dein
1325 346 1450 368 mortuus
1466 343 1518 367 est.
1536 339 1635 365 Eodem
1652 345 1725 364 anno
1742 337 1841 363 factus

1041 398 1083 420 est
1100 397 1126 419 et
1151 391 1252 418 Lucius
1271 387 1428 422 patriarcha
1446 386 1605 416 Romanus,
1624 385 1669 418 qui
1689 391 1751 410 cum
1771 387 1840 409 orto

1043 446 1151 466 menses
1178 436 1294 463 sedisset
1321 437 1448 461 inortuus
1474 437 1527 458 est.
1555 431 1621 456 Post
1649 438 1710 455 eum
1743 429 1841 455 factus

1043 484 1163 512 Estatius
1187 482 1286 509 ibidem
1302 480 1472 516 patriarcha,
1494 486 1540 505 sex
1564 484 1652 503 annos
1670 476 1753 506 sedit,
1771 475 1840 501 dl'in

1043 536 1168 558 mortuus
1181 533 1233 556 est.
1252 529 1332 556 Anno
1349 527 1473 562 ejusdem
1491 531 1589 552 octavo
1602 524 1774 550 constitutus
1796 525 1842 548 est

1042 577 1146 612 Xystus
1166 575 1322 610 patriarcha
1339 573 1458 604 ibidem,
1478 571 1524 606 qui
1544 578 1607 597 cum
1632 576 1726 596 novem
1745 575 1842 594 annos

1044 622 1162 650 scdissm
1179 625 1306 647 mortuus
1323 623 1375 646 est.
1394 617 1496 645 Eodem
1515 623 1587 643 anno
1609 614 1780 642 constitutus
1797 616 1843 639 est

1045 668 1177 695 Dominus
1193 666 1345 692 Antiochiae
1362 663 1515 699 patriarcha
1534 662 1580 696 qui
1596 668 1657 688 cum
1674 664 1729 686 tres
1746 664 1843 685 annos

1045 713 1164 741 sedisset
1187 716 1313 738 mortuus
1339 714 1391 737 est.
1417 709 1497 735 Anno
1521 707 1645 742 ejusdem
1670 705 1843 732 duodecimo

1045 757 1222 795 393-395
1238 761 1347 784 creatus
1362 761 1404 783 est
1422 755 1584 782 Timotheus
1601 751 1699 779 ibidem
1716 751 1843 786 patriar-

1047 806 1109 837 cha,
1128 806 1173 839 qui
1191 809 1217 831 et
1237 807 1382 837 postquam
1400 807 1455 828 tres
1471 807 1558 827 annos
1575 799 1692 825 sedisset
1711 802 1844 823 mortuus

1047 856 1097 878 est.
1117 851 1195 876 Anno
1211 848 1318 883 imperii
1337 846 1423 881 ipsius
1443 847 1540 880 quinto
1557 844 1644 871 factus
1662 848 1701 870 est
1718 842 1845 868 Alexan-

1047 898 1096 924 der
1108 895 1253 930 episcopus
1266 893 1543 928 llierosolymitanus,
1556 898 1637 924 quem
1653 896 1715 916 cum
1729 892 1843 922 septeni

1047 949 1135 969 annos
1159 940 1296 971 sedisset,
1326 944 1414 965 morte
1438 937 1528 964 alicuit
1553 936 1714 975 imperator.
1733 934 1789 960 iste
1815 933 1843 958 in

1048 988 1116 1014 urbe
1131 986 1268 1018 Czesarea,
1290 985 1371 1019 idque
1396 990 1467 1010 anno
1491 981 1597 1016 imperii
1620 981 1662 1008 sui
1679 979 1844 1006 undecimo.

1049 1035 1128 1061 Antio
1141 1033 1263 1066 ejusdem
1280 1031 1386 1058 decimo
1405 1035 1503 1063 qu;irto
1521 1028 1688 1055 constitutus
1708 1032 1749 1053 est
1766 1025 1843 1052 Mar-

1049 1081 1136 1108 Z'thﬂn
1157 1079 1302 1113 episcopus
1325 1075 1608 1110 llierosolymitanus,
1631 1073 1676 1107 qui
1693 1080 1784 1098 annos
1801 1073 1846 1098 vi-

1049 1126 1117 1162 ginti
1135 1133 1218 1152 unum
1235 1125 1314 1154 sedit,
1333 1122 1395 1149 dein
1414 1124 1540 1148 mortuus
1555 1123 1607 1146 est.
1627 1119 1706 1145 Anno
1721 1118 1845 1152 Septimo

1050 1173 1156 1208 imperii
1181 1171 1286 1199 Galieiii
1306 1170 1421 1196 Cmsaris
1439 1168 1600 1195 interfectus
1622 1172 1664 1193 est
1682 1165 1844 1200 Cyprianus

1051 1223 1154 1253 martyr
1172 1219 1198 1244 in
1216 1217 1316 1251 oppido
1332 1216 1406 1242 dicto
1429 1216 1579 1249 Arsagciia.
1604 1213 1729 1239 Crudelis
1746 1217 1844 1238 autem

1050 1264 1101 1291 fuit
1114 1263 1258 1297 Galiteiius
1270 1260 1425 1297 [Galienus]
1437 1261 1528 1287 Caesar
1542 1260 1568 1285 in
1583 1258 1767 1288 Christianos,
1784 1264 1847 1283 ina-

1050 1317 1165 1344 giiorum
1185 1307 1239 1335 illis
1261 1307 1393 1334 malorum
1410 1310 1517 1333 auctor.
1536 1305 1602 1340 Ejus
1619 1305 1704 1331 filiuni
1718 1324 1725 1336 ,
1740 1304 1788 1338 qui
1808 1303 1843 1329 ad

1050 1355 1150 1382 bellum
1163 1362 1224 1381 cum
1239 1353 1330 1381 Persis
1345 1354 1494 1388 gerendum
1508 1351 1648 1386 profectus
1660 1355 1714 1382 est,
1729 1355 1843 1384 captum

1049 1401 1139 1428 Persre
1148 1400 1181 1427 ad
1192 1400 1354 1426 Baliramuin
1367 1399 1449 1425 ﬁliuni
1458 1398 1585 1424 Balirami
1595 1398 1738 1424 Persarum
1749 1403 1844 1431 regem

1052 1448 1201 1477 miserunt,
1217 1445 1263 1480 qui
1285 1445 1373 1479 capite
1387 1444 1476 1478 ipsum
1499 1443 1652 1474 truncavit,
1675 1450 1730 1476 quo
1746 1443 1845 1468 audito

214 1493 400 1516 reverteretur
422 1489 536 1517 dimisit.
563 1489 733 1522 lmperatore
754 1498 820 1525 ergo
852 1490 920 1518 urbe
937 1499 1000 1526 pro-
1013 1496 1036 1524 (ι
1054 1501 1151 1528 magna
1175 1492 1288 1519 tristitia
1311 1490 1424 1517 allectus
1439 1493 1481 1516 est
1502 1488 1645 1516 Galitettus
1666 1487 1767 1518 Ca-sar,
1785 1492 1813 1514 et
1829 1494 1845 1512 ει

214 1534 297 1567 fecto,
311 1535 438 1562 omnibus
449 1542 509 1570 quae
524 1535 663 1562 habebant
678 1535 704 1562 in
727 1536 926 1571 cleemosyiiaiii
944 1537 1001 1564 dis-

214 1581 323 1608 tributis
344 1581 380 1607 ad
402 1585 521 1608 montem
545 1588 685 1616 magnum,
705 1581 795 1609 Chaos
826 1583 1000 1617 appellatum,

214 1626 248 1652 ad
272 1630 378 1661 partem
404 1627 503 1661 Ephesi
529 1627 689 1654 orientalem
712 1628 843 1663 profecti,
868 1629 894 1655 iii
920 1637 1001 1663 specu

214 1673 331 1706 quodam
360 1681 461 1708 magno
483 1674 530 1708 qui
557 1674 583 1700 in
611 1675 670 1708 ipso
695 1675 744 1701 fuit
771 1683 801 1702 se
827 1675 1002 1709 abdiderunt,

216 1717 289 1744 unde
302 1725 374 1744 unus
391 1718 491 1752 aliquis
512 1726 545 1745 ex
572 1718 638 1752 ipsis
658 1720 780 1752 quotidie
797 1721 892 1747 urbem
908 1728 1018 1754 perso--

216 1767 298 1790 italus
325 1763 546 1799 ingrediebatur,
575 1768 605 1790 ut
628 1765 695 1799 quid
722 1764 756 1792 de
785 1765 851 1799 ipsis
881 1766 1004 1792 dicereiit

217 1810 342 1837 homines
363 1809 480 1840 audiret,
502 1810 629 1844 victuque
645 1811 712 1845 ipsis
731 1815 888 1844 comparate
912 1819 1005 1839 rever-

218 1862 268 1880 sus
283 1854 337 1881 illis
352 1854 496 1881 indicaret.
512 1854 634 1882 Reverso
652 1855 735 1890 igitur
748 1855 911 1889 imperatori
927 1864 959 1883 ac
971 1856 1005 1883 de

218 1899 287 1933 ipsis
307 1900 412 1933 roganti
427 1907 490 1926 cum
506 1900 662 1927 nuntiatum
682 1904 765 1934 esset,
785 1901 870 1928 fuisse
889 1902 963 1936 ipsos
977 1902 1003 1928 iii

219 1949 311 1972 monte
335 1946 363 1972 in
391 1946 539 1980 spelunca,
557 1946 640 1980 jussit
663 1946 722 1981 ipsc
743 1947 848 1974 obstrui
870 1948 1006 1981 speluiii'ai

219 1991 345 2023 aditum,
367 1995 396 2018 ut
420 1991 456 2018 ibi
480 1998 664 2019 morerentur.
691 1993 761 2019 Deus
786 1997 877 2019 autent
902 1997 1004 2027 septem

216 2037 363 2072 juvenibus
386 2037 447 2064 istis
468 2045 595 2064 somnum
612 2038 736 2070 immisit,
759 2047 814 2073 quo
829 2039 918 2065 instar
933 2046 1006 2065 mor-

221 2087 329 2110 tuorum
347 2083 529 2110 dormierunt.
547 2083 662 2116 Quidam
684 2090 749 2118 ergo
770 2091 802 2110 cx
826 2084 913 2118 ipsius
936 2092 1004 2119 prze~

228 2128 307 2155 fectis
324 2134 432 2163 sumpta
448 2128 549 2155 lamina
568 2128 693 2163 plumbea
710 2129 852 2156 historiam
872 2130 1005 2164 ipsorum,

220 2178 248 2201 et
269 2173 334 2209 quid
358 2174 427 2208 ipsis
447 2181 510 2202 cum
536 2174 700 2208 imperatore
726 2173 806 2201 Decio
829 2176 1005 2210 contigisset,
1025 2165 1045 2192 θ

221 2222 384 2256 inscripsit;
405 2228 487 2256 quam
504 2220 602 2248 deinde
617 2228 688 2247 arca:
702 2227 787 2248 tenete
808 2220 934 2252 inclusit,
955 2230 1006 2256 qua

221 2267 250 2293 in
265 2274 348 2300 specu
364 2266 459 2292 relicta
479 2265 590 2300 januain
609 2264 694 2300 ipsius
705 2265 852 2292 obstruxit.

258 2313 339 2347 392
370 2311 478 2338 Mortuo
510 2311 592 2338 Decio
618 2311 725 2338 Caisare
755 2312 920 2345 inipeJatore
947 2316 1008 2347 post

222 2359 311 2393 ipsum
335 2357 428 2384 Romae
450 2357 476 2383 iii
503 2356 643 2384 Romanos
661 2356 805 2391 imperium
829 2357 1010 2384 obtinuerunt

222 2410 311 2430 annos
330 2403 418 2434 duos,
439 2402 619 2436 imperatores
635 2402 690 2429 duo
710 2401 806 2429 Galius
826 2407 852 2428 et
873 2402 1009 2436 Julianus,

222 2447 362 2481 Caesares;
382 2446 464 2482 idque
478 2453 550 2473 anno
564 2446 639 2481 regni
661 2445 788 2473 Balirami
809 2447 856 2473 lilii
872 2446 1010 2480 Batirauii,

224 2493 367 2520 l’ersaruni
385 2492 468 2527 regis,
484 2492 657 2519 duodecimo.
674 2493 753 2519 Auno
767 2492 878 2526 imperii
891 2493 1010 2526 ipsorutn

224 2541 313 2574 primo
327 2539 473 2566 Cornelius
488 2538 581 2565 Bouia-
594 2537 749 2572 patriarcha
763 2539 929 2565 constitutus
941 2538 1012 2566 duos

223 2593 311 2613 annos
326 2586 409 2618 sedit,
421 2585 484 2612 dein
505 2588 632 2612 mortuus
643 2589 696 2611 est.
716 2583 819 2611 Eodem
836 2591 909 2611 anno
923 2584 1013 2612 factus

224 2637 265 2659 est
288 2631 442 2659 Demetrius
468 2630 624 2665 patriarcha
650 2630 857 2663 Antioclieiins,
880 2630 926 2665 qui
951 2635 1013 2657 Octo

225 2685 312 2704 annos
327 2677 408 2709 sedit,
426 2677 490 2704 dein
507 2680 632 2704 mortuus
651 2680 703 2703 est.
721 2675 846 2704 Mortuus
862 2680 904 2703 est
922 2681 1012 2703 autem

225 2723 352 2751 Julianus
365 2724 523 2757 imperator,
534 2727 562 2750 et
574 2723 728 2750 octodecim
743 2727 804 2757 post
818 2721 915 2749 diebus
928 2723 1014 2749 inter-

227 2768 316 2797 fectus
341 2768 457 2801 Galius,
481 2769 589 2804 imperii
611 2776 747 2802 consors,
776 2769 929 2804 imperante
950 2761 1020 2803 post

228 2817 302 2851 ipso:
325 2816 455 2844 Romanis
478 2816 580 2849 Galitio
603 2816 730 2852 Cmsare,
747 2817 794 2852 qui
812 2824 839 2844 ei
858 2817 1014 2844 Alterianus

1054 1540 1126 1566 nialo
1143 1537 1309 1566 Christianis
1326 1535 1471 1563 inferendo
1486 1534 1615 1562 cessavit.
1633 1534 1714 1560 Anno
1733 1532 1846 1567 imperii

1052 1585 1139 1618 ipsius
1154 1584 1248 1618 quinto
1265 1587 1387 1609 mortuus
1402 1585 1443 1608 est
1459 1580 1573 1607 Bahram
1584 1600 1591 1611 ,
1614 1579 1685 1607 filius
1701 1579 1844 1611 Balirzimi,

1052 1630 1199 1663 Persarum
1216 1636 1283 1657 rex:
1301 1633 1360 1662 post
1377 1634 1458 1662 quem
1476 1626 1598 1661 regnavit
1612 1626 1739 1658 Baliram,
1758 1625 1843 1652 etiam

1053 1675 1180 1702 Balirami
1199 1675 1279 1706 filius,
1299 1674 1345 1708 qui
1361 1679 1388 1701 et
1406 1674 1516 1701 Shaliaii
1536 1671 1608 1699 Sliali
1629 1671 1714 1703 audit,
1732 1679 1842 1698 menses

1053 1724 1181 1755 quatuor,
1200 1719 1264 1745 dein
1284 1723 1410 1745 mortuus
1430 1723 1484 1749 est,
1500 1717 1664 1744 succedente
1685 1716 1735 1750 ipsi
1757 1716 1845 1742 fratre

1055 1767 1141 1800 ipsius
1157 1765 1243 1792 Narsa
1259 1765 1314 1791 filio
1330 1764 1472 1795 Bahraini,
1490 1763 1536 1790 lilii
1552 1762 1676 1796 Saporis,
1690 1761 1736 1788 filii
1752 1761 1845 1788 Azda-

1054 1813 1133 1844 shiri,
1149 1811 1197 1838 lilii
1214 1811 1311 1843 Babec,
1330 1810 1377 1836 lilii
1395 1809 1492 1836 Sasaiii
1506 1817 1513 1842 ;
1529 1808 1574 1842 qui
1595 1809 1622 1835 in
1640 1807 1738 1834 Persas
1755 1815 1845 1834 annos

1055 1866 1152 1886 novem
1176 1857 1317 1892 regnavit,
1337 1855 1401 1882 dein
1423 1861 1549 1882 mortutis
1573 1859 1624 1881 cst.
1642 1855 1720 1881 Anno
1736 1854 1844 1888 imperii

1055 1904 1177 1939 ejusdem
1195 1903 1330 1939 (videlicet
1344 1901 1450 1929 Galieiii
1465 1902 1591 1935 Caesaris)
1607 1901 1714 1928 decimo
1731 1905 1841 1935 quarto,

1055 1950 1138 1985 396
1160 1957 1274 1984 regnum
1295 1950 1322 1976 in
1341 1948 1439 1976 Persas
1460 1947 1578 1975 obtinuit
1600 1946 1729 1978 llnrmoz,
1752 1946 1845 1973 Harsa:

1056 1996 1146 2028 ﬁlius,
1171 1996 1252 2022 annis
1273 2000 1379 2030 septem
1405 1999 1432 2022 et
1457 1995 1578 2029 quinque
1597 1993 1756 2026 mensibus,
1781 1993 1845 2020 dein

1056 2047 1180 2068 ιιιυτιιιιιδ
1194 2047 1246 2068 εει.

1092 2085 1200 2114 Mortuo
1217 2090 1308 2113 autem
1327 2085 1439 2113 Galicno
1453 2085 1572 2117 Cmsare,
1590 2085 1776 2112 Romanorum
1792 2084 1845 2110 im-

1060 2138 1201 2167 peratore,
1228 2133 1373 2167 imperavit
1398 2135 1459 2166 post
1485 2132 1573 2165 ipsum
1598 2131 1690 2158 Romae
1713 2131 1845 2157 Claudius

1062 2181 1165 2212 Czesar,
1187 2187 1288 2206 annum
1316 2186 1416 2209 unum,
1434 2177 1518 2212 idque
1541 2185 1613 2204 anno
1632 2177 1706 2211 regni
1726 2177 1846 2204 Iloriiioz

1063 2225 1205 2252 l‘ersarum
1219 2223 1292 2258 regis
1305 2222 1395 2249 tertio.
1405 2223 1482 2249 Anno
1495 2223 1599 2257 imperii
1611 2221 1717 2248 Claudii
1727 2221 1844 2249 Cmsaris

1062 2270 1150 2304 primo
1166 2269 1334 2296 constitutus
1352 2273 1391 2294 est
1410 2266 1510 2294 Paulus
1525 2268 1681 2303 patriarcha
1699 2268 1848 2295 Antioche-

1062 2319 1130 2344 iius,
1155 2312 1202 2346 qui
1227 2319 1290 2338 cum
1315 2318 1402 2338 annos
1426 2314 1488 2338 octo
1511 2311 1626 2338 sedisset
1651 2317 1776 2339 mortuus
1795 2316 1848 2339 est.

1061 2358 1278 2393 Cognouiiuatus
1307 2361 1349 2384 est
1382 2361 1473 2384 autem
1500 2356 1601 2384 Paulus
1629 2358 1847 2391 Soniaisetanus,

1061 2404 1135 2438 quod
1149 2411 1181 2430 ex
1197 2403 1294 2430 incolis
1308 2402 1443 2430 Soniaiset
1458 2407 1541 2435 esset,
1554 2403 1658 2438 fuitque
1671 2403 1740 2431 idem
1753 2410 1848 2431 auctor

1062 2449 1198 2477 liiercseos
1225 2448 1455 2476 Paulicianoruiii.
1479 2448 1531 2481 Qui
1555 2450 1679 2476 eamdem
1703 2458 1764 2477 cuni
1790 2451 1849 2486 ipso

1063 2494 1141 2521 fldeui
1166 2493 1283 2528 professi
1308 2499 1386 2526 sunt,
1411 2495 1589 2528 eamdemque
1612 2495 1774 2521 sententiam
1791 2503 1849 2522 ani-

1065 2541 1145 2572 plexi,
1158 2548 1173 2567 a
1189 2540 1298 2567 nomine
1315 2540 1404 2574 ipsius
1417 2539 1513 2570 Paulo,
1528 2541 1688 2567 i‘auliciani.
1705 2541 1848 2569 Sententia

1063 2590 1153 2612 autem
1167 2584 1242 2612 Pauli
1258 2585 1428 2612 Saiiiosetani
1446 2585 1503 2612 hmo
1518 2589 1594 2613 erat:
1612 2586 1755 2613 Dominum
1771 2587 1849 2614 Clin-

1064 2635 1135 2658 stum
1158 2630 1297 2657 hominem
1318 2629 1405 2657 fuisse
1426 2638 1440 2656 a
1463 2631 1567 2658 Dcitate
1584 2637 1705 2659 creatum
1727 2633 1848 2668 ejusdem

1063 2683 1126 2703 cum
1142 2680 1267 2702 nostrum
1279 2676 1371 2710 aliquo
1387 2675 1557 2708 substaiitize,
1571 2681 1598 2703 et
1613 2678 1776 2712 principium
1789 2678 1849 2705 Filii

1064 2730 1078 2748 a
1099 2722 1182 2749 Maria
1200 2721 1303 2754 fuisse,
1328 2722 1474 2757 ipsumque
1492 2723 1610 2750 electum
1628 2723 1713 2752 fuisse
1733 2730 1762 2752 ut
1778 2731 1850 2753 esset

1065 2769 1192 2795 Salvator
1217 2768 1380 2795 substantiae
1407 2768 1551 2801 humanas,
1585 2771 1732 2799 comitante
1761 2773 1848 2807 ipsum

1065 2816 1151 2850 gratia
1174 2814 1266 2842 divina
1288 2815 1356 2842 etin
1377 2815 1436 2850 ipso
1454 2815 1594 2845 habitante
1617 2824 1665 2850 per
1686 2825 1806 2847 amorem
1824 2824 1850 2847 et
