2015 3081
218 129 268 159 997

939 127 1124 159 ANNALES.

1791 132 1842 163 9’8

219 183 397 215 voluntatem,
426 183 542 218 ideoque
575 187 698 210 vocatum
724 191 784 211 esse
811 182 910 210 Filium
944 181 1000 208 Dei.
1021 183 1041 209 Α
1056 179 1148 207 Titum
1168 185 1270 208 vastata
1294 182 1358 208 anni
1381 187 1445 209 sunt
1467 182 1576 210 ducenti
1600 190 1659 211 sex.
1683 183 1723 211 Ad
1741 183 1810 212 idem
1826 193 1841 212 ς

220 228 291 255 Ιὲίιιίι
306 229 387 255 etiam
411 229 495 256 Deum
514 237 595 256 unam
611 237 673 257 esse
695 230 889 260 substantiam,
909 234 1006 254 unam-

218 282 270 308 que
287 282 432 308 personam
445 296 452 308 ,
476 283 564 309 neque
580 275 607 302 in
627 274 744 302 Verbum
759 273 897 304 credebat,
916 279 1005 306 neque

219 321 244 346 in
266 320 397 355 Spiritum
422 325 559 348 sanctum.
584 321 647 348 Post
672 325 788 347 mortem
809 320 891 354 igitur
918 318 1006 352 ipsius

218 364 377 401 congregati
396 371 460 394 sunt
481 366 602 402 episcopi
624 366 753 393 tredecim
776 367 802 392 itt
823 366 891 392 urbe
907 365 1006 391 Antin-

219 414 316 444 chena,
332 413 378 447 qui
394 413 420 439 iu
439 412 526 447 ipsius
544 413 644 438 factum
661 415 688 438 ct
706 411 869 438 sententiam
885 410 1003 444 inquisi-

219 461 327 488 vcrunt,
350 461 453 484 etcum
485 457 586 491 ipsum,
618 461 645 483 ct
678 459 813 490 quotquot
841 454 1005 481 sententiam

218 503 276 537 ejus
293 503 525 538 amplecterentur
536 503 706 529 anathemate
717 500 892 528 devovissent
903 500 1004 527 reversi

218 554 292 576 sunt.

253 594 432 630 397-399
448 594 554 622 Mortuo
566 593 680 621 Claudio
693 593 801 620 Cmsare
816 593 1004 620 Romanorum

219 640 393 675 imperatore,
412 644 473 674 post
489 640 579 676 ipsutn
600 640 732 667 Romanis
750 639 843 666 Romae
862 638 1006 673 itnperavit

218 687 345 714 Aurelius
361 686 452 714 Caesar
468 694 556 714 annos
575 687 714 721 quinque,
736 685 818 720 idque
834 692 907 711 anno
930 684 1004 719 regni

219 732 345 759 llnrtnozi
367 732 413 759 filii
429 733 524 760 Narza:
540 733 610 767 regis
630 733 776 760 Persarum
799 737 908 766 quarto.
927 731 1006 757 Anno

219 779 327 813 imperii
343 779 445 806 Aurelii
460 779 575 807 Caesaris
594 780 681 814 primo
701 778 871 804 constitutus
887 781 927 804 est
943 776 1005 802 Dio-

219 824 315 858 nysius
330 825 486 858 patriarcha
506 823 658 856 Romanus,
675 823 723 858 qui
741 828 803 851 octo
821 830 909 850 annos
923 823 1004 855 sedit,

218 869 280 896 dein
311 873 436 897 mortuus
462 875 515 897 est.
543 871 623 896 Anno
650 873 750 903 quarto
781 868 888 902 imperii
918 867 1006 903 ipsius

218 919 328 942 creatus
356 919 398 943 est
426 915 516 943 Neron
530 916 685 950 patriarcha
712 915 933 946 Alexandrinus,
961 914 1006 940 ubi

219 961 405 988 novcmdecim
426 968 515 988 annos
532 961 614 992 sedit,
632 960 695 987 dein
714 965 838 987 mortuus
854 964 909 987 est.
927 959 1004 987 Cltri<

217 1007 299 1034 Stiani
318 1012 410 1033 autem
424 1006 601 1034 Alexandrini
627 1007 653 1032 in
674 1006 813 1041 speluncis
834 1009 861 1031 et
880 1005 1007 1032 domibus

218 1052 288 1078 clam
305 1052 438 1083 orabant.
463 1055 537 1078 metu
554 1050 762 1082 Romanorum,
781 1058 815 1077 ne
831 1050 905 1085 ipsos
924 1050 1008 1077 truci-

218 1100 333 1130 darent,
355 1105 444 1133 neque
467 1097 615 1125 manifesto
631 1104 661 1123 se
681 1096 828 1123 exhibebat
851 1096 1006 1131 patriarcha

219 1143 246 1170 in
260 1143 423 1171 Alexandria
437 1152 444 1177 ;
462 1148 561 1171 atcuut
576 1142 733 1178 patriarcha
748 1147 889 1169 crearetur
904 1142 1006 1173 Neron,

219 1190 263 1216 ille
278 1198 308 1216 se
325 1190 471 1216 manifesto
488 1189 623 1221 exhibuit,
640 1196 729 1223 neque
747 1188 852 1215 destitit
868 1187 1007 1215 Romanos

219 1236 393 1268 demulcere,
417 1236 505 1263 donec
525 1236 697 1262 Alexandriae
716 1235 862 1262 ecclesiam
884 1233 1008 1262 Dentium

219 1281 311 1308 Mariae
344 1284 451 1315 sacram
487 1285 653 1309 exstrueret.
692 1280 771 1307 Anno
803 1280 910 1314 imperii
946 1279 1006 1314 ejus

218 1328 334 1362 quinto,
362 1331 490 1355 mortuus
516 1332 558 1356 est
588 1328 706 1354 Hortnoz
736 1326 831 1353 Narzaa
860 1326 931 1354 lilius
959 1333 1005 1352 rex

220 1374 376 1405 Persarum,
395 1372 439 1400 cui
456 1373 548 1400 nullus
563 1377 632 1404 erat.
647 1379 727 1407 quem
746 1379 935 1399 successorem
954 1370 1007 1398 sibi

219 1420 417 1453 constitueret,
436 1419 518 1446 (ilius.
537 1418 603 1445 Erat
619 1422 710 1444 tamen
723 1426 756 1444 ex
771 1418 905 1444 uxoribus
921 1417 1008 1451 ipsius

219 1465 344 1501 quirdunt
368 1465 499 1500 gravida,
527 1472 609 1500 qttatn
637 1471 698 1490 cum
727 1467 851 1498 rogasset
878 1462 1006 1497 populus,

1058 227 1168 254 Chrislo
1183 233 1258 260 nato,
1274 229 1382 255 ducenti
1406 229 1578 263 septuaginta
1598 237 1657 257 sex.
1678 230 1717 257 Ad
1739 229 1810 257 idem
1825 239 1840 257 ιι

1058 279 1143 307 regno
1156 273 1318 306 Alexandri,
1343 273 1522 310 ἀοι-403
1538 275 1678 309 quingenti
1695 275 1842 309 nonaginta

1057 319 1189 353 quinque.
1206 319 1246 346 Ad
1268 319 1340 346 idem
1357 327 1372 347 a
1386 322 1544 354 captivitate
1561 321 1734 356 Babylonica,
1753 322 1842 349 Octin-

1056 365 1130 398 genti
1148 366 1347 400 quinquaginta
1366 370 1439 393 octo.
1457 366 1495 393 Ad
1513 367 1584 393 idem
1600 375 1614 393 a
1637 367 1749 400 Davide,
1768 368 1842 394 mille

1058 411 1171 438 trecenti
1185 411 1293 445 triginta
1308 412 1441 447 quinque.
1456 412 1496 439 Ad
1513 412 1583 439 idem
1599 413 1633 438 ab
1647 413 1718 439 exitu
1735 413 1842 440 Israeli-

1058 462 1147 483 tarum
1176 464 1208 483 ex
1238 456 1374 492 (Egypto,
1401 457 1475 485 mille
1502 458 1632 492 nongenti
1662 458 1841 492 quadraginta

1058 510 1140 529 unus.
1161 502 1201 529 Ad
1224 503 1294 530 idem
1309 503 1344 529 ab
1360 503 1527 534 Abrahamo,
1552 503 1594 530 bis
1617 504 1691 530 mille
1711 503 1844 536 quadrin-

1058 547 1130 582 genti
1151 547 1335 582 quadraginta
1359 552 1431 574 octo.
1457 548 1496 574 Ad
1522 548 1593 574 idem
1616 555 1629 573 a
1646 547 1781 579 Phaleko,
1803 548 1844 574 bis

1058 592 1131 618 tnille
1145 593 1273 627 noagenti
1288 593 1425 627 octoginta
1438 601 1547 620 novem.
1561 593 1599 618 Ad
1613 593 1685 619 idem
1698 601 1712 619 a
1728 593 1842 624 diluvio,

1058 640 1099 664 tcr
1123 637 1196 671 mille
1219 638 1362 672 quingenti
1382 638 1489 673 viginti.
1511 638 1551 664 Ad
1576 639 1646 665 idem
1671 639 1705 665 ab
1727 638 1843 670 Adamo,

1057 682 1205 717 quinquies
1221 683 1292 711 utille
1305 683 1469 719 Septingenti
1488 684 1661 719 septuaginta
1677 691 1735 711 sex.

1094 776 1232 811 imperare
1248 781 1337 803 autetn
1349 775 1458 812 [coepit]
1476 775 1661 803 Diocletianus
1677 783 1749 802 anno
1769 776 1844 811 regni

1060 821 1185 856 Saporis,
1201 821 1247 848 ﬁlii
1267 822 1406 854 Hortnozi,
1420 821 1567 848 Persarum
1584 821 1667 856 regis,
1681 823 1838 853 undecimo,

1059 876 1112 895 una
1127 876 1188 896 cum
1208 868 1268 903 ipso
1284 869 1437 903 imperante
1451 868 1626 901 Maximiano,
1643 869 1689 903 qui
1704 873 1730 896 et
1745 869 1846 896 Curius

1058 915 1212 949 appellatus
1236 919 1301 948 est;
1326 917 1486 949 potitusque
1509 919 1552 942 est
1576 915 1603 942 in
1627 914 1766 943 lict-nanos
1793 915 1847 942 im-

1059 959 1135 993 pcrio
1151 959 1230 986 annis
1247 959 1340 994 viginti
1357 967 1422 986 uno.
1447 959 1605 995 Magnarum
1626 960 1663 987 illi
1681 960 1846 988 Christianis

1058 1005 1257 1038 calamitatum,
1269 1012 1295 1034 et
1309 1007 1428 1034 tristitia:
1446 1007 1593 1040 diuturnae,
1616 1008 1847 1042 cruciatuumquo

1058 1051 1181 1085 gravium
1207 1059 1239 1078 ac
1261 1052 1464 1086 persecutionis
1479 1053 1554 1079 dura:
1579 1058 1706 1080 auctores
1725 1053 1846 1085 fuerunt,

1058 1095 1127 1122 adeo
1150 1101 1181 1122 ut
1205 1096 1309 1130 majora
1330 1097 1385 1124 sint
1411 1105 1492 1132 quam
1509 1106 1570 1132 qua:
1590 1098 1708 1132 exprimi
1731 1104 1847 1132 possunt

1058 1141 1140 1173 mala,
1159 1150 1219 1176 quae
1230 1143 1285 1169 illis
1305 1143 1466 1174 intulerunt,
1481 1151 1532 1178 qua
1548 1144 1631 1175 caede,
1647 1151 1700 1178 qua
1712 1143 1846 1171 bonorutn

1062 1187 1247 1220 publicatione
1260 1195 1268 1220 ;
1282 1188 1432 1215 interfectis
1442 1196 1474 1215 ex
1487 1190 1554 1223 ipsis
1565 1196 1682 1223 quorum
1698 1197 1712 1215 a
1727 1191 1848 1222 nemine,

1058 1237 1173 1267 excepto
1189 1232 1255 1264 Deo,
1274 1241 1408 1262 numerus
1424 1235 1488 1262 iniri
1503 1239 1605 1270 potest,
1636 1242 1668 1262 ac
1686 1235 1846 1271 martyrium
1891 1234 1893 1238 ’

1058 1285 1153 1306 eorum
1175 1283 1298 1315 tempore
1325 1280 1414 1314 passis
1441 1280 1559 1308 millenis
1586 1285 1738 1316 martyrum
1766 1282 1848 1308 milli-
1895 1290 1896 1293 π

1059 1324 1122 1352 bus.
1144 1324 1228 1352 Iidem
1243 1331 1371 1352 sam-tum
1387 1325 1531 1360 Georgium
1550 1326 1633 1353 variis
1651 1326 1847 1362 suppliciorum

1059 1371 1207 1405 generibus
1232 1371 1385 1398 cruciatum
1405 1372 1432 1398 in
1458 1371 1615 1403 Palaestina,
1643 1375 1730 1399 morte
1753 1371 1850 1398 adeee~

1061 1421 1126 1444 rttnt
1142 1425 1149 1444 :
1172 1417 1219 1451 qui
1238 1421 1351 1445 sanctus
1368 1426 1382 1444 a
1396 1418 1567 1452 Cappadocia
1587 1424 1674 1452 genus
1688 1418 1775 1445 duxit.
1803 1417 1849 1445 lu-

1061 1461 1228 1489 lerfecerunt
1247 1463 1330 1490 etiam
1347 1467 1475 1490 sanetum
1500 1463 1611 1494 Mittam,
1638 1462 1720 1498 404
1741 1470 1848 1490 necnon

218 1512 302 1539 sciret
326 1519 414 1538 necne
437 1516 528 1538 utrum
546 1510 572 1537 in
596 1516 674 1537 utero
697 1517 812 1543 puerutn
836 1516 869 1535 an
887 1508 1005 1543 puellam
1020 1514 1043 1542 (ι
1060 1512 1187 1534 sanctum
1215 1507 1367 1540 Victorem,
1394 1508 1582 1540 l’hicinitum,
1611 1509 1791 1536 Abimaehum
1822 1512 1850 1536 et

218 1561 350 1592 gestaret.
367 1557 507 1592 respondit
523 1556 568 1583 illa
588 1555 706 1583 :Motum
719 1555 876 1590 etnbryonis
888 1554 920 1581 ad
936 1554 1007 1580 latus

219 1603 346 1630 dextrum
373 1603 481 1634 sentio,
509 1609 571 1629 cum
598 1601 759 1635 gestaminis
782 1596 1008 1634 levitate,'qltod

219 1649 350 1676 iudicium
375 1651 416 1675 est
442 1647 526 1674 fetum
556 1646 708 1674 masculum
729 1653 800 1673 esse.
827 1645 919 1673 Gavisi
946 1652 1010 1680 ergo

219 1695 255 1721 illi
288 1694 414 1720 diadema
449 1698 528 1720 utero
566 1691 689 1719 mulieris
728 1692 808 1718 istius
840 1691 1008 1726 alligarunt,

217 1746 335 1774 cumque
362 1739 446 1766 lilium
474 1739 637 1774 peperisset,
669 1739 758 1765 Sabur
781 1737 934 1772 appellatus
955 1742 1008 1764 est.

217 1786 299 1822 400
314 1786 417 1819 Estque
434 1786 478 1812 ille
493 1786 565 1812 idem
579 1785 625 1820 qui
640 1784 788 1812 Dul-Ectal‘
813 1783 1007 1820 [Scapularum

220 1831 364 1868 Dominus]
383 1832 594 1866 cognominatus
625 1836 686 1863 est;
714 1831 777 1858 inde
806 1831 910 1858 seiiicet
934 1831 1008 1866 quod

218 1886 280 1904 cttm
295 1885 385 1913 regem
397 1878 515 1912 aliquem
531 1877 666 1909 vinceret,
679 1877 820 1911 scapulam
837 1877 876 1904 illi
891 1877 1008 1904 luxaret.

219 1923 314 1959 Magna
341 1928 449 1957 autem,
474 1923 562 1958 ipsius
588 1930 690 1956 causa,
718 1923 810 1950 lzetitia
834 1923 923 1951 aiiccti
945 1927 1010 1951 sunt

217 1969 319 1998 Persae.

253 2016 360 2042 ltlortuo
373 2015 485 2043 Aurelio
499 2014 608 2042 Caesare
626 2014 813 2042 Romanorum
831 2015 1007 2050 imperatore,

218 2067 280 2097 post
296 2063 385 2097 ipsum
403 2067 554 2096 regnarunt
573 2061 688 2089 Tacitus
706 2065 733 2088 et
752 2061 894 2088 Kurianns
910 2069 1008 2088 novem

219 2116 345 2140 menses,
369 2107 432 2135 dein
454 2108 539 2135 occisi
563 2112 638 2135 sunt.
665 2108 822 2143 lmperante
847 2099 909 2143 post
935 2109 1009 2139 ipsos

218 2154 332 2182 Maruno
346 2154 457 2181 Ctesare
477 2161 565 2181 annos
588 2162 655 2184 sex;
673 2154 756 2188 idque
771 2161 843 2181 anno
862 2154 937 2188 regni
960 2153 1009 2181 Sa-

219 2201 295 2235 poris
316 2200 363 2227 lilii
388 2199 517 2226 llorntozi
541 2199 687 2227 Persarum
716 2201 785 2234 regis
809 2200 901 2226 tertio.
927 2199 1007 2226 Anno

219 2245 326 2280 imperii
344 2244 451 2272 Maruni
471 2246 552 2272 tertio
564 2251 675 2272 creatus
690 2249 732 2272 est
746 2244 871 2272 Philctus
887 2244 1004 2279 patriar-

219 2291 271 2318 cha
293 2290 454 2322 Romanus,
478 2290 525 2318 ubi
549 2298 612 2318 cum
636 2298 725 2318 annos
748 2290 868 2325 quinque
890 2290 1007 2317 sedisset

221 2341 346 2364 mortuus
368 2343 421 2364 est.
445 2338 525 2364 Anno
548 2336 671 2371 ejusdem
697 2336 818 2364 secundo
840 2335 1007 2363 constitutus

220 2388 262 2410 est
287 2382 407 2417 Cyrillus
435 2382 593 2416 patriarcha
615 2382 822 2414 Antiochenus,
848 2381 895 2416 qui
918 2388 1007 2408 annos

220 2427 377 2462 quindecim
393 2428 474 2459 sedit,
488 2427 550 2454 dein
569 2433 693 2454 mortuus
708 2432 760 2454 est.
774 2425 882 2453 Mortuo
893 2425 1006 2453 Maruno

219 2475 327 2501 (ἐπεῖπε
338 2473 524 2499 Romanorum
537 2473 702 2506 imperatore
713 2472 833 2506 rrgnavit
844 2476 906 2507 post
917 2472 1004 2505 ipsum

219 2519 307 2547 Carus
326 2519 433 2552 Czcsar,
456 2525 563 2552 unaque
588 2517 644 2545 biui
671 2517 757 2552 ipsius
786 2518 832 2544 lilii
852 2517 949 2544 Carius
978 2520 1006 2544 et

221 2566 413 2597 Numerianus,
430 2573 517 2592 annos
530 2564 611 2597 duos,
623 2565 705 2599 idque
715 2571 787 2591 anno
800 2565 875 2599 regni
891 2564 1005 2592 Saboris

221 2612 349 2640 llormozi
363 2611 412 2639 ﬁlii
427 2618 511 2638 nono.
527 2610 670 2638 Crudelem
687 2610 732 2638 hic
746 2618 775 2637 se
792 2617 855 2645 erga
870 2609 1005 2637 Christia-

221 2665 273 2685 nos
287 2658 427 2690 exhibuit;
443 2657 570 2692 idemque
585 2660 628 2684 est
644 2656 692 2690 qui
707 2655 840 2683 Kozmum
857 2661 883 2682 ct
895 2655 1006 2682 Damia-

221 2711 285 2731 num
304 2703 419 2737 fratres,
441 2708 575 2737 martyres
591 2707 679 2729 morte
699 2701 798 2729 alIecit.
814 2701 921 2728 Mortuo
936 2700 1006 2728 Caro

220 2752 349 2783 Caesare,
372 2758 404 2778 ac
426 2749 581 2777 interfectis
600 2749 663 2776 [iliis
679 2749 777 2784 ipsius,
800 2748 892 2775 Romae
910 2748 937 2776 itt
953 2747 1005 2776 Ro-

221 2804 319 2824 manos
337 2796 451 2831 imperio
466 2796 568 2830 potitus
582 2799 625 2822 est
638 2793 823 2822 Diocletianus
837 2793 939 2821 Caesar.

254 2841 316 2871 iam
329 2843 362 2870 ad
375 2842 520 2878 imperium
535 2840 697 2870 Diocletiani
711 2842 745 2868 ab
758 2839 945 2875 Hierosolyma
958 2847 1005 2875 per

1062 1552 1241 1580 Mercurium.
1263 1554 1342 1580 Anno
1357 1553 1464 1588 itnpcrii
1482 1554 1602 1588 ipsortttu
1623 1553 1732 1580 decimo
1745 1554 1846 1581 consti-

1063 1605 1138 1626 tutus
1152 1604 1194 1627 est
1213 1601 1307 1627 Petrus
1323 1599 1477 1634 patriarcha
1490 1600 1702 1633 Alexandrinus,
1719 1600 1847 1636 seditque

1061 1653 1150 1673 annos
1182 1646 1276 1674 decem
1302 1654 1309 1673 :
1333 1647 1395 1673 dein
1422 1654 1494 1673 anno
1525 1646 1684 1673 earumdem
1717 1647 1850 1674 vicesimo

1063 1694 1233 1722 Alexandriae
1250 1694 1341 1729 gladio
1356 1699 1438 1730 caput
1455 1695 1505 1728 ipsi
1520 1701 1690 1730 amputatum
1704 1701 1756 1723 est.
1770 1697 1850 1724 Anno

1061 1740 1168 1775 imperii
1190 1741 1310 1775 ipsorum
1331 1741 1420 1775 primo
1438 1741 1607 1769 constitutus
1633 1746 1675 1770 est
1694 1742 1848 1778 Eutycltius

1062 1786 1216 1820 patriarcha
1242 1786 1396 1819 Romanus,
1422 1788 1468 1822 qui
1490 1795 1553 1815 cum
1571 1796 1659 1816 annos
1678 1793 1742 1816 octo
1759 1790 1849 1817 sedis-

1061 1836 1103 1858 set
1118 1836 1244 1859 mortuus
1262 1837 1315 1860 est.
1342 1833 1423 1860 Anno
1438 1833 1597 1861 eorumdem
1615 1841 1688 1861 nono
1702 1834 1791 1862 factus
1808 1840 1850 1862 est

1060 1876 1165 1905 Gabius
1182 1877 1289 1914 [Caius]
1314 1880 1471 1913 patriarcha
1491 1879 1611 1912 ibidem,
1634 1880 1679 1914 qui
1704 1880 1848 1907 duodecim

1061 1930 1149 1951 annos
1164 1924 1246 1956 sedit,
1277 1924 1341 1951 dein
1365 1929 1490 1952 mortuus
1508 1929 1561 1952 est.
1587 1927 1667 1951 Anno
1682 1925 1788 1959 itnperii
1802 1934 1850 1953 eo-

1060 1969 1184 1996 rumdem
1208 1969 1315 1997 decimo
1338 1970 1506 1998 constitutus
1527 1973 1569 1997 est
1590 1969 1671 1997 Euris
1693 1971 1850 2005 patriarcha

1060 2016 1261 2049 Antiochcnus,
1277 2017 1323 2050 qui
1341 2016 1468 2043 undecim
1485 2023 1572 2044 annos
1591 2017 1673 2047 sedit,
1692 2017 1755 2044 dein
1773 2025 1849 2044 mor-

1061 2067 1125 2090 tuus
1147 2067 1201 2089 est.
1226 2064 1306 2090 Anno
1322 2062 1480 2089 earumdem
1495 2064 1592 2096 quinto
1617 2063 1785 2091 constitutus
1807 2069 1850 2091 est

1059 2106 1202 2134 Mamunes
1229 2109 1376 2142 cpisropus
1405 2107 1680 2143 liierosolymitanus,
1710 2108 1756 2136 ubi
1788 2117 1848 2136 cum

1061 2153 1190 2180 tredecim
1205 2160 1292 2180 annos
1309 2153 1426 2181 sedisset
1442 2157 1568 2180 mortuus
1582 2159 1634 2181 est.
1645 2153 1724 2181 Anno
1737 2161 1850 2181 eorum-

1023 2189 1046 2217 υ
1060 2198 1121 2225 dem
1138 2199 1244 2226 decimo
1262 2203 1361 2226 octavo
1385 2203 1494 2226 creatus
1519 2204 1561 2226 est
1582 2198 1732 2227 Zebedaaus
1747 2199 1851 2233 episco-

1062 2252 1114 2280 pus
1128 2243 1209 2272 Hiero
1218 2245 1413 2280 solyntitanus,
1426 2245 1470 2278 qui
1485 2245 1577 2272 decem
1589 2253 1675 2272 annos
1691 2245 1771 2277 sedit,
1787 2245 1849 2272 dein

1059 2295 1185 2317 mortuus
1209 2296 1264 2318 est.
1303 2289 1427 2318 Fuerunt
1458 2295 1550 2318 autem
1580 2290 1663 2318 Petro
1687 2292 1850 2326 patriarcha:

1060 2334 1248 2362 Alexandrino
1275 2335 1403 2370 discipuli
1430 2335 1497 2368 duo,
1523 2343 1641 2370 quorum
1673 2337 1720 2363 utti
1748 2344 1849 2363 nomen

1058 2381 1189 2413 Achillas,
1205 2381 1284 2408 alteri
1300 2382 1465 2408 Alexander.
1483 2380 1603 2416 Fuitquc
1618 2381 1792 2408 Alexandria;
1808 2381 1851 2408 in-

1059 2426 1147 2453 ﬁdelis
1162 2427 1274 2461 quidam
1303 2428 1414 2454 nomine
1444 2427 1539 2459 Arius,
1566 2427 1613 2462 qui
1633 2427 1743 2454 Patrem
1758 2427 1849 2455 solum

1058 2471 1143 2499 Deum
1158 2480 1219 2501 esse
1235 2473 1366 2505 asseruit,
1399 2472 1497 2500 Filiqu
1518 2480 1608 2500 autent
1625 2477 1759 2504 creatum.
1777 2480 1848 2500 con-

1057 2519 1167 2552 ditum;
1199 2526 1231 2546 ac
1262 2519 1351 2546 fuisse
1363 2518 1471 2546 Patrem
1500 2526 1561 2546 cum
1584 2526 1638 2546 non
1663 2524 1734 2546 esset
1752 2518 1852 2546 Filius.

1059 2563 1135 2591 Dixit.
1151 2572 1218 2599 ergo
1235 2564 1333 2592 Petrus
1348 2565 1490 2599 discipulis
1517 2565 1576 2592 suis
1592 2574 1598 2591 :
1617 2564 1750 2592 Dominus
1769 2564 1851 2592 Citri-

1056 2616 1117 2638 stus
1133 2611 1198 2638 Ario
1213 2611 1258 2638 isti
1271 2610 1421 2643 maledixit,
1435 2615 1530 2638 cavete
1545 2610 1630 2644 igitur
1641 2618 1674 2638 ne
1689 2610 1790 2645 ipsum,
1802 2610 1850 2638 aui

1058 2658 1147 2693 ipsius
1166 2657 1269 2685 dictum
1284 2656 1461 2692 hos-m7
1479 2656 1630 2691 recipiatis.
1655 2656 1756 2684 Videtis
1774 2657 1851 2684 enim

1056 2705 1084 2732 in
1101 2711 1199 2732 somno
1211 2704 1353 2731 Christum
1370 2703 1494 2730 vestibus
1508 2702 1615 2735 scissis,
1630 2710 1693 2730 cum
1710 2710 1851 2738 rogassem

1057 2750 1145 2785 ipsum
1159 2758 1165 2776 :
1179 2750 1305 2782 Domine,
1318 2748 1380 2784 quis
1392 2751 1483 2775 vestes
1498 2751 1562 2776 tuas
1575 2747 1722 2776 laceravit?
1736 2755 1851 2782 respou-

1057 2797 1098 2823 dit
1116 2796 1193 2828 mihi,
1216 2795 1309 2823 Arius.
1337 2793 1439 2821 Cavete
1467 2801 1532 2829 ergo
1556 2801 1590 2822 ne
1606 2793 1695 2829 ipsum
1713 2794 1740 2821 in
1757 2793 1851 2821 Eccle-

1058 2841 1126 2870 siam
1140 2841 1284 2869 vobiscum
1300 2839 1463 2867 admittatis.
