2015 3081
185 132 238 165 9Ῠ9

695 125 879 159 EUTYClllI
901 120 1169 154 ALEXANDRINI
1190 119 1297 150 PATR.

1741 110 1811 141 1030

221 189 323 223 Quinto
336 192 426 216 autem
440 191 502 222 post
515 185 625 213 Petrum
642 182 824 218 patriarcham
856 178 971 207 interfe-
987 184 1008 211 Α
1023 177 1082 212 ipse
1097 176 1172 204 Roha
1189 175 1306 210 fugiens.
1321 181 1352 200 ac
1366 171 1526 207 szanlium
1539 168 1689 205 profectus.
1706 172 1811 202 patrem

185 243 261 263 cium
279 241 362 266 anno,
395 233 559 260 constitutus
589 233 630 256 est
659 227 791 259 Achillas,
821 224 972 260 discipulus

187 280 285 315 ipsius,
312 277 468 313 patriarcha
486 273 708 305 Alexandrinus;
741 271 785 298 ubi
811 278 858 297 sex
886 275 973 296 annos

187 324 269 356 sedit,
286 323 346 351 dein
374 325 498 349 mortuus
522 323 574 347 est.
589 319 671 346 Arius
703 321 795 344 autem
822 315 974 342 amicorum

188 376 301 396 suorum
316 375 366 401 ope
377 371 472 393 contra
485 364 623 392 Achillam
638 363 782 398 implorata
795 360 846 395 ipsi
861 358 974 386 simula-

189 418 228 442 vit
243 413 356 441 rediisse
372 420 402 439 se
416 412 451 438 ab
465 411 518 438 ista
539 410 676 437 sententia
692 408 786 443 impia,
812 407 921 440 istaque
935 404 977 431 in-

190 460 342 491 fidelitate;
366 465 450 492 quare
480 457 613 491 ipsumet
639 456 666 482 in
684 453 837 482 Ecclesiain
863 450 974 478 admisit

190 505 311 532 Achillas
334 507 361 530 et
388 502 580 537 presbyterum
606 500 760 528 constituit.
791 496 977 524 Diocletianus

190 559 256 578 vero
284 556 330 577 rex
345 548 519 576 Christianos
550 547 671 582 undique
692 544 866 579 conquisitos
892 546 979 569 morte

191 596 282 624 all'ecit
303 603 311 622 :
338 601 410 629 quos
424 594 489 620 dum
507 600 632 628 quaerere
645 596 782 627 pergeret,
808 597 871 617 eum
888 588 921 615 ad
939 587 980 614 lo-

192 650 254 669 cum
273 640 428 667 Dalmitiam
445 639 548 665 dictum
567 638 744 672 pervenisset,
762 635 833 662 Deus
850 635 877 660 in
891 633 980 667 ipsum

193 687 341 715 vindictam
357 694 433 714 suam
447 684 558 716 effudit,
583 684 653 710 adeo
669 687 697 710 ut
711 682 801 710 soluto
817 686 932 714 corpore
952 677 979 704 in

195 733 320 761 morbum
336 739 446 768 gravent
466 731 611 763 incideret,
631 730 778 764 plagasque
797 733 895 761 graves
912 731 980 751 eon-

194 781 326 812 traheret,
342 779 410 805 adeo
429 782 458 804 ut
475 784 580 804 vermes
595 776 763 810 produceret
778 779 878 806 corpus
895 770 981 805 ipsius

194 825 271 860 quia
289 831 371 851 carne
386 823 470 856 ipsius
487 823 514 849 in
534 813 635 848 terram
649 819 816 850 deciderent,
835 817 980 851 linguaque

194 877 228 896 ex
253 876 301 896 ore
319 868 461 900 deflueret,
484 867 578 900 itaque
594 869 718 892 mortuus
739 864 785 890 sit.
803 861 983 900 Maxinianns

195 922 271 946 vero,
291 914 339 948 qui
350 913 478 940 Alcurius
490 912 644 947 appellatus
657 917 708 941 est,
731 909 757 936 in
775 909 901 935 morbum
916 906 984 933 inci-

195 960 245 992 dli,
264 968 318 994 quo
334 959 460 986 adustum
476 963 518 985 est
534 964 636 991 corpus
651 955 748 990 ipsius,
762 955 829 981 adeo
843 957 872 979 ut
888 952 985 979 carbo-

197 1007 240 1033 nis
252 1006 338 1032 instar
353 1008 445 1037 esset;
477 1003 611 1038 Tarsique
629 1007 752 1029 mortuus
765 1004 818 1033 est,
835 1000 986 1033 imperante

197 1057 259 1088 poti
278 1053 352 1086 ipsos
364 1050 513 1081 Maxentio,
529 1048 688 1076 Maximiani
703 1047 769 1079 lilio,
781 1052 888 1079 unaque
899 1044 985 1070 Maxi-

197 1097 290 1123 miano
307 1096 410 1126 altero,
433 1094 479 1128 qui
494 1096 522 1119 et
537 1091 700 1119 Calerianus
714 1089 812 1121 audiit,
836 1094 922 1115 annos
938 1094 987 1114 no-

199 1150 259 1170 vem
276 1151 283 1169 :
300 1141 383 1176 idque
405 1147 476 1166 anno
491 1137 575 1174 5,08
592 1137 667 1171 regni
698 1134 812 1170 Saporis
838 1133 886 1160 filii
915 1132 986 1159 1101·-

198 1186 270 1215 inozi
284 1185 375 1213 Persa
393 1183 531 1211 tricesimo
553 1180 686 1209 secundo.
711 1179 869 1206 Diviseruut
885 1177 912 1204 hi
937 1177 988 1204 iiii-

200 1233 306 1268 pcrium
319 1231 387 1258 adeo
404 1228 632 1260 utMaximianus,
642 1226 688 1261 qui
700 1225 826 1252 Galerius
837 1223 987 1258 appellatus

201 1277 293 1310 cst,iu
307 1276 446 1304 Orientem
462 1278 488 1300 et
498 1273 618 1308 Syriam,
632 1276 787 1304 terramque
802 1268 987 1295 [tertianorum

203 1327 344 1359 regnaret;
359 1320 512 1348 Maxentius
525 1325 588 1346 vero
604 1318 698 1345 Roma:
712 1321 741 1344 et
762 1316 789 1342 in
805 1314 892 1350 ipsius
908 1312 988 1340 terri-

202 1370 284 1396 toria.
300 1368 424 1395 Fuerunt
438 1370 527 1392 autem
543 1365 569 1391 in
582 1362 755 1392 Christianos
773 1361 861 1387 insrar
879 1359 988 1386 leonum

202 1414 385 1445 saevientium,
411 1416 438 1440 et
454 1411 588 1438 malorum
626 1409 841 1440 exsiliorumqne
861 1404 914 1431 illis
938 1411 988 1430 au-

203 1450 293 1489 olores
306 1466 366 1494 qua":
381 1457 538 1485 describere
555 1461 636 1482 nemo
646 1456 745 1488 potest,
757 1450 903 1486 qualiaque
916 1447 989 1475 haud

202 1506 304 1532 fecerat
320 1503 383 1538 quis
396 1510 428 1530 ex
445 1502 478 1529 iis
493 1500 540 1535 qui
566 1503 770 1527 antecesserant
787 1496 909 1530 regibus.
935 1494 989 1521 liii-

201 1550 308 1585 peravit
324 1555 378 1575 una
399 1554 462 1574 cum
486 1545 553 1580 ipsis
574 1545 717 1579 Byzantio,
738 1542 916 1577 partibusque
937 1539 988 1573 ipsi

201 1595 390 1630 adjacenttbus
407 1591 557 1624 Constans,
581 1589 755 1618 Constantini
780 1593 869 1624 pater,
893 1587 936 1614 vir
950 1593 992 1613 se-

201 1642 294 1673 datus,
305 1638 462 1674 religiosus,
472 1637 605 1664 idolorum
614 1643 688 1667 osor,
699 1633 865 1661 Christianis
872 1632 988 1658 amicus.

207 1685 258 1712 llic
278 1685 306 1711 in
328 1687 421 1717 partes
436 1679 639 1715 Mesopotamia
662 1687 694 1705 ac
717 1677 814 1709 Rohie,
840 1678 991 1712 profectus,

202 1731 266 1756 dum
283 1729 310 1755 in
327 1727 428 1763 oppido
442 1726 559 1761 quodam
572 1725 656 1751 ltolne
669 1724 776 1758 Capliar
791 1724 897 1750 Piiacar
919 1722 991 1758 [vico

202 1773 291 1810 figuli]
312 1775 386 1801 dicto
422 1771 604 1802 Subsisteret,
630 1770 697 1796 vidit
715 1770 752 1796 ibi
773 1769 914 1796 mulierem
929 1768 992 1803 pul-

203 1821 310 1851 chram,
337 1819 499 1849 formosam,
518 1816 628 1843 nomine
650 1814 793 1848 Helenam,
809 1822 869 1849 qua:
889 1822 904 1840 a
923 1814 991 1840 Bar-

203 1867 262 1894 sica
277 1866 408 1899 episcopo
430 1862 552 1889 Roltensi
570 1861 603 1888 ad
627 1861 707 1888 ﬁdem
723 1860 910 1888 Christianam
927 1867 992 1887 con-

204 1918 283 1939 versa
302 1911 401 1942 fuerat,
428 1916 477 1936 nec
492 1916 545 1935 non
561 1907 651 1943 legere
665 1907 799 1934 didicerat
815 1914 914 1941 :quam
927 1913 991 1934 cum

204 1965 219 1984 a
236 1962 314 1992 patre
330 1955 443 1990 petitaru
457 1954 486 1982 in
504 1961 615 1981 uxorem
628 1953 681 1981 sibi
695 1953 831 1985 duxisset,
843 1960 875 1979 ea
885 1952 919 1979 ab
933 1953 992 1987 ipso

204 2002 315 2038 gravida
330 2003 401 2028 facta
413 2006 455 2028 est
468 2009 475 2034 ;
488 2007 600 2028 reverso
611 1999 709 2026 deinde
720 1998 872 2026 Constante
889 1997 993 2032 Byzan-

204 2051 285 2082 tium,
301 2048 407 2084 peperit
420 2046 523 2074 Helena
538 2046 622 2073 lilium
633 2045 790 2080 pulchrum,
805 2048 990 2077 mansuetum,

205 2097 345 2124 intellectu
373 2095 531 2130 praeditum,
565 2092 630 2119 mali
658 2091 820 2126 fugientem,
850 2090 993 2124 sapientiae

204 2147 353 2174 amantem,
371 2141 498 2168 videlicet
523 2138 745 2169 Constantinum,
759 2137 805 2171 qui
824 2135 907 2163 liolia:
923 2135 989 2163 edu-

204 2195 283 2216 catus
296 2187 453 2214 Graaeorum
473 2185 638 2220 sapientiam
653 2182 794 2210 addidicit.
808 2181 990 2209 Maximianus
1007 2179 1028 2206 D

204 2239 308 2266 autem,
323 2233 369 2269 qui
386 2232 513 2260 Galerius
528 2229 619 2259 dicfus
632 2233 693 2262 est,
712 2229 754 2255 vir
770 2228 821 2255 fuit
836 2235 926 2263 asper,
942 2235 991 2254 au-

207 2281 271 2311 dax,
297 2277 464 2306 Christianis
489 2276 568 2303 valde
595 2275 731 2308 infensus,
755 2274 856 2308 quique
891 2273 992 2301 multos

206 2323 381 2360 409411
398 2324 520 2358 ipsorum
536 2321 599 2349 neci
617 2321 713 2353 daret;
729 2320 903 2351 mulierosus,
925 2318 993 2345 adeo

207 2377 237 2398 ut
252 2377 306 2398 nou
319 2371 488 2404 relinqueret
502 2366 667 2394 Christianis
694 2365 777 2393 ﬁliam
805 2365 923 2400 aliquam
940 2365 994 2391 vir-

204 2418 294 2453 ginem
308 2423 390 2451 quam
407 2422 463 2442 non
484 2414 649 2452 prehensam
669 2419 701 2439 ac
717 2412 840 2438 vitiatam
856 2409 997 2438 interfice4

205 2468 264 2496 ret;
289 2462 441 2495 eodemque
469 2460 549 2487 modo
575 2461 731 2485 tractarunt
757 2457 873 2485 comites
905 2455 994 2491 ipsius

205 2508 327 2544 virgines
343 2506 564 2539 Christianorum
577 2512 585 2537 ;
601 2504 730 2538 ipsosque
745 2502 845 2537 opibus
862 2501 995 2536 spoliatos

206 2553 392 2586 trucidarunt,
409 2551 478 2578 adeo
496 2555 525 2577 ut
541 2550 614 2576 male
627 2548 775 2576 admodum
789 2546 825 2574 ab
841 2547 909 2581 ipsis
923 2549 996 2573 esset

206 2599 382 2627 Christianis.
396 2598 437 2625 Ad
452 2596 578 2625 eumdem
592 2598 755 2630 pervenerat
772 2594 843 2620 fama
859 2593 997 2620 Constan-

207 2647 268 2679 tini,
280 2644 394 2678 scilicet,
404 2652 465 2672 esse
475 2650 537 2671 eum
553 2649 666 2677 puerum
681 2644 866 2672 mansuetum,
877 2639 940 2666 mali
953 2639 996 2666 fu-

207 2693 337 2727 gientem,
368 2691 516 2725 multaeque
551 2687 691 2719 scientiae,
732 2693 869 2721 quemque
896 2692 995 2720 magno

211 2740 361 2767 fruiturum
389 2738 505 2772 imperio
530 2734 762 2761 annuntiaverant
782 2733 830 2767 qui
850 2739 912 2759 cum
939 2732 997 2766 ipso

209 2789 287 2811 erant
312 2783 462 2817 astrologi;
484 2787 570 2816 quare
593 2783 681 2806 morte
709 2778 786 2805 illum
806 2778 916 2805 afficere
940 2782 998 2805 stu-

209 2829 271 2856 duit
287 2838 294 2856 :
313 2830 385 2863 quod
402 2834 463 2854 cum
481 2825 665 2854 Constantino
689 2828 783 2852 uotum
799 2824 898 2852 factum
914 2828 996 2857 esset,

1024 231 1102 251 suum
1118 222 1197 253 adiit,
1213 221 1260 256 qui
1275 227 1388 255 regnum
1404 216 1594 253 ipsiJradidit.

1061 269 1210 303 Aliquanto
1231 270 1294 302 post
1315 270 1438 292 mortuus
1453 267 1496 290 est
1512 262 1661 293 Constans,
1674 259 1813 287 Constan—

1024 316 1074 343 tini
1089 319 1178 350 pater.
1204 313 1276 340 Deus
1291 314 1381 338 autem
1401 310 1428 336 in
1445 308 1643 335 Maximiannut
1668 306 1817 345 imperato-

1026 369 1082 389 rem
1109 359 1219 387 morbos
1241 364 1338 391 graves
1362 354 1488 386 immisit,
1503 353 1573 380 adeo
1596 356 1625 379 ut
1645 358 1709 378 caro
1728 350 1817 384 ipsius

1026 407 1169 437 deflueret,
1197 409 1223 431 et
1250 404 1277 430 in
1309 407 1409 429 terram
1442 399 1580 435 proiectus
1606 401 1740 427 maneret,
1764 403 1818 422 nec

1027 452 1089 487 quis
1105 451 1138 478 ad
1162 451 1250 484 ipsum
1269 447 1411 475 accederet
1433 445 1473 472 rel
1497 443 1627 471 accedere
1641 446 1742 477 posset.
1767 439 1818 467 Mi-

1027 498 1080 526 rati
1088 502 1152 525 sunt
1166 504 1229 531 ergo
1244 495 1311 523 socii
1325 494 1411 529 ipsius
1422 492 1487 519 illud
1503 492 1575 526 quod
1590 490 1641 525 ipsi
1653 489 1818 523 contigerat,

1028 545 1094 580 quin
1116 548 1144 571 et
1164 543 1216 577 ipsi
1233 541 1335 569 inimici
1361 539 1467 567 miserti
1494 542 1559 565 sunt
1574 537 1633 571 ejus
1650 535 1685 562 ob
1705 542 1737 561 ea
1755 542 1818 567 quae

1030 598 1128 626 passus
1147 593 1200 616 est.
1226 588 1288 622 Ipse
1308 594 1373 613 vero
1391 586 1423 612 ad
1441 593 1470 612 se
1486 591 1625 615 reversus,
1651 581 1705 608 Hoc
1724 581 1818 607 forsan

1029 637 1102 671 quod
1117 636 1206 670 patior
1225 633 1336 669 (inquit)
1349 632 1412 659 inde
1431 630 1496 657 mihi
1511 629 1621 660 accidit,
1643 627 1715 663 quod
1736 626 1819 654 Chri-

1031 685 1138 712 stianos
1152 680 1348 709 interfecerim.
1369 678 1486 705 Litteras
1502 684 1568 712 ergo
1584 675 1611 702 in
1631 682 1727 702 omnes
1755 681 1820 708 pro-

1031 730 1136 756 \‘incias
1157 735 1224 755 suas
1247 726 1334 756 dedit,
1359 730 1387 751 ut
1408 723 1593 754 Christianos,
1617 721 1773 756 quicunque
1788 719 1818 746 in

1031 773 1189 803 carceribus
1204 775 1311 803 essent,
1327 770 1509 800 dimitterent,
1533 775 1635 801 eosque
1656 767 1759 793 honore
1777 764 1820 792 af-

1034 821 1155 851 liccrent,
1178 826 1229 846 nec
1249 818 1335 845 ullum
1361 816 1394 844 iis
1415 816 1546 843 damnum
1561 813 1643 849 412
1665 812 1821 843 inferrent;

1035 871 1162 902 rogarent
1188 869 1278 892 autem
1295 868 1324 891 ut
1340 863 1411 890 inter
1440 862 1606 897 precandum
1628 867 1677 895 pro
1706 860 1819 893 impera-

1035 918 1094 941 tore
1107 918 1169 940 vota
1187 911 1345 938 funderent.
1358 908 1509 936 Orantibus
1524 915 1588 942 ergo
1598 913 1648 941 pro
1659 906 1824 940 imperatore

1034 958 1200 987 Christianis
1220 964 1252 984 ac
1268 963 1362 991 preces
1382 953 1575 985 fundentibus,
1602 951 1825 987 Deusipsisani-

1036 1009 1119 1032 tatem
1137 1002 1269 1033 restituit,
1290 1002 1359 1028 adeo
1377 1005 1406 1027 ut
1424 999 1528 1026 viribus
1551 1001 1578 1024 ct
1591 997 1710 1024 sanitate
1724 996 1825 1022 melius

1036 1058 1116 1086 quam
1132 1053 1212 1076 antea
1230 1046 1370 1081 gauderet.
1399 1046 1448 1073 llle
1466 1052 1532 1072 vero
1553 1044 1599 1071 ubi
1615 1042 1728 1070 sanitati
1742 1042 1825 1070 resti—

1037 1101 1111 1123 tutus
1126 1094 1325 1125 convaluisset,
1343 1093 1376 1118 ad
1394 1091 1525 1125 majorem
1543 1090 1692 1124 impietatis
1708 1089 1825 1123 gradum

1037 1150 1118 1177 quam
1149 1144 1230 1168 antea
1254 1139 1416 1174 prolapsus,
1442 1137 1469 1164 in
1498 1144 1595 1164 omnes
1617 1136 1735 1163 ditiones
1759 1142 1827 1162 suae

1038 1187 1171 1219 scribens,
1184 1186 1360 1213 Christianos
1375 1183 1463 1211 occidi
1475 1184 1573 1218 jussit,
1589 1186 1616 1209 et
1632 1190 1666 1209 ne
1677 1181 1828 1216 professio-

1038 1233 1080 1260 nis
1095 1232 1156 1267 cjus
1175 1231 1315 1267 quispiam
1339 1230 1366 1257 in
1382 1230 1497 1264 imperio
1514 1229 1601 1262 ipsius
1613 1228 1826 1262 relinqueretur,

1040 1286 1107 1306 neve
1121 1279 1216 1305 urbem
1236 1282 1283 1304 aut
1300 1276 1430 1311 oppidum
1447 1275 1567 1303 incolere
1583 1274 1748 1305 sinerentur,
1777 1272 1828 1300 sed

1040 1324 1150 1360 penitus
1175 1323 1408 1358 exstirparentur.
1447 1321 1589 1348 [interfecti
1620 1323 1684 1347 sunt
1713 1325 1780 1353 ergo
1813 1326 1830 1345 e

1039 1369 1217 1400 Christianis,
1235 1376 1289 1403 qua
1305 1367 1369 1398 viri.
1391 1374 1445 1402 qua
1460 1365 1577 1397 feminae,
1595 1372 1648 1400 qua
1662 1364 1750 1398 pueri,
1769 1363 1831 1398 plu-

1041 1423 1084 1442 res
1100 1422 1181 1449 quam
1196 1414 1244 1449 qui
1259 1412 1398 1440 numerari
1417 1411 1534 1446 possint,
1558 1411 1627 1437 adeo
1646 1414 1676 1437 ut
1690 1416 1744 1443 prae
1757 1408 1831 1435 occi-

1041 1468 1133 1489 sorum
1149 1459 1327 1487 multitudine
1344 1457 1474 1492 plaustris
1490 1456 1572 1483 delati
1588 1455 1615 1482 in
1633 1462 1724 1487 mare,
1751 1458 1778 1481 et
1803 1454 1829 1480 in

1002 1514 1024 1542 (ι
1042 1507 1148 1534 deserta
1162 1504 1373 1540 projicerentur.
1399 1502 1488 1528 Morte
1505 1504 1562 1527 tum
1583 1500 1672 1527 affecti
1689 1504 1752 1527 sunt
1764 1498 1830 1526 Ser-

1040 1553 1102 1587 gius
1116 1556 1143 1579 et
1159 1551 1283 1578 Bacchus
1298 1551 1324 1576 in
1342 1549 1409 1576 urbe
1426 1547 1620 1582 Cappadociae,
1642 1546 1721 1581 cujus
1734 1544 1831 1573 incolae

1041 1601 1130 1626 erant.
1158 1597 1305 1624 interfecta
1325 1601 1367 1623 est
1381 1599 1408 1622 et
1426 1599 1522 1621 sancta
1540 1593 1668 1620 Barbara.
1692 1593 1772 1619 Anno
1786 1598 1831 1618 se-

1041 1643 1130 1671 cundo
1158 1642 1266 1678 imperii
1283 1641 1442 1668 Maximiani
1464 1639 1555 1668 factus
1580 1643 1623 1667 est
1640 1638 1764 1666 Vitellius
1781 1645 1831 1671 pa-

1041 1689 1161 1717 triarclia
1175 1688 1375 1720 Antioehcnus,
1395 1687 1441 1715 ubi
1459 1695 1521 1715 cum
1542 1694 1589 1714 sex
1608 1692 1695 1712 annos
1711 1684 1830 1712 sedisset

1042 1738 1168 1761 mortuus
1183 1737 1237 1761 est.
1266 1733 1347 1760 Anno
1363 1732 1471 1767 imperii
1490 1732 1549 1767 ejus
1566 1732 1647 1758 tertio
1660 1734 1770 1757 creatus
1787 1733 1830 1755 est

1041 1779 1185 1806 Marcellus
1208 1778 1365 1814 patriarcha
1390 1777 1541 1810 Romanus,
1569 1776 1617 1811 qui
1645 1782 1732 1802 annos
1756 1774 1828 1801 duos

1043 1825 1129 1856 sedit,
1153 1823 1217 1852 dein
1237 1828 1363 1851 mortuus
1382 1828 1435 1850 est.
1460 1822 1545 1849 Porro
1570 1819 1829 1856 Saporesllornmai

1044 1869 1115 1897 [llius
1129 1869 1275 1897 Persarum
1289 1877 1336 1897 rex
1347 1888 1354 1901 ,
1379 1876 1441 1896 curn
1468 1868 1525 1903 jam
1545 1867 1676 1903 grandior
1692 1865 1782 1893 factus
1795 1865 1829 1892 ad

1040 1919 1151 1942 atatem
1172 1914 1323 1950 juvenilem
1343 1914 1525 1950 pervenisset,
1542 1918 1668 1948 recteque
1693 1912 1829 1938 constitua

1048 1966 1104 1987 tum
1124 1965 1200 1988 esset
1215 1968 1328 1995 regnum
1349 1960 1443 1995 ipsius,
1461 1959 1555 1987 audita
1571 1958 1727 1986 Maximiani
1744 1957 1830 1992 impe-

1042 2006 1143 2034 ratoris
1171 2005 1350 2042 ήιθσῇιδ
1382 2006 1570 2033 Itomanorum
1599 2005 1683 2036 fama,
1714 2008 1740 2032 et
1765 2003 1830 2038 quid

1042 2051 1208 2079 Christianis
1222 2051 1344 2079 faceret:
1373 2051 1521 2078 comitibus
1536 2050 1595 2078 suis
1606 2069 1614 2083 ,
1637 2048 1705 2076 Volo
1721 2048 1830 2085 (inquit)

1042 2105 1093 2133 ego
1110 2097 1295 2124 Romanorum
1313 2097 1450 2132 regionem
1464 2097 1538 2124 solus
1551 2096 1667 2131 ingredi,
1690 2099 1720 2122 ut
1737 2102 1830 2130 regum

1048 2144 1170 2177 ipsorum
1197 2147 1280 2178 atque
1304 2143 1474 2182 exercituum
1502 2146 1614 2174 statum,
1636 2146 1663 2168 et
1688 2140 1830 2175 regionum

1043 2189 1125 2214 situm
1150 2191 1323 2222 perspectum
1353 2188 1480 2219 habeam,
1507 2187 1583 2219 dein,
1600 2186 1646 2214 ubi
1663 2187 1733 2221 quod
1757 2184 1831 2212 volui

1042 2232 1196 2268 perfecero.
1221 2232 1249 2259 in
1276 2240 1390 2267 regnum
1413 2239 1503 2259 meum
1530 2239 1690 2260 reverSurus
1715 2239 1788 2263 sum,
1803 2234 1832 2257 ut

1042 2283 1117 2314 post,
1141 2278 1312 2315 experientia
1340 2277 1467 2310 edoctus,
1482 2285 1531 2305 eos
1560 2277 1711 2312 aggrediar.
1728 2276 1833 2303 Cavere

1042 2332 1109 2359 ergo
1132 2325 1223 2360 ipsum
1248 2324 1392 2359 jusserunt
1418 2323 1532 2351 comites
1557 2323 1656 2358 ipsius,
1677 2321 1743 2357 quid
1769 2321 1833 2348 inde

1043 2370 1096 2405 ipsi
1111 2375 1274 2398 eventurum
1293 2369 1421 2397 timerent
1434 2368 1601 2397 indicantes.
1629 2368 1677 2396 Ille
1691 2376 1757 2396 vero
1769 2375 1834 2395 con-

1044 2414 1202 2442 sulentibus
1216 2414 1283 2449 ipsis
1297 2414 1453 2442 auscultare
1469 2414 1566 2447 noluit,
1595 2414 1643 2442 sed
1664 2414 1835 2441 dissimulato

1045 2459 1142 2487 habitu
1168 2460 1306 2494 profectus
1332 2464 1375 2487 est
1390 2459 1477 2487 donec
1493 2460 1520 2486 in
1543 2460 1727 2487 Romanorum
1747 2459 1836 2492 regio-

1045 2512 1110 2532 nem
1126 2506 1309 2540 pervenisset,
1325 2505 1369 2532 ubi
1385 2505 1419 2533 ad
1435 2510 1543 2541 tempus
1559 2505 1673 2537 mansit,
1699 2504 1755 2531 huc
1772 2504 1835 2530 illuc

1045 2558 1219 2578 circumiens.

1082 2595 1208 2631 Dumque
1224 2597 1262 2623 ita
1279 2603 1309 2623 se
1326 2595 1450 2628 haberet,
1469 2602 1535 2623 ecce
1559 2594 1663 2622 audivit
1676 2591 1835 2621 Maximiani

1047 2641 1133 2668 filium
1160 2641 1318 2668 conviviqu
1351 2641 1508 2674 instruere;
1534 2647 1566 2667 ac
1588 2640 1707 2675 iussisse
1732 2643 1835 2674 patrem

1048 2687 1136 2722 ipsius
1154 2691 1182 2714 ut
1196 2686 1358 2714 accedentes
1374 2686 1516 2714 hominum
1540 2686 1623 2712 etiam
1640 2685 1728 2712 infimi
1747 2683 1837 2712 convi-

1049 2733 1094 2760 vio
1108 2733 1180 2768 ejus,
1195 2737 1342 2768 postquam
1359 2732 1522 2760 comedendi
1540 2731 1621 2759 finem
1641 2731 1773 2759 fecissent
1788 2736 1836 2756 no-

1050 2779 1129 2812 biles,
1147 2779 1290 2807 adessent.
1308 2779 1452 2806 Profectns
1469 2783 1511 2806 est
1523 2786 1590 2814 ergo
1607 2779 1726 2812 Sapores
1743 2776 1836 2804 habitu

1050 2825 1168 2854 mendici
1195 2826 1316 2860 indutus,
1346 2831 1374 2854 ut
1402 2825 1483 2853 (mini
1511 2825 1574 2853 huic
1598 2825 1742 2853 interesset
1771 2823 1836 2848 Dum
