2015 3081
178 158 242 190 tam

894 156 1076 187 ANNALES.

1731 151 1800 182 1002

174 221 265 242 autent
290 215 347 249 ipse
365 219 465 241 mensa:
481 213 669 245 accumberet,
695 220 758 240 cccc
776 212 960 240 Maximianus
977 217 995 242 Α
1011 212 1107 239 audito
1124 212 1243 247 tinguant
1271 212 1394 246 ipsorum
1408 209 1544 238 intellexit
1559 209 1689 245 Sapores.
1718 210 1803 246 ‘30

175 264 325 296 imperator
351 268 399 287 vas
420 260 556 294 quoddam
583 266 598 286 e
621 259 695 286 vasis
708 259 832 292 Saporis,
856 258 900 284 cui
924 258 964 284 itt-

175 308 283 342 st-ulpta
298 310 357 334 crat
373 307 460 341 ipsius
476 306 565 340 imago
576 325 583 337 ,
611 305 741 339 protulit,
757 306 783 330 iit
799 310 854 338 quo
871 303 966 330 Dibclk

157 355 240 380 »ιίιιιη
267 352 426 386 imperatori
451 351 627 386 pra-buerunt
651 352 724 378 serti
750 351 819 384 ejus.
840 357 889 376 nec
912 356 965 375 tton

178 399 210 424 iis
225 399 271 431 qtti
289 398 363 424 circa
381 397 470 430 ipsum
494 401 585 423 essent
609 395 778 429 proceribus,
794 394 882 421 donec
907 401 967 427 per-

177 445 230 469 lato
246 443 355 470 laudent
375 442 472 476 pocttlo
487 441 520 468 ad
536 441 680 475 quemdam
698 448 713 467 e
735 439 905 475 sapientibus
926 439 966 472 ip-

180 496 272 514 sol-unt
288 487 332 521 qui
348 491 375 513 ct
389 486 541 520 astrologia:
554 489 580 511 et
596 483 845 519 pltysiognomonim
861 481 967 508 deditus

179 535 240 563 fuit.
267 532 312 558 illo
338 531 458 565 inspecta
485 530 611 564 imagine.
640 537 702 556 cum
731 535 758 555 et
781 531 860 554 antea
885 525 968 561 516

178 578 290 611 Saporis
307 577 332 602 in
349 582 480 602 consessu
493 574 613 600 sedentis
633 574 738 599 vultum
754 571 943 606 conspexisset
957 578 965 596 :

180 621 263 648 Video
290 619 402 654 (inquit)
428 619 500 645 inter
525 617 733 644 discumbentes
748 617 894 651 quemdam
919 615 966 650 qui

179 668 322 701 imaginem
335 670 361 692 et
378 665 492 698 figurant
509 664 590 690 istam
607 664 706 697 poculo
720 662 784 689 huic
800 661 966 695 ittsculptaut

181 714 283 743 r.-l'et-t;
305 710 377 743 quod
397 711 420 736 si
439 710 496 743 ipse
513 708 632 744 Sapores
658 715 711 734 non
736 707 784 739 sit,
815 714 869 733 non
884 709 926 733 est
941 705 967 732 itt

180 766 252 785 terra
271 757 408 792 quispiam
429 756 480 790 ipsi
506 755 633 783 similior.
662 753 784 788 Itogante
801 760 868 787 ergo
885 751 968 778 Maxi-

179 804 269 831 miano
283 805 448 836 imperatore
473 801 602 834 quisnam
620 799 666 826 illc
678 804 768 830 esset;
793 799 855 824 ille:
884 797 969 823 Video

181 849 292 884 (inquit)
321 847 347 873 iit
367 847 418 873 hoc
436 846 536 879 poculo
556 844 669 879 Saporis
695 844 856 877 imaginem,
884 846 968 876 atque

1019 258 1103 285 Erant
1115 263 1205 285 autent
1223 258 1290 291 ipsis
1305 262 1380 285 utres
1396 257 1456 285 oleo
1478 257 1564 292 pleni.
1591 256 1694 284 llorutn
1719 257 1802 292 igitur

1017 305 1125 331 cuidam
1142 309 1222 331 noctu
1235 303 1268 330 ad
1282 311 1312 330 se
1327 307 1423 330 vocato
1437 303 1505 330 dixit
1518 310 1525 328 :
1542 303 1580 329 Ex
1593 302 1637 329 his
1651 306 1739 329 utrem
1755 302 1791 329 ali

1018 358 1099 384 quem
1125 355 1266 384 acceptum
1291 350 1318 376 in
1348 357 1391 376 me
1419 348 1555 380 cll‘undas.
1574 349 1645 382 quod
1670 357 1732 376 cum
1756 348 1803 375 illo

1019 397 1122 424 fecerat
1134 395 1316 423 madefactum
1333 399 1375 423 est
1391 395 1480 422 lorum
1496 402 1551 429 quo
1566 394 1734 422 constrictus
1749 399 1801 423 est.

1020 442 1153 476 Egressus
1165 448 1242 475 ergo.
1273 442 1360 467 ittstar
1382 440 1477 467 bestiae
1495 439 1609 467 incessit
1620 439 1709 467 donec
1727 440 1803 466 urbis

1020 492 1102 521 porta:
1116 488 1228 522 pr0pior
1239 486 1517 514 factuscxclamaret.
1536 484 1804 519 lnclamantibusque

1018 532 1105 565 ipsum
1124 532 1286 560 custodibus
1303 540 1401 559 nomen
1415 539 1495 560 suum
1510 531 1641 558 indicavit
1652 549 1660 562 .
1675 530 1723 564 qui
1737 537 1803 557 voce

1017 577 1077 611 ejus
1091 578 1194 611 agnita.
1222 582 1328 612 portam
1344 577 1419 604 urbis
1434 577 1487 611 ipsi
1504 579 1680 610 aperuerunt.
1706 575 1804 608 Quant-

1018 624 1136 657 pritnunt
1162 629 1252 650 autent
1283 624 1377 651 urbem
1401 624 1542 658 ingressus
1561 627 1616 656 est,
1640 629 1739 656 magno
1766 622 1804 647 illi

1017 668 1118 703 gaudio
1132 669 1235 702 perfusi
1252 676 1347 696 vocem
1373 670 1547 696 sustulerunt
1560 668 1645 696 Deum
1662 667 1805 694 laudantes

1019 721 1051 740 ac
1065 715 1246 742 celebrantes.
1283 714 1443 750 Experrecti
1467 715 1554 749 igitur
1568 713 1725 741 Maximiani
1737 712 1806 740 sorii

1018 761 1159 794 suppetias
1189 761 1258 795 ipsis
1275 767 1290 787 a
1307 765 1383 795 tergo
1394 761 1540 788 advenisse
1556 761 1608 788 rati
1628 764 1703 786 sunt.
1734 758 1808 786 Dixit

1019 810 1108 833 autem
1125 807 1243 841 Sapores
1258 807 1312 834 illis
1329 808 1374 842 qui
1389 808 1417 835 in
1435 815 1498 835 arce
1514 811 1592 834 erant
1606 815 1614 833 :
1633 806 1732 834 Parate
1747 813 1807 838 vos,

1021 856 1050 878 ut
1060 860 1121 879 cttnt
1138 860 1278 886 campana:
1289 860 1387 880 sonum
1397 852 1538 880 audieritis
1554 853 1581 878 itt
1599 851 1673 886 ipsos
1685 851 1808 878 irritatis.

181 896 225 921 hic
241 894 285 920 me
301 898 345 920 εει
364 900 370 917 ⁵
389 892 579 926 ννειιεηειιίιιιθ
596 889 708 923 δερθτῖε
723 896 806 916 ιηθηυ
830 889 918 923 ῖρειιιιι
930 887 968 934 νθιξ
987 887 1008 916 Β
1022 897 1100 930 Quod
1118 905 1180 925 cuttt
1197 899 1338 931 fecissent,
1353 899 1380 925 in
1391 898 1482 934 fugam
1497 905 1588 926 coram
1604 898 1669 932 ipsis
1683 896 1809 924 conversi

182 946 272 973 regem
290 937 415 968 adduxit,
443 935 491 970 qtti
506 935 596 969 ipsum
613 934 741 969 quisnam
754 936 829 960 esset
843 932 969 966 rogavit?

181 983 225 1009 cui
251 982 371 1016 Sapores
389 989 396 1007 :
413 979 478 1006 Sunt
505 986 555 1013 ego
583 985 687 1013 pauper
709 977 822 1012 quidam
841 985 856 1004 e
875 977 972 1004 Persia:

184 1029 291 1056 incolis.
309 1027 474 1060 Suspicatus
489 1033 554 1052 vero
573 1024 757 1051 Maximianus
773 1024 838 1050 illttd
853 1023 925 1057 qttod
946 1024 971 1049 in

183 1083 243 1109 ινςο
262 1074 508 1103 animadverterat,
531 1072 677 1106 ipsumque
697 1069 769 1096 haud
793 1076 856 1094 vera
881 1068 973 1095 dicere

183 1121 350 1155 percipiens,
367 1118 558 1146 vehementius
573 1117 662 1151 ipsum
684 1114 874 1148 interrogavit.
898 1113 969 1139 Dixit

182 1168 267 1202 Igitur
291 1166 358 1200 ipsis
387 1165 503 1199 Sapores
524 1172 530 1190 :
556 1162 687 1195 Quoniam
709 1160 780 1195 quod
806 1166 899 1187 verum
932 1164 973 1186 est

185 1213 277 1244 tultis,
293 1219 353 1238 sum
367 1217 417 1245 ego
435 1218 449 1236 e
465 1208 565 1236 Persia:
581 1207 707 1238 ducibus,
722 1206 801 1240 cujus
816 1209 894 1240 pater
910 1212 971 1231 cunt

183 1258 211 1286 in
230 1264 320 1292 regem
337 1256 458 1290 graviter
469 1255 641 1289 deliquisset.
659 1252 705 1279 ille
722 1253 810 1286 ipstttn
825 1251 972 1282 interiecit,

183 1305 283 1339 opibus
298 1303 384 1337 ipsius
401 1301 509 1328 ablatis.
538 1299 593 1334 Ego
617 1305 694 1332 ergo,
719 1297 785 1324 ntilti
798 1302 923 1323 metut-ns
937 1297 971 1322 ad

184 1355 234 1374 vos
250 1354 292 1373 me
305 1345 421 1377 contuli,
440 1351 555 1378 sperans
570 1351 613 1370 tttc
629 1343 656 1369 in
674 1342 783 1376 regione
798 1345 885 1367 vestra
896 1349 974 1368 secn-

183 1401 244 1418 l'tlllI
261 1392 328 1418 fore.
340 1390 381 1418 Ad
400 1390 558 1425 pauperiem
571 1393 661 1415 autem
677 1388 818 1417 redactus.
835 1392 860 1413 et
877 1394 972 1413 ncces-

183 1441 265 1465 situte
291 1437 437 1472 iutpulsus.
467 1437 521 1463 ltuc
545 1436 606 1463 veni
633 1441 689 1469 pra:
713 1441 744 1460 ea
773 1440 828 1467 qua
858 1433 975 1467 urgebar

183 1486 268 1516 fame,
301 1483 449 1518 indigentia
474 1489 507 1509 ac
530 1484 704 1516 paupertate.
727 1477 832 1505 Miserti
855 1484 921 1512 ergo
935 1478 975 1511 ip-

182 1530 256 1561 sius.
282 1536 346 1555 vera
367 1529 456 1562 ipsum
484 1527 585 1553 dixisse
611 1525 674 1557 rati,
687 1531 751 1551 cum
783 1524 922 1550 dimittere
948 1523 974 1548 in

182 1576 278 1603 animo
300 1557 465 1601 habuerunt.
492 1572 584 1598 Vetuit
610 1577 699 1597 autem
729 1569 790 1595 illos
803 1569 901 1595 doctus
918 1567 972 1599 ille,
989 1557 1010 1585 (ἶ

184 1622 285 1648 dicens
299 1628 307 1646 :
324 1620 424 1646 Sciatis
440 1620 511 1645 hunc
524 1619 669 1652 ipsumntet
685 1615 815 1648 Saporem
826 1621 886 1641 esse
907 1622 914 1640 :
934 1621 976 1640 t'e-

189 1666 348 1694 hementius
377 1673 442 1698 ergo
473 1664 524 1698 ipsi
553 1663 654 1689 instate
687 1661 775 1687 donec
803 1667 901 1686 verum
937 1660 971 1686 de

183 1721 218 1739 se
249 1711 326 1737 \‘oltis
357 1710 468 1736 indicet.
498 1708 656 1734 lmtnittebat
681 1704 879 1741 417-419
911 1712 976 1739 ergo

188 1758 243 1793 ipsi
259 1757 443 1784 Maximianus
459 1756 618 1789 imperator,
638 1754 739 1782 caedem
757 1754 878 1780 minatus
894 1756 977 1787 atque

187 1806 243 1831 hac
266 1803 354 1829 solum
379 1800 537 1829 conditione
568 1800 745 1826 securitatem
772 1798 922 1833 pollicitus.
953 1797 975 1823 si

186 1856 264 1880 vere,
279 1851 341 1883 quis
357 1852 442 1880 esset,
463 1846 609 1873 indicaret.
632 1845 704 1872 Dixit
724 1844 842 1879 Sapores
857 1851 864 1870 :
880 1843 975 1870 Mirum

185 1893 317 1928 estquod
335 1893 436 1927 putt-tis
449 1892 580 1926 Saporem
603 1892 722 1926 inopiam
741 1895 768 1917 ct
786 1894 976 1924 panpertatettt

189 1950 220 1968 tu
246 1941 357 1974 regione
381 1942 472 1965 vestra
501 1938 665 1968 eiecturum,
682 1937 773 1971 potius
797 1944 878 1969 quam
897 1939 925 1961 ut
950 1936 976 1962 in

189 1993 278 2021 regno
291 1993 342 2012 suo
361 1984 537 2012 subsisteret.
554 1983 596 2009 llli
610 1990 674 2009 vero
691 1983 744 2009 hoc
764 1982 798 2009 ab
817 1989 850 2008 eo
864 1987 977 2015 respon-

188 2041 253 2061 sum
280 2039 334 2058 non
361 2035 537 2064 acceperunt,
568 2029 655 2056 donec
677 2036 707 2055 se
733 2036 826 2055 revera
847 2027 976 2062 Saporem

188 2086 255 2106 esse
275 2077 421 2105 confessus
437 2081 522 2102 esset.
540 2075 622 2102 Jussn
639 2082 702 2108 ergo
717 2073 876 2099 Maximiani
895 2073 979 2106 impe-

191 2124 294 2150 ratoris
321 2129 409 2149 γειοοω
435 2121 529 2155 ﬁgurat
548 2127 621 2147 cavat
643 2128 657 2146 e
676 2119 759 2145 coriis
785 2118 892 2145 bovinis
915 2124 978 2145 con-

191 2172 282 2201 fectae,
311 2168 457 2202 impositus
480 2171 539 2197 est,
555 2173 609 2200 qua
633 2165 731 2192 deinde
745 2164 854 2191 occlusa
881 2163 978 2198 vigiles

191 2216 244 2251 ipsi
261 2219 288 2241 et
300 2213 428 2241 custodes
442 2211 572 2246 prml‘et-it.

231 2262 300 2288 Tum
326 2259 427 2286 Persia:
459 2259 595 2293 regionem
618 2262 761 2291 aggressus
789 2254 980 2284 Maximianus.

193 2314 296 2342 magna
313 2306 401 2332 tribus
426 2305 547 2339 ipsorum
571 2307 673 2336 strage,
701 2302 783 2328 nrbes
799 2300 877 2327 ruina
893 2304 984 2326 vasta-

192 2355 234 2380 \‘it
251 2362 258 2380 :
275 2360 324 2380 nec
339 2359 392 2378 non
405 2351 519 2377 arbores
530 2349 690 2383 palmasque
701 2346 865 2382 amputavit,
880 2346 983 2380 Sapore

192 2401 306 2427 interim
322 2400 409 2432 ipsum
425 2402 589 2431 quocunque
602 2395 653 2421 iret
667 2394 825 2421 comitante.
838 2391 930 2426 Neque
947 2393 983 2418 ita

192 2451 228 2472 se
248 2443 347 2470 habere
359 2440 440 2468 desiit
454 2439 542 2466 donec
559 2437 592 2465 ad
605 2436 793 2464 Jondi-Sabur
805 2436 983 2470 pervenisset.

193 2492 226 2516 iit
241 2497 294 2524 qtta
310 2488 465 2515 munierant
479 2493 509 2513 se
522 2485 668 2512 Persarum
687 2484 834 2518 primores,
860 2481 941 2516 cujus
958 2486 985 2507 et

191 2535 342 2564 dimidium
360 2532 497 2560 machinis
522 2532 549 2558 in
567 2538 627 2557 eam
647 2528 761 2556 directis
782 2528 916 2561 deiecerat
931 2527 983 2554 nisi

191 2580 271 2615 quod
285 2580 373 2614 ipsam
392 2577 496 2612 ingredi
522 2584 576 2603 non
599 2580 699 2610 posset.
728 2573 819 2600 Rebus
841 2577 932 2600 autem
950 2573 985 2598 ita

192 2633 229 2654 se
246 2625 409 2652 habentibus
426 2627 506 2650 nocte
527 2623 644 2656 quadam
661 2619 790 2646 custodes
811 2618 917 2652 Sapore
932 2624 980 2643 ne-

192 2670 344 2707 gligentius
360 2669 451 2695 habito
469 2672 589 2703 portam,
607 2673 654 2699 per
671 2671 751 2699 quam
770 2664 798 2690 in
813 2663 926 2697 ﬁguram
941 2663 985 2688 in-

188 2717 244 2753 jicl
269 2715 377 2744 solebat
391 2714 483 2744 cibus.
511 2720 566 2740 non
584 2712 792 2738 obseraverant.
814 2708 878 2735 Erat
894 2711 984 2734 autent

193 2751 254 2791 nox
280 2760 428 2790 Oshauan.
459 2759 545 2794 (juxta
561 2757 635 2784 aliud
659 2755 807 2790 exemplar,
840 2761 892 2781 nox
907 2751 986 2786 festa)

193 2805 367 2841 fueruntque
394 2805 468 2832 circa
498 2805 586 2838 ipsum
603 2810 635 2829 cx
661 2802 759 2828 incolis
782 2799 895 2830 Abvazi.
918 2806 986 2834 quos

192 2853 319 2883 Romani
334 2851 457 2887 captivos
471 2854 612 2884 ceperant.
629 2847 719 2879 multi,
731 2853 848 2882 quorum
860 2852 986 2873 sermone
1007 2877 1011 2879 ἢ

361 2902 497 2931 ΡΑτιιοιη
521 2898 580 2927 Gn.
603 2895 685 2926 CXI.

1023 947 1087 970 sunt
1101 943 1219 971 Romani
1232 952 1240 970 :
1254 952 1324 979 quos
1339 944 1430 979 gladio
1444 944 1570 976 insecuti,
1588 949 1715 977 magnam
1734 942 1810 977 ipso-

1024 997 1083 1016 rum
1100 995 1221 1024 stragem
1245 991 1405 1023 ediderunt,
1429 991 1546 1025 direptis
1564 997 1625 1025 qua:
1648 990 1716 1024 ipsis
1730 993 1811 1016 erant

1024 1036 1122 1069 opibus
1142 1040 1169 1063 et
1193 1037 1340 1064 thesauris.
1363 1036 1467 1063 Deinde
1489 1036 1608 1071 Sapores
1622 1035 1808 1062 Romanorum

1025 1082 1163 1115 regionem
1192 1083 1334 1116 ingressus
1353 1089 1480 1116 magnam
1494 1089 1589 1109 eorum
1609 1086 1728 1116 stragem
1755 1080 1812 1107 edi-

1024 1127 1072 1156 dit.
1091 1127 1245 1162 multasqne
1262 1129 1377 1155 vastavit
1393 1128 1485 1160 urbes,
1509 1128 1605 1155 multis
1620 1128 1683 1154 imle
1695 1126 1812 1162 captivis

1024 1173 1161 1200 abductis.
1181 1174 1310 1201 Grassata
1335 1178 1378 1202 est
1398 1178 1490 1201 autent
1513 1175 1540 1201 in
1559 1175 1746 1201 ltomanorutn
1770 1180 1813 1200 re-

1024 1220 1104 1253 gione
1129 1219 1215 1246 fames
1239 1220 1341 1255 gravis,
1366 1221 1506 1254 pestisque
1530 1225 1557 1247 et
1580 1220 1671 1254 plaga.
1688 1219 1757 1246 adeo
1782 1223 1812 1246 nt

1025 1270 1149 1293 mortuos
1171 1273 1225 1300 prae
1246 1266 1422 1293 multitudine
1441 1267 1560 1300 ipsorum
1576 1266 1694 1300 sepelire
1714 1265 1812 1300 nequi-

1024 1317 1095 1339 rent.
1125 1312 1219 1346 itaque
1244 1312 1314 1339 bello
1333 1311 1456 1346 Saporis,
1482 1313 1553 1338 [ante
1569 1331 1577 1343 ,
1601 1311 1756 1346 pestilentia
1783 1315 1812 1337 et

1025 1363 1113 1385 morte
1135 1365 1150 1384 a
1173 1358 1336 1386 Christianis
1367 1358 1563 1386 interticlcndis
1598 1358 1701 1385 detenti
1738 1360 1812 1385 suttt.

1025 1403 1111 1431 Porro
1125 1403 1290 1436 Maxentius,
1306 1403 1493 1430 Romanorum
1508 1404 1687 1440 ἀει-423
1699 1405 1814 1438 impera-

1027 1455 1080 1482 tor,
1098 1449 1226 1476 otnnibus
1253 1449 1300 1484 qui
1323 1453 1387 1476 ante
1406 1449 1496 1484 ipsuttt
1516 1450 1716 1483 imperaverant
1737 1449 1813 1484 pejor

1027 1493 1088 1526 fuit,
1108 1502 1203 1522 omnes
1218 1495 1266 1529 qui
1291 1494 1383 1521 Romae
1399 1499 1489 1528 erant,
1525 1496 1662 1530 praecipue
1677 1495 1814 1523 Christia-

1028 1548 1078 1567 nos
1093 1559 1102 1572 ,
1126 1541 1153 1567 iit
1181 1541 1344 1568 servitutem
1360 1541 1497 1575 redigens,
1519 1541 1617 1574 opibus
1635 1542 1757 1576 ipsorum
1774 1543 1816 1569 di-

1028 1586 1124 1620 reptis,
1140 1586 1300 1614 mulieribus
1314 1591 1341 1614 et
1355 1588 1448 1621 pueris
1465 1586 1629 1615 interfectis.

1064 1632 1131 1658 Cum
1145 1639 1209 1666 ergo
1223 1632 1348 1659 audirent
1358 1631 1450 1660 Roma:
1466 1632 1571 1664 incolat,
1591 1632 1725 1667 imperare
1740 1633 1813 1661 Con-

1028 1673 1188 1712 stantinum,
1204 1680 1346 1715 ipsumque
1364 1679 1425 1707 tnali
1448 1687 1566 1712 osorem,
1589 1680 1651 1707 boni
1675 1685 1812 1709 amantem

1026 1735 1097 1759 esse.
1117 1731 1197 1761 atque
1215 1727 1328 1761 intperio
1341 1726 1427 1760 ipsius
1439 1726 1562 1753 subditos
1573 1726 1769 1761 tranquillitate
1783 1733 1814 1752 ac

1028 1780 1093 1807 pace
1111 1773 1163 1800 sub
1182 1773 1241 1808 ipso
1257 1773 1321 1803 frui.
1344 1773 1449 1800 litteras
1472 1773 1506 1800 ad
1533 1773 1621 1807 ipsum
1647 1773 1816 1808 scripserunt

1027 1827 1122 1846 corttm
1139 1820 1282 1854 primores,
1299 1820 1400 1854 quibus
1413 1820 1500 1854 ipsunt
1523 1824 1654 1855 rogarunt
1676 1826 1708 1846 ac
1727 1819 1815 1854 petie-

1029 1869 1102 1896 rnnt.
1127 1869 1155 1891 ιιι
1172 1865 1271 1899 ipsosa
1289 1865 1415 1893 Maxentii
1430 1865 1561 1892 servitute
1577 1865 1712 1892 liberaret.
1727 1865 1817 1892 Lectis

1029 1911 1073 1937 ille
1090 1913 1208 1945 ipsorum
1226 1911 1322 1938 lttteris
1337 1918 1433 1945 magna
1450 1919 1511 1937 cum
1529 1910 1682 1938 adiceretur
1693 1911 1815 1944 tristitia,

1029 1958 1128 1984 dubius
1149 1957 1235 1989 haesit.
1246 1957 1311 1992 quid
1328 1956 1429 1984 faceret
1441 1956 1560 1984 nescius.
1575 1955 1642 1983 Dum
1657 1960 1746 1983 autem
1758 1956 1816 1983 hac

1029 2005 1120 2030 animo
1133 2004 1261 2035 volveret,
1274 2011 1337 2030 ecce
1349 2003 1475 2038 apparuit
1487 2003 1524 2029 illi
1539 2003 1599 2037 ipso
1613 2004 1735 2034 meridie.
1750 2011 1816 2030 crux

1029 2057 1043 2076 e
1052 2050 1137 2076 stellis
1149 2049 1345 2084 fulgens.circa
1360 2056 1440 2083 quam
1452 2049 1582 2084 scriptum
1594 2053 1663 2082 erat,
1678 2049 1732 2076 Hoc
1743 2050 1818 2085 signa

1030 2097 1124 2123 vinces.
1150 2095 1283 2130 Egressus
1303 2103 1368 2130 ergo
1385 2096 1468 2123 sociis
1480 2096 1538 2123 suis
1550 2095 1619 2123 dixit
1635 2106 1641 2123 :
1669 2093 1818 2124 Vidistisnc

1029 2142 1100 2177 quod
1116 2149 1164 2176 ego
1176 2142 1244 2168 \idt?
1258 2145 1456 2177 responderunt
1471 2142 1507 2171 illi
1522 2151 1529 2170 :
1544 2141 1640 2170 Etiam.
1656 2142 1694 2170 Ex
1707 2150 1739 2170 eo
1754 2150 1820 2178 ergo

1031 2193 1152 2223 tentpore
1184 2187 1341 2222 rel'gionem
1375 2188 1551 2217 cltristianatn
1590 2190 1731 2224 amplexus
1767 2194 1817 2217 eet.

1035 2234 1153 2269 Fuitque
1169 2235 1232 2267 hoc,
1245 2242 1317 2262 anno
1333 2234 1366 2262 ab
1377 2235 1452 2262 obittt
1465 2235 1552 2269 patris
1564 2234 1650 2270 ipsius
1661 2228 1819 2263 Constantis

1035 2287 1122 2309 sexto.
1134 2281 1333 2309 Constantinus
1344 2289 1409 2316 ergo
1421 2282 1568 2308 instructus
1582 2281 1669 2316 copiis
1678 2281 1820 2308 omnibus-

1035 2336 1087 2363 que
1103 2328 1136 2355 ad
1163 2327 1328 2354 Maxentium
1349 2327 1537 2354 Romanorum
1557 2326 1750 2362 imperatorem
1773 2334 1820 2362 op-

1037 2373 1209 2409 pugnandum
1225 2373 1339 2408 paratis.
1355 2380 1465 2400 crucem
1480 2380 1602 2407 magnam
1622 2373 1752 2405 confecit,
1768 2381 1820 2408 qua

1037 2421 1134 2448 rcxillo
1148 2420 1359 2454 superimpOsita
1370 2420 1508 2454 profectus
1528 2422 1571 2446 est
1590 2416 1755 2447 Maxentium
1773 2427 1821 2454 ag-

1037 2474 1194 2502 gressurus.
1216 2465 1367 2493 Maxentius
1384 2472 1449 2492 vero
1460 2464 1553 2492 audito
1564 2465 1772 2492 Constantinum
1789 2466 1822 2492 ad

1038 2514 1137 2541 bellttnt
1153 2514 1204 2547 ipsi
1226 2512 1396 2539 inferendum
1413 2511 1555 2543 accedere.
1568 2520 1597 2540 se
1611 2517 1637 2539 et
1658 2512 1716 2547 ipse
1741 2518 1822 2546 para-

1037 2561 1086 2592 vit,
1100 2559 1237 2594 lluvioque
1245 2560 1291 2594 qni
1304 2559 1396 2588 Roma:
1406 2559 1513 2594 adjacet
1525 2563 1607 2594 ponte
1621 2562 1720 2591 strato.
1731 2558 1824 2593 copias

1038 2615 1102 2635 suas
1114 2615 1210 2635 otnttes
1226 2607 1355 2639 educens,
1368 2614 1431 2634 cum
1443 2606 1624 2634 Constantino
1637 2605 1720 2642 ω
1731 2605 1826 2640 praelia

1038 2653 1187 2681 contendit.
1204 2651 1381 2680 Constantino
1403 2655 1493 2678 autem
1513 2651 1626 2678 victoria
1644 2650 1740 2685 potito,
1765 2658 1825 2678 ma-

1039 2705 1144 2732 gnaque
1159 2698 1295 2725 sociorum
1318 2695 1447 2723 Maxentii
1470 2700 1560 2729 strage
1580 2695 1664 2727 edita,
1687 2693 1756 2728 fugit
1783 2694 1827 2720 ille

1038 2751 1100 2771 cum
1111 2743 1216 2778 exiguis
1227 2750 1322 2770 eorum
1337 2741 1458 2776 reliquiis
1474 2741 1507 2768 ad
1529 2739 1628 2768 Urbem
1645 2739 1826 2767 contendens.

1040 2792 1113 2819 Eliso
1126 2798 1190 2818 vero
1207 2790 1258 2816 sttb
1270 2789 1337 2824 ipsis
1351 2793 1443 2823 ponte,
1466 2788 1627 2815 submersus
1639 2791 1682 2815 est
1695 2794 1757 2817 cum
1769 2794 1828 2814 suis

1041 2838 1204 2869 Maxentius,
1217 2836 1285 2864 adeo
1305 2841 1334 2863 ttt
1352 2842 1405 2870 qua
1421 2835 1520 2862 mersis
1532 2841 1585 2869 qua
1597 2833 1676 2861 cassis
1701 2833 1827 2868 implere-

1572 2881 1611 2912 32
