2015 3081
235 131 302 162 1003

740 131 925 160 EUTYClllI
942 129 1211 160 ALEXANDRINI
1235 130 1344 158 I‘ATR.

1786 128 1851 159 lO‘d’i

234 189 278 210 tnr
290 183 398 212 ﬂuvius.
416 185 522 219 Egicssi
541 193 604 219 ergo
623 185 734 212 lloinani
759 192 820 211 cuni
842 185 951 212 coronis
973 191 1020 210 au-
1036 189 1056 216 Λ
1074 186 1164 212 exutis
1195 186 1317 213 vestibus
1352 185 1377 211 iii
1397 186 1484 211 lacum
1509 192 1538 211 se
1555 183 1702 219 projiciens
1731 184 1756 210 in
1775 183 1852 210 Chri-

234 230 298 261 reis,
319 230 490 265 diversisque
514 231 678 257 lndicrorum
707 237 733 257 et
755 232 830 257 lusus
855 229 1020 265 generibus,

233 276 614 308 Constantinooccurrerunt,
636 283 732 310 magna
747 277 783 303 ob
808 277 894 310 ipsius
916 275 1018 302 adi-cn-

236 328 291 349 ιιιιιι
314 322 402 348 latitia
428 321 526 348 affecti.
542 321 588 347 llle
601 321 644 348 ubi
667 321 760 348 urbem
777 321 915 354 ingressus
935 324 1019 352 esset,

236 372 384 402 martyrum
403 366 616 393 cliristianoriiin
645 366 775 401 crnriqne
789 365 941 398 allixorum,
959 372 1021 392 cor-

235 420 297 447 pora
317 411 526 446 sepelirijnssit.
543 411 616 446 lique
627 413 673 446 qui
687 411 748 447 fuga
772 419 802 439 se
822 411 1020 442 subduxerunt,

234 463 260 485 et
271 465 341 492 quos
356 457 482 484 exsulare
498 457 619 492 jiisserat
639 457 804 488 Maxentius.
818 457 844 484 in
860 457 974 492 patriam
991 461 1018 483 et

234 506 321 531 luerim
336 511 414 530 suum
433 504 532 530 reversi
551 507 623 531 sunt.
637 503 713 536 Quod
726 502 802 530 sicui
816 503 879 537 quid
895 506 1017 536 ereptum

232 551 340 583 fuisset,
362 549 427 577 illud
446 549 497 584 ipsi
515 549 646 578 restituit.
666 550 774 584 Septem
797 555 861 582 ergo
876 548 971 575 diebus
991 548 1018 574 in

231 596 305 630 regis
317 600 343 622 et
354 594 447 621 crucis
459 594 590 621 honorem
611 593 709 620 festum
729 593 914 624 celebrarunt,
934 593 1017 618 eden-

231 645 285 672 tes.
297 640 423 667 bibentes
437 644 465 666 et
486 639 579 666 laetitia
599 638 714 673 perfusi.
742 638 805 665 Hice
821 645 882 664 cum
897 637 1018 664 audisset

233 687 407 718 Maximinus,
433 685 559 713 Galerius
585 684 758 719 appellatus,.
780 691 877 718 magna
906 682 950 709 ille
978 683 1016 709 ira

231 737 399 761 evastnans,
423 730 544 757 (ollei'tis
559 729 646 763 copiis
667 729 725 755 suis
740 728 876 763 profectus
891 732 933 755 est
947 727 1019 754 Con-

231 776 384 803 stantinum
400 775 469 801 bello
480 781 671 809 aggressurus.
685 773 743 806 Quo
759 773 850 800 audito
862 772 1017 799 Constanti-

234 829 283 848 nus
303 822 383 848 ctiani
405 819 547 847 instructis
568 819 657 853 copiis
676 820 813 852 rebusque
832 818 943 852 paratis,
967 818 1017 852 ipsi

232 867 339 893 obviam
358 866 417 893 irit.
444 865 583 892 Maximini
603 869 693 891 autem
719 865 842 896 comites,
860 864 918 890 visa
935 871 1016 898 super

235 914 334 940 vexillo
350 921 442 946 cruce,
464 914 490 939 in
504 913 592 949 fugam
606 922 697 941 coram
719 914 779 948 ipso
794 913 916 941 conversi
940 916 1013 942 sunt.

231 966 300 992 quos
325 958 415 992 glad’o
437 958 576 985 insecutus
599 966 725 993 magnam
754 959 874 992 ipsorum
896 963 1014 989 stragem

231 1004 325 1034 edidit,
341 1003 401 1030 aliis
414 1003 494 1030 etiam
511 1004 624 1038 captivis
645 1004 732 1036 factis,
752 1004 814 1031 aliis
827 1004 912 1037 ipsius
935 1002 1014 1029 Iidem

231 1049 449 1083 implorantibus,
458 1050 526 1076 adeo
534 1054 561 1076 ut
569 1049 731 1077 Maximinus
739 1050 826 1077 nudus
835 1049 952 1083 fugiens.
962 1056 1014 1074 non

232 1093 538 1130 eessaretﬁ25-Igﬂ7
556 1103 570 1122 a
583 1096 641 1122 loco
657 1095 689 1121 ad
707 1095 795 1122 locum
811 1103 840 1122 se
854 1094 1018 1126 subducere,

232 1138 319 1165 donec
332 1139 364 1164 ad
382 1139 475 1165 urbem
489 1146 566 1166 suam
581 1140 745 1174 perveniret,
759 1139 804 1167 ubi
825 1139 936 1166 deorum
953 1146 1016 1166 suo-

234 1191 292 1208 rum
315 1183 500 1214 saeiitlculos,
529 1184 794 1218 praestigiatoresqne
813 1187 839 1210 et
858 1184 968 1215 seiolos,
990 1184 1016 1210 iii

232 1235 300 1261 quos
315 1234 408 1254 amere
419 1235 578 1261 propensus,
590 1233 617 1254 et
630 1228 752 1262 aquibus
763 1228 906 1255 consilium
922 1235 1019 1263 capere

234 1273 332 1298 solitus
342 1273 441 1304 luerat,
455 1276 634 1307 congregatos
647 1273 736 1307 capite
747 1274 893 1305 truncavit,
904 1281 937 1300 ne
948 1273 970 1300 si
990 1273 1016 1300 in

235 1324 332 1342 manus
343 1316 513 1343 Constantini
528 1315 678 1343 inciderent
691 1317 797 1343 illorum
815 1325 866 1352 ope
884 1321 1016 1344 uteretur.

271 1361 340 1388 Deus
353 1367 445 1388 autem
458 1362 621 1389 lllaxntiiaiio
637 1363 726 1397 ignem
747 1362 773 1389 in
791 1368 911 1390 ventrem
925 1363 1016 1389 immi-

234 1408 281 1440 sit,
299 1409 420 1443 qiiieuni
453 1408 520 1434 adeo
539 1408 648 1441 torruit,
672 1414 701 1435 ut
732 1414 923 1443 riiniperentnr
952 1408 1016 1442 ipsi,

234 1463 289 1488 pra:
313 1455 404 1482 calore
420 1461 501 1488 quem
527 1454 602 1481 intus
633 1454 728 1486 sensit,
759 1455 864 1481 viscera
880 1454 965 1488 :quin
990 1459 1018 1480 et

1034 848 1054 876 Β

1076 236 1149 258 siuin
1170 231 1296 262 credidit,
1313 232 1447 265 istaiiique
1469 238 1484 258 c
1507 230 1567 258 lure
1585 238 1713 257 coronam
1739 230 1851 264 accepit.

1075 276 1142 303 Tum
1156 285 1170 303 ε
1185 277 1291 311 piscina
1307 281 1444 304 extractos
1457 277 1519 303 dum
1537 276 1659 310 plaustro
1670 277 1854 310 asportaiidos

1073 322 1254 356 imponerent,
1266 327 1389 356 repertus
1401 327 1441 350 est
1453 322 1524 349 inter
1536 322 1612 356 ipsos
1625 322 1732 356 juvenis
1745 323 1853 355 quidam

1074 367 1194 394 nonduin
1224 371 1361 400 mortuus,
1394 375 1474 402 quem
1505 367 1566 395 ideo
1595 370 1731 398 relictum,
1761 372 1854 394 astans

1074 418 1159 439 mater
1175 413 1261 447 ipsius
1288 413 1400 441 sustulit
1426 417 1455 440 ut
1481 413 1508 439 in
1537 413 1690 447 plaustrum
1710 420 1764 439 una
1793 420 1854 439 cum

1074 459 1190 486 mortuis
1206 458 1369 493 eonjiceret,
1385 459 1459 494 quod
1485 466 1549 486 cuni
1573 465 1631 486 eain
1655 458 1745 485 facere
1765 457 1855 492 prohi-

1073 504 1176 535 herent,
1196 504 1259 539 quia
1281 505 1371 531 adhuc
1388 505 1501 536 viveret,
1521 504 1567 531 ille
1583 505 1609 530 in
1624 503 1747 529 hnmci-is
1768 502 1856 537 ipsius

1074 554 1202 576 mortuus
1217 555 1270 576 est.
1289 549 1379 582 Quare
1403 554 1429 576 ct
1446 550 1532 584 ipsum
1550 549 1575 576 in
1595 550 1746 584 plaustrum
1762 547 1855 581 injecit

1074 602 1126 621 una
1141 602 1202 621 cum
1222 595 1401 630 martyribus,
1418 602 1488 629 quos
1503 600 1579 621 extra
1606 594 1700 620 urbem
1721 592 1855 618 Sebasteu

1072 639 1187 666 eductos
1202 643 1426 666 concremarunt.
1441 639 1509 666 Cum
1527 643 1616 665 autem
1642 637 1699 664 haec
1722 636 1855 663 audiisset

1072 683 1443 718 Constantinus,litterisque
1459 683 1509 718 ipsi
1523 683 1585 710 facti
1601 683 1642 710 sui
1656 681 1854 716 turpitudinem

1071 729 1277 763 exprobrasset,
1306 738 1394 764 mque
1421 730 1466 757 ille
1491 733 1582 755 tamen
1608 728 1763 759 desineret,
1787 726 1855 760 quin

1071 773 1248 810 ‘29-h31
1265 775 1356 809 potius
1370 774 1493 802 collectis
1507 773 1596 808 copiis
1610 773 1644 799 ad
1660 773 1761 799 bellum
1780 772 1856 799 Coit-

1072 819 1195 846 stantino
1219 819 1392 846 inferendum
1426 819 1657 854 proﬁcisceretur,
1684 817 1758 844 misit
1781 816 1854 847 Con-

1069 865 1206 892 stantinus
1237 867 1387 892 exercitum
1415 866 1462 900 qui
1491 873 1552 892 eum
1580 865 1642 900 ipso
1673 864 1702 891 in
1725 864 1854 898 Bithynia

1071 911 1164 944 pra-lio
1180 911 1313 943 conﬂixit,
1330 919 1344 938 a
1357 919 1411 945 quo
1431 919 1493 938 eum
1525 909 1682 945 proﬂigatus
1706 913 1790 941 esset,
1807 916 1855 935 ca-

1044 959 1047 962 ’
1071 961 1132 990 plus
1145 956 1228 982 etiam
1247 961 1290 983 est
1307 961 1334 982 et
1352 957 1383 983 ad
1402 956 1611 983 Constantinum
1628 955 1786 990 perductus,
1805 954 1856 989 qni

1071 1003 1160 1037 ipsum
1191 1002 1217 1028 in
1244 1004 1339 1029 urbem
1369 1001 1594 1029 Thessalonicam
1620 1000 1751 1034 relegavit
1775 1008 1783 1026 :
1809 1000 1855 1026 cui

1072 1049 1216 1083 priel'ectus
1232 1057 1291 1076 cum
1310 1053 1469 1081 conaretur,
1484 1049 1571 1083 copiis
1594 1056 1608 1075 e
1623 1047 1856 1075 Thessalonicen-

1071 1092 1147 1118 sibus
1159 1092 1294 1123 collectis,
1320 1092 1531 1119 Constantinum
1550 1093 1647 1119 iterum
1669 1092 1740 1119 bello
1765 1091 1854 1117 laces-

1071 1145 1141 1168 sere,
1159 1138 1234 1164 misit
1262 1138 1320 1172 ipse
1334 1139 1379 1172 qui
1406 1142 1489 1173 caput
1513 1139 1552 1165 illi
1582 1141 1747 1173 nniputaret.
1773 1137 1856 1163 Cliti-

1072 1183 1246 1209 stlanisrnnm
1261 1187 1351 1210 autem
1380 1183 1524 1218 amplexus
1547 1189 1589 1211 est
1611 1183 1809 1210 Constantinus
1828 1183 1856 1209 in

1073 1227 1140 1253 urbe
1153 1227 1224 1254 dicta
1241 1227 1411 1260 Nicomedia,
1427 1228 1508 1263 idque
1523 1236 1595 1255 anno
1607 1229 1714 1263 imperii
1730 1228 1771 1254 sui
1784 1227 1857 1253 dun-

1073 1271 1182 1298 deeinio
1199 1280 1206 1298 :
1223 1272 1362 1308 iussitque
1376 1273 1404 1300 in
1428 1273 1558 1300 omnibus
1576 1273 1733 1307 regionibus
1748 1272 1855 1299 exstrui

1072 1317 1217 1349 ecclesias,
1246 1319 1366 1353 erogatis
1394 1326 1408 1346 e
1438 1319 1612 1354 vectigalium
1643 1326 1755 1345 suorum
1788 1318 1858 1345 fisco

1073 1364 1192 1390 nummis
1210 1363 1242 1389 ad
1260 1364 1440 1391 ecclesiarum
1459 1371 1524 1391 vasa
1546 1363 1726 1392 conﬁcienda.

1109 1409 1197 1436 Primo
1214 1409 1319 1444 imperii
1337 1409 1425 1443 ipsius
1438 1416 1510 1436 :iiiito
1525 1410 1694 1437 consdtutiis
1721 1407 1859 1435 Eusebius

1073 1454 1225 1487 patriarcha
1245 1453 1384 1480 Romanus
1415 1461 1463 1480 sex
1485 1461 1572 1481 annos
1590 1453 1671 1486 sedit,
1693 1453 1753 1480 dein
1781 1461 1857 1479 niur-

233 1501 389 1528 cxeideiites
404 1500 453 1534 ipsi
470 1500 540 1526 oculi
559 1501 584 1526 in
603 1505 702 1526 terrain
721 1500 892 1531 deciderunt,
904 1500 1016 1526 adusta-
1032 1502 1054 1532 c
1071 1504 1134 1526 tuus
1150 1505 1202 1528 est.
1229 1500 1308 1526 Auno
1325 1500 1431 1534 imperii
1460 1499 1582 1532 ejusdem
1614 1500 1730 1534 septimo
1762 1499 1858 1525 lactus

233 1554 286 1581 que
305 1553 370 1574 caro
396 1546 429 1572 ab
455 1546 565 1572 ossibus
595 1551 718 1579 separata
743 1550 795 1576 est,
825 1546 859 1571 ita
881 1550 909 1571 iit
931 1549 1018 1571 morte.

234 1591 350 1625 pessima
377 1590 488 1624 periret.
520 1589 653 1617 Omnibus
675 1598 739 1624 ergo
768 1590 951 1617 Romanorum
978 1590 1018 1615 di-

234 1635 356 1662 tionibus
375 1634 524 1669 tranquille
541 1638 567 1660 ct
592 1635 618 1661 in
635 1642 700 1669 pace
726 1635 867 1669 imperarit
883 1635 1016 1661 Conslan-

235 1681 321 1712 iirtus,
336 1679 418 1712 idque
434 1686 506 1705 anno
522 1679 627 1713 imperii
651 1678 775 1714 Saporis,
803 1679 928 1706 ΙΙοι-ιιιοιὶ
958 1679 1014 1711 lilii,

235 1725 378 1752 Persarum
398 1724 470 1758 regis
483 1723 690 1758 quadragesimo
718 1724 815 1758 primo.
839 1724 902 1750 Erat
926 1729 1016 1750 autent

234 1769 442 1800 CuuSIaiitinus,
461 1769 532 1795 [ilius
546 1769 707 1799 Constantii,
738 1769 785 1795 lilii
811 1768 938 1800 Valentii,
969 1769 1015 1795 lilii

233 1815 336 1846 Arsisi,
364 1815 411 1842 (iiii
440 1814 523 1847 Decii,
549 1814 595 1840 lilii
630 1813 737 1841 Claudii
768 1814 939 1848 imperatoris
968 1814 1014 1848 qui

235 1861 327 1887 Romae
352 1860 444 1887 ﬂoruit
471 1863 593 1894 tempore
621 1858 822 1893 apostolorum.
852 1859 918 1886 Erat
951 1866 1015 1885 vero

233 1906 415 1933 Constantino
440 1908 495 1932 dux
521 1912 602 1939 quem
635 1905 747 1936 amavit,
779 1908 806 1930 et
837 1903 870 1930 ad
898 1905 1015 1931 lionoies

233 1953 334 1983 evexit,
360 1950 468 1977 nomine
484 1949 624 1982 Licinius;
654 1956 800 1984 quemque,
818 1949 880 1975 datu
905 1949 956 1983 ipsi
988 1949 1013 1975 iii

234 2005 346 2024 uxorem
362 2003 459 2023 surore
476 2002 525 2022 sua
539 1994 742 2026 Constaittiiiia,
759 1994 851 2020 Romae
876 1993 1013 2028 pra-ferit;

230 2043 330 2078 jubciis
349 2042 436 2076 ipsum
452 2041 619 2068 christianos
643 2040 746 2066 [tortore
769 2040 886 2070 allicere.
910 2039 1014 2072 magni-

232 2098 286 2125 qiic
313 2090 414 2119 facere,
447 2095 497 2114 nec
525 2087 646 2120 ipsorum
677 2085 724 2111 ulli
757 2092 868 2111 nocere.
893 2083 1013 2111 Licinius

233 2141 323 2162 anteiit
344 2133 487 2168 imperium
505 2132 618 2166 adeptus
632 2130 665 2156 ad
698 2129 831 2156 idolorum
848 2129 949 2156 cultum
970 2136 1015 2155 re-

232 2188 339 2212 versus,
354 2180 386 2206 ad
406 2182 520 2206 mortem
539 2177 602 2204 duci
629 2176 711 2210 jussit
738 2175 914 2202 christianos.
942 2175 1014 2202 Mar-

232 2226 332 2261 tyrium
351 2232 416 2259 ergo
431 2222 483 2250 sub
495 2223 555 2257 ipso
569 2221 639 2255 passi
653 2224 716 2248 sunt
739 2219 899 2246 Theodorus
923 2220 1011 2252 miles,

233 2271 405 2305 iiietropolita
435 2268 518 2304 428
553 2265 721 2298 Βιιιιίειιδὶε,
753 2273 815 2292 cum
848 2265 1011 2300 martyribus

232 2317 424 2352 quadragiiua.
451 2315 496 2349 qui
524 2321 556 2340 ex
589 2313 656 2338 urbe
685 2311 810 2338 Sebastia
834 2310 1012 2345 Cappadociae

232 2368 319 2389 ct'mit.
337 2360 400 2387 Fuit
414 2364 504 2385 anteiit
523 2358 573 2392 ipsi
601 2358 628 2383 in
650 2356 772 2383 Sebastia
794 2356 941 2390 pra-fectus
964 2363 1013 2381 no-

234 2408 305 2436 mine
327 2405 462 2440 Agricola,
487 2405 532 2437 qui
549 2400 726 2435 quadraginta
748 2403 881 2434 martyres
907 2398 1012 2432 Cappa-

232 2454 312 2480 doces
325 2451 471 2487 prehensas
487 2449 513 2475 in
539 2447 673 2482 piscinam
691 2452 769 2479 aqua).
788 2444 876 2471 nudos
899 2443 1011 2476 abjecit,

232 2506 294 2525 cum
319 2500 392 2524 esset
423 2496 468 2521 uix
495 2494 653 2523 vehemens,
687 2490 759 2517 unde
787 2489 886 2523 frigore
912 2487 1011 2514 mortui

232 2547 305 2570 sunt.
322 2541 399 2570 Unus
417 2545 520 2569 tantum
535 2546 567 2565 ex
582 2536 647 2571 ipsis
675 2536 702 2562 in
728 2534 866 2565 balneum,
889 2533 961 2567 quod
979 2533 1012 2559 ad

233 2589 306 2615 lacus
322 2587 407 2622 ripam
427 2585 526 2615 fuerat,
543 2587 672 2617 egressus
693 2585 734 2607 est
751 2583 780 2605 ut
800 2579 836 2605 ibi
857 2586 886 2605 se
913 2577 1012 2604 calefa-

235 2637 320 2666 ceret,
334 2639 413 2668 quem
430 2630 561 2657 dccldcns
576 2629 602 2654 in
620 2627 708 2662 ipsum
722 2625 848 2652 balneum
865 2623 1011 2650 interfecit.

234 2679 382 2708 Pralectus
403 2682 507 2708 autent,
521 2675 567 2710 qni
586 2673 750 2701 satellitibus
769 2679 782 2697 a
799 2671 898 2705 quibus
921 2674 1013 2696 custo-

231 2725 374 2751 dieliaiitur
388 2725 514 2757 praeerat,
528 2727 590 2746 cum
600 2716 780 2752 quadraginta
795 2723 809 2741 e
824 2716 885 2741 lucc.
897 2721 1011 2741 coronas

231 2769 338 2796 cmlitus
363 2769 390 2794 in
405 2771 564 2800 ,inartyiuui
591 2764 708 2790 istorum
725 2761 813 2794 capita
838 2760 1012 2786 descendisse

232 2816 363 2843 cerneret,
393 2818 472 2836 unam
503 2814 591 2835 anteiit
621 2814 733 2833 vacuant
762 2805 908 2837 mansisse,
943 2805 1002 2838 ipse

1029 2163 1052 2190 0

1070 1550 1111 1571 cst
1133 1545 1295 1572 Meletianus
1310 1545 1465 1579 patriarcha
1487 1545 1639 1575 Romanus,
1661 1545 1707 1579 qui
1722 1552 1784 1572 cum
1805 1553 1856 1571 an-

1071 1598 1121 1616 iios
1140 1595 1260 1625 quatuor
1276 1590 1394 1618 sedisset
1411 1595 1537 1617 itiortiiiis
1554 1594 1606 1617 est.
1630 1590 1708 1616 Anno
1722 1598 1787 1616 vero
1803 1599 1856 1616 iiii-

1069 1636 1174 1662 decimo
1201 1636 1300 1663 ibidem
1327 1636 1483 1670 patriarcha
1516 1636 1682 1663 constitutus
1709 1636 1854 1667 silvester,

1070 1689 1157 1708 annos
1180 1681 1280 1716 viginti-
1304 1686 1365 1708 octo
1379 1681 1458 1713 sedit,
1474 1681 1537 1708 dein
1557 1685 1680 1708 mortuus
1698 1686 1748 1708 est.
1771 1681 1855 1708 Auno

1069 1727 1239 1761 principatus
1254 1726 1314 1760 ejus
1330 1735 1402 1753 nono
1422 1727 1586 1754 celebratum
1599 1731 1640 1753 est
1657 1726 1804 1753 concilium
1823 1729 1851 1754 ir:

1069 1771 1135 1797 urbe
1152 1771 1250 1797 Nicma.
1268 1771 1347 1797 Anno
1364 1771 1443 1798 etiam
1460 1772 1564 1806 imperii
1579 1772 1753 1798 Constantini
1772 1774 1854 1799 terlin

1069 1819 1179 1842 creatus
1202 1819 1243 1842 est
1270 1815 1428 1843 Philouicus
1457 1817 1611 1851 patriarcha
1640 1818 1851 1850 aiiiioohenus,

1069 1860 1115 1895 qui
1133 1860 1254 1894 quinque
1270 1868 1356 1888 annos
1375 1862 1453 1894 sedit,
1483 1863 1545 1889 dein
1563 1869 1685 1890 tltmlllus
1703 1868 1754 1890 est.
1772 1866 1853 1890 Anno

1067 1905 1189 1939 ejusdem
1207 1914 1279 1933 nono
1295 1907 1463 1934 constitutus
1476 1911 1517 1935 est
1528 1908 1686 1942 Apollonius
1696 1909 1851 1942 patriarcha

1066 1951 1268 1983 Antioclicnus,
1295 1953 1341 1987 qui
1364 1952 1445 1988 432
1471 1961 1531 1980 etim
1551 1955 1672 1988 quinque
1699 1962 1786 1980 annos
1805 1963 1852 1980 sc-

1067 1996 1164 2027 dissel,
1183 2002 1308 2023 mortuus
1324 2001 1375 2024 cst.
1394 1999 1472 2024 Anno
1489 1998 1610 2031 ejusdem
1628 1998 1734 2025 decimo
1754 1999 1852 2032 quinto

1068 2042 1155 2068 lactus
1172 2047 1214 2069 cst
1232 2042 1331 2068 ibidem
1354 2043 1510 2076 patriarcha
1529 2043 1701 2075 Eustathius,
1717 2043 1763 2077 qui
1787 2048 1851 2070 octo

1066 2093 1151 2112 annos
1166 2086 1247 2118 sedit,
1276 2086 1337 2112 dein
1361 2091 1482 2112 mortuus
1506 2091 1558 2113 est.
1576 2087 1660 2120 Cujus
1681 2087 1850 2121 principatus

1067 2139 1138 2158 anno
1152 2132 1248 2166 quinto
1264 2131 1315 2158 fuit
1333 2131 1477 2158 concilium
1497 2131 1649 2158 Niczeunni.
1673 2132 1750 2158 Anno
1767 2133 1849 2158 etiam

1068 2176 1175 2210 imperii
1195 2176 1369 2203 Constantini
1400 2177 1488 2210 primo
1512 2177 1678 2204 constitutus
1704 2181 1745 2203 est
1774 2178 1850 2203 Ason

1063 2222 1207 2256 episcopus
1243 2221 1527 2256 llierosolyuiitauus,
1553 2223 1598 2256 qni
1635 2230 1729 2248 novem
1763 2230 1852 2249 annos

1064 2266 1149 2297 sedit,
1174 2266 1237 2292 dein
1270 2271 1392 2293 mortuus
1411 2271 1462 2294 est.
1491 2268 1569 2293 Anno
1595 2268 1700 2301 imperii
1725 2267 1848 2300 ejusdem

1063 2311 1178 2340 decimo,
1189 2311 1357 2337 constitutus
1366 2317 1407 2338 est
1422 2311 1557 2338 Macarius
1577 2312 1674 2339 ibidem
1690 2313 1852 2346 cpisctipus,

1064 2357 1109 2390 qui
1142 2355 1329 2382 iioveuideciiii
1355 2364 1441 2383 annos
1466 2356 1546 2389 sedit,
1573 2357 1635 2384 dein
1655 2364 1778 2384 mortuus
1797 2366 1850 2386 est.

1064 2403 1141 2428 Anno
1169 2402 1339 2436 principatus
1371 2402 1430 2436 ejus
1467 2403 1575 2428 decimo
1603 2403 1769 2430 celebratum
1808 2410 1852 2431 est

1062 2446 1208 2472 concilium
1223 2446 1371 2473 Nlt'll‘llulll.
1390 2448 1469 2472 Anno
1484 2447 1565 2472 etiam
1589 2446 1695 2480 imperii
1714 2447 1851 2474 Constan—

1063 2490 1113 2516 tini
1133 2490 1228 2524 quinto
1252 2490 1341 2516 factus
1360 2494 1403 2517 est
1425 2491 1580 2517 Alexander
1603 2491 1759 2524 patriarcha
1784 2492 1849 2518 Ale-

1063 2535 1224 2562 xandrinus.
1258 2535 1309 2561 Hie
1321 2535 1394 2561 Petri
1410 2535 1538 2569 martyris
1553 2535 1717 2569 patriarcha:
1730 2536 1850 2562 Alexan-

1063 2579 1146 2610 drini,
1161 2580 1210 2614 qui
1224 2580 1334 2607 occisus
1349 2585 1401 2610 est,
1417 2580 1580 2614 discipulus,
1595 2580 1730 2615 iidemque
1755 2583 1850 2609 socius

1063 2625 1174 2651 Achillae
1201 2624 1363 2658 patriarcha:
1389 2624 1576 2656 Alexandrini,
1605 2633 1692 2652 attitos
1728 2626 1847 2653 sedecim

1063 2671 1142 2701 sedit,
1166 2670 1229 2697 dein
1253 2673 1378 2697 uiortuus
1393 2675 1446 2697 est.
1467 2671 1545 2697 Anno
1562 2671 1733 2705 principatus
1761 2672 1849 2705 ipsius

1063 2715 1275 2749 dcciiiioqninto
1293 2716 1460 2742 celebratum
1475 2719 1516 2743 est
1532 2717 1679 2742 concilium
1695 2715 1846 2742 Nicaeiinm.

1063 2762 1217 2787 Alexander
1230 2761 1362 2796 siquidem
1373 2762 1527 2796 patriarcha
1540 2762 1739 2788 Alexandrinus
1754 2762 1847 2787 Arium

1063 2807 1204 2833 ecclesiam
1223 2808 1326 2842 ingredi
1344 2808 1439 2839 vetuit,
1458 2807 1538 2841 eique
1551 2808 1711 2839 maledixit,
1731 2807 1846 2834 dicens:
