2015 3081
203 203 241 233 Mt
255 205 270 234 5

202 259 359 288 Ma‘edictus
377 264 418 286 ett
445 260 546 292 Arius;

203 306 357 339 patriarcha
381 311 528 339 antequam
539 306 698 340 tnartyrium
714 304 834 331 subiret:
850 302 987 329 Maledixit

204 351 275 378 ιὶο-ιις
296 351 371 381 Arin,
398 359 432 378 ne
450 358 515 384 etgo
531 351 619 384 ipsum
646 349 799 384 recipiatis,
828 355 917 382 neque
942 354 988 372 νος

204 397 307 424 hiscum
333 397 360 424 in
388 396 536 424 Ecclesium
568 395 730 423 adiuitlatis.
749 394 868 421 Prteelat
896 397 987 419 autent

203 442 263 468 urhi
275 443 376 477 Asyuto
386 442 510 469 editione
518 441 626 477 Egypli
637 442 783 475 episcopus
791 439 901 465 nomine
908 437 990 464 Mele-

204 488 268 518 tius,
278 488 389 522 quiArii
405 487 569 515 sententiam
584 486 724 520 amplexus
735 483 913 520 433οῄ35
928 487 987 514 est;

205 532 293 560 eidem
306 540 372 568 ergo
382 532 463 560 etiam
485 531 628 559 maledixit
649 529 805 558 Alexander
819 529 988 564 patriarcha.

205 577 291 605 Porro
317 577 369 604 fuit.
400 577 571 604 Alcxandrim
604 577 735 612 templum
763 583 892 610 magnum
916 573 988 609 quod

204 623 340 650 exstruxit
350 623 493 657 Cleopatra
510 623 600 657 regina
615 621 720 648 nomini
742 620 854 648 Saturni
868 619 979 646 dedica-

205 672 275 699 tum,
295 667 322 693 in
341 673 397 702 quo
421 666 526 694 idolum
553 674 654 694 aereum
683 673 811 700 magnum
837 668 896 691 erat
917 661 990 698 quod

205 711 320 738 Michael
335 712 491 747 appellatus
504 717 557 744 est,
578 712 622 739 cui
636 711 810 739 Alexandriae
836 714 863 737 et
879 709 990 744 Egypti

209 758 305 785 incolae
329 757 373 784 die
391 758 496 784 mensis
513 757 620 789 lleturi,
649 757 696 791 qui
718 756 828 783 Tisbrin
856 755 992 790 posterior

205 807 258 834 est,
283 801 381 828 festum
410 808 539 836 magnum
565 801 752 831 celebrabant,
775 800 878 826 multas
903 798 991 825 cidem

207 847 310 874 hostias
326 847 511 874 immolantes.
523 846 592 874 Cum
607 853 672 881 ergo
687 845 859 873 Alexandriae
876 846 992 879 patriar-

205 893 258 918 cha
273 892 362 918 l‘actus
374 897 450 919 esset
463 892 628 924 Alexander,
647 891 741 926 ibique
757 891 907 918 obtinuerit
924 891 992 918 lidcs

933 198 1115 229 ANNALES.

575 260 644 286 dixit
672 260 744 286 enim
777 258 857 285 nobis
885 257 982 283 l‘t'lrtts
999 260 1020 285 Α
1036 262 1135 288 corpus
1148 248 1513 287 assumpsissefcteSpiritu
1534 251 1647 278 sancto;
1671 244 1825 278 factumque

1038 305 1078 328 est
1093 299 1159 326 illud
1175 299 1390 326 Christusunus.
1404 295 1529 324 Christus
1541 300 1606 328 ergo
1619 293 1687 319 duos
1702 297 1816 324 compre-

1753 184 1821 216 1006

1046 345 1141 372 hendit
1156 343 1336 379 signiﬁcatus,
1348 341 1467 368 Verbum
1482 343 1510 366 et
1526 345 1638 373 corpus;
1655 344 1717 371 qua:
1736 340 1825 362 tamen

1040 395 1154 425 utraque
1166 394 1257 417 creata
1267 393 1341 415 sunt.
1353 387 1422 414 Tum
1433 384 1602 421 respondens
1615 383 1652 410 illi
1661 382 1825 410 Alexander:

1041 436 1089 463 Dic
1114 436 1179 463 mihi
1213 434 1324 470 (inquit)
1340 441 1420 469 quem
1437 437 1518 468 putas
1543 430 1629 458 teneri
1657 437 1709 457 nos
1734 428 1827 463 potius

1041 482 1142 514 colere,
1156 482 1268 508 illumne
1291 480 1339 515 qui
1365 486 1416 506 nos
1440 477 1556 508 creavit,
1574 485 1607 502 an
1636 475 1748 510 quinos
1770 481 1824 500 non

1045 526 1167 560 creaviti?
1183 525 1374 560 Respondente
1389 523 1467 554 Ario,
1484 523 1558 549 illum
1573 521 1619 556 qui
1644 528 1694 547 nos
1709 519 1829 550 c-.eavit;

1048 573 1115 599 dixit
1134 571 1308 599 Alexander:
1330 569 1359 597 Si
1375 576 1440 603 ergo
1465 567 1569 595 creavit
1597 574 1650 593 nos
1673 565 1772 597 Filius,
1790 565 1830 591 uti

1041 618 1148 650 dixisti,
1183 618 1275 652 sitque
1310 617 1382 643 idem
1414 619 1537 648 creatus,
1567 616 1624 640 tum
1654 611 1753 639 Filium
1783 611 1830 645 qui

1042 668 1154 692 creatus
1171 667 1224 696 est,
1242 662 1331 698 magis
1345 661 1436 689 colere
1451 665 1586 691 tenemur,
1611 666 1694 694 quam
1721 656 1829 685 Patrem

1043 711 1197 738 increatum
1209 717 1217 742 ;
1233 710 1288 735 imo
1306 707 1415 736 futurus
1429 710 1471 734 est
1484 706 1576 734 cultus
1589 704 1678 732 Patris
1696 703 1830 731 creatoris

1043 755 1198 788 inﬁdelitas,
1213 754 1303 782 cttltus
1321 761 1385 780 vero
1398 752 1459 780 Filii
1474 751 1557 780 creati
1587 751 1671 782 ﬁdos;
1688 749 1763 785 quod
1786 749 1831 776 ab-

1043 799 1189 827 surdorum
1206 798 1439 825 absurdissimum
1456 801 1509 824 est.
1533 795 1641 823 Placuit
1661 802 1727 829 ergo
1743 795 1830 829 impe-

1043 844 1139 876 ratori,
1155 848 1182 872 et
1196 845 1243 879 qui
1258 843 1372 871 aderant
1386 842 1505 874 caeteris,
1517 841 1664 869 Alexandri
1680 841 1829 873 sententia,

1043 890 1101 917 Arii
1119 895 1209 917 autem
1223 889 1345 916 absurda
1365 889 1423 916 visa
1435 893 1488 916 est.
1504 888 1571 915 Aliae
1595 888 1678 915 etiam
1697 888 1830 922 quaestio-

206 937 367 969 christiaua,
389 937 475 965 voluit
493 937 539 964 ille
553 936 689 972 confringi
715 936 817 963 idolum
830 941 857 963 et
869 936 925 963 tolli
951 943 994 962 sa-
1011 934 1030 961 Ι]
1046 942 1094 962 nes
1110 934 1201 961 multa:
1213 935 1286 962 inter
1301 941 1348 961 eos
1363 934 1470 969 agitatae
1483 937 1558 961 sunt.
1575 932 1661 960 Jussit
1674 940 1741 968 ergo
1755 932 1829 960 Con-

206 982 321 1014 crilicia,
339 989 458 1017 cumque
473 981 642 1009 obsisterent
663 982 716 1016 ipsi
741 980 930 1012 Alexandrini,
949 981 994 1007 ille

208 1027 307 1054 astutia
322 1027 397 1062 ipsos
409 1034 556 1062 aggressus
569 1035 577 1054 :
600 1026 703 1054 Idolum
717 1026 828 1062 (inquit)
846 1026 918 1053 istud
927 1026 993 1052 nttlli

207 1073 318 1099 omnino
335 1074 372 1099 rei
390 1073 454 1100 utile
467 1076 525 1105 est;
539 1072 611 1108 quod
636 1072 658 1099 si
674 1071 773 1099 festum
789 1071 856 1098 illud
867 1071 994 1098 Michaeli

208 1117 308 1150 angelo
327 1117 545 1148 celebraveritis,
571 1118 652 1151 eique
676 1116 781 1143 hostias
807 1116 874 1143 istas
893 1115 996 1144 consti-

209 1161 329 1191 tucritis,
347 1160 405 1195 ipse
420 1168 469 1195 pro
484 1160 560 1187 vobis
573 1161 645 1195 apud
664 1160 749 1187 Deum
775 1160 925 1188 intercedet
938 1168 996 1187 rna-

207 1207 334 1242 jorisque
367 1206 442 1234 rohis
472 1207 536 1233 boni
566 1214 659 1238 causa,
684 1214 766 1242 quam
795 1207 898 1233 idolum
922 1206 994 1234 istud

210 1254 319 1280 futurus
335 1257 389 1280 est.
404 1252 599 1279 Annucntibus
614 1259 680 1286 ergo
694 1252 758 1285 illis,
779 1260 810 1279 ex
835 1252 907 1279 idolo
927 1259 994 1279 con~

209 1298 299 1326 fracto
312 1306 423 1326 crucem
439 1298 578 1331 confecit;
597 1298 728 1333 templum
754 1306 831 1329 vero.
855 1298 996 1326 Michaelis

209 1344 353 1371 ecclesiam
369 1344 517 1379 appellavit
531 1343 640 1379 (estque
657 1343 702 1370 illa
721 1344 836 1371 ecclesia
857 1352 918 1378 qua:
938 1344 996 1371 Ca:-

210 1397 287 1415 sarca
308 1394 403 1415 rorata
417 1393 474 1422 est;
493 1394 520 1416 ct
535 1389 599 1424 igne
622 1389 702 1423 periit
723 1396 784 1415 etim
806 1389 995 1416 Occidentales

210 1435 401 1461 Alexandriam
430 1435 546 1468 ingressi
571 1442 631 1462 eam
648 1439 818 1469 vastarunt);
851 1442 994 1462 consecra-

211 1485 292 1514 taque
308 1485 373 1506 sunt
396 1480 496 1507 festum
527 1485 554 1506 ct
580 1481 698 1507 victimae
729 1480 852 1507 Michacli
882 1480 995 1514 angelo;

212 1527 284 1552 umlc
299 1530 325 1553 et
341 1526 431 1553 adhuc
449 1526 584 1560 Cophtita:
609 1526 636 1552 in
652 1525 768 1560 Egypto
783 1530 811 1552 et
834 1525 996 1552 Alexandria

211 1579 244 1598 eo
256 1571 299 1598 die
315 1571 413 1598 festum
427 1571 549 1598 Michacli
559 1572 656 1606 angelo
669 1572 819 1602 celebrant,
833 1576 860 1598 et
871 1570 995 1598 victimas

212 1617 431 1650 quamplurimas
447 1617 565 1643 (ta-dunt.

247 1662 331 1698 436
346 1661 413 1689 Cum
438 1669 503 1696 ergo
519 1661 674 1688 Alexander
699 1662 856 1696 patriarcha
882 1662 998 1688 Alexan-

211 1707 320 1740 drinus,
336 1707 432 1734 Arium
450 1707 604 1734 Ecclesiam
618 1707 720 1742 ingredi
739 1707 906 1741 prohiberet,
918 1708 998 1742 eique

213 1752 399 1779 malediceret.
420 1751 561 1786 profectus
587 1752 633 1778 ille
654 1751 687 1778 ad
714 1752 925 1778 Constantinum
945 1752 997 1778 im-

212 1801 363 1832 peratorem
382 1805 460 1832 opem
481 1798 515 1825 ab
543 1797 602 1831 ipso
625 1801 722 1824 contra
746 1797 931 1824 Alexandrum
951 1805 998 1832 pa-

212 1843 359 1870 triarcham
375 1843 461 1877 petiit.
486 1842 607 1870 Comites
619 1848 710 1870 autem
733 1851 761 1870 se
783 1843 848 1870 Ario
876 1845 998 1878 praebue-

212 1894 276 1916 runt
300 1889 421 1923 episcopi
441 1890 504 1921 duo,
516 1896 632 1923 quorum
642 1896 712 1916 unus
723 1889 832 1915 nomine
849 1888 998 1916 Eumenius

215 1934 226 1970 [
242 1934 280 1960 at.
297 1932 464 1969 Eusebius],
478 1934 641 1961 Nicomediae
655 1934 752 1967 episc.,
773 1934 841 1961 alter
864 1934 997 1963 Eusebius

214 1979 297 2006 Philae
310 1979 464 2014 episcopus,
483 1986 562 2013 opem
577 1986 591 2005 a
607 1979 791 2006 Constantino
808 1979 996 2013 implorantes.

213 2025 325 2052 Dicente
349 2024 414 2051 Ario
431 2024 605 2051 :Alexander
633 2024 789 2057 patriarcha
827 2025 928 2059 iniuria
955 2034 998 2054 me

212 2070 314 2102 all'ecit,
331 2075 358 2097 et
383 2069 503 2097 Ecclesia
522 2069 660 2096 itntnerito
685 2071 801 2104 expulit,
831 2077 856 2097 et
878 2071 998 2106 impeta-

213 2120 300 2142 torem
313 2119 424 2149 rogante
437 2120 466 2141 ut
480 2114 555 2141 illum
573 2119 740 2146 accerseret,
768 2123 823 2150 quo
835 2123 928 2142 coram
945 2117 996 2143 itn-

213 2163 339 2194 peratore
353 2167 416 2187 cum
441 2160 500 2195 ipso
523 2160 688 2194 disputaret.
717 2160 920 2188 Constantinus
933 2169 998 2197 ergo

213 2205 362 2240 imperator
375 2205 461 2233 misso
474 2205 668 2232 AleXandriam
686 2207 782 2233 ntmtio
807 2207 881 2233 illum
906 2214 997 2234 accer-

214 2251 288 2283 sivit,
323 2250 475 2285 Ariumque
505 2251 652 2277 convenire
684 2251 748 2278 fecit
773 2258 828 2286 qtto
853 2259 913 2277 cum
939 2252 998 2286 ipso

214 2296 425 2330 disputationem
443 2297 566 2324 haberet.
591 2295 680 2324 Jussit
698 2297 782 2331 igitur
804 2298 998 2325 Constantinus

213 2341 308 2368 Arium
318 2341 479 2366 sententiam
490 2348 568 2367 suam
580 2341 726 2375 explicare.
735 2340 804 2366 Tum
815 2341 912 2368 Arius;
925 2341 1001 2372 Dico,

214 2386 312 2421 inquit,
323 2386 432 2413 Patrem
454 2386 540 2413 fuisse
552 2393 614 2413 cum
632 2393 685 2413 non
698 2389 771 2413 esset
782 2385 886 2418 Filius;
902 2386 1002 2413 deinde

215 2433 303 2466 ipsum
318 2432 351 2459 de
365 2439 435 2459 novo
453 2431 613 2466 produxisse
628 2431 726 2458 Filium
744 2431 790 2465 qui
808 2431 859 2457 fuit
883 2431 919 2457 illi
935 2429 1002 2457 Ver-

214 2478 289 2506 hnm.
303 2477 355 2505 nisi
368 2478 440 2511 quod
454 2478 488 2505 de
501 2485 571 2504 noro
583 2477 735 2511 productus
747 2482 774 2503 ct
788 2482 897 2504 creatus
908 2477 1003 2504 fuerit.

217 2522 320 2549 Deinde
336 2523 448 2550 tradidit
467 2523 548 2550 Pater
561 2523 641 2555 Filio,
659 2523 707 2557 qui
724 2522 842 2550 Verbum
857 2522 942 2557 ipsius
955 2531 1004 2556 ap-

216 2563 342 2596 pellatur,
355 2563 510 2598 imperium,
524 2563 628 2598 fuitque
640 2565 685 2591 ille
702 2565 832 2592 cmlorutn
842 2571 869 2592 et
878 2571 1000 2598 terra).et

214 2608 335 2634 onmium
346 2616 406 2643 qua:
415 2608 486 2635 inter
495 2616 525 2636 ca
535 2613 599 2636 sunt
623 2610 759 2642 conditor,
773 2610 846 2637 sicut
871 2612 897 2638 in
909 2611 998 2638 Evan-

215 2655 286 2687 gelio
307 2659 402 2681 sancto
425 2657 550 2688 testatur,
567 2655 678 2683 dicens:
692 2655 761 2682 Data
776 2663 815 2683 est
828 2657 891 2683 milii
913 2659 997 2685 omnis

212 2703 328 2731 potestas
338 2699 365 2725 in
374 2701 451 2726 ιωιοδ
462 2705 484 2725 ιι
498 2700 526 2726 in
543 2705 641 2726 terram
653 2701 680 2727 °:
693 2700 741 2727 fuit
752 2709 817 2736 ergo
839 2702 884 2729 ille
904 2710 997 2729 corttm

217 2744 344 2770 conditor
361 2751 392 2771 ea
405 2752 465 2779 quae
481 2745 532 2779 ipsi
553 2746 616 2772 data
631 2746 669 2773 csl
686 2745 873 2782 [potestate.]
898 2748 999 2775 Deinde

211 2788 393 2825 437-539
405 2789 523 2817 Verbum
556 2791 620 2819 illud
637 2797 729 2827 postea
743 2800 775 2820 ex
790 2793 873 2821 Maria
894 2794 999 2830 virgine

246 2891 256 2906 '
283 2891 376 2920 Matth.
391 2899 488 2925 xxvut.
502 2893 546 2921 l8.

1045 979 1185 1007 stantinus
1199 979 1384 1006 Alexandrum
1399 979 1582 1014 patriarcham
1604 978 1672 1006 Ario
1687 978 1829 1006 omnibus-

1044 1032 1097 1060 que
1116 1025 1162 1060 qtti
1179 1025 1304 1052 eamdem
1322 1025 1553 1060 amplecterentur
1566 1024 1731 1052 sententiam
1748 1025 1832 1052 malc-

1045 1071 1147 1097 dicere.
1166 1070 1241 1097 Dixit
1254 1073 1346 1097 autem
1362 1070 1517 1097 Alexander
1539 1069 1723 1097 Constantino
1746 1069 1834 1104 impc-

1046 1115 1131 1142 ratori
1145 1123 1152 1141 :
1173 1114 1250 1142 Haud
1265 1115 1321 1148 ita;
1337 1114 1402 1149 quin
1418 1114 1510 1149 potius
1519 1114 1635 1141 mittens
1653 1121 1699 1141 rex
1721 1115 1835 1148 patriar-

1045 1161 1112 1188 chas
1121 1166 1148 1188 et
1159 1161 1300 1196 episcopos
1312 1165 1444 1191 accersat,
1459 1165 1488 1187 ut
1501 1161 1536 1188 sit
1552 1160 1630 1187 ttobis
1640 1159 1797 1192 concilium,
1806 1160 1834 1187 in

1045 1213 1100 1241 quo
1110 1213 1165 1233 rem
1176 1206 1349 1238 deﬁniamus,
1361 1206 1480 1240 Arioque
1490 1206 1698 1239 malediramus,
1706 1211 1733 1233 et
1743 1214 1834 1234 veram

1047 1251 1126 1279 ﬁdem
1164 1258 1343 1286 exponamus,
1364 1251 1548 1285 omnibusque
1574 1256 1664 1278 notam
1688 1250 1835 1278 faciamus.

1081 1296 1191 1325 Mittens
1205 1303 1271 1332 ergo
1284 1295 1484 1323 Constantinus
1503 1304 1550 1323 rex
1565 1295 1595 1322 in
1619 1303 1715 1324 omnes
1732 1296 1834 1331 passim

1046 1344 1183 1379 regiones,
1194 1342 1364 1378 patriarchas
1377 1346 1404 1369 et
1417 1342 1560 1377 episcopos
1567 1340 1651 1377 ιω
1663 1344 1834 1374 contocavit,

1047 1391 1115 1418 adeo
1133 1394 1161 1417 ut
1172 1394 1233 1424 post
1246 1395 1348 1416 annum
1362 1392 1390 1415 et
1405 1387 1475 1415 duos
1506 1395 1614 1417 menses
1629 1387 1719 1415 Nicea:
1735 1395 1837 1415 conve-

1048 1436 1138 1462 nirent
1170 1435 1212 1462 bis
1243 1434 1318 1460 mille
1335 1433 1514 1468 quadraginta
1531 1437 1595 1459 octo
1612 1433 1744 1467 episcopi,
1773 1440 1837 1460 son-

1049 1481 1145 1508 tentiis
1160 1485 1188 1507 et
1206 1479 1387 1513 religionibus
1410 1478 1483 1505 inter
1501 1485 1531 1505 se
1543 1478 1741 1512 discrepantes.
1754 1478 1837 1506 Erant

1049 1533 1082 1553 ex
1095 1526 1149 1553 illis
1165 1525 1211 1560 qui
1230 1525 1396 1551 allirmarent
1410 1523 1550 1550 Christum
1578 1527 1606 1550 et
1621 1523 1733 1551 Matrem
1750 1525 1837 1558 ipsius

1049 1572 1118 1598 duos
1132 1578 1194 1598 esse
1220 1571 1287 1597 deos
1304 1574 1404 1603 praeter
1428 1567 1512 1596 Deum
1529 1568 1687 1604 [surnmum
1701 1569 1728 1606 ς]
1758 1575 1836 1597 erant

1012 1614 1033 1642 C
1053 1617 1079 1643 hi
1100 1616 1224 1648 Barbari,
1240 1621 1266 1642 ct
1281 1614 1433 1642 Μαι-ἰηιήιεὲ
1461 1614 1618 1642 audierunt.
1638 1615 1722 1642 Erant
1737 1616 1783 1650 qui
1796 1616 1836 1643 di-

1051 1668 1143 1690 cerent
1159 1662 1298 1690 Christum
1317 1668 1331 1688 a
1348 1660 1428 1688 Patre
1446 1668 1517 1693 esse,
1535 1661 1620 1689 instar
1637 1660 1752 1689 ﬂamma:
1767 1663 1837 1696 ignis

1050 1715 1111 1742 qua:
1124 1708 1158 1735 ab
1170 1708 1230 1742 igne
1248 1706 1406 1734 ﬂammante
1428 1706 1604 1741 dependeret,
1637 1715 1688 1734 nec
1718 1708 1836 1742 priorem

1050 1755 1206 1781 diminuere
1220 1754 1381 1788 posterioris
1401 1753 1436 1780 ab
1462 1753 1521 1788 ipso
1536 1753 1744 1780 derivationem.
1759 1755 1836 1782 Erat-

1049 1808 1102 1834 que
1118 1800 1176 1827 haec
1189 1799 1299 1827 Sabellii
1327 1804 1353 1827 et
1379 1800 1547 1827 asseclarum
1576 1800 1663 1834 ipsius
1690 1803 1836 1829 sententia.

1049 1845 1220 1872 Asserebant
1246 1846 1292 1872 alii
1310 1844 1451 1880 Virginem
1479 1845 1592 1873 Mariam
1625 1847 1836 1882 haudquaquam

1049 1890 1137 1925 ipsum
1160 1898 1255 1917 norem
1272 1890 1414 1918 mensibus
1440 1891 1466 1918 in
1497 1896 1576 1920 utero
1595 1897 1728 1927 gestasse,
1743 1901 1836 1920 verum

1050 1937 1138 1971 ipsum
1154 1943 1202 1971 per
1220 1939 1328 1964 uterum
1341 1937 1431 1971 ipsius
1454 1937 1540 1965 instar
1556 1945 1634 1972 aquae
1651 1945 1700 1973 per
1714 1939 1836 1966 canalem

1050 1981 1210 2013 trausiisse;
1228 1980 1346 2008 Verbum
1365 1981 1499 2015 siquidctn
1514 1989 1561 2016 per
1579 1990 1673 2010 aurem
1699 1983 1785 2018 ipsius
1799 1984 1837 2010 in-

1049 2034 1173 2061 gressum
1185 2026 1220 2054 ibi
1234 2026 1326 2053 statim
1347 2026 1450 2054 cxiisse
1463 2027 1508 2054 ubi
1525 2028 1618 2062 egredi
1634 2028 1704 2056 solet
1721 2028 1811 2056 infans
1830 2038 1838 2056 :

1049 2077 1110 2104 quae
1126 2071 1266 2097 sententia
1287 2070 1374 2098 Eliani
1392 2076 1418 2097 et
1439 2072 1595 2106 sequacium
1610 2072 1696 2108 ipsius
1710 2073 1772 2101 l'uit.
1786 2074 1838 2101 Alii

1049 2117 1188 2144 Christum
1213 2116 1352 2145 hominem
1387 2118 1473 2145 fuisse
1501 2126 1516 2146 a
1543 2119 1686 2147 divinitate
1703 2126 1837 2153 creatmn,

1049 2162 1171 2196 ejusdem
1193 2169 1255 2189 cum
1273 2167 1400 2190 nostrum
1424 2163 1517 2198 aliquo
1539 2164 1711 2198 substantiae,
1737 2165 1838 2201 ﬁliique

1051 2207 1213 2242 principium
1234 2216 1248 2234 a
1264 2207 1348 2235 Maria
1368 2209 1466 2242 fuisse,
1488 2209 1632 2245 ipsumque
1647 2211 1764 2238 eiectum
1790 2214 1836 2247 qui

1050 2253 1212 2280 substantia:
1241 2253 1369 2280 humanas
1404 2254 1536 2282 liberator
1569 2260 1652 2288 esset,
1690 2257 1839 2285 comitante

1051 2298 1138 2333 ipsum
1155 2299 1240 2334 gratia
1263 2299 1368 2331 divina,
1383 2305 1410 2326 ct
1432 2300 1458 2327 in
1476 2301 1534 2335 ipso
1557 2309 1604 2336 per
1617 2309 1738 2329 amorem
1754 2309 1780 2330 et
1793 2311 1839 2330 vo-

1051 2345 1182 2371 luntatem
1198 2344 1350 2376 habitante,
1369 2345 1486 2380 ideoque
1511 2348 1675 2381 appellatum
1694 2349 1779 2376 fuisse
1795 2349 1823 2376 Fi

1053 2389 1119 2416 llum
1136 2389 1193 2416 Dei.
1213 2389 1339 2416 Dicentes
1359 2390 1439 2417 etiam
1457 2391 1540 2418 Denm
1561 2393 1743 2420 substantiam
1757 2402 1837 2421 unam

1052 2441 1113 2461 esse
1124 2454 1131 2466 ,
1143 2438 1170 2461 et
1186 2442 1330 2469 personam
1343 2443 1436 2469 unam,
1450 2445 1509 2470 qua:
1520 2439 1607 2465 tribus
1616 2439 1774 2466 nominibus
1790 2449 1837 2475 ap-

1051 2479 1179 2512 pellatur,
1196 2487 1247 2507 nec
1263 2480 1289 2506 in
1305 2481 1434 2513 Verbum,
1449 2490 1498 2509 nec
1517 2482 1543 2508 in
1561 2483 1693 2517 Spiritum
1710 2491 1835 2513 sanctum

1051 2524 1534 2563 crcdentes:erat“1-ﬁﬁ,3haac
1549 2531 1685 2557 sententia
1696 2530 1772 2558 Pauli
1787 2532 1838 2559 Sa-

1050 2571 1183 2597 mosateni
1193 2571 1355 2605 patriarchae
1365 2572 1539 2606 Antiocheui,
1547 2576 1660 2610 ejusque
1671 2581 1836 2605 sectatorqu

1051 2616 1096 2650 qui
1114 2615 1266 2644 Pauliciani
1284 2619 1411 2646 audiunt.
1440 2619 1525 2646 Erant
1546 2627 1574 2648 et
1593 2622 1639 2655 qui
1671 2628 1836 2657 assererem,

1053 2665 1110 2689 tres
1125 2670 1186 2690 esse
1207 2663 1282 2692 deos.
1300 2664 1345 2698 qui
1360 2672 1412 2691 non
1431 2666 1509 2692 aliter
1528 2674 1558 2693 se
1574 2667 1690 2695 habeant
1706 2676 1788 2703 quant
1807 2674 1837 2697 ut

1051 2707 1150 2740 bonus,
1167 2713 1192 2735 ct
1210 2709 1310 2741 malus,
1334 2714 1360 2737 et
1374 2711 1418 2745 qui
1436 2711 1518 2738 medii
1534 2712 1568 2739 sit
1581 2713 1652 2740 inter
1670 2721 1718 2742 eos
1731 2719 1835 2750 tempe-

1052 2755 1189 2786 ramenti;
1217 2763 1278 2789 qua:
1303 2755 1452 2784 Marcionis
1477 2757 1614 2786 maledicti
1642 2763 1669 2786 et
1696 2761 1834 2787 sociorum

1053 2798 1140 2832 ipsius
1174 2800 1308 2826 ειξιιιννιιιίκ
1338 2800 1408 2836 :qui
1421 2805 1448 2828 et
1476 2801 1645 2830 aﬂirmarunt
1673 2803 1834 2832 Marcioueiu

1589 2893 1603 2901 ρ
