2015 3081
216 187 285 219 1069

934 190 1119 221 ANNALES.

1776 180 1844 213 toto

215 246 273 272 loca
292 245 472 280 perquireret,
489 250 515 273 et
529 247 662 273 ecclesias
680 251 809 274 strueret.
825 246 897 274 Dixit
925 248 1005 282 quin-
1019 249 1041 277 Α
1058 247 1194 283 perierat:
1213 254 1300 274 annos
1324 245 1419 281 viginti
1437 249 1492 272 lres
1521 243 1601 275 sedit,
1624 242 1687 270 dei‘n
1718 245 1843 268 mortuus

214 292 297 318 etiam
323 291 426 319 Helena
450 291 623 320 Constantini
640 298 748 319 mater:
775 292 842 319 Vovi
872 300 922 328 ego
952 293 1004 318 itn-

215 344 274 363 ram
293 345 336 364 me
359 337 547 373 Hierosolyma
570 342 598 364 ιιι
628 339 786 373 pcrquisitis
810 338 876 365 locis
902 339 1005 365 sanctis

216 382 275 416 ipsa
291 382 415 410 mdtficiis
426 391 533 410 ornem.
547 383 612 410 Cum
628 392 692 418 ergo
708 392 831 419 magnam
849 384 900 418 ipsi
917 391 998 418 opum

215 429 322 462 copiam
337 429 452 464 largitus
469 435 551 462 esset,
563 430 683 465 profecta
700 436 740 457 est
762 429 843 466 ‘52
866 431 934 464 ipsa,
953 437 1005 456 una

216 481 278 500 cum
292 473 409 502 Macario
422 476 562 510 episeopo,
578 475 763 512 Hierosolyma
771 476 804 503 ad
814 483 921 503 crucem
933 484 1006 510 qua-

218 518 342 550 rundam,
359 519 404 546 ubi
421 521 580 547 convocatis
602 520 759 548 ludat-orum
777 519 964 555 Hierosolyma
981 526 1007 547 ct

218 567 338 591 montem
355 564 472 592 Galilatae
501 566 680 592 incolentium
697 569 812 593 centum
833 566 912 596 viris.
944 573 1006 592 cum

217 619 251 637 ex
263 611 316 638 illis
334 611 427 638 decent
447 610 576 644 elegisset
588 631 596 642 .
608 611 708 638 deinde
720 619 750 638 ex
771 611 838 645 ipsis
854 615 921 641 tres.
938 619 1006 644 quo-

218 662 278 681 rmn
295 655 339 682 uni
359 662 456 682 nomen
487 654 583 687 ludas.
601 656 706 690 rogavit
726 661 756 682 ut
783 655 835 690 ipsi
867 656 924 682 loca
946 663 1008 682 sau-

217 705 262 727 cta
278 701 450 732 indicarent;
469 700 507 727 illi
529 708 594 728 vero
616 700 784 733 abnuerunt,
814 701 938 728 dicentes
955 701 1006 728 sibi

218 745 308 773 lucum
326 750 420 773 notum
450 754 505 775 non
519 754 595 780 esse;
625 754 711 782 quare
738 747 812 782 ipsos
842 747 868 774 in
896 751 1007 781 puteum

219 800 289 827 aqua
303 800 420 820 vacuum
438 793 567 828 cenjecit.
594 794 639 820 ubi
657 801 717 820 cum
735 797 840 828 septem
857 793 916 820 dies
945 801 1008 828 per-

220 837 387 864 tnansissent
414 837 482 864 nihil
503 838 616 865 edentes
634 839 674 865 vel
692 838 828 869 bibentes,
857 829 926 865 dixit
954 844 1006 865 ter-

219 883 276 909 tius
292 883 336 909 ille
361 883 472 910 nomine
501 882 586 910 Iudas
615 884 699 911 sociis
729 884 807 912 suis:
827 883 908 911 Pater
931 892 1007 910 meus

220 929 280 956 loca
293 928 350 959 illa.
369 936 429 962 quae
444 929 558 962 inquirit
573 929 671 956 mulier
695 929 758 960 ista.
786 929 851 956 mihi
868 929 1008 959 imlicavit,

221 981 308 1008 caque
325 974 397 1008 patri
427 982 478 1002 suo
506 975 540 1002 ab
569 983 622 1002 aro
648 975 767 1002 indicata
800 975 893 1002 fuisse.
915 975 1010 1002 Excla-

223 1025 329 1047 mantcs
345 1027 409 1054 ergo
431 1021 528 1055 reliqui
554 1020 621 1051 duo,
652 1028 715 1047 cum
742 1028 756 1048 e
783 1025 865 1055 puteo
895 1020 1008 1048 extracti

222 1064 352 1098 fuissent,
370 1064 478 1092 Helena:
495 1070 657 1097 narrarunt,
673 1065 737 1100 quid
766 1066 834 1101 ipsis
849 1071 1010 1093 narraverat

220 1110 318 1138 Judas.
335 1110 420 1144 Quem
437 1119 499 1138 cum
523 1111 614 1147 ﬂagris
641 1113 708 1140 caedi
739 1112 881 1147 iussisset.
900 1113 1009 1140 confes-

221 1165 270 1183 sus
286 1161 328 1183 est
345 1157 389 1183 ille
413 1164 443 1184 se
463 1157 552 1184 locmn
579 1165 679 1190 nosse;
709 1158 903 1193 profectusque
922 1158 1009 1185 ι1οιιι-(ε

223 1202 257 1228 ad
274 1203 333 1229 loca
353 1202 398 1229 ubi
417 1208 510 1230 essent
538 1203 694 1236 sepulcrum:
721 1210 749 1231 et
775 1205 897 1231 cranimn
917 1213 1008 1238 pervc‘

224 1248 342 1280 nisscnt,
359 1247 420 1283 (fuit
435 1252 525 1275 autem
543 1248 620 1276 locus
646 1249 767 1276 fintetum
800 1248 939 1284 magnum)
958 1250 1008 1276 ibi-

223 1300 277 1327 que
291 1300 387 1326 preces
404 1292 522 1321 fundens
533 1294 602 1322 dixit
619 1294 763 1326 :Domine,
774 1296 795 1322 si
809 1294 891 1322 fuerit
908 1295 933 1322 in
949 1295 1008 1322 loco

224 1338 277 1365 isto
292 1338 459 1373 sepulcrum,
476 1338 517 1366 fac
538 1343 567 1366 ut
595 1343 729 1366 tremente
757 1339 800 1366 hic
832 1344 903 1366 terra
931 1342 1010 1366 exeat

226 1384 330 1414 fumus,
346 1391 401 1417 quo
417 1384 540 1411 credam.
557 1383 702 1412 Tremente
732 1391 797 1419 ergo
824 1385 884 1412 loco
904 1385 1010 1412 exieme

224 1429 287 1456 inde
305 1428 380 1455 fumo
396 1429 583 1462 suaveolente,
596 1430 723 1458 credidit.
740 1430 864 1464 Cumque
879 1430 1010 1465 jussissct

224 1476 325 1503 Helena
338 1476 426 1503 locum
444 1476 554 1509 pulvere
581 1477 690 1508 nudari,
709 1481 902 1511 apparuerunt
919 1478 1011 1512 sepul-

223 1530 300 1550 crum
322 1526 349 1549 et
366 1522 491 1549 cranium
510 1530 517 1549 :
539 1526 566 1550 at
580 1522 669 1550 tribus
696 1522 732 1550 ibi
763 1523 893 1550 crucibus
923 1531 1012 1558 reper-

1055 301 1107 323 est.
1121 297 1200 322 Anno
1219 294 1303 330 556
1323 293 1428 327 imperii
1445 291 1569 326 ejusdem
1596 289 1730 318 vicesimo
1756 288 1839 315 tertio

1057 346 1180 366 II‘OrlllllS
1194 343 1235 366 est
1249 338 1440 372 Metrophanes
1462 335 1618 371 patriarcha
1651 332 1844 361 Constantino-

1057 387 1192 420 po'itanus
1214 393 1276 412 cum
1294 389 1351 412 tres
1375 390 1462 410 annos
1481 381 1642 409 cathedram
1672 382 1844 414 occupasset.

1058 433 1200 466 factusque
1232 435 1273 458 est
1300 435 1360 465 post
1387 429 1476 464 ipsum
1509 426 1664 455 Alexander
1689 424 1844 459 patriarcha

1056 478 1394 513 Constantinopolitanus,
1418 476 1464 510 qui
1484 478 1547 502 octo
1572 480 1658 501 annos
1679 471 1766 504 sedit',
1784 471 1845 497 dein

1058 528 1185 551 mortuus
1201 527 1254 551 est.
1271 522 1358 550 Porro
1385 521 1524 549 Eusebius
1547 517 1713 546 Nicomedire
1741 516 1847 551 episco-

1058 580 1108 606 pus
1125 577 1151 598 et
1166 572 1261 599 secius
1279 570 1379 605 ipsius,
1403 569 1505 604 quibus
1516 574 1568 595 una
1584 574 1646 594 cum
1673 565 1738 592 Ario
1762 563 1848 590 male.-

1058 617 1185 643 dixerunt
1204 617 1317 644 trecenti
1334 620 1359 642 et
1386 614 1550 645 octodecim,
1571 613 1603 640 ad
1634 610 1846 638 Constantinum

1060 663 1222 690 accedentes
1237 669 1316 696 opem
1342 661 1430 694 ipsius
1452 660 1646 694 implorarunt,
1675 659 1803 691 rogantes
1821 660 1849 681 ιιι

1060 709 1177 742 receptis
1194 708 1262 742 ipsis
1291 706 1512 734 maledictioncm
1538 704 1643 731 irritam
1670 701 1793 729 faceret:
1819 708 1849 727 se

1059 755 1194 790 siquidem
1213 754 1278 781 Ario
1293 754 1406 787 ejusque
1432 751 1594 779 sententiam
1617 747 1750 783 amplexis
1764 746 1849 773 male-

1059 802 1355 834 dicere,eamdemnne
1378 805 1460 833 quam
1490 796 1605 824 trecenti
1630 793 1782 822 octodecim
1810 792 1847 818 illi

1060 848 1075 874 fi
1088 848 1138 874 lem
1154 846 1285 882 protiteri.
1301 844 1428 879 [teecptis
1444 850 1508 877 ergo
1532 841 1599 876 ipsis
1611 848 1658 867 rex
1681 837 1850 866 maledictio-

1061 898 1122 917 uctn
1137 890 1260 922 sustulit,
1273 893 1299 916 et
1318 888 1465 916 Eusebium
1483 884 1722 912 Nicomediensem
1740 889 1849 909 assum-

1063 941 1137 971 ptum
1161 935 1348 970 patriarcham
1373 929 1615 966 Constantinopoli
1637 928 1770 964 praefecit.
1799 927 1851 954 lic-

1063 983 1121 1010 lena
1133 986 1223 1008 autent
1241 981 1325 1008 misso
1354 980 1424 1006 duce
1455 977 1574 1013 quodam
1599 976 1693 1002 inultis
1716 975 1859 1015 Instructo

1062 1028 1170 1062 opibus,
1194 1027 1338 1054 ecclesiam
1358 1024 1441 1051 Rohae
1457 1023 1605 1054 exstruxit,
1616 1021 1671 1053 cui,
1682 1024 1712 1048 ut
1721 1024 1748 1048 et
1765 1019 1850 1048 eccles

1062 1072 1111 1099 siis
1125 1070 1321 1106 Hierosolymis
1336 1069 1497 1100 exstructis,
1517 1075 1578 1094 cum
1595 1067 1677 1094 finem
1705 1065 1852 1100 imposuis—

1061 1113 1307 1148 sent,consecrari
1341 1120 1389 1140 eas
1417 1112 1502 1139 voluit
1530 1111 1690 1145 imperator,
1711 1116 1792 1144 quem
1823 1108 1849 1134 in

1063 1162 1142 1188 tinem
1157 1159 1304 1188 Eusebium
1317 1159 1500 1194 patriarcliam
1517 1155 1850 1191 Constantinopolitanum

1063 1206 1248 1242 Hierosolyma
1267 1205 1401 1241 proficisci
1415 1204 1509 1238 jussit,
1535 1203 1628 1236 ibique
1659 1202 1850 1236 episcoporum

1061 1253 1208 1280 concilium
1223 1252 1384 1280 indicerent
1404 1251 1525 1277 locormn
1550 1247 1750 1275 consecrationi
1767 1246 1808 1273 int
1818 1253 1852 1274 ϊ-

1060 1306 1162 1328 cssent.
1197 1299 1366 1333 Scripsitque
1398 1295 1597 1324 Constantinus
1633 1295 1783 1328 imperator
1818 1292 1851 1319 ad

1062 1346 1242 1374 Athanasium
1258 1343 1442 1379 patriareham
1465 1340 1684 1368 Alexandrinum
1705 1342 1735 1365 ut
1749 1341 1777 1365 et
1794 1337 1852 1372 ipsc

1062 1390 1227 1419 dedieationi
1245 1389 1289 1416 isti
1310 1389 1464 1419 interesset,
1484 1390 1514 1413 ut
1539 1386 1612 1413 dicto
1643 1391 1694 1411 suo
1719 1383 1853 1417 obseque-

1062 1442 1147 1469 retur,
1161 1443 1211 1463 ncc
1225 1435 1248 1462 ei
1259 1433 1440 1470 $57-$59
1451 1432 1655 1466 immorigerum
1669 1437 1698 1458 se
1710 1429 1851 1463 praeberet,

1064 1489 1191 1509 monens.
1206 1480 1300 1514 Nepoti
1314 1479 1396 1506 etiam
1413 1485 1474 1509 suo,
1487 1477 1532 1504 cui
1553 1483 1652 1504 nomen
1671 1474 1850 1505 Delmatinus,

1064 1529 1091 1555 in
1106 1527 1242 1554 mandatis
1258 1526 1344 1556 dedit.
1368 1529 1396 1551 ut
1414 1523 1559 1551 concilium
1579 1522 1647 1549 illud
1660 1521 1757 1554 adiret,
1771 1525 1853 1555 atque

224 1570 270 1601 tis,
283 1569 424 1602 Quomodo
437 1569 537 1604 (inquit
554 1569 870 1605 llclena)dignoscenuts
885 1578 1008 1604 quamam
1024 1591 1046 1621 α
1065 1575 1092 1600 in
1110 1574 1178 1601 urbe
1197 1573 1271 1608 Tyro
1287 1575 1422 1599 maneret.

224 1614 344 1650 ipsarum
354 1615 529 1643 cruxChristi
539 1615 631 1643 fuerit?
642 1615 728 1650 Prope
736 1620 826 1643 autent
833 1615 1014 1652 453-455

229 1661 296 1694 ipsis
312 1659 400 1686 adfuit
418 1660 530 1694 quidam
550 1660 644 1687 morbo
669 1660 813 1688 admodum
830 1661 905 1696 gravi
936 1661 1012 1688 labo-

225 1714 292 1734 rans
310 1706 380 1733 adeo
399 1711 428 1734 ut
445 1707 518 1734 nulla
547 1707 644 1733 salutis
671 1714 734 1741 spes
762 1706 815 1741 ipsi
845 1712 1011 1740 superesset,

226 1753 272 1779 cui
288 1752 421 1786 impasitaz
435 1759 533 1780 cruces
560 1752 646 1786 prima
662 1757 688 1779 et
716 1753 836 1780 secunda
857 1752 926 1779 nihil
952 1760 1013 1786 νεο-

230 1799 359 1829 fuerunt;
383 1798 586 1832 quamprimum
611 1803 703 1826 autem
723 1798 802 1825 tertia
833 1798 887 1833 ipsi
904 1799 1011 1826 admota

226 1843 289 1875 fuit,
303 1843 422 1870 surrexit
434 1843 658 1878 :egrotusmorbo
674 1851 724 1870 suo
739 1843 846 1877 penitus
871 1844 1012 1877 liberatus,

226 1895 259 1915 ac
276 1888 387 1915 sanitati
405 1889 556 1916 restitutus.
573 1888 649 1916 Unde
661 1889 736 1916 novit
758 1889 859 1917 llelena
874 1898 933 1918 eam
958 1890 1013 1917 Do-

229 1934 297 1961 mini
315 1934 401 1961 nostri
423 1934 536 1967 Christi,
553 1942 606 1961 non
624 1935 685 1962 sine
712 1935 889 1963 veneratione
914 1943 1013 1964 memo-

227 1979 329 2011 randi,
345 1986 453 2006 crucem
483 1979 580 2006 fuisse.
605 1979 693 2012 Quam
717 1988 784 2015 ergo
810 1981 896 2009 theca:
924 1989 1013 2009 aurea-

227 2024 382 2060 impositam
407 2031 501 2052 secum
521 2026 672 2058 asportavit
689 2034 696 2056 ς
714 2030 741 2053 et
756 2029 941 2062 quodcunque
963 2027 1014 2054 Do-

228 2071 303 2098 mino
317 2076 411 2098 nostro
422 2070 534 2098 Christo
560 2071 733 2098 reconditum
751 2071 840 2100 fuerat
865 2073 899 2100 ad
927 2073 1010 2101 filium

227 2124 307 2144 suum
324 2116 536 2144 Constantinum
552 2117 676 2144 abduxit.
702 2117 908 2154 Exstructisque
924 2120 1011 2147 eccle-

227 2163 266 2190 sia
283 2162 519 2195 Resurrectionis.
535 2168 561 2190 et
574 2164 668 2191 cranio
692 2168 720 2191 et
735 2165 852 2192 ecclesia
876 2166 1012 2193 Constan-

227 2210 276 2237 tini
294 2217 402 2237 reversa
415 2213 468 2242 est,
492 2210 569 2244 jusso
584 2209 705 2237 Macario
725 2209 855 2245 episcopo
880 2211 1011 2238 Hieroso-

227 2255 357 2290 lymitano
374 2255 492 2290 reliquas
503 2255 633 2283 ecclesias
645 2259 800 2283 exstruere.

262 2299 374 2327 Factum
391 2304 433 2327 est
452 2300 503 2327 hoc
517 2307 589 2327 anno
608 2300 716 2334 imperii
739 2300 913 2326 Constantini
939 2300 1012 2328 vice-

226 2346 296 2372 simo
308 2346 441 2372 secundo.
466 2345 551 2373 Porro
577 2353 591 2372 a
619 2350 684 2372 nato
707 2344 822 2373 Domino
843 2345 954 2373 Christo
978 2345 1011 2373 ad

227 2392 411 2419 inventionem
432 2391 524 2419 crucis
542 2391 606 2418 anni
633 2391 744 2419 fuerunt
773 2392 887 2419 trecenti
916 2392 1011 2427 viginti

226 2441 299 2464 octo.
324 2437 403 2464 Anno
437 2442 528 2464 autem
561 2437 668 2472 imperii
685 2437 857 2465 Constantini
880 2437 1012 2465 vicesimo

227 2483 317 2517 primo
331 2483 500 2510 constitutus
517 2487 560 2510 est
581 2483 751 2510 Athanasius
776 2483 935 2517 patriarcha
955 2484 1012 2510 Ale-

226 2528 390 2561 xandrinus,
408 2529 454 2563 qui
470 2528 588 2563 scriptor
617 2528 692 2556 fuit:
717 2535 804 2556 annos
832 2528 1012 2564 quadraginta

229 2582 277 2602 sex
306 2574 389 2602 sedit.
411 2575 490 2601 Anno
519 2574 626 2609 imperii
655 2574 743 2609 ipsius
775 2574 908 2602 vicesimo
931 2576 1013 2604 tertio

227 2619 396 2648 constitutus
410 2624 452 2647 est
469 2619 595 2647 Valerius
627 2620 784 2655 patriarcha
812 2621 1011 2655 Antiochenus,

227 2665 272 2697 qui
291 2671 378 2692 annos
404 2665 530 2693 undecim
559 2666 642 2698 sedit,
669 2666 769 2695 deinde
795 2671 921 2695 mortuus
945 2673 1012 2696 est:

227 2710 347 2738 Ariauus
362 2710 422 2739 fuit.
438 2711 518 2739 Anno
541 2711 666 2747 ejusdem
683 2712 813 2741 vicesimo
839 2720 912 2741 nouo
926 2713 1015 2742 factus

227 2759 270 2783 est
286 2755 469 2784 Maximianus
492 2757 639 2792 episcopus
664 2757 942 2794 Hierosolymitanus,
973 2761 1015 2786 vir

230 2800 354 2833 humilis,
365 2805 393 2828 et
420 2802 464 2829 cui
478 2802 577 2831 oculus
603 2802 699 2832 dexter
726 2807 849 2838 tempore
871 2804 1014 2833 seditionis

266 2894 274 2908 ⁷
291 2893 370 2920 Joan.
386 2901 405 2926 ι,
422 2893 438 2920 3
454 2901 514 2928 sqq.

1099 1619 1165 1647 Cum
1192 1625 1257 1652 ergo
1274 1617 1307 1644 de
1322 1615 1531 1644 consecratione
1558 1615 1629 1642 inter
1645 1614 1720 1648 ipsos
1744 1621 1851 1641 convc-

1063 1667 1162 1698 uisset,
1177 1664 1367 1699 Hierosolyma
1384 1662 1538 1692 tendentes,
1555 1661 1582 1687 in
1600 1660 1667 1687 urbe
1692 1658 1765 1694 Tyro
1782 1667 1852 1687 con-

1064 1712 1165 1748 gregati
1181 1715 1260 1743 sunt;
1276 1710 1322 1737 ubi
1336 1708 1483 1736 adfuerunt
1496 1706 1679 1734 Maximianus
1691 1704 1852 1732 Monocnlus

1063 1760 1211 1793 episcopus
1228 1755 1506 1790 Hierosolymitanus,
1532 1752 1702 1780 Athanasius
1733 1751 1851 1785 patriar-

1064 1804 1113 1830 cha
1127 1801 1340 1833 Alexandrinus,
1355 1799 1482 1827 Valerius
1499 1797 1653 1832 patriarcha
1665 1796 1852 1824 Antiochenns

1066 1857 1128 1876 cum
1158 1846 1294 1883 episcopis
1321 1845 1508 1879 compluribus
1536 1850 1690 1878 magnaque
1709 1842 1850 1869 hominum

1066 1894 1250 1921 inultitudine.
1276 1891 1338 1918 Fuit
1360 1890 1461 1918 ibldem
1486 1890 1512 1916 in
1538 1888 1656 1916 concilio
1670 1888 1783 1922 quidam
1805 1894 1853 1914 no-

1065 1942 1138 1968 mine
1152 1938 1314 1969 Eumcnius,
1331 1943 1441 1971 unaque
1461 1943 1523 1962 cum
1549 1935 1608 1969 ipso
1621 1934 1715 1969 plures
1727 1934 1773 1968 qui
1795 1934 1851 1959 Arii

1065 1985 1229 2014 sententiam
1250 1982 1497 2017 amplectebantur.
1515 1979 1666 2007 Subinnuit
1687 1986 1753 2013 ergo
1770 1977 1852 2005 Euse-

1065 2033 1123 2059 bius
1144 2028 1298 2066 patriarcha
1321 2025 1643 2060 Conslantinopolitanus
1668 2024 1801 2051 Enmeuio
1823 2027 1853 2050 ut

1064 2077 1239 2111 quastionem
1252 2073 1400 2100 Athanasio
1415 2071 1578 2107 patriarcha:
1592 2069 1778 2098 Alexandrino
1792 2076 1852 2096 mo-

1064 2126 1148 2149 veret.
1167 2119 1304 2148 Eusebius
1319 2118 1467 2153 siquidem,
1481 2117 1531 2145 etsi
1549 2116 1582 2144 ad
1608 2122 1699 2151 regem
1726 2122 1854 2143 reversus

1066 2168 1205 2202 professus
1231 2169 1304 2194 esset
1324 2172 1354 2192 se
1374 2164 1438 2192 Ario
1460 2163 1640 2194 contrarium,
1663 2162 1735 2189 idem
1760 2166 1851 2189 tamen

1065 2221 1126 2241 eum
1155 2213 1202 2240 illo
1229 2211 1374 2241 sentiebat.
1400 2215 1482 2244 atque
1504 2209 1657 2237 asserebat.
1692 2207 1766 2234 Dixit
1785 2215 1852 2242 ergo

1028 2254 1240 2286 DEumenius:
1265 2257 1324 2285 Non
1353 2256 1497 2284 affirmavit
1523 2255 1606 2283 Arius
1634 2255 1777 2283 Christum
1808 2261 1853 2282 res

1065 2310 1186 2335 creasse,
1214 2310 1321 2334 verum,
1345 2309 1392 2336 per
1421 2301 1510 2336 ipsum
1537 2307 1582 2328 res
1607 2299 1696 2328 fuisse
1722 2303 1851 2326 creatas:

1066 2351 1154 2384 ipsum
1168 2349 1241 2376 enim
1256 2347 1374 2375 Verbum
1389 2354 1452 2374 esse
1464 2346 1512 2374 Dei
1528 2353 1583 2381 quo
1599 2350 1692 2373 creata
1714 2349 1780 2373 sunt
1794 2351 1852 2372 cm-

1066 2394 1122 2422 lum
1137 2397 1165 2421 et
1179 2397 1251 2420 terra
1267 2401 1274 2419 :
1291 2398 1401 2420 creasse
1418 2391 1492 2419 enim
1509 2390 1593 2418 Deum
1609 2397 1654 2418 res
1673 2397 1721 2425 per
1732 2389 1850 2417 Verbum

1066 2446 1158 2472 suum,
1174 2443 1200 2467 at
1213 2438 1331 2466 Verbum
1358 2437 1418 2470 ejus
1441 2444 1485 2463 res
1505 2436 1574 2463 istas
1595 2443 1649 2463 non
1673 2441 1784 2463 creasse
1801 2441 1810 2461 :
1825 2439 1852 2461 et

1066 2484 1138 2512 sicut
1149 2483 1218 2511 dixit
1229 2481 1360 2510 Dominus
1368 2480 1494 2508 Christus
1506 2481 1535 2507 in
1544 2479 1704 2515 Evangelio,
1717 2479 1751 2507 Et
1762 2479 1852 2506 omnia

1065 2537 1111 2564 per
1135 2530 1221 2564 ipsum
1236 2530 1352 2564 fuerunt,
1366 2533 1391 2554 et
1406 2527 1462 2554 sine
1477 2527 1534 2561 ipso
1556 2534 1609 2554 non
1628 2527 1680 2560 fuit
1696 2526 1851 2562 quidquam,

1067 2583 1158 2602 eorum
1173 2582 1232 2609 qua
1249 2574 1368 2608 fuerunt.
1390 2573 1538 2606 Dixitque:
1553 2572 1605 2600 Per
1627 2572 1713 2607 ipsum
1730 2572 1783 2606 fuit
1796 2571 1851 2598 vita

1064 2626 1087 2648 et
1104 2621 1158 2648 vita
1177 2619 1224 2647 tua:
1237 2624 1295 2647 erat
1303 2619 1448 2646 hominum.
1462 2617 1527 2646 Item
1544 2626 1552 2645 :
1572 2617 1604 2645 In
1625 2617 1726 2645 mundo
1741 2617 1804 2653 fuit,
1826 2622 1852 2644 et

1066 2666 1180 2694 mundus
1195 2665 1278 2702 ἧσο
1292 2673 1337 2700 per
1352 2666 1438 2699 ipsum
1458 2664 1546 2698 factus
1562 2669 1600 2692 est
1613 2668 1637 2692 ι.
1667 2664 1772 2692 Retulit
1785 2671 1850 2698 ergo

1065 2720 1109 2741 res
1125 2720 1172 2747 per
1194 2712 1283 2746 ipsum
1312 2710 1406 2742 factas_
1423 2708 1520 2740 fuisse.
1545 2716 1599 2736 non
1624 2713 1715 2736 autem
1741 2708 1774 2735 ab
1790 2708 1850 2742 ipso

1063 2758 1149 2785 factas
1166 2764 1242 2785 esse:
1261 2756 1333 2788 Haec,
1356 2751 1460 2789 inquit,
1480 2754 1616 2782 eratArii
1641 2754 1788 2784 sententia.
1804 2760 1850 2781 vc-

1064 2811 1123 2832 rum
1139 2802 1255 2831 trecenti
1269 2801 1421 2830 octodecim
1435 2799 1484 2831 illi.
1503 2799 1598 2834 inique
1614 2807 1676 2828 cum
1696 2800 1755 2834 ipso
1767 2806 1850 2834 agen-
