  <div class='ocr_page' id='page_1' title='image "/cluster/home/n/w/nwhite01/storage/ocr_20150623/111/njp.32101077772943/577.png"; bbox 0 0 2015 3081; ppageno 0'>
   <div class='ocr_carea' id='block_1_1' title="bbox 198 141 265 173">
    <p class='ocr_par' dir='ltr' id='par_1_1' title="bbox 198 141 265 173">
     <span class='ocr_line' id='line_1_1' title="bbox 198 141 265 173; baseline -0.015 0"><span class='ocrx_word' id='word_1_1' title='bbox 198 141 265 173; x_wconf 75' lang='lat'><strong>1011</strong></span> 
     </span>
    </p>
   </div>
   <div class='ocr_carea' id='block_1_2' title="bbox 705 138 1307 173">
    <p class='ocr_par' dir='ltr' id='par_1_2' title="bbox 705 138 1307 173">
     <span class='ocr_line' id='line_1_2' title="bbox 705 138 1307 173; baseline -0.008 0"><span class='ocrx_word' id='word_1_2' title='bbox 705 141 890 173; x_wconf 85' lang='lat' dir='ltr'><strong>EUTYCIIII</strong></span> <span class='ocrx_word' id='word_1_3' title='bbox 910 138 1176 169; x_wconf 73' lang='lat' dir='ltr'><strong>ALEXANDRINI</strong></span> <span class='ocrx_word' id='word_1_4' title='bbox 1199 139 1307 169; x_wconf 79' lang='lat' dir='ltr'><strong>PATR.</strong></span> 
     </span>
    </p>
   </div>
   <div class='ocr_carea' id='block_1_3' title="bbox 1753 131 1821 163">
    <p class='ocr_par' dir='ltr' id='par_1_3' title="bbox 1753 131 1821 163">
     <span class='ocr_line' id='line_1_3' title="bbox 1753 131 1821 163; baseline -0.044 0"><span class='ocrx_word' id='word_1_5' title='bbox 1753 131 1821 163; x_wconf 70' lang='lat'><strong>1012</strong></span> 
     </span>
    </p>
   </div>
   <div class='ocr_carea' id='block_1_4' title="bbox 194 187 1821 236">
    <p class='ocr_par' dir='ltr' id='par_1_4' title="bbox 194 187 1821 236">
     <span class='ocr_line' id='line_1_4' title="bbox 194 187 1821 236; baseline -0.01 -7"><span class='ocrx_word' id='word_1_6' title='bbox 194 202 246 231; x_wconf 64' lang='lat'><strong>“‘5.</strong></span> <span class='ocrx_word' id='word_1_7' title='bbox 270 200 370 235; x_wconf 82' lang='lat' dir='ltr'><strong>injuria</strong></span> <span class='ocrx_word' id='word_1_8' title='bbox 395 201 472 229; x_wconf 91' lang='lat' dir='ltr'><strong>illum</strong></span> <span class='ocrx_word' id='word_1_9' title='bbox 497 207 578 236; x_wconf 89' lang='lat' dir='ltr'><strong>atqtte</strong></span> <span class='ocrx_word' id='word_1_10' title='bbox 605 199 742 228; x_wconf 89' lang='lat' dir='ltr'><strong>immerito</strong></span> <span class='ocrx_word' id='word_1_11' title='bbox 757 197 982 226; x_wconf 76' lang='lat' dir='ltr'><strong>excommunica-</strong></span> <span class='ocrx_word' id='word_1_12' title='bbox 1000 197 1020 224; x_wconf 73' lang='grc' dir='ltr'><strong>Α</strong></span> <span class='ocrx_word' id='word_1_13' title='bbox 1037 195 1090 227; x_wconf 84' lang='lat' dir='ltr'><strong>Iiit,</strong></span> <span class='ocrx_word' id='word_1_14' title='bbox 1109 195 1154 222; x_wconf 86' lang='lat' dir='ltr'><strong>ubi</strong></span> <span class='ocrx_word' id='word_1_15' title='bbox 1173 195 1234 222; x_wconf 79' lang='lat' dir='ltr'><strong>oleo</strong></span> <span class='ocrx_word' id='word_1_16' title='bbox 1250 193 1409 221; x_wconf 83' lang='lat' dir='ltr'><strong>chrismatis</strong></span> <span class='ocrx_word' id='word_1_17' title='bbox 1424 191 1561 223; x_wconf 84' lang='lat' dir='ltr'><strong>confecto,</strong></span> <span class='ocrx_word' id='word_1_18' title='bbox 1582 190 1658 218; x_wconf 90' lang='lat' dir='ltr'><strong>nullo</strong></span> <span class='ocrx_word' id='word_1_19' title='bbox 1679 187 1821 236; x_wconf 73' lang='lat' dir='ltr'><strong>episcopo—</strong></span> 
     </span>
    </p>
   </div>
   <div class='ocr_carea' id='block_1_5' title="bbox 194 244 976 282">
    <p class='ocr_par' dir='ltr' id='par_1_5' title="bbox 194 244 976 282">
     <span class='ocr_line' id='line_1_5' title="bbox 194 244 976 282; baseline -0.005 -9"><span class='ocrx_word' id='word_1_20' title='bbox 194 251 268 274; x_wconf 88' lang='lat' dir='ltr'><strong>runt.</strong></span> <span class='ocrx_word' id='word_1_21' title='bbox 281 247 331 274; x_wconf 90' lang='lat' dir='ltr'><strong>Cui</strong></span> <span class='ocrx_word' id='word_1_22' title='bbox 351 248 489 282; x_wconf 76' lang='lat' dir='ltr'><strong>respondlt</strong></span> <span class='ocrx_word' id='word_1_23' title='bbox 508 246 674 274; x_wconf 79' lang='lat' dir='ltr'><strong>Athanasius</strong></span> <span class='ocrx_word' id='word_1_24' title='bbox 686 245 841 280; x_wconf 80' lang='lat' dir='ltr'><strong>patriarcha</strong></span> <span class='ocrx_word' id='word_1_25' title='bbox 857 244 976 270; x_wconf 77' lang='lat' dir='ltr'><strong>Alexan-</strong></span> 
     </span>
    </p>
   </div>
   <div class='ocr_carea' id='block_1_6' title="bbox 193 290 977 324">
    <p class='ocr_par' dir='ltr' id='par_1_6' title="bbox 193 290 977 324">
     <span class='ocr_line' id='line_1_6' title="bbox 193 290 977 324; baseline -0.003 -7"><span class='ocrx_word' id='word_1_26' title='bbox 193 291 292 319; x_wconf 91' lang='lat' dir='ltr'><strong>drinus</strong></span> <span class='ocrx_word' id='word_1_27' title='bbox 309 292 393 320; x_wconf 84' lang='lat' dir='ltr'><strong>:Ario</strong></span> <span class='ocrx_word' id='word_1_28' title='bbox 414 291 482 319; x_wconf 85' lang='lat' dir='ltr'><strong>nihil</strong></span> <span class='ocrx_word' id='word_1_29' title='bbox 507 291 575 319; x_wconf 86' lang='lat' dir='ltr'><strong>falso</strong></span> <span class='ocrx_word' id='word_1_30' title='bbox 594 291 766 324; x_wconf 71' lang='lat' dir='ltr'><strong>impcgerunt</strong></span> <span class='ocrx_word' id='word_1_31' title='bbox 784 290 904 324; x_wconf 83' lang='lat' dir='ltr'><strong>episcopi</strong></span> <span class='ocrx_word' id='word_1_32' title='bbox 923 294 977 315; x_wconf 90' lang='lat' dir='ltr'><strong>tre-</strong></span> 
     </span>
    </p>
   </div>
   <div class='ocr_carea' id='block_1_7' title="bbox 195 335 976 371">
    <p class='ocr_par' dir='ltr' id='par_1_7' title="bbox 195 335 976 371">
     <span class='ocr_line' id='line_1_7' title="bbox 195 335 976 371; baseline -0.003 -8"><span class='ocrx_word' id='word_1_33' title='bbox 195 337 267 364; x_wconf 80' lang='lat' dir='ltr'><strong>centi</strong></span> <span class='ocrx_word' id='word_1_34' title='bbox 298 337 470 370; x_wconf 82' lang='lat' dir='ltr'><strong>octodecim,</strong></span> <span class='ocrx_word' id='word_1_35' title='bbox 493 345 542 364; x_wconf 89' lang='lat' dir='ltr'><strong>nec</strong></span> <span class='ocrx_word' id='word_1_36' title='bbox 566 337 665 371; x_wconf 85' lang='lat' dir='ltr'><strong>injuria</strong></span> <span class='ocrx_word' id='word_1_37' title='bbox 695 336 782 370; x_wconf 91' lang='lat' dir='ltr'><strong>ipsum</strong></span> <span class='ocrx_word' id='word_1_38' title='bbox 815 335 976 363; x_wconf 74' lang='lat' dir='ltr'><strong>affecerunt.</strong></span> 
     </span>
    </p>
   </div>
   <div class='ocr_carea' id='block_1_8' title="bbox 195 382 977 419">
    <p class='ocr_par' dir='ltr' id='par_1_8' title="bbox 195 382 977 419">
     <span class='ocr_line' id='line_1_8' title="bbox 195 382 977 419; baseline -0.003 -10"><span class='ocrx_word' id='word_1_39' title='bbox 195 383 345 410; x_wconf 76' lang='lat' dir='ltr'><strong>Affirmavit</strong></span> <span class='ocrx_word' id='word_1_40' title='bbox 366 384 438 411; x_wconf 91' lang='lat' dir='ltr'><strong>enim</strong></span> <span class='ocrx_word' id='word_1_41' title='bbox 466 384 523 419; x_wconf 84' lang='lat' dir='ltr'><strong>ipse</strong></span> <span class='ocrx_word' id='word_1_42' title='bbox 542 392 549 410; x_wconf 88' lang='lat'><strong>:</strong></span> <span class='ocrx_word' id='word_1_43' title='bbox 565 383 664 410; x_wconf 84' lang='lat' dir='ltr'><strong>Filium</strong></span> <span class='ocrx_word' id='word_1_44' title='bbox 697 383 802 418; x_wconf 84' lang='lat' dir='ltr'><strong>absque</strong></span> <span class='ocrx_word' id='word_1_45' title='bbox 829 382 908 409; x_wconf 93' lang='lat' dir='ltr'><strong>Patre</strong></span> <span class='ocrx_word' id='word_1_46' title='bbox 934 389 977 408; x_wconf 81' lang='lat' dir='ltr'><strong>res</strong></span> 
     </span>
    </p>
   </div>
   <div class='ocr_carea' id='block_1_9' title="bbox 194 428 978 462">
    <p class='ocr_par' dir='ltr' id='par_1_9' title="bbox 194 428 978 462">
     <span class='ocr_line' id='line_1_9' title="bbox 194 428 978 462; baseline -0.004 -6"><span class='ocrx_word' id='word_1_47' title='bbox 194 437 311 456; x_wconf 81' lang='lat' dir='ltr'><strong>creasse.</strong></span> <span class='ocrx_word' id='word_1_48' title='bbox 337 429 414 462; x_wconf 88' lang='lat' dir='ltr'><strong>Quod</strong></span> <span class='ocrx_word' id='word_1_49' title='bbox 429 429 451 457; x_wconf 89' lang='lat' dir='ltr'><strong>si</strong></span> <span class='ocrx_word' id='word_1_50' title='bbox 470 438 514 458; x_wconf 83' lang='lat' dir='ltr'><strong>res</strong></span> <span class='ocrx_word' id='word_1_51' title='bbox 534 438 549 457; x_wconf 88' lang='lat' dir='ltr'><strong>a</strong></span> <span class='ocrx_word' id='word_1_52' title='bbox 565 430 634 458; x_wconf 86' lang='lat' dir='ltr'><strong>Filio</strong></span> <span class='ocrx_word' id='word_1_53' title='bbox 650 433 748 458; x_wconf 68' lang='lat' dir='ltr'><strong>creata:</strong></span> <span class='ocrx_word' id='word_1_54' title='bbox 771 429 883 462; x_wconf 85' lang='lat' dir='ltr'><strong>fuerim,</strong></span> <span class='ocrx_word' id='word_1_55' title='bbox 898 428 933 455; x_wconf 90' lang='lat' dir='ltr'><strong>ita</strong></span> <span class='ocrx_word' id='word_1_56' title='bbox 950 432 978 454; x_wconf 89' lang='lat' dir='ltr'><strong>ut</strong></span> 
     </span>
    </p>
   </div>
   <div class='ocr_carea' id='block_1_10' title="bbox 196 473 978 509">
    <p class='ocr_par' dir='ltr' id='par_1_10' title="bbox 196 473 978 509">
     <span class='ocr_line' id='line_1_10' title="bbox 196 473 978 509; baseline 0 -11"><span class='ocrx_word' id='word_1_57' title='bbox 196 473 275 500; x_wconf 83' lang='lat' dir='ltr'><strong>Pater</strong></span> <span class='ocrx_word' id='word_1_58' title='bbox 296 473 417 507; x_wconf 87' lang='lat' dir='ltr'><strong>ipsarmn</strong></span> <span class='ocrx_word' id='word_1_59' title='bbox 442 478 550 501; x_wconf 80' lang='lat' dir='ltr'><strong>creator</strong></span> <span class='ocrx_word' id='word_1_60' title='bbox 567 482 622 501; x_wconf 93' lang='lat' dir='ltr'><strong>non</strong></span> <span class='ocrx_word' id='word_1_61' title='bbox 644 474 695 505; x_wconf 88' lang='lat' dir='ltr'><strong>sit,</strong></span> <span class='ocrx_word' id='word_1_62' title='bbox 729 478 860 509; x_wconf 86' lang='lat' dir='ltr'><strong>sequetur</strong></span> <span class='ocrx_word' id='word_1_63' title='bbox 888 473 978 507; x_wconf 88' lang='lat' dir='ltr'><strong>ipsum</strong></span> 
     </span>
    </p>
   </div>
   <div class='ocr_carea' id='block_1_11' title="bbox 194 517 977 554">
    <p class='ocr_par' dir='ltr' id='par_1_11' title="bbox 194 517 977 554">
     <span class='ocr_line' id='line_1_11' title="bbox 194 517 977 554; baseline 0.001 -11"><span class='ocrx_word' id='word_1_64' title='bbox 194 517 260 544; x_wconf 86' lang='lat' dir='ltr'><strong>nihil</strong></span> <span class='ocrx_word' id='word_1_65' title='bbox 283 518 395 545; x_wconf 87' lang='lat' dir='ltr'><strong>omnino</strong></span> <span class='ocrx_word' id='word_1_66' title='bbox 423 526 516 546; x_wconf 83' lang='lat' dir='ltr'><strong>carum</strong></span> <span class='ocrx_word' id='word_1_67' title='bbox 538 526 665 549; x_wconf 80' lang='lat' dir='ltr'><strong>creasse.</strong></span> <span class='ocrx_word' id='word_1_68' title='bbox 690 519 762 554; x_wconf 87' lang='lat' dir='ltr'><strong>quod</strong></span> <span class='ocrx_word' id='word_1_69' title='bbox 789 519 849 546; x_wconf 82' lang='lat' dir='ltr'><strong>falsi</strong></span> <span class='ocrx_word' id='word_1_70' title='bbox 876 519 977 545; x_wconf 84' lang='lat' dir='ltr'><strong>crimen</strong></span> 
     </span>
    </p>
   </div>
   <div class='ocr_carea' id='block_1_12' title="bbox 195 565 979 602">
    <p class='ocr_par' dir='ltr' id='par_1_12' title="bbox 195 565 979 602">
     <span class='ocr_line' id='line_1_12' title="bbox 195 565 979 602; baseline 0.003 -12"><span class='ocrx_word' id='word_1_71' title='bbox 195 566 311 592; x_wconf 89' lang='lat' dir='ltr'><strong>intentat</strong></span> <span class='ocrx_word' id='word_1_72' title='bbox 328 565 366 592; x_wconf 93' lang='lat' dir='ltr'><strong>illi</strong></span> <span class='ocrx_word' id='word_1_73' title='bbox 389 567 461 599; x_wconf 81' lang='lat' dir='ltr'><strong>quod</strong></span> <span class='ocrx_word' id='word_1_74' title='bbox 485 567 513 594; x_wconf 89' lang='lat' dir='ltr'><strong>in</strong></span> <span class='ocrx_word' id='word_1_75' title='bbox 528 566 678 602; x_wconf 82' lang='lat' dir='ltr'><strong>Evangelio</strong></span> <span class='ocrx_word' id='word_1_76' title='bbox 697 567 800 594; x_wconf 87' lang='lat' dir='ltr'><strong>dictum</strong></span> <span class='ocrx_word' id='word_1_77' title='bbox 817 572 859 594; x_wconf 91' lang='lat' dir='ltr'><strong>est</strong></span> <span class='ocrx_word' id='word_1_78' title='bbox 874 576 880 594; x_wconf 90' lang='lat'><strong>:</strong></span> <span class='ocrx_word' id='word_1_79' title='bbox 897 566 979 593; x_wconf 76' lang='lat' dir='ltr'><strong>Pater</strong></span> 
     </span>
    </p>
   </div>
   <div class='ocr_carea' id='block_1_13' title="bbox 194 611 978 647">
    <p class='ocr_par' dir='ltr' id='par_1_13' title="bbox 194 611 978 647">
     <span class='ocr_line' id='line_1_13' title="bbox 194 611 978 647; baseline 0.003 -11"><span class='ocrx_word' id='word_1_80' title='bbox 194 619 267 637; x_wconf 77' lang='lat' dir='ltr'><strong>nieus</strong></span> <span class='ocrx_word' id='word_1_81' title='bbox 281 617 363 643; x_wconf 76' lang='lat' dir='ltr'><strong>creat,</strong></span> <span class='ocrx_word' id='word_1_82' title='bbox 379 618 403 638; x_wconf 84' lang='lat' dir='ltr'><strong>et</strong></span> <span class='ocrx_word' id='word_1_83' title='bbox 415 621 461 647; x_wconf 79' lang='lat' dir='ltr'><strong>ego</strong></span> <span class='ocrx_word' id='word_1_84' title='bbox 480 613 559 639; x_wconf 81' lang='lat' dir='ltr'><strong>creo&#39;</strong></span> <span class='ocrx_word' id='word_1_85' title='bbox 577 622 584 640; x_wconf 87' lang='lat'><strong>:</strong></span> <span class='ocrx_word' id='word_1_86' title='bbox 603 613 748 647; x_wconf 78' lang='lat' dir='ltr'><strong>Dixitque:</strong></span> <span class='ocrx_word' id='word_1_87' title='bbox 765 611 794 639; x_wconf 89' lang='lat' dir='ltr'><strong>Si</strong></span> <span class='ocrx_word' id='word_1_88' title='bbox 813 621 864 639; x_wconf 82' lang='lat' dir='ltr'><strong>non</strong></span> <span class='ocrx_word' id='word_1_89' title='bbox 880 613 978 647; x_wconf 70' lang='lat' dir='ltr'><strong>faciam</strong></span> 
     </span>
    </p>
   </div>
   <div class='ocr_carea' id='block_1_14' title="bbox 191 656 977 690">
    <p class='ocr_par' dir='ltr' id='par_1_14' title="bbox 191 656 977 690">
     <span class='ocr_line' id='line_1_14' title="bbox 191 656 977 690; baseline 0.003 -9"><span class='ocrx_word' id='word_1_90' title='bbox 191 664 237 689; x_wconf 71' lang='lat' dir='ltr'><strong>ego</strong></span> <span class='ocrx_word' id='word_1_91' title='bbox 252 664 329 689; x_wconf 80' lang='lat' dir='ltr'><strong>opera</strong></span> <span class='ocrx_word' id='word_1_92' title='bbox 346 656 438 684; x_wconf 81' lang='lat' dir='ltr'><strong>Putris</strong></span> <span class='ocrx_word' id='word_1_93' title='bbox 462 659 522 690; x_wconf 86' lang='lat' dir='ltr'><strong>mei,</strong></span> <span class='ocrx_word' id='word_1_94' title='bbox 537 666 567 684; x_wconf 85' lang='lat' dir='ltr'><strong>ne</strong></span> <span class='ocrx_word' id='word_1_95' title='bbox 584 658 648 685; x_wconf 78' lang='lat' dir='ltr'><strong>milii</strong></span> <span class='ocrx_word' id='word_1_96' title='bbox 668 657 812 685; x_wconf 79' lang='lat' dir='ltr'><strong>credatis’.</strong></span> <span class='ocrx_word' id='word_1_97' title='bbox 831 657 886 685; x_wconf 84' lang='lat' dir='ltr'><strong>Nec</strong></span> <span class='ocrx_word' id='word_1_98' title='bbox 905 665 977 684; x_wconf 83' lang='lat' dir='ltr'><strong>nou:</strong></span> 
     </span>
    </p>
   </div>
   <div class='ocr_carea' id='block_1_15' title="bbox 191 700 979 739">
    <p class='ocr_par' dir='ltr' id='par_1_15' title="bbox 191 700 979 739">
     <span class='ocr_line' id='line_1_15' title="bbox 191 700 979 739; baseline 0.004 -12"><span class='ocrx_word' id='word_1_99' title='bbox 191 700 265 728; x_wconf 79' lang='lat' dir='ltr'><strong>Sim!</strong></span> <span class='ocrx_word' id='word_1_100' title='bbox 283 702 364 729; x_wconf 79' lang='lat' dir='ltr'><strong>Pater</strong></span> <span class='ocrx_word' id='word_1_101' title='bbox 379 704 493 738; x_wconf 70' lang='lat' dir='ltr'><strong>rivi/iret</strong></span> <span class='ocrx_word' id='word_1_102' title='bbox 505 706 580 739; x_wconf 73' lang='lat' dir='ltr'><strong>quem</strong></span> <span class='ocrx_word' id='word_1_103' title='bbox 596 704 660 737; x_wconf 79' lang='lat' dir='ltr'><strong>vult,</strong></span> <span class='ocrx_word' id='word_1_104' title='bbox 680 709 704 732; x_wconf 82' lang='lat' dir='ltr'><strong>et</strong></span> <span class='ocrx_word' id='word_1_105' title='bbox 720 710 801 732; x_wconf 81' lang='lat' dir='ltr'><strong>morte</strong></span> <span class='ocrx_word' id='word_1_106' title='bbox 824 705 924 739; x_wconf 79' lang='lat' dir='ltr'><strong>a/Iiril;</strong></span> <span class='ocrx_word' id='word_1_107' title='bbox 940 704 979 730; x_wconf 81' lang='lat' dir='ltr'><strong>ita</strong></span> 
     </span>
    </p>
   </div>
   <div class='ocr_carea' id='block_1_16' title="bbox 192 747 980 785">
    <p class='ocr_par' dir='ltr' id='par_1_16' title="bbox 192 747 980 785">
     <span class='ocr_line' id='line_1_16' title="bbox 192 747 980 785; baseline 0.005 -11"><span class='ocrx_word' id='word_1_108' title='bbox 192 752 217 774; x_wconf 76' lang='lat' dir='ltr'><strong>et</strong></span> <span class='ocrx_word' id='word_1_109' title='bbox 234 747 322 776; x_wconf 79' lang='lat' dir='ltr'><strong>Filius</strong></span> <span class='ocrx_word' id='word_1_110' title='bbox 336 750 450 784; x_wconf 79' lang='lat' dir='ltr'><strong>vivi/lcat</strong></span> <span class='ocrx_word' id='word_1_111' title='bbox 461 759 536 784; x_wconf 82' lang='lat' dir='ltr'><strong>quem</strong></span> <span class='ocrx_word' id='word_1_112' title='bbox 549 752 613 783; x_wconf 86' lang='lat' dir='ltr'><strong>vult,</strong></span> <span class='ocrx_word' id='word_1_113' title='bbox 629 756 653 778; x_wconf 87' lang='lat' dir='ltr'><strong>et</strong></span> <span class='ocrx_word' id='word_1_114' title='bbox 669 756 752 778; x_wconf 79' lang='lat' dir='ltr'><strong>morte</strong></span> <span class='ocrx_word' id='word_1_115' title='bbox 770 751 848 785; x_wconf 76' lang='lat' dir='ltr'><strong>aﬂirit</strong></span> <span class='ocrx_word' id='word_1_116' title='bbox 863 752 884 767; x_wconf 86' lang='grc'><strong>¹¹¹</strong></span> <span class='ocrx_word' id='word_1_117' title='bbox 902 760 909 778; x_wconf 89' lang='lat'><strong>:</strong></span> <span class='ocrx_word' id='word_1_118' title='bbox 925 757 980 785; x_wconf 87' lang='lat' dir='ltr'><strong>quo</strong></span> 
     </span>
    </p>
   </div>
   <div class='ocr_carea' id='block_1_17' title="bbox 193 795 978 830">
    <p class='ocr_par' dir='ltr' id='par_1_17' title="bbox 193 795 978 830">
     <span class='ocr_line' id='line_1_17' title="bbox 193 795 978 830; baseline 0.005 -10"><span class='ocrx_word' id='word_1_119' title='bbox 193 795 323 826; x_wconf 67' lang='lat' dir='ltr'><strong>ostendit,</strong></span> <span class='ocrx_word' id='word_1_120' title='bbox 336 803 364 822; x_wconf 86' lang='lat' dir='ltr'><strong>se</strong></span> <span class='ocrx_word' id='word_1_121' title='bbox 377 800 402 823; x_wconf 88' lang='lat' dir='ltr'><strong>et</strong></span> <span class='ocrx_word' id='word_1_122' title='bbox 419 796 557 824; x_wconf 83' lang='lat' dir='ltr'><strong>vivificare</strong></span> <span class='ocrx_word' id='word_1_123' title='bbox 567 801 594 823; x_wconf 78' lang='lat' dir='ltr'><strong>et</strong></span> <span class='ocrx_word' id='word_1_124' title='bbox 605 801 691 825; x_wconf 91' lang='lat' dir='ltr'><strong>morte</strong></span> <span class='ocrx_word' id='word_1_125' title='bbox 705 798 821 830; x_wconf 70' lang='lat' dir='ltr'><strong>aflicm-e,</strong></span> <span class='ocrx_word' id='word_1_126' title='bbox 832 803 859 824; x_wconf 85' lang='lat' dir='ltr'><strong>et</strong></span> <span class='ocrx_word' id='word_1_127' title='bbox 869 803 978 824; x_wconf 86' lang='lat' dir='ltr'><strong>creare:</strong></span> 
     </span>
    </p>
   </div>
   <div class='ocr_carea' id='block_1_18' title="bbox 193 841 979 878">
    <p class='ocr_par' dir='ltr' id='par_1_18' title="bbox 193 841 979 878">
     <span class='ocr_line' id='line_1_18' title="bbox 193 841 979 878; baseline 0.004 -11"><span class='ocrx_word' id='word_1_128' title='bbox 193 845 276 876; x_wconf 86' lang='lat' dir='ltr'><strong>atque</strong></span> <span class='ocrx_word' id='word_1_129' title='bbox 290 841 353 868; x_wconf 86' lang='lat' dir='ltr'><strong>hinc</strong></span> <span class='ocrx_word' id='word_1_130' title='bbox 373 842 507 868; x_wconf 81' lang='lat' dir='ltr'><strong>mendacii</strong></span> <span class='ocrx_word' id='word_1_131' title='bbox 519 842 644 878; x_wconf 75' lang='lat' dir='ltr'><strong>arguitur</strong></span> <span class='ocrx_word' id='word_1_132' title='bbox 656 843 780 878; x_wconf 85' lang='lat' dir='ltr'><strong>quisquis</strong></span> <span class='ocrx_word' id='word_1_133' title='bbox 793 843 880 877; x_wconf 87' lang='lat' dir='ltr'><strong>ipsum</strong></span> <span class='ocrx_word' id='word_1_134' title='bbox 903 849 979 870; x_wconf 78' lang='lat' dir='ltr'><strong>crea-</strong></span> 
     </span>
    </p>
   </div>
   <div class='ocr_carea' id='block_1_19' title="bbox 192 889 977 923">
    <p class='ocr_par' dir='ltr' id='par_1_19' title="bbox 192 889 977 923">
     <span class='ocr_line' id='line_1_19' title="bbox 192 889 977 923; baseline 0.003 -10"><span class='ocrx_word' id='word_1_135' title='bbox 192 890 280 914; x_wconf 82' lang='lat' dir='ltr'><strong>torem</strong></span> <span class='ocrx_word' id='word_1_136' title='bbox 302 895 364 915; x_wconf 88' lang='lat' dir='ltr'><strong>esse</strong></span> <span class='ocrx_word' id='word_1_137' title='bbox 389 889 538 922; x_wconf 80' lang='lat' dir='ltr'><strong>negaverit,</strong></span> <span class='ocrx_word' id='word_1_138' title='bbox 564 896 597 916; x_wconf 87' lang='lat' dir='ltr'><strong>ac</strong></span> <span class='ocrx_word' id='word_1_139' title='bbox 623 896 667 917; x_wconf 85' lang='lat' dir='ltr'><strong>res</strong></span> <span class='ocrx_word' id='word_1_140' title='bbox 690 898 735 922; x_wconf 86' lang='lat' dir='ltr'><strong>per</strong></span> <span class='ocrx_word' id='word_1_141' title='bbox 760 889 849 923; x_wconf 89' lang='lat' dir='ltr'><strong>ipsum</strong></span> <span class='ocrx_word' id='word_1_142' title='bbox 871 893 977 916; x_wconf 83' lang='lat' dir='ltr'><strong>creatas</strong></span> 
     </span>
    </p>
   </div>
   <div class='ocr_carea' id='block_1_20' title="bbox 193 931 975 969">
    <p class='ocr_par' dir='ltr' id='par_1_20' title="bbox 193 931 975 969">
     <span class='ocr_line' id='line_1_20' title="bbox 193 931 975 969; baseline 0.004 -10"><span class='ocrx_word' id='word_1_143' title='bbox 193 931 289 964; x_wconf 81' lang='lat' dir='ltr'><strong>fuisse.</strong></span> <span class='ocrx_word' id='word_1_144' title='bbox 309 934 344 960; x_wconf 90' lang='lat' dir='ltr'><strong>ita</strong></span> <span class='ocrx_word' id='word_1_145' title='bbox 362 934 461 969; x_wconf 91' lang='lat' dir='ltr'><strong>utipse</strong></span> <span class='ocrx_word' id='word_1_146' title='bbox 475 942 568 962; x_wconf 89' lang='lat' dir='ltr'><strong>earum</strong></span> <span class='ocrx_word' id='word_1_147' title='bbox 588 941 696 962; x_wconf 82' lang='lat' dir='ltr'><strong>creator</strong></span> <span class='ocrx_word' id='word_1_148' title='bbox 718 942 773 962; x_wconf 90' lang='lat' dir='ltr'><strong>non</strong></span> <span class='ocrx_word' id='word_1_149' title='bbox 790 935 881 962; x_wconf 84' lang='lat' dir='ltr'><strong>fuerit.</strong></span> <span class='ocrx_word' id='word_1_150' title='bbox 898 934 975 968; x_wconf 86' lang='lat' dir='ltr'><strong>Quod</strong></span> 
     </span>
    </p>
   </div>
   <div class='ocr_carea' id='block_1_21' title="bbox 190 980 972 1018">
    <p class='ocr_par' dir='ltr' id='par_1_21' title="bbox 190 980 972 1018">
     <span class='ocr_line' id='line_1_21' title="bbox 190 980 972 1018; baseline 0.006 -13"><span class='ocrx_word' id='word_1_151' title='bbox 190 984 281 1007; x_wconf 87' lang='lat' dir='ltr'><strong>autem</strong></span> <span class='ocrx_word' id='word_1_152' title='bbox 295 980 375 1013; x_wconf 88' lang='lat' dir='ltr'><strong>dicis,</strong></span> <span class='ocrx_word' id='word_1_153' title='bbox 394 989 437 1009; x_wconf 85' lang='lat' dir='ltr'><strong>res</strong></span> <span class='ocrx_word' id='word_1_154' title='bbox 452 990 500 1017; x_wconf 90' lang='lat' dir='ltr'><strong>per</strong></span> <span class='ocrx_word' id='word_1_155' title='bbox 518 983 607 1018; x_wconf 88' lang='lat' dir='ltr'><strong>ipsum</strong></span> <span class='ocrx_word' id='word_1_156' title='bbox 625 983 710 1011; x_wconf 85' lang='lat' dir='ltr'><strong>factas</strong></span> <span class='ocrx_word' id='word_1_157' title='bbox 727 982 830 1016; x_wconf 83' lang='lat' dir='ltr'><strong>fuisse,</strong></span> <span class='ocrx_word' id='word_1_158' title='bbox 852 991 901 1011; x_wconf 89' lang='lat' dir='ltr'><strong>nos</strong></span> <span class='ocrx_word' id='word_1_159' title='bbox 918 990 972 1010; x_wconf 92' lang='lat' dir='ltr'><strong>non</strong></span> 
     </span>
    </p>
   </div>
   <div class='ocr_carea' id='block_1_22' title="bbox 190 1024 976 1064">
    <p class='ocr_par' dir='ltr' id='par_1_22' title="bbox 190 1024 976 1064">
     <span class='ocr_line' id='line_1_22' title="bbox 190 1024 976 1064; baseline 0.008 -14"><span class='ocrx_word' id='word_1_160' title='bbox 190 1024 356 1058; x_wconf 85' lang='lat' dir='ltr'><strong>dubitamus,</strong></span> <span class='ocrx_word' id='word_1_161' title='bbox 374 1034 437 1054; x_wconf 88' lang='lat' dir='ltr'><strong>cum</strong></span> <span class='ocrx_word' id='word_1_162' title='bbox 455 1028 560 1058; x_wconf 86' lang='lat' dir='ltr'><strong>fierent.</strong></span> <span class='ocrx_word' id='word_1_163' title='bbox 580 1028 718 1055; x_wconf 84' lang='lat' dir='ltr'><strong>Christum</strong></span> <span class='ocrx_word' id='word_1_164' title='bbox 737 1029 851 1061; x_wconf 81' lang='lat' dir='ltr'><strong>dixisse,</strong></span> <span class='ocrx_word' id='word_1_165' title='bbox 873 1036 976 1064; x_wconf 87' lang='lat' dir='ltr'><strong>easque</strong></span> 
     </span>
    </p>
   </div>
   <div class='ocr_carea' id='block_1_23' title="bbox 191 1069 977 1110">
    <p class='ocr_par' dir='ltr' id='par_1_23' title="bbox 191 1069 977 1110">
     <span class='ocr_line' id='line_1_23' title="bbox 191 1069 977 1110; baseline 0.008 -14"><span class='ocrx_word' id='word_1_166' title='bbox 191 1069 280 1098; x_wconf 84' lang='lat' dir='ltr'><strong>factas</strong></span> <span class='ocrx_word' id='word_1_167' title='bbox 293 1070 388 1103; x_wconf 85' lang='lat' dir='ltr'><strong>fuisse.</strong></span> <span class='ocrx_word' id='word_1_168' title='bbox 405 1074 478 1108; x_wconf 91' lang='lat' dir='ltr'><strong>quod</strong></span> <span class='ocrx_word' id='word_1_169' title='bbox 501 1074 590 1101; x_wconf 84' lang='lat' dir='ltr'><strong>innuit</strong></span> <span class='ocrx_word' id='word_1_170' title='bbox 604 1074 678 1102; x_wconf 88' lang='lat' dir='ltr'><strong>dicto</strong></span> <span class='ocrx_word' id='word_1_171' title='bbox 691 1082 761 1102; x_wconf 89' lang='lat' dir='ltr'><strong>suo:</strong></span> <span class='ocrx_word' id='word_1_172' title='bbox 782 1074 837 1110; x_wconf 80' lang='lat' dir='ltr'><strong>Ego</strong></span> <span class='ocrx_word' id='word_1_173' title='bbox 846 1074 926 1109; x_wconf 79' lang='lat' dir='ltr'><strong>facio,</strong></span> <span class='ocrx_word' id='word_1_174' title='bbox 952 1079 977 1102; x_wconf 88' lang='lat' dir='ltr'><strong>et</strong></span> 
     </span>
    </p>
   </div>
   <div class='ocr_carea' id='block_1_24' title="bbox 189 1114 973 1153">
    <p class='ocr_par' dir='ltr' id='par_1_24' title="bbox 189 1114 973 1153">
     <span class='ocr_line' id='line_1_24' title="bbox 189 1114 973 1153; baseline 0.008 -12"><span class='ocrx_word' id='word_1_175' title='bbox 189 1114 272 1143; x_wconf 83' lang='lat' dir='ltr'><strong>Pater</strong></span> <span class='ocrx_word' id='word_1_176' title='bbox 285 1116 358 1151; x_wconf 79' lang='lat' dir='ltr'><strong>facit,</strong></span> <span class='ocrx_word' id='word_1_177' title='bbox 374 1123 515 1146; x_wconf 83' lang='lat' dir='ltr'><strong>creaturas</strong></span> <span class='ocrx_word' id='word_1_178' title='bbox 527 1124 552 1146; x_wconf 86' lang='lat' dir='ltr'><strong>et</strong></span> <span class='ocrx_word' id='word_1_179' title='bbox 566 1120 660 1147; x_wconf 86' lang='lat' dir='ltr'><strong>vitam.</strong></span> <span class='ocrx_word' id='word_1_180' title='bbox 678 1121 784 1148; x_wconf 84' lang='lat' dir='ltr'><strong>Dictum</strong></span> <span class='ocrx_word' id='word_1_181' title='bbox 800 1122 871 1148; x_wconf 90' lang='lat' dir='ltr'><strong>cnim</strong></span> <span class='ocrx_word' id='word_1_182' title='bbox 887 1125 973 1153; x_wconf 83' lang='lat' dir='ltr'><strong>tuum,</strong></span> 
     </span>
    </p>
   </div>
   <div class='ocr_carea' id='block_1_25' title="bbox 190 1161 977 1202">
    <p class='ocr_par' dir='ltr' id='par_1_25' title="bbox 190 1161 977 1202">
     <span class='ocr_line' id='line_1_25' title="bbox 190 1161 977 1202; baseline 0.006 -13"><span class='ocrx_word' id='word_1_183' title='bbox 190 1161 244 1189; x_wconf 86' lang='lat' dir='ltr'><strong>Per</strong></span> <span class='ocrx_word' id='word_1_184' title='bbox 268 1163 358 1198; x_wconf 92' lang='lat' dir='ltr'><strong>ipsum</strong></span> <span class='ocrx_word' id='word_1_185' title='bbox 384 1164 463 1192; x_wconf 72' lang='lat' dir='ltr'><strong>factae</strong></span> <span class='ocrx_word' id='word_1_186' title='bbox 486 1171 552 1193; x_wconf 89' lang='lat' dir='ltr'><strong>sunt</strong></span> <span class='ocrx_word' id='word_1_187' title='bbox 574 1174 627 1197; x_wconf 83' lang='lat' dir='ltr'><strong>res.</strong></span> <span class='ocrx_word' id='word_1_188' title='bbox 655 1174 687 1193; x_wconf 88' lang='lat' dir='ltr'><strong>eo</strong></span> <span class='ocrx_word' id='word_1_189' title='bbox 703 1167 772 1194; x_wconf 73' lang='lat' dir='ltr'><strong>redit</strong></span> <span class='ocrx_word' id='word_1_190' title='bbox 791 1170 818 1193; x_wconf 87' lang='lat' dir='ltr'><strong>ut</strong></span> <span class='ocrx_word' id='word_1_191' title='bbox 841 1166 977 1202; x_wconf 76' lang='lat' dir='ltr'><strong>significet</strong></span> 
     </span>
    </p>
   </div>
   <div class='ocr_carea' id='block_1_26' title="bbox 191 1207 972 1247">
    <p class='ocr_par' dir='ltr' id='par_1_26' title="bbox 191 1207 972 1247">
     <span class='ocr_line' id='line_1_26' title="bbox 191 1207 972 1247; baseline 0.006 -13"><span class='ocrx_word' id='word_1_192' title='bbox 191 1207 279 1242; x_wconf 90' lang='lat' dir='ltr'><strong>ipsum</strong></span> <span class='ocrx_word' id='word_1_193' title='bbox 306 1218 352 1237; x_wconf 86' lang='lat' dir='ltr'><strong>eas</strong></span> <span class='ocrx_word' id='word_1_194' title='bbox 365 1210 545 1247; x_wconf 63' lang='lat' dir='ltr'><strong>“l-m</strong></span> <span class='ocrx_word' id='word_1_195' title='bbox 565 1219 683 1243; x_wconf 82' lang='lat' dir='ltr'><strong>creasse,</strong></span> <span class='ocrx_word' id='word_1_196' title='bbox 703 1220 805 1246; x_wconf 84' lang='lat' dir='ltr'><strong>easque</strong></span> <span class='ocrx_word' id='word_1_197' title='bbox 819 1220 864 1246; x_wconf 91' lang='lat' dir='ltr'><strong>per</strong></span> <span class='ocrx_word' id='word_1_198' title='bbox 882 1212 972 1246; x_wconf 88' lang='lat' dir='ltr'><strong>ipsum</strong></span> 
     </span>
    </p>
   </div>
   <div class='ocr_carea' id='block_1_27' title="bbox 191 1254 975 1287">
    <p class='ocr_par' dir='ltr' id='par_1_27' title="bbox 191 1254 975 1287">
     <span class='ocr_line' id='line_1_27' title="bbox 191 1254 975 1287; baseline 0.006 -7"><span class='ocrx_word' id='word_1_199' title='bbox 191 1257 296 1280; x_wconf 73' lang='lat' dir='ltr'><strong>creatas</strong></span> <span class='ocrx_word' id='word_1_200' title='bbox 320 1254 422 1282; x_wconf 85' lang='lat' dir='ltr'><strong>fuisse:</strong></span> <span class='ocrx_word' id='word_1_201' title='bbox 446 1263 525 1282; x_wconf 88' lang='lat' dir='ltr'><strong>secus</strong></span> <span class='ocrx_word' id='word_1_202' title='bbox 543 1257 627 1287; x_wconf 88' lang='lat' dir='ltr'><strong>enim,</strong></span> <span class='ocrx_word' id='word_1_203' title='bbox 641 1257 738 1283; x_wconf 90' lang='lat' dir='ltr'><strong>horum</strong></span> <span class='ocrx_word' id='word_1_204' title='bbox 756 1257 891 1284; x_wconf 86' lang='lat' dir='ltr'><strong>dictorum</strong></span> <span class='ocrx_word' id='word_1_205' title='bbox 906 1258 975 1285; x_wconf 85' lang='lat' dir='ltr'><strong>alte-</strong></span> 
     </span>
    </p>
   </div>
   <div class='ocr_carea' id='block_1_28' title="bbox 190 1299 975 1338">
    <p class='ocr_par' dir='ltr' id='par_1_28' title="bbox 190 1299 975 1338">
     <span class='ocr_line' id='line_1_28' title="bbox 190 1299 975 1338; baseline 0.006 -12"><span class='ocrx_word' id='word_1_206' title='bbox 190 1307 250 1326; x_wconf 92' lang='lat' dir='ltr'><strong>rum</strong></span> <span class='ocrx_word' id='word_1_207' title='bbox 266 1299 343 1327; x_wconf 86' lang='lat' dir='ltr'><strong>alteri</strong></span> <span class='ocrx_word' id='word_1_208' title='bbox 360 1302 575 1331; x_wconf 74' lang='lat' dir='ltr'><strong>contradiceret.</strong></span> <span class='ocrx_word' id='word_1_209' title='bbox 588 1303 719 1329; x_wconf 69' lang='lat' dir='ltr'><strong>Prteterea</strong></span> <span class='ocrx_word' id='word_1_210' title='bbox 736 1304 876 1338; x_wconf 85' lang='lat' dir='ltr'><strong>respondit</strong></span> <span class='ocrx_word' id='word_1_211' title='bbox 890 1304 975 1331; x_wconf 79' lang='lat' dir='ltr'><strong>Atha-</strong></span> 
     </span>
    </p>
   </div>
   <div class='ocr_carea' id='block_1_29' title="bbox 190 1346 971 1382">
    <p class='ocr_par' dir='ltr' id='par_1_29' title="bbox 190 1346 971 1382">
     <span class='ocr_line' id='line_1_29' title="bbox 190 1346 971 1382; baseline 0.006 -9"><span class='ocrx_word' id='word_1_212' title='bbox 190 1346 285 1373; x_wconf 84' lang='lat' dir='ltr'><strong>nasius</strong></span> <span class='ocrx_word' id='word_1_213' title='bbox 299 1347 444 1380; x_wconf 89' lang='lat' dir='ltr'><strong>Eumeuio,</strong></span> <span class='ocrx_word' id='word_1_214' title='bbox 461 1348 576 1376; x_wconf 88' lang='lat' dir='ltr'><strong>dicens:</strong></span> <span class='ocrx_word' id='word_1_215' title='bbox 595 1348 673 1382; x_wconf 88' lang='lat' dir='ltr'><strong>Quod</strong></span> <span class='ocrx_word' id='word_1_216' title='bbox 689 1349 722 1376; x_wconf 87' lang='lat' dir='ltr'><strong>ad</strong></span> <span class='ocrx_word' id='word_1_217' title='bbox 747 1358 841 1378; x_wconf 89' lang='lat' dir='ltr'><strong>eorum</strong></span> <span class='ocrx_word' id='word_1_218' title='bbox 859 1359 891 1378; x_wconf 78' lang='lat' dir='ltr'><strong>ex</strong></span> <span class='ocrx_word' id='word_1_219' title='bbox 914 1351 971 1378; x_wconf 77' lang='lat' dir='ltr'><strong>Arii</strong></span> 
     </span>
    </p>
   </div>
   <div class='ocr_carea' id='block_1_30' title="bbox 188 1392 974 1429">
    <p class='ocr_par' dir='ltr' id='par_1_30' title="bbox 188 1392 974 1429">
     <span class='ocr_line' id='line_1_30' title="bbox 188 1392 974 1429; baseline 0.008 -11"><span class='ocrx_word' id='word_1_220' title='bbox 188 1392 301 1419; x_wconf 88' lang='lat' dir='ltr'><strong>asseclis</strong></span> <span class='ocrx_word' id='word_1_221' title='bbox 324 1394 488 1420; x_wconf 86' lang='lat' dir='ltr'><strong>sententiam</strong></span> <span class='ocrx_word' id='word_1_222' title='bbox 513 1395 560 1429; x_wconf 86' lang='lat' dir='ltr'><strong>qui</strong></span> <span class='ocrx_word' id='word_1_223' title='bbox 592 1395 687 1422; x_wconf 82' lang='lat' dir='ltr'><strong>dicunt</strong></span> <span class='ocrx_word' id='word_1_224' title='bbox 713 1395 821 1423; x_wconf 86' lang='lat' dir='ltr'><strong>Patrem</strong></span> <span class='ocrx_word' id='word_1_225' title='bbox 852 1397 974 1425; x_wconf 84' lang='lat' dir='ltr'><strong>voluisse</strong></span> 
     </span>
    </p>
   </div>
   <div class='ocr_carea' id='block_1_31' title="bbox 188 1438 973 1476">
    <p class='ocr_par' dir='ltr' id='par_1_31' title="bbox 188 1438 973 1476">
     <span class='ocr_line' id='line_1_31' title="bbox 188 1438 973 1476; baseline 0.01 -13"><span class='ocrx_word' id='word_1_226' title='bbox 188 1438 301 1472; x_wconf 87' lang='lat' dir='ltr'><strong>aliquid,</strong></span> <span class='ocrx_word' id='word_1_227' title='bbox 317 1439 415 1466; x_wconf 82' lang='lat' dir='ltr'><strong>Filium</strong></span> <span class='ocrx_word' id='word_1_228' title='bbox 429 1445 520 1469; x_wconf 89' lang='lat' dir='ltr'><strong>autem</strong></span> <span class='ocrx_word' id='word_1_229' title='bbox 536 1441 600 1469; x_wconf 91' lang='lat' dir='ltr'><strong>illud</strong></span> <span class='ocrx_word' id='word_1_230' title='bbox 613 1450 739 1476; x_wconf 85' lang='lat' dir='ltr'><strong>creasse;</strong></span> <span class='ocrx_word' id='word_1_231' title='bbox 760 1447 789 1470; x_wconf 92' lang='lat' dir='ltr'><strong>ut</strong></span> <span class='ocrx_word' id='word_1_232' title='bbox 805 1443 828 1471; x_wconf 89' lang='lat' dir='ltr'><strong>si</strong></span> <span class='ocrx_word' id='word_1_233' title='bbox 844 1445 973 1471; x_wconf 80' lang='lat' dir='ltr'><strong>voluntas</strong></span> 
     </span>
    </p>
   </div>
   <div class='ocr_carea' id='block_1_32' title="bbox 187 1484 968 1522">
    <p class='ocr_par' dir='ltr' id='par_1_32' title="bbox 187 1484 968 1522">
     <span class='ocr_line' id='line_1_32' title="bbox 187 1484 968 1522; baseline 0.006 -10"><span class='ocrx_word' id='word_1_234' title='bbox 187 1484 288 1517; x_wconf 79' lang='lat' dir='ltr'><strong>Patris,</strong></span> <span class='ocrx_word' id='word_1_235' title='bbox 301 1486 403 1513; x_wconf 84' lang='lat' dir='ltr'><strong>creatio</strong></span> <span class='ocrx_word' id='word_1_236' title='bbox 417 1485 491 1518; x_wconf 86' lang='lat' dir='ltr'><strong>Filii.</strong></span> <span class='ocrx_word' id='word_1_237' title='bbox 507 1487 575 1516; x_wconf 85' lang='lat' dir='ltr'><strong>falsa</strong></span> <span class='ocrx_word' id='word_1_238' title='bbox 595 1493 637 1516; x_wconf 89' lang='lat' dir='ltr'><strong>est</strong></span> <span class='ocrx_word' id='word_1_239' title='bbox 653 1493 679 1516; x_wconf 91' lang='lat' dir='ltr'><strong>et</strong></span> <span class='ocrx_word' id='word_1_240' title='bbox 699 1489 762 1522; x_wconf 87' lang='lat' dir='ltr'><strong>illa;</strong></span> <span class='ocrx_word' id='word_1_241' title='bbox 783 1489 881 1517; x_wconf 87' lang='lat' dir='ltr'><strong>Filium</strong></span> <span class='ocrx_word' id='word_1_242' title='bbox 895 1491 968 1517; x_wconf 90' lang='lat' dir='ltr'><strong>enim</strong></span> 
     </span>
    </p>
   </div>
   <div class='ocr_carea' id='block_1_33' title="bbox 188 1534 1010 1572">
    <p class='ocr_par' dir='ltr' id='par_1_33' title="bbox 188 1534 1010 1572">
     <span class='ocr_line' id='line_1_33' title="bbox 188 1534 1010 1572; baseline 0.007 -14"><span class='ocrx_word' id='word_1_243' title='bbox 188 1536 311 1559; x_wconf 86' lang='lat' dir='ltr'><strong>creatum</strong></span> <span class='ocrx_word' id='word_1_244' title='bbox 340 1540 401 1561; x_wconf 85' lang='lat' dir='ltr'><strong>esse</strong></span> <span class='ocrx_word' id='word_1_245' title='bbox 429 1538 573 1567; x_wconf 83' lang='lat' dir='ltr'><strong>autumat;</strong></span> <span class='ocrx_word' id='word_1_246' title='bbox 601 1535 673 1563; x_wconf 89' lang='lat' dir='ltr'><strong>unde</strong></span> <span class='ocrx_word' id='word_1_247' title='bbox 697 1535 846 1572; x_wconf 82' lang='lat' dir='ltr'><strong>[sequitur]</strong></span> <span class='ocrx_word' id='word_1_248' title='bbox 883 1534 1010 1571; x_wconf 77' lang='lat' dir='ltr'><strong>partesC</strong></span> 
     </span>
    </p>
   </div>
   <div class='ocr_carea' id='block_1_34' title="bbox 188 1579 974 1616">
    <p class='ocr_par' dir='ltr' id='par_1_34' title="bbox 188 1579 974 1616">
     <span class='ocr_line' id='line_1_34' title="bbox 188 1579 974 1616; baseline 0.006 -12"><span class='ocrx_word' id='word_1_249' title='bbox 188 1579 272 1606; x_wconf 85' lang='lat' dir='ltr'><strong>creati</strong></span> <span class='ocrx_word' id='word_1_250' title='bbox 289 1579 315 1606; x_wconf 90' lang='lat' dir='ltr'><strong>in</strong></span> <span class='ocrx_word' id='word_1_251' title='bbox 332 1579 471 1607; x_wconf 78' lang='lat' dir='ltr'><strong>creatione</strong></span> <span class='ocrx_word' id='word_1_252' title='bbox 487 1581 608 1614; x_wconf 79' lang='lat' dir='ltr'><strong>potiores</strong></span> <span class='ocrx_word' id='word_1_253' title='bbox 637 1589 699 1610; x_wconf 83' lang='lat' dir='ltr'><strong>esse</strong></span> <span class='ocrx_word' id='word_1_254' title='bbox 722 1582 846 1616; x_wconf 89' lang='lat' dir='ltr'><strong>partibus</strong></span> <span class='ocrx_word' id='word_1_255' title='bbox 866 1588 974 1610; x_wconf 76' lang='lat' dir='ltr'><strong>creato-</strong></span> 
     </span>
    </p>
   </div>
   <div class='ocr_carea' id='block_1_35' title="bbox 188 1625 973 1661">
    <p class='ocr_par' dir='ltr' id='par_1_35' title="bbox 188 1625 973 1661">
     <span class='ocr_line' id='line_1_35' title="bbox 188 1625 973 1661; baseline 0.008 -11"><span class='ocrx_word' id='word_1_256' title='bbox 188 1625 241 1657; x_wconf 82' lang='lat' dir='ltr'><strong>ris;</strong></span> <span class='ocrx_word' id='word_1_257' title='bbox 258 1632 321 1652; x_wconf 88' lang='lat' dir='ltr'><strong>cum</strong></span> <span class='ocrx_word' id='word_1_258' title='bbox 338 1626 383 1653; x_wconf 86' lang='lat' dir='ltr'><strong>ille</strong></span> <span class='ocrx_word' id='word_1_259' title='bbox 405 1631 433 1654; x_wconf 89' lang='lat' dir='ltr'><strong>et</strong></span> <span class='ocrx_word' id='word_1_260' title='bbox 460 1628 576 1654; x_wconf 89' lang='lat' dir='ltr'><strong>voluerit</strong></span> <span class='ocrx_word' id='word_1_261' title='bbox 596 1633 623 1655; x_wconf 87' lang='lat' dir='ltr'><strong>et</strong></span> <span class='ocrx_word' id='word_1_262' title='bbox 639 1628 754 1660; x_wconf 84' lang='lat' dir='ltr'><strong>fecerit;</strong></span> <span class='ocrx_word' id='word_1_263' title='bbox 780 1628 826 1656; x_wconf 88' lang='lat' dir='ltr'><strong>hic</strong></span> <span class='ocrx_word' id='word_1_264' title='bbox 844 1629 973 1661; x_wconf 83' lang='lat' dir='ltr'><strong>voluerit.</strong></span> 
     </span>
    </p>
   </div>
   <div class='ocr_carea' id='block_1_36' title="bbox 187 1671 975 1710">
    <p class='ocr_par' dir='ltr' id='par_1_36' title="bbox 187 1671 975 1710">
     <span class='ocr_line' id='line_1_36' title="bbox 187 1671 975 1710; baseline 0.008 -13"><span class='ocrx_word' id='word_1_265' title='bbox 187 1676 215 1697; x_wconf 88' lang='lat' dir='ltr'><strong>at</strong></span> <span class='ocrx_word' id='word_1_266' title='bbox 238 1679 292 1698; x_wconf 90' lang='lat' dir='ltr'><strong>non</strong></span> <span class='ocrx_word' id='word_1_267' title='bbox 315 1671 422 1699; x_wconf 83' lang='lat' dir='ltr'><strong>fecerit.</strong></span> <span class='ocrx_word' id='word_1_268' title='bbox 440 1671 515 1700; x_wconf 86' lang='lat' dir='ltr'><strong>illius</strong></span> <span class='ocrx_word' id='word_1_269' title='bbox 528 1673 612 1708; x_wconf 77' lang='lat' dir='ltr'><strong>igitur</strong></span> <span class='ocrx_word' id='word_1_270' title='bbox 631 1679 733 1709; x_wconf 83' lang='lat' dir='ltr'><strong>partes.</strong></span> <span class='ocrx_word' id='word_1_271' title='bbox 750 1675 777 1702; x_wconf 91' lang='lat' dir='ltr'><strong>in</strong></span> <span class='ocrx_word' id='word_1_272' title='bbox 792 1683 826 1703; x_wconf 85' lang='lat' dir='ltr'><strong>eo</strong></span> <span class='ocrx_word' id='word_1_273' title='bbox 842 1676 915 1710; x_wconf 92' lang='lat' dir='ltr'><strong>quod</strong></span> <span class='ocrx_word' id='word_1_274' title='bbox 935 1675 975 1703; x_wconf 87' lang='lat' dir='ltr'><strong>fe-</strong></span> 
     </span>
    </p>
   </div>
   <div class='ocr_carea' id='block_1_37' title="bbox 187 1717 975 1754">
    <p class='ocr_par' dir='ltr' id='par_1_37' title="bbox 187 1717 975 1754">
     <span class='ocr_line' id='line_1_37' title="bbox 187 1717 975 1754; baseline 0.008 -11"><span class='ocrx_word' id='word_1_275' title='bbox 187 1717 267 1748; x_wconf 75' lang='lat' dir='ltr'><strong>cerit,</strong></span> <span class='ocrx_word' id='word_1_276' title='bbox 285 1717 404 1752; x_wconf 78' lang='lat' dir='ltr'><strong>potiores</strong></span> <span class='ocrx_word' id='word_1_277' title='bbox 418 1722 498 1744; x_wconf 84' lang='lat' dir='ltr'><strong>erunt</strong></span> <span class='ocrx_word' id='word_1_278' title='bbox 513 1727 593 1753; x_wconf 89' lang='lat' dir='ltr'><strong>quam</strong></span> <span class='ocrx_word' id='word_1_279' title='bbox 617 1720 706 1754; x_wconf 87' lang='lat' dir='ltr'><strong>hujus.</strong></span> <span class='ocrx_word' id='word_1_280' title='bbox 721 1720 791 1753; x_wconf 86' lang='lat' dir='ltr'><strong>Quin</strong></span> <span class='ocrx_word' id='word_1_281' title='bbox 810 1728 838 1748; x_wconf 72' lang='lat' dir='ltr'><strong>et</strong></span> <span class='ocrx_word' id='word_1_282' title='bbox 862 1729 975 1749; x_wconf 79' lang='lat' dir='ltr'><strong>necesse</strong></span> 
     </span>
    </p>
   </div>
   <div class='ocr_carea' id='block_1_38' title="bbox 187 1762 974 1798">
    <p class='ocr_par' dir='ltr' id='par_1_38' title="bbox 187 1762 974 1798">
     <span class='ocr_line' id='line_1_38' title="bbox 187 1762 974 1798; baseline 0.008 -11"><span class='ocrx_word' id='word_1_283' title='bbox 187 1766 229 1788; x_wconf 79' lang='lat' dir='ltr'><strong>t‘sl</strong></span> <span class='ocrx_word' id='word_1_284' title='bbox 257 1767 286 1788; x_wconf 89' lang='grc' dir='ltr'><strong>ιιι</strong></span> <span class='ocrx_word' id='word_1_285' title='bbox 307 1762 402 1789; x_wconf 81' lang='lat' dir='ltr'><strong>eadem</strong></span> <span class='ocrx_word' id='word_1_286' title='bbox 418 1762 455 1789; x_wconf 87' lang='lat' dir='ltr'><strong>sit</strong></span> <span class='ocrx_word' id='word_1_287' title='bbox 478 1763 551 1790; x_wconf 82' lang='lat' dir='ltr'><strong>illius</strong></span> <span class='ocrx_word' id='word_1_288' title='bbox 575 1764 646 1790; x_wconf 88' lang='lat' dir='ltr'><strong>ratio</strong></span> <span class='ocrx_word' id='word_1_289' title='bbox 668 1765 694 1791; x_wconf 88' lang='lat' dir='ltr'><strong>in</strong></span> <span class='ocrx_word' id='word_1_290' title='bbox 715 1773 747 1791; x_wconf 87' lang='lat' dir='ltr'><strong>eo</strong></span> <span class='ocrx_word' id='word_1_291' title='bbox 760 1765 832 1798; x_wconf 92' lang='lat' dir='ltr'><strong>quod</strong></span> <span class='ocrx_word' id='word_1_292' title='bbox 857 1766 974 1793; x_wconf 80' lang='lat' dir='ltr'><strong>voluerit</strong></span> 
     </span>
    </p>
   </div>
   <div class='ocr_carea' id='block_1_39' title="bbox 189 1807 975 1844">
    <p class='ocr_par' dir='ltr' id='par_1_39' title="bbox 189 1807 975 1844">
     <span class='ocr_line' id='line_1_39' title="bbox 189 1807 975 1844; baseline 0.008 -11"><span class='ocrx_word' id='word_1_293' title='bbox 189 1808 242 1840; x_wconf 82' lang='lat' dir='ltr'><strong>hic,</strong></span> <span class='ocrx_word' id='word_1_294' title='bbox 261 1807 427 1841; x_wconf 77' lang='lat' dir='ltr'><strong>perficiendo</strong></span> <span class='ocrx_word' id='word_1_295' title='bbox 441 1816 502 1843; x_wconf 69' lang='lat' dir='ltr'><strong>qua:</strong></span> <span class='ocrx_word' id='word_1_296' title='bbox 522 1809 669 1844; x_wconf 82' lang='lat' dir='ltr'><strong>cujuslibet</strong></span> <span class='ocrx_word' id='word_1_297' title='bbox 683 1811 790 1844; x_wconf 82' lang='lat' dir='ltr'><strong>agentis</strong></span> <span class='ocrx_word' id='word_1_298' title='bbox 809 1819 825 1838; x_wconf 86' lang='lat' dir='ltr'><strong>e</strong></span> <span class='ocrx_word' id='word_1_299' title='bbox 841 1813 975 1840; x_wconf 81' lang='lat' dir='ltr'><strong>creaturis</strong></span> 
     </span>
    </p>
   </div>
   <div class='ocr_carea' id='block_1_40' title="bbox 188 1852 973 1888">
    <p class='ocr_par' dir='ltr' id='par_1_40' title="bbox 188 1852 973 1888">
     <span class='ocr_line' id='line_1_40' title="bbox 188 1852 973 1888; baseline 0.004 -8"><span class='ocrx_word' id='word_1_300' title='bbox 188 1852 215 1880; x_wconf 85' lang='lat' dir='ltr'><strong>In</strong></span> <span class='ocrx_word' id='word_1_301' title='bbox 236 1852 282 1880; x_wconf 93' lang='lat' dir='ltr'><strong>illo</strong></span> <span class='ocrx_word' id='word_1_302' title='bbox 298 1854 370 1888; x_wconf 89' lang='lat' dir='ltr'><strong>quod</strong></span> <span class='ocrx_word' id='word_1_303' title='bbox 386 1854 420 1881; x_wconf 87' lang='lat' dir='ltr'><strong>ab</strong></span> <span class='ocrx_word' id='word_1_304' title='bbox 437 1854 496 1888; x_wconf 84' lang='lat' dir='ltr'><strong>ipso</strong></span> <span class='ocrx_word' id='word_1_305' title='bbox 511 1854 568 1881; x_wconf 89' lang='lat' dir='ltr'><strong>fieri</strong></span> <span class='ocrx_word' id='word_1_306' title='bbox 585 1855 700 1882; x_wconf 84' lang='lat' dir='ltr'><strong>voluerit</strong></span> <span class='ocrx_word' id='word_1_307' title='bbox 711 1859 817 1883; x_wconf 86' lang='lat' dir='ltr'><strong>creator</strong></span> <span class='ocrx_word' id='word_1_308' title='bbox 830 1855 973 1884; x_wconf 87' lang='lat' dir='ltr'><strong>faciendo:</strong></span> 
     </span>
    </p>
   </div>
   <div class='ocr_carea' id='block_1_41' title="bbox 187 1899 976 1936">
    <p class='ocr_par' dir='ltr' id='par_1_41' title="bbox 187 1899 976 1936">
     <span class='ocr_line' id='line_1_41' title="bbox 187 1899 976 1936; baseline 0.008 -12"><span class='ocrx_word' id='word_1_309' title='bbox 187 1899 340 1934; x_wconf 74' lang='lat' dir='ltr'><strong>eodemque</strong></span> <span class='ocrx_word' id='word_1_310' title='bbox 363 1900 444 1928; x_wconf 86' lang='lat' dir='ltr'><strong>modo</strong></span> <span class='ocrx_word' id='word_1_311' title='bbox 460 1909 490 1928; x_wconf 89' lang='lat' dir='ltr'><strong>se</strong></span> <span class='ocrx_word' id='word_1_312' title='bbox 506 1901 608 1929; x_wconf 85' lang='lat' dir='ltr'><strong>habent</strong></span> <span class='ocrx_word' id='word_1_313' title='bbox 632 1907 756 1936; x_wconf 86' lang='lat' dir='ltr'><strong>respectu</strong></span> <span class='ocrx_word' id='word_1_314' title='bbox 783 1903 934 1930; x_wconf 88' lang='lat' dir='ltr'><strong>coactionis</strong></span> <span class='ocrx_word' id='word_1_315' title='bbox 948 1909 976 1930; x_wconf 91' lang='lat' dir='ltr'><strong>et</strong></span> 
     </span>
    </p>
   </div>
   <div class='ocr_carea' id='block_1_42' title="bbox 189 1945 976 1983">
    <p class='ocr_par' dir='ltr' id='par_1_42' title="bbox 189 1945 976 1983">
     <span class='ocr_line' id='line_1_42' title="bbox 189 1945 976 1983; baseline 0.005 -11"><span class='ocrx_word' id='word_1_316' title='bbox 189 1945 295 1973; x_wconf 85' lang='lat' dir='ltr'><strong>arbitrii</strong></span> <span class='ocrx_word' id='word_1_317' title='bbox 323 1945 472 1974; x_wconf 87' lang='lat' dir='ltr'><strong>libertatis.</strong></span> <span class='ocrx_word' id='word_1_318' title='bbox 491 1947 568 1980; x_wconf 83' lang='lat' dir='ltr'><strong>Quod</strong></span> <span class='ocrx_word' id='word_1_319' title='bbox 595 1948 618 1975; x_wconf 96' lang='lat' dir='ltr'><strong>si</strong></span> <span class='ocrx_word' id='word_1_320' title='bbox 643 1954 754 1975; x_wconf 72' lang='lat' dir='ltr'><strong>coactus</strong></span> <span class='ocrx_word' id='word_1_321' title='bbox 773 1949 870 1983; x_wconf 79' lang='lat' dir='ltr'><strong>egerit,</strong></span> <span class='ocrx_word' id='word_1_322' title='bbox 896 1949 976 1976; x_wconf 76' lang='lat' dir='ltr'><strong>nulla:</strong></span> 
     </span>
    </p>
   </div>
   <div class='ocr_carea' id='block_1_43' title="bbox 188 1993 976 2029">
    <p class='ocr_par' dir='ltr' id='par_1_43' title="bbox 188 1993 976 2029">
     <span class='ocr_line' id='line_1_43' title="bbox 188 1993 976 2029; baseline 0.003 -9"><span class='ocrx_word' id='word_1_323' title='bbox 188 1997 270 2020; x_wconf 85' lang='lat' dir='ltr'><strong>erunt</strong></span> <span class='ocrx_word' id='word_1_324' title='bbox 289 1993 350 2027; x_wconf 86' lang='lat' dir='ltr'><strong>ejus</strong></span> <span class='ocrx_word' id='word_1_325' title='bbox 372 1993 399 2020; x_wconf 91' lang='lat' dir='ltr'><strong>in</strong></span> <span class='ocrx_word' id='word_1_326' title='bbox 423 1995 529 2021; x_wconf 81' lang='lat' dir='ltr'><strong>actione</strong></span> <span class='ocrx_word' id='word_1_327' title='bbox 547 1998 657 2029; x_wconf 87' lang='lat' dir='ltr'><strong>partes;</strong></span> <span class='ocrx_word' id='word_1_328' title='bbox 673 1995 714 2021; x_wconf 79' lang='lat' dir='ltr'><strong>sin</strong></span> <span class='ocrx_word' id='word_1_329' title='bbox 731 1994 826 2026; x_wconf 83' lang='lat' dir='ltr'><strong>lihcre.</strong></span> <span class='ocrx_word' id='word_1_330' title='bbox 852 1994 908 2022; x_wconf 84' lang='lat' dir='ltr'><strong>ﬁeri</strong></span> <span class='ocrx_word' id='word_1_331' title='bbox 927 2002 976 2029; x_wconf 89' lang='lat' dir='ltr'><strong>po-</strong></span> 
     </span>
    </p>
   </div>
   <div class='ocr_carea' id='block_1_44' title="bbox 189 2039 976 2076">
    <p class='ocr_par' dir='ltr' id='par_1_44' title="bbox 189 2039 976 2076">
     <span class='ocr_line' id='line_1_44' title="bbox 189 2039 976 2076; baseline 0.003 -9"><span class='ocrx_word' id='word_1_332' title='bbox 189 2044 243 2067; x_wconf 83' lang='lat' dir='ltr'><strong>test</strong></span> <span class='ocrx_word' id='word_1_333' title='bbox 257 2043 286 2066; x_wconf 92' lang='lat' dir='ltr'><strong>ut</strong></span> <span class='ocrx_word' id='word_1_334' title='bbox 310 2039 351 2067; x_wconf 91' lang='lat' dir='ltr'><strong>vel</strong></span> <span class='ocrx_word' id='word_1_335' title='bbox 364 2040 545 2075; x_wconf 82' lang='lat' dir='ltr'><strong>obsequatur,</strong></span> <span class='ocrx_word' id='word_1_336' title='bbox 568 2040 611 2068; x_wconf 87' lang='lat' dir='ltr'><strong>vel</strong></span> <span class='ocrx_word' id='word_1_337' title='bbox 629 2040 833 2076; x_wconf 71' lang='lat' dir='ltr'><strong>immorigerum</strong></span> <span class='ocrx_word' id='word_1_338' title='bbox 850 2049 881 2068; x_wconf 85' lang='lat' dir='ltr'><strong>se</strong></span> <span class='ocrx_word' id='word_1_339' title='bbox 903 2049 976 2076; x_wconf 68' lang='lat' dir='ltr'><strong>pras-</strong></span> 
     </span>
    </p>
   </div>
   <div class='ocr_carea' id='block_1_45' title="bbox 191 2086 976 2123">
    <p class='ocr_par' dir='ltr' id='par_1_45' title="bbox 191 2086 976 2123">
     <span class='ocr_line' id='line_1_45' title="bbox 191 2086 976 2123; baseline 0.003 -10"><span class='ocrx_word' id='word_1_340' title='bbox 191 2086 264 2118; x_wconf 84' lang='lat' dir='ltr'><strong>beat,</strong></span> <span class='ocrx_word' id='word_1_341' title='bbox 280 2089 305 2113; x_wconf 87' lang='lat' dir='ltr'><strong>et</strong></span> <span class='ocrx_word' id='word_1_342' title='bbox 327 2090 357 2113; x_wconf 85' lang='lat' dir='ltr'><strong>ut</strong></span> <span class='ocrx_word' id='word_1_343' title='bbox 371 2086 412 2114; x_wconf 85' lang='lat' dir='ltr'><strong>vel</strong></span> <span class='ocrx_word' id='word_1_344' title='bbox 428 2087 541 2121; x_wconf 68' lang='lat' dir='ltr'><strong>praemio</strong></span> <span class='ocrx_word' id='word_1_345' title='bbox 556 2086 699 2119; x_wconf 73' lang='lat' dir='ltr'><strong>adiciatur,</strong></span> <span class='ocrx_word' id='word_1_346' title='bbox 726 2088 768 2115; x_wconf 86' lang='lat' dir='ltr'><strong>vel</strong></span> <span class='ocrx_word' id='word_1_347' title='bbox 790 2094 870 2123; x_wconf 63' lang='lat' dir='ltr'><strong>poena</strong></span> <span class='ocrx_word' id='word_1_348' title='bbox 890 2095 896 2113; x_wconf 72' lang='grc' dir='ltr'>ε</span> <span class='ocrx_word' id='word_1_349' title='bbox 916 2095 976 2122; x_wconf 75' lang='lat' dir='ltr'><strong>quae</strong></span> 
     </span>
    </p>
   </div>
   <div class='ocr_carea' id='block_1_46' title="bbox 190 2132 976 2169">
    <p class='ocr_par' dir='ltr' id='par_1_46' title="bbox 190 2132 976 2169">
     <span class='ocr_line' id='line_1_46' title="bbox 190 2132 976 2169; baseline 0.003 -10"><span class='ocrx_word' id='word_1_350' title='bbox 190 2132 282 2160; x_wconf 85' lang='lat' dir='ltr'><strong>dicere</strong></span> <span class='ocrx_word' id='word_1_351' title='bbox 296 2133 447 2160; x_wconf 79' lang='lat' dir='ltr'><strong>absurdum</strong></span> <span class='ocrx_word' id='word_1_352' title='bbox 465 2138 518 2160; x_wconf 82' lang='lat' dir='ltr'><strong>est.</strong></span> <span class='ocrx_word' id='word_1_353' title='bbox 535 2133 621 2160; x_wconf 76' lang='lat' dir='ltr'><strong>Aliter</strong></span> <span class='ocrx_word' id='word_1_354' title='bbox 640 2134 723 2160; x_wconf 82' lang='lat' dir='ltr'><strong>etiam</strong></span> <span class='ocrx_word' id='word_1_355' title='bbox 746 2133 837 2161; x_wconf 87' lang='lat' dir='ltr'><strong>eidem</strong></span> <span class='ocrx_word' id='word_1_356' title='bbox 862 2142 976 2169; x_wconf 89' lang='lat' dir='ltr'><strong>respon-</strong></span> 
     </span>
    </p>
   </div>
   <div class='ocr_carea' id='block_1_47' title="bbox 188 2177 977 2214">
    <p class='ocr_par' dir='ltr' id='par_1_47' title="bbox 188 2177 977 2214">
     <span class='ocr_line' id='line_1_47' title="bbox 188 2177 977 2214; baseline 0.003 -9"><span class='ocrx_word' id='word_1_357' title='bbox 188 2178 245 2206; x_wconf 86' lang='lat' dir='ltr'><strong>dit:</strong></span> <span class='ocrx_word' id='word_1_358' title='bbox 260 2177 288 2206; x_wconf 88' lang='lat' dir='ltr'><strong>Si</strong></span> <span class='ocrx_word' id='word_1_359' title='bbox 303 2178 419 2206; x_wconf 86' lang='lat' dir='ltr'><strong>Creator</strong></span> <span class='ocrx_word' id='word_1_360' title='bbox 436 2183 578 2206; x_wconf 78' lang='lat' dir='ltr'><strong>creaturas</strong></span> <span class='ocrx_word' id='word_1_361' title='bbox 599 2187 664 2207; x_wconf 88' lang='lat' dir='ltr'><strong>suas</strong></span> <span class='ocrx_word' id='word_1_362' title='bbox 683 2187 730 2214; x_wconf 85' lang='lat' dir='ltr'><strong>per</strong></span> <span class='ocrx_word' id='word_1_363' title='bbox 747 2180 877 2207; x_wconf 84' lang='lat' dir='ltr'><strong>Creatum</strong></span> <span class='ocrx_word' id='word_1_364' title='bbox 900 2188 977 2208; x_wconf 88' lang='lat' dir='ltr'><strong>crea-</strong></span> 
     </span>
    </p>
   </div>
   <div class='ocr_carea' id='block_1_48' title="bbox 189 2223 970 2258">
    <p class='ocr_par' dir='ltr' id='par_1_48' title="bbox 189 2223 970 2258">
     <span class='ocr_line' id='line_1_48' title="bbox 189 2223 970 2258; baseline 0.003 -8"><span class='ocrx_word' id='word_1_365' title='bbox 189 2224 271 2256; x_wconf 82' lang='lat' dir='ltr'><strong>verit.</strong></span> <span class='ocrx_word' id='word_1_366' title='bbox 294 2224 348 2251; x_wconf 87' lang='lat' dir='ltr'><strong>erit</strong></span> <span class='ocrx_word' id='word_1_367' title='bbox 367 2223 428 2252; x_wconf 84' lang='lat' dir='ltr'><strong>sine</strong></span> <span class='ocrx_word' id='word_1_368' title='bbox 449 2223 533 2252; x_wconf 86' lang='lat' dir='ltr'><strong>dubio</strong></span> <span class='ocrx_word' id='word_1_369' title='bbox 550 2224 664 2252; x_wconf 85' lang='lat' dir='ltr'><strong>Creatus</strong></span> <span class='ocrx_word' id='word_1_370' title='bbox 685 2224 758 2252; x_wconf 86' lang='lat' dir='ltr'><strong>alius</strong></span> <span class='ocrx_word' id='word_1_371' title='bbox 782 2232 797 2250; x_wconf 84' lang='lat' dir='ltr'><strong>a</strong></span> <span class='ocrx_word' id='word_1_372' title='bbox 822 2225 970 2258; x_wconf 86' lang='lat' dir='ltr'><strong>Creatore;</strong></span> 
     </span>
    </p>
   </div>
   <div class='ocr_carea' id='block_1_49' title="bbox 189 2270 972 2305">
    <p class='ocr_par' dir='ltr' id='par_1_49' title="bbox 189 2270 972 2305">
     <span class='ocr_line' id='line_1_49' title="bbox 189 2270 972 2305; baseline 0 -7"><span class='ocrx_word' id='word_1_373' title='bbox 189 2271 340 2298; x_wconf 86' lang='lat' dir='ltr'><strong>autumatis</strong></span> <span class='ocrx_word' id='word_1_374' title='bbox 357 2278 424 2305; x_wconf 75' lang='lat' dir='ltr'><strong>ergo</strong></span> <span class='ocrx_word' id='word_1_375' title='bbox 450 2270 607 2298; x_wconf 79' lang='lat' dir='ltr'><strong>Creatorem</strong></span> <span class='ocrx_word' id='word_1_376' title='bbox 631 2277 679 2304; x_wconf 84' lang='lat' dir='ltr'><strong>per</strong></span> <span class='ocrx_word' id='word_1_377' title='bbox 701 2270 785 2297; x_wconf 86' lang='lat' dir='ltr'><strong>alium</strong></span> <span class='ocrx_word' id='word_1_378' title='bbox 812 2278 911 2305; x_wconf 76' lang='lat' dir='ltr'><strong>agere;</strong></span> <span class='ocrx_word' id='word_1_379' title='bbox 926 2271 972 2305; x_wconf 88' lang='lat' dir='ltr'><strong>qui</strong></span> 
     </span>
    </p>
   </div>
   <div class='ocr_carea' id='block_1_50' title="bbox 189 2314 974 2350">
    <p class='ocr_par' dir='ltr' id='par_1_50' title="bbox 189 2314 974 2350">
     <span class='ocr_line' id='line_1_50' title="bbox 189 2314 974 2350; baseline 0.001 -9"><span class='ocrx_word' id='word_1_380' title='bbox 189 2319 281 2342; x_wconf 87' lang='lat' dir='ltr'><strong>autem</strong></span> <span class='ocrx_word' id='word_1_381' title='bbox 303 2322 351 2349; x_wconf 87' lang='lat' dir='ltr'><strong>per</strong></span> <span class='ocrx_word' id='word_1_382' title='bbox 374 2316 458 2342; x_wconf 84' lang='lat' dir='ltr'><strong>alium</strong></span> <span class='ocrx_word' id='word_1_383' title='bbox 482 2315 539 2350; x_wconf 77' lang='lat' dir='ltr'><strong>agit</strong></span> <span class='ocrx_word' id='word_1_384' title='bbox 558 2314 717 2349; x_wconf 87' lang='lat' dir='ltr'><strong>perficieute</strong></span> <span class='ocrx_word' id='word_1_385' title='bbox 733 2315 787 2342; x_wconf 88' lang='lat' dir='ltr'><strong>isto</strong></span> <span class='ocrx_word' id='word_1_386' title='bbox 811 2323 882 2350; x_wconf 89' lang='lat' dir='ltr'><strong>opus</strong></span> <span class='ocrx_word' id='word_1_387' title='bbox 893 2316 974 2343; x_wconf 82' lang='lat' dir='ltr'><strong>habet</strong></span> 
     </span>
    </p>
   </div>
   <div class='ocr_carea' id='block_1_51' title="bbox 190 2361 978 2396">
    <p class='ocr_par' dir='ltr' id='par_1_51' title="bbox 190 2361 978 2396">
     <span class='ocr_line' id='line_1_51' title="bbox 190 2361 978 2396; baseline 0.003 -9"><span class='ocrx_word' id='word_1_388' title='bbox 190 2369 245 2396; x_wconf 89' lang='lat' dir='ltr'><strong>quo</strong></span> <span class='ocrx_word' id='word_1_389' title='bbox 260 2369 309 2396; x_wconf 88' lang='lat' dir='ltr'><strong>per</strong></span> <span class='ocrx_word' id='word_1_390' title='bbox 326 2361 402 2389; x_wconf 82' lang='lat' dir='ltr'><strong>illum</strong></span> <span class='ocrx_word' id='word_1_391' title='bbox 420 2366 483 2396; x_wconf 72' lang='lat' dir='ltr'><strong>agat</strong></span> <span class='ocrx_word' id='word_1_392' title='bbox 509 2369 572 2389; x_wconf 89' lang='lat' dir='ltr'><strong>cum</strong></span> <span class='ocrx_word' id='word_1_393' title='bbox 591 2361 650 2389; x_wconf 86' lang='lat' dir='ltr'><strong>sine</strong></span> <span class='ocrx_word' id='word_1_394' title='bbox 668 2361 715 2389; x_wconf 92' lang='lat' dir='ltr'><strong>illo</strong></span> <span class='ocrx_word' id='word_1_395' title='bbox 740 2369 794 2389; x_wconf 82' lang='lat' dir='ltr'><strong>non</strong></span> <span class='ocrx_word' id='word_1_396' title='bbox 819 2363 978 2396; x_wconf 84' lang='lat' dir='ltr'><strong>perficiatur</strong></span> 
     </span>
    </p>
   </div>
   <div class='ocr_carea' id='block_1_52' title="bbox 190 2407 977 2444">
    <p class='ocr_par' dir='ltr' id='par_1_52' title="bbox 190 2407 977 2444">
     <span class='ocr_line' id='line_1_52' title="bbox 190 2407 977 2444; baseline 0.001 -9"><span class='ocrx_word' id='word_1_397' title='bbox 190 2408 242 2443; x_wconf 90' lang='lat' dir='ltr'><strong>ipsi</strong></span> <span class='ocrx_word' id='word_1_398' title='bbox 254 2407 434 2444; x_wconf 59' lang='lat' dir='ltr'><strong>Wopus;</strong></span> <span class='ocrx_word' id='word_1_399' title='bbox 446 2408 492 2442; x_wconf 89' lang='lat' dir='ltr'><strong>qui</strong></span> <span class='ocrx_word' id='word_1_400' title='bbox 507 2413 597 2435; x_wconf 82' lang='lat' dir='ltr'><strong>autem</strong></span> <span class='ocrx_word' id='word_1_401' title='bbox 611 2408 665 2435; x_wconf 88' lang='lat' dir='ltr'><strong>alio</strong></span> <span class='ocrx_word' id='word_1_402' title='bbox 680 2415 750 2443; x_wconf 86' lang='lat' dir='ltr'><strong>opus</strong></span> <span class='ocrx_word' id='word_1_403' title='bbox 766 2408 858 2440; x_wconf 85' lang='lat' dir='ltr'><strong>habet,</strong></span> <span class='ocrx_word' id='word_1_404' title='bbox 876 2409 977 2443; x_wconf 87' lang='lat' dir='ltr'><strong>imper-</strong></span> 
     </span>
    </p>
   </div>
   <div class='ocr_carea' id='block_1_53' title="bbox 189 2454 972 2488">
    <p class='ocr_par' dir='ltr' id='par_1_53' title="bbox 189 2454 972 2488">
     <span class='ocr_line' id='line_1_53' title="bbox 189 2454 972 2488; baseline 0.001 -7"><span class='ocrx_word' id='word_1_405' title='bbox 189 2455 280 2482; x_wconf 79' lang='lat' dir='ltr'><strong>fectus</strong></span> <span class='ocrx_word' id='word_1_406' title='bbox 295 2458 347 2486; x_wconf 87' lang='lat' dir='ltr'><strong>est,</strong></span> <span class='ocrx_word' id='word_1_407' title='bbox 361 2454 434 2488; x_wconf 91' lang='lat' dir='ltr'><strong>quod</strong></span> <span class='ocrx_word' id='word_1_408' title='bbox 449 2454 521 2481; x_wconf 86' lang='lat' dir='ltr'><strong>absit</strong></span> <span class='ocrx_word' id='word_1_409' title='bbox 534 2459 563 2480; x_wconf 91' lang='lat' dir='ltr'><strong>ut</strong></span> <span class='ocrx_word' id='word_1_410' title='bbox 578 2454 613 2481; x_wconf 86' lang='lat' dir='ltr'><strong>de</strong></span> <span class='ocrx_word' id='word_1_411' title='bbox 626 2454 754 2482; x_wconf 86' lang='lat' dir='ltr'><strong>Creatore</strong></span> <span class='ocrx_word' id='word_1_412' title='bbox 768 2455 886 2482; x_wconf 86' lang='lat' dir='ltr'><strong>dicatur.</strong></span> <span class='ocrx_word' id='word_1_413' title='bbox 904 2454 972 2482; x_wconf 90' lang='lat' dir='ltr'><strong>Cum</strong></span> 
     </span>
    </p>
   </div>
   <div class='ocr_carea' id='block_1_54' title="bbox 190 2499 977 2535">
    <p class='ocr_par' dir='ltr' id='par_1_54' title="bbox 190 2499 977 2535">
     <span class='ocr_line' id='line_1_54' title="bbox 190 2499 977 2535; baseline 0 -8"><span class='ocrx_word' id='word_1_414' title='bbox 190 2507 256 2534; x_wconf 71' lang='lat' dir='ltr'><strong>ergo</strong></span> <span class='ocrx_word' id='word_1_415' title='bbox 280 2500 452 2534; x_wconf 77' lang='lat' dir='ltr'><strong>profligasset</strong></span> <span class='ocrx_word' id='word_1_416' title='bbox 471 2499 640 2527; x_wconf 85' lang='lat' dir='ltr'><strong>Athanasius</strong></span> <span class='ocrx_word' id='word_1_417' title='bbox 661 2500 835 2527; x_wconf 70' lang='lat' dir='ltr'><strong>Alexandriae</strong></span> <span class='ocrx_word' id='word_1_418' title='bbox 859 2501 977 2535; x_wconf 88' lang='lat' dir='ltr'><strong>patriar-</strong></span> 
     </span>
    </p>
   </div>
   <div class='ocr_carea' id='block_1_55' title="bbox 189 2546 976 2580">
    <p class='ocr_par' dir='ltr' id='par_1_55' title="bbox 189 2546 976 2580">
     <span class='ocr_line' id='line_1_55' title="bbox 189 2546 976 2580; baseline 0.003 -8"><span class='ocrx_word' id='word_1_419' title='bbox 189 2546 252 2577; x_wconf 79' lang='lat' dir='ltr'><strong>cha,</strong></span> <span class='ocrx_word' id='word_1_420' title='bbox 268 2546 517 2574; x_wconf 85' lang='lat' dir='ltr'><strong>eontradicentium</strong></span> <span class='ocrx_word' id='word_1_421' title='bbox 531 2550 705 2580; x_wconf 75' lang='lat' dir='ltr'><strong>argumenta.</strong></span> <span class='ocrx_word' id='word_1_422' title='bbox 721 2546 789 2574; x_wconf 86' lang='lat' dir='ltr'><strong>adeo</strong></span> <span class='ocrx_word' id='word_1_423' title='bbox 807 2551 837 2573; x_wconf 92' lang='lat' dir='ltr'><strong>ut</strong></span> <span class='ocrx_word' id='word_1_424' title='bbox 848 2547 976 2574; x_wconf 89' lang='lat' dir='ltr'><strong>omnibus</strong></span> 
     </span>
    </p>
   </div>
   <div class='ocr_carea' id='block_1_56' title="bbox 188 2591 976 2626">
    <p class='ocr_par' dir='ltr' id='par_1_56' title="bbox 188 2591 976 2626">
     <span class='ocr_line' id='line_1_56' title="bbox 188 2591 976 2626; baseline 0.001 -9"><span class='ocrx_word' id='word_1_425' title='bbox 188 2593 235 2626; x_wconf 86' lang='lat' dir='ltr'><strong>qui</strong></span> <span class='ocrx_word' id='word_1_426' title='bbox 252 2591 367 2619; x_wconf 86' lang='lat' dir='ltr'><strong>aderant</strong></span> <span class='ocrx_word' id='word_1_427' title='bbox 381 2596 529 2626; x_wconf 85' lang='lat' dir='ltr'><strong>appareret</strong></span> <span class='ocrx_word' id='word_1_428' title='bbox 543 2592 648 2619; x_wconf 80' lang='lat' dir='ltr'><strong>falsitas</strong></span> <span class='ocrx_word' id='word_1_429' title='bbox 660 2600 754 2619; x_wconf 85' lang='lat' dir='ltr'><strong>eorum</strong></span> <span class='ocrx_word' id='word_1_430' title='bbox 767 2599 827 2626; x_wconf 65' lang='lat' dir='ltr'><strong>quae</strong></span> <span class='ocrx_word' id='word_1_431' title='bbox 840 2591 976 2624; x_wconf 79' lang='lat' dir='ltr'><strong>dicerent,</strong></span> 
     </span>
    </p>
   </div>
   <div class='ocr_carea' id='block_1_57' title="bbox 189 2636 975 2671">
    <p class='ocr_par' dir='ltr' id='par_1_57' title="bbox 189 2636 975 2671">
     <span class='ocr_line' id='line_1_57' title="bbox 189 2636 975 2671; baseline -0.003 -7"><span class='ocrx_word' id='word_1_432' title='bbox 189 2636 347 2664; x_wconf 87' lang='lat' dir='ltr'><strong>conturbati</strong></span> <span class='ocrx_word' id='word_1_433' title='bbox 372 2637 410 2664; x_wconf 93' lang='lat' dir='ltr'><strong>illi</strong></span> <span class='ocrx_word' id='word_1_434' title='bbox 433 2641 461 2664; x_wconf 85' lang='lat' dir='ltr'><strong>et</strong></span> <span class='ocrx_word' id='word_1_435' title='bbox 487 2636 591 2671; x_wconf 89' lang='lat' dir='ltr'><strong>pudore</strong></span> <span class='ocrx_word' id='word_1_436' title='bbox 616 2636 714 2664; x_wconf 69' lang='lat' dir='ltr'><strong>suffusi</strong></span> <span class='ocrx_word' id='word_1_437' title='bbox 741 2636 768 2663; x_wconf 84' lang='lat' dir='ltr'><strong>in</strong></span> <span class='ocrx_word' id='word_1_438' title='bbox 794 2636 975 2663; x_wconf 82' lang='lat' dir='ltr'><strong>Athanasium</strong></span> 
     </span>
    </p>
   </div>
   <div class='ocr_carea' id='block_1_58' title="bbox 191 2683 971 2718">
    <p class='ocr_par' dir='ltr' id='par_1_58' title="bbox 191 2683 971 2718">
     <span class='ocr_line' id='line_1_58' title="bbox 191 2683 971 2718; baseline 0 -10"><span class='ocrx_word' id='word_1_439' title='bbox 191 2687 327 2710; x_wconf 84' lang='lat' dir='ltr'><strong>trrnentes</strong></span> <span class='ocrx_word' id='word_1_440' title='bbox 353 2683 454 2710; x_wconf 87' lang='lat' dir='ltr'><strong>ictibus</strong></span> <span class='ocrx_word' id='word_1_441' title='bbox 470 2683 541 2710; x_wconf 89' lang='lat' dir='ltr'><strong>male</strong></span> <span class='ocrx_word' id='word_1_442' title='bbox 567 2683 709 2718; x_wconf 78' lang='lat' dir='ltr'><strong>multatum</strong></span> <span class='ocrx_word' id='word_1_443' title='bbox 728 2690 796 2717; x_wconf 85' lang='lat' dir='ltr'><strong>pene</strong></span> <span class='ocrx_word' id='word_1_444' title='bbox 809 2687 971 2709; x_wconf 79' lang='lat' dir='ltr'><strong>enecarunt.</strong></span> 
     </span>
    </p>
   </div>
   <div class='ocr_carea' id='block_1_59' title="bbox 189 2726 977 2763">
    <p class='ocr_par' dir='ltr' id='par_1_59' title="bbox 189 2726 977 2763">
     <span class='ocr_line' id='line_1_59' title="bbox 189 2726 977 2763; baseline 0 -8"><span class='ocrx_word' id='word_1_445' title='bbox 189 2727 242 2761; x_wconf 83' lang='lat' dir='ltr'><strong>Qui</strong></span> <span class='ocrx_word' id='word_1_446' title='bbox 258 2736 324 2763; x_wconf 77' lang='lat' dir='ltr'><strong>ergo</strong></span> <span class='ocrx_word' id='word_1_447' title='bbox 339 2737 355 2756; x_wconf 86' lang='lat' dir='ltr'><strong>e</strong></span> <span class='ocrx_word' id='word_1_448' title='bbox 374 2729 502 2756; x_wconf 89' lang='lat' dir='ltr'><strong>manibus</strong></span> <span class='ocrx_word' id='word_1_449' title='bbox 526 2726 649 2763; x_wconf 81' lang='lat' dir='ltr'><strong>ipsorum</strong></span> <span class='ocrx_word' id='word_1_450' title='bbox 664 2735 680 2755; x_wconf 83' lang='lat' dir='ltr'><strong>a</strong></span> <span class='ocrx_word' id='word_1_451' title='bbox 697 2729 856 2755; x_wconf 81' lang='lat' dir='ltr'><strong>Dalmateno</strong></span> <span class='ocrx_word' id='word_1_452' title='bbox 878 2731 977 2762; x_wconf 88' lang='lat' dir='ltr'><strong>nepote</strong></span> 
     </span>
    </p>
   </div>
   <div class='ocr_carea' id='block_1_60' title="bbox 191 2774 977 2810">
    <p class='ocr_par' dir='ltr' id='par_1_60' title="bbox 191 2774 977 2810">
     <span class='ocr_line' id='line_1_60' title="bbox 191 2774 977 2810; baseline 0.001 -10"><span class='ocrx_word' id='word_1_453' title='bbox 191 2775 368 2808; x_wconf 85' lang='lat' dir='ltr'><strong>Imperatoris</strong></span> <span class='ocrx_word' id='word_1_454' title='bbox 388 2780 497 2810; x_wconf 87' lang='lat' dir='ltr'><strong>ereptus</strong></span> <span class='ocrx_word' id='word_1_455' title='bbox 512 2774 701 2809; x_wconf 85' lang='lat' dir='ltr'><strong>Hierosolyma</strong></span> <span class='ocrx_word' id='word_1_456' title='bbox 716 2774 779 2809; x_wconf 78' lang='lat' dir='ltr'><strong>fuga</strong></span> <span class='ocrx_word' id='word_1_457' title='bbox 799 2775 910 2809; x_wconf 83' lang='lat' dir='ltr'><strong>elapsus</strong></span> <span class='ocrx_word' id='word_1_458' title='bbox 931 2781 977 2808; x_wconf 83' lang='lat' dir='ltr'><strong>pe-</strong></span> 
     </span>
    </p>
   </div>
   <div class='ocr_carea' id='block_1_61' title="bbox 227 2863 662 2896">
    <p class='ocr_par' dir='ltr' id='par_1_61' title="bbox 227 2863 662 2896">
     <span class='ocr_line' id='line_1_61' title="bbox 227 2863 662 2896; baseline -0.005 -3"><span class='ocrx_word' id='word_1_459' title='bbox 227 2866 237 2881; x_wconf 85' lang='grc'><em>“</em></span> <span class='ocrx_word' id='word_1_460' title='bbox 251 2863 331 2893; x_wconf 82' lang='lat' dir='ltr'><strong>Joan.</strong></span> <span class='ocrx_word' id='word_1_461' title='bbox 347 2872 374 2896; x_wconf 85' lang='grc' dir='ltr'><strong>ν,</strong></span> <span class='ocrx_word' id='word_1_462' title='bbox 390 2865 416 2891; x_wconf 92' lang='grc'><strong>7.</strong></span> <span class='ocrx_word' id='word_1_463' title='bbox 453 2865 463 2879; x_wconf 87' lang='lat'><strong>’</strong></span> <span class='ocrx_word' id='word_1_464' title='bbox 478 2864 558 2892; x_wconf 86' lang='lat' dir='ltr'><strong>Joan.</strong></span> <span class='ocrx_word' id='word_1_465' title='bbox 576 2873 602 2896; x_wconf 90' lang='lat' dir='ltr'><strong>x,</strong></span> <span class='ocrx_word' id='word_1_466' title='bbox 618 2865 662 2891; x_wconf 79' lang='lat'><strong>&#39;57.</strong></span> 
     </span>
    </p>
   </div>
   <div class='ocr_carea' id='block_1_62' title="bbox 702 2862 1208 2899">
    <p class='ocr_par' dir='ltr' id='par_1_62' title="bbox 702 2862 1208 2899">
     <span class='ocr_line' id='line_1_62' title="bbox 702 2862 1208 2899; baseline -0.006 -8"><span class='ocrx_word' id='word_1_467' title='bbox 702 2865 723 2880; x_wconf 83' lang='grc'><strong>¹⁰</strong></span> <span class='ocrx_word' id='word_1_468' title='bbox 741 2864 819 2891; x_wconf 82' lang='lat' dir='ltr'><strong>Joan.</strong></span> <span class='ocrx_word' id='word_1_469' title='bbox 835 2872 858 2896; x_wconf 87' lang='grc' dir='ltr'><strong>ν,</strong></span> <span class='ocrx_word' id='word_1_470' title='bbox 875 2864 918 2890; x_wconf 69' lang='lat'><strong>20.</strong></span> <span class='ocrx_word' id='word_1_471' title='bbox 940 2864 978 2899; x_wconf 37' lang='lat'><strong>3&#39;</strong></span> <span class='ocrx_word' id='word_1_472' title='bbox 994 2863 1090 2891; x_wconf 80' lang='lat' dir='ltr'><strong>Matth.</strong></span> <span class='ocrx_word' id='word_1_473' title='bbox 1107 2871 1150 2896; x_wconf 80' lang='lat' dir='ltr'><strong>xv,</strong></span> <span class='ocrx_word' id='word_1_474' title='bbox 1168 2862 1208 2889; x_wconf 91' lang='lat' dir='ltr'><strong>ll.</strong></span> 
     </span>
    </p>
   </div>
   <div class='ocr_carea' id='block_1_63' title="bbox 1032 233 1821 273">
    <p class='ocr_par' dir='ltr' id='par_1_63' title="bbox 1032 233 1821 273">
     <span class='ocr_line' id='line_1_63' title="bbox 1032 233 1821 273; baseline -0.009 -9"><span class='ocrx_word' id='word_1_475' title='bbox 1032 247 1091 264; x_wconf 92' lang='lat' dir='ltr'><strong>rmn</strong></span> <span class='ocrx_word' id='word_1_476' title='bbox 1129 243 1272 273; x_wconf 70' lang='lat' dir='ltr'><strong>prmsente,</strong></span> <span class='ocrx_word' id='word_1_477' title='bbox 1303 237 1439 265; x_wconf 84' lang='lat' dir='ltr'><strong>Ecelcsias</strong></span> <span class='ocrx_word' id='word_1_478' title='bbox 1471 239 1645 263; x_wconf 80' lang='lat' dir='ltr'><strong>consecratas</strong></span> <span class='ocrx_word' id='word_1_479' title='bbox 1677 234 1738 260; x_wconf 69' lang='lat' dir='ltr'><strong>oleo</strong></span> <span class='ocrx_word' id='word_1_480' title='bbox 1768 233 1821 258; x_wconf 82' lang='lat' dir='ltr'><strong>isIo</strong></span> 
     </span>
    </p>
   </div>
   <div class='ocr_carea' id='block_1_64' title="bbox 1032 277 1821 317">
    <p class='ocr_par' dir='ltr' id='par_1_64' title="bbox 1032 277 1821 317">
     <span class='ocr_line' id='line_1_64' title="bbox 1032 277 1821 317; baseline -0.01 -6"><span class='ocrx_word' id='word_1_481' title='bbox 1032 284 1119 316; x_wconf 81' lang='lat' dir='ltr'><strong>unxit.</strong></span> <span class='ocrx_word' id='word_1_482' title='bbox 1144 284 1242 311; x_wconf 86' lang='lat' dir='ltr'><strong>deinde</strong></span> <span class='ocrx_word' id='word_1_483' title='bbox 1271 283 1304 310; x_wconf 90' lang='lat' dir='ltr'><strong>ad</strong></span> <span class='ocrx_word' id='word_1_484' title='bbox 1332 284 1525 317; x_wconf 86' lang='lat' dir='ltr'><strong>imperatorem</strong></span> <span class='ocrx_word' id='word_1_485' title='bbox 1549 288 1578 308; x_wconf 80' lang='lat' dir='ltr'><strong>se</strong></span> <span class='ocrx_word' id='word_1_486' title='bbox 1598 279 1743 307; x_wconf 83' lang='lat' dir='ltr'><strong>conferens</strong></span> <span class='ocrx_word' id='word_1_487' title='bbox 1767 277 1821 311; x_wconf 83' lang='lat' dir='ltr'><strong>ipsi</strong></span> 
     </span>
    </p>
   </div>
   <div class='ocr_carea' id='block_1_65' title="bbox 1031 323 1819 363">
    <p class='ocr_par' dir='ltr' id='par_1_65' title="bbox 1031 323 1819 363">
     <span class='ocr_line' id='line_1_65' title="bbox 1031 323 1819 363; baseline -0.008 -8"><span class='ocrx_word' id='word_1_488' title='bbox 1031 329 1095 363; x_wconf 91' lang='lat' dir='ltr'><strong>quid</strong></span> <span class='ocrx_word' id='word_1_489' title='bbox 1126 328 1235 356; x_wconf 75' lang='lat' dir='ltr'><strong>fer-isset</strong></span> <span class='ocrx_word' id='word_1_490' title='bbox 1264 328 1457 360; x_wconf 86' lang='lat' dir='ltr'><strong>annuntiavit,</strong></span> <span class='ocrx_word' id='word_1_491' title='bbox 1484 327 1530 362; x_wconf 91' lang='lat' dir='ltr'><strong>qui</strong></span> <span class='ocrx_word' id='word_1_492' title='bbox 1558 327 1665 353; x_wconf 86' lang='lat' dir='ltr'><strong>honore</strong></span> <span class='ocrx_word' id='word_1_493' title='bbox 1693 323 1819 351; x_wconf 79' lang='lat' dir='ltr'><strong>ali‘ectum</strong></span> 
     </span>
    </p>
   </div>
   <div class='ocr_carea' id='block_1_66' title="bbox 1031 369 1819 401">
    <p class='ocr_par' dir='ltr' id='par_1_66' title="bbox 1031 369 1819 401">
     <span class='ocr_line' id='line_1_66' title="bbox 1031 369 1819 401; baseline -0.008 -1"><span class='ocrx_word' id='word_1_494' title='bbox 1031 373 1222 400; x_wconf 77' lang='lat' dir='ltr'><strong>Alexandriam</strong></span> <span class='ocrx_word' id='word_1_495' title='bbox 1238 374 1354 401; x_wconf 88' lang='lat' dir='ltr'><strong>remisit.</strong></span> <span class='ocrx_word' id='word_1_496' title='bbox 1373 373 1413 400; x_wconf 89' lang='lat' dir='ltr'><strong>Ira</strong></span> <span class='ocrx_word' id='word_1_497' title='bbox 1427 377 1517 400; x_wconf 84' lang='lat' dir='ltr'><strong>autem</strong></span> <span class='ocrx_word' id='word_1_498' title='bbox 1534 375 1687 398; x_wconf 83' lang='lat' dir='ltr'><strong>commotus</strong></span> <span class='ocrx_word' id='word_1_499' title='bbox 1709 373 1752 397; x_wconf 89' lang='lat' dir='ltr'><strong>est</strong></span> <span class='ocrx_word' id='word_1_500' title='bbox 1767 369 1819 395; x_wconf 90' lang='lat' dir='ltr'><strong>im-</strong></span> 
     </span>
    </p>
   </div>
   <div class='ocr_carea' id='block_1_67' title="bbox 1032 415 1824 454">
    <p class='ocr_par' dir='ltr' id='par_1_67' title="bbox 1032 415 1824 454">
     <span class='ocr_line' id='line_1_67' title="bbox 1032 415 1824 454; baseline -0.006 -10"><span class='ocrx_word' id='word_1_501' title='bbox 1032 423 1140 454; x_wconf 79' lang='lat' dir='ltr'><strong>poralot‘</strong></span> <span class='ocrx_word' id='word_1_502' title='bbox 1159 419 1187 446; x_wconf 93' lang='lat' dir='ltr'><strong>in</strong></span> <span class='ocrx_word' id='word_1_503' title='bbox 1209 419 1359 446; x_wconf 87' lang='lat' dir='ltr'><strong>Eusebium</strong></span> <span class='ocrx_word' id='word_1_504' title='bbox 1376 418 1560 454; x_wconf 84' lang='lat' dir='ltr'><strong>patriarcham</strong></span> <span class='ocrx_word' id='word_1_505' title='bbox 1589 415 1824 448; x_wconf 86' lang='lat' dir='ltr'><strong>Constantinopo—</strong></span> 
     </span>
    </p>
   </div>
   <div class='ocr_carea' id='block_1_68' title="bbox 1032 460 1825 499">
    <p class='ocr_par' dir='ltr' id='par_1_68' title="bbox 1032 460 1825 499">
     <span class='ocr_line' id='line_1_68' title="bbox 1032 460 1825 499; baseline -0.009 -7"><span class='ocrx_word' id='word_1_506' title='bbox 1032 464 1157 495; x_wconf 90' lang='lat' dir='ltr'><strong>litanum,</strong></span> <span class='ocrx_word' id='word_1_507' title='bbox 1175 465 1454 499; x_wconf 75' lang='lat' dir='ltr'><strong>pmnituitqueipsum</strong></span> <span class='ocrx_word' id='word_1_508' title='bbox 1481 462 1553 497; x_wconf 92' lang='lat' dir='ltr'><strong>quod</strong></span> <span class='ocrx_word' id='word_1_509' title='bbox 1577 469 1639 489; x_wconf 91' lang='lat' dir='ltr'><strong>eum</strong></span> <span class='ocrx_word' id='word_1_510' title='bbox 1655 460 1689 488; x_wconf 88' lang='lat' dir='ltr'><strong>ad</strong></span> <span class='ocrx_word' id='word_1_511' title='bbox 1705 460 1825 494; x_wconf 87' lang='lat' dir='ltr'><strong>patriar-</strong></span> 
     </span>
    </p>
   </div>
   <div class='ocr_carea' id='block_1_69' title="bbox 1032 504 1820 539">
    <p class='ocr_par' dir='ltr' id='par_1_69' title="bbox 1032 504 1820 539">
     <span class='ocr_line' id='line_1_69' title="bbox 1032 504 1820 539; baseline -0.005 -5"><span class='ocrx_word' id='word_1_512' title='bbox 1032 510 1140 536; x_wconf 86' lang='lat' dir='ltr'><strong>chatum</strong></span> <span class='ocrx_word' id='word_1_513' title='bbox 1159 513 1298 536; x_wconf 79' lang='lat' dir='ltr'><strong>evexerat.</strong></span> <span class='ocrx_word' id='word_1_514' title='bbox 1326 508 1445 536; x_wconf 83' lang='lat' dir='ltr'><strong>Profecti</strong></span> <span class='ocrx_word' id='word_1_515' title='bbox 1463 507 1564 535; x_wconf 87' lang='lat' dir='ltr'><strong>deinde</strong></span> <span class='ocrx_word' id='word_1_516' title='bbox 1588 506 1692 537; x_wconf 67' lang='lat' dir='ltr'><strong>caeteri,</strong></span> <span class='ocrx_word' id='word_1_517' title='bbox 1719 505 1767 539; x_wconf 90' lang='lat' dir='ltr'><strong>qui</strong></span> <span class='ocrx_word' id='word_1_518' title='bbox 1793 504 1820 530; x_wconf 92' lang='lat' dir='ltr'><strong>in</strong></span> 
     </span>
    </p>
   </div>
   <div class='ocr_carea' id='block_1_70' title="bbox 1033 550 1821 590">
    <p class='ocr_par' dir='ltr' id='par_1_70' title="bbox 1033 550 1821 590">
     <span class='ocr_line' id='line_1_70' title="bbox 1033 550 1821 590; baseline -0.005 -10"><span class='ocrx_word' id='word_1_519' title='bbox 1033 555 1100 582; x_wconf 78' lang='lat' dir='ltr'><strong>urbe</strong></span> <span class='ocrx_word' id='word_1_520' title='bbox 1116 553 1189 590; x_wconf 80' lang='lat' dir='ltr'><strong>Tyro</strong></span> <span class='ocrx_word' id='word_1_521' title='bbox 1211 555 1370 590; x_wconf 72' lang='lat' dir='ltr'><strong>congregati</strong></span> <span class='ocrx_word' id='word_1_522' title='bbox 1397 554 1517 586; x_wconf 88' lang='lat' dir='ltr'><strong>fuerant,</strong></span> <span class='ocrx_word' id='word_1_523' title='bbox 1543 552 1664 586; x_wconf 86' lang='lat' dir='ltr'><strong>episcopi</strong></span> <span class='ocrx_word' id='word_1_524' title='bbox 1690 550 1821 577; x_wconf 84' lang='lat' dir='ltr'><strong>llieroso-</strong></span> 
     </span>
    </p>
   </div>
   <div class='ocr_carea' id='block_1_71' title="bbox 1033 597 1823 634">
    <p class='ocr_par' dir='ltr' id='par_1_71' title="bbox 1033 597 1823 634">
     <span class='ocr_line' id='line_1_71' title="bbox 1033 597 1823 634; baseline -0.008 -8"><span class='ocrx_word' id='word_1_525' title='bbox 1033 600 1114 634; x_wconf 87' lang='lat' dir='ltr'><strong>lyma,</strong></span> <span class='ocrx_word' id='word_1_526' title='bbox 1140 600 1303 627; x_wconf 88' lang='lat' dir='ltr'><strong>invenerunt</strong></span> <span class='ocrx_word' id='word_1_527' title='bbox 1332 599 1513 626; x_wconf 83' lang='lat' dir='ltr'><strong>Athanasium</strong></span> <span class='ocrx_word' id='word_1_528' title='bbox 1527 597 1722 633; x_wconf 68' lang='lat' dir='ltr'><strong>jpatriarcham</strong></span> <span class='ocrx_word' id='word_1_529' title='bbox 1748 597 1823 630; x_wconf 75' lang='lat' dir='ltr'><strong>ipsos</strong></span> 
     </span>
    </p>
   </div>
   <div class='ocr_carea' id='block_1_72' title="bbox 1033 642 1824 680">
    <p class='ocr_par' dir='ltr' id='par_1_72' title="bbox 1033 642 1824 680">
     <span class='ocr_line' id='line_1_72' title="bbox 1033 642 1824 680; baseline -0.009 -7"><span class='ocrx_word' id='word_1_530' title='bbox 1033 645 1198 680; x_wconf 76' lang='lat' dir='ltr'><strong>prmveuisse</strong></span> <span class='ocrx_word' id='word_1_531' title='bbox 1223 645 1354 672; x_wconf 68' lang='lat' dir='ltr'><strong>eettlesias</strong></span> <span class='ocrx_word' id='word_1_532' title='bbox 1389 645 1588 672; x_wconf 83' lang='lat' dir='ltr'><strong>consecrando.</strong></span> <span class='ocrx_word' id='word_1_533' title='bbox 1617 642 1728 670; x_wconf 82' lang='lat' dir='ltr'><strong>Festum</strong></span> <span class='ocrx_word' id='word_1_534' title='bbox 1756 649 1824 675; x_wconf 75' lang='lat' dir='ltr'><strong>ergo</strong></span> 
     </span>
    </p>
   </div>
   <div class='ocr_carea' id='block_1_73' title="bbox 1033 687 1821 726">
    <p class='ocr_par' dir='ltr' id='par_1_73' title="bbox 1033 687 1821 726">
     <span class='ocr_line' id='line_1_73' title="bbox 1033 687 1821 726; baseline -0.005 -8"><span class='ocrx_word' id='word_1_535' title='bbox 1033 699 1161 726; x_wconf 82' lang='lat' dir='ltr'><strong>magnum</strong></span> <span class='ocrx_word' id='word_1_536' title='bbox 1175 691 1345 718; x_wconf 86' lang='lat' dir='ltr'><strong>celebrantes</strong></span> <span class='ocrx_word' id='word_1_537' title='bbox 1360 691 1395 718; x_wconf 90' lang='lat' dir='ltr'><strong>ob</strong></span> <span class='ocrx_word' id='word_1_538' title='bbox 1411 690 1591 718; x_wconf 89' lang='lat' dir='ltr'><strong>ecclesiarum</strong></span> <span class='ocrx_word' id='word_1_539' title='bbox 1607 687 1821 716; x_wconf 71' lang='lat' dir='ltr'><strong>dedicationem.</strong></span> 
     </span>
    </p>
   </div>
   <div class='ocr_carea' id='block_1_74' title="bbox 1033 735 1636 771">
    <p class='ocr_par' dir='ltr' id='par_1_74' title="bbox 1033 735 1636 771">
     <span class='ocr_line' id='line_1_74' title="bbox 1033 735 1636 771; baseline -0.005 -8"><span class='ocrx_word' id='word_1_540' title='bbox 1033 737 1180 770; x_wconf 62' lang='lat' dir='ltr'><strong>Iustitiaque</strong></span> <span class='ocrx_word' id='word_1_541' title='bbox 1195 736 1299 771; x_wconf 80' lang='lat' dir='ltr'><strong>ingenti</strong></span> <span class='ocrx_word' id='word_1_542' title='bbox 1314 735 1430 770; x_wconf 85' lang='lat' dir='ltr'><strong>perfusi,</strong></span> <span class='ocrx_word' id='word_1_543' title='bbox 1446 735 1547 762; x_wconf 84' lang='lat' dir='ltr'><strong>reversi</strong></span> <span class='ocrx_word' id='word_1_544' title='bbox 1560 738 1636 762; x_wconf 82' lang='lat' dir='ltr'><strong>sunt.</strong></span> 
     </span>
    </p>
   </div>
   <div class='ocr_carea' id='block_1_75' title="bbox 1069 776 1823 815">
    <p class='ocr_par' dir='ltr' id='par_1_75' title="bbox 1069 776 1823 815">
     <span class='ocr_line' id='line_1_75' title="bbox 1069 776 1823 815; baseline -0.009 -7"><span class='ocrx_word' id='word_1_545' title='bbox 1069 781 1181 809; x_wconf 83' lang='lat' dir='ltr'><strong>Factum</strong></span> <span class='ocrx_word' id='word_1_546' title='bbox 1197 786 1239 809; x_wconf 90' lang='lat' dir='ltr'><strong>est</strong></span> <span class='ocrx_word' id='word_1_547' title='bbox 1254 781 1307 808; x_wconf 91' lang='lat' dir='ltr'><strong>hoc</strong></span> <span class='ocrx_word' id='word_1_548' title='bbox 1325 788 1397 808; x_wconf 88' lang='lat' dir='ltr'><strong>anno</strong></span> <span class='ocrx_word' id='word_1_549' title='bbox 1416 780 1524 815; x_wconf 83' lang='lat' dir='ltr'><strong>imperii</strong></span> <span class='ocrx_word' id='word_1_550' title='bbox 1540 777 1714 807; x_wconf 87' lang='lat' dir='ltr'><strong>Constantini</strong></span> <span class='ocrx_word' id='word_1_551' title='bbox 1740 776 1823 802; x_wconf 78' lang='lat' dir='ltr'><strong>trice-</strong></span> 
     </span>
    </p>
   </div>
   <div class='ocr_carea' id='block_1_76' title="bbox 1034 821 1823 858">
    <p class='ocr_par' dir='ltr' id='par_1_76' title="bbox 1034 821 1823 858">
     <span class='ocr_line' id='line_1_76' title="bbox 1034 821 1823 858; baseline -0.01 -4"><span class='ocrx_word' id='word_1_552' title='bbox 1034 827 1114 855; x_wconf 89' lang='lat' dir='ltr'><strong>simo.</strong></span> <span class='ocrx_word' id='word_1_553' title='bbox 1133 827 1257 854; x_wconf 78' lang='lat' dir='ltr'><strong>Ilortuus</strong></span> <span class='ocrx_word' id='word_1_554' title='bbox 1266 831 1308 854; x_wconf 77' lang='lat' dir='ltr'><strong>est</strong></span> <span class='ocrx_word' id='word_1_555' title='bbox 1320 831 1410 853; x_wconf 89' lang='lat' dir='ltr'><strong>autem</strong></span> <span class='ocrx_word' id='word_1_556' title='bbox 1428 825 1564 852; x_wconf 86' lang='lat' dir='ltr'><strong>Eusebius</strong></span> <span class='ocrx_word' id='word_1_557' title='bbox 1579 822 1733 858; x_wconf 87' lang='lat' dir='ltr'><strong>patriarcln</strong></span> <span class='ocrx_word' id='word_1_558' title='bbox 1751 821 1823 848; x_wconf 78' lang='lat' dir='ltr'><strong>Con-</strong></span> 
     </span>
    </p>
   </div>
   <div class='ocr_carea' id='block_1_77' title="bbox 996 867 1823 906">
    <p class='ocr_par' dir='ltr' id='par_1_77' title="bbox 996 867 1823 906">
     <span class='ocr_line' id='line_1_77' title="bbox 996 867 1823 906; baseline -0.007 -7"><span class='ocrx_word' id='word_1_559' title='bbox 996 870 1016 898; x_wconf 78' lang='grc' dir='ltr'>Β</span> <span class='ocrx_word' id='word_1_560' title='bbox 1031 872 1301 906; x_wconf 87' lang='lat' dir='ltr'><strong>stantinopolitanus,</strong></span> <span class='ocrx_word' id='word_1_561' title='bbox 1326 878 1387 898; x_wconf 88' lang='lat' dir='ltr'><strong>cum</strong></span> <span class='ocrx_word' id='word_1_562' title='bbox 1410 870 1481 897; x_wconf 81' lang='lat' dir='ltr'><strong>duos</strong></span> <span class='ocrx_word' id='word_1_563' title='bbox 1499 876 1586 896; x_wconf 91' lang='lat' dir='ltr'><strong>annos</strong></span> <span class='ocrx_word' id='word_1_564' title='bbox 1606 868 1734 899; x_wconf 78' lang='lat' dir='ltr'><strong>sedisSct,</strong></span> <span class='ocrx_word' id='word_1_565' title='bbox 1754 867 1823 901; x_wconf 87' lang='lat' dir='ltr'><strong>ipsi-</strong></span> 
     </span>
    </p>
   </div>
   <div class='ocr_carea' id='block_1_78' title="bbox 1030 913 1817 954">
    <p class='ocr_par' dir='ltr' id='par_1_78' title="bbox 1030 913 1817 954">
     <span class='ocr_line' id='line_1_78' title="bbox 1030 913 1817 954; baseline -0.008 -10"><span class='ocrx_word' id='word_1_566' title='bbox 1030 926 1084 954; x_wconf 88' lang='lat' dir='ltr'><strong>que</strong></span> <span class='ocrx_word' id='word_1_567' title='bbox 1099 917 1273 945; x_wconf 89' lang='lat' dir='ltr'><strong>maledictum</strong></span> <span class='ocrx_word' id='word_1_568' title='bbox 1284 920 1369 948; x_wconf 78' lang='lat' dir='ltr'><strong>esset,</strong></span> <span class='ocrx_word' id='word_1_569' title='bbox 1383 916 1606 949; x_wconf 84' lang='lat' dir='ltr'><strong>substitutusque</strong></span> <span class='ocrx_word' id='word_1_570' title='bbox 1617 918 1661 940; x_wconf 81' lang='lat' dir='ltr'><strong>est</strong></span> <span class='ocrx_word' id='word_1_571' title='bbox 1681 914 1708 940; x_wconf 95' lang='lat' dir='ltr'><strong>in</strong></span> <span class='ocrx_word' id='word_1_572' title='bbox 1725 913 1817 939; x_wconf 89' lang='lat' dir='ltr'><strong>locum</strong></span> 
     </span>
    </p>
   </div>
   <div class='ocr_carea' id='block_1_79' title="bbox 1029 958 1822 1000">
    <p class='ocr_par' dir='ltr' id='par_1_79' title="bbox 1029 958 1822 1000">
     <span class='ocr_line' id='line_1_79' title="bbox 1029 958 1822 1000; baseline -0.011 -8"><span class='ocrx_word' id='word_1_573' title='bbox 1029 964 1117 999; x_wconf 80' lang='lat' dir='ltr'><strong>ipsius</strong></span> <span class='ocrx_word' id='word_1_574' title='bbox 1134 962 1314 1000; x_wconf 49' lang='lat' dir='ltr'><strong>ass-$67</strong></span> <span class='ocrx_word' id='word_1_575' title='bbox 1331 960 1569 995; x_wconf 85' lang='lat' dir='ltr'><strong>Constantinopoli</strong></span> <span class='ocrx_word' id='word_1_576' title='bbox 1584 959 1685 986; x_wconf 82' lang='lat' dir='ltr'><strong>Paulus</strong></span> <span class='ocrx_word' id='word_1_577' title='bbox 1704 958 1822 993; x_wconf 84' lang='lat' dir='ltr'><strong>Patriar-</strong></span> 
     </span>
    </p>
   </div>
   <div class='ocr_carea' id='block_1_80' title="bbox 1030 1006 1821 1045">
    <p class='ocr_par' dir='ltr' id='par_1_80' title="bbox 1030 1006 1821 1045">
     <span class='ocr_line' id='line_1_80' title="bbox 1030 1006 1821 1045; baseline -0.009 -8"><span class='ocrx_word' id='word_1_578' title='bbox 1030 1010 1093 1043; x_wconf 84' lang='lat' dir='ltr'><strong>cha,</strong></span> <span class='ocrx_word' id='word_1_579' title='bbox 1105 1011 1151 1045; x_wconf 89' lang='lat' dir='ltr'><strong>qui</strong></span> <span class='ocrx_word' id='word_1_580' title='bbox 1169 1017 1231 1036; x_wconf 84' lang='lat' dir='ltr'><strong>cum</strong></span> <span class='ocrx_word' id='word_1_581' title='bbox 1247 1014 1366 1044; x_wconf 89' lang='lat' dir='ltr'><strong>quatuor</strong></span> <span class='ocrx_word' id='word_1_582' title='bbox 1380 1015 1467 1036; x_wconf 87' lang='lat' dir='ltr'><strong>annos</strong></span> <span class='ocrx_word' id='word_1_583' title='bbox 1477 1007 1593 1035; x_wconf 84' lang='lat' dir='ltr'><strong>sedisset</strong></span> <span class='ocrx_word' id='word_1_584' title='bbox 1609 1006 1644 1033; x_wconf 86' lang='lat' dir='ltr'><strong>ab</strong></span> <span class='ocrx_word' id='word_1_585' title='bbox 1656 1006 1821 1040; x_wconf 86' lang='lat' dir='ltr'><strong>imperatore</strong></span> 
     </span>
    </p>
   </div>
   <div class='ocr_carea' id='block_1_81' title="bbox 1027 1051 1820 1090">
    <p class='ocr_par' dir='ltr' id='par_1_81' title="bbox 1027 1051 1820 1090">
     <span class='ocr_line' id='line_1_81' title="bbox 1027 1051 1820 1090; baseline -0.006 -8"><span class='ocrx_word' id='word_1_586' title='bbox 1027 1055 1209 1083; x_wconf 88' lang='lat' dir='ltr'><strong>Constantino</strong></span> <span class='ocrx_word' id='word_1_587' title='bbox 1230 1055 1367 1090; x_wconf 74' lang='lat' dir='ltr'><strong>relegatus</strong></span> <span class='ocrx_word' id='word_1_588' title='bbox 1389 1059 1442 1081; x_wconf 88' lang='lat' dir='ltr'><strong>est.</strong></span> <span class='ocrx_word' id='word_1_589' title='bbox 1460 1054 1547 1079; x_wconf 80' lang='lat' dir='ltr'><strong>Porro</strong></span> <span class='ocrx_word' id='word_1_590' title='bbox 1568 1052 1655 1078; x_wconf 90' lang='lat' dir='ltr'><strong>vetuit</strong></span> <span class='ocrx_word' id='word_1_591' title='bbox 1679 1051 1820 1078; x_wconf 82' lang='lat' dir='ltr'><strong>Constan-</strong></span> 
     </span>
    </p>
   </div>
   <div class='ocr_carea' id='block_1_82' title="bbox 1028 1096 1821 1136">
    <p class='ocr_par' dir='ltr' id='par_1_82' title="bbox 1028 1096 1821 1136">
     <span class='ocr_line' id='line_1_82' title="bbox 1028 1096 1821 1136; baseline -0.009 -8"><span class='ocrx_word' id='word_1_592' title='bbox 1028 1103 1103 1129; x_wconf 90' lang='lat' dir='ltr'><strong>tinus</strong></span> <span class='ocrx_word' id='word_1_593' title='bbox 1118 1102 1278 1136; x_wconf 84' lang='lat' dir='ltr'><strong>imperator,</strong></span> <span class='ocrx_word' id='word_1_594' title='bbox 1298 1108 1331 1128; x_wconf 89' lang='lat' dir='ltr'><strong>ne</strong></span> <span class='ocrx_word' id='word_1_595' title='bbox 1348 1100 1410 1134; x_wconf 88' lang='lat' dir='ltr'><strong>quis</strong></span> <span class='ocrx_word' id='word_1_596' title='bbox 1433 1098 1545 1126; x_wconf 63' lang='lat' dir='ltr'><strong>Iudaeus</strong></span> <span class='ocrx_word' id='word_1_597' title='bbox 1571 1097 1760 1132; x_wconf 90' lang='lat' dir='ltr'><strong>llierosolyma</strong></span> <span class='ocrx_word' id='word_1_598' title='bbox 1777 1096 1821 1122; x_wconf 91' lang='lat' dir='ltr'><strong>in-</strong></span> 
     </span>
    </p>
   </div>
   <div class='ocr_carea' id='block_1_83' title="bbox 1028 1141 1820 1182">
    <p class='ocr_par' dir='ltr' id='par_1_83' title="bbox 1028 1141 1820 1182">
     <span class='ocr_line' id='line_1_83' title="bbox 1028 1141 1820 1182; baseline -0.009 -8"><span class='ocrx_word' id='word_1_599' title='bbox 1028 1148 1141 1180; x_wconf 86' lang='lat' dir='ltr'><strong>coleret,</strong></span> <span class='ocrx_word' id='word_1_600' title='bbox 1159 1151 1207 1174; x_wconf 87' lang='lat' dir='ltr'><strong>aut</strong></span> <span class='ocrx_word' id='word_1_601' title='bbox 1221 1154 1269 1182; x_wconf 89' lang='lat' dir='ltr'><strong>per</strong></span> <span class='ocrx_word' id='word_1_602' title='bbox 1293 1153 1325 1173; x_wconf 86' lang='lat' dir='ltr'><strong>ea</strong></span> <span class='ocrx_word' id='word_1_603' title='bbox 1345 1145 1494 1176; x_wconf 85' lang='lat' dir='ltr'><strong>transiret;</strong></span> <span class='ocrx_word' id='word_1_604' title='bbox 1521 1149 1610 1171; x_wconf 80' lang='lat' dir='ltr'><strong>morte</strong></span> <span class='ocrx_word' id='word_1_605' title='bbox 1640 1143 1724 1169; x_wconf 85' lang='lat' dir='ltr'><strong>etiam</strong></span> <span class='ocrx_word' id='word_1_606' title='bbox 1749 1141 1820 1168; x_wconf 86' lang='lat' dir='ltr'><strong>allici</strong></span> 
     </span>
    </p>
   </div>
   <div class='ocr_carea' id='block_1_84' title="bbox 1025 1189 1818 1229">
    <p class='ocr_par' dir='ltr' id='par_1_84' title="bbox 1025 1189 1818 1229">
     <span class='ocr_line' id='line_1_84' title="bbox 1025 1189 1818 1229; baseline -0.008 -10"><span class='ocrx_word' id='word_1_607' title='bbox 1025 1193 1107 1229; x_wconf 84' lang='lat' dir='ltr'><strong>jussit</strong></span> <span class='ocrx_word' id='word_1_608' title='bbox 1122 1200 1217 1220; x_wconf 75' lang='lat' dir='ltr'><strong>ornnes</strong></span> <span class='ocrx_word' id='word_1_609' title='bbox 1235 1191 1281 1227; x_wconf 89' lang='lat' dir='ltr'><strong>qui</strong></span> <span class='ocrx_word' id='word_1_610' title='bbox 1306 1191 1464 1226; x_wconf 79' lang='lat' dir='ltr'><strong>religionem</strong></span> <span class='ocrx_word' id='word_1_611' title='bbox 1477 1189 1661 1217; x_wconf 83' lang='lat' dir='ltr'><strong>Christianam</strong></span> <span class='ocrx_word' id='word_1_612' title='bbox 1685 1196 1741 1215; x_wconf 93' lang='lat' dir='ltr'><strong>non</strong></span> <span class='ocrx_word' id='word_1_613' title='bbox 1759 1195 1818 1214; x_wconf 55' lang='lat' dir='ltr'><strong>aut-</strong></span> 
     </span>
    </p>
   </div>
   <div class='ocr_carea' id='block_1_85' title="bbox 1027 1234 1820 1271">
    <p class='ocr_par' dir='ltr' id='par_1_85' title="bbox 1027 1234 1820 1271">
     <span class='ocr_line' id='line_1_85' title="bbox 1027 1234 1820 1271; baseline -0.006 -7"><span class='ocrx_word' id='word_1_614' title='bbox 1027 1237 1224 1271; x_wconf 87' lang='lat' dir='ltr'><strong>plecterentur.</strong></span> <span class='ocrx_word' id='word_1_615' title='bbox 1245 1236 1347 1264; x_wconf 89' lang='lat' dir='ltr'><strong>Christi</strong></span> <span class='ocrx_word' id='word_1_616' title='bbox 1377 1243 1443 1271; x_wconf 76' lang='lat' dir='ltr'><strong>ergo</strong></span> <span class='ocrx_word' id='word_1_617' title='bbox 1461 1242 1559 1262; x_wconf 83' lang='lat' dir='ltr'><strong>nomen</strong></span> <span class='ocrx_word' id='word_1_618' title='bbox 1584 1234 1700 1268; x_wconf 88' lang='lat' dir='ltr'><strong>professi</strong></span> <span class='ocrx_word' id='word_1_619' title='bbox 1725 1237 1789 1260; x_wconf 90' lang='lat' dir='ltr'><strong>sunt</strong></span> <span class='ocrx_word' id='word_1_620' title='bbox 1804 1240 1820 1259; x_wconf 92' lang='lat' dir='ltr'><strong>e</strong></span> 
     </span>
    </p>
   </div>
   <div class='ocr_carea' id='block_1_86' title="bbox 1027 1279 1819 1318">
    <p class='ocr_par' dir='ltr' id='par_1_86' title="bbox 1027 1279 1819 1318">
     <span class='ocr_line' id='line_1_86' title="bbox 1027 1279 1819 1318; baseline -0.006 -8"><span class='ocrx_word' id='word_1_621' title='bbox 1027 1283 1154 1318; x_wconf 73' lang='lat' dir='ltr'><strong>gentibus</strong></span> <span class='ocrx_word' id='word_1_622' title='bbox 1180 1290 1212 1310; x_wconf 87' lang='lat' dir='ltr'><strong>ac</strong></span> <span class='ocrx_word' id='word_1_623' title='bbox 1231 1282 1335 1310; x_wconf 68' lang='lat' dir='ltr'><strong>Judacis</strong></span> <span class='ocrx_word' id='word_1_624' title='bbox 1351 1281 1557 1316; x_wconf 92' lang='lat' dir='ltr'><strong>quamplurimi,</strong></span> <span class='ocrx_word' id='word_1_625' title='bbox 1575 1287 1607 1307; x_wconf 89' lang='lat' dir='ltr'><strong>ac</strong></span> <span class='ocrx_word' id='word_1_626' title='bbox 1626 1279 1727 1314; x_wconf 86' lang='lat' dir='ltr'><strong>passim</strong></span> <span class='ocrx_word' id='word_1_627' title='bbox 1745 1279 1819 1306; x_wconf 87' lang='lat' dir='ltr'><strong>obti-</strong></span> 
     </span>
    </p>
   </div>
   <div class='ocr_carea' id='block_1_87' title="bbox 1029 1325 1821 1356">
    <p class='ocr_par' dir='ltr' id='par_1_87' title="bbox 1029 1325 1821 1356">
     <span class='ocr_line' id='line_1_87' title="bbox 1029 1325 1821 1356; baseline -0.006 0"><span class='ocrx_word' id='word_1_628' title='bbox 1029 1329 1091 1356; x_wconf 91' lang='lat' dir='ltr'><strong>nuit</strong></span> <span class='ocrx_word' id='word_1_629' title='bbox 1130 1329 1363 1356; x_wconf 84' lang='lat' dir='ltr'><strong>ehristianismns.</strong></span> <span class='ocrx_word' id='word_1_630' title='bbox 1386 1327 1547 1355; x_wconf 83' lang='lat' dir='ltr'><strong>Nuntiatum</strong></span> <span class='ocrx_word' id='word_1_631' title='bbox 1571 1330 1612 1354; x_wconf 88' lang='lat' dir='ltr'><strong>est</strong></span> <span class='ocrx_word' id='word_1_632' title='bbox 1634 1331 1722 1353; x_wconf 86' lang='lat' dir='ltr'><strong>autem</strong></span> <span class='ocrx_word' id='word_1_633' title='bbox 1748 1325 1821 1352; x_wconf 78' lang='lat' dir='ltr'><strong>Con—</strong></span> 
     </span>
    </p>
   </div>
   <div class='ocr_carea' id='block_1_88' title="bbox 1028 1371 1818 1409">
    <p class='ocr_par' dir='ltr' id='par_1_88' title="bbox 1028 1371 1818 1409">
     <span class='ocr_line' id='line_1_88' title="bbox 1028 1371 1818 1409; baseline -0.008 -6"><span class='ocrx_word' id='word_1_634' title='bbox 1028 1374 1151 1403; x_wconf 87' lang='lat' dir='ltr'><strong>stantino</strong></span> <span class='ocrx_word' id='word_1_635' title='bbox 1176 1374 1334 1409; x_wconf 88' lang='lat' dir='ltr'><strong>imperatori</strong></span> <span class='ocrx_word' id='word_1_636' title='bbox 1359 1373 1473 1400; x_wconf 69' lang='lat' dir='ltr'><strong>Judzcos</strong></span> <span class='ocrx_word' id='word_1_637' title='bbox 1497 1377 1572 1399; x_wconf 91' lang='lat' dir='ltr'><strong>metu</strong></span> <span class='ocrx_word' id='word_1_638' title='bbox 1595 1372 1692 1399; x_wconf 86' lang='lat' dir='ltr'><strong>mortis</strong></span> <span class='ocrx_word' id='word_1_639' title='bbox 1715 1371 1818 1398; x_wconf 87' lang='lat' dir='ltr'><strong>Christi</strong></span> 
     </span>
    </p>
   </div>
   <div class='ocr_carea' id='block_1_89' title="bbox 1025 1415 1819 1455">
    <p class='ocr_par' dir='ltr' id='par_1_89' title="bbox 1025 1415 1819 1455">
     <span class='ocr_line' id='line_1_89' title="bbox 1025 1415 1819 1455; baseline -0.006 -8"><span class='ocrx_word' id='word_1_640' title='bbox 1025 1420 1135 1455; x_wconf 87' lang='lat' dir='ltr'><strong>quidem</strong></span> <span class='ocrx_word' id='word_1_641' title='bbox 1151 1420 1309 1453; x_wconf 70' lang='lat' dir='ltr'><strong>religionem</strong></span> <span class='ocrx_word' id='word_1_642' title='bbox 1327 1419 1460 1453; x_wconf 80' lang='lat' dir='ltr'><strong>profiteri,</strong></span> <span class='ocrx_word' id='word_1_643' title='bbox 1480 1423 1508 1444; x_wconf 85' lang='lat' dir='ltr'><strong>at</strong></span> <span class='ocrx_word' id='word_1_644' title='bbox 1523 1425 1599 1444; x_wconf 77' lang='lat' dir='ltr'><strong>suam</strong></span> <span class='ocrx_word' id='word_1_645' title='bbox 1622 1416 1734 1444; x_wconf 86' lang='lat' dir='ltr'><strong>interim</strong></span> <span class='ocrx_word' id='word_1_646' title='bbox 1753 1415 1819 1442; x_wconf 83' lang='lat' dir='ltr'><strong>reti—</strong></span> 
     </span>
    </p>
   </div>
   <div class='ocr_carea' id='block_1_90' title="bbox 1027 1461 1820 1500">
    <p class='ocr_par' dir='ltr' id='par_1_90' title="bbox 1027 1461 1820 1500">
     <span class='ocr_line' id='line_1_90' title="bbox 1027 1461 1820 1500; baseline -0.008 -7"><span class='ocrx_word' id='word_1_647' title='bbox 1027 1473 1102 1493; x_wconf 90' lang='lat' dir='ltr'><strong>nere.</strong></span> <span class='ocrx_word' id='word_1_648' title='bbox 1121 1465 1244 1500; x_wconf 75' lang='lat' dir='ltr'><strong>Rogantc</strong></span> <span class='ocrx_word' id='word_1_649' title='bbox 1253 1471 1318 1498; x_wconf 63' lang='lat' dir='ltr'><strong>ergo</strong></span> <span class='ocrx_word' id='word_1_650' title='bbox 1330 1464 1505 1498; x_wconf 83' lang='lat' dir='ltr'><strong>imperatore:</strong></span> <span class='ocrx_word' id='word_1_651' title='bbox 1518 1461 1661 1495; x_wconf 85' lang='lat' dir='ltr'><strong>Quomodo</strong></span> <span class='ocrx_word' id='word_1_652' title='bbox 1675 1462 1727 1488; x_wconf 85' lang='lat' dir='ltr'><strong>hoc</strong></span> <span class='ocrx_word' id='word_1_653' title='bbox 1742 1466 1820 1487; x_wconf 86' lang='lat' dir='ltr'><strong>certo</strong></span> 
     </span>
    </p>
   </div>
   <div class='ocr_carea' id='block_1_91' title="bbox 1028 1507 1818 1545">
    <p class='ocr_par' dir='ltr' id='par_1_91' title="bbox 1028 1507 1818 1545">
     <span class='ocr_line' id='line_1_91' title="bbox 1028 1507 1818 1545; baseline -0.008 -7"><span class='ocrx_word' id='word_1_654' title='bbox 1028 1511 1166 1538; x_wconf 84' lang='lat' dir='ltr'><strong>sciemus?</strong></span> <span class='ocrx_word' id='word_1_655' title='bbox 1187 1510 1329 1545; x_wconf 85' lang='lat' dir='ltr'><strong>respondit</strong></span> <span class='ocrx_word' id='word_1_656' title='bbox 1353 1509 1454 1536; x_wconf 74' lang='lat' dir='ltr'><strong>l‘aulus</strong></span> <span class='ocrx_word' id='word_1_657' title='bbox 1479 1508 1636 1542; x_wconf 85' lang='lat' dir='ltr'><strong>patriarcha</strong></span> <span class='ocrx_word' id='word_1_658' title='bbox 1652 1507 1818 1534; x_wconf 88' lang='lat' dir='ltr'><strong>Constanti-</strong></span> 
     </span>
    </p>
   </div>
   <div class='ocr_carea' id='block_1_92' title="bbox 1028 1554 1820 1590">
    <p class='ocr_par' dir='ltr' id='par_1_92' title="bbox 1028 1554 1820 1590">
     <span class='ocr_line' id='line_1_92' title="bbox 1028 1554 1820 1590; baseline -0.006 -7"><span class='ocrx_word' id='word_1_659' title='bbox 1028 1556 1203 1590; x_wconf 69' lang='lat' dir='ltr'><strong>nop&#39;ﬂitanus</strong></span> <span class='ocrx_word' id='word_1_660' title='bbox 1225 1565 1232 1582; x_wconf 91' lang='lat'><strong>:</strong></span> <span class='ocrx_word' id='word_1_661' title='bbox 1260 1555 1330 1582; x_wconf 89' lang='lat' dir='ltr'><strong>Caro</strong></span> <span class='ocrx_word' id='word_1_662' title='bbox 1345 1555 1457 1589; x_wconf 84' lang='lat' dir='ltr'><strong>porcina</strong></span> <span class='ocrx_word' id='word_1_663' title='bbox 1475 1555 1534 1589; x_wconf 78' lang='lat' dir='ltr'><strong>lege</strong></span> <span class='ocrx_word' id='word_1_664' title='bbox 1556 1554 1638 1580; x_wconf 78' lang='lat' dir='ltr'><strong>vetita</strong></span> <span class='ocrx_word' id='word_1_665' title='bbox 1666 1557 1820 1586; x_wconf 76' lang='lat' dir='ltr'><strong>est,quare</strong></span> 
     </span>
    </p>
   </div>
   <div class='ocr_carea' id='block_1_93' title="bbox 1025 1597 1819 1633">
    <p class='ocr_par' dir='ltr' id='par_1_93' title="bbox 1025 1597 1819 1633">
     <span class='ocr_line' id='line_1_93' title="bbox 1025 1597 1819 1633; baseline -0.009 -4"><span class='ocrx_word' id='word_1_666' title='bbox 1025 1610 1086 1629; x_wconf 83' lang='lat' dir='ltr'><strong>eam</strong></span> <span class='ocrx_word' id='word_1_667' title='bbox 1101 1609 1154 1629; x_wconf 91' lang='lat' dir='ltr'><strong>non</strong></span> <span class='ocrx_word' id='word_1_668' title='bbox 1172 1601 1319 1628; x_wconf 86' lang='lat' dir='ltr'><strong>comedunt</strong></span> <span class='ocrx_word' id='word_1_669' title='bbox 1333 1600 1438 1631; x_wconf 63' lang='lat' dir='ltr'><strong>Judaei;</strong></span> <span class='ocrx_word' id='word_1_670' title='bbox 1453 1599 1520 1633; x_wconf 88' lang='lat' dir='ltr'><strong>jube</strong></span> <span class='ocrx_word' id='word_1_671' title='bbox 1543 1606 1609 1632; x_wconf 77' lang='lat' dir='ltr'><strong>ergo</strong></span> <span class='ocrx_word' id='word_1_672' title='bbox 1627 1597 1741 1625; x_wconf 86' lang='lat' dir='ltr'><strong>mactari</strong></span> <span class='ocrx_word' id='word_1_673' title='bbox 1756 1605 1819 1632; x_wconf 90' lang='lat' dir='ltr'><strong>por-</strong></span> 
     </span>
    </p>
   </div>
   <div class='ocr_carea' id='block_1_94' title="bbox 1026 1643 1819 1681">
    <p class='ocr_par' dir='ltr' id='par_1_94' title="bbox 1026 1643 1819 1681">
     <span class='ocr_line' id='line_1_94' title="bbox 1026 1643 1819 1681; baseline -0.008 -7"><span class='ocrx_word' id='word_1_674' title='bbox 1026 1655 1088 1678; x_wconf 76' lang='lat' dir='ltr'><strong>cos,</strong></span> <span class='ocrx_word' id='word_1_675' title='bbox 1122 1654 1154 1674; x_wconf 87' lang='lat' dir='ltr'><strong>ac</strong></span> <span class='ocrx_word' id='word_1_676' title='bbox 1180 1646 1260 1681; x_wconf 85' lang='lat' dir='ltr'><strong>coqui</strong></span> <span class='ocrx_word' id='word_1_677' title='bbox 1283 1653 1378 1673; x_wconf 91' lang='lat' dir='ltr'><strong>eorum</strong></span> <span class='ocrx_word' id='word_1_678' title='bbox 1404 1652 1526 1674; x_wconf 80' lang='lat' dir='ltr'><strong>carnem.</strong></span> <span class='ocrx_word' id='word_1_679' title='bbox 1553 1651 1614 1679; x_wconf 67' lang='grc' dir='ltr'>(ιιιςιε</span> <span class='ocrx_word' id='word_1_680' title='bbox 1646 1648 1728 1671; x_wconf 76' lang='lat' dir='ltr'><strong>secta:</strong></span> <span class='ocrx_word' id='word_1_681' title='bbox 1755 1643 1819 1669; x_wconf 85' lang='lat' dir='ltr'><strong>huic</strong></span> 
     </span>
    </p>
   </div>
   <div class='ocr_carea' id='block_1_95' title="bbox 1025 1688 1816 1726">
    <p class='ocr_par' dir='ltr' id='par_1_95' title="bbox 1025 1688 1816 1726">
     <span class='ocr_line' id='line_1_95' title="bbox 1025 1688 1816 1726; baseline -0.008 -9"><span class='ocrx_word' id='word_1_682' title='bbox 1025 1690 1157 1726; x_wconf 81' lang='lat' dir='ltr'><strong>gustauda</strong></span> <span class='ocrx_word' id='word_1_683' title='bbox 1180 1690 1350 1725; x_wconf 80' lang='lat' dir='ltr'><strong>przcbeatur;</strong></span> <span class='ocrx_word' id='word_1_684' title='bbox 1367 1689 1390 1716; x_wconf 88' lang='lat' dir='ltr'><strong>si</strong></span> <span class='ocrx_word' id='word_1_685' title='bbox 1410 1688 1472 1723; x_wconf 84' lang='lat' dir='ltr'><strong>quis</strong></span> <span class='ocrx_word' id='word_1_686' title='bbox 1487 1689 1559 1715; x_wconf 89' lang='lat' dir='ltr'><strong>enim</strong></span> <span class='ocrx_word' id='word_1_687' title='bbox 1580 1695 1640 1714; x_wconf 83' lang='lat' dir='ltr'><strong>eam</strong></span> <span class='ocrx_word' id='word_1_688' title='bbox 1655 1695 1708 1714; x_wconf 92' lang='lat' dir='ltr'><strong>non</strong></span> <span class='ocrx_word' id='word_1_689' title='bbox 1724 1694 1816 1713; x_wconf 80' lang='lat' dir='ltr'><strong>come-</strong></span> 
     </span>
    </p>
   </div>
   <div class='ocr_carea' id='block_1_96' title="bbox 1025 1731 1816 1768">
    <p class='ocr_par' dir='ltr' id='par_1_96' title="bbox 1025 1731 1816 1768">
     <span class='ocr_line' id='line_1_96' title="bbox 1025 1731 1816 1768; baseline -0.004 -7"><span class='ocrx_word' id='word_1_690' title='bbox 1025 1735 1112 1767; x_wconf 87' lang='lat' dir='ltr'><strong>derit,</strong></span> <span class='ocrx_word' id='word_1_691' title='bbox 1138 1734 1209 1761; x_wconf 85' lang='lat' dir='ltr'><strong>scies</strong></span> <span class='ocrx_word' id='word_1_692' title='bbox 1226 1734 1316 1768; x_wconf 87' lang='lat' dir='ltr'><strong>ipsum</strong></span> <span class='ocrx_word' id='word_1_693' title='bbox 1339 1733 1366 1760; x_wconf 93' lang='lat' dir='ltr'><strong>in</strong></span> <span class='ocrx_word' id='word_1_694' title='bbox 1392 1732 1534 1766; x_wconf 86' lang='lat' dir='ltr'><strong>judaismo</strong></span> <span class='ocrx_word' id='word_1_695' title='bbox 1564 1731 1654 1757; x_wconf 88' lang='lat' dir='ltr'><strong>adhuc</strong></span> <span class='ocrx_word' id='word_1_696' title='bbox 1679 1735 1816 1763; x_wconf 82' lang='lat' dir='ltr'><strong>perstare.</strong></span> 
     </span>
    </p>
   </div>
   <div class='ocr_carea' id='block_1_97' title="bbox 1024 1775 1816 1813">
    <p class='ocr_par' dir='ltr' id='par_1_97' title="bbox 1024 1775 1816 1813">
     <span class='ocr_line' id='line_1_97' title="bbox 1024 1775 1816 1813; baseline -0.008 -7"><span class='ocrx_word' id='word_1_697' title='bbox 1024 1780 1073 1807; x_wconf 84' lang='lat' dir='ltr'><strong>Cui</strong></span> <span class='ocrx_word' id='word_1_698' title='bbox 1090 1779 1289 1806; x_wconf 75' lang='lat' dir='ltr'><strong>Constantinus</strong></span> <span class='ocrx_word' id='word_1_699' title='bbox 1309 1778 1458 1813; x_wconf 75' lang='lat' dir='ltr'><strong>imperator</strong></span> <span class='ocrx_word' id='word_1_700' title='bbox 1473 1785 1480 1803; x_wconf 75' lang='grc' dir='ltr'>ε</span> <span class='ocrx_word' id='word_1_701' title='bbox 1502 1775 1530 1803; x_wconf 91' lang='lat' dir='ltr'><strong>Si</strong></span> <span class='ocrx_word' id='word_1_702' title='bbox 1546 1775 1658 1811; x_wconf 89' lang='lat' dir='ltr'><strong>(inquit)</strong></span> <span class='ocrx_word' id='word_1_703' title='bbox 1672 1782 1737 1802; x_wconf 88' lang='lat' dir='ltr'><strong>caro</strong></span> <span class='ocrx_word' id='word_1_704' title='bbox 1751 1783 1816 1809; x_wconf 87' lang='lat' dir='ltr'><strong>por-</strong></span> 
     </span>
    </p>
   </div>
   <div class='ocr_carea' id='block_1_98' title="bbox 1026 1818 1817 1858">
    <p class='ocr_par' dir='ltr' id='par_1_98' title="bbox 1026 1818 1817 1858">
     <span class='ocr_line' id='line_1_98' title="bbox 1026 1818 1817 1858; baseline -0.005 -8"><span class='ocrx_word' id='word_1_705' title='bbox 1026 1824 1087 1851; x_wconf 88' lang='lat' dir='ltr'><strong>cina</strong></span> <span class='ocrx_word' id='word_1_706' title='bbox 1100 1823 1158 1858; x_wconf 71' lang='lat' dir='ltr'><strong>lcge</strong></span> <span class='ocrx_word' id='word_1_707' title='bbox 1171 1822 1255 1849; x_wconf 75' lang='lat' dir='ltr'><strong>vetita</strong></span> <span class='ocrx_word' id='word_1_708' title='bbox 1273 1822 1320 1853; x_wconf 87' lang='lat' dir='ltr'><strong>sit,</strong></span> <span class='ocrx_word' id='word_1_709' title='bbox 1336 1821 1476 1856; x_wconf 87' lang='lat' dir='ltr'><strong>quomodo</strong></span> <span class='ocrx_word' id='word_1_710' title='bbox 1492 1819 1573 1847; x_wconf 85' lang='lat' dir='ltr'><strong>nobis</strong></span> <span class='ocrx_word' id='word_1_711' title='bbox 1590 1827 1622 1846; x_wconf 89' lang='lat' dir='ltr'><strong>ea</strong></span> <span class='ocrx_word' id='word_1_712' title='bbox 1637 1820 1723 1849; x_wconf 86' lang='lat' dir='ltr'><strong>vesci.</strong></span> <span class='ocrx_word' id='word_1_713' title='bbox 1740 1818 1817 1846; x_wconf 90' lang='lat' dir='ltr'><strong>aliis-</strong></span> 
     </span>
    </p>
   </div>
   <div class='ocr_carea' id='block_1_99' title="bbox 1026 1864 1817 1903">
    <p class='ocr_par' dir='ltr' id='par_1_99' title="bbox 1026 1864 1817 1903">
     <span class='ocr_line' id='line_1_99' title="bbox 1026 1864 1817 1903; baseline -0.005 -8"><span class='ocrx_word' id='word_1_714' title='bbox 1026 1876 1080 1903; x_wconf 82' lang='lat' dir='ltr'><strong>que</strong></span> <span class='ocrx_word' id='word_1_715' title='bbox 1105 1868 1226 1895; x_wconf 87' lang='lat' dir='ltr'><strong>eamdem</strong></span> <span class='ocrx_word' id='word_1_716' title='bbox 1259 1867 1452 1894; x_wconf 83' lang='lat' dir='ltr'><strong>comedendam</strong></span> <span class='ocrx_word' id='word_1_717' title='bbox 1488 1866 1609 1900; x_wconf 70' lang='lat' dir='ltr'><strong>prtebere</strong></span> <span class='ocrx_word' id='word_1_718' title='bbox 1632 1865 1741 1892; x_wconf 81' lang='lat' dir='ltr'><strong>licebit?</strong></span> <span class='ocrx_word' id='word_1_719' title='bbox 1763 1864 1817 1892; x_wconf 78' lang='lat' dir='ltr'><strong>Re-</strong></span> 
     </span>
    </p>
   </div>
   <div class='ocr_carea' id='block_1_100' title="bbox 1026 1910 1817 1948">
    <p class='ocr_par' dir='ltr' id='par_1_100' title="bbox 1026 1910 1817 1948">
     <span class='ocr_line' id='line_1_100' title="bbox 1026 1910 1817 1948; baseline -0.005 -7"><span class='ocrx_word' id='word_1_720' title='bbox 1026 1914 1134 1948; x_wconf 82' lang='lat' dir='ltr'><strong>spondit</strong></span> <span class='ocrx_word' id='word_1_721' title='bbox 1146 1912 1246 1940; x_wconf 84' lang='lat' dir='ltr'><strong>Paulus</strong></span> <span class='ocrx_word' id='word_1_722' title='bbox 1261 1912 1435 1946; x_wconf 88' lang='lat' dir='ltr'><strong>patriarcha:</strong></span> <span class='ocrx_word' id='word_1_723' title='bbox 1449 1911 1681 1944; x_wconf 60' lang='lat' dir='ltr'><strong>Dominusfnoster</strong></span> <span class='ocrx_word' id='word_1_724' title='bbox 1692 1910 1817 1938; x_wconf 85' lang='lat' dir='ltr'><strong>Christus</strong></span> 
     </span>
    </p>
   </div>
   <div class='ocr_carea' id='block_1_101' title="bbox 1027 1955 1816 1993">
    <p class='ocr_par' dir='ltr' id='par_1_101' title="bbox 1027 1955 1816 1993">
     <span class='ocr_line' id='line_1_101' title="bbox 1027 1955 1816 1993; baseline -0.005 -8"><span class='ocrx_word' id='word_1_725' title='bbox 1027 1957 1186 1993; x_wconf 80' lang='lat' dir='ltr'><strong>[ejusmodi]</strong></span> <span class='ocrx_word' id='word_1_726' title='bbox 1201 1957 1295 1983; x_wconf 85' lang='lat' dir='ltr'><strong>omnia</strong></span> <span class='ocrx_word' id='word_1_727' title='bbox 1307 1964 1367 1990; x_wconf 75' lang='lat' dir='ltr'><strong>quur.</strong></span> <span class='ocrx_word' id='word_1_728' title='bbox 1386 1955 1413 1983; x_wconf 90' lang='lat' dir='ltr'><strong>in</strong></span> <span class='ocrx_word' id='word_1_729' title='bbox 1426 1956 1486 1990; x_wconf 74' lang='lat' dir='ltr'><strong>lege</strong></span> <span class='ocrx_word' id='word_1_730' title='bbox 1496 1959 1563 1982; x_wconf 86' lang='lat' dir='ltr'><strong>sunt</strong></span> <span class='ocrx_word' id='word_1_731' title='bbox 1579 1955 1735 1989; x_wconf 72' lang='lat' dir='ltr'><strong>abrogavit,</strong></span> <span class='ocrx_word' id='word_1_732' title='bbox 1749 1962 1816 1982; x_wconf 88' lang='lat' dir='ltr'><strong>nova</strong></span> 
     </span>
    </p>
   </div>
   <div class='ocr_carea' id='block_1_102' title="bbox 1026 2001 1816 2038">
    <p class='ocr_par' dir='ltr' id='par_1_102' title="bbox 1026 2001 1816 2038">
     <span class='ocr_line' id='line_1_102' title="bbox 1026 2001 1816 2038; baseline -0.004 -8"><span class='ocrx_word' id='word_1_733' title='bbox 1026 2003 1107 2030; x_wconf 89' lang='lat' dir='ltr'><strong>nobis</strong></span> <span class='ocrx_word' id='word_1_734' title='bbox 1122 2003 1181 2038; x_wconf 79' lang='lat' dir='ltr'><strong>lege</strong></span> <span class='ocrx_word' id='word_1_735' title='bbox 1203 2003 1267 2032; x_wconf 84' lang='lat' dir='ltr'><strong>lata.</strong></span> <span class='ocrx_word' id='word_1_736' title='bbox 1287 2001 1413 2028; x_wconf 83' lang='lat' dir='ltr'><strong>videlicet</strong></span> <span class='ocrx_word' id='word_1_737' title='bbox 1425 2001 1585 2035; x_wconf 74' lang='lat' dir='ltr'><strong>Evangelio.</strong></span> <span class='ocrx_word' id='word_1_738' title='bbox 1624 2001 1697 2028; x_wconf 82' lang='lat' dir='ltr'><strong>Dixit</strong></span> <span class='ocrx_word' id='word_1_739' title='bbox 1711 2009 1776 2035; x_wconf 76' lang='lat' dir='ltr'><strong>ergo</strong></span> <span class='ocrx_word' id='word_1_740' title='bbox 1790 2001 1816 2027; x_wconf 89' lang='lat' dir='ltr'><strong>in</strong></span> 
     </span>
    </p>
   </div>
   <div class='ocr_carea' id='block_1_103' title="bbox 1029 2047 1819 2082">
    <p class='ocr_par' dir='ltr' id='par_1_103' title="bbox 1029 2047 1819 2082">
     <span class='ocr_line' id='line_1_103' title="bbox 1029 2047 1819 2082; baseline -0.005 -6"><span class='ocrx_word' id='word_1_741' title='bbox 1029 2053 1208 2077; x_wconf 85' lang='lat' dir='ltr'><strong>sacrosancto</strong></span> <span class='ocrx_word' id='word_1_742' title='bbox 1231 2047 1389 2082; x_wconf 77' lang='lat' dir='ltr'><strong>Evangelio,</strong></span> <span class='ocrx_word' id='word_1_743' title='bbox 1405 2047 1585 2082; x_wconf 81' lang='lat' dir='ltr'><strong>Quodcunque</strong></span> <span class='ocrx_word' id='word_1_744' title='bbox 1612 2055 1641 2073; x_wconf 73' lang='lat' dir='ltr'><strong>os</strong></span> <span class='ocrx_word' id='word_1_745' title='bbox 1670 2047 1819 2081; x_wconf 80' lang='lat' dir='ltr'><strong>ingreditur</strong></span> 
     </span>
    </p>
   </div>
   <div class='ocr_carea' id='block_1_104' title="bbox 1027 2093 1816 2128">
    <p class='ocr_par' dir='ltr' id='par_1_104' title="bbox 1027 2093 1816 2128">
     <span class='ocr_line' id='line_1_104' title="bbox 1027 2093 1816 2128; baseline -0.004 -8"><span class='ocrx_word' id='word_1_746' title='bbox 1027 2095 1159 2122; x_wconf 72' lang='lat' dir='ltr'><strong>[remittent</strong></span> <span class='ocrx_word' id='word_1_747' title='bbox 1175 2102 1228 2121; x_wconf 87' lang='lat' dir='ltr'><strong>mm</strong></span> <span class='ocrx_word' id='word_1_748' title='bbox 1243 2094 1355 2128; x_wconf 80' lang='lat' dir='ltr'><strong>polluit,</strong></span> <span class='ocrx_word' id='word_1_749' title='bbox 1368 2094 1474 2121; x_wconf 80' lang='lat' dir='ltr'><strong>scilicet</strong></span> <span class='ocrx_word' id='word_1_750' title='bbox 1491 2093 1625 2127; x_wconf 88' lang='lat' dir='ltr'><strong>quidquid</strong></span> <span class='ocrx_word' id='word_1_751' title='bbox 1644 2093 1816 2124; x_wconf 85' lang='lat' dir='ltr'><strong>comeditur;</strong></span> 
     </span>
    </p>
   </div>
   <div class='ocr_carea' id='block_1_105' title="bbox 1027 2138 1819 2176">
    <p class='ocr_par' dir='ltr' id='par_1_105' title="bbox 1027 2138 1819 2176">
     <span class='ocr_line' id='line_1_105' title="bbox 1027 2138 1819 2176; baseline -0.001 -10"><span class='ocrx_word' id='word_1_752' title='bbox 1027 2141 1157 2167; x_wconf 85' lang='lat' dir='ltr'><strong>hominem</strong></span> <span class='ocrx_word' id='word_1_753' title='bbox 1179 2148 1237 2167; x_wconf 74' lang='lat' dir='ltr'><strong>vero</strong></span> <span class='ocrx_word' id='word_1_754' title='bbox 1254 2139 1339 2176; x_wconf 57' lang='lat'><strong>568</strong></span> <span class='ocrx_word' id='word_1_755' title='bbox 1355 2138 1450 2173; x_wconf 79' lang='lat' dir='ltr'><strong>polluit</strong></span> <span class='ocrx_word' id='word_1_756' title='bbox 1470 2138 1598 2172; x_wconf 81' lang='lat' dir='ltr'><strong>quidquid</strong></span> <span class='ocrx_word' id='word_1_757' title='bbox 1620 2146 1653 2165; x_wconf 78' lang='lat' dir='ltr'><strong>ea:</strong></span> <span class='ocrx_word' id='word_1_758' title='bbox 1677 2146 1722 2164; x_wconf 86' lang='lat' dir='ltr'><strong>ore</strong></span> <span class='ocrx_word' id='word_1_759' title='bbox 1746 2146 1819 2173; x_wconf 80' lang='lat' dir='ltr'><strong>egre-</strong></span> 
     </span>
    </p>
   </div>
   <div class='ocr_carea' id='block_1_106' title="bbox 1028 2181 1817 2216">
    <p class='ocr_par' dir='ltr' id='par_1_106' title="bbox 1028 2181 1817 2216">
     <span class='ocr_line' id='line_1_106' title="bbox 1028 2181 1817 2216; baseline -0.003 -5"><span class='ocrx_word' id='word_1_760' title='bbox 1028 2184 1102 2210; x_wconf 84' lang='lat' dir='ltr'><strong>ditur</strong></span> <span class='ocrx_word' id='word_1_761' title='bbox 1115 2184 1148 2216; x_wconf 88' lang='lat'><strong>&quot;,</strong></span> <span class='ocrx_word' id='word_1_762' title='bbox 1164 2184 1269 2211; x_wconf 78' lang='lat' dir='ltr'><strong>scilicet</strong></span> <span class='ocrx_word' id='word_1_763' title='bbox 1285 2182 1403 2211; x_wconf 90' lang='lat' dir='ltr'><strong>stultitia</strong></span> <span class='ocrx_word' id='word_1_764' title='bbox 1427 2187 1455 2208; x_wconf 89' lang='lat' dir='ltr'><strong>et</strong></span> <span class='ocrx_word' id='word_1_765' title='bbox 1479 2181 1636 2213; x_wconf 86' lang='lat' dir='ltr'><strong>infidelitas,</strong></span> <span class='ocrx_word' id='word_1_766' title='bbox 1651 2187 1678 2208; x_wconf 89' lang='lat' dir='ltr'><strong>et</strong></span> <span class='ocrx_word' id='word_1_767' title='bbox 1692 2181 1718 2208; x_wconf 91' lang='lat' dir='ltr'><strong>id</strong></span> <span class='ocrx_word' id='word_1_768' title='bbox 1730 2189 1817 2216; x_wconf 78' lang='lat' dir='ltr'><strong>genus</strong></span> 
     </span>
    </p>
   </div>
   <div class='ocr_carea' id='block_1_107' title="bbox 1027 2227 1819 2262">
    <p class='ocr_par' dir='ltr' id='par_1_107' title="bbox 1027 2227 1819 2262">
     <span class='ocr_line' id='line_1_107' title="bbox 1027 2227 1819 2262; baseline -0.004 -5"><span class='ocrx_word' id='word_1_769' title='bbox 1027 2230 1092 2257; x_wconf 86' lang='lat' dir='ltr'><strong>alia.</strong></span> <span class='ocrx_word' id='word_1_770' title='bbox 1109 2229 1216 2257; x_wconf 87' lang='lat' dir='ltr'><strong>Dictum</strong></span> <span class='ocrx_word' id='word_1_771' title='bbox 1232 2229 1312 2256; x_wconf 82' lang='lat' dir='ltr'><strong>etiam</strong></span> <span class='ocrx_word' id='word_1_772' title='bbox 1338 2232 1382 2255; x_wconf 89' lang='lat' dir='ltr'><strong>est</strong></span> <span class='ocrx_word' id='word_1_773' title='bbox 1405 2236 1421 2254; x_wconf 74' lang='grc' dir='ltr'>ει</span> <span class='ocrx_word' id='word_1_774' title='bbox 1439 2228 1523 2254; x_wconf 90' lang='lat' dir='ltr'><strong>Paulo</strong></span> <span class='ocrx_word' id='word_1_775' title='bbox 1536 2227 1663 2262; x_wconf 88' lang='lat' dir='ltr'><strong>apostolo</strong></span> <span class='ocrx_word' id='word_1_776' title='bbox 1684 2229 1710 2254; x_wconf 91' lang='lat' dir='ltr'><strong>in</strong></span> <span class='ocrx_word' id='word_1_777' title='bbox 1729 2228 1819 2262; x_wconf 88' lang='lat' dir='ltr'><strong>priore</strong></span> 
     </span>
    </p>
   </div>
   <div class='ocr_carea' id='block_1_108' title="bbox 1027 2273 1818 2308">
    <p class='ocr_par' dir='ltr' id='par_1_108' title="bbox 1027 2273 1818 2308">
     <span class='ocr_line' id='line_1_108' title="bbox 1027 2273 1818 2308; baseline -0.004 -5"><span class='ocrx_word' id='word_1_778' title='bbox 1027 2277 1060 2304; x_wconf 90' lang='lat' dir='ltr'><strong>ad</strong></span> <span class='ocrx_word' id='word_1_779' title='bbox 1075 2276 1152 2303; x_wconf 86' lang='lat' dir='ltr'><strong>urbis</strong></span> <span class='ocrx_word' id='word_1_780' title='bbox 1169 2274 1293 2303; x_wconf 87' lang='lat' dir='ltr'><strong>Corinthi</strong></span> <span class='ocrx_word' id='word_1_781' title='bbox 1311 2274 1414 2301; x_wconf 88' lang='lat' dir='ltr'><strong>incolas</strong></span> <span class='ocrx_word' id='word_1_782' title='bbox 1429 2273 1550 2308; x_wconf 85' lang='lat' dir='ltr'><strong>Epistola</strong></span> <span class='ocrx_word' id='word_1_783' title='bbox 1565 2282 1571 2299; x_wconf 94' lang='lat'><strong>:</strong></span> <span class='ocrx_word' id='word_1_784' title='bbox 1587 2273 1668 2300; x_wconf 73' lang='lat' dir='ltr'><strong>Cibus</strong></span> <span class='ocrx_word' id='word_1_785' title='bbox 1692 2275 1777 2300; x_wconf 78' lang='lat' dir='ltr'><strong>ventri</strong></span> <span class='ocrx_word' id='word_1_786' title='bbox 1793 2280 1818 2300; x_wconf 83' lang='lat' dir='ltr'><strong>et</strong></span> 
     </span>
    </p>
   </div>
   <div class='ocr_carea' id='block_1_109' title="bbox 1029 2318 1818 2354">
    <p class='ocr_par' dir='ltr' id='par_1_109' title="bbox 1029 2318 1818 2354">
     <span class='ocr_line' id='line_1_109' title="bbox 1029 2318 1818 2354; baseline -0.005 -5"><span class='ocrx_word' id='word_1_787' title='bbox 1029 2326 1114 2349; x_wconf 74' lang='lat' dir='ltr'><strong>venter</strong></span> <span class='ocrx_word' id='word_1_788' title='bbox 1130 2321 1199 2352; x_wconf 76' lang='lat' dir='ltr'><strong>cibo.</strong></span> <span class='ocrx_word' id='word_1_789' title='bbox 1216 2320 1284 2347; x_wconf 77' lang='lat' dir='ltr'><strong>Deus</strong></span> <span class='ocrx_word' id='word_1_790' title='bbox 1296 2323 1385 2346; x_wconf 82' lang='lat' dir='ltr'><strong>autem</strong></span> <span class='ocrx_word' id='word_1_791' title='bbox 1399 2323 1539 2354; x_wconf 82' lang='lat' dir='ltr'><strong>utrumque</strong></span> <span class='ocrx_word' id='word_1_792' title='bbox 1561 2318 1675 2346; x_wconf 79' lang='lat' dir='ltr'><strong>abolebit</strong></span> <span class='ocrx_word' id='word_1_793' title='bbox 1693 2320 1726 2346; x_wconf 85' lang='lat'><strong>”.</strong></span> <span class='ocrx_word' id='word_1_794' title='bbox 1744 2320 1818 2345; x_wconf 80' lang='lat' dir='ltr'><strong>Scri-</strong></span> 
     </span>
    </p>
   </div>
   <div class='ocr_carea' id='block_1_110' title="bbox 1028 2362 1817 2402">
    <p class='ocr_par' dir='ltr' id='par_1_110' title="bbox 1028 2362 1817 2402">
     <span class='ocr_line' id='line_1_110' title="bbox 1028 2362 1817 2402; baseline -0.006 -8"><span class='ocrx_word' id='word_1_795' title='bbox 1028 2372 1104 2402; x_wconf 91' lang='lat' dir='ltr'><strong>ptum</strong></span> <span class='ocrx_word' id='word_1_796' title='bbox 1117 2366 1200 2393; x_wconf 84' lang='lat' dir='ltr'><strong>etiam</strong></span> <span class='ocrx_word' id='word_1_797' title='bbox 1215 2364 1242 2391; x_wconf 90' lang='lat' dir='ltr'><strong>in</strong></span> <span class='ocrx_word' id='word_1_798' title='bbox 1256 2364 1333 2391; x_wconf 81' lang='lat' dir='ltr'><strong>Actis</strong></span> <span class='ocrx_word' id='word_1_799' title='bbox 1356 2364 1555 2398; x_wconf 86' lang='lat' dir='ltr'><strong>apostolorum,</strong></span> <span class='ocrx_word' id='word_1_800' title='bbox 1572 2362 1653 2390; x_wconf 89' lang='lat' dir='ltr'><strong>Petro</strong></span> <span class='ocrx_word' id='word_1_801' title='bbox 1678 2364 1817 2398; x_wconf 88' lang='lat' dir='ltr'><strong>apostolo-</strong></span> 
     </span>
    </p>
   </div>
   <div class='ocr_carea' id='block_1_111' title="bbox 1031 2409 1817 2446">
    <p class='ocr_par' dir='ltr' id='par_1_111' title="bbox 1031 2409 1817 2446">
     <span class='ocr_line' id='line_1_111' title="bbox 1031 2409 1817 2446; baseline -0.006 -6"><span class='ocrx_word' id='word_1_802' title='bbox 1031 2420 1091 2440; x_wconf 89' lang='lat' dir='ltr'><strong>rum</strong></span> <span class='ocrx_word' id='word_1_803' title='bbox 1116 2411 1242 2446; x_wconf 88' lang='lat' dir='ltr'><strong>principi,</strong></span> <span class='ocrx_word' id='word_1_804' title='bbox 1264 2418 1326 2438; x_wconf 77' lang='lat' dir='ltr'><strong>cuun</strong></span> <span class='ocrx_word' id='word_1_805' title='bbox 1351 2410 1377 2437; x_wconf 91' lang='lat' dir='ltr'><strong>in</strong></span> <span class='ocrx_word' id='word_1_806' title='bbox 1402 2410 1471 2437; x_wconf 88' lang='lat' dir='ltr'><strong>urbe</strong></span> <span class='ocrx_word' id='word_1_807' title='bbox 1491 2409 1621 2444; x_wconf 75' lang='lat' dir='ltr'><strong>Joppensi</strong></span> <span class='ocrx_word' id='word_1_808' title='bbox 1638 2414 1721 2441; x_wconf 87' lang='lat' dir='ltr'><strong>esset,</strong></span> <span class='ocrx_word' id='word_1_809' title='bbox 1743 2410 1817 2436; x_wconf 85' lang='lat' dir='ltr'><strong>domi</strong></span> 
     </span>
    </p>
   </div>
   <div class='ocr_carea' id='block_1_112' title="bbox 1031 2453 1818 2489">
    <p class='ocr_par' dir='ltr' id='par_1_112' title="bbox 1031 2453 1818 2489">
     <span class='ocr_line' id='line_1_112' title="bbox 1031 2453 1818 2489; baseline -0.003 -7"><span class='ocrx_word' id='word_1_810' title='bbox 1031 2455 1083 2482; x_wconf 89' lang='lat' dir='ltr'><strong>viri</strong></span> <span class='ocrx_word' id='word_1_811' title='bbox 1107 2454 1251 2489; x_wconf 85' lang='lat' dir='ltr'><strong>cujusdam</strong></span> <span class='ocrx_word' id='word_1_812' title='bbox 1282 2454 1413 2486; x_wconf 87' lang='lat' dir='ltr'><strong>coriarii,</strong></span> <span class='ocrx_word' id='word_1_813' title='bbox 1439 2454 1548 2480; x_wconf 91' lang='lat' dir='ltr'><strong>nomine</strong></span> <span class='ocrx_word' id='word_1_814' title='bbox 1572 2453 1714 2485; x_wconf 80' lang='lat' dir='ltr'><strong>Simonis.</strong></span> <span class='ocrx_word' id='word_1_815' title='bbox 1736 2459 1818 2488; x_wconf 86' lang='lat' dir='ltr'><strong>atque</strong></span> 
     </span>
    </p>
   </div>
   <div class='ocr_carea' id='block_1_113' title="bbox 1031 2499 1816 2535">
    <p class='ocr_par' dir='ltr' id='par_1_113' title="bbox 1031 2499 1816 2535">
     <span class='ocr_line' id='line_1_113' title="bbox 1031 2499 1816 2535; baseline -0.003 -6"><span class='ocrx_word' id='word_1_816' title='bbox 1031 2502 1130 2529; x_wconf 58' lang='lat' dir='ltr'><strong>aedium</strong></span> <span class='ocrx_word' id='word_1_817' title='bbox 1146 2505 1246 2528; x_wconf 87' lang='lat' dir='ltr'><strong>tectum</strong></span> <span class='ocrx_word' id='word_1_818' title='bbox 1266 2501 1331 2528; x_wconf 88' lang='lat' dir='ltr'><strong>hora</strong></span> <span class='ocrx_word' id='word_1_819' title='bbox 1347 2501 1398 2527; x_wconf 90' lang='lat' dir='ltr'><strong>diei</strong></span> <span class='ocrx_word' id='word_1_820' title='bbox 1416 2505 1493 2527; x_wconf 80' lang='lat' dir='ltr'><strong>sexta</strong></span> <span class='ocrx_word' id='word_1_821' title='bbox 1508 2499 1701 2535; x_wconf 78' lang='lat' dir='ltr'><strong>orandigratia</strong></span> <span class='ocrx_word' id='word_1_822' title='bbox 1718 2508 1816 2527; x_wconf 87' lang='lat' dir='ltr'><strong>ascen-</strong></span> 
     </span>
    </p>
   </div>
   <div class='ocr_carea' id='block_1_114' title="bbox 1031 2545 1816 2580">
    <p class='ocr_par' dir='ltr' id='par_1_114' title="bbox 1031 2545 1816 2580">
     <span class='ocr_line' id='line_1_114' title="bbox 1031 2545 1816 2580; baseline -0.001 -7"><span class='ocrx_word' id='word_1_823' title='bbox 1031 2547 1126 2578; x_wconf 84' lang='lat' dir='ltr'><strong>disset,</strong></span> <span class='ocrx_word' id='word_1_824' title='bbox 1143 2546 1275 2574; x_wconf 87' lang='lat' dir='ltr'><strong>incidisse</strong></span> <span class='ocrx_word' id='word_1_825' title='bbox 1291 2553 1429 2578; x_wconf 83' lang='lat' dir='ltr'><strong>somnum,</strong></span> <span class='ocrx_word' id='word_1_826' title='bbox 1455 2545 1598 2580; x_wconf 86' lang='lat' dir='ltr'><strong>ipsumque</strong></span> <span class='ocrx_word' id='word_1_827' title='bbox 1621 2545 1720 2572; x_wconf 67' lang='lat' dir='ltr'><strong>coelum</strong></span> <span class='ocrx_word' id='word_1_828' title='bbox 1738 2553 1816 2579; x_wconf 57' lang='lat' dir='ltr'><strong>apt-r-</strong></span> 
     </span>
    </p>
   </div>
   <div class='ocr_carea' id='block_1_115' title="bbox 1031 2591 1817 2627">
    <p class='ocr_par' dir='ltr' id='par_1_115' title="bbox 1031 2591 1817 2627">
     <span class='ocr_line' id='line_1_115' title="bbox 1031 2591 1817 2627; baseline -0.001 -8"><span class='ocrx_word' id='word_1_829' title='bbox 1031 2596 1088 2619; x_wconf 88' lang='lat' dir='ltr'><strong>tum</strong></span> <span class='ocrx_word' id='word_1_830' title='bbox 1114 2593 1302 2627; x_wconf 75' lang='lat' dir='ltr'><strong>conspexisse,</strong></span> <span class='ocrx_word' id='word_1_831' title='bbox 1320 2597 1402 2627; x_wconf 86' lang='lat' dir='ltr'><strong>atque</strong></span> <span class='ocrx_word' id='word_1_832' title='bbox 1427 2599 1492 2618; x_wconf 84' lang='lat' dir='ltr'><strong>ecce</strong></span> <span class='ocrx_word' id='word_1_833' title='bbox 1520 2591 1694 2619; x_wconf 86' lang='lat' dir='ltr'><strong>descendisse</strong></span> <span class='ocrx_word' id='word_1_834' title='bbox 1715 2599 1731 2618; x_wconf 92' lang='lat' dir='ltr'><strong>e</strong></span> <span class='ocrx_word' id='word_1_835' title='bbox 1745 2599 1817 2618; x_wconf 79' lang='lat' dir='ltr'><strong>cauo</strong></span> 
     </span>
    </p>
   </div>
   <div class='ocr_carea' id='block_1_116' title="bbox 1030 2635 1815 2670">
    <p class='ocr_par' dir='ltr' id='par_1_116' title="bbox 1030 2635 1815 2670">
     <span class='ocr_line' id='line_1_116' title="bbox 1030 2635 1815 2670; baseline -0.003 -7"><span class='ocrx_word' id='word_1_836' title='bbox 1030 2636 1144 2663; x_wconf 89' lang='lat' dir='ltr'><strong>linteum</strong></span> <span class='ocrx_word' id='word_1_837' title='bbox 1159 2644 1287 2670; x_wconf 78' lang='lat' dir='ltr'><strong>magnum</strong></span> <span class='ocrx_word' id='word_1_838' title='bbox 1303 2636 1390 2663; x_wconf 88' lang='lat' dir='ltr'><strong>donec</strong></span> <span class='ocrx_word' id='word_1_839' title='bbox 1406 2641 1505 2662; x_wconf 85' lang='lat' dir='ltr'><strong>terram</strong></span> <span class='ocrx_word' id='word_1_840' title='bbox 1522 2635 1701 2668; x_wconf 84' lang='lat' dir='ltr'><strong>pertingeret.</strong></span> <span class='ocrx_word' id='word_1_841' title='bbox 1718 2635 1743 2661; x_wconf 92' lang='lat' dir='ltr'><strong>in</strong></span> <span class='ocrx_word' id='word_1_842' title='bbox 1761 2644 1815 2669; x_wconf 83' lang='lat' dir='ltr'><strong>quo</strong></span> 
     </span>
    </p>
   </div>
   <div class='ocr_carea' id='block_1_117' title="bbox 1030 2680 1816 2716">
    <p class='ocr_par' dir='ltr' id='par_1_117' title="bbox 1030 2680 1816 2716">
     <span class='ocr_line' id='line_1_117' title="bbox 1030 2680 1816 2716; baseline -0.003 -8"><span class='ocrx_word' id='word_1_843' title='bbox 1030 2687 1108 2708; x_wconf 82' lang='lat' dir='ltr'><strong>erant</strong></span> <span class='ocrx_word' id='word_1_844' title='bbox 1124 2682 1227 2716; x_wconf 72' lang='lat' dir='ltr'><strong>qumvis</strong></span> <span class='ocrx_word' id='word_1_845' title='bbox 1243 2681 1431 2714; x_wconf 87' lang='lat' dir='ltr'><strong>quadrupedia</strong></span> <span class='ocrx_word' id='word_1_846' title='bbox 1452 2684 1479 2706; x_wconf 90' lang='lat' dir='ltr'><strong>et</strong></span> <span class='ocrx_word' id='word_1_847' title='bbox 1496 2680 1568 2710; x_wconf 71' lang='lat' dir='ltr'><strong>ferat.</strong></span> <span class='ocrx_word' id='word_1_848' title='bbox 1595 2688 1627 2707; x_wconf 89' lang='lat' dir='ltr'><strong>ac</strong></span> <span class='ocrx_word' id='word_1_849' title='bbox 1653 2681 1771 2714; x_wconf 87' lang='lat' dir='ltr'><strong>rcplilia,</strong></span> <span class='ocrx_word' id='word_1_850' title='bbox 1785 2688 1816 2707; x_wconf 83' lang='lat' dir='ltr'><strong>ac</strong></span> 
     </span>
    </p>
   </div>
   <div class='ocr_carea' id='block_1_118' title="bbox 1030 2725 1815 2761">
    <p class='ocr_par' dir='ltr' id='par_1_118' title="bbox 1030 2725 1815 2761">
     <span class='ocr_line' id='line_1_118' title="bbox 1030 2725 1815 2761; baseline -0.004 -7"><span class='ocrx_word' id='word_1_851' title='bbox 1030 2729 1154 2755; x_wconf 77' lang='lat' dir='ltr'><strong>volucres</strong></span> <span class='ocrx_word' id='word_1_852' title='bbox 1170 2727 1243 2760; x_wconf 69' lang='lat' dir='ltr'><strong>cmli,</strong></span> <span class='ocrx_word' id='word_1_853' title='bbox 1261 2734 1368 2761; x_wconf 90' lang='lat' dir='ltr'><strong>unaque</strong></span> <span class='ocrx_word' id='word_1_854' title='bbox 1389 2734 1482 2753; x_wconf 85' lang='lat' dir='ltr'><strong>vocem</strong></span> <span class='ocrx_word' id='word_1_855' title='bbox 1503 2726 1624 2752; x_wconf 72' lang='lat' dir='ltr'><strong>audiisse</strong></span> <span class='ocrx_word' id='word_1_856' title='bbox 1637 2733 1672 2759; x_wconf 87' lang='lat' dir='ltr'><strong>qu</strong></span> <span class='ocrx_word' id='word_1_857' title='bbox 1683 2734 1696 2751; x_wconf 81' lang='grc' dir='ltr'>υ</span> <span class='ocrx_word' id='word_1_858' title='bbox 1709 2726 1757 2759; x_wconf 91' lang='lat' dir='ltr'><strong>ipsi</strong></span> <span class='ocrx_word' id='word_1_859' title='bbox 1771 2725 1815 2752; x_wconf 92' lang='lat' dir='ltr'><strong>di-</strong></span> 
     </span>
    </p>
   </div>
   <div class='ocr_carea' id='block_1_119' title="bbox 1027 2771 1815 2807">
    <p class='ocr_par' dir='ltr' id='par_1_119' title="bbox 1027 2771 1815 2807">
     <span class='ocr_line' id='line_1_119' title="bbox 1027 2771 1815 2807; baseline -0.005 -5"><span class='ocrx_word' id='word_1_860' title='bbox 1027 2779 1118 2802; x_wconf 85' lang='lat' dir='ltr'><strong>ceret:</strong></span> <span class='ocrx_word' id='word_1_861' title='bbox 1133 2773 1217 2806; x_wconf 78' lang='lat' dir='ltr'><strong>lleus,</strong></span> <span class='ocrx_word' id='word_1_862' title='bbox 1239 2772 1324 2805; x_wconf 71' lang='lat' dir='ltr'><strong>Patre,</strong></span> <span class='ocrx_word' id='word_1_863' title='bbox 1340 2780 1448 2807; x_wconf 78' lang='lat' dir='ltr'><strong>surgens</strong></span> <span class='ocrx_word' id='word_1_864' title='bbox 1464 2777 1551 2801; x_wconf 75' lang='lat' dir='ltr'><strong>mauu</strong></span> <span class='ocrx_word' id='word_1_865' title='bbox 1566 2776 1591 2798; x_wconf 79' lang='lat' dir='ltr'><strong>et</strong></span> <span class='ocrx_word' id='word_1_866' title='bbox 1604 2779 1721 2803; x_wconf 82' lang='lat' dir='ltr'><strong>vescere;</strong></span> <span class='ocrx_word' id='word_1_867' title='bbox 1735 2775 1762 2798; x_wconf 86' lang='lat' dir='ltr'><strong>ct</strong></span> <span class='ocrx_word' id='word_1_868' title='bbox 1771 2771 1815 2798; x_wconf 86' lang='lat' dir='ltr'><strong>di-</strong></span> 
     </span>
    </p>
   </div>
   <div class='ocr_carea' id='block_1_120' title="bbox 1249 2861 1482 2896">
    <p class='ocr_par' dir='ltr' id='par_1_120' title="bbox 1249 2861 1482 2896">
     <span class='ocr_line' id='line_1_120' title="bbox 1249 2861 1482 2896; baseline -0.004 -6"><span class='ocrx_word' id='word_1_869' title='bbox 1249 2862 1269 2878; x_wconf 88' lang='lat'>&quot;</span> <span class='ocrx_word' id='word_1_870' title='bbox 1285 2861 1296 2890; x_wconf 81' lang='grc' dir='ltr'>Ι</span> <span class='ocrx_word' id='word_1_871' title='bbox 1310 2861 1373 2889; x_wconf 89' lang='lat' dir='ltr'><strong>Cor.</strong></span> <span class='ocrx_word' id='word_1_872' title='bbox 1391 2863 1482 2896; x_wconf 76' lang='lat' dir='ltr'><strong>vt,15.</strong></span> 
     </span>
    </p>
   </div>
  </div>
