  <div class='ocr_page' id='page_1' title='image "/cluster/home/n/w/nwhite01/storage/ocr_20150623/111/njp.32101077772943/578.png"; bbox 0 0 2015 3081; ppageno 0'>
   <div class='ocr_carea' id='block_1_1' title="bbox 218 183 285 213">
    <p class='ocr_par' dir='ltr' id='par_1_1' title="bbox 218 183 285 213">
     <span class='ocr_line' id='line_1_1' title="bbox 218 183 285 213; baseline -0.03 0"><span class='ocrx_word' id='word_1_1' title='bbox 218 183 285 213; x_wconf 66' lang='lat' dir='ltr'><strong>illiti</strong></span> 
     </span>
    </p>
   </div>
   <div class='ocr_carea' id='block_1_2' title="bbox 930 180 1113 212">
    <p class='ocr_par' dir='ltr' id='par_1_2' title="bbox 930 180 1113 212">
     <span class='ocr_line' id='line_1_2' title="bbox 930 180 1113 212; baseline 0.016 -3"><span class='ocrx_word' id='word_1_2' title='bbox 930 180 1113 212; x_wconf 75' lang='lat' dir='ltr'><strong>ANNALES.</strong></span> 
     </span>
    </p>
   </div>
   <div class='ocr_carea' id='block_1_3' title="bbox 1764 183 1834 215">
    <p class='ocr_par' dir='ltr' id='par_1_3' title="bbox 1764 183 1834 215">
     <span class='ocr_line' id='line_1_3' title="bbox 1764 183 1834 215; baseline 0 -1"><span class='ocrx_word' id='word_1_3' title='bbox 1764 183 1834 215; x_wconf 80' lang='lat' dir='ltr'><strong>10H</strong></span> 
     </span>
    </p>
   </div>
   <div class='ocr_carea' id='block_1_4' title="bbox 213 234 1833 274">
    <p class='ocr_par' dir='ltr' id='par_1_4' title="bbox 213 234 1833 274">
     <span class='ocr_line' id='line_1_4' title="bbox 213 234 1833 274; baseline 0.002 -10"><span class='ocrx_word' id='word_1_4' title='bbox 213 243 291 265; x_wconf 68' lang='lat' dir='ltr'><strong>(‘ettle</strong></span> <span class='ocrx_word' id='word_1_5' title='bbox 305 238 402 265; x_wconf 72' lang='lat' dir='ltr'><strong>l’elrn:</strong></span> <span class='ocrx_word' id='word_1_6' title='bbox 422 238 459 265; x_wconf 87' lang='lat' dir='ltr'><strong>Do</strong></span> <span class='ocrx_word' id='word_1_7' title='bbox 472 248 476 263; x_wconf 81' lang='grc' dir='ltr'><strong>ι</strong></span> <span class='ocrx_word' id='word_1_8' title='bbox 489 241 540 269; x_wconf 74' lang='lat' dir='ltr'><strong>ine,</strong></span> <span class='ocrx_word' id='word_1_9' title='bbox 557 247 687 273; x_wconf 69' lang='lat' dir='ltr'><strong>nunquam</strong></span> <span class='ocrx_word' id='word_1_10' title='bbox 701 248 745 272; x_wconf 68' lang='lat' dir='ltr'><strong>t&#39;grt</strong></span> <span class='ocrx_word' id='word_1_11' title='bbox 758 238 920 265; x_wconf 77' lang='lat' dir='ltr'><strong>immundum</strong></span> <span class='ocrx_word' id='word_1_12' title='bbox 936 237 998 272; x_wconf 81' lang='lat' dir='ltr'><strong>quid</strong></span> <span class='ocrx_word' id='word_1_13' title='bbox 1013 234 1036 263; x_wconf 78' lang='grc' dir='ltr'>Α</span> <span class='ocrx_word' id='word_1_14' title='bbox 1052 236 1230 271; x_wconf 71' lang='lat' dir='ltr'><strong>lllaxrutinm,</strong></span> <span class='ocrx_word' id='word_1_15' title='bbox 1248 245 1394 273; x_wconf 87' lang='lat' dir='ltr'><strong>omnesque</strong></span> <span class='ocrx_word' id='word_1_16' title='bbox 1412 240 1458 274; x_wconf 86' lang='lat' dir='ltr'><strong>qui</strong></span> <span class='ocrx_word' id='word_1_17' title='bbox 1482 247 1543 267; x_wconf 83' lang='lat' dir='ltr'><strong>eum</strong></span> <span class='ocrx_word' id='word_1_18' title='bbox 1570 239 1616 267; x_wconf 87' lang='lat' dir='ltr'><strong>illo</strong></span> <span class='ocrx_word' id='word_1_19' title='bbox 1634 240 1659 267; x_wconf 90' lang='lat' dir='ltr'><strong>in</strong></span> <span class='ocrx_word' id='word_1_20' title='bbox 1684 239 1776 268; x_wconf 76' lang='lat' dir='ltr'><strong>fratris</strong></span> <span class='ocrx_word' id='word_1_21' title='bbox 1792 242 1833 267; x_wconf 85' lang='lat' dir='ltr'><strong>sui</strong></span> 
     </span>
    </p>
   </div>
   <div class='ocr_carea' id='block_1_5' title="bbox 213 284 999 318">
    <p class='ocr_par' dir='ltr' id='par_1_5' title="bbox 213 284 999 318">
     <span class='ocr_line' id='line_1_5' title="bbox 213 284 999 318; baseline -0.001 -8"><span class='ocrx_word' id='word_1_22' title='bbox 213 284 274 318; x_wconf 63' lang='lat' dir='ltr'><strong>egft&#39;,</strong></span> <span class='ocrx_word' id='word_1_23' title='bbox 304 292 396 311; x_wconf 85' lang='lat' dir='ltr'><strong>vocem</strong></span> <span class='ocrx_word' id='word_1_24' title='bbox 417 286 450 311; x_wconf 87' lang='lat' dir='ltr'><strong>ad</strong></span> <span class='ocrx_word' id='word_1_25' title='bbox 470 293 531 311; x_wconf 87' lang='lat' dir='ltr'><strong>enm</strong></span> <span class='ocrx_word' id='word_1_26' title='bbox 563 285 684 311; x_wconf 75' lang='lat' dir='ltr'><strong>secundo</strong></span> <span class='ocrx_word' id='word_1_27' title='bbox 712 285 838 311; x_wconf 82' lang='lat' dir='ltr'><strong>venisse:</strong></span> <span class='ocrx_word' id='word_1_28' title='bbox 866 284 999 317; x_wconf 80' lang='lat' dir='ltr'><strong>Quidquid</strong></span> 
     </span>
    </p>
   </div>
   <div class='ocr_carea' id='block_1_6' title="bbox 215 330 999 365">
    <p class='ocr_par' dir='ltr' id='par_1_6' title="bbox 215 330 999 365">
     <span class='ocr_line' id='line_1_6' title="bbox 215 330 999 365; baseline 0.001 -10"><span class='ocrx_word' id='word_1_29' title='bbox 215 330 282 356; x_wconf 73' lang='lat' dir='ltr'><strong>Deus</strong></span> <span class='ocrx_word' id='word_1_30' title='bbox 299 331 431 365; x_wconf 68' lang='lat' dir='ltr'><strong>purgavit,</strong></span> <span class='ocrx_word' id='word_1_31' title='bbox 455 339 486 358; x_wconf 80' lang='lat' dir='ltr'><strong>ne</strong></span> <span class='ocrx_word' id='word_1_32' title='bbox 506 335 532 356; x_wconf 84' lang='lat' dir='ltr'><strong>tu</strong></span> <span class='ocrx_word' id='word_1_33' title='bbox 553 331 663 365; x_wconf 79' lang='lat' dir='ltr'><strong>polluite</strong></span> <span class='ocrx_word' id='word_1_34' title='bbox 676 331 708 362; x_wconf 84' lang='lat'><strong>”,</strong></span> <span class='ocrx_word' id='word_1_35' title='bbox 725 339 756 357; x_wconf 85' lang='lat' dir='ltr'><strong>ac</strong></span> <span class='ocrx_word' id='word_1_36' title='bbox 774 335 815 357; x_wconf 88' lang='lat' dir='ltr'><strong>ter</strong></span> <span class='ocrx_word' id='word_1_37' title='bbox 837 330 887 357; x_wconf 86' lang='lat' dir='ltr'><strong>hoc</strong></span> <span class='ocrx_word' id='word_1_38' title='bbox 904 331 940 356; x_wconf 82' lang='lat' dir='ltr'><strong>illi</strong></span> <span class='ocrx_word' id='word_1_39' title='bbox 956 338 999 356; x_wconf 83' lang='lat' dir='ltr'><strong>re-</strong></span> 
     </span>
    </p>
   </div>
   <div class='ocr_carea' id='block_1_7' title="bbox 212 375 995 409">
    <p class='ocr_par' dir='ltr' id='par_1_7' title="bbox 212 375 995 409">
     <span class='ocr_line' id='line_1_7' title="bbox 212 375 995 409; baseline -0.001 -8"><span class='ocrx_word' id='word_1_40' title='bbox 212 375 322 409; x_wconf 87' lang='lat' dir='ltr'><strong>petiisse</strong></span> <span class='ocrx_word' id='word_1_41' title='bbox 346 384 440 403; x_wconf 87' lang='lat' dir='ltr'><strong>vocem</strong></span> <span class='ocrx_word' id='word_1_42' title='bbox 454 397 461 407; x_wconf 83' lang='grc'><em>,</em></span> <span class='ocrx_word' id='word_1_43' title='bbox 484 376 547 403; x_wconf 83' lang='lat' dir='ltr'><strong>dein</strong></span> <span class='ocrx_word' id='word_1_44' title='bbox 573 384 681 403; x_wconf 88' lang='lat' dir='ltr'><strong>rursum</strong></span> <span class='ocrx_word' id='word_1_45' title='bbox 697 377 723 402; x_wconf 92' lang='lat' dir='ltr'><strong>itt</strong></span> <span class='ocrx_word' id='word_1_46' title='bbox 739 377 839 403; x_wconf 72' lang='lat' dir='ltr'><strong>cmlnm</strong></span> <span class='ocrx_word' id='word_1_47' title='bbox 858 376 995 403; x_wconf 83' lang='lat' dir='ltr'><strong>sublatum</strong></span> 
     </span>
    </p>
   </div>
   <div class='ocr_carea' id='block_1_8' title="bbox 212 421 998 456">
    <p class='ocr_par' dir='ltr' id='par_1_8' title="bbox 212 421 998 456">
     <span class='ocr_line' id='line_1_8' title="bbox 212 421 998 456; baseline 0.001 -10"><span class='ocrx_word' id='word_1_48' title='bbox 212 422 298 448; x_wconf 73' lang='lat' dir='ltr'><strong>fuisse</strong></span> <span class='ocrx_word' id='word_1_49' title='bbox 315 421 427 449; x_wconf 87' lang='lat' dir='ltr'><strong>linteum</strong></span> <span class='ocrx_word' id='word_1_50' title='bbox 442 430 448 448; x_wconf 97' lang='lat'><strong>:</strong></span> <span class='ocrx_word' id='word_1_51' title='bbox 462 423 591 449; x_wconf 87' lang='lat' dir='ltr'><strong>miratum</strong></span> <span class='ocrx_word' id='word_1_52' title='bbox 604 431 668 456; x_wconf 77' lang='lat' dir='ltr'><strong>ergo</strong></span> <span class='ocrx_word' id='word_1_53' title='bbox 685 423 767 449; x_wconf 60' lang='lat' dir='ltr'><strong>fuisse</strong></span> <span class='ocrx_word' id='word_1_54' title='bbox 781 422 903 454; x_wconf 80' lang='lat' dir='ltr'><strong>Petrum,</strong></span> <span class='ocrx_word' id='word_1_55' title='bbox 917 426 998 454; x_wconf 84' lang='lat' dir='ltr'><strong>atque</strong></span> 
     </span>
    </p>
   </div>
   <div class='ocr_carea' id='block_1_9' title="bbox 210 468 998 503">
    <p class='ocr_par' dir='ltr' id='par_1_9' title="bbox 210 468 998 503">
     <span class='ocr_line' id='line_1_9' title="bbox 210 468 998 503; baseline 0.003 -10"><span class='ocrx_word' id='word_1_56' title='bbox 210 468 280 502; x_wconf 84' lang='lat' dir='ltr'><strong>apud</strong></span> <span class='ocrx_word' id='word_1_57' title='bbox 307 476 336 495; x_wconf 87' lang='lat' dir='ltr'><strong>se</strong></span> <span class='ocrx_word' id='word_1_58' title='bbox 353 469 509 503; x_wconf 87' lang='lat' dir='ltr'><strong>perplexum</strong></span> <span class='ocrx_word' id='word_1_59' title='bbox 537 469 659 496; x_wconf 78' lang='lat' dir='ltr'><strong>h;csisse.</strong></span> <span class='ocrx_word' id='word_1_60' title='bbox 676 468 732 496; x_wconf 80' lang='lat' dir='ltr'><strong>lloe</strong></span> <span class='ocrx_word' id='word_1_61' title='bbox 744 477 809 502; x_wconf 72' lang='lat' dir='ltr'><strong>ergo</strong></span> <span class='ocrx_word' id='word_1_62' title='bbox 828 470 897 499; x_wconf 82' lang='lat' dir='ltr'><strong>viso.</strong></span> <span class='ocrx_word' id='word_1_63' title='bbox 911 476 998 503; x_wconf 84' lang='lat' dir='ltr'><strong>eoque</strong></span> 
     </span>
    </p>
   </div>
   <div class='ocr_carea' id='block_1_10' title="bbox 210 513 997 548">
    <p class='ocr_par' dir='ltr' id='par_1_10' title="bbox 210 513 997 548">
     <span class='ocr_line' id='line_1_10' title="bbox 210 513 997 548; baseline 0.001 -8"><span class='ocrx_word' id='word_1_64' title='bbox 210 513 284 548; x_wconf 88' lang='lat' dir='ltr'><strong>quod</strong></span> <span class='ocrx_word' id='word_1_65' title='bbox 298 514 324 540; x_wconf 93' lang='lat' dir='ltr'><strong>in</strong></span> <span class='ocrx_word' id='word_1_66' title='bbox 341 513 487 548; x_wconf 73' lang='lat' dir='ltr'><strong>Evangelio</strong></span> <span class='ocrx_word' id='word_1_67' title='bbox 499 522 549 541; x_wconf 85' lang='lat' dir='ltr'><strong>suo</strong></span> <span class='ocrx_word' id='word_1_68' title='bbox 563 520 659 541; x_wconf 88' lang='lat' dir='ltr'><strong>sancto</strong></span> <span class='ocrx_word' id='word_1_69' title='bbox 674 515 743 541; x_wconf 80' lang='lat' dir='ltr'><strong>dixit</strong></span> <span class='ocrx_word' id='word_1_70' title='bbox 759 514 890 541; x_wconf 83' lang='lat' dir='ltr'><strong>Dominus</strong></span> <span class='ocrx_word' id='word_1_71' title='bbox 905 519 997 541; x_wconf 78' lang='lat' dir='ltr'><strong>ttOster</strong></span> 
     </span>
    </p>
   </div>
   <div class='ocr_carea' id='block_1_11' title="bbox 208 559 994 594">
    <p class='ocr_par' dir='ltr' id='par_1_11' title="bbox 208 559 994 594">
     <span class='ocr_line' id='line_1_11' title="bbox 208 559 994 594; baseline 0.001 -9"><span class='ocrx_word' id='word_1_72' title='bbox 208 559 346 589; x_wconf 77' lang='lat' dir='ltr'><strong>Christus.</strong></span> <span class='ocrx_word' id='word_1_73' title='bbox 361 565 543 594; x_wconf 74' lang='lat' dir='ltr'><strong>pt&#39;zecepcrunt</strong></span> <span class='ocrx_word' id='word_1_74' title='bbox 558 560 637 587; x_wconf 90' lang='lat' dir='ltr'><strong>nohis</strong></span> <span class='ocrx_word' id='word_1_75' title='bbox 654 560 749 587; x_wconf 81' lang='lat' dir='ltr'><strong>Petrus</strong></span> <span class='ocrx_word' id='word_1_76' title='bbox 765 565 791 587; x_wconf 88' lang='lat' dir='ltr'><strong>et</strong></span> <span class='ocrx_word' id='word_1_77' title='bbox 806 559 906 586; x_wconf 81' lang='lat' dir='ltr'><strong>Paulus</strong></span> <span class='ocrx_word' id='word_1_78' title='bbox 921 560 994 586; x_wconf 86' lang='lat' dir='ltr'><strong>omni</strong></span> 
     </span>
    </p>
   </div>
   <div class='ocr_carea' id='block_1_12' title="bbox 209 605 995 642">
    <p class='ocr_par' dir='ltr' id='par_1_12' title="bbox 209 605 995 642">
     <span class='ocr_line' id='line_1_12' title="bbox 209 605 995 642; baseline 0.003 -10"><span class='ocrx_word' id='word_1_79' title='bbox 209 612 293 632; x_wconf 89' lang='lat' dir='ltr'><strong>carne</strong></span> <span class='ocrx_word' id='word_1_80' title='bbox 314 605 438 638; x_wconf 79' lang='lat' dir='ltr'><strong>cujusvis</strong></span> <span class='ocrx_word' id='word_1_81' title='bbox 459 608 569 633; x_wconf 91' lang='lat' dir='ltr'><strong>tandem</strong></span> <span class='ocrx_word' id='word_1_82' title='bbox 585 607 771 640; x_wconf 80' lang='lat' dir='ltr'><strong>quadrupedis</strong></span> <span class='ocrx_word' id='word_1_83' title='bbox 799 608 884 637; x_wconf 83' lang='lat' dir='ltr'><strong>vesci.</strong></span> <span class='ocrx_word' id='word_1_84' title='bbox 909 615 995 642; x_wconf 87' lang='lat' dir='ltr'><strong>quare</strong></span> 
     </span>
    </p>
   </div>
   <div class='ocr_carea' id='block_1_13' title="bbox 209 653 994 687">
    <p class='ocr_par' dir='ltr' id='par_1_13' title="bbox 209 653 994 687">
     <span class='ocr_line' id='line_1_13' title="bbox 209 653 994 687; baseline 0.006 -11"><span class='ocrx_word' id='word_1_85' title='bbox 209 657 236 676; x_wconf 80' lang='lat' dir='ltr'><strong>cl</strong></span> <span class='ocrx_word' id='word_1_86' title='bbox 259 659 356 684; x_wconf 83' lang='lat' dir='ltr'><strong>porcus</strong></span> <span class='ocrx_word' id='word_1_87' title='bbox 382 657 410 678; x_wconf 88' lang='lat' dir='ltr'><strong>et</strong></span> <span class='ocrx_word' id='word_1_88' title='bbox 431 656 528 678; x_wconf 76' lang='lat' dir='ltr'><strong>ctctcra</strong></span> <span class='ocrx_word' id='word_1_89' title='bbox 561 659 731 687; x_wconf 75' lang='lat' dir='ltr'><strong>quzecunqne</strong></span> <span class='ocrx_word' id='word_1_90' title='bbox 757 653 887 680; x_wconf 77' lang='lat' dir='ltr'><strong>animalia</strong></span> <span class='ocrx_word' id='word_1_91' title='bbox 915 655 994 681; x_wconf 84' lang='lat' dir='ltr'><strong>nobis</strong></span> 
     </span>
    </p>
   </div>
   <div class='ocr_carea' id='block_1_14' title="bbox 208 696 995 732">
    <p class='ocr_par' dir='ltr' id='par_1_14' title="bbox 208 696 995 732">
     <span class='ocr_line' id='line_1_14' title="bbox 208 696 995 732; baseline 0.003 -9"><span class='ocrx_word' id='word_1_92' title='bbox 208 696 341 729; x_wconf 82' lang='lat' dir='ltr'><strong>permissa</strong></span> <span class='ocrx_word' id='word_1_93' title='bbox 359 701 433 724; x_wconf 87' lang='lat' dir='ltr'><strong>Sttnt.</strong></span> <span class='ocrx_word' id='word_1_94' title='bbox 447 696 534 724; x_wconf 82' lang='lat' dir='ltr'><strong>Jussit</strong></span> <span class='ocrx_word' id='word_1_95' title='bbox 548 705 613 732; x_wconf 82' lang='lat' dir='ltr'><strong>ergo</strong></span> <span class='ocrx_word' id='word_1_96' title='bbox 635 699 784 732; x_wconf 74' lang='lat' dir='ltr'><strong>imperator</strong></span> <span class='ocrx_word' id='word_1_97' title='bbox 805 700 918 726; x_wconf 88' lang='lat' dir='ltr'><strong>mactari</strong></span> <span class='ocrx_word' id='word_1_98' title='bbox 933 707 995 732; x_wconf 66' lang='grc' dir='ltr'><strong>βοτ-</strong></span> 
     </span>
    </p>
   </div>
   <div class='ocr_carea' id='block_1_15' title="bbox 206 742 992 778">
    <p class='ocr_par' dir='ltr' id='par_1_15' title="bbox 206 742 992 778">
     <span class='ocr_line' id='line_1_15' title="bbox 206 742 992 778; baseline 0.005 -10"><span class='ocrx_word' id='word_1_99' title='bbox 206 749 266 773; x_wconf 76' lang='lat' dir='ltr'><strong>eos,</strong></span> <span class='ocrx_word' id='word_1_100' title='bbox 281 742 454 778; x_wconf 61' lang='grc' dir='ltr'><strong>ἥδε-47],</strong></span> <span class='ocrx_word' id='word_1_101' title='bbox 468 751 618 777; x_wconf 53' lang='lat' dir='ltr'><strong>eorumque</strong></span> <span class='ocrx_word' id='word_1_102' title='bbox 629 752 723 770; x_wconf 86' lang='lat' dir='ltr'><strong>carnes</strong></span> <span class='ocrx_word' id='word_1_103' title='bbox 739 750 830 774; x_wconf 80' lang='lat' dir='ltr'><strong>coctas</strong></span> <span class='ocrx_word' id='word_1_104' title='bbox 853 745 879 772; x_wconf 89' lang='lat' dir='ltr'><strong>in</strong></span> <span class='ocrx_word' id='word_1_105' title='bbox 909 746 992 773; x_wconf 89' lang='lat' dir='ltr'><strong>frusta</strong></span> 
     </span>
    </p>
   </div>
   <div class='ocr_carea' id='block_1_16' title="bbox 207 788 992 827">
    <p class='ocr_par' dir='ltr' id='par_1_16' title="bbox 207 788 992 827">
     <span class='ocr_line' id='line_1_16' title="bbox 207 788 992 827; baseline 0.009 -13"><span class='ocrx_word' id='word_1_106' title='bbox 207 788 313 815; x_wconf 75' lang='lat' dir='ltr'><strong>concidi</strong></span> <span class='ocrx_word' id='word_1_107' title='bbox 332 792 358 813; x_wconf 85' lang='lat' dir='ltr'><strong>cl</strong></span> <span class='ocrx_word' id='word_1_108' title='bbox 377 789 408 815; x_wconf 90' lang='lat' dir='ltr'><strong>ad</strong></span> <span class='ocrx_word' id='word_1_109' title='bbox 432 790 609 816; x_wconf 75' lang='lat' dir='ltr'><strong>ecclesiarum</strong></span> <span class='ocrx_word' id='word_1_110' title='bbox 625 796 721 825; x_wconf 84' lang='lat' dir='ltr'><strong>portas</strong></span> <span class='ocrx_word' id='word_1_111' title='bbox 740 799 788 826; x_wconf 85' lang='lat' dir='ltr'><strong>per</strong></span> <span class='ocrx_word' id='word_1_112' title='bbox 803 797 888 820; x_wconf 86' lang='lat' dir='ltr'><strong>totum</strong></span> <span class='ocrx_word' id='word_1_113' title='bbox 905 794 992 827; x_wconf 79' lang='lat' dir='ltr'><strong>ipsius</strong></span> 
     </span>
    </p>
   </div>
   <div class='ocr_carea' id='block_1_17' title="bbox 206 834 990 872">
    <p class='ocr_par' dir='ltr' id='par_1_17' title="bbox 206 834 990 872">
     <span class='ocr_line' id='line_1_17' title="bbox 206 834 990 872; baseline 0.011 -13"><span class='ocrx_word' id='word_1_114' title='bbox 206 842 320 868; x_wconf 77' lang='lat' dir='ltr'><strong>regnum</strong></span> <span class='ocrx_word' id='word_1_115' title='bbox 338 834 482 862; x_wconf 91' lang='lat' dir='ltr'><strong>Dominico</strong></span> <span class='ocrx_word' id='word_1_116' title='bbox 497 835 640 864; x_wconf 70' lang='lat' dir='ltr'><strong>Pasch-stis</strong></span> <span class='ocrx_word' id='word_1_117' title='bbox 662 839 756 870; x_wconf 86' lang='lat' dir='ltr'><strong>statui,</strong></span> <span class='ocrx_word' id='word_1_118' title='bbox 779 847 833 872; x_wconf 89' lang='lat' dir='ltr'><strong>qtto</strong></span> <span class='ocrx_word' id='word_1_119' title='bbox 856 840 942 867; x_wconf 85' lang='lat' dir='ltr'><strong>cuivis</strong></span> <span class='ocrx_word' id='word_1_120' title='bbox 960 849 990 868; x_wconf 79' lang='lat' dir='ltr'><strong>cx</strong></span> 
     </span>
    </p>
   </div>
   <div class='ocr_carea' id='block_1_18' title="bbox 207 881 1027 924">
    <p class='ocr_par' dir='ltr' id='par_1_18' title="bbox 207 881 1027 924">
     <span class='ocr_line' id='line_1_18' title="bbox 207 881 1027 924; baseline 0.01 -18"><span class='ocrx_word' id='word_1_121' title='bbox 207 881 321 907; x_wconf 77' lang='lat' dir='ltr'><strong>ecclesia</strong></span> <span class='ocrx_word' id='word_1_122' title='bbox 334 882 481 914; x_wconf 73' lang='lat' dir='ltr'><strong>egredienti</strong></span> <span class='ocrx_word' id='word_1_123' title='bbox 494 883 614 910; x_wconf 86' lang='lat' dir='ltr'><strong>huccella</strong></span> <span class='ocrx_word' id='word_1_124' title='bbox 625 885 716 911; x_wconf 85' lang='lat' dir='ltr'><strong>carnis</strong></span> <span class='ocrx_word' id='word_1_125' title='bbox 731 885 850 919; x_wconf 68' lang='lat' dir='ltr'><strong>poreinze</strong></span> <span class='ocrx_word' id='word_1_126' title='bbox 864 886 986 919; x_wconf 75' lang='lat' dir='ltr'><strong>porrige-</strong></span> <span class='ocrx_word' id='word_1_127' title='bbox 1008 897 1027 924; x_wconf 69' lang='grc' dir='ltr'><strong><em>Β</em></strong></span> 
     </span>
    </p>
   </div>
   <div class='ocr_carea' id='block_1_19' title="bbox 206 927 988 963">
    <p class='ocr_par' dir='ltr' id='par_1_19' title="bbox 206 927 988 963">
     <span class='ocr_line' id='line_1_19' title="bbox 206 927 988 963; baseline 0.006 -11"><span class='ocrx_word' id='word_1_128' title='bbox 206 930 291 956; x_wconf 77' lang='lat' dir='ltr'><strong>retur.</strong></span> <span class='ocrx_word' id='word_1_129' title='bbox 306 931 332 953; x_wconf 83' lang='lat' dir='ltr'><strong>et</strong></span> <span class='ocrx_word' id='word_1_130' title='bbox 349 927 471 961; x_wconf 79' lang='lat' dir='ltr'><strong>quisquis</strong></span> <span class='ocrx_word' id='word_1_131' title='bbox 486 935 545 954; x_wconf 88' lang='lat' dir='ltr'><strong>eam</strong></span> <span class='ocrx_word' id='word_1_132' title='bbox 556 936 608 955; x_wconf 84' lang='lat' dir='ltr'><strong>non</strong></span> <span class='ocrx_word' id='word_1_133' title='bbox 619 929 711 957; x_wconf 86' lang='lat' dir='ltr'><strong>ederet</strong></span> <span class='ocrx_word' id='word_1_134' title='bbox 722 935 811 958; x_wconf 89' lang='lat' dir='ltr'><strong>morte</strong></span> <span class='ocrx_word' id='word_1_135' title='bbox 826 931 988 963; x_wconf 78' lang='lat' dir='ltr'><strong>afficeretur,</strong></span> 
     </span>
    </p>
   </div>
   <div class='ocr_carea' id='block_1_20' title="bbox 206 973 990 1009">
    <p class='ocr_par' dir='ltr' id='par_1_20' title="bbox 206 973 990 1009">
     <span class='ocr_line' id='line_1_20' title="bbox 206 973 990 1009; baseline 0.01 -12"><span class='ocrx_word' id='word_1_136' title='bbox 206 979 261 1006; x_wconf 89' lang='lat' dir='ltr'><strong>qno</strong></span> <span class='ocrx_word' id='word_1_137' title='bbox 280 977 358 1007; x_wconf 80' lang='lat' dir='ltr'><strong>pacto</strong></span> <span class='ocrx_word' id='word_1_138' title='bbox 373 973 511 1001; x_wconf 87' lang='lat' dir='ltr'><strong>interfecta</strong></span> <span class='ocrx_word' id='word_1_139' title='bbox 521 979 561 1001; x_wconf 81' lang='lat' dir='ltr'><strong>est</strong></span> <span class='ocrx_word' id='word_1_140' title='bbox 574 983 669 1009; x_wconf 66' lang='lat' dir='ltr'><strong>magna</strong></span> <span class='ocrx_word' id='word_1_141' title='bbox 680 976 820 1003; x_wconf 87' lang='lat' dir='ltr'><strong>hominum</strong></span> <span class='ocrx_word' id='word_1_142' title='bbox 835 978 990 1006; x_wconf 90' lang='lat' dir='ltr'><strong>multitttdo.</strong></span> 
     </span>
    </p>
   </div>
   <div class='ocr_carea' id='block_1_21' title="bbox 242 1017 990 1053">
    <p class='ocr_par' dir='ltr' id='par_1_21' title="bbox 242 1017 990 1053">
     <span class='ocr_line' id='line_1_21' title="bbox 242 1017 990 1053; baseline 0.013 -11"><span class='ocrx_word' id='word_1_143' title='bbox 242 1017 401 1053; x_wconf 72' lang='lat' dir='ltr'><strong>ltyzantinm</strong></span> <span class='ocrx_word' id='word_1_144' title='bbox 432 1020 513 1046; x_wconf 87' lang='lat' dir='ltr'><strong>etiam</strong></span> <span class='ocrx_word' id='word_1_145' title='bbox 548 1028 625 1048; x_wconf 91' lang='lat' dir='ltr'><strong>muro</strong></span> <span class='ocrx_word' id='word_1_146' title='bbox 646 1022 767 1050; x_wconf 87' lang='lat' dir='ltr'><strong>cinctum</strong></span> <span class='ocrx_word' id='word_1_147' title='bbox 789 1022 990 1052; x_wconf 90' lang='lat' dir='ltr'><strong>Constantinus</strong></span> 
     </span>
    </p>
   </div>
   <div class='ocr_carea' id='block_1_22' title="bbox 205 1061 991 1101">
    <p class='ocr_par' dir='ltr' id='par_1_22' title="bbox 205 1061 991 1101">
     <span class='ocr_line' id='line_1_22' title="bbox 205 1061 991 1101; baseline 0.011 -13"><span class='ocrx_word' id='word_1_148' title='bbox 205 1061 355 1097; x_wconf 75' lang='lat' dir='ltr'><strong>inperator</strong></span> <span class='ocrx_word' id='word_1_149' title='bbox 376 1063 632 1101; x_wconf 83' lang='lat' dir='ltr'><strong>Constantinopolin</strong></span> <span class='ocrx_word' id='word_1_150' title='bbox 658 1068 818 1101; x_wconf 79' lang='lat' dir='ltr'><strong>appellavit.</strong></span> <span class='ocrx_word' id='word_1_151' title='bbox 841 1077 913 1098; x_wconf 91' lang='lat' dir='ltr'><strong>anno</strong></span> <span class='ocrx_word' id='word_1_152' title='bbox 939 1071 991 1098; x_wconf 85' lang='lat' dir='ltr'><strong>int-</strong></span> 
     </span>
    </p>
   </div>
   <div class='ocr_carea' id='block_1_23' title="bbox 204 1109 989 1146">
    <p class='ocr_par' dir='ltr' id='par_1_23' title="bbox 204 1109 989 1146">
     <span class='ocr_line' id='line_1_23' title="bbox 204 1109 989 1146; baseline 0.011 -12"><span class='ocrx_word' id='word_1_153' title='bbox 204 1109 272 1141; x_wconf 71' lang='lat' dir='ltr'><strong>perii</strong></span> <span class='ocrx_word' id='word_1_154' title='bbox 286 1109 329 1136; x_wconf 82' lang='lat' dir='ltr'><strong>sui</strong></span> <span class='ocrx_word' id='word_1_155' title='bbox 345 1110 496 1137; x_wconf 82' lang='lat' dir='ltr'><strong>tricesimo.</strong></span> <span class='ocrx_word' id='word_1_156' title='bbox 513 1110 599 1138; x_wconf 82' lang='lat' dir='ltr'><strong>Porro</strong></span> <span class='ocrx_word' id='word_1_157' title='bbox 616 1116 720 1139; x_wconf 87' lang='lat' dir='ltr'><strong>mortua</strong></span> <span class='ocrx_word' id='word_1_158' title='bbox 737 1117 779 1140; x_wconf 85' lang='lat' dir='ltr'><strong>est</strong></span> <span class='ocrx_word' id='word_1_159' title='bbox 795 1113 897 1146; x_wconf 78' lang='lat' dir='ltr'><strong>Helena</strong></span> <span class='ocrx_word' id='word_1_160' title='bbox 917 1116 989 1142; x_wconf 86' lang='lat' dir='ltr'><strong>Con-</strong></span> 
     </span>
    </p>
   </div>
   <div class='ocr_carea' id='block_1_24' title="bbox 204 1154 988 1193">
    <p class='ocr_par' dir='ltr' id='par_1_24' title="bbox 204 1154 988 1193">
     <span class='ocr_line' id='line_1_24' title="bbox 204 1154 988 1193; baseline 0.013 -14"><span class='ocrx_word' id='word_1_161' title='bbox 204 1154 318 1180; x_wconf 80' lang='lat' dir='ltr'><strong>stantini</strong></span> <span class='ocrx_word' id='word_1_162' title='bbox 346 1159 433 1182; x_wconf 85' lang='lat' dir='ltr'><strong>mater</strong></span> <span class='ocrx_word' id='word_1_163' title='bbox 456 1156 508 1190; x_wconf 85' lang='lat' dir='ltr'><strong>jam</strong></span> <span class='ocrx_word' id='word_1_164' title='bbox 525 1159 710 1191; x_wconf 78' lang='lat' dir='ltr'><strong>octogenaria.</strong></span> <span class='ocrx_word' id='word_1_165' title='bbox 734 1157 883 1193; x_wconf 88' lang='lat' dir='ltr'><strong>Imperavit</strong></span> <span class='ocrx_word' id='word_1_166' title='bbox 898 1166 988 1189; x_wconf 85' lang='lat' dir='ltr'><strong>autem</strong></span> 
     </span>
    </p>
   </div>
   <div class='ocr_carea' id='block_1_25' title="bbox 201 1200 987 1240">
    <p class='ocr_par' dir='ltr' id='par_1_25' title="bbox 201 1200 987 1240">
     <span class='ocr_line' id='line_1_25' title="bbox 201 1200 987 1240; baseline 0.014 -15"><span class='ocrx_word' id='word_1_167' title='bbox 201 1200 402 1227; x_wconf 69' lang='lat' dir='ltr'><strong>Constantinus</strong></span> <span class='ocrx_word' id='word_1_168' title='bbox 423 1208 509 1229; x_wconf 81' lang='lat' dir='ltr'><strong>annos</strong></span> <span class='ocrx_word' id='word_1_169' title='bbox 526 1203 636 1237; x_wconf 75' lang='lat' dir='ltr'><strong>triginta</strong></span> <span class='ocrx_word' id='word_1_170' title='bbox 653 1203 733 1237; x_wconf 85' lang='lat' dir='ltr'><strong>duos,</strong></span> <span class='ocrx_word' id='word_1_171' title='bbox 752 1206 814 1234; x_wconf 90' lang='lat' dir='ltr'><strong>dein</strong></span> <span class='ocrx_word' id='word_1_172' title='bbox 829 1207 908 1240; x_wconf 86' lang='lat' dir='ltr'><strong>obiit,</strong></span> <span class='ocrx_word' id='word_1_173' title='bbox 927 1215 987 1235; x_wconf 88' lang='lat' dir='ltr'><strong>cuto</strong></span> 
     </span>
    </p>
   </div>
   <div class='ocr_carea' id='block_1_26' title="bbox 201 1241 990 1282">
    <p class='ocr_par' dir='ltr' id='par_1_26' title="bbox 201 1241 990 1282">
     <span class='ocr_line' id='line_1_26' title="bbox 201 1241 990 1282; baseline 0.019 -18"><span class='ocrx_word' id='word_1_174' title='bbox 201 1246 289 1266; x_wconf 89' lang='lat' dir='ltr'><strong>annos</strong></span> <span class='ocrx_word' id='word_1_175' title='bbox 299 1241 440 1276; x_wconf 75' lang='lat' dir='ltr'><strong>sexaginta</strong></span> <span class='ocrx_word' id='word_1_176' title='bbox 450 1243 573 1278; x_wconf 90' lang='lat' dir='ltr'><strong>quittque</strong></span> <span class='ocrx_word' id='word_1_177' title='bbox 582 1245 795 1276; x_wconf 71' lang='lat' dir='ltr'><strong>t&#39;ixissr‘tJribus</strong></span> <span class='ocrx_word' id='word_1_178' title='bbox 805 1250 905 1277; x_wconf 79' lang='lat' dir='ltr'><strong>reiictis</strong></span> <span class='ocrx_word' id='word_1_179' title='bbox 917 1250 990 1282; x_wconf 83' lang='lat' dir='ltr'><strong>ﬁliis.</strong></span> 
     </span>
    </p>
   </div>
   <div class='ocr_carea' id='block_1_27' title="bbox 199 1289 992 1326">
    <p class='ocr_par' dir='ltr' id='par_1_27' title="bbox 199 1289 992 1326">
     <span class='ocr_line' id='line_1_27' title="bbox 199 1289 992 1326; baseline 0.018 -17"><span class='ocrx_word' id='word_1_180' title='bbox 199 1291 319 1317; x_wconf 85' lang='lat' dir='ltr'><strong>quorum</strong></span> <span class='ocrx_word' id='word_1_181' title='bbox 335 1292 400 1314; x_wconf 88' lang='lat' dir='ltr'><strong>nattt</strong></span> <span class='ocrx_word' id='word_1_182' title='bbox 417 1289 566 1316; x_wconf 82' lang='lat' dir='ltr'><strong>maximum</strong></span> <span class='ocrx_word' id='word_1_183' title='bbox 585 1291 636 1317; x_wconf 60' lang='lat' dir='ltr'><strong>silli</strong></span> <span class='ocrx_word' id='word_1_184' title='bbox 655 1294 845 1326; x_wconf 72' lang='lat' dir='ltr'><strong>cognominem</strong></span> <span class='ocrx_word' id='word_1_185' title='bbox 858 1296 992 1323; x_wconf 80' lang='lat' dir='ltr'><strong>Constan-</strong></span> 
     </span>
    </p>
   </div>
   <div class='ocr_carea' id='block_1_28' title="bbox 202 1329 991 1373">
    <p class='ocr_par' dir='ltr' id='par_1_28' title="bbox 202 1329 991 1373">
     <span class='ocr_line' id='line_1_28' title="bbox 202 1329 991 1373; baseline 0.019 -18"><span class='ocrx_word' id='word_1_186' title='bbox 202 1329 290 1357; x_wconf 87' lang='lat' dir='ltr'><strong>tittuttt</strong></span> <span class='ocrx_word' id='word_1_187' title='bbox 309 1333 466 1368; x_wconf 74' lang='lat' dir='ltr'><strong>appellavit,</strong></span> <span class='ocrx_word' id='word_1_188' title='bbox 483 1336 636 1363; x_wconf 86' lang='lat' dir='ltr'><strong>secundum</strong></span> <span class='ocrx_word' id='word_1_189' title='bbox 652 1337 685 1364; x_wconf 90' lang='lat' dir='ltr'><strong>de</strong></span> <span class='ocrx_word' id='word_1_190' title='bbox 709 1341 794 1373; x_wconf 80' lang='lat' dir='ltr'><strong>patris</strong></span> <span class='ocrx_word' id='word_1_191' title='bbox 810 1341 853 1368; x_wconf 89' lang='lat' dir='ltr'><strong>sui</strong></span> <span class='ocrx_word' id='word_1_192' title='bbox 879 1343 991 1370; x_wconf 84' lang='lat' dir='ltr'><strong>nomine</strong></span> 
     </span>
    </p>
   </div>
   <div class='ocr_carea' id='block_1_29' title="bbox 201 1375 990 1422">
    <p class='ocr_par' dir='ltr' id='par_1_29' title="bbox 201 1375 990 1422">
     <span class='ocr_line' id='line_1_29' title="bbox 201 1375 990 1422; baseline 0.016 -19"><span class='ocrx_word' id='word_1_193' title='bbox 201 1375 401 1412; x_wconf 80' lang='lat' dir='ltr'><strong>Constantem,</strong></span> <span class='ocrx_word' id='word_1_194' title='bbox 423 1381 533 1408; x_wconf 85' lang='lat' dir='ltr'><strong>tertium</strong></span> <span class='ocrx_word' id='word_1_195' title='bbox 554 1390 620 1409; x_wconf 69' lang='lat' dir='ltr'><strong>varo</strong></span> <span class='ocrx_word' id='word_1_196' title='bbox 639 1383 851 1419; x_wconf 80' lang='lat' dir='ltr'><strong>Constantium;</strong></span> <span class='ocrx_word' id='word_1_197' title='bbox 872 1395 990 1422; x_wconf 82' lang='lat' dir='ltr'><strong>quorum</strong></span> 
     </span>
    </p>
   </div>
   <div class='ocr_carea' id='block_1_30' title="bbox 201 1421 990 1467">
    <p class='ocr_par' dir='ltr' id='par_1_30' title="bbox 201 1421 990 1467">
     <span class='ocr_line' id='line_1_30' title="bbox 201 1421 990 1467; baseline 0.018 -19"><span class='ocrx_word' id='word_1_198' title='bbox 201 1421 667 1463; x_wconf 85' lang='lat' dir='ltr'><strong>Constantinum,Gonstantinopoli</strong></span> <span class='ocrx_word' id='word_1_199' title='bbox 678 1439 686 1463; x_wconf 86' lang='lat'><strong>;</strong></span> <span class='ocrx_word' id='word_1_200' title='bbox 696 1421 990 1467; x_wconf 73' lang='lat' dir='ltr'><strong>Constantem,Autio-</strong></span> 
     </span>
    </p>
   </div>
   <div class='ocr_carea' id='block_1_31' title="bbox 202 1468 989 1514">
    <p class='ocr_par' dir='ltr' id='par_1_31' title="bbox 202 1468 989 1514">
     <span class='ocr_line' id='line_1_31' title="bbox 202 1468 989 1514; baseline 0.019 -20"><span class='ocrx_word' id='word_1_201' title='bbox 202 1468 271 1496; x_wconf 66' lang='lat' dir='ltr'><strong>cltiaa</strong></span> <span class='ocrx_word' id='word_1_202' title='bbox 285 1469 373 1514; x_wconf 65' lang='lat' dir='ltr'><strong>Syria:</strong></span> <span class='ocrx_word' id='word_1_203' title='bbox 390 1471 573 1506; x_wconf 70' lang='lat' dir='ltr'><strong>Damascenaa,</strong></span> <span class='ocrx_word' id='word_1_204' title='bbox 591 1481 618 1502; x_wconf 91' lang='lat' dir='ltr'><strong>et</strong></span> <span class='ocrx_word' id='word_1_205' title='bbox 642 1475 778 1512; x_wconf 60' lang='lat' dir='ltr'><strong>(Egypto;</strong></span> <span class='ocrx_word' id='word_1_206' title='bbox 800 1479 989 1514; x_wconf 85' lang='lat' dir='ltr'><strong>Constantem,</strong></span> 
     </span>
    </p>
   </div>
   <div class='ocr_carea' id='block_1_32' title="bbox 200 1513 991 1561">
    <p class='ocr_par' dir='ltr' id='par_1_32' title="bbox 200 1513 991 1561">
     <span class='ocr_line' id='line_1_32' title="bbox 200 1513 991 1561; baseline 0.02 -22"><span class='ocrx_word' id='word_1_207' title='bbox 200 1514 263 1541; x_wconf 89' lang='lat' dir='ltr'><strong>ttrhi</strong></span> <span class='ocrx_word' id='word_1_208' title='bbox 282 1513 375 1543; x_wconf 60' lang='lat' dir='ltr'><strong>Romae</strong></span> <span class='ocrx_word' id='word_1_209' title='bbox 388 1517 521 1551; x_wconf 73' lang='lat' dir='ltr'><strong>przef&#39;ecit.</strong></span> <span class='ocrx_word' id='word_1_210' title='bbox 537 1519 656 1555; x_wconf 85' lang='lat' dir='ltr'><strong>Sapores</strong></span> <span class='ocrx_word' id='word_1_211' title='bbox 676 1530 740 1550; x_wconf 80' lang='lat' dir='ltr'><strong>vero</strong></span> <span class='ocrx_word' id='word_1_212' title='bbox 759 1523 887 1553; x_wconf 88' lang='lat' dir='ltr'><strong>llortnozi</strong></span> <span class='ocrx_word' id='word_1_213' title='bbox 907 1526 991 1561; x_wconf 82' lang='lat' dir='ltr'><strong>ﬁlius,</strong></span> 
     </span>
    </p>
   </div>
   <div class='ocr_carea' id='block_1_33' title="bbox 1051 282 1836 320">
    <p class='ocr_par' dir='ltr' id='par_1_33' title="bbox 1051 282 1836 320">
     <span class='ocr_line' id='line_1_33' title="bbox 1051 282 1836 320; baseline 0.009 -12"><span class='ocrx_word' id='word_1_214' title='bbox 1051 282 1150 309; x_wconf 82' lang='lat' dir='ltr'><strong>caedem</strong></span> <span class='ocrx_word' id='word_1_215' title='bbox 1169 284 1372 317; x_wconf 81' lang='lat' dir='ltr'><strong>conspirarant,</strong></span> <span class='ocrx_word' id='word_1_216' title='bbox 1395 293 1409 312; x_wconf 90' lang='lat' dir='ltr'><strong>e</strong></span> <span class='ocrx_word' id='word_1_217' title='bbox 1433 285 1522 312; x_wconf 85' lang='lat' dir='ltr'><strong>medio</strong></span> <span class='ocrx_word' id='word_1_218' title='bbox 1537 286 1660 318; x_wconf 82' lang='lat' dir='ltr'><strong>sustulit,</strong></span> <span class='ocrx_word' id='word_1_219' title='bbox 1688 285 1836 320; x_wconf 65' lang='lat' dir='ltr'><strong>Romaeque</strong></span> 
     </span>
    </p>
   </div>
   <div class='ocr_carea' id='block_1_34' title="bbox 1050 330 1835 366">
    <p class='ocr_par' dir='ltr' id='par_1_34' title="bbox 1050 330 1835 366">
     <span class='ocr_line' id='line_1_34' title="bbox 1050 330 1835 366; baseline 0.005 -11"><span class='ocrx_word' id='word_1_220' title='bbox 1050 330 1137 355; x_wconf 88' lang='lat' dir='ltr'><strong>virum</strong></span> <span class='ocrx_word' id='word_1_221' title='bbox 1161 330 1305 364; x_wconf 80' lang='lat' dir='ltr'><strong>quemdam</strong></span> <span class='ocrx_word' id='word_1_222' title='bbox 1325 330 1434 357; x_wconf 87' lang='lat' dir='ltr'><strong>nomine</strong></span> <span class='ocrx_word' id='word_1_223' title='bbox 1458 339 1507 358; x_wconf 90' lang='lat' dir='ltr'><strong>suo</strong></span> <span class='ocrx_word' id='word_1_224' title='bbox 1531 331 1661 366; x_wconf 65' lang='lat' dir='ltr'><strong>praefecit.</strong></span> <span class='ocrx_word' id='word_1_225' title='bbox 1686 332 1764 359; x_wconf 79' lang='lat' dir='ltr'><strong>Auno</strong></span> <span class='ocrx_word' id='word_1_226' title='bbox 1785 334 1835 359; x_wconf 87' lang='lat' dir='ltr'><strong>int-</strong></span> 
     </span>
    </p>
   </div>
   <div class='ocr_carea' id='block_1_35' title="bbox 1050 375 1834 412">
    <p class='ocr_par' dir='ltr' id='par_1_35' title="bbox 1050 375 1834 412">
     <span class='ocr_line' id='line_1_35' title="bbox 1050 375 1834 412; baseline 0.006 -13"><span class='ocrx_word' id='word_1_227' title='bbox 1050 375 1116 408; x_wconf 82' lang='lat' dir='ltr'><strong>pcrii</strong></span> <span class='ocrx_word' id='word_1_228' title='bbox 1132 375 1253 409; x_wconf 86' lang='lat' dir='ltr'><strong>ejusdem</strong></span> <span class='ocrx_word' id='word_1_229' title='bbox 1275 375 1402 410; x_wconf 87' lang='lat' dir='ltr'><strong>septimo,</strong></span> <span class='ocrx_word' id='word_1_230' title='bbox 1426 376 1513 404; x_wconf 85' lang='lat' dir='ltr'><strong>factus</strong></span> <span class='ocrx_word' id='word_1_231' title='bbox 1529 382 1570 404; x_wconf 88' lang='lat' dir='ltr'><strong>est</strong></span> <span class='ocrx_word' id='word_1_232' title='bbox 1595 377 1701 404; x_wconf 83' lang='lat' dir='ltr'><strong>Marcus</strong></span> <span class='ocrx_word' id='word_1_233' title='bbox 1719 378 1834 412; x_wconf 82' lang='lat' dir='ltr'><strong>patriar-</strong></span> 
     </span>
    </p>
   </div>
   <div class='ocr_carea' id='block_1_36' title="bbox 1050 420 1835 456">
    <p class='ocr_par' dir='ltr' id='par_1_36' title="bbox 1050 420 1835 456">
     <span class='ocr_line' id='line_1_36' title="bbox 1050 420 1835 456; baseline 0.005 -10"><span class='ocrx_word' id='word_1_234' title='bbox 1050 421 1098 447; x_wconf 88' lang='lat' dir='ltr'><strong>cha</strong></span> <span class='ocrx_word' id='word_1_235' title='bbox 1115 420 1263 453; x_wconf 83' lang='lat' dir='ltr'><strong>Romanus,</strong></span> <span class='ocrx_word' id='word_1_236' title='bbox 1285 422 1332 456; x_wconf 87' lang='lat' dir='ltr'><strong>qui</strong></span> <span class='ocrx_word' id='word_1_237' title='bbox 1350 429 1410 449; x_wconf 88' lang='lat' dir='ltr'><strong>cum</strong></span> <span class='ocrx_word' id='word_1_238' title='bbox 1427 430 1513 449; x_wconf 88' lang='lat' dir='ltr'><strong>attnos</strong></span> <span class='ocrx_word' id='word_1_239' title='bbox 1535 423 1603 449; x_wconf 90' lang='lat' dir='ltr'><strong>duos</strong></span> <span class='ocrx_word' id='word_1_240' title='bbox 1618 423 1745 456; x_wconf 68' lang='lat' dir='ltr'><strong>sedisset,</strong></span> <span class='ocrx_word' id='word_1_241' title='bbox 1762 432 1835 450; x_wconf 78' lang='lat' dir='ltr'><strong>mur-</strong></span> 
     </span>
    </p>
   </div>
   <div class='ocr_carea' id='block_1_37' title="bbox 1049 467 1835 504">
    <p class='ocr_par' dir='ltr' id='par_1_37' title="bbox 1049 467 1835 504">
     <span class='ocr_line' id='line_1_37' title="bbox 1049 467 1835 504; baseline 0.004 -12"><span class='ocrx_word' id='word_1_242' title='bbox 1049 471 1112 494; x_wconf 88' lang='lat' dir='ltr'><strong>tnus</strong></span> <span class='ocrx_word' id='word_1_243' title='bbox 1130 471 1181 494; x_wconf 87' lang='lat' dir='ltr'><strong>est.</strong></span> <span class='ocrx_word' id='word_1_244' title='bbox 1207 467 1285 494; x_wconf 87' lang='lat' dir='ltr'><strong>Auno</strong></span> <span class='ocrx_word' id='word_1_245' title='bbox 1305 468 1425 500; x_wconf 75' lang='lat' dir='ltr'><strong>ejusdem</strong></span> <span class='ocrx_word' id='word_1_246' title='bbox 1448 475 1521 494; x_wconf 91' lang='lat' dir='ltr'><strong>nono</strong></span> <span class='ocrx_word' id='word_1_247' title='bbox 1548 469 1714 495; x_wconf 82' lang='lat' dir='ltr'><strong>constitutus</strong></span> <span class='ocrx_word' id='word_1_248' title='bbox 1739 468 1835 504; x_wconf 58' lang='lat'><strong>@73-</strong></span> 
     </span>
    </p>
   </div>
   <div class='ocr_carea' id='block_1_38' title="bbox 1047 512 1837 548">
    <p class='ocr_par' dir='ltr' id='par_1_38' title="bbox 1047 512 1837 548">
     <span class='ocr_line' id='line_1_38' title="bbox 1047 512 1837 548; baseline -0.001 -9"><span class='ocrx_word' id='word_1_249' title='bbox 1047 512 1128 548; x_wconf 64' lang='grc'><strong>475</strong></span> <span class='ocrx_word' id='word_1_250' title='bbox 1153 517 1195 539; x_wconf 79' lang='lat' dir='ltr'><strong>est</strong></span> <span class='ocrx_word' id='word_1_251' title='bbox 1213 513 1304 540; x_wconf 85' lang='lat' dir='ltr'><strong>Julius</strong></span> <span class='ocrx_word' id='word_1_252' title='bbox 1333 513 1487 546; x_wconf 76' lang='lat' dir='ltr'><strong>patriarcha</strong></span> <span class='ocrx_word' id='word_1_253' title='bbox 1506 513 1655 544; x_wconf 75' lang='lat' dir='ltr'><strong>Romanus.</strong></span> <span class='ocrx_word' id='word_1_254' title='bbox 1689 514 1734 548; x_wconf 88' lang='lat' dir='ltr'><strong>qtti</strong></span> <span class='ocrx_word' id='word_1_255' title='bbox 1751 521 1837 540; x_wconf 71' lang='lat' dir='ltr'><strong>annos</strong></span> 
     </span>
    </p>
   </div>
   <div class='ocr_carea' id='block_1_39' title="bbox 1048 557 1832 593">
    <p class='ocr_par' dir='ltr' id='par_1_39' title="bbox 1048 557 1832 593">
     <span class='ocr_line' id='line_1_39' title="bbox 1048 557 1832 593; baseline 0 -10"><span class='ocrx_word' id='word_1_256' title='bbox 1048 557 1201 591; x_wconf 87' lang='lat' dir='ltr'><strong>quindecim</strong></span> <span class='ocrx_word' id='word_1_257' title='bbox 1220 557 1301 588; x_wconf 84' lang='lat' dir='ltr'><strong>sedit,</strong></span> <span class='ocrx_word' id='word_1_258' title='bbox 1325 558 1387 584; x_wconf 86' lang='lat' dir='ltr'><strong>dein</strong></span> <span class='ocrx_word' id='word_1_259' title='bbox 1405 562 1529 585; x_wconf 81' lang='lat' dir='ltr'><strong>mortuus</strong></span> <span class='ocrx_word' id='word_1_260' title='bbox 1540 562 1592 585; x_wconf 83' lang='lat' dir='ltr'><strong>est.</strong></span> <span class='ocrx_word' id='word_1_261' title='bbox 1612 558 1689 584; x_wconf 83' lang='lat' dir='ltr'><strong>Anno</strong></span> <span class='ocrx_word' id='word_1_262' title='bbox 1713 558 1832 593; x_wconf 79' lang='lat' dir='ltr'><strong>ejusdem</strong></span> 
     </span>
    </p>
   </div>
   <div class='ocr_carea' id='block_1_40' title="bbox 1048 603 1831 638">
    <p class='ocr_par' dir='ltr' id='par_1_40' title="bbox 1048 603 1831 638">
     <span class='ocr_line' id='line_1_40' title="bbox 1048 603 1831 638; baseline 0.001 -10"><span class='ocrx_word' id='word_1_263' title='bbox 1048 603 1176 630; x_wconf 81' lang='lat' dir='ltr'><strong>vicesimo</strong></span> <span class='ocrx_word' id='word_1_264' title='bbox 1203 609 1300 637; x_wconf 86' lang='lat' dir='ltr'><strong>quarto</strong></span> <span class='ocrx_word' id='word_1_265' title='bbox 1327 604 1494 631; x_wconf 81' lang='lat' dir='ltr'><strong>constitutus</strong></span> <span class='ocrx_word' id='word_1_266' title='bbox 1522 603 1650 630; x_wconf 85' lang='lat' dir='ltr'><strong>Linarius</strong></span> <span class='ocrx_word' id='word_1_267' title='bbox 1675 603 1831 638; x_wconf 76' lang='lat' dir='ltr'><strong>patriarcha</strong></span> 
     </span>
    </p>
   </div>
   <div class='ocr_carea' id='block_1_41' title="bbox 1048 648 1833 682">
    <p class='ocr_par' dir='ltr' id='par_1_41' title="bbox 1048 648 1833 682">
     <span class='ocr_line' id='line_1_41' title="bbox 1048 648 1833 682; baseline 0 -7"><span class='ocrx_word' id='word_1_268' title='bbox 1048 648 1196 681; x_wconf 84' lang='lat' dir='ltr'><strong>Romanus,</strong></span> <span class='ocrx_word' id='word_1_269' title='bbox 1214 657 1261 676; x_wconf 78' lang='lat' dir='ltr'><strong>sex</strong></span> <span class='ocrx_word' id='word_1_270' title='bbox 1285 656 1371 677; x_wconf 90' lang='lat' dir='ltr'><strong>annos</strong></span> <span class='ocrx_word' id='word_1_271' title='bbox 1384 649 1464 682; x_wconf 85' lang='lat' dir='ltr'><strong>scdit,</strong></span> <span class='ocrx_word' id='word_1_272' title='bbox 1476 649 1538 676; x_wconf 88' lang='lat' dir='ltr'><strong>dein</strong></span> <span class='ocrx_word' id='word_1_273' title='bbox 1555 653 1678 676; x_wconf 86' lang='lat' dir='ltr'><strong>mortuus</strong></span> <span class='ocrx_word' id='word_1_274' title='bbox 1692 653 1745 676; x_wconf 89' lang='lat' dir='ltr'><strong>est.</strong></span> <span class='ocrx_word' id='word_1_275' title='bbox 1755 649 1833 675; x_wconf 82' lang='lat' dir='ltr'><strong>Anno</strong></span> 
     </span>
    </p>
   </div>
   <div class='ocr_carea' id='block_1_42' title="bbox 1046 694 1832 730">
    <p class='ocr_par' dir='ltr' id='par_1_42' title="bbox 1046 694 1832 730">
     <span class='ocr_line' id='line_1_42' title="bbox 1046 694 1832 730; baseline 0 -9"><span class='ocrx_word' id='word_1_276' title='bbox 1046 695 1152 730; x_wconf 86' lang='lat' dir='ltr'><strong>imperii</strong></span> <span class='ocrx_word' id='word_1_277' title='bbox 1167 695 1225 729; x_wconf 86' lang='lat' dir='ltr'><strong>ejus</strong></span> <span class='ocrx_word' id='word_1_278' title='bbox 1243 695 1374 722; x_wconf 83' lang='lat' dir='ltr'><strong>vicesimo</strong></span> <span class='ocrx_word' id='word_1_279' title='bbox 1393 695 1560 722; x_wconf 87' lang='lat' dir='ltr'><strong>constitutus</strong></span> <span class='ocrx_word' id='word_1_280' title='bbox 1585 698 1626 722; x_wconf 88' lang='lat' dir='ltr'><strong>est</strong></span> <span class='ocrx_word' id='word_1_281' title='bbox 1641 694 1761 730; x_wconf 88' lang='lat' dir='ltr'><strong>Cyrillns</strong></span> <span class='ocrx_word' id='word_1_282' title='bbox 1774 695 1832 729; x_wconf 85' lang='lat' dir='ltr'><strong>epi-</strong></span> 
     </span>
    </p>
   </div>
   <div class='ocr_carea' id='block_1_43' title="bbox 1045 740 1831 775">
    <p class='ocr_par' dir='ltr' id='par_1_43' title="bbox 1045 740 1831 775">
     <span class='ocr_line' id='line_1_43' title="bbox 1045 740 1831 775; baseline -0.003 -7"><span class='ocrx_word' id='word_1_283' title='bbox 1045 748 1144 775; x_wconf 88' lang='lat' dir='ltr'><strong>scopus</strong></span> <span class='ocrx_word' id='word_1_284' title='bbox 1160 741 1433 775; x_wconf 82' lang='lat' dir='ltr'><strong>llierosolymitanus,</strong></span> <span class='ocrx_word' id='word_1_285' title='bbox 1447 741 1493 767; x_wconf 90' lang='lat' dir='ltr'><strong>ttbi</strong></span> <span class='ocrx_word' id='word_1_286' title='bbox 1509 747 1571 768; x_wconf 86' lang='lat' dir='ltr'><strong>cum</strong></span> <span class='ocrx_word' id='word_1_287' title='bbox 1600 748 1688 767; x_wconf 86' lang='lat' dir='ltr'><strong>annos</strong></span> <span class='ocrx_word' id='word_1_288' title='bbox 1709 740 1831 775; x_wconf 86' lang='lat' dir='ltr'><strong>quinque</strong></span> 
     </span>
    </p>
   </div>
   <div class='ocr_carea' id='block_1_44' title="bbox 1044 786 1833 822">
    <p class='ocr_par' dir='ltr' id='par_1_44' title="bbox 1044 786 1833 822">
     <span class='ocr_line' id='line_1_44' title="bbox 1044 786 1833 822; baseline -0.004 -8"><span class='ocrx_word' id='word_1_289' title='bbox 1044 788 1171 818; x_wconf 81' lang='lat' dir='ltr'><strong>sedisset.</strong></span> <span class='ocrx_word' id='word_1_290' title='bbox 1193 787 1272 821; x_wconf 80' lang='lat' dir='ltr'><strong>fugit.</strong></span> <span class='ocrx_word' id='word_1_291' title='bbox 1295 787 1333 814; x_wconf 86' lang='lat' dir='ltr'><strong>Eo</strong></span> <span class='ocrx_word' id='word_1_292' title='bbox 1352 791 1474 821; x_wconf 88' lang='lat' dir='ltr'><strong>tempore</strong></span> <span class='ocrx_word' id='word_1_293' title='bbox 1495 787 1650 822; x_wconf 78' lang='lat' dir='ltr'><strong>congregati</strong></span> <span class='ocrx_word' id='word_1_294' title='bbox 1677 786 1734 812; x_wconf 86' lang='lat' dir='ltr'><strong>Arii</strong></span> <span class='ocrx_word' id='word_1_295' title='bbox 1758 793 1833 812; x_wconf 82' lang='lat' dir='ltr'><strong>asse-</strong></span> 
     </span>
    </p>
   </div>
   <div class='ocr_carea' id='block_1_45' title="bbox 1044 831 1828 867">
    <p class='ocr_par' dir='ltr' id='par_1_45' title="bbox 1044 831 1828 867">
     <span class='ocr_line' id='line_1_45' title="bbox 1044 831 1828 867; baseline -0.003 -9"><span class='ocrx_word' id='word_1_296' title='bbox 1044 834 1101 865; x_wconf 69' lang='lat' dir='ltr'><strong>clm,</strong></span> <span class='ocrx_word' id='word_1_297' title='bbox 1118 841 1180 860; x_wconf 90' lang='lat' dir='ltr'><strong>cttut</strong></span> <span class='ocrx_word' id='word_1_298' title='bbox 1200 833 1328 860; x_wconf 85' lang='lat' dir='ltr'><strong>omnibus</strong></span> <span class='ocrx_word' id='word_1_299' title='bbox 1343 833 1404 866; x_wconf 90' lang='lat' dir='ltr'><strong>ejus</strong></span> <span class='ocrx_word' id='word_1_300' title='bbox 1418 833 1583 860; x_wconf 85' lang='lat' dir='ltr'><strong>sententiam</strong></span> <span class='ocrx_word' id='word_1_301' title='bbox 1600 831 1742 867; x_wconf 84' lang='lat' dir='ltr'><strong>amplexis.</strong></span> <span class='ocrx_word' id='word_1_302' title='bbox 1759 831 1828 863; x_wconf 87' lang='lat' dir='ltr'><strong>apud</strong></span> 
     </span>
    </p>
   </div>
   <div class='ocr_carea' id='block_1_46' title="bbox 1044 877 1829 912">
    <p class='ocr_par' dir='ltr' id='par_1_46' title="bbox 1044 877 1829 912">
     <span class='ocr_line' id='line_1_46' title="bbox 1044 877 1829 912; baseline -0.001 -8"><span class='ocrx_word' id='word_1_303' title='bbox 1044 879 1235 912; x_wconf 68' lang='lat' dir='ltr'><strong>imperatorem</strong></span> <span class='ocrx_word' id='word_1_304' title='bbox 1269 878 1470 910; x_wconf 81' lang='lat' dir='ltr'><strong>Constantium,</strong></span> <span class='ocrx_word' id='word_1_305' title='bbox 1511 878 1544 905; x_wconf 92' lang='lat' dir='ltr'><strong>de</strong></span> <span class='ocrx_word' id='word_1_306' title='bbox 1574 877 1625 905; x_wconf 87' lang='lat' dir='ltr'><strong>fide</strong></span> <span class='ocrx_word' id='word_1_307' title='bbox 1649 881 1676 904; x_wconf 89' lang='lat' dir='ltr'><strong>et</strong></span> <span class='ocrx_word' id='word_1_308' title='bbox 1696 877 1829 904; x_wconf 71' lang='lat' dir='ltr'><strong>sententia</strong></span> 
     </span>
    </p>
   </div>
   <div class='ocr_carea' id='block_1_47' title="bbox 1043 923 1828 959">
    <p class='ocr_par' dir='ltr' id='par_1_47' title="bbox 1043 923 1828 959">
     <span class='ocr_line' id='line_1_47' title="bbox 1043 923 1828 959; baseline -0.005 -8"><span class='ocrx_word' id='word_1_309' title='bbox 1043 932 1090 951; x_wconf 83' lang='lat' dir='ltr'><strong>sua</strong></span> <span class='ocrx_word' id='word_1_310' title='bbox 1103 925 1203 959; x_wconf 88' lang='lat' dir='ltr'><strong>optima</strong></span> <span class='ocrx_word' id='word_1_311' title='bbox 1218 931 1334 959; x_wconf 72' lang='lat' dir='ltr'><strong>qumque</strong></span> <span class='ocrx_word' id='word_1_312' title='bbox 1349 923 1540 958; x_wconf 62' lang='lat' dir='ltr'><strong>praedicantes,</strong></span> <span class='ocrx_word' id='word_1_313' title='bbox 1566 927 1701 950; x_wconf 75' lang='lat' dir='ltr'><strong>trecentos</strong></span> <span class='ocrx_word' id='word_1_314' title='bbox 1715 928 1742 950; x_wconf 89' lang='lat' dir='ltr'><strong>et</strong></span> <span class='ocrx_word' id='word_1_315' title='bbox 1754 927 1828 949; x_wconf 79' lang='lat' dir='ltr'><strong>orto-</strong></span> 
     </span>
    </p>
   </div>
   <div class='ocr_carea' id='block_1_48' title="bbox 1042 969 1828 1004">
    <p class='ocr_par' dir='ltr' id='par_1_48' title="bbox 1042 969 1828 1004">
     <span class='ocr_line' id='line_1_48' title="bbox 1042 969 1828 1004; baseline 0 -8"><span class='ocrx_word' id='word_1_316' title='bbox 1042 969 1128 996; x_wconf 77' lang='lat' dir='ltr'><strong>deciut</strong></span> <span class='ocrx_word' id='word_1_317' title='bbox 1153 970 1215 997; x_wconf 89' lang='lat' dir='ltr'><strong>illos</strong></span> <span class='ocrx_word' id='word_1_318' title='bbox 1239 970 1284 1004; x_wconf 88' lang='lat' dir='ltr'><strong>qui</strong></span> <span class='ocrx_word' id='word_1_319' title='bbox 1307 969 1404 996; x_wconf 66' lang='lat' dir='ltr'><strong>Nicaeae</strong></span> <span class='ocrx_word' id='word_1_320' title='bbox 1424 973 1620 1002; x_wconf 79' lang='lat' dir='ltr'><strong>convenerant,</strong></span> <span class='ocrx_word' id='word_1_321' title='bbox 1642 977 1757 998; x_wconf 80' lang='lat' dir='ltr'><strong>errasse.</strong></span> <span class='ocrx_word' id='word_1_322' title='bbox 1773 975 1796 994; x_wconf 86' lang='lat' dir='ltr'><strong>et</strong></span> <span class='ocrx_word' id='word_1_323' title='bbox 1815 977 1828 996; x_wconf 88' lang='lat' dir='ltr'><strong>a</strong></span> 
     </span>
    </p>
   </div>
   <div class='ocr_carea' id='block_1_49' title="bbox 1041 1014 1829 1046">
    <p class='ocr_par' dir='ltr' id='par_1_49' title="bbox 1041 1014 1829 1046">
     <span class='ocr_line' id='line_1_49' title="bbox 1041 1014 1829 1046; baseline 0 -5"><span class='ocrx_word' id='word_1_324' title='bbox 1041 1023 1105 1042; x_wconf 86' lang='lat' dir='ltr'><strong>vero</strong></span> <span class='ocrx_word' id='word_1_325' title='bbox 1128 1016 1153 1042; x_wconf 92' lang='lat' dir='ltr'><strong>in</strong></span> <span class='ocrx_word' id='word_1_326' title='bbox 1175 1014 1311 1043; x_wconf 85' lang='lat' dir='ltr'><strong>sententia</strong></span> <span class='ocrx_word' id='word_1_327' title='bbox 1336 1022 1384 1042; x_wconf 86' lang='lat' dir='ltr'><strong>sua</strong></span> <span class='ocrx_word' id='word_1_328' title='bbox 1399 1015 1537 1046; x_wconf 78' lang='lat' dir='ltr'><strong>deviasse,</strong></span> <span class='ocrx_word' id='word_1_329' title='bbox 1552 1015 1616 1041; x_wconf 87' lang='lat' dir='ltr'><strong>dant</strong></span> <span class='ocrx_word' id='word_1_330' title='bbox 1639 1014 1738 1041; x_wconf 82' lang='lat' dir='ltr'><strong>Filium</strong></span> <span class='ocrx_word' id='word_1_331' title='bbox 1756 1015 1829 1046; x_wconf 68' lang='lat' dir='ltr'><strong>ejus-</strong></span> 
     </span>
    </p>
   </div>
   <div class='ocr_carea' id='block_1_50' title="bbox 1040 1060 1826 1092">
    <p class='ocr_par' dir='ltr' id='par_1_50' title="bbox 1040 1060 1826 1092">
     <span class='ocr_line' id='line_1_50' title="bbox 1040 1060 1826 1092; baseline 0.001 -6"><span class='ocrx_word' id='word_1_332' title='bbox 1040 1062 1100 1088; x_wconf 89' lang='lat' dir='ltr'><strong>dem</strong></span> <span class='ocrx_word' id='word_1_333' title='bbox 1115 1068 1175 1088; x_wconf 86' lang='lat' dir='ltr'><strong>esse</strong></span> <span class='ocrx_word' id='word_1_334' title='bbox 1199 1061 1359 1088; x_wconf 57' lang='lat' dir='ltr'><strong>substantiae</strong></span> <span class='ocrx_word' id='word_1_335' title='bbox 1376 1068 1436 1089; x_wconf 86' lang='lat' dir='ltr'><strong>cum</strong></span> <span class='ocrx_word' id='word_1_336' title='bbox 1466 1060 1545 1087; x_wconf 83' lang='lat' dir='ltr'><strong>Patre</strong></span> <span class='ocrx_word' id='word_1_337' title='bbox 1572 1064 1739 1092; x_wconf 87' lang='lat' dir='ltr'><strong>assererettl,</strong></span> <span class='ocrx_word' id='word_1_338' title='bbox 1753 1060 1826 1087; x_wconf 76' lang='lat' dir='ltr'><strong>dixe-</strong></span> 
     </span>
    </p>
   </div>
   <div class='ocr_carea' id='block_1_51' title="bbox 1041 1106 1828 1141">
    <p class='ocr_par' dir='ltr' id='par_1_51' title="bbox 1041 1106 1828 1141">
     <span class='ocr_line' id='line_1_51' title="bbox 1041 1106 1828 1141; baseline -0.001 -7"><span class='ocrx_word' id='word_1_339' title='bbox 1041 1112 1126 1134; x_wconf 89' lang='lat' dir='ltr'><strong>runt:</strong></span> <span class='ocrx_word' id='word_1_340' title='bbox 1146 1106 1224 1135; x_wconf 85' lang='lat' dir='ltr'><strong>Vetes</strong></span> <span class='ocrx_word' id='word_1_341' title='bbox 1234 1114 1297 1141; x_wconf 70' lang='lat' dir='ltr'><strong>ergo</strong></span> <span class='ocrx_word' id='word_1_342' title='bbox 1316 1106 1466 1141; x_wconf 90' lang='lat' dir='ltr'><strong>(inquiunt)</strong></span> <span class='ocrx_word' id='word_1_343' title='bbox 1492 1107 1544 1133; x_wconf 86' lang='lat' dir='ltr'><strong>hoc</strong></span> <span class='ocrx_word' id='word_1_344' title='bbox 1569 1106 1634 1138; x_wconf 80' lang='lat' dir='ltr'><strong>dici.</strong></span> <span class='ocrx_word' id='word_1_345' title='bbox 1659 1113 1722 1133; x_wconf 88' lang='lat' dir='ltr'><strong>eum</strong></span> <span class='ocrx_word' id='word_1_346' title='bbox 1750 1114 1828 1133; x_wconf 79' lang='lat' dir='ltr'><strong>error</strong></span> 
     </span>
    </p>
   </div>
   <div class='ocr_carea' id='block_1_52' title="bbox 1038 1152 1824 1188">
    <p class='ocr_par' dir='ltr' id='par_1_52' title="bbox 1038 1152 1824 1188">
     <span class='ocr_line' id='line_1_52' title="bbox 1038 1152 1824 1188; baseline -0.004 -8"><span class='ocrx_word' id='word_1_347' title='bbox 1038 1153 1090 1185; x_wconf 87' lang='lat' dir='ltr'><strong>sit;</strong></span> <span class='ocrx_word' id='word_1_348' title='bbox 1109 1153 1181 1188; x_wconf 86' lang='lat' dir='ltr'><strong>quod</strong></span> <span class='ocrx_word' id='word_1_349' title='bbox 1209 1157 1236 1180; x_wconf 89' lang='lat' dir='ltr'><strong>et</strong></span> <span class='ocrx_word' id='word_1_350' title='bbox 1262 1153 1351 1180; x_wconf 82' lang='lat' dir='ltr'><strong>facere</strong></span> <span class='ocrx_word' id='word_1_351' title='bbox 1374 1152 1472 1180; x_wconf 86' lang='lat' dir='ltr'><strong>statuit</strong></span> <span class='ocrx_word' id='word_1_352' title='bbox 1491 1152 1652 1187; x_wconf 77' lang='lat' dir='ltr'><strong>imperator.</strong></span> <span class='ocrx_word' id='word_1_353' title='bbox 1679 1152 1718 1178; x_wconf 83' lang='lat' dir='ltr'><strong>Eo</strong></span> <span class='ocrx_word' id='word_1_354' title='bbox 1735 1157 1824 1179; x_wconf 86' lang='lat' dir='ltr'><strong>autem</strong></span> 
     </span>
    </p>
   </div>
   <div class='ocr_carea' id='block_1_53' title="bbox 1040 1197 1824 1234">
    <p class='ocr_par' dir='ltr' id='par_1_53' title="bbox 1040 1197 1824 1234">
     <span class='ocr_line' id='line_1_53' title="bbox 1040 1197 1824 1234; baseline -0.003 -9"><span class='ocrx_word' id='word_1_355' title='bbox 1040 1203 1160 1232; x_wconf 76' lang='lat' dir='ltr'><strong>te-pore</strong></span> <span class='ocrx_word' id='word_1_356' title='bbox 1184 1205 1266 1232; x_wconf 84' lang='lat' dir='ltr'><strong>super</strong></span> <span class='ocrx_word' id='word_1_357' title='bbox 1292 1199 1378 1225; x_wconf 89' lang='lat' dir='ltr'><strong>cranii</strong></span> <span class='ocrx_word' id='word_1_358' title='bbox 1405 1197 1502 1234; x_wconf 77' lang='lat' dir='ltr'><strong>[loco,]</strong></span> <span class='ocrx_word' id='word_1_359' title='bbox 1529 1198 1576 1232; x_wconf 89' lang='lat' dir='ltr'><strong>qtti</strong></span> <span class='ocrx_word' id='word_1_360' title='bbox 1604 1202 1647 1224; x_wconf 89' lang='lat' dir='ltr'><strong>est</strong></span> <span class='ocrx_word' id='word_1_361' title='bbox 1679 1197 1824 1229; x_wconf 63' lang='lat' dir='ltr'><strong>Golgotha,</strong></span> 
     </span>
    </p>
   </div>
   <div class='ocr_carea' id='block_1_54' title="bbox 1038 1243 1823 1277">
    <p class='ocr_par' dir='ltr' id='par_1_54' title="bbox 1038 1243 1823 1277">
     <span class='ocr_line' id='line_1_54' title="bbox 1038 1243 1823 1277; baseline -0.001 -7"><span class='ocrx_word' id='word_1_362' title='bbox 1038 1244 1126 1271; x_wconf 88' lang='lat' dir='ltr'><strong>tnedio</strong></span> <span class='ocrx_word' id='word_1_363' title='bbox 1141 1243 1186 1271; x_wconf 86' lang='lat' dir='ltr'><strong>die</strong></span> <span class='ocrx_word' id='word_1_364' title='bbox 1211 1243 1338 1277; x_wconf 82' lang='lat' dir='ltr'><strong>apparuit</strong></span> <span class='ocrx_word' id='word_1_365' title='bbox 1360 1251 1426 1270; x_wconf 79' lang='lat' dir='ltr'><strong>crux</strong></span> <span class='ocrx_word' id='word_1_366' title='bbox 1449 1251 1464 1270; x_wconf 92' lang='lat' dir='ltr'><strong>e</strong></span> <span class='ocrx_word' id='word_1_367' title='bbox 1488 1243 1562 1274; x_wconf 84' lang='lat' dir='ltr'><strong>luce,</strong></span> <span class='ocrx_word' id='word_1_368' title='bbox 1585 1250 1599 1269; x_wconf 88' lang='lat' dir='ltr'><strong>a</strong></span> <span class='ocrx_word' id='word_1_369' title='bbox 1626 1247 1698 1270; x_wconf 82' lang='lat' dir='ltr'><strong>terra</strong></span> <span class='ocrx_word' id='word_1_370' title='bbox 1723 1243 1823 1270; x_wconf 73' lang='lat' dir='ltr'><strong>cmlnut</strong></span> 
     </span>
    </p>
   </div>
   <div class='ocr_carea' id='block_1_55' title="bbox 1037 1288 1827 1324">
    <p class='ocr_par' dir='ltr' id='par_1_55' title="bbox 1037 1288 1827 1324">
     <span class='ocr_line' id='line_1_55' title="bbox 1037 1288 1827 1324; baseline -0.001 -9"><span class='ocrx_word' id='word_1_371' title='bbox 1037 1297 1123 1324; x_wconf 88' lang='lat' dir='ltr'><strong>ttsqtte</strong></span> <span class='ocrx_word' id='word_1_372' title='bbox 1148 1290 1304 1324; x_wconf 79' lang='lat' dir='ltr'><strong>pertingens</strong></span> <span class='ocrx_word' id='word_1_373' title='bbox 1328 1293 1354 1315; x_wconf 84' lang='lat' dir='ltr'><strong>et</strong></span> <span class='ocrx_word' id='word_1_374' title='bbox 1386 1289 1419 1315; x_wconf 81' lang='lat' dir='ltr'><strong>ad</strong></span> <span class='ocrx_word' id='word_1_375' title='bbox 1448 1292 1569 1315; x_wconf 78' lang='lat' dir='ltr'><strong>nitentem</strong></span> <span class='ocrx_word' id='word_1_376' title='bbox 1597 1288 1735 1315; x_wconf 83' lang='lat' dir='ltr'><strong>Olivarnm</strong></span> <span class='ocrx_word' id='word_1_377' title='bbox 1765 1297 1827 1322; x_wconf 87' lang='lat' dir='ltr'><strong>pro-</strong></span> 
     </span>
    </p>
   </div>
   <div class='ocr_carea' id='block_1_56' title="bbox 1037 1334 1824 1369">
    <p class='ocr_par' dir='ltr' id='par_1_56' title="bbox 1037 1334 1824 1369">
     <span class='ocr_line' id='line_1_56' title="bbox 1037 1334 1824 1369; baseline -0.001 -8"><span class='ocrx_word' id='word_1_378' title='bbox 1037 1339 1124 1367; x_wconf 87' lang='lat' dir='ltr'><strong>tcnsa,</strong></span> <span class='ocrx_word' id='word_1_379' title='bbox 1142 1335 1221 1369; x_wconf 82' lang='lat' dir='ltr'><strong>cujus</strong></span> <span class='ocrx_word' id='word_1_380' title='bbox 1232 1335 1301 1362; x_wconf 81' lang='lat' dir='ltr'><strong>lucis</strong></span> <span class='ocrx_word' id='word_1_381' title='bbox 1315 1334 1462 1369; x_wconf 83' lang='lat' dir='ltr'><strong>splendore</strong></span> <span class='ocrx_word' id='word_1_382' title='bbox 1475 1334 1609 1361; x_wconf 84' lang='lat' dir='ltr'><strong>occultata</strong></span> <span class='ocrx_word' id='word_1_383' title='bbox 1625 1339 1666 1361; x_wconf 90' lang='lat' dir='ltr'><strong>est</strong></span> <span class='ocrx_word' id='word_1_384' title='bbox 1686 1334 1732 1361; x_wconf 59' lang='lat' dir='ltr'><strong>lus</strong></span> <span class='ocrx_word' id='word_1_385' title='bbox 1747 1334 1824 1361; x_wconf 87' lang='lat' dir='ltr'><strong>solis.</strong></span> 
     </span>
    </p>
   </div>
   <div class='ocr_carea' id='block_1_57' title="bbox 1037 1379 1823 1415">
    <p class='ocr_par' dir='ltr' id='par_1_57' title="bbox 1037 1379 1823 1415">
     <span class='ocr_line' id='line_1_57' title="bbox 1037 1379 1823 1415; baseline -0.003 -8"><span class='ocrx_word' id='word_1_386' title='bbox 1037 1380 1100 1407; x_wconf 82' lang='lat' dir='ltr'><strong>Eam</strong></span> <span class='ocrx_word' id='word_1_387' title='bbox 1115 1388 1224 1411; x_wconf 85' lang='lat' dir='ltr'><strong>omnes.</strong></span> <span class='ocrx_word' id='word_1_388' title='bbox 1242 1380 1288 1415; x_wconf 85' lang='lat' dir='ltr'><strong>qui</strong></span> <span class='ocrx_word' id='word_1_389' title='bbox 1307 1381 1333 1407; x_wconf 94' lang='lat' dir='ltr'><strong>in</strong></span> <span class='ocrx_word' id='word_1_390' title='bbox 1353 1381 1419 1407; x_wconf 88' lang='lat' dir='ltr'><strong>urbe</strong></span> <span class='ocrx_word' id='word_1_391' title='bbox 1434 1379 1680 1415; x_wconf 73' lang='lat' dir='ltr'><strong>Hierosolymitana</strong></span> <span class='ocrx_word' id='word_1_392' title='bbox 1699 1380 1823 1410; x_wconf 83' lang='lat' dir='ltr'><strong>aderant.</strong></span> 
     </span>
    </p>
   </div>
   <div class='ocr_carea' id='block_1_58' title="bbox 1036 1425 1823 1459">
    <p class='ocr_par' dir='ltr' id='par_1_58' title="bbox 1036 1425 1823 1459">
     <span class='ocr_line' id='line_1_58' title="bbox 1036 1425 1823 1459; baseline 0.001 -8"><span class='ocrx_word' id='word_1_393' title='bbox 1036 1430 1090 1452; x_wconf 87' lang='lat' dir='ltr'><strong>tattt</strong></span> <span class='ocrx_word' id='word_1_394' title='bbox 1115 1425 1206 1458; x_wconf 70' lang='lat' dir='ltr'><strong>magni</strong></span> <span class='ocrx_word' id='word_1_395' title='bbox 1231 1433 1313 1458; x_wconf 83' lang='lat' dir='ltr'><strong>quam</strong></span> <span class='ocrx_word' id='word_1_396' title='bbox 1346 1426 1420 1459; x_wconf 87' lang='lat' dir='ltr'><strong>parvi</strong></span> <span class='ocrx_word' id='word_1_397' title='bbox 1450 1429 1664 1459; x_wconf 85' lang='lat' dir='ltr'><strong>conspexerunt,</strong></span> <span class='ocrx_word' id='word_1_398' title='bbox 1690 1430 1823 1459; x_wconf 73' lang='lat' dir='ltr'><strong>pnescute</strong></span> 
     </span>
    </p>
   </div>
   <div class='ocr_carea' id='block_1_59' title="bbox 1035 1469 1823 1505">
    <p class='ocr_par' dir='ltr' id='par_1_59' title="bbox 1035 1469 1823 1505">
     <span class='ocr_line' id='line_1_59' title="bbox 1035 1469 1823 1505; baseline -0.001 -7"><span class='ocrx_word' id='word_1_399' title='bbox 1035 1470 1116 1498; x_wconf 87' lang='lat' dir='ltr'><strong>etiant</strong></span> <span class='ocrx_word' id='word_1_400' title='bbox 1132 1469 1233 1505; x_wconf 88' lang='lat' dir='ltr'><strong>Cyrillo</strong></span> <span class='ocrx_word' id='word_1_401' title='bbox 1249 1470 1381 1505; x_wconf 85' lang='lat' dir='ltr'><strong>episcopo</strong></span> <span class='ocrx_word' id='word_1_402' title='bbox 1407 1470 1675 1505; x_wconf 82' lang='lat' dir='ltr'><strong>llierosolymitano;</strong></span> <span class='ocrx_word' id='word_1_403' title='bbox 1696 1470 1741 1504; x_wconf 93' lang='lat' dir='ltr'><strong>qui</strong></span> <span class='ocrx_word' id='word_1_404' title='bbox 1757 1478 1823 1505; x_wconf 74' lang='lat' dir='ltr'><strong>ergo</strong></span> 
     </span>
    </p>
   </div>
   <div class='ocr_carea' id='block_1_60' title="bbox 1036 1515 1820 1550">
    <p class='ocr_par' dir='ltr' id='par_1_60' title="bbox 1036 1515 1820 1550">
     <span class='ocr_line' id='line_1_60' title="bbox 1036 1515 1820 1550; baseline -0.001 -8"><span class='ocrx_word' id='word_1_405' title='bbox 1036 1516 1135 1543; x_wconf 87' lang='lat' dir='ltr'><strong>litteris</strong></span> <span class='ocrx_word' id='word_1_406' title='bbox 1149 1515 1241 1543; x_wconf 87' lang='lat' dir='ltr'><strong>statim</strong></span> <span class='ocrx_word' id='word_1_407' title='bbox 1257 1515 1367 1550; x_wconf 86' lang='lat' dir='ltr'><strong>scriptis</strong></span> <span class='ocrx_word' id='word_1_408' title='bbox 1394 1516 1587 1549; x_wconf 86' lang='lat' dir='ltr'><strong>imperatorem</strong></span> <span class='ocrx_word' id='word_1_409' title='bbox 1613 1516 1650 1542; x_wconf 89' lang='lat' dir='ltr'><strong>rei</strong></span> <span class='ocrx_word' id='word_1_410' title='bbox 1678 1516 1820 1543; x_wconf 68' lang='lat' dir='ltr'><strong>certiore-tt</strong></span> 
     </span>
    </p>
   </div>
   <div class='ocr_carea' id='block_1_61' title="bbox 200 1559 1821 1603">
    <p class='ocr_par' dir='ltr' id='par_1_61' title="bbox 200 1559 1821 1603">
     <span class='ocr_line' id='line_1_61' title="bbox 200 1559 1821 1603; baseline 0.009 -17"><span class='ocrx_word' id='word_1_411' title='bbox 200 1559 347 1588; x_wconf 78' lang='lat' dir='ltr'><strong>Persarum</strong></span> <span class='ocrx_word' id='word_1_412' title='bbox 358 1564 516 1595; x_wconf 87' lang='lat' dir='ltr'><strong>rex,urbetn</strong></span> <span class='ocrx_word' id='word_1_413' title='bbox 526 1559 1018 1603; x_wconf 74' lang='lat' dir='ltr'><strong>Susisexstructatn,Choat-Saburc</strong></span> <span class='ocrx_word' id='word_1_414' title='bbox 1035 1560 1149 1593; x_wconf 46' lang='lat' dir='ltr'><strong>meumst</strong></span> <span class='ocrx_word' id='word_1_415' title='bbox 1162 1560 1230 1587; x_wconf 62' lang='lat' dir='ltr'><strong>dim</strong></span> <span class='ocrx_word' id='word_1_416' title='bbox 1244 1568 1250 1587; x_wconf 71' lang='grc'><strong><em>³</em></strong></span> <span class='ocrx_word' id='word_1_417' title='bbox 1266 1559 1326 1587; x_wconf 76' lang='lat' dir='ltr'><strong>sub</strong></span> <span class='ocrx_word' id='word_1_418' title='bbox 1347 1564 1424 1595; x_wconf 63' lang='grc' dir='ltr'><strong>Ρτητθ</strong></span> <span class='ocrx_word' id='word_1_419' title='bbox 1443 1565 1501 1593; x_wconf 67' lang='lat'><strong>“‘0’</strong></span> <span class='ocrx_word' id='word_1_420' title='bbox 1518 1560 1606 1588; x_wconf 53' lang='lat' dir='ltr'><strong>beam</strong></span> <span class='ocrx_word' id='word_1_421' title='bbox 1619 1561 1756 1588; x_wconf 46' lang='lat' dir='ltr'><strong>memoria</strong></span> <span class='ocrx_word' id='word_1_422' title='bbox 1772 1562 1821 1587; x_wconf 69' lang='lat' dir='ltr'><strong>i&quot;&quot;</strong></span> 
     </span>
    </p>
   </div>
   <div class='ocr_carea' id='block_1_62' title="bbox 197 1607 989 1652">
    <p class='ocr_par' dir='ltr' id='par_1_62' title="bbox 197 1607 989 1652">
     <span class='ocr_line' id='line_1_62' title="bbox 197 1607 989 1652; baseline 0.02 -21"><span class='ocrx_word' id='word_1_423' title='bbox 197 1607 358 1652; x_wconf 83' lang='lat' dir='ltr'><strong>appellavit,</strong></span> <span class='ocrx_word' id='word_1_424' title='bbox 375 1609 458 1636; x_wconf 86' lang='lat' dir='ltr'><strong>aliam</strong></span> <span class='ocrx_word' id='word_1_425' title='bbox 474 1611 500 1637; x_wconf 88' lang='lat' dir='ltr'><strong>itt</strong></span> <span class='ocrx_word' id='word_1_426' title='bbox 518 1612 628 1646; x_wconf 69' lang='lat' dir='ltr'><strong>regione</strong></span> <span class='ocrx_word' id='word_1_427' title='bbox 642 1613 753 1648; x_wconf 80' lang='lat' dir='ltr'><strong>Sawad,‘</strong></span> <span class='ocrx_word' id='word_1_428' title='bbox 767 1616 989 1652; x_wconf 82' lang='lat' dir='ltr'><strong>Phiruz—Sabur;</strong></span> 
     </span>
    </p>
   </div>
   <div class='ocr_carea' id='block_1_63' title="bbox 198 1651 990 1697">
    <p class='ocr_par' dir='ltr' id='par_1_63' title="bbox 198 1651 990 1697">
     <span class='ocr_line' id='line_1_63' title="bbox 198 1651 990 1697; baseline 0.023 -21"><span class='ocrx_word' id='word_1_429' title='bbox 198 1651 284 1678; x_wconf 83' lang='lat' dir='ltr'><strong>urbes</strong></span> <span class='ocrx_word' id='word_1_430' title='bbox 305 1653 388 1697; x_wconf 74' lang='lat' dir='ltr'><strong>etiam</strong></span> <span class='ocrx_word' id='word_1_431' title='bbox 414 1655 440 1697; x_wconf 84' lang='lat' dir='ltr'><strong>in</strong></span> <span class='ocrx_word' id='word_1_432' title='bbox 470 1654 564 1683; x_wconf 86' lang='lat' dir='ltr'><strong>Sindia</strong></span> <span class='ocrx_word' id='word_1_433' title='bbox 583 1661 610 1685; x_wconf 88' lang='lat' dir='ltr'><strong>et</strong></span> <span class='ocrx_word' id='word_1_434' title='bbox 639 1658 763 1693; x_wconf 81' lang='lat' dir='ltr'><strong>Sejestan</strong></span> <span class='ocrx_word' id='word_1_435' title='bbox 789 1664 923 1697; x_wconf 86' lang='lat' dir='ltr'><strong>condidit.</strong></span> <span class='ocrx_word' id='word_1_436' title='bbox 939 1651 990 1694; x_wconf 83' lang='lat' dir='ltr'><strong>nec</strong></span> 
     </span>
    </p>
   </div>
   <div class='ocr_carea' id='block_1_64' title="bbox 195 1695 984 1737">
    <p class='ocr_par' dir='ltr' id='par_1_64' title="bbox 195 1695 984 1737">
     <span class='ocr_line' id='line_1_64' title="bbox 195 1695 984 1737; baseline 0.014 -17"><span class='ocrx_word' id='word_1_437' title='bbox 195 1701 252 1720; x_wconf 85' lang='lat' dir='ltr'><strong>tton</strong></span> <span class='ocrx_word' id='word_1_438' title='bbox 278 1695 380 1723; x_wconf 79' lang='lat' dir='ltr'><strong>multos</strong></span> <span class='ocrx_word' id='word_1_439' title='bbox 396 1696 489 1724; x_wconf 75' lang='lat' dir='ltr'><strong>effodit</strong></span> <span class='ocrx_word' id='word_1_440' title='bbox 509 1697 617 1731; x_wconf 89' lang='lat' dir='ltr'><strong>fluvios,</strong></span> <span class='ocrx_word' id='word_1_441' title='bbox 634 1700 818 1736; x_wconf 81' lang='lat' dir='ltr'><strong>fornicesque,</strong></span> <span class='ocrx_word' id='word_1_442' title='bbox 839 1707 866 1730; x_wconf 89' lang='lat' dir='ltr'><strong>et</strong></span> <span class='ocrx_word' id='word_1_443' title='bbox 887 1695 984 1737; x_wconf 85' lang='lat' dir='ltr'><strong>pontes</strong></span> 
     </span>
    </p>
   </div>
   <div class='ocr_carea' id='block_1_65' title="bbox 193 1741 984 1780">
    <p class='ocr_par' dir='ltr' id='par_1_65' title="bbox 193 1741 984 1780">
     <span class='ocr_line' id='line_1_65' title="bbox 193 1741 984 1780; baseline 0.015 -15"><span class='ocrx_word' id='word_1_444' title='bbox 193 1741 343 1769; x_wconf 57' lang='lat' dir='ltr'><strong>exstruxit.</strong></span> <span class='ocrx_word' id='word_1_445' title='bbox 355 1741 438 1769; x_wconf 88' lang='lat' dir='ltr'><strong>Senio</strong></span> <span class='ocrx_word' id='word_1_446' title='bbox 450 1748 541 1770; x_wconf 88' lang='lat' dir='ltr'><strong>autent</strong></span> <span class='ocrx_word' id='word_1_447' title='bbox 555 1745 611 1780; x_wconf 81' lang='lat' dir='ltr'><strong>jam</strong></span> <span class='ocrx_word' id='word_1_448' title='bbox 625 1747 750 1774; x_wconf 82' lang='lat' dir='ltr'><strong>confecto</strong></span> <span class='ocrx_word' id='word_1_449' title='bbox 766 1747 906 1776; x_wconf 59' lang='lat' dir='ltr'><strong>labefacta</strong></span> <span class='ocrx_word' id='word_1_450' title='bbox 920 1754 984 1777; x_wconf 87' lang='lat' dir='ltr'><strong>sunt</strong></span> 
     </span>
    </p>
   </div>
   <div class='ocr_carea' id='block_1_66' title="bbox 196 1786 982 1830">
    <p class='ocr_par' dir='ltr' id='par_1_66' title="bbox 196 1786 982 1830">
     <span class='ocr_line' id='line_1_66' title="bbox 196 1786 982 1830; baseline 0.015 -19"><span class='ocrx_word' id='word_1_451' title='bbox 196 1786 280 1818; x_wconf 80' lang='lat' dir='ltr'><strong>vires,</strong></span> <span class='ocrx_word' id='word_1_452' title='bbox 292 1791 319 1813; x_wconf 87' lang='lat' dir='ltr'><strong>et</strong></span> <span class='ocrx_word' id='word_1_453' title='bbox 335 1788 460 1823; x_wconf 74' lang='lat' dir='ltr'><strong>caligavit</strong></span> <span class='ocrx_word' id='word_1_454' title='bbox 477 1790 560 1823; x_wconf 83' lang='lat' dir='ltr'><strong>visus,</strong></span> <span class='ocrx_word' id='word_1_455' title='bbox 582 1792 738 1826; x_wconf 83' lang='lat' dir='ltr'><strong>superciliis</strong></span> <span class='ocrx_word' id='word_1_456' title='bbox 756 1793 782 1820; x_wconf 92' lang='lat' dir='ltr'><strong>in</strong></span> <span class='ocrx_word' id='word_1_457' title='bbox 805 1795 900 1823; x_wconf 87' lang='lat' dir='ltr'><strong>oeulos</strong></span> <span class='ocrx_word' id='word_1_458' title='bbox 917 1803 982 1830; x_wconf 49' lang='lat' dir='ltr'><strong>pro.</strong></span> 
     </span>
    </p>
   </div>
   <div class='ocr_carea' id='block_1_67' title="bbox 196 1831 981 1876">
    <p class='ocr_par' dir='ltr' id='par_1_67' title="bbox 196 1831 981 1876">
     <span class='ocr_line' id='line_1_67' title="bbox 196 1831 981 1876; baseline 0.017 -20"><span class='ocrx_word' id='word_1_459' title='bbox 196 1831 362 1860; x_wconf 85' lang='lat' dir='ltr'><strong>minentibus</strong></span> <span class='ocrx_word' id='word_1_460' title='bbox 376 1841 478 1868; x_wconf 87' lang='lat' dir='ltr'><strong>:qnare</strong></span> <span class='ocrx_word' id='word_1_461' title='bbox 495 1836 582 1871; x_wconf 76' lang='lat' dir='ltr'><strong>legato</strong></span> <span class='ocrx_word' id='word_1_462' title='bbox 593 1837 626 1864; x_wconf 90' lang='lat' dir='ltr'><strong>ad</strong></span> <span class='ocrx_word' id='word_1_463' title='bbox 640 1837 767 1866; x_wconf 86' lang='lat' dir='ltr'><strong>Indorum</strong></span> <span class='ocrx_word' id='word_1_464' title='bbox 780 1846 870 1874; x_wconf 76' lang='lat' dir='ltr'><strong>regem</strong></span> <span class='ocrx_word' id='word_1_465' title='bbox 886 1841 981 1876; x_wconf 81' lang='lat' dir='ltr'><strong>misso,</strong></span> 
     </span>
    </p>
   </div>
   <div class='ocr_carea' id='block_1_68' title="bbox 198 1873 980 1922">
    <p class='ocr_par' dir='ltr' id='par_1_68' title="bbox 198 1873 980 1922">
     <span class='ocr_line' id='line_1_68' title="bbox 198 1873 980 1922; baseline 0.02 -24"><span class='ocrx_word' id='word_1_466' title='bbox 198 1873 331 1922; x_wconf 80' lang='lat' dir='ltr'><strong>medicum</strong></span> <span class='ocrx_word' id='word_1_467' title='bbox 351 1876 383 1904; x_wconf 87' lang='lat' dir='ltr'><strong>ab</strong></span> <span class='ocrx_word' id='word_1_468' title='bbox 400 1877 459 1912; x_wconf 85' lang='lat' dir='ltr'><strong>ipso</strong></span> <span class='ocrx_word' id='word_1_469' title='bbox 474 1879 561 1912; x_wconf 85' lang='lat' dir='ltr'><strong>petiit.</strong></span> <span class='ocrx_word' id='word_1_470' title='bbox 576 1879 628 1913; x_wconf 84' lang='lat' dir='ltr'><strong>Qui</strong></span> <span class='ocrx_word' id='word_1_471' title='bbox 651 1890 716 1917; x_wconf 73' lang='lat' dir='ltr'><strong>ergo</strong></span> <span class='ocrx_word' id='word_1_472' title='bbox 735 1883 796 1917; x_wconf 84' lang='lat' dir='ltr'><strong>ejus</strong></span> <span class='ocrx_word' id='word_1_473' title='bbox 814 1873 881 1912; x_wconf 80' lang='lat' dir='ltr'><strong>artis</strong></span> <span class='ocrx_word' id='word_1_474' title='bbox 897 1873 980 1922; x_wconf 41' lang='lat'><strong>572&#39;</strong></span> 
     </span>
    </p>
   </div>
   <div class='ocr_carea' id='block_1_69' title="bbox 196 1919 981 1965">
    <p class='ocr_par' dir='ltr' id='par_1_69' title="bbox 196 1919 981 1965">
     <span class='ocr_line' id='line_1_69' title="bbox 196 1919 981 1965; baseline 0.02 -23"><span class='ocrx_word' id='word_1_475' title='bbox 196 1919 312 1950; x_wconf 59' lang='lat' dir='ltr'><strong>peritum</strong></span> <span class='ocrx_word' id='word_1_476' title='bbox 327 1923 472 1955; x_wconf 87' lang='lat' dir='ltr'><strong>quemdam</strong></span> <span class='ocrx_word' id='word_1_477' title='bbox 489 1925 598 1952; x_wconf 80' lang='lat' dir='ltr'><strong>nomine</strong></span> <span class='ocrx_word' id='word_1_478' title='bbox 625 1926 769 1961; x_wconf 76' lang='lat' dir='ltr'><strong>Georgium</strong></span> <span class='ocrx_word' id='word_1_479' title='bbox 794 1919 981 1965; x_wconf 60' lang='lat' dir='ltr'><strong>remisit:qu_i</strong></span> 
     </span>
    </p>
   </div>
   <div class='ocr_carea' id='block_1_70' title="bbox 195 1965 982 2004">
    <p class='ocr_par' dir='ltr' id='par_1_70' title="bbox 195 1965 982 2004">
     <span class='ocr_line' id='line_1_70' title="bbox 195 1965 982 2004; baseline 0.019 -15"><span class='ocrx_word' id='word_1_480' title='bbox 195 1965 284 1997; x_wconf 69' lang='lat' dir='ltr'><strong>ipsum</strong></span> <span class='ocrx_word' id='word_1_481' title='bbox 309 1968 419 1995; x_wconf 67' lang='lat' dir='ltr'><strong>sanitati</strong></span> <span class='ocrx_word' id='word_1_482' title='bbox 444 1970 575 2002; x_wconf 85' lang='lat' dir='ltr'><strong>restituit,</strong></span> <span class='ocrx_word' id='word_1_483' title='bbox 603 1972 672 1999; x_wconf 87' lang='lat' dir='ltr'><strong>adeo</strong></span> <span class='ocrx_word' id='word_1_484' title='bbox 702 1978 732 2000; x_wconf 75' lang='lat' dir='ltr'><strong>at</strong></span> <span class='ocrx_word' id='word_1_485' title='bbox 754 1973 982 2004; x_wconf 82' lang='lat' dir='ltr'><strong>confirmarentur</strong></span> 
     </span>
    </p>
   </div>
   <div class='ocr_carea' id='block_1_71' title="bbox 195 2009 981 2054">
    <p class='ocr_par' dir='ltr' id='par_1_71' title="bbox 195 2009 981 2054">
     <span class='ocr_line' id='line_1_71' title="bbox 195 2009 981 2054; baseline 0.02 -20"><span class='ocrx_word' id='word_1_486' title='bbox 195 2009 247 2041; x_wconf 83' lang='lat' dir='ltr'><strong>ipsi</strong></span> <span class='ocrx_word' id='word_1_487' title='bbox 262 2012 349 2041; x_wconf 78' lang='lat' dir='ltr'><strong>nervi.</strong></span> <span class='ocrx_word' id='word_1_488' title='bbox 369 2013 583 2049; x_wconf 86' lang='lat' dir='ltr'><strong>reddereturque</strong></span> <span class='ocrx_word' id='word_1_489' title='bbox 594 2017 680 2049; x_wconf 85' lang='lat' dir='ltr'><strong>visus,</strong></span> <span class='ocrx_word' id='word_1_490' title='bbox 696 2022 724 2044; x_wconf 88' lang='lat' dir='ltr'><strong>et</strong></span> <span class='ocrx_word' id='word_1_491' title='bbox 737 2026 836 2054; x_wconf 86' lang='lat' dir='ltr'><strong>equum</strong></span> <span class='ocrx_word' id='word_1_492' title='bbox 849 2028 981 2049; x_wconf 84' lang='lat' dir='ltr'><strong>conscen-</strong></span> 
     </span>
    </p>
   </div>
   <div class='ocr_carea' id='block_1_72' title="bbox 196 2055 980 2100">
    <p class='ocr_par' dir='ltr' id='par_1_72' title="bbox 196 2055 980 2100">
     <span class='ocr_line' id='line_1_72' title="bbox 196 2055 980 2100; baseline 0.022 -22"><span class='ocrx_word' id='word_1_493' title='bbox 196 2055 261 2081; x_wconf 84' lang='lat' dir='ltr'><strong>dere</strong></span> <span class='ocrx_word' id='word_1_494' title='bbox 279 2057 390 2083; x_wconf 81' lang='lat' dir='ltr'><strong>valerct.</strong></span> <span class='ocrx_word' id='word_1_495' title='bbox 407 2056 496 2086; x_wconf 83' lang='lat' dir='ltr'><strong>Jussit</strong></span> <span class='ocrx_word' id='word_1_496' title='bbox 520 2067 585 2095; x_wconf 77' lang='lat' dir='ltr'><strong>ergo</strong></span> <span class='ocrx_word' id='word_1_497' title='bbox 609 2061 686 2089; x_wconf 91' lang='lat' dir='ltr'><strong>illum</strong></span> <span class='ocrx_word' id='word_1_498' title='bbox 711 2064 805 2092; x_wconf 86' lang='lat' dir='ltr'><strong>urbem</strong></span> <span class='ocrx_word' id='word_1_499' title='bbox 827 2074 909 2100; x_wconf 87' lang='lat' dir='ltr'><strong>quam</strong></span> <span class='ocrx_word' id='word_1_500' title='bbox 927 2068 980 2095; x_wconf 85' lang='lat' dir='ltr'><strong>sibi</strong></span> 
     </span>
    </p>
   </div>
   <div class='ocr_carea' id='block_1_73' title="bbox 194 2101 979 2145">
    <p class='ocr_par' dir='ltr' id='par_1_73' title="bbox 194 2101 979 2145">
     <span class='ocr_line' id='line_1_73' title="bbox 194 2101 979 2145; baseline 0.018 -18"><span class='ocrx_word' id='word_1_501' title='bbox 194 2101 274 2128; x_wconf 80' lang='lat' dir='ltr'><strong>vellet</strong></span> <span class='ocrx_word' id='word_1_502' title='bbox 290 2102 459 2131; x_wconf 70' lang='lat' dir='ltr'><strong>incolpudam</strong></span> <span class='ocrx_word' id='word_1_503' title='bbox 475 2105 586 2139; x_wconf 76' lang='lat' dir='ltr'><strong>eligere.</strong></span> <span class='ocrx_word' id='word_1_504' title='bbox 610 2107 657 2135; x_wconf 89' lang='lat' dir='ltr'><strong>Ille</strong></span> <span class='ocrx_word' id='word_1_505' title='bbox 681 2109 748 2137; x_wconf 87' lang='lat' dir='ltr'><strong>urbe</strong></span> <span class='ocrx_word' id='word_1_506' title='bbox 773 2110 979 2145; x_wconf 84' lang='lat' dir='ltr'><strong>Choat-Sabur.</strong></span> 
     </span>
    </p>
   </div>
   <div class='ocr_carea' id='block_1_74' title="bbox 191 2147 978 2190">
    <p class='ocr_par' dir='ltr' id='par_1_74' title="bbox 191 2147 978 2190">
     <span class='ocr_line' id='line_1_74' title="bbox 191 2147 978 2190; baseline 0.017 -18"><span class='ocrx_word' id='word_1_507' title='bbox 191 2154 255 2180; x_wconf 75' lang='lat' dir='ltr'><strong>quae</strong></span> <span class='ocrx_word' id='word_1_508' title='bbox 271 2151 300 2174; x_wconf 88' lang='lat' dir='ltr'><strong>et</strong></span> <span class='ocrx_word' id='word_1_509' title='bbox 323 2147 408 2175; x_wconf 90' lang='lat' dir='ltr'><strong>Corclt</strong></span> <span class='ocrx_word' id='word_1_510' title='bbox 435 2150 600 2183; x_wconf 80' lang='lat' dir='ltr'><strong>appellatur,</strong></span> <span class='ocrx_word' id='word_1_511' title='bbox 625 2157 721 2187; x_wconf 87' lang='lat' dir='ltr'><strong>estque</strong></span> <span class='ocrx_word' id='word_1_512' title='bbox 747 2155 812 2183; x_wconf 91' lang='lat' dir='ltr'><strong>urbs</strong></span> <span class='ocrx_word' id='word_1_513' title='bbox 836 2155 918 2190; x_wconf 87' lang='lat' dir='ltr'><strong>Susa,</strong></span> <span class='ocrx_word' id='word_1_514' title='bbox 943 2158 978 2186; x_wconf 89' lang='lat' dir='ltr'><strong>ibi</strong></span> 
     </span>
    </p>
   </div>
   <div class='ocr_carea' id='block_1_75' title="bbox 191 2193 795 2226">
    <p class='ocr_par' dir='ltr' id='par_1_75' title="bbox 191 2193 795 2226">
     <span class='ocr_line' id='line_1_75' title="bbox 191 2193 795 2226; baseline 0.013 -8"><span class='ocrx_word' id='word_1_515' title='bbox 191 2199 278 2226; x_wconf 85' lang='lat' dir='ltr'><strong>usque</strong></span> <span class='ocrx_word' id='word_1_516' title='bbox 298 2193 362 2220; x_wconf 88' lang='lat' dir='ltr'><strong>duttt</strong></span> <span class='ocrx_word' id='word_1_517' title='bbox 380 2201 395 2220; x_wconf 91' lang='lat' dir='ltr'><strong>e</strong></span> <span class='ocrx_word' id='word_1_518' title='bbox 411 2194 479 2222; x_wconf 89' lang='lat' dir='ltr'><strong>vivis</strong></span> <span class='ocrx_word' id='word_1_519' title='bbox 492 2196 636 2224; x_wconf 69' lang='lat' dir='ltr'><strong>excederet</strong></span> <span class='ocrx_word' id='word_1_520' title='bbox 653 2198 795 2226; x_wconf 86' lang='lat' dir='ltr'><strong>habitavit.</strong></span> 
     </span>
    </p>
   </div>
   <div class='ocr_carea' id='block_1_76' title="bbox 1036 1606 1821 1641">
    <p class='ocr_par' dir='ltr' id='par_1_76' title="bbox 1036 1606 1821 1641">
     <span class='ocr_line' id='line_1_76' title="bbox 1036 1606 1821 1641; baseline 0 -7"><span class='ocrx_word' id='word_1_521' title='bbox 1036 1611 1176 1640; x_wconf 80' lang='lat' dir='ltr'><strong>peratore.</strong></span> <span class='ocrx_word' id='word_1_522' title='bbox 1206 1607 1333 1641; x_wconf 86' lang='lat' dir='ltr'><strong>apparuit</strong></span> <span class='ocrx_word' id='word_1_523' title='bbox 1362 1614 1431 1634; x_wconf 74' lang='lat' dir='ltr'><strong>crux</strong></span> <span class='ocrx_word' id='word_1_524' title='bbox 1466 1606 1572 1634; x_wconf 84' lang='lat' dir='ltr'><strong>Domini</strong></span> <span class='ocrx_word' id='word_1_525' title='bbox 1601 1606 1702 1635; x_wconf 87' lang='lat' dir='ltr'><strong>Christi</strong></span> <span class='ocrx_word' id='word_1_526' title='bbox 1735 1607 1821 1634; x_wconf 81' lang='lat' dir='ltr'><strong>stellis</strong></span> 
     </span>
    </p>
   </div>
   <div class='ocr_carea' id='block_1_77' title="bbox 1034 1650 1822 1687">
    <p class='ocr_par' dir='ltr' id='par_1_77' title="bbox 1034 1650 1822 1687">
     <span class='ocr_line' id='line_1_77' title="bbox 1034 1650 1822 1687; baseline 0 -9"><span class='ocrx_word' id='word_1_527' title='bbox 1034 1650 1173 1687; x_wconf 79' lang='lat' dir='ltr'><strong>[efﬁgiata]</strong></span> <span class='ocrx_word' id='word_1_528' title='bbox 1197 1650 1289 1678; x_wconf 89' lang='lat' dir='ltr'><strong>medio</strong></span> <span class='ocrx_word' id='word_1_529' title='bbox 1302 1650 1346 1678; x_wconf 89' lang='lat' dir='ltr'><strong>die</strong></span> <span class='ocrx_word' id='word_1_530' title='bbox 1369 1651 1397 1677; x_wconf 90' lang='lat' dir='ltr'><strong>in</strong></span> <span class='ocrx_word' id='word_1_531' title='bbox 1409 1650 1488 1683; x_wconf 69' lang='lat' dir='ltr'><strong>ctelo,</strong></span> <span class='ocrx_word' id='word_1_532' title='bbox 1504 1659 1536 1679; x_wconf 84' lang='lat' dir='ltr'><strong>ac</strong></span> <span class='ocrx_word' id='word_1_533' title='bbox 1559 1651 1616 1686; x_wconf 88' lang='lat' dir='ltr'><strong>jam</strong></span> <span class='ocrx_word' id='word_1_534' title='bbox 1644 1655 1670 1678; x_wconf 90' lang='lat' dir='ltr'><strong>te</strong></span> <span class='ocrx_word' id='word_1_535' title='bbox 1692 1655 1822 1686; x_wconf 78' lang='lat' dir='ltr'><strong>regnante</strong></span> 
     </span>
    </p>
   </div>
   <div class='ocr_carea' id='block_1_78' title="bbox 1035 1695 1819 1733">
    <p class='ocr_par' dir='ltr' id='par_1_78' title="bbox 1035 1695 1819 1733">
     <span class='ocr_line' id='line_1_78' title="bbox 1035 1695 1819 1733; baseline -0.001 -10"><span class='ocrx_word' id='word_1_536' title='bbox 1035 1696 1194 1732; x_wconf 89' lang='lat' dir='ltr'><strong>(imperator</strong></span> <span class='ocrx_word' id='word_1_537' title='bbox 1207 1695 1284 1732; x_wconf 78' lang='lat' dir='ltr'><strong>felix)</strong></span> <span class='ocrx_word' id='word_1_538' title='bbox 1297 1696 1380 1732; x_wconf 67' lang='grc'><strong>476</strong></span> <span class='ocrx_word' id='word_1_539' title='bbox 1394 1697 1520 1731; x_wconf 87' lang='lat' dir='ltr'><strong>apparuit</strong></span> <span class='ocrx_word' id='word_1_540' title='bbox 1533 1704 1615 1732; x_wconf 87' lang='lat' dir='ltr'><strong>super</strong></span> <span class='ocrx_word' id='word_1_541' title='bbox 1627 1696 1718 1724; x_wconf 87' lang='lat' dir='ltr'><strong>Cranii</strong></span> <span class='ocrx_word' id='word_1_542' title='bbox 1736 1697 1819 1733; x_wconf 80' lang='lat' dir='ltr'><strong>[loco]</strong></span> 
     </span>
    </p>
   </div>
   <div class='ocr_carea' id='block_1_79' title="bbox 1033 1741 1819 1778">
    <p class='ocr_par' dir='ltr' id='par_1_79' title="bbox 1033 1741 1819 1778">
     <span class='ocr_line' id='line_1_79' title="bbox 1033 1741 1819 1778; baseline 0.001 -10"><span class='ocrx_word' id='word_1_543' title='bbox 1033 1749 1100 1768; x_wconf 77' lang='lat' dir='ltr'><strong>crux</strong></span> <span class='ocrx_word' id='word_1_544' title='bbox 1118 1749 1133 1769; x_wconf 91' lang='lat' dir='ltr'><strong>e</strong></span> <span class='ocrx_word' id='word_1_545' title='bbox 1154 1741 1213 1770; x_wconf 87' lang='lat' dir='ltr'><strong>luce</strong></span> <span class='ocrx_word' id='word_1_546' title='bbox 1229 1743 1307 1775; x_wconf 76' lang='lat' dir='ltr'><strong>cujus</strong></span> <span class='ocrx_word' id='word_1_547' title='bbox 1323 1742 1453 1778; x_wconf 83' lang='lat' dir='ltr'><strong>splendor</strong></span> <span class='ocrx_word' id='word_1_548' title='bbox 1472 1743 1539 1770; x_wconf 88' lang='lat' dir='ltr'><strong>solis</strong></span> <span class='ocrx_word' id='word_1_549' title='bbox 1566 1743 1743 1778; x_wconf 85' lang='lat' dir='ltr'><strong>splenderent</strong></span> <span class='ocrx_word' id='word_1_550' title='bbox 1761 1743 1819 1778; x_wconf 80' lang='lat' dir='ltr'><strong>ipso</strong></span> 
     </span>
    </p>
   </div>
   <div class='ocr_carea' id='block_1_80' title="bbox 1033 1786 1821 1822">
    <p class='ocr_par' dir='ltr' id='par_1_80' title="bbox 1033 1786 1821 1822">
     <span class='ocr_line' id='line_1_80' title="bbox 1033 1786 1821 1822; baseline 0.003 -9"><span class='ocrx_word' id='word_1_551' title='bbox 1033 1786 1146 1814; x_wconf 88' lang='lat' dir='ltr'><strong>meridie</strong></span> <span class='ocrx_word' id='word_1_552' title='bbox 1162 1792 1282 1822; x_wconf 85' lang='lat' dir='ltr'><strong>superat.</strong></span> <span class='ocrx_word' id='word_1_553' title='bbox 1294 1786 1460 1822; x_wconf 80' lang='lat' dir='ltr'><strong>Litterisque</strong></span> <span class='ocrx_word' id='word_1_554' title='bbox 1471 1787 1528 1815; x_wconf 85' lang='lat' dir='ltr'><strong>suis</strong></span> <span class='ocrx_word' id='word_1_555' title='bbox 1545 1787 1596 1822; x_wconf 82' lang='lat' dir='ltr'><strong>ipsi</strong></span> <span class='ocrx_word' id='word_1_556' title='bbox 1612 1789 1700 1815; x_wconf 82' lang='lat' dir='ltr'><strong>suasit</strong></span> <span class='ocrx_word' id='word_1_557' title='bbox 1717 1796 1750 1816; x_wconf 87' lang='lat' dir='ltr'><strong>ne</strong></span> <span class='ocrx_word' id='word_1_558' title='bbox 1763 1789 1821 1815; x_wconf 75' lang='lat' dir='ltr'><strong>Atii</strong></span> 
     </span>
    </p>
   </div>
   <div class='ocr_carea' id='block_1_81' title="bbox 1033 1831 1817 1868">
    <p class='ocr_par' dir='ltr' id='par_1_81' title="bbox 1033 1831 1817 1868">
     <span class='ocr_line' id='line_1_81' title="bbox 1033 1831 1817 1868; baseline 0.004 -11"><span class='ocrx_word' id='word_1_559' title='bbox 1033 1831 1174 1867; x_wconf 79' lang='lat' dir='ltr'><strong>ipsiusque</strong></span> <span class='ocrx_word' id='word_1_560' title='bbox 1203 1833 1363 1867; x_wconf 84' lang='lat' dir='ltr'><strong>sequacium</strong></span> <span class='ocrx_word' id='word_1_561' title='bbox 1387 1833 1555 1860; x_wconf 83' lang='lat' dir='ltr'><strong>sententiam</strong></span> <span class='ocrx_word' id='word_1_562' title='bbox 1584 1834 1817 1868; x_wconf 78' lang='lat' dir='ltr'><strong>amplecteretur,</strong></span> 
     </span>
    </p>
   </div>
   <div class='ocr_carea' id='block_1_82' title="bbox 1033 1877 1819 1913">
    <p class='ocr_par' dir='ltr' id='par_1_82' title="bbox 1033 1877 1819 1913">
     <span class='ocr_line' id='line_1_82' title="bbox 1033 1877 1819 1913; baseline 0.004 -10"><span class='ocrx_word' id='word_1_563' title='bbox 1033 1882 1124 1911; x_wconf 88' lang='lat' dir='ltr'><strong>utpote</strong></span> <span class='ocrx_word' id='word_1_564' title='bbox 1136 1877 1181 1912; x_wconf 92' lang='lat' dir='ltr'><strong>qui</strong></span> <span class='ocrx_word' id='word_1_565' title='bbox 1198 1884 1213 1904; x_wconf 89' lang='lat' dir='ltr'><strong>a</strong></span> <span class='ocrx_word' id='word_1_566' title='bbox 1230 1885 1293 1904; x_wconf 86' lang='lat' dir='ltr'><strong>vero</strong></span> <span class='ocrx_word' id='word_1_567' title='bbox 1316 1878 1457 1906; x_wconf 86' lang='lat' dir='ltr'><strong>dcviantes</strong></span> <span class='ocrx_word' id='word_1_568' title='bbox 1479 1879 1511 1905; x_wconf 88' lang='lat' dir='ltr'><strong>ad</strong></span> <span class='ocrx_word' id='word_1_569' title='bbox 1537 1879 1729 1906; x_wconf 84' lang='lat' dir='ltr'><strong>infidelitatem</strong></span> <span class='ocrx_word' id='word_1_570' title='bbox 1755 1886 1819 1913; x_wconf 88' lang='lat' dir='ltr'><strong>pro-</strong></span> 
     </span>
    </p>
   </div>
   <div class='ocr_carea' id='block_1_83' title="bbox 1032 1922 1817 1958">
    <p class='ocr_par' dir='ltr' id='par_1_83' title="bbox 1032 1922 1817 1958">
     <span class='ocr_line' id='line_1_83' title="bbox 1032 1922 1817 1958; baseline 0.001 -9"><span class='ocrx_word' id='word_1_571' title='bbox 1032 1922 1101 1957; x_wconf 89' lang='lat' dir='ltr'><strong>lapsi</strong></span> <span class='ocrx_word' id='word_1_572' title='bbox 1127 1927 1229 1954; x_wconf 82' lang='lat' dir='ltr'><strong>essent,</strong></span> <span class='ocrx_word' id='word_1_573' title='bbox 1261 1923 1363 1958; x_wconf 84' lang='lat' dir='ltr'><strong>quibus</strong></span> <span class='ocrx_word' id='word_1_574' title='bbox 1387 1923 1564 1951; x_wconf 83' lang='lat' dir='ltr'><strong>maledixerat</strong></span> <span class='ocrx_word' id='word_1_575' title='bbox 1588 1928 1771 1951; x_wconf 79' lang='lat' dir='ltr'><strong>trecentorum</strong></span> <span class='ocrx_word' id='word_1_576' title='bbox 1792 1927 1817 1950; x_wconf 87' lang='lat' dir='ltr'><strong>et</strong></span> 
     </span>
    </p>
   </div>
   <div class='ocr_carea' id='block_1_84' title="bbox 1031 1968 1814 2004">
    <p class='ocr_par' dir='ltr' id='par_1_84' title="bbox 1031 1968 1814 2004">
     <span class='ocr_line' id='line_1_84' title="bbox 1031 1968 1814 2004; baseline 0.003 -10"><span class='ocrx_word' id='word_1_577' title='bbox 1031 1968 1182 1995; x_wconf 88' lang='lat' dir='ltr'><strong>octodecim</strong></span> <span class='ocrx_word' id='word_1_578' title='bbox 1207 1969 1399 2003; x_wconf 90' lang='lat' dir='ltr'><strong>episcoporum</strong></span> <span class='ocrx_word' id='word_1_579' title='bbox 1425 1969 1593 2001; x_wconf 84' lang='lat' dir='ltr'><strong>concilium,</strong></span> <span class='ocrx_word' id='word_1_580' title='bbox 1630 1970 1814 2004; x_wconf 87' lang='lat' dir='ltr'><strong>omnibusque</strong></span> 
     </span>
    </p>
   </div>
   <div class='ocr_carea' id='block_1_85' title="bbox 1030 2014 1818 2049">
    <p class='ocr_par' dir='ltr' id='par_1_85' title="bbox 1030 2014 1818 2049">
     <span class='ocr_line' id='line_1_85' title="bbox 1030 2014 1818 2049; baseline 0 -9"><span class='ocrx_word' id='word_1_581' title='bbox 1030 2014 1077 2048; x_wconf 91' lang='lat' dir='ltr'><strong>qui</strong></span> <span class='ocrx_word' id='word_1_582' title='bbox 1102 2014 1172 2041; x_wconf 85' lang='lat' dir='ltr'><strong>idem</strong></span> <span class='ocrx_word' id='word_1_583' title='bbox 1197 2022 1259 2040; x_wconf 78' lang='lat' dir='ltr'><strong>cum</strong></span> <span class='ocrx_word' id='word_1_584' title='bbox 1289 2014 1355 2048; x_wconf 87' lang='lat' dir='ltr'><strong>ipsis</strong></span> <span class='ocrx_word' id='word_1_585' title='bbox 1383 2019 1546 2042; x_wconf 82' lang='lat' dir='ltr'><strong>assererem.</strong></span> <span class='ocrx_word' id='word_1_586' title='bbox 1576 2014 1726 2049; x_wconf 88' lang='lat' dir='ltr'><strong>Imperator</strong></span> <span class='ocrx_word' id='word_1_587' title='bbox 1752 2022 1818 2049; x_wconf 75' lang='lat' dir='ltr'><strong>ergo</strong></span> 
     </span>
    </p>
   </div>
   <div class='ocr_carea' id='block_1_86' title="bbox 1034 2059 1813 2095">
    <p class='ocr_par' dir='ltr' id='par_1_86' title="bbox 1034 2059 1813 2095">
     <span class='ocr_line' id='line_1_86' title="bbox 1034 2059 1813 2095; baseline 0.001 -9"><span class='ocrx_word' id='word_1_588' title='bbox 1034 2059 1153 2094; x_wconf 83' lang='lat' dir='ltr'><strong>acceptis</strong></span> <span class='ocrx_word' id='word_1_589' title='bbox 1182 2059 1275 2095; x_wconf 86' lang='lat' dir='ltr'><strong>Cyrilli</strong></span> <span class='ocrx_word' id='word_1_590' title='bbox 1305 2059 1402 2087; x_wconf 88' lang='lat' dir='ltr'><strong>litteris</strong></span> <span class='ocrx_word' id='word_1_591' title='bbox 1430 2068 1544 2095; x_wconf 66' lang='lat' dir='ltr'><strong>magna,</strong></span> <span class='ocrx_word' id='word_1_592' title='bbox 1571 2061 1606 2088; x_wconf 92' lang='lat' dir='ltr'><strong>ob</strong></span> <span class='ocrx_word' id='word_1_593' title='bbox 1626 2060 1671 2087; x_wconf 91' lang='lat' dir='ltr'><strong>illa</strong></span> <span class='ocrx_word' id='word_1_594' title='bbox 1694 2068 1755 2095; x_wconf 83' lang='lat' dir='ltr'><strong>qua:</strong></span> <span class='ocrx_word' id='word_1_595' title='bbox 1780 2061 1813 2088; x_wconf 88' lang='lat' dir='ltr'><strong>ad</strong></span> 
     </span>
    </p>
   </div>
   <div class='ocr_carea' id='block_1_87' title="bbox 1031 2105 1815 2140">
    <p class='ocr_par' dir='ltr' id='par_1_87' title="bbox 1031 2105 1815 2140">
     <span class='ocr_line' id='line_1_87' title="bbox 1031 2105 1815 2140; baseline 0.001 -8"><span class='ocrx_word' id='word_1_596' title='bbox 1031 2105 1118 2140; x_wconf 89' lang='lat' dir='ltr'><strong>ipsunt</strong></span> <span class='ocrx_word' id='word_1_597' title='bbox 1134 2105 1292 2140; x_wconf 85' lang='lat' dir='ltr'><strong>scripserat,</strong></span> <span class='ocrx_word' id='word_1_598' title='bbox 1313 2105 1407 2132; x_wconf 52' lang='lat' dir='ltr'><strong>laetitia</strong></span> <span class='ocrx_word' id='word_1_599' title='bbox 1432 2105 1543 2134; x_wconf 70' lang='lat' dir='ltr'><strong>affectus</strong></span> <span class='ocrx_word' id='word_1_600' title='bbox 1556 2110 1609 2139; x_wconf 90' lang='lat' dir='ltr'><strong>est,</strong></span> <span class='ocrx_word' id='word_1_601' title='bbox 1632 2112 1658 2133; x_wconf 90' lang='lat' dir='ltr'><strong>et</strong></span> <span class='ocrx_word' id='word_1_602' title='bbox 1676 2105 1708 2133; x_wconf 92' lang='lat' dir='ltr'><strong>ad</strong></span> <span class='ocrx_word' id='word_1_603' title='bbox 1723 2113 1815 2133; x_wconf 89' lang='lat' dir='ltr'><strong>verum</strong></span> 
     </span>
    </p>
   </div>
   <div class='ocr_carea' id='block_1_88' title="bbox 1030 2152 1647 2181">
    <p class='ocr_par' dir='ltr' id='par_1_88' title="bbox 1030 2152 1647 2181">
     <span class='ocr_line' id='line_1_88' title="bbox 1030 2152 1647 2181; baseline 0.003 -3"><span class='ocrx_word' id='word_1_604' title='bbox 1030 2159 1157 2180; x_wconf 81' lang='lat' dir='ltr'><strong>reversus</strong></span> <span class='ocrx_word' id='word_1_605' title='bbox 1174 2152 1258 2179; x_wconf 85' lang='lat' dir='ltr'><strong>vetuit</strong></span> <span class='ocrx_word' id='word_1_606' title='bbox 1275 2152 1381 2180; x_wconf 83' lang='lat' dir='ltr'><strong>admitti</strong></span> <span class='ocrx_word' id='word_1_607' title='bbox 1396 2153 1453 2180; x_wconf 91' lang='lat' dir='ltr'><strong>Arii</strong></span> <span class='ocrx_word' id='word_1_608' title='bbox 1470 2154 1647 2181; x_wconf 86' lang='lat' dir='ltr'><strong>sententiam.</strong></span> 
     </span>
    </p>
   </div>
   <div class='ocr_carea' id='block_1_89' title="bbox 1066 2196 1815 2232">
    <p class='ocr_par' dir='ltr' id='par_1_89' title="bbox 1066 2196 1815 2232">
     <span class='ocr_line' id='line_1_89' title="bbox 1066 2196 1815 2232; baseline 0.003 -9"><span class='ocrx_word' id='word_1_609' title='bbox 1066 2196 1104 2223; x_wconf 83' lang='lat' dir='ltr'><strong>Eo</strong></span> <span class='ocrx_word' id='word_1_610' title='bbox 1120 2202 1241 2231; x_wconf 87' lang='lat' dir='ltr'><strong>tempore</strong></span> <span class='ocrx_word' id='word_1_611' title='bbox 1259 2197 1512 2232; x_wconf 84' lang='lat' dir='ltr'><strong>Constantinopoli,</strong></span> <span class='ocrx_word' id='word_1_612' title='bbox 1533 2198 1696 2231; x_wconf 78' lang='lat' dir='ltr'><strong>Antiochiae,</strong></span> <span class='ocrx_word' id='word_1_613' title='bbox 1713 2198 1815 2230; x_wconf 85' lang='lat' dir='ltr'><strong>Babeli,</strong></span> 
     </span>
    </p>
   </div>
   <div class='ocr_carea' id='block_1_90' title="bbox 228 2234 1814 2278">
    <p class='ocr_par' dir='ltr' id='par_1_90' title="bbox 228 2234 1814 2278">
     <span class='ocr_line' id='line_1_90' title="bbox 228 2234 1814 2278; baseline 0.004 -14"><span class='ocrx_word' id='word_1_614' title='bbox 228 2236 327 2264; x_wconf 87' lang='lat' dir='ltr'><strong>Totum</strong></span> <span class='ocrx_word' id='word_1_615' title='bbox 339 2242 430 2266; x_wconf 87' lang='lat' dir='ltr'><strong>atttem</strong></span> <span class='ocrx_word' id='word_1_616' title='bbox 445 2240 516 2274; x_wconf 88' lang='lat' dir='ltr'><strong>quod</strong></span> <span class='ocrx_word' id='word_1_617' title='bbox 537 2240 602 2267; x_wconf 83' lang='lat' dir='ltr'><strong>vixit</strong></span> <span class='ocrx_word' id='word_1_618' title='bbox 625 2241 714 2269; x_wconf 90' lang='lat' dir='ltr'><strong>Sabur</strong></span> <span class='ocrx_word' id='word_1_619' title='bbox 741 2245 871 2277; x_wconf 82' lang='lat' dir='ltr'><strong>spatium,</strong></span> <span class='ocrx_word' id='word_1_620' title='bbox 889 2254 974 2273; x_wconf 75' lang='lat' dir='ltr'><strong>anno-</strong></span> <span class='ocrx_word' id='word_1_621' title='bbox 991 2234 1016 2263; x_wconf 79' lang='lat' dir='ltr'><strong>D</strong></span> <span class='ocrx_word' id='word_1_622' title='bbox 1031 2244 1058 2267; x_wconf 80' lang='lat' dir='ltr'><strong>et</strong></span> <span class='ocrx_word' id='word_1_623' title='bbox 1074 2240 1258 2272; x_wconf 66' lang='lat' dir='ltr'><strong>Alexandriae,</strong></span> <span class='ocrx_word' id='word_1_624' title='bbox 1274 2242 1416 2276; x_wconf 65' lang='lat' dir='ltr'><strong>praevaluit</strong></span> <span class='ocrx_word' id='word_1_625' title='bbox 1432 2243 1490 2270; x_wconf 88' lang='lat' dir='ltr'><strong>Arii</strong></span> <span class='ocrx_word' id='word_1_626' title='bbox 1517 2244 1664 2277; x_wconf 83' lang='lat' dir='ltr'><strong>sententia,</strong></span> <span class='ocrx_word' id='word_1_627' title='bbox 1678 2243 1758 2278; x_wconf 87' lang='lat' dir='ltr'><strong>cujus</strong></span> <span class='ocrx_word' id='word_1_628' title='bbox 1783 2244 1814 2271; x_wconf 91' lang='lat' dir='ltr'><strong>fi-</strong></span> 
     </span>
    </p>
   </div>
   <div class='ocr_carea' id='block_1_91' title="bbox 191 2284 973 2321">
    <p class='ocr_par' dir='ltr' id='par_1_91' title="bbox 191 2284 973 2321">
     <span class='ocr_line' id='line_1_91' title="bbox 191 2284 973 2321; baseline 0.014 -15"><span class='ocrx_word' id='word_1_629' title='bbox 191 2287 253 2306; x_wconf 85' lang='lat' dir='ltr'><strong>runt</strong></span> <span class='ocrx_word' id='word_1_630' title='bbox 278 2285 339 2308; x_wconf 81' lang='lat' dir='ltr'><strong>erat</strong></span> <span class='ocrx_word' id='word_1_631' title='bbox 368 2284 541 2316; x_wconf 78' lang='lat' dir='ltr'><strong>septuaginta</strong></span> <span class='ocrx_word' id='word_1_632' title='bbox 576 2285 710 2318; x_wconf 79' lang='lat' dir='ltr'><strong>duomm;</strong></span> <span class='ocrx_word' id='word_1_633' title='bbox 739 2287 839 2321; x_wconf 85' lang='lat' dir='ltr'><strong>quibus</strong></span> <span class='ocrx_word' id='word_1_634' title='bbox 869 2291 973 2318; x_wconf 73' lang='lat' dir='ltr'><strong>exactis</strong></span> 
     </span>
    </p>
   </div>
   <div class='ocr_carea' id='block_1_92' title="bbox 191 2327 971 2364">
    <p class='ocr_par' dir='ltr' id='par_1_92' title="bbox 191 2327 971 2364">
     <span class='ocr_line' id='line_1_92' title="bbox 191 2327 971 2364; baseline 0.014 -12"><span class='ocrx_word' id='word_1_635' title='bbox 191 2329 316 2354; x_wconf 90' lang='lat' dir='ltr'><strong>tnortuus</strong></span> <span class='ocrx_word' id='word_1_636' title='bbox 331 2332 382 2354; x_wconf 88' lang='lat' dir='ltr'><strong>est.</strong></span> <span class='ocrx_word' id='word_1_637' title='bbox 400 2327 531 2363; x_wconf 73' lang='lat' dir='ltr'><strong>Regnavit</strong></span> <span class='ocrx_word' id='word_1_638' title='bbox 544 2335 603 2364; x_wconf 86' lang='lat' dir='ltr'><strong>post</strong></span> <span class='ocrx_word' id='word_1_639' title='bbox 624 2331 712 2364; x_wconf 85' lang='lat' dir='ltr'><strong>ipsum</strong></span> <span class='ocrx_word' id='word_1_640' title='bbox 739 2333 765 2359; x_wconf 94' lang='lat' dir='ltr'><strong>in</strong></span> <span class='ocrx_word' id='word_1_641' title='bbox 784 2332 882 2362; x_wconf 81' lang='lat' dir='ltr'><strong>Persas</strong></span> <span class='ocrx_word' id='word_1_642' title='bbox 900 2335 971 2364; x_wconf 86' lang='lat' dir='ltr'><strong>filius</strong></span> 
     </span>
    </p>
   </div>
   <div class='ocr_carea' id='block_1_93' title="bbox 189 2371 972 2413">
    <p class='ocr_par' dir='ltr' id='par_1_93' title="bbox 189 2371 972 2413">
     <span class='ocr_line' id='line_1_93' title="bbox 189 2371 972 2413; baseline 0.013 -15"><span class='ocrx_word' id='word_1_643' title='bbox 189 2371 278 2404; x_wconf 83' lang='lat' dir='ltr'><strong>ipsius</strong></span> <span class='ocrx_word' id='word_1_644' title='bbox 293 2371 410 2399; x_wconf 86' lang='lat' dir='ltr'><strong>Ardsltir</strong></span> <span class='ocrx_word' id='word_1_645' title='bbox 425 2373 523 2401; x_wconf 83' lang='lat' dir='ltr'><strong>Salturi</strong></span> <span class='ocrx_word' id='word_1_646' title='bbox 550 2375 621 2402; x_wconf 87' lang='lat' dir='ltr'><strong>filius</strong></span> <span class='ocrx_word' id='word_1_647' title='bbox 643 2383 732 2405; x_wconf 82' lang='lat' dir='ltr'><strong>annos</strong></span> <span class='ocrx_word' id='word_1_648' title='bbox 755 2384 884 2413; x_wconf 88' lang='lat' dir='ltr'><strong>quatuor,</strong></span> <span class='ocrx_word' id='word_1_649' title='bbox 911 2381 972 2408; x_wconf 86' lang='lat' dir='ltr'><strong>dein</strong></span> 
     </span>
    </p>
   </div>
   <div class='ocr_carea' id='block_1_94' title="bbox 190 2418 972 2455">
    <p class='ocr_par' dir='ltr' id='par_1_94' title="bbox 190 2418 972 2455">
     <span class='ocr_line' id='line_1_94' title="bbox 190 2418 972 2455; baseline 0.015 -14"><span class='ocrx_word' id='word_1_650' title='bbox 190 2421 314 2444; x_wconf 84' lang='lat' dir='ltr'><strong>mortuus</strong></span> <span class='ocrx_word' id='word_1_651' title='bbox 340 2421 383 2444; x_wconf 89' lang='lat' dir='ltr'><strong>est</strong></span> <span class='ocrx_word' id='word_1_652' title='bbox 412 2425 419 2443; x_wconf 90' lang='lat'><strong>:</strong></span> <span class='ocrx_word' id='word_1_653' title='bbox 453 2418 533 2452; x_wconf 87' lang='lat' dir='ltr'><strong>idque</strong></span> <span class='ocrx_word' id='word_1_654' title='bbox 562 2427 635 2447; x_wconf 90' lang='lat' dir='ltr'><strong>anno</strong></span> <span class='ocrx_word' id='word_1_655' title='bbox 663 2421 770 2455; x_wconf 85' lang='lat' dir='ltr'><strong>imperii</strong></span> <span class='ocrx_word' id='word_1_656' title='bbox 798 2423 972 2453; x_wconf 86' lang='lat' dir='ltr'><strong>Constantini</strong></span> 
     </span>
    </p>
   </div>
   <div class='ocr_carea' id='block_1_95' title="bbox 189 2460 972 2504">
    <p class='ocr_par' dir='ltr' id='par_1_95' title="bbox 189 2460 972 2504">
     <span class='ocr_line' id='line_1_95' title="bbox 189 2460 972 2504; baseline 0.015 -18"><span class='ocrx_word' id='word_1_657' title='bbox 189 2461 237 2486; x_wconf 88' lang='lat' dir='ltr'><strong>lilii</strong></span> <span class='ocrx_word' id='word_1_658' title='bbox 268 2460 443 2489; x_wconf 89' lang='lat' dir='ltr'><strong>Coustatttini</strong></span> <span class='ocrx_word' id='word_1_659' title='bbox 472 2462 645 2493; x_wconf 71' lang='lat' dir='ltr'><strong>Rumatorum</strong></span> <span class='ocrx_word' id='word_1_660' title='bbox 671 2467 846 2502; x_wconf 88' lang='lat' dir='ltr'><strong>imperatoris</strong></span> <span class='ocrx_word' id='word_1_661' title='bbox 873 2471 972 2504; x_wconf 82' lang='lat' dir='ltr'><strong>primo.</strong></span> 
     </span>
    </p>
   </div>
   <div class='ocr_carea' id='block_1_96' title="bbox 188 2505 971 2551">
    <p class='ocr_par' dir='ltr' id='par_1_96' title="bbox 188 2505 971 2551">
     <span class='ocr_line' id='line_1_96' title="bbox 188 2505 971 2551; baseline 0.015 -19"><span class='ocrx_word' id='word_1_662' title='bbox 188 2505 250 2533; x_wconf 80' lang='lat' dir='ltr'><strong>Post</strong></span> <span class='ocrx_word' id='word_1_663' title='bbox 283 2507 372 2541; x_wconf 77' lang='lat' dir='ltr'><strong>ipsum</strong></span> <span class='ocrx_word' id='word_1_664' title='bbox 403 2508 430 2536; x_wconf 87' lang='lat' dir='ltr'><strong>in</strong></span> <span class='ocrx_word' id='word_1_665' title='bbox 471 2508 570 2537; x_wconf 81' lang='lat' dir='ltr'><strong>Persas</strong></span> <span class='ocrx_word' id='word_1_666' title='bbox 603 2514 727 2546; x_wconf 80' lang='lat' dir='ltr'><strong>regnavit</strong></span> <span class='ocrx_word' id='word_1_667' title='bbox 764 2514 849 2542; x_wconf 88' lang='lat' dir='ltr'><strong>frater</strong></span> <span class='ocrx_word' id='word_1_668' title='bbox 882 2516 971 2551; x_wconf 86' lang='lat' dir='ltr'><strong>ipsius</strong></span> 
     </span>
    </p>
   </div>
   <div class='ocr_carea' id='block_1_97' title="bbox 189 2549 972 2593">
    <p class='ocr_par' dir='ltr' id='par_1_97' title="bbox 189 2549 972 2593">
     <span class='ocr_line' id='line_1_97' title="bbox 189 2549 972 2593; baseline 0.018 -18"><span class='ocrx_word' id='word_1_669' title='bbox 189 2549 276 2584; x_wconf 72' lang='grc' dir='ltr'>δινω-</span> <span class='ocrx_word' id='word_1_670' title='bbox 301 2551 396 2586; x_wconf 87' lang='lat' dir='ltr'><strong>Sapori</strong></span> <span class='ocrx_word' id='word_1_671' title='bbox 428 2552 499 2580; x_wconf 90' lang='lat' dir='ltr'><strong>filius</strong></span> <span class='ocrx_word' id='word_1_672' title='bbox 527 2561 613 2583; x_wconf 84' lang='lat' dir='ltr'><strong>annos</strong></span> <span class='ocrx_word' id='word_1_673' title='bbox 642 2556 838 2593; x_wconf 75' lang='lat' dir='ltr'><strong>quinquaginta</strong></span> <span class='ocrx_word' id='word_1_674' title='bbox 864 2549 919 2588; x_wconf 76' lang='lat' dir='ltr'><strong>duo</strong></span> <span class='ocrx_word' id='word_1_675' title='bbox 945 2566 972 2590; x_wconf 84' lang='lat' dir='ltr'><strong>et</strong></span> 
     </span>
    </p>
   </div>
   <div class='ocr_carea' id='block_1_98' title="bbox 191 2598 972 2638">
    <p class='ocr_par' dir='ltr' id='par_1_98' title="bbox 191 2598 972 2638">
     <span class='ocr_line' id='line_1_98' title="bbox 191 2598 972 2638; baseline 0.018 -19"><span class='ocrx_word' id='word_1_676' title='bbox 191 2603 299 2622; x_wconf 68' lang='lat' dir='ltr'><strong>tttcnscs</strong></span> <span class='ocrx_word' id='word_1_677' title='bbox 326 2600 455 2630; x_wconf 87' lang='lat' dir='ltr'><strong>quatuor,</strong></span> <span class='ocrx_word' id='word_1_678' title='bbox 479 2598 560 2633; x_wconf 86' lang='lat' dir='ltr'><strong>idque</strong></span> <span class='ocrx_word' id='word_1_679' title='bbox 585 2608 655 2628; x_wconf 86' lang='lat' dir='ltr'><strong>anno</strong></span> <span class='ocrx_word' id='word_1_680' title='bbox 681 2603 756 2637; x_wconf 75' lang='lat' dir='ltr'><strong>regni</strong></span> <span class='ocrx_word' id='word_1_681' title='bbox 783 2603 972 2638; x_wconf 89' lang='lat' dir='ltr'><strong>Constantini,</strong></span> 
     </span>
    </p>
   </div>
   <div class='ocr_carea' id='block_1_99' title="bbox 189 2640 971 2686">
    <p class='ocr_par' dir='ltr' id='par_1_99' title="bbox 189 2640 971 2686">
     <span class='ocr_line' id='line_1_99' title="bbox 189 2640 971 2686; baseline 0.018 -20"><span class='ocrx_word' id='word_1_682' title='bbox 189 2640 236 2667; x_wconf 87' lang='lat' dir='ltr'><strong>filii</strong></span> <span class='ocrx_word' id='word_1_683' title='bbox 255 2641 427 2670; x_wconf 87' lang='lat' dir='ltr'><strong>Constantini</strong></span> <span class='ocrx_word' id='word_1_684' title='bbox 444 2643 617 2672; x_wconf 56' lang='lat' dir='ltr'><strong>finitimorum</strong></span> <span class='ocrx_word' id='word_1_685' title='bbox 648 2648 830 2682; x_wconf 85' lang='lat' dir='ltr'><strong>imperatoris,</strong></span> <span class='ocrx_word' id='word_1_686' title='bbox 863 2652 971 2686; x_wconf 88' lang='lat' dir='ltr'><strong>quinto.</strong></span> 
     </span>
    </p>
   </div>
   <div class='ocr_carea' id='block_1_100' title="bbox 188 2687 973 2732">
    <p class='ocr_par' dir='ltr' id='par_1_100' title="bbox 188 2687 973 2732">
     <span class='ocr_line' id='line_1_100' title="bbox 188 2687 973 2732; baseline 0.019 -21"><span class='ocrx_word' id='word_1_687' title='bbox 188 2687 268 2713; x_wconf 79' lang='lat' dir='ltr'><strong>Anno</strong></span> <span class='ocrx_word' id='word_1_688' title='bbox 294 2688 400 2722; x_wconf 74' lang='lat' dir='ltr'><strong>imperii</strong></span> <span class='ocrx_word' id='word_1_689' title='bbox 422 2690 545 2723; x_wconf 74' lang='lat' dir='ltr'><strong>ejusdem</strong></span> <span class='ocrx_word' id='word_1_690' title='bbox 573 2695 668 2726; x_wconf 70' lang='lat' dir='ltr'><strong>quinto</strong></span> <span class='ocrx_word' id='word_1_691' title='bbox 693 2694 719 2721; x_wconf 91' lang='lat' dir='ltr'><strong>in</strong></span> <span class='ocrx_word' id='word_1_692' title='bbox 754 2695 864 2724; x_wconf 87' lang='lat' dir='ltr'><strong>fratrem</strong></span> <span class='ocrx_word' id='word_1_693' title='bbox 885 2698 973 2732; x_wconf 87' lang='lat' dir='ltr'><strong>ipsius</strong></span> 
     </span>
    </p>
   </div>
   <div class='ocr_carea' id='block_1_101' title="bbox 188 2732 972 2775">
    <p class='ocr_par' dir='ltr' id='par_1_101' title="bbox 188 2732 972 2775">
     <span class='ocr_line' id='line_1_101' title="bbox 188 2732 972 2775; baseline 0.015 -18"><span class='ocrx_word' id='word_1_694' title='bbox 188 2732 378 2761; x_wconf 73' lang='lat' dir='ltr'><strong>Constantium</strong></span> <span class='ocrx_word' id='word_1_695' title='bbox 400 2735 493 2764; x_wconf 65' lang='lat' dir='ltr'><strong>Romae</strong></span> <span class='ocrx_word' id='word_1_696' title='bbox 511 2738 617 2766; x_wconf 85' lang='lat' dir='ltr'><strong>irruens</strong></span> <span class='ocrx_word' id='word_1_697' title='bbox 634 2740 776 2772; x_wconf 69' lang='lat' dir='ltr'><strong>pratfettus</strong></span> <span class='ocrx_word' id='word_1_698' title='bbox 792 2742 903 2775; x_wconf 85' lang='lat' dir='ltr'><strong>quidam</strong></span> <span class='ocrx_word' id='word_1_699' title='bbox 923 2752 972 2771; x_wconf 85' lang='lat' dir='ltr'><strong>no-</strong></span> 
     </span>
    </p>
   </div>
   <div class='ocr_carea' id='block_1_102' title="bbox 189 2779 971 2818">
    <p class='ocr_par' dir='ltr' id='par_1_102' title="bbox 189 2779 971 2818">
     <span class='ocr_line' id='line_1_102' title="bbox 189 2779 971 2818; baseline 0.018 -15"><span class='ocrx_word' id='word_1_700' title='bbox 189 2779 260 2805; x_wconf 89' lang='lat' dir='ltr'><strong>mine</strong></span> <span class='ocrx_word' id='word_1_701' title='bbox 285 2779 437 2808; x_wconf 80' lang='lat' dir='ltr'><strong>Maxentius</strong></span> <span class='ocrx_word' id='word_1_702' title='bbox 462 2783 548 2817; x_wconf 75' lang='lat' dir='ltr'><strong>ipsurtt</strong></span> <span class='ocrx_word' id='word_1_703' title='bbox 573 2785 682 2812; x_wconf 87' lang='lat' dir='ltr'><strong>occidit.</strong></span> <span class='ocrx_word' id='word_1_704' title='bbox 708 2786 768 2818; x_wconf 87' lang='lat' dir='ltr'><strong>Quo</strong></span> <span class='ocrx_word' id='word_1_705' title='bbox 790 2789 882 2815; x_wconf 81' lang='lat' dir='ltr'><strong>audito</strong></span> <span class='ocrx_word' id='word_1_706' title='bbox 898 2790 971 2816; x_wconf 67' lang='lat' dir='ltr'><strong>(Ion-</strong></span> 
     </span>
    </p>
   </div>
   <div class='ocr_carea' id='block_1_103' title="bbox 187 2825 967 2869">
    <p class='ocr_par' dir='ltr' id='par_1_103' title="bbox 187 2825 967 2869">
     <span class='ocr_line' id='line_1_103' title="bbox 187 2825 967 2869; baseline 0.017 -21"><span class='ocrx_word' id='word_1_707' title='bbox 187 2825 322 2852; x_wconf 84' lang='lat' dir='ltr'><strong>stantintts</strong></span> <span class='ocrx_word' id='word_1_708' title='bbox 337 2825 508 2855; x_wconf 84' lang='lat' dir='ltr'><strong>Constantini</strong></span> <span class='ocrx_word' id='word_1_709' title='bbox 532 2830 602 2857; x_wconf 82' lang='lat' dir='ltr'><strong>filius</strong></span> <span class='ocrx_word' id='word_1_710' title='bbox 626 2831 708 2858; x_wconf 74' lang='lat' dir='ltr'><strong>misso</strong></span> <span class='ocrx_word' id='word_1_711' title='bbox 725 2834 843 2860; x_wconf 82' lang='lat' dir='ltr'><strong>exercitu</strong></span> <span class='ocrx_word' id='word_1_712' title='bbox 870 2842 967 2869; x_wconf 77' lang='lat' dir='ltr'><strong>magno</strong></span> 
     </span>
    </p>
   </div>
   <div class='ocr_carea' id='block_1_104' title="bbox 226 2884 490 2922">
    <p class='ocr_par' dir='ltr' id='par_1_104' title="bbox 226 2884 490 2922">
     <span class='ocr_line' id='line_1_104' title="bbox 226 2884 490 2922; baseline 0.011 -12"><span class='ocrx_word' id='word_1_713' title='bbox 226 2884 246 2900; x_wconf 79' lang='lat'><strong><em>&quot;</em></strong></span> <span class='ocrx_word' id='word_1_714' title='bbox 262 2884 321 2912; x_wconf 79' lang='lat' dir='ltr'><strong>Act.</strong></span> <span class='ocrx_word' id='word_1_715' title='bbox 339 2893 364 2915; x_wconf 77' lang='grc' dir='ltr'>ι,</span> <span class='ocrx_word' id='word_1_716' title='bbox 385 2887 414 2912; x_wconf 74' lang='grc'><strong>15</strong></span> <span class='ocrx_word' id='word_1_717' title='bbox 431 2894 490 2922; x_wconf 69' lang='lat' dir='ltr'><strong>Sqq.</strong></span> 
     </span>
    </p>
   </div>
   <div class='ocr_carea' id='block_1_105' title="bbox 1024 2287 1814 2323">
    <p class='ocr_par' dir='ltr' id='par_1_105' title="bbox 1024 2287 1814 2323">
     <span class='ocr_line' id='line_1_105' title="bbox 1024 2287 1814 2323; baseline 0.004 -10"><span class='ocrx_word' id='word_1_718' title='bbox 1024 2287 1085 2314; x_wconf 88' lang='lat' dir='ltr'><strong>detn</strong></span> <span class='ocrx_word' id='word_1_719' title='bbox 1102 2292 1128 2314; x_wconf 87' lang='lat' dir='ltr'><strong>ct</strong></span> <span class='ocrx_word' id='word_1_720' title='bbox 1143 2288 1308 2315; x_wconf 85' lang='lat' dir='ltr'><strong>sententiam</strong></span> <span class='ocrx_word' id='word_1_721' title='bbox 1325 2289 1371 2323; x_wconf 89' lang='lat' dir='ltr'><strong>qui</strong></span> <span class='ocrx_word' id='word_1_722' title='bbox 1387 2289 1629 2323; x_wconf 85' lang='lat' dir='ltr'><strong>amplecterentur,</strong></span> <span class='ocrx_word' id='word_1_723' title='bbox 1652 2291 1763 2319; x_wconf 87' lang='lat' dir='ltr'><strong>nomine</strong></span> <span class='ocrx_word' id='word_1_724' title='bbox 1780 2291 1814 2318; x_wconf 84' lang='lat' dir='ltr'><strong>ah</strong></span> 
     </span>
    </p>
   </div>
   <div class='ocr_carea' id='block_1_106' title="bbox 1024 2332 1814 2366">
    <p class='ocr_par' dir='ltr' id='par_1_106' title="bbox 1024 2332 1814 2366">
     <span class='ocr_line' id='line_1_106' title="bbox 1024 2332 1814 2366; baseline 0.008 -8"><span class='ocrx_word' id='word_1_725' title='bbox 1024 2332 1109 2366; x_wconf 86' lang='lat' dir='ltr'><strong>ipsius</strong></span> <span class='ocrx_word' id='word_1_726' title='bbox 1125 2333 1245 2366; x_wconf 87' lang='lat' dir='ltr'><strong>nomine,</strong></span> <span class='ocrx_word' id='word_1_727' title='bbox 1263 2333 1340 2366; x_wconf 83' lang='lat' dir='ltr'><strong>Ario,</strong></span> <span class='ocrx_word' id='word_1_728' title='bbox 1355 2334 1473 2363; x_wconf 91' lang='lat' dir='ltr'><strong>deducto</strong></span> <span class='ocrx_word' id='word_1_729' title='bbox 1489 2335 1583 2363; x_wconf 79' lang='lat' dir='ltr'><strong>Ariani</strong></span> <span class='ocrx_word' id='word_1_730' title='bbox 1602 2336 1713 2364; x_wconf 79' lang='lat' dir='ltr'><strong>vocitati</strong></span> <span class='ocrx_word' id='word_1_731' title='bbox 1736 2341 1814 2364; x_wconf 85' lang='lat' dir='ltr'><strong>sunt.</strong></span> 
     </span>
    </p>
   </div>
   <div class='ocr_carea' id='block_1_107' title="bbox 1024 2379 1815 2414">
    <p class='ocr_par' dir='ltr' id='par_1_107' title="bbox 1024 2379 1815 2414">
     <span class='ocr_line' id='line_1_107' title="bbox 1024 2379 1815 2414; baseline 0.006 -9"><span class='ocrx_word' id='word_1_732' title='bbox 1024 2379 1222 2414; x_wconf 82' lang='lat' dir='ltr'><strong>Attnoiutperii</strong></span> <span class='ocrx_word' id='word_1_733' title='bbox 1250 2379 1404 2408; x_wconf 83' lang='lat' dir='ltr'><strong>Constantii</strong></span> <span class='ocrx_word' id='word_1_734' title='bbox 1422 2381 1469 2408; x_wconf 81' lang='lat' dir='ltr'><strong>filii</strong></span> <span class='ocrx_word' id='word_1_735' title='bbox 1493 2382 1668 2411; x_wconf 83' lang='lat' dir='ltr'><strong>Constantini</strong></span> <span class='ocrx_word' id='word_1_736' title='bbox 1692 2385 1815 2411; x_wconf 87' lang='lat' dir='ltr'><strong>secundo</strong></span> 
     </span>
    </p>
   </div>
   <div class='ocr_carea' id='block_1_108' title="bbox 1024 2425 1813 2462">
    <p class='ocr_par' dir='ltr' id='par_1_108' title="bbox 1024 2425 1813 2462">
     <span class='ocr_line' id='line_1_108' title="bbox 1024 2425 1813 2462; baseline 0.008 -11"><span class='ocrx_word' id='word_1_737' title='bbox 1024 2425 1191 2452; x_wconf 90' lang='lat' dir='ltr'><strong>constitutus</strong></span> <span class='ocrx_word' id='word_1_738' title='bbox 1210 2430 1252 2452; x_wconf 81' lang='lat' dir='ltr'><strong>est</strong></span> <span class='ocrx_word' id='word_1_739' title='bbox 1269 2426 1420 2461; x_wconf 77' lang='lat' dir='ltr'><strong>Cyprianus</strong></span> <span class='ocrx_word' id='word_1_740' title='bbox 1435 2428 1589 2462; x_wconf 88' lang='lat' dir='ltr'><strong>patriarcha</strong></span> <span class='ocrx_word' id='word_1_741' title='bbox 1612 2429 1813 2462; x_wconf 78' lang='lat' dir='ltr'><strong>Antioehettus,</strong></span> 
     </span>
    </p>
   </div>
   <div class='ocr_carea' id='block_1_109' title="bbox 1028 2473 1812 2509">
    <p class='ocr_par' dir='ltr' id='par_1_109' title="bbox 1028 2473 1812 2509">
     <span class='ocr_line' id='line_1_109' title="bbox 1028 2473 1812 2509; baseline 0.008 -11"><span class='ocrx_word' id='word_1_742' title='bbox 1028 2473 1075 2506; x_wconf 93' lang='lat' dir='ltr'><strong>qui</strong></span> <span class='ocrx_word' id='word_1_743' title='bbox 1094 2473 1212 2500; x_wconf 83' lang='lat' dir='ltr'><strong>Arianus</strong></span> <span class='ocrx_word' id='word_1_744' title='bbox 1224 2479 1293 2506; x_wconf 87' lang='lat' dir='ltr'><strong>erat,</strong></span> <span class='ocrx_word' id='word_1_745' title='bbox 1309 2479 1336 2500; x_wconf 88' lang='lat' dir='ltr'><strong>ct</strong></span> <span class='ocrx_word' id='word_1_746' title='bbox 1352 2482 1415 2501; x_wconf 84' lang='lat' dir='ltr'><strong>cum</strong></span> <span class='ocrx_word' id='word_1_747' title='bbox 1437 2475 1577 2502; x_wconf 86' lang='lat' dir='ltr'><strong>biennium</strong></span> <span class='ocrx_word' id='word_1_748' title='bbox 1596 2476 1722 2509; x_wconf 87' lang='lat' dir='ltr'><strong>sedisset,</strong></span> <span class='ocrx_word' id='word_1_749' title='bbox 1741 2485 1812 2505; x_wconf 84' lang='lat' dir='ltr'><strong>utor-</strong></span> 
     </span>
    </p>
   </div>
   <div class='ocr_carea' id='block_1_110' title="bbox 1027 2519 1813 2556">
    <p class='ocr_par' dir='ltr' id='par_1_110' title="bbox 1027 2519 1813 2556">
     <span class='ocr_line' id='line_1_110' title="bbox 1027 2519 1813 2556; baseline 0.008 -11"><span class='ocrx_word' id='word_1_750' title='bbox 1027 2522 1092 2546; x_wconf 84' lang='lat' dir='ltr'><strong>tuus</strong></span> <span class='ocrx_word' id='word_1_751' title='bbox 1111 2522 1163 2546; x_wconf 84' lang='lat' dir='ltr'><strong>est.</strong></span> <span class='ocrx_word' id='word_1_752' title='bbox 1187 2519 1266 2546; x_wconf 88' lang='lat' dir='ltr'><strong>Anno</strong></span> <span class='ocrx_word' id='word_1_753' title='bbox 1281 2520 1384 2554; x_wconf 84' lang='lat' dir='ltr'><strong>imperii</strong></span> <span class='ocrx_word' id='word_1_754' title='bbox 1399 2521 1458 2556; x_wconf 88' lang='lat' dir='ltr'><strong>ejus</strong></span> <span class='ocrx_word' id='word_1_755' title='bbox 1477 2527 1577 2556; x_wconf 87' lang='lat' dir='ltr'><strong>quarto</strong></span> <span class='ocrx_word' id='word_1_756' title='bbox 1595 2522 1681 2550; x_wconf 77' lang='lat' dir='ltr'><strong>fat-tus</strong></span> <span class='ocrx_word' id='word_1_757' title='bbox 1699 2529 1740 2551; x_wconf 90' lang='lat' dir='ltr'><strong>est</strong></span> <span class='ocrx_word' id='word_1_758' title='bbox 1755 2524 1813 2551; x_wconf 85' lang='lat' dir='ltr'><strong>Bla-</strong></span> 
     </span>
    </p>
   </div>
   <div class='ocr_carea' id='block_1_111' title="bbox 1033 2563 1813 2604">
    <p class='ocr_par' dir='ltr' id='par_1_111' title="bbox 1033 2563 1813 2604">
     <span class='ocr_line' id='line_1_111' title="bbox 1033 2563 1813 2604; baseline 0.009 -14"><span class='ocrx_word' id='word_1_759' title='bbox 1033 2563 1090 2590; x_wconf 87' lang='lat' dir='ltr'><strong>sius</strong></span> <span class='ocrx_word' id='word_1_760' title='bbox 1119 2563 1273 2598; x_wconf 79' lang='lat' dir='ltr'><strong>patriarcha</strong></span> <span class='ocrx_word' id='word_1_761' title='bbox 1296 2564 1495 2598; x_wconf 85' lang='lat' dir='ltr'><strong>Autioehenns,</strong></span> <span class='ocrx_word' id='word_1_762' title='bbox 1516 2567 1561 2602; x_wconf 88' lang='lat' dir='ltr'><strong>qui</strong></span> <span class='ocrx_word' id='word_1_763' title='bbox 1586 2575 1673 2596; x_wconf 84' lang='lat' dir='ltr'><strong>annos</strong></span> <span class='ocrx_word' id='word_1_764' title='bbox 1694 2575 1813 2604; x_wconf 83' lang='lat' dir='ltr'><strong>quatuor</strong></span> 
     </span>
    </p>
   </div>
   <div class='ocr_carea' id='block_1_112' title="bbox 1029 2607 1810 2642">
    <p class='ocr_par' dir='ltr' id='par_1_112' title="bbox 1029 2607 1810 2642">
     <span class='ocr_line' id='line_1_112' title="bbox 1029 2607 1810 2642; baseline 0.009 -8"><span class='ocrx_word' id='word_1_765' title='bbox 1029 2607 1111 2640; x_wconf 83' lang='lat' dir='ltr'><strong>sedit,</strong></span> <span class='ocrx_word' id='word_1_766' title='bbox 1128 2608 1190 2636; x_wconf 87' lang='lat' dir='ltr'><strong>dein</strong></span> <span class='ocrx_word' id='word_1_767' title='bbox 1215 2613 1340 2636; x_wconf 89' lang='lat' dir='ltr'><strong>tnortttus</strong></span> <span class='ocrx_word' id='word_1_768' title='bbox 1360 2615 1413 2638; x_wconf 85' lang='lat' dir='ltr'><strong>est.</strong></span> <span class='ocrx_word' id='word_1_769' title='bbox 1435 2609 1483 2639; x_wconf 82' lang='lat' dir='ltr'><strong>Hic</strong></span> <span class='ocrx_word' id='word_1_770' title='bbox 1498 2613 1581 2640; x_wconf 87' lang='lat' dir='ltr'><strong>etiam</strong></span> <span class='ocrx_word' id='word_1_771' title='bbox 1605 2614 1724 2641; x_wconf 66' lang='lat' dir='ltr'><strong>Arianus</strong></span> <span class='ocrx_word' id='word_1_772' title='bbox 1750 2615 1810 2642; x_wconf 91' lang='lat' dir='ltr'><strong>fuit.</strong></span> 
     </span>
    </p>
   </div>
   <div class='ocr_carea' id='block_1_113' title="bbox 1027 2653 1812 2695">
    <p class='ocr_par' dir='ltr' id='par_1_113' title="bbox 1027 2653 1812 2695">
     <span class='ocr_line' id='line_1_113' title="bbox 1027 2653 1812 2695; baseline 0.01 -15"><span class='ocrx_word' id='word_1_773' title='bbox 1027 2654 1106 2680; x_wconf 81' lang='lat' dir='ltr'><strong>Auno</strong></span> <span class='ocrx_word' id='word_1_774' title='bbox 1118 2653 1239 2688; x_wconf 85' lang='lat' dir='ltr'><strong>ejusdem</strong></span> <span class='ocrx_word' id='word_1_775' title='bbox 1255 2659 1349 2682; x_wconf 87' lang='lat' dir='ltr'><strong>octavo</strong></span> <span class='ocrx_word' id='word_1_776' title='bbox 1374 2655 1462 2684; x_wconf 75' lang='lat' dir='ltr'><strong>faetus</strong></span> <span class='ocrx_word' id='word_1_777' title='bbox 1477 2662 1519 2685; x_wconf 87' lang='lat' dir='ltr'><strong>est</strong></span> <span class='ocrx_word' id='word_1_778' title='bbox 1534 2658 1674 2687; x_wconf 83' lang='lat' dir='ltr'><strong>Enstatius</strong></span> <span class='ocrx_word' id='word_1_779' title='bbox 1697 2661 1812 2695; x_wconf 83' lang='lat' dir='ltr'><strong>patriar-</strong></span> 
     </span>
    </p>
   </div>
   <div class='ocr_carea' id='block_1_114' title="bbox 1024 2699 1804 2740">
    <p class='ocr_par' dir='ltr' id='par_1_114' title="bbox 1024 2699 1804 2740">
     <span class='ocr_line' id='line_1_114' title="bbox 1024 2699 1804 2740; baseline 0.012 -15"><span class='ocrx_word' id='word_1_780' title='bbox 1024 2699 1073 2726; x_wconf 84' lang='lat' dir='ltr'><strong>cha</strong></span> <span class='ocrx_word' id='word_1_781' title='bbox 1087 2700 1284 2733; x_wconf 83' lang='lat' dir='ltr'><strong>Antiocltenus,</strong></span> <span class='ocrx_word' id='word_1_782' title='bbox 1309 2702 1355 2736; x_wconf 91' lang='lat' dir='ltr'><strong>qui</strong></span> <span class='ocrx_word' id='word_1_783' title='bbox 1383 2709 1469 2730; x_wconf 89' lang='lat' dir='ltr'><strong>annos</strong></span> <span class='ocrx_word' id='word_1_784' title='bbox 1489 2704 1610 2740; x_wconf 80' lang='lat' dir='ltr'><strong>quinque</strong></span> <span class='ocrx_word' id='word_1_785' title='bbox 1633 2706 1715 2736; x_wconf 76' lang='lat' dir='ltr'><strong>sedit.</strong></span> <span class='ocrx_word' id='word_1_786' title='bbox 1740 2707 1804 2734; x_wconf 84' lang='lat' dir='ltr'><strong>dein</strong></span> 
     </span>
    </p>
   </div>
   <div class='ocr_carea' id='block_1_115' title="bbox 1026 2748 1808 2788">
    <p class='ocr_par' dir='ltr' id='par_1_115' title="bbox 1026 2748 1808 2788">
     <span class='ocr_line' id='line_1_115' title="bbox 1026 2748 1808 2788; baseline 0.012 -17"><span class='ocrx_word' id='word_1_787' title='bbox 1026 2750 1151 2773; x_wconf 88' lang='lat' dir='ltr'><strong>tnortuus</strong></span> <span class='ocrx_word' id='word_1_788' title='bbox 1165 2749 1227 2773; x_wconf 87' lang='lat' dir='ltr'><strong>est:</strong></span> <span class='ocrx_word' id='word_1_789' title='bbox 1251 2748 1296 2782; x_wconf 80' lang='lat' dir='ltr'><strong>qui</strong></span> <span class='ocrx_word' id='word_1_790' title='bbox 1324 2748 1408 2775; x_wconf 88' lang='lat' dir='ltr'><strong>etiam</strong></span> <span class='ocrx_word' id='word_1_791' title='bbox 1437 2750 1565 2778; x_wconf 79' lang='lat' dir='ltr'><strong>Arianus.</strong></span> <span class='ocrx_word' id='word_1_792' title='bbox 1587 2752 1665 2778; x_wconf 86' lang='lat' dir='ltr'><strong>Anno</strong></span> <span class='ocrx_word' id='word_1_793' title='bbox 1686 2753 1808 2788; x_wconf 76' lang='lat' dir='ltr'><strong>ejusdem</strong></span> 
     </span>
    </p>
   </div>
   <div class='ocr_carea' id='block_1_116' title="bbox 1024 2791 1809 2831">
    <p class='ocr_par' dir='ltr' id='par_1_116' title="bbox 1024 2791 1809 2831">
     <span class='ocr_line' id='line_1_116' title="bbox 1024 2791 1809 2831; baseline 0.013 -14"><span class='ocrx_word' id='word_1_794' title='bbox 1024 2791 1130 2818; x_wconf 84' lang='lat' dir='ltr'><strong>decimo</strong></span> <span class='ocrx_word' id='word_1_795' title='bbox 1146 2793 1226 2820; x_wconf 86' lang='lat' dir='ltr'><strong>tertio</strong></span> <span class='ocrx_word' id='word_1_796' title='bbox 1240 2797 1350 2822; x_wconf 76' lang='lat' dir='ltr'><strong>creatus</strong></span> <span class='ocrx_word' id='word_1_797' title='bbox 1364 2801 1405 2823; x_wconf 89' lang='lat' dir='ltr'><strong>est</strong></span> <span class='ocrx_word' id='word_1_798' title='bbox 1423 2795 1477 2823; x_wconf 89' lang='lat' dir='ltr'><strong>Leo</strong></span> <span class='ocrx_word' id='word_1_799' title='bbox 1489 2798 1644 2831; x_wconf 85' lang='lat' dir='ltr'><strong>patriarcha</strong></span> <span class='ocrx_word' id='word_1_800' title='bbox 1661 2800 1809 2827; x_wconf 75' lang='grc' dir='ltr'><strong>Λιιιί‹›‹·1ιε‹</strong></span> 
     </span>
    </p>
   </div>
   <div class='ocr_carea' id='block_1_117' title="bbox 1034 2838 1809 2877">
    <p class='ocr_par' dir='ltr' id='par_1_117' title="bbox 1034 2838 1809 2877">
     <span class='ocr_line' id='line_1_117' title="bbox 1034 2838 1809 2877; baseline 0.013 -14"><span class='ocrx_word' id='word_1_801' title='bbox 1034 2845 1095 2869; x_wconf 69' lang='grc' dir='ltr'>ιιις,</span> <span class='ocrx_word' id='word_1_802' title='bbox 1114 2838 1170 2871; x_wconf 74' lang='lat' dir='ltr'><strong>ipso</strong></span> <span class='ocrx_word' id='word_1_803' title='bbox 1185 2839 1265 2866; x_wconf 83' lang='lat' dir='ltr'><strong>ctiam</strong></span> <span class='ocrx_word' id='word_1_804' title='bbox 1282 2840 1408 2874; x_wconf 81' lang='lat' dir='ltr'><strong>Arianus,</strong></span> <span class='ocrx_word' id='word_1_805' title='bbox 1427 2843 1472 2870; x_wconf 87' lang='lat' dir='ltr'><strong>ubi</strong></span> <span class='ocrx_word' id='word_1_806' title='bbox 1497 2851 1592 2871; x_wconf 80' lang='lat' dir='ltr'><strong>novem</strong></span> <span class='ocrx_word' id='word_1_807' title='bbox 1622 2854 1707 2872; x_wconf 77' lang='lat' dir='ltr'><strong>anth</strong></span> <span class='ocrx_word' id='word_1_808' title='bbox 1729 2846 1809 2877; x_wconf 80' lang='lat' dir='ltr'><strong>scdit,</strong></span> 
     </span>
    </p>
   </div>
  </div>
