2015 3081
208 155 277 187 1015

720 162 905 192 EUTYCIIII
926 163 1195 194 ALEXANDRINI
1214 165 1323 196 PATR.

1762 164 1830 195 1016

203 221 268 248 dei“
297 227 424 252 mortuus
440 230 492 253 est,
516 226 666 260 Imperator
691 226 872 263 577-579
897 235 986 256 θυιρηι
1002 220 1024 248 Α
1042 219 1128 252 ipsutn
1154 219 1309 247 trucidandi
1336 219 1439 251 animo,
1468 219 1556 246 adorti
1586 223 1661 246 sunt.
1688 218 1739 251 Qui
1765 227 1828 246 cum

208 267 292 295 misso
318 268 454 302 Eudoxio,
473 271 549 298 urbis
574 271 707 299 Jertnana:
733 274 873 308 episcopo,
898 274 987 308 ipsnnt

205 313 358 341 Antiochiae
381 316 564 349 patriarcham
591 317 720 352 przefecit.
750 318 916 347 Manichacus
945 321 988 348 hic

207 365 281 392 erat;
300 360 425 387 eumdem
450 369 511 388 cuttt
528 362 666 390 biennium
684 365 836 392 Antiochia:
858 366 986 399 sedisset,

205 405 353 438 imperator
366 405 623 441 Constantinopolin
647 411 796 442 transtulit,
824 410 868 437 ubi
894 411 986 438 decem

204 452 283 478 annis
299 459 413 480 munere
433 454 610 487 patriarchali
634 455 745 483 {unctus
763 461 814 488 est,
831 457 894 484 dein
917 466 988 485 mor-

204 500 277 522 tuus.
291 495 372 523 Anno
387 497 518 525 vicesimo
539 501 661 527 secundo
679 501 785 535 impetii
812 501 899 536 ipsius
921 511 989 530 oon-

202 541 315 568 stittttus
335 547 377 570 est
407 544 574 573 Athanasius
602 547 756 580 patriarcha
780 548 998 581 Antiochenus,

201 586 247 620 qui
264 593 289 614 et
308 587 474 617 Maniclnetts
490 590 555 624 fuit;
573 592 617 618 ttbi
636 600 697 619 cum
712 597 830 627 quatuor
842 601 928 621 attnos
942 603 988 622 se-

201 631 298 664 disset,
325 639 451 663 mortuus
475 641 526 663 est.
551 635 624 663 idem
652 646 698 664 rex
720 646 792 665 attno
819 639 925 673 imperii
945 641 988 667 sui

202 678 302 711 primo,
328 678 413 707 Paulo
440 682 597 716 patriarcha
623 683 931 719 Constantinopolitano
961 686 988 713 in

200 724 328 752 exsiliunt
354 726 451 759 ntissm
476 728 535 755 rice
550 728 609 761 ejus
626 729 784 760 Eusebium.
800 731 881 758 etiam
904 731 989 759 Matti-

202 769 319 802 chteum,
343 772 527 806 patriarchatn
554 775 653 802 ibidem
679 777 838 807 constituit:
861 778 908 812 qui
927 786 988 804 cum

203 820 259 842 lft‘S
273 824 360 844 annos
373 818 503 850 sedisset,
521 825 647 848 mortuus
663 826 716 848 CSI.

235 862 295 894 Quo
317 871 383 897 ergo
403 870 530 899 mortuo,
560 866 710 902 imperator
732 868 846 895 Paulum
875 871 990 903 patriar-

199 908 292 941 citam,
311 917 325 935 a
345 918 375 937 se
395 911 500 945 pridem
518 913 680 946 relegatum,
702 914 838 941 cathedrae
861 923 918 942 sua:
947 923 990 941 re-

200 954 301 985 stituit.
320 963 401 990 quatn
421 961 477 984 tres
495 965 580 984 annos
597 961 753 993 occupavit,
777 961 839 987 dein
862 965 989 988 mortuus

198 1005 250 1025 rst.
269 1003 350 1028 Anno
374 1002 482 1037 imperii
505 1004 628 1038 ejusdem
643 1002 751 1032 decimo
767 1008 933 1034 constitutus
947 1012 990 1034 t-st

202 1045 378 1075 Macedonius
400 1050 556 1083 patriarcha
581 1050 915 1086 Constantinopolitauus,
939 1057 990 1088 qui

200 1091 335 1125 Spiritum
362 1100 488 1123 sanctum
508 1102 630 1124 creatum
655 1106 715 1125 esse
739 1101 876 1131 asseruit;
895 1100 988 1127 deet-tn

199 1145 287 1164 annos
314 1139 398 1171 sedit,
417 1141 480 1168 deitt
500 1146 626 1169 mortuus
645 1147 697 1170 est.
720 1143 797 1170 Anno
816 1144 922 1178 imperii
944 1145 987 1172 stti

197 1179 334 1209 vicesimo
355 1184 445 1217 primo
460 1185 611 1219 imperator
628 1186 782 1214 Eudoxium
802 1189 986 1222 patriarcltam

197 1225 400 1255 Antiochenum
415 1249 423 1261 ,
448 1229 706 1266 Constantinopolin
730 1235 905 1264 translatum.
938 1234 989 1260 ibi-

198 1272 260 1299 dem
278 1274 462 1308 patriarcham
477 1277 624 1303 constituit
642 1286 649 1304 :
668 1278 717 1305 fuit
734 1279 777 1306 hic
800 1279 985 1312 Manichacus;

198 1319 291 1346 decem
320 1327 408 1348 annos
436 1321 527 1354 sedit,
555 1321 619 1349 dein
652 1329 779 1351 mortuus
805 1329 858 1352 est.
886 1325 983 1358 Porro,

197 1363 320 1399 Egyptii
339 1369 423 1400 atque
444 1367 636 1398 Alexandrini.
651 1377 713 1396 cum
730 1370 855 1403 plerique
889 1371 986 1398 Ariani

197 1415 224 1438 et
251 1410 392 1438 Manichaei
420 1417 531 1444 essent,
561 1414 671 1449 (Επεὶ)νωί
702 1420 784 1450 atque
813 1416 986 1444 Alexandriae

197 1457 329 1484 ecclesias
342 1464 511 1493 occupantes
527 1459 611 1495 480
628 1468 674 1487 eas
690 1465 847 1494 tenuerunt,
865 1471 915 1490 nec
930 1471 983 1491 non

198 1503 226 1530 in
242 1503 424 1531 Athanasium
442 1505 629 1540 patriarcham
648 1507 875 1541 Alexandrinum,
895 1509 982 1544 ipsutn

1007 894 1024 918 ii

1042 265 1104 298 fuga
1120 273 1148 291 se
1165 266 1198 292 ab
1216 265 1281 299 ipsis
1297 266 1454 300 eripuisset,
1473 265 1510 291 illi
1524 264 1679 291 llcracliutn
1699 264 1830 292 llieroso-

1041 311 1120 346 lytnis
1132 312 1289 345 episcopum
1307 311 1504 345 pra-fecerunt,
1519 310 1571 338 fuit
1587 311 1609 338 is
1628 311 1759 342 Arianus,
1776 317 1831 337 tres

1041 364 1128 383 annos
1146 357 1227 388 sedit,
1244 356 1307 383 dein
1324 362 1448 384 mortuus
1464 361 1516 383 est.
1531 357 1610 383 Auno
1632 356 1738 391 imperii
1755 357 1830 390 ejus—

1039 401 1100 427 dem
1127 401 1248 428 seeundo
1273 406 1384 428 creatus
1410 406 1453 428 est
1479 401 1644 429 Meletianus
1672 402 1830 436 patriarcha

1039 447 1237 479 Aotiochcnus,
1262 447 1309 482 qui
1334 447 1504 475 orthodoxus
1530 447 1702 479 fuit;aunos
1731 447 1826 482 rigiuti

1039 492 1160 527 quinque
1184 493 1267 524 sedit,
1294 493 1373 527 cujus
1398 494 1570 527 praelectum:
1600 501 1672 520 anno
1699 494 1830 521 vicesimo

1041 539 1130 573 priuto
1146 539 1317 566 celebratum
1344 544 1385 567 est
1414 539 1656 573 Constantinopoli
1683 541 1828 566 concilium

1040 585 1204 612 secundum.
1217 585 1274 613 Sub
1286 586 1338 613 ltoc
1354 586 1519 621 imperatore
1535 586 1692 621 patriarcha
1707 587 1814 613 Alt-Ian
1825 587 1839 605 ι’

1039 631 1135 659 drintts
1150 631 1200 658 fuit
1214 631 1395 664 Athanasius;
1414 632 1737 666 Constantinopolitauus
1750 653 1758 664 ,
1774 633 1813 659 litt
1833 634 1838 643 '

1041 675 1144 703 doxius
1169 676 1351 709 Manichacus;
1382 676 1532 709 Romanus,
1562 677 1700 704 Liuarius.
1728 672 1843 703 Eotlem'

1040 722 1192 757 imperante
1219 723 1311 750 ﬂoruit
1335 723 1453 750 Basilius
1480 723 1611 751 Caesarem
1637 723 1830 758 CappadOcix.

1039 776 1101 802 quae
1127 769 1153 795 itt
1184 769 1370 797 Romanorum
1390 769 1494 796 ditione
1510 774 1562 800 est.
1587 769 1753 804 episc0ptts;
1779 777 1830 796 nec

1041 822 1094 842 non
1118 814 1284 849 Gregorius,
1308 814 1427 842 Naziazu
1454 814 1715 849 episcoptts:urhis
1738 819 1828 840 autem

1041 861 1120 888 istius
1148 860 1267 889 Naziazu
1294 860 1393 889 incolae
1418 868 1515 887 omnes
1538 859 1613 887 Sabii
1643 865 1732 887 erant.
1757 859 1826 886 Cum

1044 913 1109 940 ergo
1125 905 1271 941 Gregorius
1294 907 1442 940 episcopus
1468 906 1658 933 Nazianzenus
1679 905 1830 933 orationem

1049 951 1161 979 haberet
1190 952 1217 979 in
1244 951 1333 978 Natali
1361 951 1462 979 Christi
1494 951 1600 978 Domini
1630 951 1728 983 nostri,
1752 950 1832 984 cujus

1045 998 1125 1026 initio
1151 997 1278 1025 diceret:
1296 997 1382 1026 Natus
1411 1003 1453 1026 est
1481 997 1628 1029 Christus,
1660 996 1833 1031 gloriﬁcate;

1044 1044 1172 1072 Christus
1197 1043 1230 1070 de
1258 1043 1340 1076 caelo,
1363 1044 1501 1078 excipite;
1529 1043 1658 1071 Christus
1680 1043 1707 1070 itt
1736 1047 1830 1074 terra,

1044 1091 1180 1123 exaltate;
1197 1097 1316 1125 eamque
1332 1098 1425 1117 coram
1444 1090 1510 1124 ipsis
1538 1090 1692 1122 recitasset,
1721 1089 1738 1116 ii
1765 1089 1830 1116 illu-

1043 1137 1141 1165 dentes
1157 1137 1246 1171 ipsum
1261 1136 1377 1164 irridere
1395 1142 1548 1170 «cperunt.
1563 1136 1634 1163 Cum
1647 1143 1712 1170 ergo
1726 1135 1830 1162 adven-

1043 1188 1148 1210 tasseat
1177 1182 1329 1217 Epiphania
1354 1182 1434 1210 aiiattt
1459 1183 1541 1209 etiam
1567 1181 1652 1218 m
1676 1182 1828 1208 orationem

1043 1228 1208 1262 composuit,
1234 1227 1260 1254 in
1278 1235 1332 1262 qua
1348 1227 1495 1254 Sabiorum
1511 1228 1672 1261 religionem
1694 1227 1828 1257 traduxit,

1043 1275 1174 1308 ipsosque
1201 1274 1309 1307 probris
1334 1273 1436 1306 al'l‘ecit,
1455 1281 1515 1301 eatn
1541 1274 1646 1301 sciliret
1673 1273 1724 1300 sub
1748 1273 1830 1307 cujus

1043 1320 1152 1347 initiuttt
1183 1319 1270 1347 dicit:
1289 1319 1410 1347 Rursum
1437 1319 1516 1347 Jestts
1542 1328 1636 1349 meus,
1662 1325 1690 1346 et
1716 1327 1826 1346 rursum

1042 1365 1212 1401 mysterium.
1232 1365 1368 1400 Tempore
1389 1367 1471 1393 etiam
1494 1365 1597 1393 Juiiani
1620 1371 1754 1400 apostatte
1776 1365 1828 1392 lto.

1042 1413 1098 1439 rttit
1113 1411 1189 1439 Anha
1207 1412 1353 1442 Antonius,
1374 1412 1421 1446 qui
1436 1411 1543 1445 primus
1557 1417 1616 1438 crat
1632 1412 1826 1438 monachorum

1040 1457 1151 1493 Egypti
1182 1459 1320 1485 desermm
1353 1457 1542 1488 incolentium.
1577 1458 1622 1484 ubi
1652 1458 1826 1484 monasteriis

1037 1504 1187 1531 exstructis
1202 1503 1351 1531 monachos
1377 1504 1565 1538 congregavit.
1590 1502 1645 1531 Nec
1668 1512 1723 1530 non
1747 1503 1824 1530 Anba

197 1549 355 1576 trucidandi
371 1551 475 1584 animo,
490 1552 697 1584 irrtterunt.ille
712 1561 777 1581 vero
791 1554 853 1590 fuga
868 1555 902 1582 ab
919 1556 985 1590 ipsis
1000 1556 1022 1585 ο
1042 1551 1151 1578 Flavius
1175 1551 1202 1577 in
1232 1549 1311 1585 Syria
1334 1549 1380 1584 qtti
1408 1549 1513 1583 primus
1541 1555 1599 1576 erat
1625 1550 1824 1577 tnouachmum

196 1595 321 1630 dilapsus
346 1596 473 1629 delituit,
499 1606 561 1624 cum
584 1598 640 1632 jam
666 1606 780 1627 munere
808 1602 981 1635 patriarchali

196 1639 291 1667 decem
315 1642 395 1669 annis
416 1643 525 1670 functus
552 1643 667 1677 fuisset;
697 1645 921 1680 constitutusque
942 1651 983 1674 est

198 1686 357 1720 Gregorius.
373 1688 418 1722 qui
433 1687 600 1717 Manichacus
616 1689 677 1722 fuit,
695 1691 848 1724 patriarcha
863 1693 982 1720 Alexan-

199 1729 309 1760 drinus,
328 1731 374 1764 qui
390 1739 478 1758 anttos
497 1732 592 1760 decent
610 1734 692 1766 sedit,
708 1735 771 1762 deitt
788 1742 912 1764 mortuus
927 1741 980 1765 est.

198 1775 248 1802 Illo
264 1780 383 1809 mortuo,
409 1777 578 1806 Athanasius
605 1781 761 1814 patriarcha
779 1781 981 1811 Alexandrinus

196 1821 224 1849 iu
241 1822 330 1850 locum
350 1830 430 1850 suum
450 1831 587 1858 reversus,
606 1830 662 1854 tres
677 1834 764 1855 annos
781 1828 863 1855 sedit.
879 1828 979 1856 Eodem

196 1872 319 1902 tempore
329 1868 569 1904 Constantinopoli
581 1871 772 1899 Alexandriam
786 1873 898 1901 veniens
911 1882 980 1908 prte-

196 1913 285 1941 tectus
300 1914 413 1949 quidam
431 1917 543 1945 nomine
560 1917 701 1952 Syriauus,
718 1918 764 1954 qui
781 1920 901 1947 Arianus
915 1920 977 1952 I‘nit,

193 1961 376 1988 Athanasium
393 1962 579 1996 patriarcham
595 1964 621 1991 in
638 1964 727 1991 locum
739 1965 886 2000 quemdam
900 1966 980 1994 Tibe-

194 2006 269 2033 riada
302 2007 405 2035 dictum
433 2009 585 2043 relegavit,
617 2011 771 2044 patriarcha
805 2011 978 2040 Alexandriae

193 2054 343 2080 constituto
368 2054 500 2089 Georgio,
527 2055 571 2089 qui
590 2056 710 2085 Ariantts
745 2057 805 2089 fuit,
834 2065 977 2091 annosque

194 2104 242 2123 sex
259 2097 339 2124 srdit.
359 2097 424 2125 Dein
442 2099 510 2126 abiit
525 2099 658 2135 Sytianus
680 2100 825 2135 prafectus
840 2101 978 2129 Constan-

173 2151 178 2157 ’
194 2141 329 2176 tinopolin
349 2142 502 2176 petiturus;
520 2151 576 2177 quo
591 2145 753 2171 Alexandria
768 2145 891 2178 ptofecto
903 2145 977 2173 urbis

194 2187 253 2221 ejus
266 2188 363 2215 incola:
374 2188 518 2216 Melchiatti
529 2189 674 2225 Georgium
685 2190 865 2224 patriarcbam
876 2191 975 2224 adorti,

195 2235 284 2268 ipsunt
311 2235 486 2262 interfectum
505 2236 567 2270 igne
593 2241 768 2269 cretnarunt,
796 2245 978 2271 reversusque

192 2286 230 2307 est
251 2281 278 2306 in
304 2282 392 2307 locum
418 2289 498 2308 suuttt
526 2282 704 2310 Athanasius.
731 2283 833 2310 Eodem
855 2288 978 2317 tempore

193 2327 323 2360 procellis
348 2327 481 2362 agitatum
506 2336 581 2355 mare
607 2330 690 2356 ttmlta
707 2329 879 2357 Alexandria:
904 2330 976 2361 loca,

194 2379 242 2397 nee
270 2373 327 2398 non'
351 2373 494 2405 ecclesias,
512 2381 583 2408 aqua
600 2373 702 2401 obruit.
726 2373 799 2402 Obiit
813 2378 905 2401 autent
924 2375 975 2400 im-

192 2421 302 2450 perator
316 2417 495 2446 Constantius
515 2418 688 2446 Constantini
706 2419 777 2447 [ilius
801 2427 863 2447 cutn
891 2420 977 2455 impe-

193 2463 262 2490 rium
278 2471 366 2491 attnos
383 2463 479 2498 viginti
495 2468 613 2499 quatuor
627 2469 797 2500 occupasset.

230 2508 293 2536 Post
318 2517 397 2544 qucnt
427 2509 453 2536 itt
483 2509 623 2537 Romanos
647 2511 716 2538 duos
740 2519 828 2538 annos
850 2511 975 2545 regnavit

192 2555 317 2583 Julianus
335 2555 482 2590 imperator
492 2555 538 2590 qui
552 2556 629 2582 [idem
645 2556 891 2591 abnegavitﬁdque
902 2565 975 2584 anno

191 2601 265 2634 regni
284 2600 398 2635 Saporis
415 2600 462 2627 lilii
475 2601 588 2635 Saporis
599 2600 746 2628 Persarum
761 2601 832 2636 regis
844 2602 974 2629 vicesimo

191 2646 287 2677 primo.
312 2646 463 2679 Imperator
480 2647 531 2673 iste
549 2646 683 2678 Julianus.
707 2646 760 2673 iide
776 2646 972 2683 εει-483

187 2690 344 2717 Christiana
361 2691 507 2725 abnegata,
522 2691 647 2718 homines
664 2691 698 2719 ad
716 2691 850 2718 idolorum
866 2693 971 2719 ettltuttt

190 2735 320 2763 reducere
340 2735 457 2767 studuit,
480 2743 661 2770 magnamque
679 2740 828 2771 martyrum
846 2737 972 2764 multitu-

187 2780 279 2806 dinem
295 2783 384 2806 morte
397 2780 501 2807 aﬂ'ecit.
517 2781 598 2808 Anno
618 2781 724 2814 imperii
742 2781 802 2814 ejus
824 2781 922 2815 prittto,
937 2788 970 2808 ex

187 2825 286 2851 tur-olis
307 2824 577 2860 Hierosolymorum,
606 2826 653 2858 qui
680 2826 736 2852 Arii
763 2831 853 2860 partes
870 2833 970 2861 seque-

191 2870 301 2902 bantur,
325 2868 455 2907 Cyrillum
481 2869 637 2904 episcopum
674 2871 967 2906 tlict‘osolymitattunt,

1038 1596 1168 1624 Iordanis
1190 1595 1328 1623 desertum
1350 1595 1529 1623 incolentium
1545 1600 1572 1623 et
1597 1596 1624 1623 in
1647 1597 1708 1631 ipso
1728 1604 1824 1623 mona-

1036 1642 1104 1669 chos
1117 1640 1241 1675 Collegit,
1257 1645 1285 1668 et
1302 1641 1471 1668 monasteria
1491 1641 1607 1676 locaque
1623 1641 1822 1675 quamplurima

1035 1687 1184 1714 exstruxit.
1200 1685 1361 1713 Nuntiatum
1382 1692 1472 1714 autem
1490 1691 1532 1714 est
1553 1686 1664 1714 Iuliano
1689 1691 1823 1719 apostatae

1036 1732 1194 1766 imperatori
1220 1732 1352 1759 statuisse
1368 1732 1498 1767 Saporem
1523 1733 1633 1766 Saporis
1650 1732 1734 1758 lilium
1755 1731 1822 1758 Pcr-

1035 1785 1128 1805 Larum
1153 1784 1256 1811 regem,
1277 1777 1365 1810 ipstttu
1395 1778 1464 1805 bello
1485 1777 1607 1812 aggredi.
1624 1778 1731 1804 Paratis
1755 1785 1823 1812 ergo

1033 1823 1122 1857 copiis
1150 1821 1292 1857 profectus
1318 1827 1360 1849 est
1383 1822 1510 1850 Julianus
1534 1823 1586 1857 ipsi
1611 1824 1638 1850 itt
1662 1831 1820 1850 occursum.

1034 1869 1127 1901 Prarva;
1143 1873 1234 1895 autem
1248 1870 1472 1897 conversationis
1486 1869 1584 1905 ipsius,
1598 1869 1717 1904 ﬁdeique
1734 1879 1765 1896 ac
1778 1870 1822 1896 in-

1034 1915 1166 1942 tentionis
1181 1915 1259 1942 mala:
1275 1915 1374 1950 gratia.
1392 1917 1522 1950 quodque
1540 1917 1667 1944 homines
1684 1918 1717 1944 ad
1730 1916 1821 1943 idolo‘

1034 1963 1140 1988 latriam
1169 1961 1309 1996 impellere
1334 1961 1469 1994 studeret,
1495 1961 1598 1989 factum
1615 1966 1654 1989 est
1678 1968 1706 1989 ttt
1731 1962 1817 1996 ipsum

1031 2006 1126 2041 prariio
1152 2006 1290 2033 devictum
1323 2007 1488 2034 interliecrct
1521 2006 1640 2042 Saporcs
1670 2008 1816 2035 Persarum

1031 2060 1089 2084 rex,
1104 2060 1286 2087 magnamque
1302 2054 1463 2087 sequacium
1481 2054 1568 2089 ipsius
1581 2058 1700 2089 stragem
1715 2054 1818 2082 ederet.

1030 2098 1168 2126 Memoriae
1182 2103 1273 2125 autem
1292 2099 1410 2134 prodidit
1426 2099 1542 2126 Basilius
1561 2100 1692 2128 Caesareae
1712 2100 1814 2135 Cappa-

1031 2145 1117 2171 d0eiat
1133 2145 1292 2179 episcopus,
1306 2153 1335 2172 se
1346 2145 1409 2172 loco
1424 2153 1474 2172 suo
1487 2146 1628 2173 sedentem
1645 2151 1709 2173 ante
1723 2146 1818 2174 oculos

1032 2190 1151 2216 tabulam
1178 2189 1309 2216 habuisse
1335 2190 1361 2216 in
1391 2197 1445 2224 qua
1470 2190 1578 2224 depicta
1607 2195 1666 2218 erat
1689 2191 1816 2218 Mercurii

994 2229 1158 2269 Dtnartyris
1184 2234 1302 2268 eﬁigies;
1336 2234 1400 2261 dum
1430 2242 1495 2261 vero
1523 2236 1643 2262 tabulatn
1671 2236 1817 2270 inspiceret

1031 2278 1202 2312 disparuisse
1226 2279 1356 2314 martyris
1373 2279 1488 2314 eﬂigietn
1504 2289 1510 2306 :
1526 2282 1598 2315 qttod
1616 2281 1679 2308 dum
1698 2281 1742 2308 ille
1765 2282 1816 2308 tui-

1031 2328 1150 2354 rart-tur,
1171 2327 1233 2358 post
1249 2325 1388 2352 modicum
1404 2326 1535 2360 temporis
1556 2327 1675 2360 spatium
1691 2328 1814 2354 eatndetn

1029 2370 1055 2396 in
1072 2371 1191 2397 tabulam
1208 2371 1335 2404 rediisse,
1351 2376 1431 2407 atque
1448 2372 1628 2409 “5:587
1642 2373 1668 2400 in
1685 2381 1815 2401 mucrone

1029 2417 1128 2443 lanceas
1141 2416 1238 2450 qua-iu
1252 2417 1374 2451 praedicti
1387 2418 1516 2453 martyris
1530 2427 1611 2446 manu
1629 2420 1736 2453 depicta
1750 2420 1812 2450 fuit.

1028 2462 1153 2496 sanguini
1169 2462 1235 2497 quid
1253 2463 1343 2491 simile
1360 2463 1422 2491 fuit.
1439 2465 1500 2497 Quo
1516 2465 1613 2500 majori
1631 2466 1813 2494 admiratione

1027 2516 1184 2542 percussus.
1203 2508 1323 2538 Basilius
1341 2511 1489 2545 episcopus
1505 2512 1638 2540 confusus
1655 2513 1743 2545 laesit,
1760 2514 1811 2539 do-

1027 2561 1076 2580 nec
1098 2553 1150 2588 ipsi
1172 2555 1347 2582 nuntiaretur
1371 2555 1512 2583 Julianttnt
1540 2562 1689 2591 apestatam
1716 2558 1810 2584 eadem

1026 2599 1093 2624 hora
1119 2600 1147 2626 in
1176 2601 1270 2634 proelio
1299 2601 1452 2634 occidisse;
1475 2602 1546 2629 unde
1575 2603 1690 2630 Basilius
1716 2610 1809 2630 uelum

1026 2644 1122 2672 habuit
1142 2646 1241 2679 ipsum,
1260 2647 1296 2674 ob
1308 2655 1436 2682 maguum
1453 2656 1508 2683 quo
1533 2649 1701 2676 christianos
1717 2657 1810 2684 prose-

1025 2694 1106 2718 cutus
1134 2696 1174 2718 est
1210 2692 1317 2724 odium,
1345 2700 1484 2728 quemque
1507 2701 1669 2727 promovere
1692 2699 1809 2723 conatus

1023 2742 1064 2763 est
1080 2737 1214 2766 idolorum
1239 2738 1354 2773 cultum,
1381 2747 1396 2765 a
1422 2738 1557 2767 Mercurio
1582 2746 1699 2776 martyre
1723 2741 1809 2768 inter-

1024 2780 1135 2809 fectum.

1058 2826 1156 2854 Occiso
1169 2826 1278 2855 Iuliano
1294 2829 1460 2863 imperatore
1481 2834 1615 2864 apostata,
1632 2836 1693 2864 post
1715 2832 1806 2867 ipsum

1024 2871 1154 2901 Romanis
1169 2881 1270 2902 anttttm
1288 2883 1373 2902 unum
1389 2875 1532 2910 imperarit
1546 2875 1697 2910 Iovianus;
1725 2877 1806 2912 idque
