2015 3081
213 145 278 178 1621

922 146 1107 178 ΑΝΝΑιΕς.

1771 143 1838 175 [0'22

210 198 236 224 in
257 205 340 232 regno
354 202 399 225 tuo
418 198 547 226 denotant
566 207 573 226 :
595 199 721 227 columna
751 199 820 228 lucis
843 207 897 234 qua
912 199 992 226 iudu-
1007 200 1030 229 Δ
1044 199 1200 235 episcopum
1229 199 1516 235 ilicrosolymitanum,
1551 198 1661 230 litteris.
1686 198 1760 233 ipsas
1784 206 1834 224 una

210 247 252 270 tus
267 251 307 274 es,
327 243 371 270 Dei
389 243 415 270 itt
433 248 459 272 te
473 245 599 280 gratiam,
618 254 670 281 qua
686 245 786 273 smculo
799 251 845 273 tuo
859 245 969 272 ﬂoreltis
984 253 992 271 :

209 297 265 318 tres
283 291 368 318 stella:
385 299 444 324 qtne
458 296 483 318 le
500 292 657 324 cinxerunt,
675 293 809 327 baptisma
822 299 876 327 quo
891 291 993 319 tinctus

208 344 239 364 es
263 336 289 363 in
314 337 424 365 nomine
450 338 541 365 Patris
566 343 593 365 et
621 338 680 365 Filii
700 343 727 366 et
747 338 865 373 Spiritus
893 337 992 364 sancti.

210 382 292 409 Stella
310 390 368 415 qua:
381 391 395 410 e
408 383 516 411 emloin
532 389 613 418 caput
629 389 705 411 tuum
723 384 875 414 descendit.
891 390 992 411 corona

210 430 253 450 tua
272 427 344 459 regia
360 432 412 458 esr,
425 435 506 461 quam
529 432 558 454 ut
588 428 678 455 vidisti
705 429 732 455 in
759 430 825 455 duas
844 433 935 463 partes
952 428 994 455 dio

208 471 274 502 vidi.
291 472 326 499 ita
353 472 472 500 futurum
487 478 528 501 est
542 478 570 501 ut
582 475 637 501 sint
652 475 700 501 tibi
729 475 794 501 dntn
827 482 925 510 regnas
943 474 991 501 filii

210 519 273 545 dno.
290 518 387 546 Sontes
399 525 425 546 et
437 521 549 546 arbores
564 520 741 555 iufrngiferze,
752 525 846 555 gentes
858 525 920 547 sttnt
933 527 993 554 quae

208 563 235 590 itt
254 564 395 590 Dominum
416 564 555 592 Christum
586 573 640 592 non
669 566 791 592 Cl’edttle.
822 565 992 597 Tcntorinm,

208 609 328 637 Ecclesia
343 614 385 636 est
401 619 408 637 :
427 617 515 645 agnus
534 618 613 645 quem
632 611 659 638 in
689 611 749 645 ejus
780 611 870 639 medio
887 611 990 640 vidisti.

209 654 378 681 Eurltaristia
414 664 421 682 :
454 663 524 690 aqua
550 656 613 683 lacti
648 656 767 687 similis,
794 657 939 691 baptisma,
965 660 994 682 et

208 701 435 732 quemadmodum
452 701 545 729 vidisti
565 709 665 736 agnum
688 702 775 729 instar
790 701 904 729 ﬂammae
924 702 995 735 ignis

207 753 269 772 cum
288 753 357 780 aqua
374 747 401 774 itt
418 747 517 775 ccelum
529 748 687 778 ascendere.
705 749 742 775 ita
759 754 792 775 eo
804 747 926 774 ascendit
945 747 995 773 En-

207 792 346 819 (lltll’is'i‘t.
363 792 538 828 505-507
553 793 656 825 Clavis,
671 797 791 828 potestas
810 798 852 820 est
868 793 915 820 tibi
930 793 994 820 data

208 837 241 863 ad
253 837 407 871 prmi-ctum
420 838 546 866 Ecclesia
562 838 690 866 ntamlato
703 842 748 866 tuo
761 838 994 866 constituendum.

208 881 249 909 Ttt
265 887 356 910 autem
371 884 436 910 tnihi
447 884 550 911 clavem
562 883 711 917 tradidisti,
723 884 750 912 id
764 888 806 911 cst
820 891 862 911 me
875 885 993 918 patriar-

211 929 291 954 cbam
309 929 470 957 constitues.
500 929 593 957 Murus
613 933 716 962 autem,
741 937 792 965 pax
811 934 854 957 est
871 934 899 956 et
919 935 994 957 tran-

207 973 329 1007 quillitas
342 975 367 1000 ιιι
383 981 466 1009 regno
483 979 530 1002 tuo
544 974 645 1002 futura.
663 974 724 1002 Haec
739 975 790 1002 visi
806 975 843 1002 tui
857 975 993 1010 interpre-

208 1019 276 1047 tatio
297 1024 348 1047 est.
366 1019 521 1055 Respondet
536 1019 712 1048 Theodosius
727 1029 733 1047 :
749 1020 834 1054 Quam
860 1020 930 1048 belle
945 1021 992 1055 (mi

211 1065 306 1099 frater)
323 1066 515 1101 interpretatus
540 1067 589 1094 es!
611 1067 665 1101 Ego
682 1066 755 1094 enim
773 1072 802 1094 ut
817 1067 867 1094 sint
885 1075 945 1098 rex,
967 1072 993 1093 ιιι

208 1112 376 1146 patriarcha.
407 1112 471 1139 illud
497 1112 626 1147 estquod
653 1120 791 1147 nunquam
821 1113 878 1140 fieri
895 1118 993 1148 potest.

212 1156 309 1184 Verum
325 1165 408 1192 surge
426 1163 456 1185 ut
470 1166 523 1185 una
543 1158 576 1186 ad
590 1166 661 1193 optts
677 1164 803 1186 ttostrum
836 1159 994 1194 proficisca-

209 1211 281 1231 mur.
299 1203 439 1237 Progressi
453 1207 544 1231 autem
563 1211 624 1231 cu-n
644 1204 770 1231 homines
793 1204 826 1232 ad
848 1205 992 1232 ecclesiam

208 1250 311 1276 itantes
334 1254 481 1276 cernerent
511 1254 666 1285 rogarunt:
687 1249 816 1283 Qna‘naut
841 1256 913 1278 esset
942 1252 994 1279 iste

208 1295 288 1322 dies?
302 1302 317 1322 a
335 1295 434 1330 quibus
449 1303 610 1331 responsum
627 1296 762 1329 tnleruttt,
782 1296 933 1325 Ecelcsiam
949 1305 995 1333 pe-

209 1341 292 1367 timus
310 1344 340 1367 ιιι.
362 1341 502 1368 videantus
515 1349 595 1376 quem
615 1341 695 1368 nobis
709 1350 798 1377 regem
811 1343 946 1371 electurus
959 1344 995 1372 sit

211 1387 292 1414 Dens.
317 1386 388 1414 Dixit
400 1394 465 1422 ergo
483 1387 651 1422 Theophilus
665 1388 834 1419 Theodosio.
852 1390 954 1418 Eamus
967 1395 994 1418 et

210 1440 260 1460 nos
276 1440 328 1460 una
344 1441 406 1460 cum
421 1433 534 1468 reliquis
549 1433 582 1460 ad
598 1434 742 1461 ecclesiam
756 1441 763 1460 :
787 1434 881 1461 forsan
901 1443 994 1462 verum

211 1478 332 1505 futurum
360 1484 399 1506 est
418 1479 586 1506 insomnium
610 1484 697 1506 tuum.
714 1479 782 1507 Cnut
804 1485 894 1507 autent
910 1481 997 1508 eccle-

209 1524 277 1550 siam
290 1523 404 1558 ingressi
417 1529 552 1555 orassent.
566 1525 636 1552 dixit
649 1525 800 1559 Theophilo
812 1526 995 1561 Theodosius,
1010 1543 1030 1571 ε

212 1568 305 1597 Vestes
324 1575 389 1597 sunt
402 1571 481 1598 nobis
497 1571 627 1606 squalida:
641 1575 668 1598 et
680 1571 761 1604 trite,
781 1580 851 1607 pone
866 1581 932 1608 ergo
949 1574 996 1600 lto-

209 1616 299 1645 mines
314 1612 508 1649 consistamus,
526 1621 554 1644 ut
570 1617 635 1652 quid
655 1617 777 1645 fntnrunt
794 1618 830 1646 sit
843 1619 995 1646 videamus.

207 1660 277 1688 Cum
289 1669 357 1696 ergo
368 1660 451 1689 ﬁnitis
470 1662 567 1693 sacris.
582 1666 736 1690 cessassent
769 1663 904 1696 homines,
932 1672 996 1691 ecce

209 1707 268 1733 avis
297 1715 394 1742 magna
421 1714 470 1734 ore
493 1715 544 1735 suo
564 1715 693 1735 coronam
709 1717 743 1736 ex
770 1709 830 1736 luce
846 1715 954 1742 tenens,
969 1711 995 1738 in

208 1761 290 1788 quam
308 1761 371 1780 cum
389 1753 457 1780 (luas
477 1753 558 1781 horas
574 1754 670 1782 oculos
700 1755 882 1783 intendissent
908 1756 998 1783 ltomi-

209 1807 258 1827 nes
273 1806 283 1826 :
298 1799 439 1832 Miserere,
453 1807 469 1826 o
485 1800 606 1832 Domine,
633 1800 848 1835 ingeminantes.
867 1802 996 1830 adrolans

209 1845 254 1872 illa
271 1852 400 1873 coronam
418 1845 497 1872 istam
510 1846 627 1873 lucidam
644 1846 794 1874 Theodosii
812 1848 894 1882 capiti
912 1848 997 1883 impo-

209 1890 275 1923 suit,
292 1891 372 1924 cujus
390 1899 456 1926 ergo
473 1892 563 1918 statim
581 1893 613 1919 ad
629 1893 714 1920 altare
730 1894 841 1927 gestati,
858 1894 996 1922 vestibus-

209 1944 262 1971 qne
282 1937 354 1965 tritis
367 1938 498 1971 squalidis
513 1939 598 1969 exuti,
624 1942 707 1973 atqtte
733 1939 895 1967 indutnento
922 1940 996 1975 regio

170 1982 173 1986 '
209 1981 548 2017 amicti,capitidiadcma
565 1984 671 2018 regium
701 1984 784 2020 508
812 1993 875 2013 eum
907 1986 995 2021 impo-

208 2027 320 2059 suisset,
349 2027 454 2062 ipsique
486 2029 671 2057 bencdixisset
698 2031 852 2065 episeopns,
887 2039 960 2066 equo
979 2041 995 2059 e

210 2073 293 2108 regiis
311 2073 431 2107 quodam
450 2078 546 2102 vectus
570 2079 623 2105 est,
646 2075 765 2102 nondum
787 2076 843 2103 haec
859 2086 918 2111 qua:
943 2078 996 2105 sibi

208 2118 366 2146 evenissent
383 2120 510 2152 credens,
527 2119 700 2150 cingentibus
721 2121 809 2156 ipsutn
833 2123 997 2150 consiliariis

208 2169 236 2192 et
263 2164 380 2193 ducibus
405 2165 492 2193 donec
511 2165 543 2192 ad
560 2165 645 2194 Dar-il
661 2166 735 2194 Balat
747 2188 754 2200 ,
767 2168 793 2194 id
808 2174 847 2194 cst
868 2170 996 2202 pa'atinm

1046 253 1109 273 eum
1127 245 1268 280 episcopis
1288 245 1346 272 suis
1363 244 1600 281 Constantinopoli
1621 244 1718 271 adesse
1742 243 1836 277 jussi',

1049 295 1077 317 ut
1093 290 1126 318 de
1150 290 1202 326 fide
1220 291 1370 318 christiana
1386 289 1581 325 disquirerent,
1606 297 1723 324 eamque
1750 290 1836 324 expli-

1046 343 1136 366 catam
1162 338 1319 366 bominibus
1343 338 1447 366 darent.
1472 338 1664 366 convenerunt
1695 345 1761 374 ergo
1788 346 1835 373 pa-

1044 383 1170 411 triarchae
1183 392 1244 411 cum
1256 384 1391 418 episcopis
1409 385 1468 412 suis
1484 384 1764 419 Constantinopolim,
1781 392 1835 411 uno

1044 431 1157 461 excepto
1174 427 1290 454 Damasn
1307 428 1463 462 patriarcha
1489 427 1622 461 Romano,
1639 430 1686 463 qui
1707 429 1765 463 ipse
1781 437 1835 455 non

1044 472 1128 502 venit.
1140 477 1166 498 at
1177 472 1210 498 ad
1223 471 1407 499 Theodosium
1419 481 1509 499 rcram
1522 473 1610 504 (idem,
1626 481 1741 507 eamque
1752 474 1837 506 expli-

1044 518 1132 541 catam
1151 514 1232 550 509
1247 515 1325 550 511
1344 521 1369 543 et
1387 517 1552 551 expositam,
1569 517 1691 552 scripsit.
1716 518 1836 552 Cougre-

1046 560 1099 593 κτιιί
1115 565 1179 588 sunt
1207 569 1272 596 ergo
1302 562 1544 596 Constantinopoli
1576 563 1698 597 episcopi
1724 570 1834 589 ccntnat

1045 606 1253 640 quinquaginta.
1272 607 1386 635 Coneilii
1409 609 1536 643 praesides
1560 613 1638 635 erant
1662 608 1834 641 Timotheus,

1046 653 1199 686 patriarcha
1217 653 1429 685 Alexandrinus,
1447 654 1571 682 Muli-tius
1587 654 1784 686 Antiochenus,
1810 660 1834 681 ιιι

1046 697 1165 732 Cyrillns
1187 698 1439 734 llierosolytttornm
1467 701 1632 735 cpiscopus;
1659 702 1760 735 quibus
1783 708 1837 728 tra-

1045 743 1114 770 didit
1128 743 1300 771 Theodosius
1317 745 1466 779 imperator
1477 746 1582 774 litteras
1600 746 1707 774 Damasi
1721 749 1836 781 patriai--

1047 789 1105 816 rita:
1121 789 1247 821 Romani,
1266 790 1292 816 in
1323 791 1424 826 quibus
1444 791 1523 818 fidem
1544 800 1634 818 retain
1653 792 1838 826 descripserat

1047 839 1128 868 atque
1143 836 1328 870 explicawrat
1346 845 1353 863 :
1370 836 1470 871 quibus
1495 837 1571 864 let-tis
1593 842 1620 865 et
1644 838 1788 872 expositis.
1807 838 1834 865 in

1046 881 1181 913 eamdem,
1196 889 1277 915 quam
1295 881 1353 917 ipse
1371 885 1531 916 scripserat,
1555 883 1616 910 tldci
1629 883 1833 911 confessionem

1047 934 1255 957 eonsenserttnt.
1266 930 1367 958 Deinde
1382 930 1695 965 Macedoniiopinionem
1721 932 1754 958 ad
1770 939 1837 958 exa-

1047 981 1108 1000 tnen
1126 977 1299 1005 revocarunt.
1315 975 1393 1009 cujus
1407 975 1532 1002 doctrina
1550 975 1611 1007 fuit,
1629 976 1760 1010 Spiritttn
1773 984 1838 1003 san-

1047 1022 1121 1044 ctum
1143 1026 1197 1045 non
1223 1026 1286 1046 esse
1314 1018 1409 1051 Deum,
1437 1028 1530 1046 verum
1562 1024 1695 1052 creatum,
1722 1019 1836 1048 fartum.

1049 1061 1120 1089 Dixit
1143 1070 1209 1097 ergo
1230 1063 1404 1096 Timotheus,
1424 1064 1577 1098 patriarcha
1603 1064 1804 1091 Alexandrinus
1828 1073 1836 1091 :

1048 1108 1106 1135 Non
1134 1109 1207 1136 aliud
1230 1109 1299 1143 apud
1334 1117 1383 1137 nos
1412 1109 1548 1144 significat
1579 1110 1698 1144 Spiritus
1726 1116 1839 1137 sanctus

1048 1162 1128 1188 quain
1141 1154 1273 1189 Spiritum
1301 1155 1369 1188 Dei;
1389 1163 1443 1182 non
1457 1160 1494 1183 est
1513 1161 1603 1183 autent
1631 1155 1749 1190 Spiritus
1779 1155 1838 1188 Dei,

1048 1201 1122 1228 aliud
1139 1209 1221 1236 quant
1241 1202 1296 1228 vita
1319 1201 1426 1236 ipsius;
1452 1202 1473 1229 si
1493 1210 1559 1236 ergo
1575 1202 1727 1229 dixerimus
1751 1202 1838 1236 Spiri-

1048 1252 1105 1274 tnm
1124 1252 1250 1274 sanetum
1279 1252 1402 1275 creatunt
1432 1255 1504 1281 csse,
1533 1248 1681 1275 assctimus
1706 1248 1837 1283 Spiritum

1048 1293 1095 1320 Dci
1108 1299 1229 1321 creatttm
1247 1301 1329 1326 esse;
1354 1293 1396 1320 sin
1412 1293 1543 1329 Spiritum
1562 1293 1607 1321 Dei
1629 1298 1749 1320 creatum
1767 1301 1838 1324 esse,

1049 1338 1131 1366 vitam
1146 1339 1227 1367 etiattt
1248 1339 1336 1373 ipsius
1352 1345 1471 1366 creatam
1496 1346 1577 1371 esse;
1605 1339 1679 1374 quod
1708 1340 1730 1366 si
1755 1339 1839 1366 vitant

1049 1383 1135 1418 ipsius
1146 1389 1265 1411 creatam
1282 1383 1518 1417 allirmarerimus,
1529 1390 1734 1412 autumareutus
1746 1384 1836 1418 ipsum

1049 1430 1103 1457 vita
1122 1437 1232 1462 carere;
1247 1435 1328 1464 atque
1352 1429 1405 1457 hoc
1430 1435 1590 1458 asserentes
1615 1431 1724 1465 penitus
1749 1430 1838 1464 ipsum

1049 1475 1260 1510 abnegabimns:
1278 1475 1323 1509 qtti
1339 1479 1428 1501 autem
1447 1474 1531 1501 Deum
1552 1479 1634 1508 negat
1650 1475 1840 1502 tualetlietmtte

1050 1520 1150 1555 digitus
1165 1523 1218 1547 est.
1233 1519 1446 1547 Consetttictttes
1461 1527 1526 1553 ergo
1541 1519 1568 1546 in
1587 1519 1740 1547 Macedonii
1757 1529 1771 1545 ιι
1784 1521 1839 1546 ale-

1047 1564 1208 1596 dietionem,
1225 1565 1314 1598 ipsum
1341 1571 1403 1591 cum
1434 1564 1549 1591 asseclis
1576 1564 1634 1590 suis
1660 1564 1838 1595 dctovetuut,

1047 1618 1098 1637 nee
1122 1617 1176 1636 non
1191 1609 1366 1644 patriarchas
1396 1608 1448 1643 ipsi
1480 1609 1668 1642 succedentes,
1695 1610 1741 1644 qtti
1769 1610 1838 1636 idem

1045 1663 1107 1683 cum
1132 1656 1190 1690 ipso
1204 1655 1366 1683 docuerunt.
1393 1654 1592 1682 Malcdixernnt
1610 1656 1691 1682 etiazu
1719 1655 1839 1682 Sabellio

1047 1702 1139 1738 Libyze
1156 1701 1238 1737 512
1255 1701 1388 1737 episcopo
1402 1701 1517 1736 ejusque
1533 1702 1658 1734 asseelis,
1673 1702 1744 1735 qutod
1761 1709 1837 1729 assc-

1047 1753 1119 1776 reret
1136 1748 1256 1780 Patrem,
1280 1748 1389 1781 Filium,
1406 1752 1432 1774 rt
1449 1748 1581 1781 Spiritum
1608 1753 1732 1775 sanctum
1756 1757 1837 1775 ttnant

1046 1802 1107 1822 esse
1123 1802 1287 1830 personam;
1308 1802 1414 1822 neenou
1430 1795 1600 1830 Apollinario
1616 1795 1732 1830 ejusque
1743 1803 1839 1829 sequa-

1046 1841 1135 1874 cibus,
1156 1835 1230 1876 quod
1257 1841 1405 1868 allirnlaret
1428 1849 1529 1875 corpus
1553 1841 1656 1868 Christi
1684 1841 1837 1869 ittlt-llct‘ltts

1046 1895 1145 1922 expers
1164 1895 1238 1915 esse.
1259 1886 1344 1914 Porro
1360 1887 1522 1914 definierunt
1551 1886 1684 1922 Spiritum
1711 1893 1836 1915 sanctum

1046 1938 1198 1962 creatorem
1213 1941 1275 1961 esse
1290 1938 1317 1960 et
1342 1933 1504 1963 increatum.
1525 1933 1608 1959 Deum
1635 1942 1738 1966 rerum,
1766 1935 1840 1969 ejus—

1047 1981 1108 2008 dem
1125 1988 1186 2007 eum
1197 1980 1277 2007 Patre
1287 1986 1313 2007 et
1329 1979 1398 2006 Filio
1410 1985 1522 2010 natnrx,
1535 1979 1718 2007 snbdanliam
1739 1989 1836 2013 uuam,

1048 2033 1170 2054 naturam
1190 2033 1270 2053 unam
1284 2034 1291 2058 ;
1305 2025 1437 2052 addentes
1454 2024 1513 2051 lidci
1530 2025 1659 2060 Symbolo
1675 2027 1746 2059 qnpd
1761 2034 1838 2052 cotu-

1048 2076 1198 2106 posuerunt
1211 2071 1323 2099 trecenti
1340 2070 1489 2098 octodecim
1513 2079 1546 2106 cp
1559 2072 1646 2106 scop‘,
1665 2071 1711 2105 qui
1739 2070 1838 2098 Nicaze

1048 2122 1232 2144 convenerant
1251 2127 1258 2145 :
1277 2117 1311 2144 Et
1329 2117 1354 2144 in
1384 2118 1515 2150 Spiritum
1541 2122 1664 2146 sanctum
1696 2117 1838 2144 Domiuunt

1048 2163 1233 2197 riviﬁcautem,
1248 2164 1295 2198 qui
1307 2171 1340 2191 ea:
1366 2163 1447 2191 ratre
1460 2165 1588 2200 procedit.
1614 2165 1659 2199 qui
1680 2173 1738 2190 runt
1758 2163 1839 2190 Putre

208 2210 325 2246 regium,
348 2211 437 2246 ipsum
456 2210 645 2245 deduxissent,
675 2212 773 2240 deinde
804 2215 992 2243 redeuntibus.

1047 2214 1072 2236 et
1095 2208 1166 2236 Filio
1178 2210 1260 2236 simul
1287 2211 1418 2238 arloratur
1443 2217 1467 2238 et
1498 2211 1724 2246 conglorificalur.
1756 2209 1840 2242 quue

245 2256 390 2291 Imperavit
420 2265 485 2292 ergo
514 2257 685 2286 Theodosius
713 2258 855 2291 Romanis,
887 2261 934 2294 qni
968 2269 994 2288 ιιι

180 2298 183 2300 ’
207 2301 380 2330 Theodosius
397 2302 512 2336 Magnus
527 2304 679 2339 appellatus
696 2310 748 2334 est.
765 2312 851 2332 annos
869 2312 994 2339 septent-

208 2347 309 2380 decim,
324 2348 406 2383 idqne
421 2357 494 2376 anno
507 2350 582 2384 regni
596 2350 718 2384 Saporis,
739 2351 786 2378 lilii
802 2351 916 2387 Saporis
930 2351 996 2378 Per-

208 2399 302 2420 sarum
319 2393 403 2428 regis,
416 2395 626 2429 quadragesimo
638 2396 772 2424 secundo.
786 2396 854 2424 Tum
872 2397 998 2425 Theodo-

208 2438 279 2465 sium
307 2446 397 2471 regem
426 2440 624 2468 convenientes
657 2441 805 2469 consiliarii
827 2447 855 2469 et
875 2443 995 2477 prtefeeti

208 2485 334 2512 dixerunt
353 2485 404 2519 ipsi
423 2493 431 2512 :
448 2485 590 2520 Corruptae
605 2491 669 2514 sunt
685 2487 826 2515 hominum
840 2490 994 2520 sententiae.

208 2529 371 2561 prter-alente
385 2531 456 2564 apud
474 2530 547 2564 ipsos
563 2531 617 2558 Arii
630 2536 657 2559 et
678 2531 826 2560 Macedonii
844 2533 967 2561 doctrina
981 2543 988 2567 ;

207 2574 259 2601 hoe
273 2579 378 2608 ergout
389 2583 480 2607 cures.
496 2577 629 2612 iidemque
644 2578 826 2605 Christianam
857 2579 995 2607 defensam

208 2619 336 2651 ιιιιιιῖίιυε,
353 2620 449 2648 litteris
459 2622 493 2648 ad
508 2630 603 2649 omnes
620 2623 728 2657 patriar-
742 2624 791 2650 ltas
808 2628 835 2651 ct
851 2625 995 2659 episcopos

208 2664 290 2696 datis,
304 2666 451 2693 convenire
461 2675 510 2694 cos
521 2667 626 2702 jubeas,
640 2672 668 2695 ut
678 2669 712 2696 de
727 2669 777 2696 hac
795 2677 823 2696 re
838 2670 993 2704 dispiciunt,

215 2709 351 2744 iidemque
369 2711 545 2739 Christianam
557 2713 719 2748 explicatam
732 2715 807 2743 dettl.
824 2715 996 2743 Theodosius

208 2762 272 2789 ergo
292 2764 337 2783 rer
359 2757 468 2792 scriptis
487 2759 519 2785 ad
534 2758 706 2786 Timotheum
726 2760 909 2794 patriareham
931 2761 995 2789 Ale-

208 2800 385 2834 xandrinum,
414 2802 551 2831 Mcletiutn
576 2806 759 2839 patriarch-tnt
781 2807 993 2840 Antiochennm,

210 2844 354 2874 Darnasum
389 2850 571 2879 patriarclttut
608 2850 779 2882 Romanum.
807 2857 831 2878 ct
864 2853 993 2885 Cyrillum

1049 2255 1121 2288 quod
1140 2255 1254 2283 trecenti
1273 2256 1426 2284 octodecim
1445 2257 1490 2284 isti
1504 2257 1532 2284 in
1556 2256 1618 2284 tidei
1635 2263 1716 2291 quam
1745 2255 1839 2283 edide-

1048 2305 1113 2328 runt
1126 2301 1300 2330 confessione
1317 2302 1451 2330 dixissent
1466 2308 1591 2330 tantum:
1613 2302 1646 2329 Et
1667 2303 1692 2329 iu
1708 2302 1838 2336 Spiritum

1048 2351 1178 2373 satiatum.
1209 2347 1370 2376 Statuerunt
1382 2349 1466 2376 etiam
1486 2348 1607 2381 Patrem,
1626 2348 1723 2375 Filium
1740 2353 1766 2375 et
1779 2348 1839 2382 Spi-

1049 2392 1132 2418 ritum
1148 2397 1286 2426 sanetum,
1314 2398 1370 2421 tres
1388 2402 1449 2422 esse
1475 2402 1619 2429 personas.
1639 2398 1694 2421 tres
1711 2395 1838 2429 byposta-

1048 2445 1102 2469 ses,
1118 2442 1145 2465 et
1160 2442 1217 2466 tres
1232 2439 1426 2473 proprietates,
1452 2440 1586 2467 unitatem
1604 2441 1631 2468 in
1652 2441 1798 2471 Trinitate.
1812 2445 1839 2467 el.

1048 2482 1210 2510 Trinitatem
1236 2485 1262 2510 ιιι
1277 2485 1391 2516 trinitate,
1406 2486 1554 2512 essentiam
1573 2494 1654 2514 tlnam
1670 2485 1696 2512 itt
1712 2487 1838 2521 personis

1048 2528 1147 2560 tribus,
1162 2529 1245 2556 Deum
1266 2539 1362 2562 unttm,
1379 2532 1561 2559 substantiam
1591 2541 1682 2564 nnam,
1711 2538 1835 2559 naturain

1049 2583 1128 2602 Unam
1142 2583 1150 2608 ;
1170 2583 1275 2602 necnon
1295 2584 1395 2611 corpus
1413 2577 1520 2605 Domini
1535 2578 1636 2606 Christi
1650 2579 1740 2606 anima
1756 2579 1837 2606 ittch-

1048 2621 1140 2654 ligenti
1160 2622 1288 2649 rationali
1305 2624 1459 2657 pr.cditum.
1476 2624 1560 2652 Porro
1579 2625 1725 2659 quemdam
1738 2633 1768 2652 ex
1791 2634 1836 2652 sa—

1045 2668 1179 2699 tellitibus
1205 2669 1286 2703 regiis
1316 2670 1425 2696 nomine
1451 2669 1615 2702 Victoriam.
1651 2672 1834 2706 patriarcham

1047 2714 1381 2748 Constantiuopolitantnn
1416 2715 1646 2750 constituerunt;
1682 2722 1837 2744 statuerunt

1046 2761 1127 2787 etiaut
1145 2760 1328 2795 patriarcltam
1351 2761 1502 2788 Romanum
1515 2762 1613 2790 ordine
1626 2763 1742 2796 primitur
1756 2763 1814 2788 fore
1828 2771 1835 2793 ;

1047 2806 1393 2841 Constantinopolitanutn,
1413 2809 1565 2836 secundum
1582 2818 1589 2842 ;
1608 2809 1836 2840 Alexandrinum,

1047 2854 1178 2886 tertium;
1212 2853 1412 2882 Antiochenum
1454 2863 1516 2882 \‘t'l‘o
1549 2861 1688 2888 igttaltum.
1722 2856 1820 2890 lipisro
