2015 3081
216 153 284 185 10Ξό

913 150 1098 180 ΛΝΝᾹΗΞΞ.

1772 148 1840 178 Ῑυῖὓ

213 209 334 236 Nalaictn
360 209 496 244 jejunant,
528 215 577 235 nec
606 215 659 235 non
689 208 733 234 die
763 207 926 243 παραμονῆς
949 208 995 240 qai
1014 211 1032 237 Α
1050 206 1115 240 piat.
1131 204 1203 232 Dixit
1220 212 1283 240 ergo
1295 203 1484 239 Theophilus:
1503 203 1556 239 Ego
1568 203 1612 231 illa
1630 203 1841 238 interpretabor.

213 255 390 289 Epiphaniam
406 255 552 289 praecedit;
569 254 668 288 quibus
683 254 778 280 diebus
792 254 862 280 inter
874 253 998 288 jejuuan-

214 302 278 327 dmn
294 300 416 334 piscibus
430 300 501 326 liaud
530 305 689 330 vescuntur,
707 299 769 334 quia
787 299 831 325 die
843 306 856 325 s
874 299 941 325 istos
955 305 988 324 eo

183 360 186 363 -
213 346 273 372 dem
292 347 351 373 loco
371 346 471 373 habent
496 353 551 379 quo
565 345 698 380 jejunium
726 353 866 376 maguum.
895 345 1000 377 Quibus

212 401 277 428 ergo
291 400 305 419 e
319 392 422 420 Graecis
439 394 526 419 visum
544 397 585 418 est
602 391 705 418 Natalis
729 391 758 418 Β.
772 391 903 425 Virginis,
920 395 1001 425 atque

215 440 401 474 apostolorum
419 439 504 472 gratia
533 438 667 473 jejnnare,
684 438 734 464 tria
752 438 803 464 ista
819 438 922 472 jejnuia
949 438 997 464 oh—

214 491 335 516 serrant,
353 485 442 519 pisi-es
460 485 568 511 interitu
587 483 775 516 rouiedentcs,
805 490 921 517 quorum
949 491 998 510 esu

216 531 340 557 Mercurii
357 531 400 557 cui
430 535 535 557 tantum
552 535 578 557 et
591 529 717 563 ,Vencris
735 529 831 556 diebus
848 530 997 555 abstinent.

217 576 316 602 liodent
333 575 449 606 modo,si
464 575 506 601 cui
518 576 603 601 visum
616 578 658 601 cst
674 573 770 601 diebus
779 573 902 600 Mercurii
919 573 1000 600 οινο-

215 621 289 646 ueris
310 627 358 654 per
374 625 458 645 totum
486 627 586 645 annum
616 618 752 653 jejnnare,
775 619 812 645 illi
833 619 998 653 permissum

213 670 254 691 est
269 667 350 692 etiam
370 666 402 691 ad
418 672 516 691 nouam
528 664 653 698 jejuuare
666 669 693 691 et
709 665 832 698 piscibus
848 665 997 691 abstinere.

215 709 308 743 Neque
322 710 394 735 enim
411 709 462 735 hoc
479 716 591 735 necesse
610 713 662 737 est,
679 717 728 735 nec
746 709 863 743 cuipiam
885 709 999 743 permis-

214 763 274 781 sum
299 753 380 789 52h
396 759 426 780 ut
441 754 544 788 jejnnia
563 755 714 781 observans
731 755 846 789 piscium
863 763 939 782 esum
958 756 999 781 in-

215 806 254 825 ter
272 799 454 833 jejunandutu
473 800 586 831 abnuat,
617 798 667 824 nisi
695 799 791 825 diebus
820 798 948 826 Mercurii
973 805 998 826 ct

216 845 327 872 Veneris
347 844 398 880 {uti
412 844 468 878 jaut
484 844 587 870 dictum
606 844 660 880 est]
687 848 713 871 et
729 844 755 870 in
770 844 874 878 jejunio
892 853 999 880 magno,

217 898 335 916 necnon
354 890 424 915 binis
443 889 546 922 vigiliis
564 898 624 924 quae
656 890 723 916 festa
751 889 854 916 Natalis
882 895 909 916 et
935 891 1000 925 Epi-

218 936 324 970 phania:
345 935 512 968 pt-teecdnut.
532 936 565 961 At
594 935 717 962 nonnulli
749 934 906 962 Gra‘torum
935 936 999 962 Mel-

218 981 354 1008 cbitarum
371 980 398 1007 in
412 980 535 1015 jejuniis,
558 975 637 1006 etiam
667 981 696 1007 B.
717 979 837 1015 Virginis
853 982 938 1015 gratia
953 985 999 1009 ob-

216 1028 368 1060 servandis,
387 1035 401 1054 a
419 1029 535 1063 pisciqu
553 1035 601 1055 esu
618 1036 647 1055 se
665 1029 817 1055 continent.
837 1029 920 1061 Quem
937 1037 995 1056 mo-

217 1082 272 1102 rcm
288 1074 440 1101 hauserunt
458 1081 472 1100 e
493 1075 582 1109 typieo
598 1074 685 1101 sancti
703 1073 760 1100 Mar
775 1073 871 1105 Sabm;
890 1082 939 1101 nec
957 1079 998 1101 est

216 1121 242 1146 in
270 1127 365 1146 corttm
395 1120 559 1146 abstinentia
588 1119 639 1146 ista
667 1123 820 1154 peccatum.
853 1120 904 1152 Qui
931 1120 999 1147 alias

215 1166 312 1192 statuit
330 1165 389 1199 ipse
409 1170 511 1199 poet-at,
539 1165 645 1199 legique
662 1166 829 1192 contradicit
841 1170 866 1192 et
885 1166 996 1192 manda-

216 1217 271 1237 tum
290 1211 381 1237 solvit.
400 1211 435 1238 Lit
459 1215 548 1237 autem
569 1211 601 1237 ad
629 1212 769 1237 historiam
791 1211 825 1238 de
844 1212 998 1238 Theodosio

215 1257 416 1291 utTheophilo,
444 1257 470 1283 in
496 1265 549 1290 qua
581 1258 733 1284 enarranda
751 1257 864 1289 iniuius,
880 1265 999 1284 retorta-

216 1311 287 1330 mur.
304 1302 474 1337 Theophilus
491 1301 639 1329 Theodosii
667 1303 739 1337 regis
756 1303 859 1331 amicus
879 1303 912 1330 ad
938 1312 1000 1338 por-

217 1354 269 1375 tam
285 1349 370 1384 ipsius
389 1349 522 1384 integrum
544 1358 644 1376 annum
664 1353 786 1376 moratus
810 1350 898 1384 ipsum
926 1351 997 1377 haud

216 1399 401 1421 convenerat:
429 1394 554 1428 quamvis
582 1395 654 1421 enim
681 1394 802 1427 quotidie
834 1395 866 1420 ad
892 1401 996 1429 portam

218 1440 289 1474 regis
304 1439 437 1466 accedens
451 1440 588 1474 janilores
614 1447 722 1474 rogaret
739 1445 821 1474 atque
840 1446 998 1474 precaretur

218 1489 246 1510 ut
263 1485 298 1510 ab
318 1485 377 1518 ipso
397 1484 430 1510 ad
456 1491 544 1518 regem
563 1484 686 1511 chartam
715 1485 863 1517 defetrent,
890 1486 924 1512 ab
947 1486 1000 1512 illis

217 1530 340 1563 repulsus
358 1536 390 1556 ac
406 1530 560 1564 prohibitus
586 1529 686 1557 fuerat.
703 1531 781 1557 Anno
799 1536 886 1557 autem
904 1531 998 1566 elapso

216 1582 282 1601 ecce
298 1574 446 1608 imperator
465 1573 636 1601 Theodosius
664 1575 734 1601 inter
753 1575 887 1602 orandum
907 1584 999 1603 vocem

216 1620 389 1654 audivitquw
406 1619 455 1653 ipsi
472 1620 572 1646 diceret
587 1619 629 1646 :0
642 1620 789 1652 Theodosi,
803 1621 882 1648 amici
894 1629 917 1649 et
933 1623 1000 1649 θυι-ιι

217 1666 255 1692 lui
275 1665 419 1700 Theophili
446 1666 546 1693 oblitus
571 1673 610 1693 es.
637 1665 804 1701 Dicenteque
820 1667 995 1694 Theodosio:

217 1711 329 1738 Domine
345 1711 392 1743 mi,
413 1715 440 1738 tit
457 1712 518 1745 quis
542 1711 594 1738 es?
622 1711 672 1746 ipsi
707 1713 881 1747 responderet
911 1721 918 1738 :
943 1713 1001 1748 E30

218 1758 258 1783 vir
273 1764 332 1783 sum
351 1757 397 1790 qui
415 1762 503 1783 tecum
521 1757 548 1782 in
563 1757 671 1784 desetlo
688 1757 726 1784 fui
743 1767 749 1784 :
780 1762 806 1785 et
823 1760 998 1792 quemadmo-

216 1803 279 1829 dum
295 1807 321 1829 te
338 1810 428 1836 regem
442 1803 582 1835 constitui,
609 1804 644 1829 ita
663 1807 689 1829 et
715 1802 894 1838 Theophilum
912 1805 996 1838 patri-

217 1849 328 1874 archani
343 1851 492 1875 constituo.
519 1848 617 1875 Statim
637 1857 704 1883 ergo
731 1849 805 1876 tuisit
830 1849 1000 1877 Theodosius

217 1893 378 1919 accersitum
391 1891 582 1927 Theophilum,
597 1901 677 1928 qttem
692 1894 718 1919 in
733 1895 906 1927 prtesentiam
921 1903 998 1921 suam

218 1938 367 1965 admissum
386 1943 530 1973 postquam
547 1938 722 1973 525-527
735 1947 822 1973 ipsum
838 1939 999 1972 salutasset,

218 1985 253 2010 ita
267 1984 363 2011 alTatus
382 1988 423 2010 est
440 1992 484 2010 rex
502 1993 509 2010 :
529 1983 615 2011 Crede
644 1985 721 2016 mihi,
739 1985 773 2011 mi
791 1984 885 2016 frater,
904 1993 946 2012 me
961 1986 999 2012 tui

217 2030 331 2056 oblittun
351 2030 445 2062 fuisse,
463 2035 542 2063 teqtte
560 2030 624 2056 mihi
642 2038 656 2056 ιι
675 2031 804 2057 memoria
825 2031 932 2064 penitus
949 2039 997 2058 ex-

217 2075 327 2104 cidisse,
340 2074 426 2101 donec
445 2074 501 2100 lteri
516 2074 587 2100 inter
607 2074 753 2104 orandum,
780 2083 855 2105 ecce,
887 2082 928 2100 tne
955 2077 998 2101 in-

217 2121 350 2151 clamans,
367 2119 407 2146 vir
420 2119 464 2145 ille
482 2127 561 2153 quem
593 2119 619 2144 in
642 2126 738 2145 somno
766 2119 819 2144 vidi
851 2126 875 2146 te
892 2120 957 2146 mihi
973 2121 998 2146 in

218 2165 376 2192 memoriatn
395 2167 541 2192 revocarit.
567 2163 716 2198 Respondit
733 2163 921 2198 Theophilus:
942 2166 998 2199 Ego

217 2213 297 2238 etiam
316 2211 374 2238 heri
401 2211 427 2238 in
443 2210 550 2237 sotunio
568 2211 622 2237 vidi
640 2211 782 2244 quemdam
808 2212 853 2245 qui
876 2212 940 2238 mihi
956 2212 996 2239 di-

219 2261 293 2285 ceret
311 2265 318 2283 :
338 2257 414 2284 Sicut
430 2256 614 2284 Theodosium
635 2263 725 2291 regem
744 2257 886 2289 constitui,
916 2259 952 2284 ita
971 2263 998 2285 et

219 2308 243 2330 le
259 2303 444 2337 patriarcham
460 2302 609 2329 constituo.
635 2301 703 2328 Ecce
722 2306 812 2328 antem
840 2302 1000 2336 colloqnen~

218 2350 292 2376 tibus
308 2349 387 2383 ipsis,
406 2348 548 2383 ingressus
567 2347 671 2382 janitor
699 2347 754 2382 regi
780 2349 925 2379 nuntiarit,
951 2350 996 2374 ad-

218 2392 326 2419 venisse
356 2391 527 2418 Alexandriae
555 2391 670 2424 incolas,
696 2393 742 2425 qui
779 2393 901 2420 dicereut
928 2401 1000 2419 tuor-

218 2444 294 2465 tttttm
310 2445 371 2465 csse
399 2436 574 2464 Timotheum
590 2438 783 2470 patriarcham,
801 2446 831 2464 ac
849 2439 937 2465 virum
953 2447 1000 2473 pe-

219 2488 306 2510 terent
323 2491 404 2516 quem
422 2483 605 2517 patriarcltam
631 2483 850 2509 constituerent:
869 2491 914 2509 rex
935 2491 1000 2518 ergo

218 2527 310 2554 statim
324 2526 507 2560 Theophilum
528 2527 713 2561 patriarcham
725 2528 895 2554 constituens
910 2529 998 2562 ipsum

217 2571 408 2599 Alexandriam
430 2571 512 2602 misit,
527 2571 571 2604 qui
590 2571 625 2597 ibi
639 2578 725 2598 annos
737 2571 830 2606 viginti
843 2577 903 2598 octo
918 2573 998 2604 sedit,

217 2618 277 2643 dein
297 2621 422 2642 mortuus
440 2620 492 2642 est.
511 2615 680 2649 Theophilus
707 2621 796 2643 autent
816 2617 864 2642 ubi
881 2618 999 2643 Alexan-

218 2664 303 2689 driam
322 2663 504 2697 pervenissd,
525 2663 596 2688 idola
615 2666 749 2696 quotquot
769 2663 795 2688 in
825 2671 855 2688 ea
875 2664 997 2695 luerunt,

217 2708 359 2742 confregit.
381 2707 497 2740 Fuitque
528 2707 699 2734 Alexandria:
728 2708 910 2742 pavimentum
941 2717 998 2735 tua—

217 2762 298 2788 pnum
317 2760 498 2780 marmoreum
515 2753 559 2779 cui
586 2753 717 2787 inscripta
733 2758 811 2779 erant
839 2754 889 2779 tria
912 2752 997 2780 Theta

218 2801 238 2825 Θ
256 2799 275 2825 Θ
294 2800 314 2825 Θ
339 2804 365 2826 et
392 2800 419 2825 in
444 2799 560 2825 circuitu
587 2799 735 2833 ascriptum
755 2808 761 2824 :
785 2798 835 2831 Qui
866 2800 915 2825 tria
941 2800 997 2826 luce

217 2845 300 2872 Theta
323 2845 516 2878 interpretatus
531 2843 622 2878 fuerit,
648 2843 720 2879 quod
749 2843 800 2871 sub
816 2844 849 2872 iis
866 2849 906 2871 Cal
925 2845 997 2873 acci-

1054 251 1139 277 'l‘heta
1153 250 1268 285 primitur
1283 253 1324 276 est
1339 250 1406 280 Θεδς
1419 248 1491 283 qtmd
1507 253 1550 276 est
1568 249 1658 281 Deus;
1674 249 1841 281 secundum,

1055 294 1228 322 Theodosius
1257 302 1321 326 rex;
1336 295 1460 325 tertium,
1481 293 1648 328 Theophilus
1673 294 1841 328 patriarcha.

1056 342 1124 368 Tum
1142 342 1250 368 sublato
1273 341 1432 376 pavimento
1454 348 1579 375 magnam
1600 341 1652 367 sub
1668 347 1701 366 eo
1719 342 1842 375 pecunia:

1056 387 1108 414 vim
1126 389 1235 422 reperit,
1254 387 1332 422 cujus
1361 395 1421 413 cum
1451 395 1498 420 per
1524 388 1629 414 litteras
1659 386 1841 414 TIICi)(I0.\ilII|I

1054 441 1142 466 regem
1159 433 1304 459 certiorem
1333 432 1455 463 iecisset.
1473 433 1613 467 rescripsit
1632 433 1676 460 illc
1695 441 1702 459 :
1722 433 1841 460 Pecunia

1054 479 1104 504 ista
1123 479 1254 506 ecclesias
1268 483 1391 505 exstrue.
1413 478 1497 513 528
1514 479 1656 505 Exstruin
1672 486 1736 512 ergo
1752 478 1843 505 Theo—

1057 525 1150 559 philus
1185 525 1343 559 patriarcha
1382 526 1526 551 cet-lesiam
1568 532 1693 559 magnam
1731 524 1842 551 nomine

1054 570 1199 597 Theodosii
1229 572 1312 603 regis,
1334 579 1413 605 quam
1435 575 1517 597 totum
1544 578 1612 597 auro
1629 571 1747 597 obducto
1763 577 1843 596 orna-

1054 616 1117 648 vit,
1146 616 1209 650 quin
1237 622 1264 642 et
1294 616 1362 643 alias
1389 616 1490 643 multas
1516 615 1688 642 Alexandria:
1712 616 1842 642 ecclesias

1054 662 1165 692 Struxit,
1189 669 1203 688 e
1232 669 1347 695 quarunt
1374 669 1487 688 numero
1505 665 1569 688 sunt
1594 661 1709 688 ecclesia
1735 662 1842 688 Sancta!

1054 706 1144 734 Mariae
1162 712 1188 733 et
1204 708 1317 734 ecclesia
1332 706 1424 734 Sani-ti
1439 706 1565 734 Joannis.

1103 754 1188 780 Porro
1202 754 1258 780 nati
1274 760 1335 780 sunt
1354 753 1508 780 Theodosio
1532 754 1687 789 imperatori
1708 755 1761 780 duo
1781 753 1840 785 ﬁlii,

1055 807 1170 833 quorum
1198 804 1262 826 natu
1294 799 1389 834 majori
1420 807 1519 826 nomen
1550 800 1647 826 indidit
1678 800 1839 832 Art-adium;

1054 846 1163 877 minori,
1198 845 1347 872 llouorium
1383 855 1389 873 ε
1416 846 1527 880 quibus,
1554 853 1614 871 cum
1643 846 1841 877 adolevissent,

1058 891 1182 925 (μιθίνῆ
1197 892 1241 925 qui
1267 891 1343 925 ipsos
1357 891 1461 917 litteras
1479 891 1600 918 doceret.
1614 891 1680 917 Cum
1701 899 1766 924 ergo
1785 890 1840 917 Ro-

1062 945 1133 963 mam
1150 937 1269 964 misissct
1284 938 1427 971 qumsitum
1445 938 1531 963 virum
1543 937 1693 972 sapientem
1709 937 1754 971 qui
1772 937 1841 963 libe—

1058 989 1101 1008 ros
1119 989 1183 1008 suos
1212 982 1382 1015 institueret,
1410 982 1445 1008 ibi
1474 982 1667 1016 philosophum
1695 982 1838 1017 quemdam

1057 1028 1168 1054 nomine
1181 1027 1311 1054 Arsauem
1330 1031 1505 1061 repererunt,
1526 1035 1607 1062 quem
1626 1027 1660 1054 ad
1679 1027 1769 1063 ipsum
1787 1028 1840 1054 mi-

1056 1079 1161 1102 serunt.
1188 1074 1232 1107 qui
1250 1080 1316 1107 ergo
1344 1073 1406 1099 tiliis
1423 1073 1496 1107 regis
1514 1072 1675 1101 erudiendis
1701 1073 1840 1101 incubuit.

1058 1117 1215 1145 nexantem
1231 1119 1274 1145 tilC
1291 1118 1421 1153 quodam,
1450 1126 1513 1145 cum
1540 1120 1672 1146 Arsauem
1695 1119 1766 1146 inter
1788 1119 1841 1146 do-

1056 1165 1170 1191 ccttdum
1187 1169 1271 1196 stare,
1290 1166 1352 1193 tiliis
1385 1165 1470 1199 ipsius
1490 1165 1659 1198 sedentibus,
1679 1165 1842 1201 conspexis-

1056 1214 1106 1241 sel,
1124 1210 1189 1236 illud
1213 1210 1390 1243 improbans:
1407 1210 1445 1237 Ne
1467 1211 1578 1246 (inquit)
1595 1211 1645 1237 hoc
1669 1211 1753 1238 facias
1772 1218 1780 1237 :
1799 1218 1843 1237 re-

1056 1255 1208 1287 spondente
1227 1255 1349 1282 Arsane:
1366 1255 1404 1281 lta
1418 1256 1495 1282 decet
1512 1258 1539 1290 (ο
1563 1257 1621 1290 rex)
1641 1263 1682 1282 me
1697 1256 1766 1283 lilios
1779 1261 1841 1282 tuos

1055 1302 1152 1328 docere
1165 1310 1171 1333 ;
1186 1301 1268 1336 jussit
1284 1309 1332 1328 rex
1358 1301 1446 1336 ipsmn
1472 1303 1577 1334 sedere,
1593 1302 1687 1336 illique
1701 1306 1730 1328 ut
1746 1310 1841 1330 coram

1055 1349 1113 1382 ipso
1136 1351 1240 1374 starent
1253 1347 1351 1375 facere.
1367 1347 1435 1375 Cum
1452 1353 1543 1375 autem
1557 1348 1612 1382 jatn
1626 1353 1758 1383 quantum
1773 1356 1841 1382 opus

1059 1392 1198 1418 videretur
1215 1393 1421 1420 litterisimbnti
1438 1397 1540 1426 essent,
1557 1393 1678 1421 Arsanes
1693 1393 1840 1420 Arcadium

1057 1438 1217 1465 verberibus
1233 1437 1329 1465 durius
1349 1439 1466 1474 excepit,
1482 1439 1551 1466 adeo
1574 1443 1603 1465 ut
1619 1439 1740 1474 ipsorum
1759 1439 1842 1465 vesti-

1057 1483 1129 1517 gium
1151 1483 1207 1510 cttti
1233 1484 1319 1517 ipsius
1341 1484 1530 1518 imprimeret;
1558 1484 1593 1511 ob
1614 1485 1685 1518 quod
1710 1486 1843 1512 Arcadius

1057 1537 1119 1563 erga
1137 1529 1224 1563 ipsum
1246 1529 1313 1555 iram
1333 1530 1427 1555 animo
1442 1530 1579 1564 concepit.
1604 1530 1766 1556 ΙιΙ‹·‹)ιιι;ι‹·ιιι
1783 1532 1838 1565 pia-

1054 1576 1095 1609 gis
1126 1576 1212 1609 ipsum
1231 1574 1339 1601 allicere
1362 1575 1447 1601 voluit
1477 1575 1608 1607 Arsaues,
1625 1581 1665 1607 ut,
1695 1583 1756 1602 cum
1779 1580 1840 1608 post

1053 1626 1157 1656 patrem
1178 1612 1398 1656 srtttltutnipcrio
1417 1621 1561 1655 potiretur,
1579 1622 1602 1649 si
1620 1622 1702 1648 alicui
1726 1623 1841 1649 verbera

1053 1666 1136 1702 inllibi
1154 1667 1244 1698 vellet,
1271 1667 1413 1694 verberum
1438 1667 1515 1693 dolor
1535 1668 1585 1701 ipsi
1616 1668 1758 1694 monitoris
1782 1668 1840 1694 \iee

1055 1716 1137 1739 esset.
1165 1713 1251 1739 Porro
1276 1719 1348 1739 anno
1374 1712 1478 1746 imperii
1499 1712 1645 1739 Theodosii
1663 1712 1744 1747 529
1759 1712 1838 1747 531

1053 1757 1139 1792 Magni
1155 1761 1259 1790 octavo,
1272 1761 1454 1792 apparuerunt
1477 1757 1552 1791 pueri
1584 1758 1622 1784 illi
1639 1758 1697 1793 qui,
1715 1766 1730 1785 a
1755 1758 1842 1785 Dacio

1053 1810 1116 1837 rege
1145 1803 1207 1837 fuga
1237 1811 1266 1830 se
1295 1803 1490 1838 proripientes.
1517 1804 1542 1829 in
1567 1804 1695 1837 spelunca
1715 1804 1742 1830 in
1770 1804 1838 1832 urbe

1053 1848 1159 1884 Epheso
1189 1849 1377 1876 delituerant:
1399 1849 1481 1884 idque
1508 1849 1581 1884 quod
1605 1849 1688 1884 longo
1707 1851 1837 1885 temporis

1054 1896 1197 1922 intem-allo
1226 1903 1287 1921 cum
1306 1900 1428 1929 pastores
1455 1895 1524 1921 inter
1555 1895 1752 1922 transetmdum
1770 1897 1839 1923 latc-

1054 1950 1108 1974 res,
1129 1941 1230 1976 quibus
1260 1941 1393 1975 spelunca:
1423 1941 1513 1967 aditus
1543 1940 1705 1968 obstructus
1736 1940 1839 1971 fuerat,

1053 1988 1110 2014 loco
1134 1994 1243 2013 morere
1260 1985 1333 2012 soliti
1354 1989 1454 2018 essent,
1477 1986 1546 2013 facta
1572 1990 1643 2014 esset
1663 1987 1751 2014 instar
1775 1988 1840 2014 ostii

1052 2038 1171 2067 apertus.
1198 2031 1355 2066 Experrecti
1382 2039 1446 2066 ergo
1461 2031 1548 2066 pueri,
1574 2039 1604 2058 se
1623 2039 1703 2059 unam
1731 2038 1836 2059 tantum

1053 2083 1157 2104 noetem
1173 2077 1335 2104 dormivisse
1352 2081 1489 2111 putantes.
1507 2076 1582 2103 socio
1594 2083 1655 2108 suo,
1677 2077 1724 2111 qui
1744 2077 1836 2103 cibum

1052 2121 1118 2155 ipsis
1145 2128 1234 2147 emere
1258 2120 1385 2148 solebat:
1406 2119 1565 2152 Proiectus,
1596 2121 1731 2154 inquiunt,
1747 2121 1839 2147 cilzutu

1052 2166 1131 2192 nobis
1143 2173 1280 2199 compara,
1304 2171 1330 2192 ct
1348 2164 1413 2199 qttid
1433 2169 1495 2199 agat
1510 2166 1657 2199 imperator
1679 2165 1776 2192 Daeins
1795 2167 1839 2191 in-

1019 2218 1038 2244 υ
1054 2210 1140 2244 quire.
1162 2209 1207 2237 Ille
1229 2210 1263 2236 ad
1280 2214 1384 2245 portam
1401 2210 1539 2244 speluncae
1559 2217 1687 2244 egressus
1703 2211 1750 2237 ubi
1769 2213 1838 2236 ςιιιΓ-

1054 2256 1107 2282 licii
1122 2256 1158 2283 ibi
1178 2258 1328 2283 constructi
1347 2256 1438 2283 ruinas
1457 2260 1592 2287 cerneret,
1615 2256 1680 2290 quid
1697 2256 1747 2283 hoc
1763 2265 1816 2283 rssr
1828 2261 1839 2283 ι

1052 2302 1206 2336 ignoravit;
1222 2309 1336 2336 surgens
1357 2306 1445 2328 tamen
1462 2301 1598 2336 profectus
1611 2305 1654 2329 est
1669 2310 1753 2337 usque
1772 2303 1836 2329 dum

1053 2349 1086 2374 ad
1103 2349 1179 2375 urbis
1200 2348 1297 2382 Ephesi
1317 2355 1351 2382 po
1369 2352 1420 2374 tam
1438 2348 1617 2381 pervenisset,
1649 2356 1733 2383 supra
1756 2357 1836 2382 quam

1051 2400 1158 2418 crucvm
1176 2400 1299 2426 tuagnant
1316 2393 1474 2418 collocatam
1492 2400 1678 2426 consp:catus,
1691 2395 1739 2420 hoc
1753 2406 1758 2419 4
1770 2396 1798 2420 ti;
1811 2403 1839 2421 ιιι

1051 2439 1124 2472 apud
1151 2447 1180 2465 se
1212 2440 1392 2473 improbans:
1416 2438 1467 2470 Me,
1491 2439 1589 2473 inquit,
1613 2441 1731 2467 dultttit‘t'.
1752 2446 1837 2474 puto;

1051 2486 1143 2512 oculos
1165 2493 1228 2519 ergo
1256 2490 1361 2518 tergere
1381 2485 1464 2519 carpit
1484 2493 1516 2512 ae
1537 2486 1709 2513 dextrmstnu
1728 2493 1755 2512 tl
1771 2495 1783 2514 s
1797 2489 1839 2513 tti—

1051 2533 1186 2556 strorsutn
1205 2530 1430 2563 crcumspicere,
1454 2537 1516 2555 nttut
1544 2530 1646 2565 aliquid
1669 2531 1722 2557 sibi
1742 2537 1835 2557 notum

1051 2575 1140 2600 videre
1156 2579 1257 2608 posset,
1273 2574 1352 2607 quale
1371 2582 1431 2600 ctttu
1452 2575 1518 2600 nihil
1545 2580 1679 2606 cerneret,
1706 2576 1838 2603 Confusus

1050 2620 1186 2652 substitit,
1204 2620 1259 2646 bzce
1276 2621 1346 2654 apud
1366 2628 1394 2647 se
1419 2628 1509 2647 animo
1527 2626 1654 2656 reputans
1667 2621 1806 2648 :lﬂu‘sitau
1822 2631 1837 2649 τι

1051 2665 1093 2691 ιίςι
1110 2666 1244 2697 aberrari,
1267 2666 1306 2692 rel
1323 2666 1435 2693 forsitan
1457 2675 1509 2693 non
1526 2672 1567 2694 est
1586 2669 1650 2694 urbs
1675 2667 1727 2694 ista
1748 2668 1838 2702 Ephe-

1050 2719 1105 2737 sus.
1125 2709 1224 2737 Urbem
1243 2719 1308 2737 veto
1325 2712 1464 2746 ingreSsus
1483 2721 1622 2739 numinum
1639 2721 1717 2747 quem
1739 2713 1836 2740 Ιιςιιιιιτι

1051 2757 1146 2789 pistori
1169 2758 1280 2783 traliiltt
1306 2766 1359 2792 qtto
1379 2766 1475 2791 pancnt
1505 2764 1618 2790 emeret,
1639 2761 1724 2793 pistor
1747 2760 1834 2786 virum

1052 2802 1144 2827 habitu
1174 2803 1315 2837 pel‘t‘glittu
1344 2805 1521 2838 co..Spiea:us
1548 2805 1676 2839 pavidum
1706 2809 1835 2839 metuque

1050 2851 1269 2881 consternatum,
1286 2856 1412 2877 nummos
1429 2850 1573 2877 habentem
1585 2849 1684 2885 quibus
1697 2849 1770 2877 Dacii
1784 2851 1836 2877 im-
