2015 3081
188 119 197 151 i
204 120 255 152 027

694 116 878 146 EUTYCIIH
895 115 1158 145 ALEXANDRINI
1185 116 1293 145 PATR.

1736 114 1806 145 1οἿ8

186 174 321 210 peratoris
343 173 444 208 cmgics
474 173 610 208 insculpta
634 178 717 203 ρςςιιι,
732 173 796 205 quid
823 171 873 197 hoe
898 175 972 197 essi-t
987 177 1006 202 Α
1025 178 1075 197 nus
1093 171 1248 205 patriarcha
1266 171 1463 202 Antinoi-onus,
1483 170 1528 204 qui
1546 169 1639 196 decem
1654 176 1740 195 annus
1763 179 1807 194 sn-

186 220 307 251 ncscins,
332 220 487 253 suspicatus
515 218 589 244 illum
618 216 697 252 532
714 218 874 242 thr-satiram
896 216 971 241 inve-

187 268 273 297 IlirSt‘,
302 265 380 292 Utrde
396 283 404 296 ,
419 263 515 297 inquit.
532 263 580 290 tibi
605 267 648 290 est
675 270 802 289 ntrnrnus
816 261 885 288 iste?
913 262 972 292 Otto

187 311 254 337 nilrrl
279 309 472 344 respondente,
501 308 626 334 homines
655 307 832 339 inclamavit,
855 313 942 341 quoru
956 315 971 332 ιι

188 363 286 390 magno
302 355 372 389 apud
387 355 474 388 ipsrrrri
492 359 564 381 coetu
582 357 762 389 congregato,
777 353 921 388 ipsumque
934 353 974 380 al-

188 403 326 435 loquente,
344 407 406 426 curn
427 399 472 426 ille
495 399 600 425 nullrrrrr
616 400 683 433 ipsis
703 407 863 433 responsum
882 399 926 426 red
939 400 973 426 le-

189 452 238 475 rrt.
251 446 287 471 illi
301 453 362 472 ertrri
382 445 414 471 ad
432 444 576 479 patricium
601 444 661 471 urbi
680 445 837 479 praxim-turn
864 445 974 472 nomine

187 492 360 526 Antipatrum
377 491 620 525 abduxerunt,qui
637 499 699 517 eum
720 492 801 517 etiam
825 491 974 522 allocutus,

189 537 296 572 ipsique
310 537 430 564 minatus
442 540 496 563 est.
521 537 566 563 lile
580 542 669 563 tamen
682 536 749 563 nihil
762 536 914 571 resporrdit.
927 537 975 563 Ac-

187 583 270 609 cessit
294 582 377 609 etiam
405 582 439 609 ad
461 581 549 617 ipsum
576 581 686 610 Marcus
713 582 791 608 urbis
815 583 975 617 episcopus.

188 626 233 660 qui
250 626 340 661 ipsum
354 626 467 656 atratus.
489 634 538 652 nec
553 626 636 652 ullrrru
656 626 718 653 tulit
738 634 911 660 responsum.
930 627 975 653 Ille

187 679 264 706 ergo,
281 679 335 706 qrto
358 672 446 706 ipsum
472 675 597 703 terreret,
616 670 684 703 Nisi,
707 671 806 706 inqtrit,
832 679 881 699 nos
906 672 975 698 allo-

187 718 293 752 qtraris,
319 724 351 744 ac
380 717 452 745 unde
469 717 518 744 tibi
537 717 619 744 fuerit
642 725 771 745 rrrrrrrrrrus
796 718 847 745 iste
871 718 975 750 rdicas.

190 769 279 790 morte
294 767 321 790 to
345 763 536 790 mulrabimus.
566 762 687 790 Necdum
703 767 795 790 tamen
824 765 974 798 respoudrt,

189 810 264 844 l0qui
278 810 385 837 scilicet
417 809 544 836 abnuens
575 814 649 836 tnetri
678 809 756 836 Dacii
790 810 974 844 imperatoris,

189 855 269 890 quasi
285 855 342 890 ipse
358 855 448 882 adhuc
463 855 566 882 viveret
583 855 683 889 (adhuc
699 855 771 881 enim
790 855 876 889 ipsum
893 855 919 882 in
937 856 977 882 vi-

190 901 232 928 vis
256 907 402 934 superesse
428 899 564 934 putabat).
587 898 677 934 Plagis
693 907 758 934 ergo
774 900 861 934 ipsum
877 899 976 927 aﬂece-

190 951 264 978 runt,
282 954 398 981 quarunt
428 946 548 973 dolorem
567 946 611 972 ubi
627 945 724 979 sensit,
741 945 803 978 Ubi,
818 947 916 980 inquit.
935 950 977 973 est

192 992 290 1019 lim-ius
306 992 375 1019 rex?
393 991 629 1026 Respondentibus
653 992 706 1018 illis
733 991 844 1018 Dacium
859 992 977 1026 impera-

191 1043 276 1064 torem
297 1043 434 1065 mortuum
461 1045 532 1070 esse,
551 1039 706 1072 multosque
726 1043 787 1072 post
810 1038 898 1072 ipsum
927 1038 978 1064 irn-

191 1085 266 1119 purio
281 1085 384 1119 potitos
397 1091 487 1119 reges,
502 1084 658 1119 Clrristiqrre
674 1084 753 1112 iideur
769 1084 935 1116 obtinuisse,
951 1089 978 1111 et

190 1131 236 1166 qui
248 1131 304 1165 iam
321 1131 469 1166 imperaret
485 1129 671 1157 Theodosium
695 1129 821 1164 Magnum
833 1138 904 1161 esse,
920 1134 976 1157 tum

191 1177 300 1203 sublato
316 1182 388 1202 metu
407 1176 499 1203 onrnia
515 1185 576 1210 qua:
593 1177 645 1203 sibi
661 1176 830 1203 accidissent
844 1176 976 1203 narravit.

192 1223 269 1249 Illum
285 1230 351 1257 ergo
365 1222 398 1249 ad
414 1223 573 1257 speluncam
589 1222 714 1249 comitati
733 1222 768 1248 ibi
785 1223 876 1250 sodes
891 1222 978 1257 ipsius

191 1272 405 1301 conspexerunt,
433 1274 483 1293 nec
509 1273 560 1292 11011
582 1274 673 1293 arcam
694 1274 796 1293 teneam
817 1271 979 1301 repererunt

192 1313 273 1346 eique
305 1313 438 1338 inclusam
470 1312 598 1337 laminam
627 1311 780 1345 plumbeam
809 1311 904 1346 inqua
928 1313 978 1339 de-

193 1359 293 1391 er-ripta
311 1361 370 1383 erat
401 1357 522 1391 ipsorum
545 1356 672 1387 lrisloria,
690 1363 716 1383 ct
744 1357 810 1391 qrrid
832 1357 898 1391 ipsis
917 1365 977 1384 cum

194 1403 360 1437 imperatore
382 1402 558 1438 533-535
587 1401 668 1429 Dacio
684 1402 859 1437 contigisset,
882 1403 980 1430 litteris

197 1448 344 1475 mandante
359 1446 489 1475 Tadduso
506 1448 579 1474 Daeii
599 1448 773 1482 imperatoris
792 1448 918 1481 patricio.
934 1446 980 1474 llis

196 1494 222 1520 in
245 1501 379 1520 summam
400 1493 610 1520 admirationem
645 1494 713 1527 rapti
744 1493 775 1519 ad
793 1492 977 1520 Theodosium
994 1511 1014 1539 ε

194 1547 285 1574 regem
314 1539 419 1566 litteras
436 1539 602 1573 scﬁpserunt
619 1538 719 1572 quibus
745 1547 805 1565 cum
825 1541 920 1564 lrarrrtu
937 1546 980 1564 re-

195 1593 255 1611 rum
269 1586 415 1612 certiorem
428 1585 616 1611 reddiderunt.
631 1583 682 1616 Qui
694 1592 759 1619 ergo
771 1591 925 1611 conscenso
938 1591 981 1610 vc-

197 1631 262 1658 redo
284 1631 378 1657 urbem
399 1629 534 1665 Ephesum
563 1633 657 1664 petens
676 1630 712 1656 ibi
738 1630 799 1656 illos
816 1634 843 1656 et
864 1630 930 1656 vidit
956 1635 982 1656 et

195 1676 351 1703 collocutus
374 1682 427 1702 est.
461 1676 494 1702 At
512 1675 599 1702 tribus
618 1679 678 1710 post
693 1676 799 1706 diebus.
815 1684 876 1703 eum
890 1676 923 1702 ad
941 1675 983 1710 ip~

197 1729 244 1748 sos
259 1721 287 1747 in
303 1721 461 1755 speluncam
486 1721 625 1752 introiret,
643 1721 718 1755 ipsos
733 1721 788 1755 jam
805 1726 928 1749 mortuos
942 1721 984 1748 irt-

197 1766 283 1793 veuit.
301 1765 387 1793 Jussit
402 1773 467 1801 ergo
491 1773 526 1792 ne
558 1766 622 1792 inde
649 1768 846 1799 educerentur,
877 1768 925 1794 sed
955 1769 982 1794 in

199 1812 259 1846 ipsa
286 1812 416 1846 spelunca
444 1811 565 1846 sepeliri,
582 1817 609 1838 ct
627 1819 710 1846 super
736 1813 812 1846 ipsos
837 1813 982 1840 ecclesiam

198 1857 298 1883 struxit
312 1864 372 1891 qua:
390 1858 512 1892 ipsoruru
537 1856 646 1884 nomine
667 1857 796 1891 insignita
807 1863 860 1890 est,
888 1865 920 1885 ac
945 1857 982 1884 l'e-

199 1907 271 1929 sttrur
291 1903 317 1929 in
340 1903 460 1937 ipsorum
474 1902 590 1937 gratiam
600 1902 754 1929 institutum
767 1910 799 1930 eo
812 1903 853 1930 die
867 1906 984 1938 quotan-

198 1948 242 1975 nis
267 1946 445 1974 celebratur:
462 1948 524 1974 dein
555 1948 825 1982 Constantinopolim
857 1955 984 1976 reversus

198 1998 238 2020 est
252 1991 422 2020 Theodosius
434 2000 493 2020 rex.

232 2038 291 2065 .lanr
308 2046 323 2065 a
341 2043 476 2072 tempore,
498 2046 553 2073 quo
570 2045 584 2065 ιι
602 2037 685 2065 Dacia
712 2038 878 2073 imperatore
909 2038 986 2074 fuge-

199 2090 262 2111 runt
280 2085 354 2119 pueri
373 2085 417 2111 isti
434 2084 460 2111 in
477 2084 635 2117 speluncam
658 2088 740 2118 atque
764 2084 790 2111 in
808 2092 839 2111 ea
861 2084 986 2111 dormie-

200 2134 274 2162 runt,
290 2131 323 2156 ad
337 2135 444 2164 tempus
456 2138 509 2164 quo
525 2137 633 2156 rursum
643 2134 829 2164 apparuerunt
841 2137 872 2155 ac
885 2129 986 2156 mortui

1022 217 1072 244 dit.
1091 216 1152 243 dein
1168 221 1293 251 mortuus
1307 220 1356 242 est.
1372 217 1449 241 Auno
1465 214 1808 249 imperiiejusdemoctam

1023 261 1191 288 constitutus
1209 267 1251 288 est
1275 261 1398 288 Joannes
1415 261 1568 295 patriarcha
1584 259 1809 294 Iliernsolymita-

1025 316 1086 336 nus.
1104 308 1148 334 ubi
1167 315 1254 334 naues
1273 307 1411 334 sexdecim
1426 307 1508 337 sedit.
1530 307 1593 332 dein
1611 311 1737 332 momnis
1753 311 1807 331 est.

1024 353 1160 387 Tempore
1179 353 1242 380 item
1260 352 1406 380 Theodosii
1433 353 1507 386 regis
1530 351 1622 378 ﬂoruit
1640 351 1812 386 Epiphanius

1024 401 1105 435 Cypri
1132 400 1291 435 episcopus.
1319 399 1427 426 Strinxit
1454 399 1537 426 etiam
1567 397 1742 425 Theodosius
1762 405 1811 424 rex

1026 445 1224 481 Hierosolymis
1241 445 1386 473 ecclesiam
1411 443 1571 472 Jesmaniab
1593 444 1620 470 in
1648 452 1702 478 qua
1719 445 1813 478 supul-

1025 499 1102 518 crurrr
1119 496 1178 518 erat
1205 496 1309 518 διιιιι-ιω
1331 490 1432 522 Marias,
1453 497 1536 525 quam
1554 489 1697 516 diruerunt
1721 489 1813 516 Persa:

1025 543 1080 570 quo
1098 540 1219 569 tempore
1236 534 1425 569 Hierosolyma
1439 542 1526 568 usque
1547 533 1661 567 proiecti
1681 534 1812 560 ect-lrsins

1026 581 1291 616 llrerorrolyuritauas
1320 580 1534 610 destruxerunt.
1557 580 1625 606 adeo
1642 583 1671 606 ut
1695 580 1722 606 in
1739 579 1812 606 lrurze

1027 633 1113 660 usque
1128 627 1198 653 diem
1212 632 1323 653 vas-tau?
1339 630 1476 652 triarii-ant.

1062 671 1147 699 Porro
1160 679 1232 699 anno
1246 671 1352 706 imperii
1371 671 1516 698 Theodosii
1534 671 1607 702 regis
1617 670 1723 698 decimo
1738 677 1813 696 mor-

1027 723 1090 745 tuus
1101 721 1143 745 est
1163 717 1253 744 Sabur
1272 717 1372 744 Saburi
1392 717 1465 745 ﬁlius
1480 725 1525 744 rex
1552 716 1719 749 Persarum;
1747 721 1811 751 past

1025 769 1106 797 quem
1122 762 1245 796 regnavit
1258 762 1376 789 Bahram
1395 762 1494 790 Saburi
1512 763 1583 790 l‘rlius
1599 770 1645 790 rex
1665 762 1811 790 l’ersarnrrr

1027 814 1115 834 annos
1131 808 1271 840 undecim,
1293 815 1308 834 a
1322 815 1376 842 quo
1392 813 1514 843 tempore
1529 808 1672 835 fruebatur
1687 807 1813 836 Theodo-

1028 853 1060 880 sii
1075 861 1187 888 regmrrrr
1215 855 1416 889 tranquillitate
1437 861 1464 882 et
1485 862 1552 889 pace
1567 875 1575 888 ,
1598 855 1663 882 dein
1688 859 1812 881 mortuus

1027 904 1079 925 est.
1094 897 1216 925 Mortuus
1228 903 1270 926 est
1284 899 1367 926 etiam
1387 899 1560 927 Theodosius
1578 907 1623 927 rex
1643 899 1814 927 succedenti-

1029 944 1079 970 bus
1095 943 1146 978 ἰρςὶ
1162 943 1276 978 imperio
1291 943 1355 972 ﬁliis
1378 944 1464 980 ipsius
1488 945 1605 972 Arcadio
1630 950 1656 972 ιι
1680 943 1812 972 Honorio.

1028 988 1173 1024 Imperavit
1186 995 1277 1017 autem
1286 991 1419 1019 Arcadius
1432 990 1562 1019 Romanis
1575 992 1812 1026 Consmrrlinopuli

1029 1041 1117 1062 annos
1131 1034 1264 1062 tredecim
1282 1044 1289 1068 ;
1310 1035 1394 1062 frater
1409 1043 1472 1062 vero
1495 1036 1582 1070 ipsius
1601 1036 1738 1063 llonorius
1752 1037 1813 1062 urbi

1031 1080 1122 1106 Roma:
1138 1088 1227 1108 annos
1239 1081 1366 1108 undecim
1383 1090 1390 1114 ;
1413 1082 1492 1116 idque
1506 1089 1578 1111 anno
1595 1083 1669 1117 regni
1685 1082 1814 1110 llabrauri

1030 1127 1078 1153 lilii
1113 1127 1226 1162 Saporis
1249 1127 1395 1155 Persarum
1424 1129 1496 1163 regis
1521 1130 1648 1163 septimo.
1678 1131 1814 1157 Arcadius

1029 1179 1118 1200 autem
1136 1181 1181 1200 rex
1194 1179 1390 1208 praeceptorem
1402 1174 1580 1210 537-539
1589 1183 1669 1203 suum
1682 1177 1814 1204 Arsanenr

1029 1219 1062 1246 ad
1077 1227 1170 1247 necem
1190 1221 1317 1254 quzesivit
1329 1227 1385 1254 prae
1397 1228 1430 1247 eo
1443 1220 1516 1256 quod
1532 1229 1596 1256 erga
1615 1222 1703 1256 ipsurrr
1718 1222 1744 1248 in
1756 1226 1816 1248 ani-

1031 1272 1074 1291 rrro
1093 1265 1205 1299 gerebat
1223 1266 1297 1292 odio.
1312 1265 1401 1301 Cujus
1416 1266 1454 1294 rei
1472 1267 1572 1294 certior
1589 1266 1677 1294 factus
1694 1268 1814 1294 Arsancs

1030 1308 1224 1337 Alexandriam
1240 1310 1347 1345 fugiens
1361 1312 1556 1339 monachatum
1574 1313 1716 1347 professus
1731 1318 1773 1340 est
1788 1314 1815 1340 in

1031 1355 1198 1382 manasterio
1215 1355 1337 1389 quodaru
1369 1357 1440 1390 quod
1463 1357 1490 1384 in
1517 1357 1584 1384 valle
1609 1357 1724 1389 llobaib,
1740 1358 1816 1391 juxta

1031 1399 1148 1431 Tarnut,
1165 1401 1248 1428 situm
1263 1406 1316 1432 est.
1333 1406 1360 1428 et
1385 1401 1463 1429 Askit
1484 1402 1660 1436 appellatum.
1682 1403 1817 1430 Arcadius

1032 1445 1132 1473 d-‘indc
1152 1452 1216 1473 nato
1239 1447 1290 1474 sibi
1314 1447 1380 1479 ﬁlio,
1409 1448 1451 1474 cui
1466 1448 1613 1476 Theodosii
1631 1457 1729 1475 nomen
1746 1449 1818 1475 iridi-

1032 1492 1082 1524 dit,
1116 1493 1246 1519 Arsanem
1278 1498 1472 1528 praeceptorem
1492 1502 1572 1521 suum
1605 1498 1711 1529 rogavit
1741 1499 1817 1522 utet

1034 1538 1116 1563 lilium
1133 1545 1210 1563 suum
1228 1538 1357 1571 doceret;
1373 1547 1489 1573 curnqrre
1506 1539 1558 1574 ipsi
1571 1540 1726 1567 nuntiatutrr
1745 1547 1817 1568 esset

1033 1582 1120 1616 ipsum
1133 1584 1159 1609 in
1173 1582 1318 1618 Egyptum
1334 1584 1396 1618 fuga
1406 1585 1527 1619 elapsunr
1540 1585 1623 1612 vitam
1638 1589 1815 1613 monasticam

1033 1629 1067 1654 ibi
1086 1628 1113 1655 in
1138 1630 1310 1655 monasterio
1325 1629 1402 1656 Askit
1416 1631 1550 1664 proﬁteri,
1562 1631 1637 1657 irrisit
1653 1638 1712 1665 post
1728 1632 1816 1666 ipsum

1034 1674 1080 1708 qui
1095 1678 1123 1700 et
1141 1674 1202 1701 vitae
1226 1681 1353 1701 securum
1367 1682 1429 1702 esse
1443 1675 1564 1709 juberet.
1578 1675 1708 1704 Ilenueas
1726 1682 1816 1704 autem

1035 1720 1155 1745 Arsanes
1177 1717 1295 1754 [venire]
1319 1721 1416 1747 nuntio
1440 1721 1580 1748 blanditus
1593 1727 1634 1748 est
1651 1724 1719 1748 adeo
1736 1728 1764 1748 ut
1781 1723 1816 1748 ab

1034 1764 1093 1798 ipso
1109 1764 1269 1792 discederet.
1287 1765 1390 1793 Deinde
1415 1772 1537 1793 metuens
1558 1773 1591 1794 ne
1605 1767 1726 1794 mitteret
1741 1767 1815 1802 [rex]

1034 1810 1080 1843 qui
1097 1810 1121 1835 vi
1140 1809 1229 1844 ipsum
1246 1810 1428 1843 abducerent,
1455 1810 1568 1838 Saidnm
1594 1811 1702 1847 Aigypti
1726 1812 1819 1846 pri-ie-

1034 1859 1094 1881 ctus
1119 1854 1155 1881 ibi
1190 1855 1216 1880 irr
1235 1860 1327 1882 monte
1355 1855 1501 1883 Mokattam
1519 1863 1534 1884 e
1550 1857 1658 1891 regione
1685 1857 1736 1884 vici
1752 1858 1819 1884 dicti

1035 1899 1104 1926 'l‘ora
1123 1900 1262 1932 habitavit,
1275 1901 1319 1928 rrbi
1332 1905 1475 1936 postquam
1490 1907 1545 1929 tres
1554 1909 1641 1930 annos
1652 1903 1820 1930 substitisset

1036 1951 1160 1972 mortuus
1178 1949 1233 1972 est.
1250 1945 1319 1972 Tum
1337 1954 1403 1973 vero
1415 1947 1500 1974 alium
1527 1949 1652 1974 uuutiurrr
1674 1949 1747 1976 misit
1770 1951 1821 1975 Ar-

1035 1991 1131 2017 cadius
1148 1998 1192 2018 rex
1209 1991 1254 2026 qui
1274 1999 1335 2019 eum
1351 1992 1376 2019 vi
1392 1993 1549 2025 adduceret.
1564 1994 1609 2020 cui
1625 2002 1686 2021 cum
1707 1995 1741 2021 ad
1758 2003 1818 2021 rno-

1037 2036 1189 2064 uasterium
1215 2036 1292 2064 Askit
1309 2040 1478 2072 pervenisset
1493 2040 1648 2066 nuntiatum
1662 2045 1714 2072 est,
1731 2042 1815 2067 Arsa-

1038 2090 1098 2109 nem
1125 2082 1182 2117 jam
1202 2084 1228 2110 in
1247 2088 1338 2111 monte
1365 2083 1512 2111 Mokattam
1527 2092 1542 2112 e
1557 2085 1626 2112 vi'vis
1656 2086 1818 2113 exochiss--.

1039 2127 1180 2156 lievetsrrs
1194 2137 1258 2163 ergo
1274 2130 1386 2157 nuntius
1401 2130 1466 2157 illrrd
1486 2131 1541 2165 regi
1557 2132 1686 2158 narravit.
1704 2131 1760 2159 llex
1773 2132 1823 2166 igi-

199 2180 277 2207 sunt,
289 2175 366 2209 juxta
389 2174 454 2201 illrrd
470 2174 542 2208 quod
557 2174 582 2199 in
603 2174 713 2200 historia
730 2174 852 2208 martyrii
865 2174 987 2207 ipsorurrr
1004 2175 1027 2204 υ
1042 2179 1085 2201 tur
1106 2176 1191 2202 misso
1206 2176 1340 2202 monacho
1356 2176 1398 2202 cui
1415 2183 1512 2203 nomen
1528 2175 1651 2209 Trasius,
1666 2184 1750 2212 eoque
1763 2178 1824 2210 opi-

200 2221 328 2255 legimus,
356 2221 419 2246 anui
447 2224 511 2246 sunt
535 2223 685 2246 tercentum
720 2220 891 2254 septuaginta
918 2220 982 2246 duo.

200 2265 285 2292 Porro
302 2272 373 2291 anno
387 2264 492 2298 imperii
515 2263 660 2290 Theodosii
677 2263 766 2299 Magni
784 2263 892 2290 deeirrro
904 2264 985 2290 tertio

202 2311 371 2338 constitutus
397 2315 440 2336 est
458 2309 573 2336 Siricirrs
597 2309 751 2344 patriarcha
769 2308 921 2341 Romanus,
938 2309 985 2344 qui

201 2356 346 2384 duodecim
365 2363 452 2383 annos
470 2355 550 2387 sedit,
567 2356 630 2382 dein
645 2360 769 2382 mortuus
787 2359 839 2382 est.
857 2355 985 2389 lajusderu

202 2403 308 2437 imperii
324 2409 396 2428 anno
411 2402 519 2428 decium
535 2403 652 2435 septimo
675 2406 800 2428 mortuus
825 2406 866 2428 est
884 2401 986 2427 Neltta-

203 2449 262 2475 rius
284 2448 437 2483 patriarcha
460 2447 794 2480 Constantinopolitaaus,
811 2447 856 2481 qui
886 2447 985 2473 ibidem

203 2501 315 2520 rnuuere
322 2493 498 2528 patriarchali
511 2491 622 2519 functus
637 2494 724 2518 luerat
737 2499 822 2518 arruns
834 2491 985 2519 sexdecim.

205 2539 268 2565 l’ost
285 2547 364 2574 quem
382 2539 537 2573 patriarcha
549 2538 867 2571 Constautinopolitanus
885 2537 989 2564 consti-

205 2589 280 2611 tutus
292 2589 334 2612 est
346 2584 466 2612 Joannes
482 2585 705 2618 Cbrysostornus.
722 2583 768 2616 qui
784 2590 845 2609 curn
860 2583 895 2610 ibi
907 2583 989 2617 quin-

207 2637 259 2662 que
277 2637 363 2656 annos
377 2634 404 2656 et
417 2629 512 2656 decem
536 2636 647 2655 nienses
659 2627 741 2663 536
767 2628 937 2656 substitisset
961 2629 988 2656 in

205 2673 329 2699 exsilium
341 2675 436 2708 pulsus
451 2675 477 2700 in
491 2673 587 2700 eodem
611 2677 735 2700 mortuus
748 2677 801 2700 est.
818 2674 896 2700 Anno
907 2674 992 2708 impe-

208 2719 239 2743 rri
255 2718 373 2750 ejusdem
389 2724 467 2746 sexto
483 2723 593 2745 creatus
605 2721 647 2745 est
663 2717 810 2745 Flavianus
835 2719 989 2752 patriarcha

207 2763 405 2797 Antiocberrus,
420 2764 468 2798 qui
486 2771 548 2791 cum
567 2771 611 2790 sex
627 2771 716 2792 annos
735 2764 850 2792 sedisset
868 2772 991 2794 mortuus

211 2811 264 2832 est.
282 2807 360 2834 Auno
388 2809 512 2842 ejusdem
530 2809 696 2837 duodecimo
719 2808 808 2836 factus
831 2815 873 2838 est
888 2811 991 2840 Barku-

1039 2224 1088 2248 bus
1114 2221 1260 2254 instructo,
1279 2220 1350 2249 Vade
1365 2222 1477 2257 (inquit)
1494 2227 1521 2250 et
1547 2230 1630 2258 super
1651 2224 1764 2251 Arsanis
1779 2229 1821 2250 trr-

1037 2266 1111 2292 rnulo
1141 2267 1339 2298 monasterium
1365 2273 1476 2295 exstrue
1498 2269 1568 2302 quod
1597 2268 1684 2301 ipsius
1713 2269 1823 2296 nomine

1038 2311 1198 2345 appelletur.
1217 2311 1356 2339 Profectus
1374 2321 1439 2348 ergo
1450 2314 1562 2341 Trasius
1577 2313 1724 2349 Egyptum
1740 2323 1822 2348 super

1042 2357 1156 2382 Arsanis
1184 2355 1264 2391 550
1289 2357 1415 2392 sepulcro
1447 2359 1640 2386 nronasteriuur
1668 2359 1822 2388 exstruxit.

1038 2402 1111 2435 quod
1128 2401 1155 2427 iii
1175 2406 1267 2429 monte
1280 2402 1426 2429 Mokattaur
1443 2405 1528 2430 situm
1544 2408 1586 2430 est
1604 2408 1630 2430 et
1650 2404 1697 2431 Die
1713 2404 1823 2432 Alkasir

1042 2453 1126 2480 usque
1140 2446 1171 2473 ad
1185 2447 1257 2474 hunc
1275 2447 1346 2474 diem
1362 2449 1522 2482 appellatur.

1077 2491 1162 2518 Porro
1176 2493 1201 2518 in
1218 2490 1336 2527 [Egyplo
1353 2494 1497 2528 episeopus
1512 2494 1623 2529 quidam
1636 2495 1756 2522 moriens
1770 2500 1826 2522 tres

1045 2537 1114 2564 filios
1130 2539 1240 2573 reliquit
1255 2540 1300 2573 qui
1320 2539 1402 2566 vitam
1416 2541 1592 2567 monasticam
1609 2540 1725 2575 professi
1737 2541 1824 2568 Askili

1043 2584 1184 2615 sederunt,
1200 2592 1316 2618 quorum
1333 2592 1416 2611 unum
1434 2585 1568 2612 adscitum
1589 2583 1757 2620 Theophilus
1777 2594 1827 2621 pa-

1044 2629 1163 2655 triarc..a
1173 2629 1375 2656 Alexandrinus
1387 2630 1546 2664 episcopum
1562 2630 1588 2657 in
1602 2631 1706 2665 aliquot
1715 2630 1827 2666 [Egypti

1045 2675 1127 2701 urbes
1144 2674 1297 2707 constituit,
1327 2675 1446 2709 reliquos
1469 2676 1538 2702 duos
1560 2675 1692 2702 diaconos
1718 2678 1827 2711 sil-ique

1045 2719 1211 2754 discipulos;
1228 2721 1275 2755 qui
1291 2727 1355 2755 ergo
1367 2720 1520 2756 Theophilo
1533 2721 1693 2755 patriarcha:
1710 2721 1827 2748 Alexan-

1046 2765 1128 2792 drino
1144 2766 1330 2793 iuservierunt
1350 2774 1359 2794 :
1376 2770 1402 2793 at
1414 2767 1507 2801 elapso
1523 2767 1642 2794 triennio
1658 2767 1756 2794 iterum
1772 2769 1826 2794 As-

1047 2814 1135 2841 kitum
1153 2813 1253 2841 reverti
1268 2812 1418 2847 cupientes,
1434 2820 1497 2839 cum
1514 2812 1589 2848 ipsos
1601 2812 1628 2839 id
1647 2812 1738 2840 facere
1754 2817 1826 2840 vcta-
