2015 3081
182 149 245 181 iOLl

692 146 877 178 EU'l'YCllll
902 143 1172 174 ALEXANDRINI
1194 146 1304 176 PATli.

1738 141 1807 173 1032

172 209 214 242 gis
235 206 391 233 undecimo.
413 207 490 232 Anno
509 205 615 240 imperii
631 205 717 239 ipsius
735 211 808 230 nono
822 202 929 229 ill\':ttit‘t
942 204 968 226 te
982 201 1004 228 Δ
1023 206 1110 232 ner't-t,
1130 207 1211 236 atque
1226 207 1254 227 ut
1273 202 1304 227 ad
1323 202 1463 227 vrritatem
1479 199 1545 234 5-7
1565 199 1667 226 rediret
1682 199 1808 226 hortare-

172 253 260 288 ipsum
287 251 456 286 Yazdejcrdo
477 251 603 277 Bahrami
631 251 685 277 lilio
708 250 806 276 bellum
833 249 963 274 intertos

172 305 254 332 grave
276 298 453 324 commissum
477 301 529 329 est,
554 304 713 331 magnaeque
742 299 849 329 strages
872 293 962 326 edim,

171 344 239 371 adeo
260 347 289 370 ιιι
316 344 422 376 trtrique
434 343 548 376 tandem
578 342 644 368 alter
664 341 698 368 ab
712 342 800 367 altero
820 340 846 366 in
871 339 962 372 fugam

173 394 352 416 verterentur.
372 388 451 414 Anno
474 388 581 422 imperii
608 387 729 420 ejusdem
753 386 861 413 decimo
881 384 962 410 tertio

172 434 254 470 549
271 434 349 469 551
364 438 529 460 constitutus
548 438 588 460 est
599 432 724 459 Zosimns
737 431 893 466 patriarcha
907 429 963 456 lio-

172 489 279 512 ruanus,
297 482 343 514 qui
359 487 420 506 cum
438 487 538 506 annern
553 488 578 506 ιιι
592 488 635 506 um
652 479 767 506 sedisset
779 482 899 503 morttrns
910 481 962 506 est,

171 527 203 551 ad
231 533 290 552 eam
309 526 468 558 dignitatem
499 530 559 559 post
584 526 672 559 ipsum
696 529 790 550 evecto
812 521 961 551 Bonifaeio,

170 572 216 605 qui
234 577 289 598 tres
312 578 399 598 annos
421 571 502 602 sedit,
520 571 583 597 dein
602 575 724 596 mortuus
744 575 796 596 cst.
811 567 963 601 Faltnsqne

170 623 210 642 (hi
239 621 298 651 post
322 617 410 651 ipsum
433 616 586 652 patriarcha
611 616 709 643 ibidem
736 614 899 645 Celestintts,
916 613 962 648 qui

171 671 258 689 annos
272 663 366 688 decem
392 663 472 693 sedit,
489 662 550 688 dein
570 665 695 687 mortuus
709 663 761 687 est.
785 659 851 694 Ejus
869 657 963 693 praeie-

171 714 255 735 ctnra:
274 715 346 734 anno
368 707 463 742 quinto
483 707 534 733 fuit
561 707 707 733 concilium
732 705 842 732 tertium
867 708 962 731 contra

170 753 335 785 Nestorium,
353 752 461 787 Ephesi.
474 753 552 778 Anno
565 752 668 786 imperii
684 751 817 785 ejusdem,
838 750 963 776 videlicet

169 797 317 825 Theodosii
338 798 472 829 Junioris,
496 798 593 832 prium,
610 797 775 824 corrstitntus
789 802 830 822 est
845 795 962 830 Cyrillns

171 845 322 880 patriarcha
353 844 567 875 Alexandrinus;
582 850 669 868 annos
684 841 795 875 triginta
811 846 867 867 tres
879 841 961 872 sedit,

1019 252 1073 274 tttr.
1092 247 1208 280 Scripsit
1224 255 1289 281 ergo
1303 246 1422 274 Joannes
1441 245 1594 280 patriarcha
1614 245 1804 272 Antiochenus

1017 293 1050 320 ad
1066 292 1235 326 Nestorium,
1252 301 1292 324 se,
1316 293 1369 319 nisi
1393 292 1426 318 ad
1448 293 1589 318 veritatem
1613 291 1727 319 rediret.
1743 297 1807 316 con-

1018 343 1168 370 venturos,
1205 339 1311 374 ipsique
1345 337 1550 365 maledicturos.
1583 336 1804 364 lntercesscrnnt

1017 385 1100 412 etiam
1126 386 1198 412 inter
1221 393 1268 413 eos
1291 385 1413 419 epistola:
1440 392 1493 409 non
1521 390 1613 417 pauere
1632 391 1640 415 ;
1662 381 1806 410 Nestorius

1018 439 1081 458 vero
1095 439 1109 457 ιι
1126 432 1260 458 sententia
1273 439 1323 458 sua
1339 431 1549 466 haudquaquam
1573 430 1698 462 recessit,
1712 430 1758 456 sed
1779 431 1806 455 in

1017 484 1111 504 errore
1130 485 1190 508 suo,
1207 479 1383 512 cmcitafeque
1398 485 1429 504 ac
1444 478 1582 511 opinionis
1595 477 1726 511 pravitate
1743 484 1807 510 prr-
1820 502 1830 508 _

1017 523 1129 550 mansit.
1146 523 1266 550 J0anrn-s
1279 531 1342 557 ergo
1359 523 1512 558 patriarcha
1533 523 1719 549 Antioeheuus
1736 523 1806 549 scri-

1018 570 1070 603 ptis
1088 570 1120 596 ad
1146 569 1277 604 Cyrillum
1305 569 1522 596 Alexandrinum
1543 569 1642 595 litteris
1659 570 1804 596 certiorem

1018 616 1107 650 ipsum
1125 615 1189 642 fecit
1211 615 1364 642 Nestorium
1380 615 1407 642 in
1430 617 1573 643 sententia:
1597 623 1652 642 sua;
1672 615 1806 650 pravitate

1018 668 1203 695 perseverare.
1222 661 1338 695 Scripsit
1351 661 1433 696 igitur
1445 661 1564 696 Cyrillns
1581 661 1612 686 ad
1626 660 1804 687 Caelestinum

1018 707 1199 741 patriarcham
1214 706 1378 737 Romanum.
1390 712 1417 734 et
1435 707 1468 733 ad
1487 705 1666 733 Bu-Flavium
1683 707 1803 741 patriar-

1017 754 1097 779 cham
1115 752 1407 788 llierosolymitanuur,
1430 760 1479 779 nec
1496 760 1549 779 non
1567 752 1701 779 Joannem
1717 752 1805 786 patri-

1017 799 1126 825 archmr
1142 799 1352 830 Antioelrenurn,
1366 807 1468 834 rogans
1482 805 1510 826 ut
1525 799 1550 826 in
1569 800 1635 826 urbe
1651 798 1757 833 Epheso
1769 798 1803 825 ad

1017 845 1215 879 dispiciendum
1232 847 1266 871 de
1283 846 1417 872 sententir
1435 845 1553 872 Nestorii
1574 846 1764 875 convenirent.
1781 848 1803 871 si

170 891 232 917 dein
263 896 388 917 mortuus
402 894 455 916 est.
492 889 572 915 Anno
592 887 758 923 prmfccturae
780 887 866 921 ipsius
889 888 960 914 vice-
981 878 1000 906 Β
1016 891 1107 917 forsan
1134 891 1223 917 redire
1238 891 1334 921 γριιυιι
1354 892 1396 917 sin
1417 892 1518 922 minus,
1541 899 1570 917 se
1592 890 1626 917 ab
1641 899 1674 918 ευ
1697 891 1802 917 sum“-

168 938 239 964 simo
261 937 361 971 primo,
390 937 559 962 celebratum
589 939 630 962 est
652 933 809 965 ,coucitinm
838 933 960 963 tertium,

169 986 264 1009 contra
300 981 471 1008 Nestorium.
501 981 581 1007 Anno
614 980 696 1007 etiam
730 979 819 1014 primo
856 978 961 1012 imperii

169 1028 315 1056 Theodosii
337 1027 459 1054 Junioris
475 1027 644 1054 eonstitrrtus
665 1029 707 1053 est
733 1025 887 1052 Alexander
915 1033 961 1059 p:|~

168 1075 286 1101 trial'cha
300 1075 500 1105 Antiochenus,
527 1074 573 1108 qtti
595 1081 656 1099 cunt
682 1073 760 1099 annis
777 1077 894 1106 quatuor
916 1079 961 1097 5e-

168 1122 264 1151 disset,
283 1126 406 1147 mortuus
428 1125 480 1147 est.
500 1119 565 1147 Post
592 1127 671 1154 quem
690 1120 777 1146 tactus
795 1123 837 1145 est
861 1119 959 1144 ibidem

168 1165 322 1199 patriarcha
350 1165 501 1191 Barodotus
527 1165 708 1200 (Theodotus)
735 1164 780 1198 qui
806 1171 852 1190 sex
874 1170 960 1189 annos

168 1214 250 1245 sedit,
267 1213 330 1239 dein
345 1217 468 1239 mortuus
486 1217 537 1238 est.
554 1212 618 1238 Post
632 1211 720 1245 ipsum
734 1211 888 1244 patriarcha
905 1210 961 1234 An-

167 1260 278 1286 tiochia:
294 1259 439 1294 praefectus
451 1258 582 1290 Joannes,
599 1257 795 1291 septemdecim
817 1263 903 1282 annos
914 1264 958 1282 se-

167 1305 216 1337 dit,
233 1305 295 1332 dein
313 1309 438 1331 tuortttns
451 1308 504 1331 est.
521 1305 599 1330 Auno
614 1303 790 1337 episcopatus
801 1302 861 1334 ejus
876 1302 960 1328 unde-

167 1352 238 1377 rimo
267 1351 318 1377 fuit
353 1350 498 1378 concilium
530 1349 638 1376 tertium
666 1355 759 1375 contra
792 1348 957 1374 Nestorium.

166 1398 245 1423 Anno
259 1396 373 1430 septimo
387 1396 492 1429 imperii
511 1393 658 1421 Theodosii
677 1393 800 1420 Junioris
816 1394 953 1421 constitu-

170 1449 212 1468 tus
228 1448 269 1469 est
292 1441 402 1468 Flavius
426 1442 580 1476 patriarcha
607 1440 880 1475 llierosolymilanus,
909 1441 955 1474 qui

168 1496 254 1514 annos
274 1488 389 1522 triginta
405 1492 467 1514 octo
479 1487 558 1519 sedit,
578 1486 640 1513 dein
665 1492 789 1512 mortuus
807 1491 860 1512 est.
880 1486 958 1512 Anno

167 1534 333 1568 prmieelnrae
346 1534 405 1567 ejus
422 1534 529 1560 decimo
547 1536 646 1567 quarto
669 1531 718 1558 fuit
731 1533 877 1558 concilium
898 1537 955 1558 ter-
973 1552 994 1579 ε

167 1581 234 1606 tium
249 1585 343 1608 corttla
367 1579 538 1607 Nestorium:
554 1586 661 1605 necnon
689 1585 761 1603 anno
786 1576 954 1611 praefectum

165 1626 287 1660 ejusdem
300 1626 440 1652 tricesimo
451 1625 567 1658 septimo
578 1623 723 1651 concilium
736 1627 864 1657 quartum
875 1622 956 1649 Chal-

167 1672 270 1699 cedone
286 1677 380 1697 contra
396 1671 568 1698 Dioscornm.

203 1715 269 1751 1-4
287 1716 296 1725 ‘
317 1717 396 1742 Anno
423 1715 569 1742 Theodosii
596 1715 720 1742 Junioris
735 1715 845 1743 decimo
860 1720 957 1749 quarto

167 1763 336 1789 censtitutus
352 1766 394 1788 est
412 1761 532 1787 Sisinius
549 1762 704 1795 patriarcha
722 1763 955 1796 Constantinopo-

167 1810 279 1840 ltarttts,
304 1808 350 1842 qui
373 1814 429 1834 tres
447 1815 534 1834 anttos
555 1808 636 1840 sedit,
659 1808 721 1834 dein
743 1811 867 1835 mortuus
885 1813 927 1834 est.
948 1817 955 1834 :

168 1855 272 1889 fuitque
290 1859 351 1889 post
365 1855 454 1888 ipsttnt
474 1854 629 1887 patriarcha
645 1853 883 1887 Constantinopoli
902 1853 954 1879 Ne-

167 1903 280 1932 storius,
296 1901 343 1936 qtti
365 1909 427 1928 cum
449 1906 566 1934 qtratrror
582 1901 661 1926 annis
679 1907 710 1926 ac
729 1899 838 1926 duobus
856 1899 956 1925 mensi-

169 1949 218 1974 bus
237 1948 362 1976 sedisscl.
381 1947 553 1974 anathemate
567 1946 681 1973 devotus
698 1953 729 1971 ac
746 1946 804 1971 loco
817 1946 955 1971 abdicatus

167 1997 219 2020 est.
234 1994 381 2019 Asscrelrat
393 1993 527 2026 siquidem
541 1991 681 2019 Nestorius
694 1991 807 2018 Mariam
822 1991 954 2025 virginem

168 2048 259 2066 reri-ra
278 2040 418 2073 Dciparam
435 2047 489 2065 nort
507 2039 592 2065 fuisse
607 2047 614 2070 ;
627 2046 688 2065 esse
704 2039 773 2065 duos
789 2038 869 2068 filios,
887 2045 956 2071 quo-

168 2094 228 2112 rum
243 2086 313 2112 alter
328 2086 363 2111 sit
380 2086 461 2115 Deus,
476 2092 592 2118 euntque
608 2092 621 2110 .1
640 2085 721 2111 Patre
737 2084 870 2118 genitum,
887 2083 954 2110 alter

166 2136 255 2158 autern
272 2132 365 2162 homo,
381 2131 426 2165 qui
443 2139 457 2157 a
474 2131 556 2158 lilaria
575 2135 655 2158 nattts
673 2131 722 2157 l‘urt
742 2139 749 2157 :
765 2136 848 2165 atqtte
868 2130 954 2156 horni-

166 2185 226 2205 nem
241 2178 324 2204 istum
338 2178 385 2211 qui
403 2185 433 2204 se
446 2177 585 2203 Christum
603 2177 713 2207 dixerit.
730 2184 823 2202 amore
845 2177 952 2202 ttrriturn

164 2230 226 2249 esse
247 2230 309 2249 etnn
333 2222 399 2253 lilio,
425 2222 565 2255 Deumque
583 2221 716 2255 appellari
734 2226 761 2248 et
777 2221 873 2247 Filium
895 2220 952 2253 Dei,

1014 941 1115 967 centes.
1137 937 1188 971 ipsi
1216 937 1428 967 rualcdiccrcut.
1456 942 1538 972 atque
1565 937 1624 964 loco
1650 940 1801 964 moverent.

1012 981 1205 1009 Convenernnt
1219 990 1283 1017 ergo
1294 982 1321 1009 in
1338 983 1405 1009 tuhe
1419 982 1526 1016 Epheso
1544 983 1664 1017 episcopi
1678 983 1802 1010 dtu-euri.

1012 1027 1126 1054 Concilii
1141 1027 1271 1062 praesides
1282 1032 1360 1054 erant
1373 1026 1493 1061 Cyrillus
1510 1027 1666 1061 patriarcha
1684 1028 1803 1054 Alexan-

1011 1073 1119 1104 drinus,
1143 1072 1305 1100 C(elestinus
1336 1073 1489 1107 patriarcha
1518 1072 1674 1106 Romanus,
1700 1078 1727 1100 et
1754 1073 1804 1100 Bu-

1015 1118 1124 1146 Ftavius
1137 1119 1292 1153 patriarcha
1308 1119 1582 1155 llrerosolymitanus.
1596 1119 1722 1146 Promisit
1734 1120 1803 1154 ipsis

1010 1165 1130 1192 Joannes
1148 1173 1177 1193 se
1192 1165 1362 1198 adfuturum,
1381 1170 1408 1192 at
1423 1173 1485 1192 cum
1504 1173 1609 1192 moram
1623 1166 1734 1193 trahens
1747 1174 1802 1192 non

1013 1213 1137 1244 veniret,
1158 1213 1230 1239 haud
1251 1213 1364 1240 ulterius
1390 1214 1478 1248 ipsum
1496 1219 1658 1248 exspectans
1682 1212 1802 1248 Cyrillus

1011 1259 1168 1291 patriarcha
1192 1259 1405 1292 Alexandrinus,
1422 1260 1591 1291 convoratls,
1606 1260 1652 1294 qui
1676 1259 1801 1292 aderant,

1010 1303 1161 1339 episcopis,
1179 1303 1213 1331 ad
1237 1303 1393 1331 Nestorium
1418 1304 1492 1332 misit
1510 1309 1539 1331 ut
1559 1312 1589 1331 se
1606 1313 1657 1331 una
1678 1305 1799 1335 sisteret,

1010 1351 1056 1386 qui
1083 1350 1183 1384 Ephesi
1209 1355 1274 1377 tunc
1300 1354 1367 1376 erat.
1397 1350 1538 1377 Renneute
1562 1355 1653 1377 autem
1672 1349 1801 1377 Nestorio

1009 1397 1151 1429 accedere,
1161 1404 1223 1423 curn
1236 1401 1277 1424 ter
1291 1397 1323 1423 ad
1339 1397 1426 1431 ipsum
1442 1396 1471 1431 8
1485 1396 1617 1427 misisset,
1630 1404 1681 1423 nec
1693 1397 1738 1423 ille
1757 1401 1800 1423 ta-

1011 1451 1072 1469 men
1089 1443 1204 1475 veniret,
1222 1442 1387 1470 sententiam
1407 1442 1492 1476 ipsius
1509 1442 1542 1469 ad
1559 1449 1672 1468 exarnen
1690 1449 1802 1469 revoca-

1011 1494 1086 1520 runt,
1110 1489 1255 1524 ipsnmqne
1281 1489 1472 1516 maledictione
1500 1489 1614 1524 dignum
1633 1489 1800 1524 jndicantes,

1013 1535 1185 1563 anathemate
1201 1536 1378 1566 devovet-unt,
1394 1543 1427 1562 ae
1439 1535 1497 1562 loco
1516 1540 1672 1568 moverunt,
1689 1540 1800 1563 statue-

1012 1587 1131 1617 ruutque
1153 1582 1265 1609 Mariam
1290 1582 1424 1617 virginem
1442 1583 1487 1610 Dei
1506 1582 1618 1609 Matrem
1635 1589 1705 1612 esse.
1721 1581 1801 1609 Chri-

1011 1631 1138 1661 stumque
1154 1627 1237 1654 Deum
1254 1636 1346 1654 vernrrt
1361 1632 1443 1661 atque
1457 1627 1593 1654 hominem
1611 1627 1718 1654 duabus
1734 1634 1800 1654 con‘

1009 1677 1127 1700 stantem
1155 1675 1280 1705 naturis,
1311 1678 1339 1700 at
1364 1681 1481 1709 persona
1514 1681 1598 1700 nnttm
1626 1681 1699 1704 esse,
1724 1673 1799 1707 quod

1008 1717 1146 1745 diversum
1163 1723 1204 1745 est
1219 1718 1253 1744 ab
1276 1727 1379 1746 arnore.
1402 1719 1545 1746 Nestorius
1561 1719 1634 1746 enim
1656 1719 1800 1746 asserebat

1009 1763 1141 1790 uriitatem
1169 1771 1229 1790 esse
1256 1764 1373 1791 duarum
1401 1771 1580 1799 personarum
1610 1771 1798 1797 consensum;

1008 1816 1069 1836 cum
1095 1809 1185 1836 unitas
1213 1817 1276 1836 vera
1305 1811 1338 1836 sit
1360 1817 1388 1837 ut
1415 1811 1450 1837 sit
1472 1818 1586 1846 persona
1609 1818 1664 1837 una
1689 1811 1798 1839 duabus

1008 1857 1115 1884 naturis
1139 1856 1307 1893 [constans].
1325 1859 1390 1885 Cum
1409 1864 1498 1886 autem
1519 1859 1575 1893 jam
1594 1858 1722 1886 Nestorio
1739 1867 1799 1887 ma-

1008 1902 1178 1934 ledixissent,
1202 1904 1318 1930 aecrssit
1332 1903 1452 1932 Joannes
1471 1905 1625 1939 patriarcha
1647 1905 1797 1933 Antioche-

1008 1957 1068 1979 nus,
1085 1950 1129 1983 qni
1146 1957 1207 1976 cum
1222 1950 1277 1984 jam
1294 1950 1354 1976 illos
1366 1954 1427 1977 ante
1443 1950 1588 1977 adventrum
1607 1958 1685 1978 srtnm
1701 1950 1797 1978 Nesto-

1007 1995 1048 2020 rio
1081 1993 1254 2021 maledisisse
1290 1995 1486 2028 comperisset.
1521 1995 1562 2022 ira
1597 2001 1751 2023 commotus
1786 2005 1793 2023 :

1005 2039 1120 2074 Injuria,
1155 2040 1259 2074 inquit,
1293 2041 1450 2068 Nestorium
1480 2040 1626 2074 alfeeistis,
1650 2044 1798 2078 ipsumque

1007 2085 1245 2113 maledictionibns
1265 2086 1403 2113 immerito
1428 2087 1588 2115 devovistis.
1614 2089 1797 2120 Nestorioque

1006 2137 1036 2156 se
1051 2129 1212 2164 adjungens.
1228 2132 1389 2158 convocatis
1406 2133 1452 2166 qui
1476 2139 1538 2159 cum
1557 2133 1616 2168 ipso
1635 2138 1714 2161 erant
1735 2136 1797 2169 epi-

1006 2174 1108 2208 scopis,
1135 2173 1266 2209 Cyrillum
1294 2176 1478 2210 patriarcham
1502 2177 1726 2211 Alexandrinum.
1745 2187 1796 2207 nec

1007 2226 1060 2245 non
1077 2219 1215 2246 Simonem
1231 2213 1389 2255 episcopum
1409 2222 1585 2256 Ephesinum,
1604 2225 1791 2251 excommuni-

167 2276 219 2295 uon
239 2276 344 2299 revera,
367 2267 413 2294 sed
438 2275 484 2301 per
509 2269 728 2298 concessionem,
756 2271 781 2293 et
810 2266 950 2293 nominum
970 2271 990 2298 ι)
1010 2265 1092 2292 cavit.
1108 2265 1176 2293 Cum
1190 2274 1254 2300 ergo
1271 2266 1394 2293 riderent
1409 2268 1474 2295 socii
1490 2268 1583 2303 Cyrilli
1599 2269 1794 2297 absurditatem

165 2315 396 2345 communionem,
422 2318 449 2339 ct
473 2314 586 2340 honoris
611 2321 705 2344 causa,
736 2313 807 2339 sicut
832 2319 902 2339 nrnrs
919 2320 950 2339 ex

165 2359 315 2394 prophetis.
331 2359 396 2392 Quae
411 2358 527 2386 Nestorii
543 2359 677 2386 sententia
695 2366 756 2385 cttrn
773 2358 805 2384 ad
821 2358 952 2392 Cyrillum

164 2406 346 2439 patriar-chain
372 2405 583 2432 Alexandrinum
610 2405 786 2439 pervenisset,
816 2404 872 2438 ipse
891 2411 950 2430 eam

165 2453 321 2486 ixi-probans
346 2452 379 2479 ad
402 2459 464 2479 etnn
489 2452 596 2479 litteras
612 2451 732 2486 St‘l’ipsil,
749 2451 774 2477 in
794 2451 894 2485 quibus
913 2451 953 2477 fa-

162 2503 236 2523 t'ltlttt
256 2497 314 2532 ejus
329 2502 357 2524 ιιι
382 2501 460 2530 turpe
478 2496 626 2528 incusavit,
644 2503 675 2522 ac
691 2496 854 2523 sententiam
870 2504 949 2522 coar-

162 2545 221 2577 guit
247 2543 353 2577 ipsique
372 2543 421 2569 viae
438 2550 494 2569 sure
518 2542 724 2576 perversitatem
750 2542 879 2574 ostendit,
906 2550 950 2568 ro-

162 2597 228 2621 gans
247 2594 274 2614 ιιι
293 2591 325 2614 ad
342 2591 481 2615 veritatem
505 2589 615 2615 rediret.
631 2588 755 2620 Cumque
771 2588 861 2615 multae
879 2589 949 2615 inter

161 2635 237 2670 ipsos
262 2635 357 2661 titione
386 2637 611 2666 intercesserant,
636 2642 684 2661 nec
708 2643 722 2660 a
744 2634 879 2661 sententia
899 2642 948 2660 sua

161 2686 344 2707 revertr-retur
361 2680 513 2712 Ne~torius,
530 2681 640 2714 scripsit
658 2680 777 2714 (lyr-illus
793 2679 948 2713 patriarcha

161 2725 332 2752 Alexandria:
349 2728 380 2752 a.l
395 2725 526 2752 Joannem
543 2726 724 2760 patriarchant
737 2726 948 2756 Aulim-hortum,

162 2769 250 2802 ipsum
266 2774 348 2795 etiam
367 2778 466 2804 rogatu
488 2775 517 2796 ut.
534 2771 632 2797 litteris
649 2770 682 2797 ad
701 2770 857 2796 Nestorium
878 2770 949 2796 datis

162 2815 239 2842 illum
257 2816 400 2842 sententia:
419 2823 474 2842 suae
502 2816 634 2843 [teditatis
649 2821 676 2842 ct.
701 2815 880 2842 absurditatis
894 2824 950 2843 meo

195 2873 232 2906 ta)
248 2871 293 2898 ilic
305 2873 330 2897 tn
341 2872 452 2899 editione
465 2873 601 2899 Oxonienst
614 2875 700 2906 incipit
712 2878 792 2899 tomus
807 2875 879 2900 alter.

1006 2320 1099 2339 eorum
1109 2320 1169 2347 qum
1179 2312 1430 2346 patravithaannes,
1439 2317 1499 2340 Orto
1514 2313 1589 2341 inter
1597 2314 1671 2348 ipsos
1679 2315 1796 2343 (lissidio

1007 2356 1112 2392 Epheso
1129 2358 1324 2385 discesserunt.
1342 2358 1471 2393 Factique
1487 2364 1551 2386 sunt
1563 2360 1630 2387 socii
1647 2359 1753 2395 Cyrilli.
1766 2365 1796 2388 et

1005 2404 1157 2430 Orientales
1165 2409 1255 2438 partes
1262 2405 1333 2436 duae,
1345 2405 1370 2431 in
1376 2410 1415 2432 ter
1422 2413 1490 2439 quas
1499 2406 1710 2434 intercesserunt
1719 2408 1739 2434 ri
1745 2415 1794 2435 κω.

1042 2451 1074 2476 At
1092 2458 1145 2476 non
1163 2450 1268 2478 destitit
1289 2450 1461 2486 Theodosius
1477 2459 1523 2477 rex
1544 2451 1630 2479 donec
1646 2453 1717 2480 inter
1729 2453 1791 2480 illos

1005 2505 1099 2530 parent
1116 2497 1285 2524 conciliaret.
1304 2497 1481 2530 Scripserunt
1493 2505 1559 2531 ergo
1574 2498 1729 2525 Orientales
1756 2499 1790 2526 li-

1004 2540 1102 2567 bellum
1117 2540 1143 2567 irt
1162 2548 1216 2575 quo
1227 2540 1384 2567 asserebant
1400 2545 1523 2567 sanctam
1533 2540 1644 2568 Mariam
1655 2541 1793 2576 Virginem

1005 2587 1086 2614 Deum
1099 2591 1125 2613 et
1136 2586 1278 2613 Dominum
1294 2590 1416 2614 nostruru
1429 2586 1520 2614 Jcsum
1533 2587 1630 2622 9-11
1649 2588 1791 2615 Christum

1005 2633 1151 2667 peperisse,
1170 2633 1215 2666 qui
1234 2632 1356 2665 ejusdem
1376 2637 1419 2659 est
1435 2639 1496 2659 cum
1513 2632 1592 2660 Patre
1607 2640 1659 2660 suo
1677 2637 1791 2663 naturae.

1003 2679 1183 2713 ejusdemth
1211 2686 1273 2705 crint
1300 2677 1457 2705 horninibus
1478 2678 1567 2712 quoad
1594 2679 1791 2706 humanitatem

1005 2728 1126 2753 naturm;
1143 2724 1212 2749 duas
1232 2722 1312 2749 etiam
1336 2728 1448 2749 naturas
1465 2721 1584 2750 confessi
1608 2726 1683 2753 sunt,
1700 2727 1726 2748 et
1742 2723 1793 2756 hy-

1005 2769 1125 2804 postasiu
1149 2776 1242 2800 ttnatt),
1262 2775 1398 2802 unamque
1421 2772 1578 2802 personant,
1603 2772 1630 2793 et
1646 2767 1791 2793 anathema

1005 2818 1031 2843 in
1055 2814 1214 2842 Nestorium
1242 2813 1449 2841 denuntiarunt.
1468 2813 1591 2847 Eumque
1606 2811 1725 2839 libelluttt
1744 2819 1793 2846 per

1478 2852 1483 2862 I
