2015 3081
181 174 248 201 1033

892 164 1073 195 ANNALES.

1726 160 1793 193 1011

178 226 292 252 Paulum
307 225 504 259 metropolitani
519 224 702 251 llamesanum
716 223 750 249 ad
766 222 896 258 Cyrillum
911 228 960 254 pa-
977 225 997 250 Α
1015 224 1106 253 utpote
1122 227 1184 246 cum
1205 218 1295 249 Pater,
1317 218 1394 254 juxta
1411 219 1497 252 ipsos,
1511 218 1635 253 genuerit
1658 217 1753 250 Deum,
1768 226 1795 246 nt

179 270 327 297 triarchatn
352 269 567 297 Alexandrinum
600 269 733 296 miserunt
760 276 767 295 :
790 275 870 302 quem
897 273 959 293 cum

181 315 332 348 accepisset
347 319 427 349 atque
444 314 602 349 pet-legisset
619 314 745 349 Cyrillus,
765 320 826 340 cum
843 312 912 346 ipsis
928 311 961 338 de

181 360 263 387 rebus
279 359 304 386 in
318 366 350 386 eo
366 360 502 386 contentis
517 359 692 387 consentiens
704 358 755 385 hoc
770 357 823 385 illis
838 357 911 392 quod
929 356 962 383 ad

182 413 243 432 eum
261 413 422 440 responsum
437 405 555 432 reddidit
571 413 578 433 :
943 427 946 431 .

215 451 347 477 Eamdem
363 457 413 485 ego
427 457 507 484 quam
525 457 574 478 ves
591 450 618 477 in
644 450 735 478 libello
755 453 846 477 vestro
861 447 965 476 descri-

183 496 275 530 psistis
292 496 371 523 tidem
385 497 551 530 amplector;
568 501 649 530 atque
669 496 719 523 hoc
733 498 812 528 pacto
825 493 878 521 fuit
895 493 965 520 inter

183 541 313 576 Cyrillum
337 545 364 568 et
384 540 534 568 Orientales
549 539 705 568 concordia.
721 539 798 572 Quod
820 543 909 565 autent
925 537 966 564 di-

184 593 251 613 cunt
274 587 397 613 nonnulli
413 586 543 621 Cyrillum
564 593 626 613 cum
644 585 764 613 libellum
783 584 964 611 Orientalium

183 632 337 667 accepisset
348 632 436 666 ipsum
450 631 629 666 improbasse,
644 638 694 658 nec
707 631 810 657 dixisse
827 630 894 656 duas
916 637 966 656 na-

186 682 260 703 turas
274 681 300 704 et
318 675 485 711 ltypostasim
502 676 633 708 unam,in
650 682 683 703 eo
697 675 757 701 falsi
776 678 849 702 sunt.
867 673 968 700 Omnes

184 723 256 749 cnim
280 720 374 756 Cyrilli
399 721 460 749 libri
496 721 562 749 illud
589 722 692 749 diserte
720 724 856 747 asserunt.
885 719 969 747 Porro

185 767 339 794 transmisit
358 767 478 802 Cyrillus
493 766 630 802 exemplar
644 766 726 793 libelli
740 765 919 793 Orientalium
936 763 968 791 ad

185 812 328 846 Hilarium,
340 813 499 848 episcopum
510 812 585 840 urbis
598 811 732 844 Corinthi,
745 816 771 838 et
782 811 814 838 ad
828 811 969 841 Acacium,

1014 272 1067 292 non
1085 265 1221 292 hominem
1236 273 1244 297 ;
1258 264 1340 291 Maria
1350 272 1414 291 vero
1430 264 1565 291 hominem
1580 265 1726 300 pepererit,
1741 273 1795 292 non

1014 314 1103 337 autent
1121 309 1213 337 Deum.

1051 355 1162 383 Dicetur
1186 364 1252 391 ergo
1276 357 1330 384 illis
1360 366 1366 383 :
1389 356 1417 383 Si
1432 357 1469 384 ita
1482 363 1526 383 res
1538 357 1679 384 sehabeat
1698 358 1736 384 uti
1752 365 1800 384 tos

1016 401 1117 433 dicitis,
1139 402 1191 429 erit
1213 402 1339 430 Christus
1372 403 1427 430 duo
1447 402 1566 434 Cltristi,
1593 402 1702 436 duoque
1726 402 1798 430 Filii.

1017 447 1075 474 Erit
1098 455 1162 481 ergo
1183 447 1310 476 Christus
1336 447 1408 474 Deus
1434 454 1526 480 verus,
1557 450 1584 473 et
1608 447 1696 474 Filius
1720 455 1800 474 vetus

1019 491 1101 525 Deus,
1125 496 1153 520 et
1175 492 1301 520 Christus
1329 501 1410 520 verus
1438 493 1530 524 honto,
1557 497 1584 520 et
1610 492 1696 520 Filius
1720 500 1800 519 verus

1019 537 1112 570 homo,
1130 545 1192 565 cum
1218 539 1374 565 necessario
1393 538 1538 566 dicendum
1563 538 1597 565 sit
1624 539 1665 565 vel
1688 537 1800 565 Mariam

1020 584 1158 618 peperisse
1173 583 1321 616 Christum,
1336 585 1377 612 vel
1398 593 1450 612 non
1469 584 1616 619 peperisse.
1635 583 1663 611 Si
1686 584 1802 618 peperit,

1021 630 1178 658 necessario
1191 631 1244 657 erit
1258 636 1353 665 partus
1364 631 1406 658 vel
1422 630 1573 666 spiritualis
1585 631 1628 658 vel
1640 631 1801 665 corporalis;

1021 676 1044 703 si
1060 675 1225 710 corporalis,
1242 676 1312 703 alius
1329 677 1381 704 erit
1396 676 1431 702 ab
1450 683 1483 703 eo
1499 683 1580 710 quem
1599 676 1694 710 genuit
1712 676 1803 708 Pater,

1021 721 1094 750 unde
1109 723 1266 751 necessario
1279 726 1408 757 sequetur
1419 723 1487 750 duos
1501 730 1562 750 esse
1575 722 1698 750 Christus
1712 730 1719 754 ;
1732 723 1804 756 quod

1022 768 1045 795 si
1070 768 1220 803 spiritualis
1244 768 1340 801 fuerit,
1364 769 1416 796 erit
1438 769 1564 796 Christus
1587 769 1673 796 Filius
1691 776 1762 795 tttms
1779 775 1806 796 et

1022 813 1143 841 Persona
1168 820 1241 847 una,
1271 818 1298 841 et
1324 813 1452 842 Christus
1483 822 1564 841 unus.
1596 814 1731 842 Probatur
1755 815 1807 842 hoc

185 859 344 893 episcopum
366 858 551 889 Malatensem,
569 861 597 885 et
614 857 648 884 ad
665 857 735 884 alios
751 856 893 890 episcopo:
908 856 968 890 plu-
987 876 1009 904 Β
1023 857 1171 894 [exemplo]
1194 859 1302 886 laminae
1318 859 1413 887 ferreae
1437 860 1482 887 cui
1500 861 1592 887 ttnitur
1615 861 1695 895 ignis,
1713 865 1807 895 utpote

187 912 242 936 res,
267 905 400 932 certiores
426 904 487 931 illos
515 903 617 931 faciens
642 903 794 930 Orientales
822 902 856 929 ad
881 909 970 929 veram

189 950 267 977 tidem
285 949 410 981 rediisse,
426 956 514 983 neque
530 949 659 977 Nestorio
676 955 819 976 assensum
840 946 971 982 praebere,

189 1002 284 1022 verum
310 994 474 1022 sententiam
492 994 619 1028 amplecti
646 993 754 1021 concilii
780 991 892 1019 secundi
915 991 974 1026 epi-

189 1047 336 1075 scoporum
353 1044 461 1066 centum
479 1039 688 1073 quinquaginta,
710 1038 757 1073 qui
775 1036 975 1067 Constantino-

191 1086 246 1121 poli
261 1085 456 1112 convenientes
474 1084 634 1112 Macedonio
655 1084 867 1111 tnaledixerunt.
883 1082 943 1109 Jam
960 1089 974 1108 a

189 1131 308 1158 concilio
330 1130 462 1161 secundo,
483 1130 555 1165 quod
582 1129 712 1161 diximus,
736 1129 770 1156 ad
794 1129 905 1156 tertiutn
925 1128 976 1155 hoc

189 1176 336 1204 concilium
368 1176 419 1210 12
446 1175 637 1210 episcoporum
664 1175 847 1202 ducentorum
873 1174 919 1209 qui
949 1174 975 1200 in

192 1222 261 1249 urbe
276 1221 376 1262 Ephesi
394 1221 548 1256 congregati
568 1225 632 1248 sunt
647 1225 674 1247 et
686 1219 842 1248 NeStorinm
864 1219 976 1246 anathe-

193 1268 259 1295 mati
289 1269 469 1299 dcvoverunt,
496 1266 559 1293 anni
580 1271 645 1293 sunt
668 1266 865 1301 quinquaginta
893 1271 975 1296 unus,

193 1313 276 1347 idque
291 1320 363 1340 anno
383 1312 458 1347 regni
475 1311 622 1339 Theodosii
642 1311 777 1344 Junioris,
803 1311 976 1346 imperatoris

191 1359 381 1386 Romanorum
397 1359 528 1385 vicesimo
546 1357 646 1392 primo.
665 1357 808 1385 Nestorius
824 1362 915 1384 autem
933 1356 977 1383 ubi

188 1407 289 1440 pulsus
305 1405 394 1432 fuerat
414 1404 562 1440 Egyptutn
579 1404 705 1435 tendens,
726 1403 754 1430 itt
779 1410 809 1430 ea
825 1403 884 1438 ejus
902 1406 979 1437 parte

190 1459 256 1485 (litae
273 1450 338 1478 Suid
354 1450 468 1481 dicitur,
489 1451 550 1477 loco
567 1450 691 1476 Echmim
708 1448 852 1483 appellato,
875 1452 978 1482 septem

190 1505 283 1524 annos
305 1497 436 1527 substitit,
457 1496 519 1523 dein
542 1499 668 1522 mortuus
691 1500 744 1525 est,
763 1502 796 1520 ac
813 1493 936 1528 sepultus
950 1493 978 1519 in

1023 909 1084 937 quae
1107 903 1142 930 sit
1159 903 1264 937 gladius
1289 911 1361 932 unus
1381 905 1428 939 qui
1452 909 1479 932 et
1496 909 1564 938 urat,
1590 911 1617 932 et
1640 907 1756 938 scindat,
1781 912 1807 933 ct

1024 948 1124 980 luceat,
1136 953 1163 976 et
1180 954 1324 983 coruscet;
1342 958 1391 978 nec
1405 952 1518 978 concedi
1535 952 1588 987 ιε
1600 956 1688 986 potest
1703 957 1806 986 partem

1025 993 1142 1021 ferream
1162 1001 1221 1022 cam
1237 1002 1298 1023 esse
1319 1003 1378 1030 quze
1397 997 1460 1028 urit,
1481 1001 1508 1024 et
1526 997 1608 1028 lucet,
1624 1005 1686 1024 cum
1703 998 1805 1025 ferrum

1025 1039 1068 1066 cui
1086 1047 1139 1067 nott
1159 1040 1230 1068 inest
1252 1041 1323 1075 ignis
1345 1049 1400 1068 non
1424 1045 1504 1075 urat;
1520 1049 1609 1076 neque
1624 1047 1729 1077 partem
1743 1050 1807 1070 can-

1026 1085 1133 1112 dentem
1149 1093 1210 1120 quaa
1226 1090 1302 1114 secat
1322 1087 1412 1121 ignem
1435 1094 1508 1120 esSc,
1533 1095 1596 1115 cum
1620 1088 1692 1122 ignis
1711 1093 1808 1116 natura

1027 1137 1076 1157 sua
1099 1130 1188 1158 luceat
1211 1135 1238 1158 et
1256 1135 1328 1159 urat.
1352 1132 1441 1167 Atque
1466 1133 1519 1160 hoc
1544 1132 1692 1169 [exemplo]
1713 1141 1808 1161 verum

1027 1183 1089 1204 esse
1113 1181 1222 1204 constat
1244 1181 1272 1204 et
1295 1177 1473 1205 conﬁrmatur
1494 1178 1566 1213 quod
1586 1181 1745 1214 protitcmur
1759 1187 1810 1208 nos

1028 1221 1173 1253 Melchitze,
1198 1221 1336 1249 Christum
1360 1229 1422 1249 esse
1442 1230 1522 1249 unam
1548 1230 1704 1257 personam,
1726 1224 1810 1251 Deum

1028 1265 1188 1301 perfectum,
1210 1267 1405 1302 hominemque
1429 1267 1592 1302 perii-ctum,
1612 1273 1639 1295 et
1655 1269 1812 1296 confutatur

1029 1312 1101 1347 quod
1119 1318 1244 1340 asserunt
1263 1313 1428 1345 Nestoriani,
1444 1321 1506 1341 esse
1527 1314 1666 1342 Christum
1681 1322 1812 1350 personas

1029 1359 1108 1386 duas.
1126 1359 1196 1391 Quin
1216 1359 1299 1386 etiam
1317 1359 1371 1386 dici
1387 1360 1440 1386 illis
1454 1360 1563 1394 poterit,
1584 1360 1668 1387 dicite
1685 1361 1763 1388 nobis
1779 1362 1813 1388 do

1030 1404 1199 1431 humanitate
1210 1405 1254 1431 cui
1269 1406 1345 1431 unita
1361 1409 1403 1432 est
1420 1405 1560 1437 divinitas,
1577 1409 1658 1440 atqtte
1672 1407 1812 1433 nominata

1029 1455 1072 1477 est
1092 1450 1221 1478 Christus
1242 1450 1308 1486 [An]
1334 1459 1387 1479 non
1411 1452 1525 1479 desierit
1548 1459 1608 1479 esse
1628 1453 1765 1480 Christum
1781 1461 1815 1480 ex

1031 1504 1086 1532 quo
1107 1496 1189 1524 fuerit
1203 1497 1229 1523 in
1250 1501 1327 1524 utero
1347 1497 1442 1524 matris
1458 1505 1515 1525 sua:
1536 1497 1626 1524 Mariae
1644 1506 1730 1532 usque
1750 1499 1814 1524 dum

190 1543 256 1570 vico
279 1542 380 1569 Saklan
404 1542 490 1574 dicto,
506 1542 533 1568 in
555 1548 609 1576 qtto
626 1545 708 1568 astus
734 1540 829 1574 ingens
853 1538 979 1573 contigit,

1034 1543 1124 1576 ipsttm
1142 1546 1250 1577 pareret
1271 1546 1297 1569 et
1317 1542 1442 1574 iactaret,
1460 1547 1488 1569 et
1509 1542 1668 1575 adoleverit,
1687 1547 1714 1570 et
1728 1545 1817 1570 cruci-

189 1596 230 1616 :Ie
247 1588 382 1623 pracipue
399 1588 426 1614 in
443 1587 512 1614 valle
535 1587 562 1614 in
580 1594 634 1621 qua
656 1586 714 1620 ipse
731 1588 853 1620 sepultus
880 1584 980 1617 fuerat,

191 1637 266 1662 adeo
282 1638 312 1661 ut
328 1641 408 1661 nemo
431 1633 458 1660 in
474 1640 504 1660 ea
523 1632 651 1659 incedere
667 1631 707 1659 vel
722 1639 770 1665 per
786 1638 846 1658 eatn
865 1631 982 1658 transire

195 1685 322 1715 tempore
347 1679 443 1706 aestivo
465 1682 567 1713 posset.
586 1678 674 1712 Atque
704 1678 739 1705 ita
765 1677 919 1704 oblitterata
942 1681 983 1704 est

199 1726 338 1753 sententia
362 1724 480 1751 Nestorii
503 1724 590 1751 donec
614 1723 688 1750 illam
712 1723 793 1758 longo
817 1726 879 1757 post
893 1721 982 1757 ipsum

197 1771 331 1808 temporis
348 1771 436 1806 spatio
451 1770 627 1798 resuscitaret
652 1767 784 1796 Barsunta
811 1767 985 1803 metropolita

196 1818 384 1847 Nisibinensis
403 1821 527 1851 tetnpore
542 1815 643 1843 Justini
657 1814 844 1842 Romanorum
866 1814 986 1849 impera-

196 1865 269 1893 toris
283 1868 311 1892 et
325 1863 428 1891 Kobadi
439 1861 551 1890 Phiruzi
568 1861 615 1889 lilii
632 1861 705 1896 regis
727 1860 873 1888 Persarum
889 1881 897 1892 ,
911 1867 986 1887 eam-

198 1918 257 1946 que
268 1911 295 1937 in
306 1910 429 1940 Oriente.
443 1916 476 1936 ac
489 1908 625 1943 praecipue
637 1908 707 1942 apud
721 1907 868 1935 Persarum
883 1906 987 1934 incolas

199 1957 339 1982 astrueret
353 1962 360 1986 ;
375 1953 447 1980 unde
463 1957 505 1980 est
519 1952 594 1987 qttod
615 1952 694 1979 multi
712 1953 767 1980 sint
787 1951 945 1979 Nestoriani
961 1951 987 1978 itt

197 2001 326 2032 Oriente,
340 1998 443 2026 scilicet
458 1998 544 2030 lraco,
558 1997 589 2024 Al
606 1997 703 2031 Musal,
720 1997 793 2025 circa
810 1997 987 2032 Euphratem,

202 2051 233 2074 et
256 2045 283 2071 in
299 2043 506 2078 Mesopotamia,
523 2042 570 2077 qui
593 2041 749 2069 Nestoriani
768 2042 896 2077 appellati
913 2046 988 2074 sunt,

202 2090 288 2119 titulo
303 2097 317 2116 a
332 2089 450 2116 Nestorii
473 2087 583 2115 nomine
601 2087 731 2115 deducto.
753 2088 819 2115 Post
833 2087 989 2116 Nestorium

204 2136 377 2166 constitutus
401 2138 443 2162 est
459 2133 596 2160 Maximus
623 2133 779 2167 patriarcha
796 2132 992 2161 Constantino-

204 2182 358 2218 politanus,
372 2180 418 2216 qui
434 2185 490 2207 tres
510 2186 597 2206 annos
613 2178 693 2210 sedit,
708 2179 771 2206 dein
793 2182 917 2206 tnortuus
932 2182 991 2212 est;

201 2229 324 2263 ipsoque
337 2225 459 2253 nondum
474 2224 582 2259 sepulto
599 2223 688 2251 factus
701 2228 744 2252 est
757 2224 875 2252 Proclus
891 2224 991 2252 ibidem

205 2272 378 2310 patriarcha,
398 2271 446 2306 qui
461 2277 544 2305 super
557 2269 675 2297 Maximo
691 2270 792 2303 oravit,
817 2277 934 2304 eumque
951 2277 994 2298 se-

204 2318 304 2355 pelivit
316 2326 323 2350 ;
337 2325 455 2352 cumque
471 2320 532 2351 post
551 2316 639 2350 ipsum
661 2315 792 2343 tredecim
808 2321 894 2342 annos
909 2315 996 2343 sedis-

203 2370 264 2396 set,
280 2367 403 2390 mortuus
419 2366 471 2390 est.

247 2408 339 2443 lnquit
359 2406 435 2439 Said,
460 2404 567 2440 patricii
593 2403 715 2439 13-15
739 2404 823 2437 illius,
842 2404 963 2432 medicus
987 2413 994 2431 :

206 2455 310 2483 Visum
327 2458 368 2480 est
384 2451 450 2479 mihi
468 2451 520 2478 hoc
536 2449 596 2477 libri
614 2450 666 2477 mei
683 2450 763 2477 istius
783 2450 844 2477 loco
859 2449 998 2477 Nestoria-

204 2500 256 2529 nis
272 2504 435 2533 responsum
448 2495 573 2528 reddere,
587 2499 613 2521 et
627 2496 770 2523 sentcntiae
785 2495 906 2530 ipsorum
921 2496 998 2523 l'alsi-

203 2548 299 2574 tatem
317 2548 398 2578 atque
411 2540 609 2568 absurditatem
630 2539 828 2571 demonstrare,
845 2547 907 2568 cum
922 2548 999 2568 error

201 2592 260 2622 sit,
275 2589 382 2624 ipsique
401 2592 521 2621 tempore
541 2585 593 2613 hoc
617 2590 712 2612 nostro
729 2593 742 2611 a
758 2585 876 2613 Nestorii
893 2586 998 2621 antiqui

200 2636 297 2664 dictis
309 2635 336 2662 in
351 2633 489 2661 diversum
505 2631 642 2663 abierunt,
657 2635 831 2658 autumantes
843 2630 999 2659 Nestorium

201 2680 369 2709 aSSeruisse
387 2678 529 2706 Christutn
544 2677 612 2704 duas
623 2677 793 2704 substantias
808 2684 840 2704 ac
855 2677 924 2705 duas
940 2686 1001 2712 per-

200 2735 301 2756 sonas
315 2734 389 2759 esse,
402 2725 486 2753 Deum
499 2723 647 2759 perfectum
663 2723 689 2750 in
707 2730 824 2758 persona
836 2729 861 2751 et
874 2725 1002 2752 substan-

199 2775 247 2802 tia
274 2780 334 2806 sua,
354 2776 436 2807 atque
458 2770 596 2799 hominem
621 2770 772 2804 perfectum
794 2771 822 2798 in
843 2778 959 2805 persona
975 2777 1002 2799 ct

197 2819 371 2849 substantia
388 2825 449 2849 sua,
468 2824 501 2844 ac
522 2815 635 2844 Mariam
652 2817 791 2851 peperisse
806 2817 946 2844 Christum
969 2826 1001 2845 ex

201 2871 296 2904 parte
312 2865 504 2896 humanitatis,
529 2871 583 2891 non
605 2871 638 2891 ex
658 2867 738 2901 parte
753 2863 906 2893 divinitatis
927 2873 999 2901 suae;

398 2913 532 2946 PATROL.
558 2914 615 2944 Gn.
640 2913 716 2943 CXL

1034 1587 1114 1619 ﬁxus,
1135 1592 1161 1614 et
1189 1593 1286 1621 passus
1305 1587 1407 1614 fuerit?
1423 1587 1463 1614 An
1488 1587 1576 1614 duttec
1597 1588 1708 1622 triginta
1731 1595 1816 1615 annos

1034 1634 1194 1668 compleret,
1213 1633 1295 1660 fuerit
1320 1640 1391 1659 unus
1416 1640 1448 1660 ex
1476 1641 1590 1660 numero
1616 1633 1768 1666 hominum,
1787 1642 1819 1661 ac

1036 1683 1092 1706 tttm
1109 1679 1218 1706 demum
1234 1679 1328 1706 unitus
1345 1678 1426 1705 fuerit
1441 1678 1616 1711 humanitati,
1634 1686 1665 1706 ac
1680 1679 1769 1706 factus
1783 1681 1819 1707 sit

1036 1723 1171 1752 Messias?
1197 1723 1276 1757 Quod
1301 1723 1324 1751 si
1351 1723 1468 1751 dixerint
1492 1731 1546 1750 non
1571 1724 1655 1752 fuisse
1679 1724 1818 1752 Christum

1036 1769 1157 1804 quandiu
1177 1767 1226 1795 fuit
1253 1769 1280 1795 in
1299 1774 1377 1795 utero
1402 1768 1499 1795 matris
1519 1775 1575 1796 suae
1600 1768 1701 1802 Mariae,
1727 1777 1823 1799 verunt

1036 1814 1148 1842 Mariam
1169 1814 1306 1848 peperisse
1329 1813 1479 1844 hominem,
1503 1821 1534 1841 ac
1556 1814 1645 1848 ipsum
1668 1814 1755 1841 donec
1770 1815 1821 1841 tri-

1037 1860 1112 1896 ginta
1128 1866 1215 1887 annos
1227 1859 1376 1893 compleret
1390 1866 1474 1885 unum
1495 1858 1582 1885 fuisse
1596 1866 1629 1885 ex
1649 1858 1818 1890 hominibus,

1039 1906 1138 1933 deinde
1154 1905 1257 1932 unitam
1275 1903 1359 1931 fuisse
1376 1904 1547 1931 divinitatem
1564 1911 1626 1930 cum
1642 1904 1821 1935 humanitate,

1039 1959 1071 1978 ac
1087 1951 1187 1978 factum
1207 1950 1291 1977 luisse
1307 1949 1456 1981 Christutn,
1474 1953 1547 1976 certe
1567 1949 1729 1976 sententiam
1745 1956 1822 1977 suam

1040 2000 1229 2028 astruxerunt,
1246 2000 1273 2022 at
1287 1995 1434 2030 Evangelia
1450 1994 1620 2022 tnendaclum
1640 1996 1821 2030 impegerunt,

1042 2050 1092 2071 nec
1114 2050 1168 2070 non
1189 2041 1289 2074 Paulo,
1317 2041 1500 2075 omnibusque
1522 2048 1591 2076 quos
1613 2041 1735 2069 Ecclesia
1756 2043 1826 2069 reci--

1041 2090 1082 2124 pit
1108 2088 1198 2118 libris.
1213 2091 1241 2114 et
1267 2094 1281 2114 a
1306 2087 1441 2114 sententia
1466 2086 1620 2114 Christiana
1642 2092 1825 2115 recesserunt.

1044 2135 1091 2161 Sin
1116 2133 1236 2160 dixerint
1258 2132 1429 2159 divinitatem
1456 2132 1618 2159 humanitati
1639 2132 1743 2159 unitam
1761 2133 1826 2167 17-

1047 2179 1099 2214 19
1114 2177 1199 2205 fuisse
1212 2177 1277 2205 dum
1296 2177 1386 2204 adlmc
1403 2177 1430 2204 in
1449 2181 1526 2204 utero
1543 2182 1708 2211 gestaretur,
1727 2178 1828 2212 ipsum-

1045 2231 1098 2259 que
1113 2222 1194 2259 [tum‘t
1215 2222 1353 2250 Christum
1380 2222 1477 2253 fuisse,
1501 2229 1532 2249 ac
1550 2222 1577 2249 in
1593 2226 1672 2250 utero
1691 2226 1827 2257 gestatum

1046 2271 1141 2304 fuisse;
1159 2278 1190 2298 ac
1206 2274 1298 2297 natutn
1316 2273 1344 2296 ct
1359 2269 1503 2297 educatum
1520 2269 1607 2296 donec
1624 2268 1829 2304 cruciﬁgeretur

1046 2321 1073 2344 et
1089 2315 1297 2348 interﬁceretur,
1310 2320 1366 2342 tum
1382 2315 1547 2343 conﬁtentur
1559 2314 1671 2342 Mariam
1691 2314 1828 2350 Virginem

1048 2364 1188 2399 peperisse
1221 2361 1317 2394 Deum,
1344 2360 1484 2388 Christum
1507 2367 1603 2392 unum,
1633 2363 1660 2387 et
1685 2367 1829 2395 personam

1048 2416 1142 2437 unam.

1084 2454 1193 2481 Dicetur
1204 2460 1301 2480 rursus
1317 2451 1371 2479 illis
1384 2461 1391 2478 :
1408 2451 1524 2484 Quando
1537 2452 1643 2479 unitum
1660 2456 1701 2479 est
1715 2453 1829 2481 verbum

1050 2499 1176 2528 homini?
1191 2503 1254 2526 ante
1268 2503 1388 2533 partum,
1409 2501 1455 2524 aut
1468 2502 1613 2532 antequam
1629 2499 1831 2532 conciperetur,

1052 2552 1086 2572 an
1103 2548 1241 2572 momento
1265 2543 1382 2578 partus?
1396 2542 1473 2576 Quod
1492 2543 1515 2570 si
1534 2543 1664 2576 dixerint,
1684 2549 1747 2571 ante
1769 2552 1833 2580 par-

1051 2595 1109 2618 tum
1125 2599 1132 2618 :
1149 2596 1314 2625 reponemus
1331 2589 1385 2616 illis
1401 2597 1409 2615 :
1423 2588 1492 2616 Num
1509 2593 1572 2616 ante
1591 2593 1712 2624 partum,
1727 2595 1755 2617 et
1770 2595 1834 2617 autc

1052 2635 1277 2672 conceptionem?
1293 2638 1340 2662 aut
1363 2638 1427 2662 ante
1448 2638 1557 2670 partum
1574 2640 1716 2670 postquam
1734 2643 1833 2663 concc-

1052 2688 1112 2718 ptus
1126 2682 1191 2709 est?
1206 2681 1284 2714 Quod
1302 2681 1325 2708 si
1350 2680 1480 2713 dixerint,
1502 2684 1560 2707 tum
1580 2684 1643 2708 ante
1664 2681 1834 2708 nativitatem

1052 2737 1115 2756 eutn
1143 2732 1205 2755 ante
1220 2727 1437 2761 conceptionem,
1459 2730 1603 2754 autumant
1626 2727 1732 2754 unitum
1750 2727 1836 2756 fuisse

1054 2775 1143 2810 ipsutn
1163 2778 1309 2808 antequam
1327 2777 1400 2800 esset
1415 2772 1506 2804 homo,
1521 2777 1547 2799 et
1563 2776 1710 2807 antequam
1734 2773 1836 2800 {orma-

1054 2826 1141 2854 retur,
1169 2826 1193 2848 et
1226 2823 1370 2854 antequam
1396 2824 1582 2852 nasceretur;
1608 2827 1668 2854 qua:
1696 2819 1718 2846 si
1743 2820 1780 2846 ita
1807 2827 1837 2846 se

1057 2868 1174 2895 habeant
1186 2865 1364 2894 absurditatis
1375 2865 1498 2900 arguitur
1513 2867 1650 2892 sententia
1662 2864 1840 2894 Nestoriano-

1571 2913 1610 2942 33
