2015 3081
221 131 293 163 4935

729 131 914 162 EUTYClIll
927 130 1195 162 ALEXANDRINI
1215 133 1313 162 PATR

1770 128 1838 160 10’5

219 196 291 220 tum,
311 195 364 222 quo
397 187 648 215 {Eternusuuitus
680 187 763 214 fuerit
788 187 890 214 homini
918 194 947 214 se
973 194 1004 213 ex
1021 190 1043 217 Δ
1058 192 1083 214 ct
1102 189 1262 216 conﬁrmata
1289 189 1390 227 veritas
1413 188 1473 223 ejus
1495 187 1566 222 quod
1590 186 1752 222 proﬁtentur
1772 184 1839 211 Met-

221 237 295 268 partc
311 236 413 260 tantum
440 233 476 259 ita
504 233 624 260 habenti.
668 232 754 259 llomo
777 233 849 259 enim
869 239 901 259 ex
927 237 1002 266 parte

219 279 258 305 sic
273 286 302 306 se
323 270 502 305 habens'talis
517 277 569 304 fuit
584 285 645 304 cum
666 278 751 304 forma
770 277 888 304 humana
907 277 1003 303 induc-

219 330 310 356 rctur;
328 324 398 350 unde
416 330 528 350 necesse
542 328 583 350 est
596 323 649 350 illis
666 327 694 349 ut
710 326 853 349 autument
873 321 1001 348 divinita-

221 375 274 396 tem
295 370 393 400 solam,
415 376 475 394 eum
492 368 661 394 humanitate
675 367 760 394 fuisse
776 375 872 394 novem
894 372 1003 392 menses

217 421 264 442 aut
282 415 393 442 circiter
409 414 444 441 ab
456 414 535 441 initio
549 413 747 448 conceptionis,
762 421 814 440 una
831 420 892 439 cum
906 411 1001 439 eadem

217 467 332 486 manens
353 460 379 486 in
403 459 463 486 loco
480 467 533 493 quo
549 459 651 493 gestari
676 458 746 485 solet
768 457 883 489 infans;
903 455 1003 483 deinde

216 508 296 536 simul
315 511 392 534 natas
410 506 516 539 fuisse;
533 505 606 540 quod
622 503 787 531 contradicit
812 503 850 529 illi
870 502 942 537 quod
961 502 1004 528 di-

215 560 290 586 cunt,
314 553 425 579 Mariam
441 553 579 586 peperisse
594 552 737 579 Christum
759 558 791 577 ex
816 554 892 583 parte
908 549 1003 575 Imma-

216 599 310 625 uitatis
338 606 404 629 suae,
436 605 490 624 non
520 605 553 624 ex
578 601 654 631 parte
682 595 833 622 divinitatis
857 601 923 620 suae.
954 593 1001 619 Sin

215 643 342 674 dixerint,
370 642 473 668 unitam
498 641 583 668 fuisse
606 648 668 668 cum
689 647 721 667 eo
743 644 886 674 postquam
905 645 1003 664 c0nee-

215 694 278 724 ptus
294 692 366 715 esset
387 695 418 714 ac
444 687 529 714 iorma
553 687 607 721 2ο
631 685 751 721 perfecta
772 685 904 716 indutus;
923 691 1002 716 rcge-

216 743 309 762 remus
323 735 390 770 ipsis
406 744 412 760 :
430 733 499 760 Tum
516 734 586 760 Deus
602 734 627 759 in
649 737 727 760 utero
744 735 868 767 gestatus
882 734 924 757 est
941 735 1003 756 ante

216 785 346 815 partum;
368 779 441 814 quod
467 779 490 806 si
519 778 631 805 concedi
656 778 744 812 possit
767 780 844 804 utero
866 780 1002 810 gestatum

216 827 315 857 fuisse,
345 826 459 853 concedi
484 825 564 852 etiam
590 829 692 859 potest,
717 823 792 850 nasci
820 822 950 857 potuissin
975 820 1003 847 Si

215 873 335 899 dixerint
359 873 487 898 unionem
512 870 612 898 factam
636 874 758 904 tempore
779 868 943 898 nativitatis,
959 867 1000 893 di.-

215 918 303 944 cimus
319 925 325 943 :
347 916 415 943 Tum
434 923 498 950 ergo
512 916 617 950 peperit
636 915 719 941 Maria
735 913 852 941 Verbum
870 919 924 939 una
940 919 1001 938 eum

215 962 344 993 homine;
363 960 480 988 Verbum
504 965 594 987 autem
616 963 672 986 tum
690 959 763 994 apud
788 966 840 985 nos
854 962 910 984 lllltl
931 955 1002 990 apud

215 1016 264 1035 \‘Os
280 1007 350 1034 Deus
368 1011 420 1034 est.
442 1006 548 1040 Peperit
565 1013 629 1041 ergo
647 1005 731 1032 Maria
759 1004 854 1031 Deum.
878 1003 906 1030 Si
926 1003 1003 1029 dixe-

215 1055 280 1085 rint,
308 1053 346 1079 lta
374 1058 437 1084 est;
463 1059 626 1086 reponemus
655 1059 661 1078 :
685 1050 754 1078 Cum
781 1049 893 1077 concedi
918 1047 1003 1082 possit

215 1099 291 1127 nasci
304 1099 440 1133 potuisse,
450 1105 499 1125 cur
511 1105 566 1124 non
578 1097 756 1127 concedatur,
770 1095 795 1122 iu
811 1099 887 1122 utero
901 1093 1002 1128 gestari

216 1146 338 1174 noluisse
353 1145 364 1170 ?
378 1144 455 1176 Quod
472 1143 494 1170 si
508 1142 704 1173 concesserint,
719 1141 774 1174 jam
790 1139 933 1167 sentcntiae
947 1144 1003 1163 sua:

214 1192 423 1222 valedixcruut,
455 1189 497 1215 sin
525 1188 597 1215 haud
628 1187 825 1217 concesserint,
852 1185 970 1211 dicimus
995 1191 1001 1209 :

215 1237 344 1268 Quantam
370 1240 411 1262 est
435 1235 505 1260 initer
528 1233 586 1259 haec
602 1231 797 1263 discrepantia.
829 1235 856 1255 ut
881 1229 908 1254 in
926 1232 1002 1255 utero

215 1285 346 1315 gestetur,
363 1283 389 1306 et
407 1283 436 1304 tit
456 1284 585 1304 nascatur
599 1278 610 1303 '3
629 1277 658 1303 Si
674 1276 795 1303 dixerint
808 1274 891 1301 Deum
908 1280 1002 1300 ustum

215 1335 268 1354 non
282 1334 354 1357 esse,
371 1333 420 1351 nec
434 1324 518 1351 fuisse
533 1323 659 1350 unionem
677 1325 738 1349 ante
753 1320 937 1352 nativitatem,
953 1326 1003 1346 nec

215 1377 289 1400 statu
309 1371 362 1398 isto
381 1370 508 1402 durante.
527 1368 574 1397 sed
596 1368 681 1396 fuisse
697 1372 820 1401 tetnpore
839 1364 1000 1396 nativitatis,

214 1417 333 1445 dicimus
348 1415 466 1442 destruit
483 1414 534 1441 hoc
555 1414 621 1440 illud
644 1411 866 1448 quodasseritis,
888 1409 1001 1436 Mariam

214 1463 352 1499 peperisse
366 1461 516 1488 Christum.
540 1459 678 1494 Siquidem
697 1466 750 1485 non
768 1461 810 1484 est
825 1456 903 1483 vobis
918 1455 999 1482 Citri-

213 1517 271 1538 stus
284 1510 364 1536 homo
383 1507 467 1534 solus.
485 1505 553 1533 Cum
570 1513 636 1540 ergo
653 1505 781 1532 Christus
798 1510 852 1530 non
869 1501 1001 1529 sithomo

213 1557 300 1588 solus,
318 1555 401 1582 Maria
425 1559 517 1581 autent
540 1561 572 1580 ex
596 1551 732 1580 sententia
750 1556 840 1578 vestra
862 1551 998 1578 hominem

215 1603 318 1630 nudum
347 1601 482 1636 pepererit
509 1603 572 1626 ante
598 1598 746 1628 unionem,
767 1596 893 1631 sequitur
914 1597 999 1631 ipsam

215 1648 354 1683 peperisse
371 1647 437 1673 illud
455 1645 528 1679 quod
549 1651 602 1671 non
620 1649 679 1671 erat
694 1643 834 1675 Christus,
855 1646 999 1677 pestquam

215 1698 307 1719 autem
326 1691 414 1722 fuerit,
433 1690 533 1716 factum
554 1696 615 1716 esse
634 1688 773 1715 Christum
794 1695 842 1722 per
861 1687 998 1717 unionem.

214 1746 246 1764 ac
271 1737 356 1764 fuisse
375 1736 503 1763 unionem
530 1737 591 1769 post
618 1734 799 1764 nativitatem,
825 1740 857 1759 ac
884 1732 1000 1767 proinde

216 1782 356 1809 Christum
373 1781 495 1808 evasisse
518 1783 581 1814 post
598 1779 780 1805 nativitatem.
803 1777 881 1809 Quod
903 1776 926 1803 si
949 1777 999 1803 hoc

217 1827 294 1854 vobis
314 1825 464 1854 absurdum
483 1825 622 1856 videatur,
640 1831 672 1850 ac
689 1822 773 1850 Maria
788 1822 929 1850 Christum
952 1829 1001 1855 pe-

215 1873 323 1908 pererit,
343 1873 400 1906 ipsa
412 1871 538 1906 ergojnon
548 1870 651 1905 peperit
665 1869 800 1896 hominem
816 1868 917 1900 solum,
933 1869 1001 1902 21—

214 1920 267 1953 23
291 1923 374 1953 atque
398 1917 450 1944 hoc
469 1917 627 1944 necessario
649 1915 734 1943 infert
751 1915 888 1950 peperisse
913 1914 999 1949 ipsam

214 1964 297 1990 Deum
313 1970 375 1989 cum
398 1962 518 1994 homine,
538 1968 589 1988 nee
610 1968 665 1988 non
689 1960 773 1987 fuisse
790 1960 917 1987 unionem
937 1963 1000 1986 ante

213 2009 382 2036 nativitatem
401 2016 409 2036 :
426 2012 506 2042 atque
524 2007 559 2034 ita
575 2007 717 2034 manifesta
734 2005 804 2033 facta
818 2011 860 2033 est
871 2005 1002 2032 absurdi-

210 2061 256 2084 las
270 2055 330 2089 ejus
346 2055 417 2089 quod
434 2058 560 2081 asserunt
580 2053 749 2084 Nestoriani,
763 2052 867 2079 scilicet
887 2051 999 2078 Mariam

213 2101 352 2135 peperisse
369 2099 509 2126 Christum
525 2106 558 2126 ex
574 2101 650 2132 parte
666 2096 846 2124 humanitatis
861 2103 928 2128 suae,
944 2103 998 2123 non

212 2154 246 2173 ex
265 2150 340 2180 parte
355 2144 523 2177 divinitatis;
541 2147 568 2170 et
588 2143 687 2170 veritas
703 2143 763 2177 ejus
777 2142 848 2176 quod
865 2142 999 2169 conﬁten-

1020 866 1038 893 Β

1016 1534 1037 1564 C

1054 233 1144 264 ehitze.
1159 234 1263 261 scilicet
1274 234 1384 261 Mariam
1401 234 1538 268 peperisse
1552 233 1646 265 Deum,
1659 238 1685 259 et
1699 231 1835 258 Christum

1055 287 1150 311 unum,
1167 285 1194 307 et
1214 281 1298 307 tilium
1315 288 1414 312 unum,
1427 286 1453 306 et
1472 286 1616 314 personam
1632 285 1724 305 unam.
1749 277 1839 310 inquit

1055 325 1118 352 Said
1137 326 1247 352 Patrieii
1263 325 1346 357 illius,
1362 325 1502 352 medicina:
1517 325 1657 351 studiosus
1671 332 1679 350 :
1694 323 1838 350 Autistites

1053 370 1167 402 erroris,
1184 370 1310 397 videlicet
1324 369 1479 400 Nestorius,
1500 368 1660 404 Eutychius,
1677 368 1837 397 Dioscorus.

1055 417 1182 448 Severus,
1200 420 1226 443 et
1241 415 1359 443 Jacobus
1376 415 1560 447 Baradiensis,
1574 414 1628 449 24
1639 422 1700 441 cum
1715 413 1837 448 ipsorum

1054 461 1218 496 sequacibus
1236 462 1352 496 aliisque
1373 461 1559 494 heterodoxis,
1575 462 1622 494 qui
1654 464 1777 486 astruere
1791 466 1839 485 vo-

1055 505 1163 532 luerunt
1190 506 1400 540 imaginationes
1416 513 1482 532 suas
1498 512 1512 532 a
1529 506 1625 532 timore
1651 503 1698 531 Dei
1723 503 1840 534 alienas,

1055 557 1136 586 atque
1161 560 1176 578 a
1206 552 1247 579 via
1266 552 1311 578 Dei
1334 552 1504 579 declinarunt
1525 551 1601 586 juxta
1624 550 1765 578 sententiae
1783 557 1841 577 sua:

1054 599 1226 633 pravitatem,
1244 598 1269 624 in
1285 598 1370 624 Deum
1383 597 1512 629 audaces,
1523 604 1646 631 quosque
1662 597 1738 622 make
1754 595 1841 622 inten-

1055 644 1143 670 tiones
1158 651 1214 670 suae
1232 646 1258 670 et
1280 647 1416 677 corrupta:
1438 639 1619 677 cogitatiOues
1642 641 1710 667 mari
1735 639 1839 667 erroris

1055 688 1270 723 ingurgitarunt,
1287 689 1324 716 illi
1343 688 1477 724 (inquam)
1500 695 1596 715 omnes
1613 687 1675 714 illos
1690 687 1791 721 quibus
1808 693 1839 713 se.

1054 736 1262 762 inuuiseuerunt
1285 742 1394 762 errores
1421 733 1559 761 mordicus
1585 734 1777 764 retinuerunt,
1805 739 1840 758 eo

1055 780 1126 814 quod
1144 780 1301 815 ignorarent
1314 780 1440 806 unionem
1457 778 1609 806 divinitatis
1625 777 1733 805 Domini
1751 777 1837 804 nostri

1055 825 1153 852 Christi
1171 825 1239 853 cum'
1251 825 1420 852 humanitate
1445 825 1531 859 ipsius
1545 844 1552 855 ,
1570 824 1633 851 dum
1650 823 1840 858 unusquisque

1055 871 1176 904 ipsorum
1191 871 1216 898 in
1234 871 1352 906 aliquem
1368 879 1383 898 e
1400 871 1516 898 diversis
1533 869 1668 898 mistionis
1686 869 1774 896 modis
1788 869 1839 895 im-

1055 916 1169 950 pingens
1182 917 1206 943 ei
1222 916 1381 944 adltaaserit.
1395 916 1486 943 Visuut
1498 920 1540 943 est
1555 919 1645 942 autent
1663 914 1731 941 mihi
1747 918 1841 941 osten-

1054 962 1118 988 dere
1136 961 1284 998 [diversos]
1301 962 1434 989 iuistiouis
1450 961 1557 992 modos,
1574 967 1676 995 eosque
1690 959 1838 994 explicare,

1056 1013 1083 1035 ut
1105 1009 1140 1034 ita
1156 1009 1352 1036 absurditatcm
1378 1016 1472 1035 eorum
1497 1014 1558 1042 quae
1577 1007 1670 1034 dicunt
1693 1005 1839 1040 percipias.

1055 1053 1109 1080 Deo
1120 1059 1208 1080 autem
1223 1053 1342 1087 potentia
1354 1057 1405 1080 est.
1418 1052 1471 1079 Pro
1485 1059 1581 1086 magna
1595 1051 1640 1078 Dei
1653 1050 1837 1085 providentia,

1052 1101 1159 1134 justitia
1175 1101 1306 1134 perlecta,
1324 1105 1350 1127 et
1367 1099 1555 1126 misericordia
1571 1097 1681 1130 eximia,
1692 1097 1768 1124 misit
1780 1097 1840 1131 ipse

1057 1146 1173 1174 Verbum
1191 1154 1270 1173 suum
1288 1152 1398 1176 creans,
1426 1152 1480 1179 quo
1503 1144 1594 1171 omnia
1622 1142 1724 1170 crearit
1751 1142 1840 1177 iisque

1056 1199 1117 1218 esse
1135 1190 1222 1222 dedit,
1238 1189 1310 1224 qttod
1326 1197 1341 1216 e
1361 1188 1515 1216 substantia
1532 1192 1573 1216 est
1590 1188 1709 1215 increata
1722 1207 1730 1220 ,
1744 1194 1838 1214 verum

1055 1242 1068 1260 ει
1083 1234 1164 1262 Patre
1179 1239 1241 1261 ante
1257 1234 1348 1261 omnia
1362 1234 1461 1261 saecula
1476 1233 1609 1268 genitum,
1622 1240 1683 1260 cum
1699 1239 1751 1259 non
1766 1236 1840 1259 esset

1054 1285 1173 1313 unquam
1191 1278 1262 1306 Deus
1280 1279 1340 1306 sine
1356 1279 1444 1306 Verbo
1458 1283 1484 1306 et
1499 1278 1613 1312 Spiritu,
1629 1277 1838 1311 nequeVerbum

1055 1332 1173 1359 unquam
1190 1325 1223 1352 ab
1239 1325 1298 1359 ipso
1312 1329 1478 1359 separatum,
1492 1332 1581 1358 neque
1598 1331 1612 1350 a
1627 1323 1731 1358 Spiritu
1750 1325 1839 1358 ipsius

1054 1374 1175 1402 creante,
1192 1375 1239 1397 aut
1253 1378 1268 1396 a
1282 1370 1436 1397 substantia
1451 1371 1546 1404 ipsius;
1561 1377 1591 1396 ac
1608 1369 1752 1397 descendit
1768 1369 1839 1396 Ver-

1054 1417 1117 1445 butn
1135 1417 1181 1444 Dei
1201 1425 1299 1444 ereans
1314 1425 1376 1444 eum
1390 1417 1569 1443 subsistentia
1582 1424 1631 1443 sua
1651 1421 1838 1451 permanent",

1053 1466 1182 1497 perpetua
1194 1482 1201 1494 ,
1216 1461 1354 1494 durabili,
1373 1469 1431 1495 qua:
1449 1466 1588 1495 nunquam
1615 1469 1669 1489 non
1695 1462 1741 1488 fuit
1754 1481 1761 1494 ,
1789 1469 1840 1489 nec

1053 1515 1114 1535 esse
1130 1507 1244 1539 desinit,
1259 1512 1287 1535 et
1311 1508 1483 1534 inearnatum
1504 1513 1544 1534 est
1569 1515 1584 1533 a
1607 1507 1689 1535 Maria
1716 1507 1838 1542 Virgine,

1051 1554 1141 1588 puella
1159 1559 1263 1585 sancta,
1277 1554 1397 1588 25-27
1413 1554 1499 1581 electa
1514 1573 1521 1585 ,
1537 1561 1553 1581 e
1568 1555 1653 1589 stirpe
1677 1554 1817 1582 benedicta
1831 1574 1839 1586 ,

1051 1608 1065 1627 e
1087 1601 1217 1635 progenie
1240 1601 1406 1632 Ahrahami;
1425 1601 1500 1634 prole
1517 1600 1637 1632 lsraclis,
1654 1601 1725 1627 tribu
1741 1600 1817 1628 Judee
1830 1620 1838 1632 ,

1052 1644 1152 1671 familia
1172 1644 1294 1676 Davidis,
1311 1652 1394 1680 quant
1411 1645 1446 1672 ad
1462 1645 1531 1672 hanc
1557 1646 1738 1672 meonomiam
1756 1645 1841 1679 elegit

1050 1689 1182 1718 Dominus
1205 1698 1239 1718 ex
1267 1690 1395 1718 omnibus
1415 1690 1508 1718 mundi
1534 1691 1662 1723 feniinis,
1691 1691 1836 1726 ipsamque

1051 1735 1154 1770 Spiritu
1170 1742 1266 1763 sancto
1281 1737 1432 1769 mundavit,
1445 1736 1546 1771 Spiritu
1557 1735 1691 1772 [inquam]
1705 1744 1756 1764 suo
1771 1737 1838 1764 sub-

1050 1781 1182 1813 stantiali,
1196 1781 1264 1809 adeo
1281 1787 1309 1809 ut
1324 1783 1408 1817 ipsam
1425 1783 1549 1810 idoneam
1570 1782 1696 1809 redderet
1710 1783 1736 1810 in
1752 1791 1836 1818 quam

1050 1827 1230 1855 descenderet
1261 1828 1381 1856 Verbum
1411 1828 1458 1855 Dei
1483 1829 1675 1862 substantiale,
1699 1834 1781 1864 atque
1799 1829 1837 1857 ita

1049 1871 1203 1899 obvelatum
1216 1877 1257 1899 est
1270 1872 1389 1900 Verbum
1404 1881 1501 1901 creans
1517 1874 1626 1901 homine
1634 1878 1742 1907 creato,
1756 1882 1835 1910 quem

1049 1918 1101 1946 sibi
1118 1919 1258 1945 voluntate
1274 1918 1319 1946 Dei
1334 1918 1432 1952 Patris,
1445 1924 1472 1946 et
1486 1919 1602 1947 consilio
1614 1920 1734 1955 Spiritus
1745 1921 1834 1948 sancti

1050 1969 1164 1996 ereavit,
1181 1968 1334 1992 creaturam
1350 1972 1446 1991 novatn
1464 1965 1568 1999 absque
1583 1966 1686 1993 semine
1710 1966 1792 1999 virili,
1806 1971 1835 1993 ut

1050 2016 1100 2036 nee
1117 2008 1143 2035 in
1159 2009 1244 2044 ipsam
1260 2009 1369 2036 caderet
1388 2014 1527 2044 peccaturo
1541 2029 1548 2042 ,
1564 2017 1615 2037 nec
1631 2017 1693 2037 cum
1722 2010 1833 2039 homine

1050 2055 1275 2082 consuetudinem
1293 2056 1405 2082 haberet
1419 2059 1466 2082 aut
1477 2063 1654 2090 congressum
1667 2076 1674 2087 ,
1692 2061 1737 2084 aut
1751 2057 1836 2084 viola-

1052 2103 1127 2126 retur
1141 2099 1237 2134 puellm
1250 2100 1431 2127 sanctissimae
1444 2100 1585 2135 virginitas
1596 2121 1603 2133 ,
1620 2101 1754 2128 hominem
1774 2109 1836 2137 per-

1050 2144 1150 2173 fectum
1160 2153 1230 2173 ~eum
1253 2153 1369 2181 corpore
1384 2153 1434 2173 suo
1451 2149 1478 2172 et
1494 2146 1583 2172 anitna
1609 2147 1762 2181 sanguinali
1776 2168 1783 2180 ,
1808 2153 1836 2176 et

214 2199 257 2221 tur
279 2192 424 2224 Melchitaa,
445 2191 557 2218 Mariam
575 2190 713 2225 peperisse
737 2189 836 2221 Deum,
860 2188 999 2216 Christum
1017 2197 1039 2225 ι)
1054 2191 1152 2225 spiritu
1162 2191 1343 2223 intellectivo,
1360 2190 1505 2222 rationali,
1521 2192 1567 2225 qui
1583 2195 1625 2218 est
1642 2192 1729 2226 imago
1745 2192 1791 2219 Dei
1807 2193 1834 2219 in

215 2247 309 2270 unum,
333 2242 360 2265 et
383 2244 526 2272 personam
550 2243 643 2268 unam,
664 2240 690 2263 et
713 2235 895 2262 substantiam
920 2238 998 2262 aeter-

213 2288 331 2317 nam,;et
346 2283 526 2310 substantiam
543 2281 577 2309 de
593 2288 664 2308 novo
683 2280 855 2315 productam.

247 2330 360 2358 Dicetur
379 2329 462 2356 etiam
484 2328 557 2355 illis:
574 2327 603 2354 Si
626 2327 758 2354 asseratis
772 2325 913 2353 Christum
929 2326 997 2353 duas

212 2384 274 2406 esse
289 2375 468 2406 substantias,
483 2381 565 2401 unam
583 2377 724 2403 mternam,
743 2373 856 2400 alteram
874 2372 907 2400 de
925 2379 997 2399 novo

213 2421 383 2457 productam,
397 2420 460 2447 dein
476 2419 588 2446 Mariam
610 2418 748 2453 peperisse
765 2416 903 2444 Christum
917 2435 924 2447 ,
940 2415 996 2451 jam

212 2467 381 2496 centitemini
407 2465 519 2494 Mariam
547 2465 614 2491 duas
647 2464 697 2491 has
726 2463 907 2494 substantias,
936 2469 997 2496 quae

212 2519 277 2542 sunt
299 2514 438 2545 Christus,
471 2511 627 2546 peperisse;
651 2509 776 2537 Christus
799 2515 868 2543 ergo
891 2510 997 2535 constat

211 2561 317 2588 duabus
329 2558 446 2590 naturis,
458 2563 527 2592 quas
540 2563 601 2584 cum
616 2554 733 2590 peperit,
747 2561 801 2581 una
816 2561 910 2580 earum
924 2551 997 2579 Deus

210 2610 263 2637 est,
279 2604 385 2640 peperit
404 2610 468 2637 ergo
487 2602 572 2629 Deum
588 2605 731 2627 aeternum.
749 2598 860 2629 Deinde,
880 2605 933 2624 non
949 2605 996 2631 po-

211 2655 263 2679 test
277 2649 390 2679 concedi
405 2649 542 2684 peperisse
557 2647 608 2674 nisi
629 2646 702 2681 quod
717 2645 744 2673 in
762 2649 840 2672 utero
859 2647 994 2679 gestatum

212 2697 311 2730 fuerat,
325 2697 389 2723 hinc
402 2703 467 2730 ergo
482 2693 636 2721 necessario
659 2692 785 2726 sequitur
801 2690 885 2724 ipsam
907 2690 991 2716 Deum

210 2743 286 2770 illum
300 2743 327 2769 in
340 2746 418 2769 utero
435 2745 566 2775 gestasse.
579 2740 667 2774 Atque
684 2738 720 2765 ita
736 2741 845 2764 ostensa
858 2741 899 2763 est
913 2737 994 2763 etiam

211 2788 366 2815 absurditas
382 2787 522 2815 sententiae
546 2786 771 2813 Nestor-imorum
798 2782 993 2814 asserentium,

210 2831 322 2863 uariant
337 2839 386 2859 nec
403 2832 430 2858 in
444 2835 521 2858 utero
539 2831 645 2865 tulisse,
662 2837 711 2858 nec
732 2830 870 2866 peperisse
887 2828 969 2857 Deuut
986 2848 993 2861 .

1051 2237 1172 2270 homine,
1190 2242 1217 2264 et
1236 2237 1389 2264 similitudo
1405 2237 1502 2271 ipsius.
1518 2237 1587 2264 Cum
1604 2236 1683 2264 fuerit
1698 2238 1754 2272 ipse
1765 2237 1836 2265 inter

1048 2287 1188 2310 creaturas
1208 2282 1253 2308 Dei
1280 2282 1397 2309 maxime
1420 2283 1536 2310 idoneus
1563 2283 1590 2310 in
1615 2291 1669 2317 quo
1700 2284 1834 2311 habitaret

1053 2327 1137 2360 Deus,
1156 2334 1190 2354 ac
1204 2327 1401 2360 descenderet,
1424 2328 1532 2362 sibique
1549 2328 1575 2355 in
1596 2329 1683 2355 velum
1700 2335 1832 2362 sumeret,

1049 2381 1098 2407 pro
1112 2380 1142 2400 ea
1158 2380 1211 2408 qua
1224 2378 1337 2400 caeteras
1348 2378 1479 2408 quotquot
1492 2378 1556 2401 sunt
1565 2379 1704 2402 creaturas
1713 2377 1833 2403 antecel-

1049 2418 1079 2444 lit
1098 2418 1228 2452 puritate.
1250 2417 1329 2445 Scias
1353 2418 1424 2445 enim
1444 2425 1499 2445 rem
1527 2423 1632 2445 natura:
1659 2427 1733 2454 purae
1762 2420 1833 2447 haut

1049 2463 1134 2496 cerni,
1150 2463 1204 2491 nisi
1219 2464 1247 2491 in
1262 2471 1294 2492 eo
1311 2464 1383 2499 quod
1398 2464 1433 2492 sit
1450 2469 1555 2492 naturae
1571 2465 1727 2497 crassioris;
1747 2473 1834 2499 neq-ie

1049 2509 1124 2536 cerui
1144 2516 1225 2544 posse
1240 2509 1314 2544 quod
1332 2510 1454 2537 omnium
1469 2511 1587 2537 maxime
1602 2518 1700 2545 purum
1715 2515 1767 2543 est,
1783 2511 1834 2537 nisi

1049 2561 1110 2581 eum
1124 2561 1157 2581 eo
1177 2554 1249 2589 quod
1268 2555 1328 2590 ipso
1345 2554 1467 2581 crassius
1483 2555 1519 2582 sit
1533 2554 1734 2590 [conjunetum]
1750 2555 1776 2582 iu
1791 2563 1834 2586 co,

1049 2601 1121 2635 quod
1136 2604 1265 2634 appareat
1275 2608 1289 2627 e
1302 2600 1414 2627 materia
1425 2601 1628 2632 constantibus,
1639 2604 1744 2627 natum
1758 2607 1834 2627 cras-

1048 2646 1139 2673 sioris.
1156 2645 1311 2673 Invenimus
1338 2651 1428 2673 autem
1453 2646 1577 2681 spiritum
1596 2645 1714 2673 hominis
1732 2646 1835 2673 intelle-

1048 2691 1159 2722 clivum,
1177 2691 1336 2718 rationalem
1348 2691 1403 2726 28
1419 2690 1555 2725 puriorem
1574 2697 1634 2717 esse
1649 2697 1681 2717 eo
1697 2690 1769 2724 quod
1784 2697 1832 2723 pu-

1048 2737 1188 2764 tissimum
1202 2740 1244 2764 est
1261 2737 1288 2763 in
1308 2737 1415 2764 caeteris
1430 2736 1575 2767 creaturis,
1595 2735 1710 2768 ideoque
1727 2741 1759 2761 ex
1775 2742 1832 2761 om-

1048 2783 1129 2810 nibus
1145 2782 1190 2809 Dei
1211 2782 1348 2809 ereaturis
1370 2782 1487 2809 maxime
1511 2782 1627 2809 idoneus
1645 2780 1695 2807 fuit
1710 2780 1756 2816 qui
1779 2779 1834 2807 Deo

1048 2827 1137 2856 velum
1155 2832 1238 2862 esset,
1255 2827 1371 2863 ideoque
1388 2827 1490 2855 factum
1501 2831 1544 2856 est
1559 2826 1596 2854 illi
1614 2825 1713 2859 vel-sm;
1726 2824 1834 2860 ipsique
