2015 3081
207 167 272 199 1037

925 163 1105 195 ANNALES.

1761 164 1828 198 1038

204 225 312 253 interim
327 223 429 256 anima,
447 223 473 251 in
491 223 624 259 sanguine
640 222 731 251 sedem
750 221 863 254 habens,
879 220 986 253 velum;
1004 222 1026 249 Α
1041 220 1078 246 tia
1096 219 1276 247 humanitatis
1292 220 1449 255 conjttnctio
1463 240 1470 253 ,
1493 220 1533 248 vel
1549 220 1692 248 translatio
1706 220 1748 248 vel
1766 222 1829 248 alte-

204 275 233 298 ut
247 275 272 297 et
286 277 386 304 corpus
411 276 536 296 crassum
552 288 559 301 ,
581 269 669 296 velum
686 268 711 295 ei
726 268 798 303 quod
818 267 876 301 ipso
893 265 990 302 purius

204 317 239 344 sit
262 325 269 343 :
295 319 377 350 atque
403 316 455 341 hac
483 315 590 340 ratione
618 313 765 348 assumpsit
794 311 911 338 Verbum
943 309 989 337 Dei

203 368 303 388 creans
316 361 496 387 substantiam
513 358 632 386 hominis
650 359 783 393 integram
795 365 857 384 cum
875 362 990 391 corpore

204 407 292 441 ipsius
307 410 333 433 et
349 406 494 441 sanguine,
505 405 657 439 spirituque
674 403 840 430 intellectivo
852 400 990 432 rationali,

205 454 310 487 fuitque
329 451 445 479 Verbum
463 451 509 478 Dei
526 458 587 477 cum
603 449 781 477 subsistentia
798 456 865 480 sua,
900 446 991 474 subsi-

203 497 488 525 stentiahumanitatis
503 496 593 527 istius,
610 495 688 529 cujus
701 494 854 521 substantia
873 492 991 527 perfecta

205 543 265 574 fuit,
280 551 313 570 eo
332 542 403 576 quod
418 541 597 569 subsistentia
612 539 693 567 Verbi
717 540 763 566 Dei
781 539 867 574 ipsam
901 537 992 565 subsi-

206 594 279 616 stere
291 589 366 615 fecit.
383 587 475 622 Neque
488 587 559 614 enim
578 587 635 621 ipsa
645 589 735 613 creata
748 585 809 617 fuit,
824 585 866 611 vel
880 583 992 610 omnino

202 634 353 669 quidquam
375 633 435 665 fuit,
452 633 504 659 nisi
527 640 574 667 per
600 631 805 658 subsistentiam
825 628 906 657 Verbi
921 628 990 660 Dei,

203 680 276 714 quod
295 680 380 713 ipsam
403 678 523 710 creavit,
541 682 567 704 et
587 677 738 704 subsistere
762 676 828 703 fecit
847 677 881 703 de
906 675 991 702 nihilo

204 725 276 760 quod
292 725 319 752 in
336 729 413 752 utero
429 723 550 759 Virginis
574 728 653 750 antea
678 723 860 754 subsisteret,
889 726 916 748 et
933 721 992 748 sine

208 778 289 798 causa
308 770 398 805 aliqua
418 779 433 796 a
447 777 500 804 qua
517 770 573 804 ipsa
591 769 756 804 principium
768 771 851 801 esset,
872 768 930 794 sive
949 775 992 794 se-

204 816 277 843 mine
292 815 374 848 virili,
389 815 447 842 sive
461 815 553 849 aliquo
568 815 697 849 quopiam
712 834 719 846 ,
736 817 848 848 excepta
864 813 992 840 substan-

205 862 242 888 tia
258 860 339 888 Verbi
355 860 474 887 creantis
492 867 552 894 qua:
574 867 628 886 una
643 863 684 886 est
699 867 714 886 e
730 859 865 886 Trinitate
880 857 990 890 divina;

203 913 286 942 atque
300 907 344 933 illa
361 906 541 933 subsistentia
558 913 619 932 cum
642 905 803 932 hominibus
827 907 969 930 numerata
983 924 990 936 ,

203 957 232 981 et
254 958 317 980 nota
338 956 379 980 est
397 953 432 980 ob
459 959 518 980 eam
543 952 588 979 cui
608 951 754 985 conjuncta
779 954 831 982 est,
856 957 992 985 quamque

204 999 308 1026 creavit
322 999 402 1033 eique
419 998 545 1033 copulata
564 1003 616 1028 est,
633 997 815 1024 substantiam
831 997 990 1027 humanam,

205 1050 286 1078 atque
303 1045 360 1078 ipse
379 1043 485 1069 unitate
508 1042 693 1070 subsistentia:
710 1042 793 1069 istius
813 1041 906 1072 unius,
924 1041 990 1067 sub-

205 1091 337 1118 sistentia:
351 1089 484 1126 (inquam)
499 1089 579 1116 Verbi
594 1089 640 1115 Dei
652 1088 796 1118 creatoris,
812 1095 885 1115 unus
900 1082 944 1114 est
963 1087 991 1114 in

206 1137 340 1164 Triuitate
356 1136 508 1164 substantia
524 1135 676 1162 divinitatis
692 1141 764 1166 sua},
785 1138 811 1161 et
829 1141 900 1160 unus
917 1133 990 1159 inter

206 1184 331 1211 homines
349 1182 500 1210 substantia
517 1181 702 1208 humanitatis
717 1188 784 1212 sum,
800 1188 852 1207 non
869 1178 988 1214 29-31

204 1229 271 1262 duo,
286 1237 380 1257 verum
396 1236 466 1256 unus
479 1234 541 1254 cum
560 1226 640 1253 Patre
654 1231 681 1253 et
699 1226 814 1260 Spiritu,
834 1231 915 1260 atque
931 1225 989 1259 ipse

205 1276 277 1302 idem
294 1282 365 1302 unus
386 1274 467 1302 simul
482 1280 542 1300 cum
569 1272 737 1305 hominibus,
755 1272 992 1306 comprehenderis

205 1321 274 1348 duas
291 1320 459 1348 substantias
478 1319 601 1346 diversas
615 1338 623 1351 ,
647 1324 662 1344 e
689 1317 840 1344 substantia
869 1317 992 1353 [nempe]

205 1366 359 1393 divinitatis
372 1370 493 1396 creante,
511 1368 537 1391 et
552 1362 705 1390 substantia
723 1363 902 1390 humanitatis
917 1370 994 1389 crea-

204 1416 246 1442 ta,
267 1412 293 1438 in
311 1411 414 1438 unitate
431 1411 617 1437 subsistentia
628 1410 719 1439 unius,
737 1409 922 1436 subsistentia
936 1407 993 1443 [in-

204 1455 301 1492 quam]
319 1457 413 1488 Verbi,
428 1455 500 1490 quod
517 1459 559 1483 est
572 1454 658 1482 Filius
673 1455 782 1489 genitus
802 1461 816 1479 a
833 1452 912 1480 Patre
930 1458 995 1480 ante

205 1507 330 1537 tempora
344 1507 371 1529 et
387 1501 485 1529 saecula
506 1502 607 1534 omnia,
626 1501 753 1534 idemque
768 1503 849 1526 natus
864 1507 896 1526 ex
910 1498 993 1525 Maria

1045 266 1124 296 ratio,
1139 265 1180 292 vel
1199 265 1314 293 mutatio
1331 267 1411 294 tmius
1425 275 1439 293 e
1454 266 1560 294 duabus
1576 267 1738 294 substantiis
1753 275 1766 293 a
1782 275 1830 294 na-

1044 315 1104 337 tura
1120 318 1180 338 sua.
1200 310 1258 338 Non
1270 316 1310 339 est
1322 316 1424 339 mutata
1447 317 1542 339 natura
1562 313 1665 345 divina,
1682 317 1710 340 ut
1724 313 1830 349 [cessa~

1046 361 1087 383 ret
1101 355 1173 392 esse]
1191 356 1295 389 divina,
1310 358 1429 384 creatrix
1442 377 1450 389 ,
1470 366 1556 392 neque
1571 358 1690 385 humana
1711 364 1740 385 ut
1758 359 1828 386 haud

1044 402 1160 436 amplius
1182 403 1217 430 sit
1242 402 1361 430 humana
1375 408 1466 430 creata
1485 411 1491 429 :
1509 408 1589 438 atque
1609 404 1659 431 hoc
1674 404 1830 431 istiusmodi

1044 451 1085 474 cst
1105 448 1177 482 quod
1193 456 1248 475 non
1265 449 1412 476 absurdum
1434 448 1560 475 videatur
1581 449 1752 482 iutelligenti.
1767 449 1828 477 Jam

1043 493 1170 520 alteratio
1185 499 1212 521 ct
1226 495 1341 521 mutatio
1359 495 1514 522 necessario
1531 495 1645 529 requirit
1665 495 1829 528 mistiouem,

1044 545 1105 565 cum
1122 539 1203 566 fuerit
1225 547 1240 567 e
1259 539 1366 568 duabus
1391 542 1498 569 naturis
1513 549 1527 568 e
1542 543 1653 576 maleiia
1673 543 1830 570 constanti-

1044 585 1105 616 bus,
1119 586 1230 617 crassis.
1247 586 1334 614 instar
1352 595 1429 622 aqua:
1443 592 1470 615 et
1486 588 1541 615 viui
1557 608 1564 620 ,
1589 589 1678 616 mellis
1697 593 1723 615 et
1740 589 1830 621 aceti,

1044 631 1102 657 auri
1118 636 1145 657 et
1160 632 1282 666 argenti,
1298 633 1360 660 teris
1376 637 1402 660 et
1420 634 1536 668 plumbi,
1551 638 1598 660 aut
1619 635 1661 662 his
1677 635 1830 668 similium;

1044 682 1104 709 qua:
1118 676 1209 702 omnia
1223 678 1357 705 emateria
1371 683 1500 706 constant
1511 682 1538 705 et
1550 686 1642 707 crassa
1658 684 1731 707 sunt.
1744 680 1832 707 Omne

1045 725 1135 748 autem
1153 723 1293 750 niateriale
1305 725 1376 757 quod
1393 732 1455 751 cum
1468 725 1522 752 alio
1538 726 1671 752 materiali
1687 726 1831 759 miscetur,

1045 767 1202 795 necessario
1218 767 1299 795 infert
1311 770 1486 797 mutationem
1497 777 1550 805 qua
1559 770 1631 797 aliud
1642 771 1738 798 evadat
1750 779 1832 806 quam

1044 817 1161 846 utraque
1179 813 1228 841 ista
1248 821 1264 841 e
1283 815 1398 842 materia
1419 816 1574 843 constantia
1602 816 1678 850 prius
1702 815 1832 849 fuerant,

1045 864 1133 891 neque
1145 858 1275 895 [maneat]
1288 861 1381 888 vinum
1396 862 1500 894 vinum,
1516 869 1565 889 nec
1577 869 1647 897 aqua
1661 870 1743 896 aqua,
1757 866 1832 897 post-

1044 911 1124 938 quam
1142 906 1284 933 commista
1305 907 1415 940 fuerint,
1431 907 1554 943 33-35
1567 915 1654 943 neque
1669 916 1765 935 aurum
1783 916 1833 936 au-

1044 958 1116 982 rum,
1144 959 1194 979 nec
1218 956 1359 988 argentum
1385 958 1546 988 argentum,
1565 961 1617 981 nec
1645 961 1682 982 aes
1706 962 1755 987 25,
1782 962 1833 982 nec

1045 997 1184 1030 plumbum
1218 997 1359 1032 plumbum
1374 1019 1381 1032 ,
1399 1005 1460 1034 post
1479 999 1579 1027 factam
1600 1000 1768 1033 mislionem,
1784 1001 1833 1028 sed

1046 1047 1159 1077 utraque
1177 1043 1291 1071 alterata
1309 1045 1366 1072 sint
1385 1053 1400 1072 a
1418 1046 1573 1073 substantia
1589 1053 1638 1073 sua
1662 1051 1689 1074 et
1713 1054 1758 1075 res
1778 1047 1832 1074 alia

1044 1088 1151 1116 diversa
1171 1090 1330 1123 evaserint,
1343 1098 1403 1125 qua:
1419 1095 1515 1118 neutra
1541 1093 1651 1126 penitus
1666 1099 1759 1120 earum
1775 1094 1810 1120 sit
1824 1113 1831 1124 ,

1044 1143 1095 1163 nec
1112 1136 1215 1163 utravis
1232 1137 1350 1170 ipsarum
1376 1137 1505 1164 immunis
1522 1138 1558 1165 sit
1574 1145 1588 1164 a
1604 1139 1834 1173 corruptione,‘et

1045 1181 1208 1209 alterations
1224 1181 1258 1208 ab
1283 1189 1316 1209 eo
1340 1189 1394 1217 quo
1410 1182 1497 1210 fuerat
1516 1187 1598 1210 statu.
1615 1183 1692 1216 Quod
1711 1184 1734 1211 si
1751 1185 1834 1212 fuerit

1045 1227 1136 1254 niistio
1154 1236 1169 1254 e
1184 1231 1279 1254 natura
1293 1228 1398 1259 subtili,
1418 1232 1445 1255 et
1461 1233 1558 1255 natura
1579 1236 1673 1256 crassa
1688 1250 1695 1263 ,
1712 1237 1767 1256 non
1791 1230 1832 1257 in-

1045 1272 1096 1299 fert
1112 1273 1203 1300 niistio
1215 1273 1462 1301 istaalterationem
1478 1278 1527 1301 aut
1544 1276 1765 1306 conversionem,
1784 1283 1834 1303 ex-

1044 1317 1126 1351 empli
1148 1317 1234 1352 gratia
1253 1327 1260 1345 :
1276 1318 1305 1345 In
1335 1318 1464 1346 mistione
1484 1319 1583 1346 animm
1605 1324 1632 1346 et
1653 1320 1775 1355 corporis
1789 1319 1834 1356 [ex

1044 1363 1143 1397 quibus
1157 1363 1274 1399 constat]
1291 1365 1461 1397 homounus,
1477 1366 1568 1391 unitur
1584 1365 1697 1392 alterum
1715 1367 1792 1393 alteri
1805 1371 1835 1393 ut

1044 1415 1096 1435 nec
1111 1411 1228 1435 mutetur
1242 1409 1282 1435 vel
1297 1409 1428 1437 alteretur
1445 1410 1535 1436 anima
1569 1417 1584 1436 a
1607 1411 1759 1438 substantia
1785 1402 1840 1439 sua

1046 1461 1079 1481 ne
1113 1454 1148 1480 sit
1189 1454 1279 1481 anima
1321 1463 1381 1489 qua:
1409 1455 1561 1483 actionibus
1597 1456 1655 1484 suis
1690 1456 1836 1491 dignosca-

1046 1503 1099 1530 tur,
1118 1507 1205 1534 neque
1219 1507 1319 1535 corpus
1336 1507 1350 1527 a
1365 1505 1438 1528 statu
1456 1507 1483 1528 et
1500 1502 1656 1530 actionibus
1673 1503 1729 1530 suis
1747 1511 1834 1531 mute-

208 1544 320 1579 Virgine
335 1546 362 1572 iu
379 1545 432 1572 fine
448 1545 587 1579 temperis.
605 1545 639 1571 ita
654 1549 683 1571 ut
700 1552 754 1572 non
768 1549 939 1578 separaretur
952 1544 992 1571 vel
1007 1562 1029 1591 α
1048 1549 1090 1572 tur
1101 1550 1128 1572 et
1140 1545 1279 1578 alterctur;
1294 1551 1341 1573 aut
1355 1547 1586 1581 quemadmodum
1601 1548 1645 1575 ubi
1660 1548 1752 1575 unitur
1763 1549 1834 1583 ignis

207 1599 223 1619 a
235 1591 327 1623 Patre,
342 1590 385 1617 vel
403 1598 418 1617 a
439 1590 541 1625 Spiritu
559 1594 665 1617 sancto.

243 1638 343 1666 Verum
359 1638 429 1665 sicut
441 1637 532 1664 radius
542 1637 640 1664 solaris
651 1636 697 1671 qui
714 1637 822 1672 genitus
837 1640 877 1664 est
889 1636 922 1664 ab
935 1636 994 1671 ipso

209 1685 277 1718 sole,
293 1685 373 1720 cuius
390 1685 435 1712 lux
452 1689 537 1712 totum
559 1683 626 1715 illud
643 1684 714 1711 inter
730 1683 831 1711 caelum
851 1687 877 1710 et
891 1688 991 1710 terram

207 1731 350 1769 [spatium]
368 1731 470 1757 lumine
491 1730 605 1765 implet,
621 1729 789 1763 conspicitur
806 1729 832 1756 in
847 1728 928 1756 domo
945 1728 994 1755 ali-

210 1785 274 1812 qua,
290 1781 372 1812 atque
388 1777 416 1803 in
438 1776 496 1811 ipsa
511 1783 575 1803 vere
588 1779 631 1802 est
646 1776 708 1802 luce
723 1778 750 1801 et
765 1775 855 1802 calore
875 1781 938 1805 suo,
955 1774 994 1800 ita

209 1828 298 1850 tamen
319 1828 349 1849 ut
363 1829 458 1850 revera
476 1821 586 1848 minime
602 1823 744 1855 separetur
759 1826 774 1846 a
790 1819 865 1847 fonte
883 1827 936 1854 quo
948 1826 995 1852 ge-

209 1871 283 1896 nitus
297 1873 348 1901 est,
365 1876 426 1895 cum
443 1875 492 1894 nec
510 1867 543 1894 ab
559 1867 645 1902 ipsius
658 1873 773 1900 corpore
787 1873 837 1893 nec
860 1866 920 1892 lucc
943 1865 993 1892 ab-

207 1915 358 1945 scindatur,
378 1914 414 1941 ita
434 1913 516 1940 etiam
531 1912 664 1939 habitavit
678 1910 763 1938 Filius
782 1911 830 1938 Dei
851 1910 878 1937 in
895 1910 993 1936 Imma-

210 1962 304 1992 nitate,
319 1960 355 1986 ita
375 1963 404 1986 ut
424 1959 536 1985 minime
552 1965 567 1984 a
582 1958 663 1984 Patre
678 1962 852 1991 separaretur
864 1976 872 1988 ,
889 1955 994 1990 fuitque

210 2007 236 2032 in
255 2005 424 2032 humanitate
443 2012 516 2036 vere,
544 2003 670 2036 idemque
694 2009 756 2029 vere
780 2010 840 2029 cum
862 2002 943 2029 Patre
968 2006 996 2028 et

210 2050 312 2084 Spiritu
338 2055 444 2076 sancto.
468 2049 506 2075 Ae
534 2048 606 2074 sicut
628 2047 740 2074 verbum
759 2047 879 2074 hominis
896 2047 942 2081 qui
960 2046 994 2072 ab

210 2095 350 2122 intellectu
367 2094 453 2128 ipsius
469 2092 589 2128 gignitur
605 2092 709 2119 charta:
725 2092 896 2124 inscribitur,
912 2092 996 2118 adeo-

210 2149 263 2176 que
279 2145 368 2167 totum
384 2147 446 2166 vere
465 2143 508 2166 est
520 2138 548 2165 in
567 2138 661 2164 charta
677 2137 713 2164 ita
729 2141 759 2164 ut
776 2137 884 2164 interim
899 2137 933 2164 ab
954 2137 996 2163 in-

211 2186 321 2213 tellectu
334 2193 348 2211 a
361 2192 414 2219 quo
426 2185 545 2219 genitum
558 2187 601 2211 est
615 2183 826 2218 haudquaquam
843 2187 995 2218 separetur,

213 2239 300 2266 neque
319 2231 354 2258 ab
368 2238 400 2258 eo
425 2234 567 2264 separetur
592 2229 747 2257 intellectus
767 2237 782 2256 a
798 2237 853 2264 quo
876 2229 997 2264 genitum

214 2281 266 2308 est,
281 2277 410 2312 quoniam
437 2276 591 2303 intellectus
608 2282 656 2310 per
678 2275 790 2302 verbum
817 2274 998 2309 dignoscitur,

212 2330 273 2349 cum
290 2322 315 2349 ei
332 2321 408 2354 insit,
425 2327 507 2356 atque
524 2320 635 2348 verbum
653 2324 740 2348 totum
759 2319 794 2347 sit
813 2319 840 2346 in
857 2319 997 2347 intellectu

214 2367 259 2400 qui
274 2367 360 2401 ipsum
377 2366 481 2400 genuit,
498 2369 639 2399 totumque
655 2365 682 2391 in
699 2365 801 2399 scipso,
816 2372 847 2391 ac
862 2369 946 2392 totum
971 2364 999 2391 in

213 2411 309 2437 charta
323 2411 367 2438 cui
387 2409 441 2444 32
455 2409 562 2436 unitum
579 2413 622 2436 est
640 2417 647 2434 :
670 2409 796 2436 similiter
810 2407 931 2436 Verbum
951 2408 998 2435 Dei

213 2461 298 2484 totum
314 2460 356 2484 est
372 2456 399 2482 in
411 2456 492 2482 Patre
507 2463 521 2481 a
533 2462 588 2489 quo
602 2455 723 2488 genitum
740 2458 779 2481 est
795 2475 802 2487 ,
819 2458 846 2481 et
866 2458 954 2482 totum
972 2454 999 2481 in

213 2503 314 2536 seipso,
329 2505 471 2534 totumque
486 2500 514 2527 in
530 2499 632 2534 Spiritu
647 2519 654 2531 ,
666 2507 699 2526 ac
721 2503 811 2526 totum
826 2499 852 2526 in
871 2500 1000 2526 humani-

213 2554 280 2580 tate,
297 2547 324 2574 in
345 2554 399 2581 qua
423 2546 544 2577 resedit,
560 2545 660 2579 cuique
676 2545 780 2572 unitum
797 2549 850 2572 est.
867 2545 1000 2577 Quamvis

212 2594 284 2621 enim
298 2593 388 2620 omnis
405 2591 557 2618 similitudo
572 2595 664 2618 creata
685 2591 764 2625 longe
787 2591 858 2617 absit
876 2591 910 2617 ab
925 2597 957 2617 eo
972 2596 1002 2617 ut

212 2641 365 2665 creatorem
381 2636 493 2667 referat,
508 2643 562 2663 non
576 2636 657 2663 desiit
668 2640 761 2663 tamen
781 2636 851 2663 Deus
871 2635 1001 2662 similitu-

211 2685 289 2710 dines
315 2682 402 2710 servis
414 2683 471 2709 suis
485 2683 510 2709 in
529 2682 656 2709 omnibus
669 2682 746 2708 libris
760 2682 818 2709 suis
833 2688 998 2716 proponere,

214 2735 243 2755 ut
259 2737 291 2755 ea
306 2735 366 2763 quae
382 2735 435 2755 non
451 2734 567 2755 cernunt
590 2735 622 2755 ex
639 2727 674 2755 iis
691 2735 752 2761 qua:
769 2732 886 2754 cernunt
901 2727 1002 2754 intelli-

213 2780 319 2808 gerent,
338 2782 425 2809 eaque
438 2781 500 2808 quae
514 2773 580 2807 ipsis
596 2781 651 2800 non
667 2778 731 2800 sunt
746 2772 902 2805 manifesta,
919 2780 951 2799 ex
967 2773 1000 2800 iis

213 2827 273 2854 quze
291 2819 434 2846 manifesta
451 2823 514 2846 sunt
536 2819 738 2854 dignoscerent.
764 2818 823 2846 Non
844 2823 888 2846 est
910 2823 1000 2846 autent

212 2866 344 2894 habitatio
358 2865 438 2894 Verbi
454 2865 500 2894 Dei
516 2866 658 2900 creatoris,
673 2865 786 2901 ejusque
797 2873 858 2893 cum
873 2865 1001 2893 substan-

1049 1599 1109 1618 cum
1124 1592 1196 1619 ferro
1212 1591 1353 1626 ipSumque
1366 1592 1516 1620 subtilitate
1527 1600 1574 1620 sua
1590 1599 1722 1628 penetrat.
1738 1595 1836 1621 simul-

1048 1644 1101 1671 que
1118 1636 1266 1671 conjuncta
1283 1644 1336 1664 una
1351 1637 1419 1664 fiunt
1433 1645 1530 1671 pruna,
1544 1638 1580 1665 ita
1597 1642 1625 1665 ut
1642 1646 1692 1666 nec
1704 1640 1835 1666 alteretnr

1049 1682 1118 1717 ignis
1137 1683 1177 1709 vel
1197 1688 1315 1710 mutetur
1329 1690 1344 1710 a
1361 1682 1514 1710 substantia
1532 1691 1582 1710 sua
1602 1692 1635 1711 ne
1647 1685 1684 1711 sit
1707 1684 1778 1720 ignis
1793 1685 1836 1712 lu-

1048 1735 1124 1760 cens,
1143 1735 1243 1760 urens;
1263 1736 1349 1763 neque
1363 1729 1494 1756 alteretttr
1517 1728 1619 1756 ferrum
1635 1734 1682 1757 aut
1699 1734 1833 1762 mutetur,

1049 1782 1084 1801 ne
1101 1774 1137 1801 sit
1153 1774 1253 1801 ferrum
1276 1774 1452 1801 materiatum
1476 1774 1550 1809 quod
1574 1775 1697 1803 vulneret
1716 1780 1743 1803 et
1759 1777 1834 1804 sein-

1049 1820 1096 1846 dat
1114 1828 1121 1846 :
1140 1821 1234 1847 eodem
1251 1819 1331 1847 modo
1355 1819 1385 1846 iit
1407 1820 1434 1846 in
1451 1820 1526 1847 omni
1552 1821 1665 1848 mistura
1680 1829 1739 1856 qua:
1756 1829 1836 1849 com-

1050 1866 1137 1900 posita
1154 1870 1195 1892 est
1214 1873 1229 1893 e
1244 1865 1326 1893 rebus
1339 1866 1444 1893 duabus
1461 1866 1588 1897 diversis,
1606 1874 1723 1901 quarum
1750 1869 1835 1895 altera

1050 1913 1085 1939 sit
1099 1911 1249 1946 spiritualis
1262 1930 1269 1942 ,
1284 1910 1402 1942 subtilis,
1417 1911 1502 1938 altera
1517 1911 1667 1939 materialis
1683 1918 1709 1939 et
1723 1920 1834 1946 crassa;

1051 1957 1133 1984 veluti
1152 1957 1242 1984 anima
1268 1960 1295 1983 et
1316 1963 1434 1990 corpus;
1453 1955 1523 1990 ignis
1550 1961 1577 1983 et
1600 1956 1721 1990 ferrum;
1745 1958 1786 1985 vel
1809 1964 1837 1985 ut

1050 2005 1102 2036 sol,
1118 2003 1162 2038 qui
1177 2010 1206 2030 se
1222 2002 1358 2029 immiscet
1374 2009 1461 2036 aquae,
1478 2003 1545 2034 luto,
1568 2002 1699 2037 omnique
1713 2004 1836 2031 materiae

1051 2048 1185 2080 humidae,
1204 2052 1232 2074 et
1244 2048 1345 2082 putidas
1357 2066 1365 2078 .
1382 2055 1469 2082 neque
1489 2052 1609 2076 mutatur
1620 2050 1661 2076 vel
1676 2050 1807 2077 alteratur
1821 2057 1837 2077 a

1051 2095 1110 2122 lucc
1128 2093 1260 2120 munditie
1276 2098 1303 2120 et
1319 2093 1435 2128 puritate
1455 2101 1503 2120 sua
1515 2113 1522 2126 ,
1544 2093 1608 2121 licet
1622 2102 1683 2122 cum
1708 2096 1782 2122 omni
1807 2104 1838 2124 re

1051 2140 1140 2174 nigra,
1157 2145 1183 2166 et
1203 2138 1313 2167 sordida
1329 2139 1384 2174 36
1400 2139 1502 2172 putida,
1518 2144 1546 2166 et
1562 2140 1702 2167 immunda
1719 2142 1837 2169 miscea-

1054 2190 1115 2217 tur;
1131 2185 1193 2219 quia
1212 2191 1265 2211 non
1281 2184 1310 2211 fit
1330 2191 1449 2218 unquam
1468 2184 1581 2211 mistura
1599 2185 1650 2212 nisi
1673 2186 1760 2213 tribus
1777 2195 1838 2214 mo-

1017 2235 1040 2263 ι)
1054 2231 1106 2263 dis,
1126 2238 1242 2265 quorum
1260 2237 1329 2257 unus
1344 2234 1388 2258 est
1406 2237 1467 2257 cum
1491 2230 1642 2273 miscentur
1656 2232 1716 2258 duae
1734 2237 1838 2260 natura:

1052 2277 1223 2308 materiales,
1238 2284 1299 2311 quae
1320 2280 1459 2303 mutantur
1473 2280 1500 2303 et
1513 2282 1746 2311 corrumpuntur;
1762 2283 1791 2305 ut
1809 2279 1836 2306 in

1053 2322 1165 2348 mistura
1178 2329 1255 2356 aqum
1271 2326 1298 2348 et
1313 2321 1369 2348 vini
1385 2342 1392 2353 ,
1407 2322 1476 2348 aceti
1495 2327 1522 2349 et
1548 2322 1656 2355 mellis;
1671 2323 1731 2349 auri
1750 2328 1777 2350 et
1794 2331 1839 2350 ar-

1051 2365 1144 2400 genti;
1159 2366 1222 2394 atris
1236 2371 1262 2392 et
1277 2365 1398 2400 plumbi;
1419 2366 1461 2392 lue
1489 2365 1562 2393 enim
1591 2373 1697 2396 omnes.
1723 2375 1785 2394 cum
1812 2369 1837 2395 ἱιΙ

1053 2418 1139 2444 genus
1159 2411 1232 2442 aliis,
1249 2411 1375 2438 alteratio
1394 2415 1458 2438 sunt
1472 2416 1499 2437 et
1512 2411 1667 2445 corruptio;
1685 2412 1748 2446 quia
1766 2415 1838 2447 qumt

1052 2464 1085 2484 ex
1105 2456 1169 2482 vino
1183 2459 1210 2483 et
1227 2463 1296 2490 aqua
1320 2457 1432 2482 mistum
1457 2461 1510 2487 est,
1539 2463 1587 2482 nec
1613 2457 1705 2483 vinum
1730 2463 1771 2485 est
1789 2466 1839 2484 ιιυις

1053 2509 1134 2536 aqua,
1149 2501 1220 2536 quod
1237 2505 1380 2535 utrumque
1392 2508 1486 2528 earum
1503 2509 1518 2528 a
1533 2506 1629 2529 natura
1641 2510 1689 2529 sua
1706 2507 1838 2530 mutatum

1055 2546 1101 2578 sit,
1115 2554 1147 2573 ac
1160 2545 1317 2573 commistio
1330 2545 1453 2579 ipsorum
1470 2545 1541 2573 facta
1557 2546 1668 2573 sitcum
1684 2548 1838 2580 corruptio‘

1053 2599 1088 2619 ne
1107 2591 1228 2626 ipsorum
1246 2595 1272 2618 et
1295 2591 1445 2618 mutatione
1467 2598 1481 2617 a
1506 2596 1578 2618 statu
1604 2599 1653 2619 suo
1668 2600 1676 2618 :
1693 2596 1774 2627 atque
1801 2593 1838 2620 ita

1055 2637 1125 2672 quod
1138 2637 1249 2664 mistum
1263 2639 1308 2663 est
1321 2643 1355 2662 ex
1371 2640 1447 2663 aceto
1464 2641 1490 2662 et
1506 2637 1596 2668 melle,
1615 2637 1715 2664 factum
1731 2643 1771 2664 est
1791 2645 1837 2666 ne-

1053 2689 1105 2716 que
1121 2686 1227 2708 acetum
1242 2700 1250 2712 ,
1263 2688 1354 2714 neque
1369 2681 1432 2716 mel,
1454 2681 1525 2714 quod
1545 2686 1691 2716 utrumque
1707 2690 1802 2710 eorum
1822 2692 1837 2710 a

1053 2731 1125 2755 statu
1144 2734 1194 2754 suo
1213 2729 1345 2752 mutatum
1367 2726 1402 2752 sit
1420 2735 1426 2753 :
1443 2727 1480 2753 ita
1503 2730 1530 2754 et
1556 2728 1582 2754 in
1600 2728 1715 2754 mistura
1730 2729 1789 2755 auri
1812 2734 1838 2756 et

1053 2773 1180 2812 argenti,
1205 2772 1307 2807 plutubi
1335 2776 1362 2799 et
1390 2772 1469 2803 :eris,
1504 2773 1574 2800 haud
1612 2781 1709 2807 purum
1747 2779 1838 2801 manet

1054 2817 1212 2846 utrumlibet
1225 2825 1331 2845 eorum.
1349 2818 1436 2852 Atque
1454 2818 1497 2846 hic
1516 2827 1586 2846 unus
1599 2824 1666 2847 este
1683 2820 1770 2847 tribus
1786 2820 1839 2847 mi-

1054 2863 1151 2893 stionis
1173 2863 1270 2891 modis.
1285 2863 1428 2891 Secundus
1442 2869 1483 2892 est
1499 2865 1590 2893 niistio
1606 2873 1666 2900 qum
1680 2865 1710 2893 fit
1722 2865 1837 2894 seorsim
