2015 3081
194 137 261 168 1039

689 137 889 169 'EUTYCHII
904 136 1173 167 ALEXANDRINI
1192 138 1304 171 PATR.

1751 139 1820 170 ΜΗ

190 191 364 220 manentibus
381 192 487 220 duabus
505 193 608 220 naturis
624 193 818 225 materialibus,
835 194 871 220 ita
888 199 917 220 ut
929 201 975 220 ca-
988 192 1012 222 Α
1026 191 1170 224 Christus,
1193 194 1248 220 duo
1271 191 1392 225 Christi,
1417 191 1560 228 [quorum]
1586 201 1657 220 unus
1679 199 1777 221 natura
1793 201 1818 221 ε’

190 244 248 264 rum
275 237 452 265 subsistentia
472 237 659 272 dignoscatur.
686 239 715 265 lu
744 238 897 266 istiusmodi
921 239 974 265 mi-

187 287 264 310 stura
280 288 394 318 utraque
415 282 530 310 duarum
545 288 703 311 naturarum
721 284 755 311 ab
770 285 859 312 altera»
875 285 974 311 distin-

188 330 282 362 guitur
294 330 473 358 subsistentia
495 337 555 363 sua,
571 335 599 357 et
622 331 729 358 ratione
751 338 816 364 sua;
832 335 915 364 atque
938 331 974 357 ita

187 382 217 401 se
237 375 319 402 habet
332 380 360 402 ut
382 376 472 402 oleum
487 380 515 403 et
530 384 600 411 aqua
617 377 644 403 in
660 376 754 404 eadem
772 378 906 412 lampade,
927 382 975 404 aut

186 420 271 446 linunt
287 424 313 447 et
331 421 450 448 sericum
465 421 491 448 in
504 422 597 449 eadem
610 426 694 454 veste,
712 426 803 456 utpote
818 430 878 457 quae
890 430 906 449 e
919 422 974 449 lino

185 471 324 500 contexta,
342 468 431 494 serico
449 468 543 496 striata
558 469 612 500 sit;
630 473 676 495 aut
691 469 778 495 instar
789 473 884 496 statuae
894 476 975 495 aeneae

186 512 229 539 cui
248 518 330 548 caput
349 514 386 542 sit
402 522 527 548 aureum,
543 515 712 550 aliorumque
724 515 877 550 ejusmodi;
891 523 973 550 quam

187 567 240 586 non
258 560 334 586 decet
349 560 487 595 appellare
501 562 643 588 misturam
657 581 664 593 ,
682 568 743 587 cum
761 560 898 588 distinctae
916 568 975 588 ma-

187 609 271 630 neant
286 605 346 631 dua:
370 609 473 632 natura:
494 610 521 633 et
547 606 742 638 consistentia,
758 605 880 641 37-39
903 606 974 633 sicut

187 658 240 677 ιιοιι
257 655 365 685 oportet
381 655 409 677 ut
425 652 461 678 sit
485 651 555 678 inter
581 659 680 685 aquam
708 657 736 679 et
757 654 918 686 amphoram
947 651 972 678 in

187 703 240 729 qua
258 701 310 726 est,
326 696 436 729 mistio;
452 704 514 723 cum
531 701 630 724 natura
645 697 719 724 vasis
734 697 808 724 illius
822 698 869 727 sit,
886 702 972 730 testa;

185 741 356 774 constitutio,
384 741 467 776 [quod
490 741 537 776 sit]
553 741 702 776 amphora;
726 741 793 768 adeo
820 747 848 768 ιιι
867 749 919 768 non
937 741 974 768 sit

186 787 257 814 inter
275 794 334 813 eam
351 792 378 814 et
393 795 490 822 aquam
507 788 600 815 mistio
611 807 618 820 ,
631 788 678 815 sed
692 791 794 822 quanta
811 787 867 814 fieri
883 789 973 821 potest

186 834 305 860 maxima
320 833 518 868 discrepantia.
537 835 575 861 Ita
596 840 623 862 ct
641 842 710 870 aqua
727 839 754 862 et
779 835 869 862 oleum
883 855 890 867 ,
918 835 970 862 nisi

185 886 233 906 vas
250 879 382 913 lampadis
396 880 422 907 in
439 889 494 916 quo
517 886 582 909 sunt
604 889 635 909 ea
653 881 830 917 coniungeret
842 902 850 914 ,
871 889 973 916 nequa-

185 932 267 959 quam
292 926 455 960 unirentur;
474 931 502 954 at
523 935 578 955 non
603 933 645 956 est
667 928 874 963 [communitas]
899 928 973 956 vasis

184 970 257 997 inter
274 978 305 997 ea
322 971 415 998 tuistio
432 971 606 1008 [censendm]
631 973 764 1000 Similiter
784 981 834 1001 nec
852 973 924 1001 inter
939 974 972 1001 li-

184 1022 248 1041 num
270 1019 297 1042 et
317 1016 434 1043 sericum
450 1017 562 1044 mistura
576 1021 630 1051 est,
645 1025 707 1045 cutn
723 1026 775 1046 non
793 1019 908 1046 invicem
925 1019 972 1046 ad-

184 1060 316 1094 hureant,
330 1062 438 1089 etiamsi
452 1062 478 1089 in
493 1063 588 1091 eadem
607 1064 662 1091 sint
675 1067 770 1097 veste;
785 1072 834 1092 nec
849 1065 919 1092 inter
933 1071 971 1092 aes

186 1111 214 1134 et
238 1113 334 1134 aurum
361 1108 405 1135 ubi
430 1107 548 1136 conﬂata
575 1116 628 1136 non
656 1109 767 1140 fuerint,
794 1109 970 1142 commistio,

183 1153 290 1180 etiamsi
306 1161 337 1180 ea
355 1153 503 1189 conjungat
533 1162 585 1182 una
611 1159 711 1183 statua.
735 1155 781 1182 Ha:
798 1160 888 1183 autem
918 1156 970 1182 mi-

182 1204 266 1226 stum
297 1207 437 1234 nunquam
473 1205 539 1227 sunt
573 1200 623 1226 nisi
648 1208 664 1228 e
690 1201 804 1228 materia
838 1209 969 1236 corporea

181 1251 276 1271 crassa
294 1251 301 1270 :
317 1245 397 1278 cujus
415 1245 439 1271 si
457 1252 520 1278 pars
539 1245 609 1279 parti
634 1241 814 1279 coniungatur
827 1265 835 1278 ,
851 1246 969 1279 exempli

182 1290 268 1323 gratia
283 1290 306 1316 si
321 1290 465 1324 liquefacta
480 1298 518 1317 res
532 1295 557 1317 et
571 1298 668 1318 aurum
682 1292 764 1318 simul
781 1291 967 1323 clTundantur,

180 1333 288 1360 eveniet
304 1335 408 1362 ratione
425 1335 563 1362 mistionis
581 1336 695 1363 mutatio
710 1341 736 1363 et
754 1337 904 1371 corruptio;
921 1345 969 1364 ne-

180 1387 234 1414 que
248 1380 320 1407 enim
336 1385 378 1408 est
393 1381 515 1408 massula
535 1382 587 1409 ista
608 1382 650 1408 vel
675 1389 770 1409 aurum
788 1390 885 1416 purum
900 1403 907 1415 ,
925 1383 968 1410 vel

180 1434 218 1453 aes
233 1433 331 1460 purum
349 1434 356 1452 :
378 1433 411 1453 ac
434 1426 485 1453 nisi
509 1427 704 1460 copularentur
722 1434 754 1454 ac
779 1435 863 1454 unum
887 1427 967 1455 alteri

181 1471 386 1506 adjnngeretur,
405 1478 433 1497 ut
446 1479 505 1498 cum
523 1472 629 1506 torquis
642 1479 672 1498 ex
689 1479 743 1499 aere
763 1479 884 1506 auroque
897 1479 967 1499 con-

1026 239 1207 265 subsistentia
1222 246 1272 266 sua
1292 239 1401 266 divinus
1419 243 1503 271 esset,
1526 239 1615 266 instar
1636 239 1673 266 ﬁli
1694 240 1770 266 aurei
1792 241 1818 266 Ῑιι

1026 288 1124 319 torque
1153 284 1288 319 plicatili,
1320 291 1367 312 aut
1389 286 1477 320 partis
1500 285 1645 313 exterioris
1671 286 1768 313 serica:
1792 286 1818 312 in

1026 335 1100 358 veste
1122 331 1244 366 duplici;
1263 332 1332 359 alter
1351 333 1505 364 humanus,
1529 333 1616 360 instar
1638 331 1676 358 liii
1697 332 1764 359 aenei
1791 333 1817 358 in

1026 379 1141 409 torque.
1163 376 1204 403 vel
1227 378 1313 410 partis
1336 376 1457 412 41-43
1481 377 1621 404 interioris
1645 385 1660 404 e
1688 378 1818 412 gossypio

1025 421 1052 448 iu
1076 427 1162 448 veste.
1188 421 1370 457 Summopere
1394 427 1485 449 autem
1511 423 1666 450 mirandum
1683 427 1725 450 est
1746 430 1818 457 quo-

1025 466 1108 493 modo
1136 475 1190 494 non
1220 469 1373 503 percipiant
1397 468 1542 503 utriusque
1573 470 1682 504 generis
1706 469 1815 496 dissen-

1026 509 1126 537 tientes
1141 518 1173 538 ac
1188 511 1389 546 discrepantes,
1405 520 1496 547 neque
1516 513 1670 548 intelligant
1685 521 1747 541 esse
1761 514 1816 540 duo

1025 555 1077 582 ista
1089 556 1225 584 mistionis
1236 557 1361 594 [geuera]
1380 558 1511 586 misturas
1527 559 1650 586 materia:
1664 567 1813 594 corporczc.

1024 609 1145 636 crassae;
1162 603 1205 630 cui
1222 604 1291 630 nihil
1307 605 1379 632 inest
1396 605 1542 639 spiritalis,
1559 605 1680 638 subtilis,
1711 607 1813 638 tenuis;

1024 649 1147 683 adeoque
1164 657 1218 676 non
1233 657 1315 684 posse
1331 651 1474 678 materiam
1492 659 1615 678 crassam
1628 672 1636 685 ,
1654 654 1721 680 duos
1747 653 1816 680 istos

1024 694 1160 722 mistionis
1186 695 1282 723 modos
1299 696 1404 724 vitare:
1432 697 1456 724 si
1474 697 1546 723 enim
1566 697 1646 724 mista
1662 697 1744 724 fuerit
1764 698 1816 723 mi-

1024 739 1113 766 stionc
1129 748 1190 774 quin
1207 740 1382 768 coalitionem
1400 748 1432 768 ac
1457 741 1686 776 compositionem
1705 740 1815 777 [infert]

1024 785 1056 812 ad
1074 786 1253 813 mutationem
1267 791 1293 813 et
1307 786 1512 821 corruptionem
1527 787 1627 822 vergit;
1651 787 1693 814 sin
1718 789 1812 814 eodem

1024 837 1078 865 quo
1092 830 1260 858 fueratstatu
1275 836 1445 867 permaneat,
1461 840 1550 867 neque
1563 833 1706 865 emitescit,
1723 841 1814 868 neque

1024 880 1268 912 contemperantur
1292 882 1384 913 partes
1410 877 1515 912 ipsius,
1543 878 1663 912 adeoque
1685 886 1741 905 non
1761 879 1813 905 alia

1024 923 1129 950 ratione
1145 923 1295 950 miscentur
1313 931 1394 958 quam
1421 931 1452 950 ea
1469 931 1530 957 qua:
1553 924 1633 950 facile
1650 928 1814 958 separantur

1024 971 1106 1000 atque
1125 967 1311 1000 divelluntur,
1338 967 1444 995 etiamsi
1467 975 1498 994 ea
1525 969 1698 1004 coniunxerit
1724 974 1812 997 statua

1025 1021 1089 1046 una,
1113 1014 1197 1042 vestis
1220 1021 1288 1048 una,
1308 1015 1350 1041 Vel
1370 1022 1418 1042 vas
1442 1023 1539 1041 unum.
1561 1014 1656 1050 Neque
1680 1017 1814 1050 reperitur

1025 1068 1145 1095 unquam
1160 1061 1186 1087 in
1204 1068 1233 1087 re
1251 1061 1342 1095 aliqua
1359 1060 1496 1088 materiali
1512 1068 1644 1096 corporea
1663 1061 1732 1088 alius
1750 1062 1812 1096 quis

1024 1107 1145 1134 misturae
1163 1107 1260 1134 modus
1280 1110 1376 1141 praeter
1393 1107 1460 1134 istos
1475 1107 1556 1140 duos,
1591 1107 1633 1134 vel
1649 1108 1694 1142 qui
1716 1115 1813 1135 corru-

1027 1153 1148 1188 ptionem
1165 1152 1272 1189 [infert]
1284 1152 1323 1180 vel
1345 1153 1556 1187 saparalionem,
1575 1153 1627 1181 nisi
1637 1161 1700 1180 eum
1720 1154 1812 1180 mistio

1024 1200 1143 1226 duorum
1161 1199 1198 1226 sit
1214 1207 1331 1233 quorum
1351 1198 1466 1225 alterum
1483 1199 1622 1225 materiale
1637 1206 1811 1233 corporeum,

1024 1245 1140 1272 alterum
1165 1249 1247 1273 tenue
1267 1245 1302 1272 sit
1325 1249 1352 1272 et
1371 1245 1508 1280 spiritale.
1534 1244 1583 1271 llic
1602 1249 1692 1271 autem
1713 1245 1812 1272 tertius

1021 1294 1063 1316 est
1088 1290 1223 1317 mistionis
1242 1287 1357 1322 modus,
1379 1297 1440 1325 qua:
1461 1294 1488 1317 et
1510 1298 1572 1317 vere
1597 1291 1687 1317 mistio
1712 1295 1753 1318 est
1769 1289 1810 1326 [in

1021 1336 1073 1363 alio
1097 1336 1246 1370 exemplari
1272 1341 1325 1368 est,
1342 1337 1433 1364 mistio
1453 1337 1568 1372 natum]
1593 1337 1695 1372 absque
1711 1338 1810 1364 confu-

1020 1383 1108 1414 sione,
1127 1382 1326 1415 conversione,
1351 1383 1545 1417 corruptione,
1568 1386 1615 1409 aut
1639 1384 1810 1417 separation:

1020 1429 1197 1463 partitionis;
1212 1436 1303 1456 verum
1318 1431 1360 1455 est
1373 1428 1487 1455 mistura
1503 1436 1557 1463 qua
1572 1432 1696 1463 penetrat
1711 1433 1810 1456 natura

1020 1475 1166 1509 spiritalis,
1177 1474 1297 1506 subtilis,
1313 1477 1438 1500 naturam
1451 1474 1621 1500 materialem
1636 1481 1807 1509 corpoream,

180 1517 272 1543 ticitur
284 1536 292 1548 ,
311 1521 384 1544 esset
412 1517 547 1544 mistionis
576 1517 673 1544 modus
693 1518 858 1552 separationi
879 1518 964 1546 obno—
979 1525 1001 1554 ε
1018 1519 1107 1548 donec
1126 1527 1175 1554 per
1195 1520 1281 1555 ipsam
1301 1523 1384 1546 lotam
1407 1519 1588 1551 diffundatur,
1603 1523 1717 1554 totaque
1732 1527 1808 1546 cum-

180 1564 252 1596 xius,
271 1563 317 1598 qui
331 1563 442 1591 nomine
455 1563 592 1591 mistionis
608 1563 736 1598 indignus
751 1569 804 1592 est.

214 1610 304 1644 Atque
321 1611 348 1636 in
367 1610 417 1638 hos
432 1611 501 1638 duos
520 1611 617 1638 modos
634 1611 806 1647 impegerth
820 1612 967 1641 Nestorius

178 1655 293 1690 ejusque
317 1656 439 1687 asseclae.
461 1661 487 1683 et
501 1655 620 1684 Jacobus
640 1661 666 1684 et
682 1657 797 1685 Severus
815 1663 841 1685 et
855 1658 968 1686 Diosco-

181 1707 246 1732 rus,
269 1704 297 1727 et
322 1699 474 1735 Eutycbius
501 1708 653 1735 eorumque
677 1710 820 1737 sequaces.
847 1703 967 1732 Jacobus

180 1747 291 1781 quidem
304 1767 311 1779 ,
330 1754 403 1780 nque
421 1753 537 1781 quorum
559 1748 669 1774 nomina
693 1749 819 1776 recensui
832 1769 839 1781 ,
857 1751 966 1778 mistio-

181 1800 244 1819 nem
262 1792 422 1819 mutationis
438 1796 465 1820 et
481 1793 669 1827 corruptionis
683 1794 820 1828 amplexi,
838 1803 965 1824 asserue-

178 1843 243 1865 runt
265 1841 392 1864 naturam
411 1838 530 1865 divinam
554 1843 581 1865 et
599 1843 724 1866 naturam
745 1840 892 1868 humanam
910 1841 965 1877 40

178 1884 206 1910 in
236 1891 290 1910 ιιιιο
315 1883 426 1910 Christo
448 1883 606 1911 commistas
629 1883 731 1917 fuisse,
757 1886 899 1921 ipsumque
915 1888 965 1914 ha-

177 1930 272 1956 buisse
294 1929 502 1956 subsistentiam
519 1936 601 1956 unam
614 1929 646 1956 in
665 1935 762 1957 natura
780 1939 833 1958 una
851 1939 964 1967 compo-

177 1977 257 2003 sitam
280 1983 312 2003 ex
335 1975 442 2002 duabus
466 1975 572 2002 naturis
593 1975 729 2008 diversis,
747 1977 840 2003 divina
857 1977 964 2005 scilicet

176 2027 203 2049 et
218 2022 356 2054 lmmana;
381 2021 498 2056 professi
518 2029 584 2056 ergo
602 2026 667 2049 sunt
689 2029 736 2050 eas
755 2026 878 2050 mutatas
891 2031 962 2051 esse:

176 2069 296 2096 mutatio
322 2071 414 2094 autem
441 2068 584 2101 corruptio
611 2072 662 2095 est.
693 2068 782 2102 Atque
811 2068 864 2096 hoc
891 2069 965 2096 dicto

175 2114 261 2148 impio
275 2113 321 2141 Dei
336 2117 460 2140 naturam
473 2113 661 2141 accidentibus
673 2117 699 2140 et
711 2114 793 2141 morti
806 2115 963 2142 necessario

175 2160 321 2188 obnoxiam
337 2160 466 2192 reddunt,
483 2167 515 2187 ac
527 2158 666 2187 Christum
684 2167 735 2187 nec
753 2160 838 2188 Deum
856 2169 960 2196 verum,
979 2177 1000 2205 Β

174 2214 227 2234 nec
247 2214 341 2233 verum
365 2206 503 2233 hominem
525 2205 708 2238 constituunt,
724 2205 812 2233 instar
832 2207 960 2235 massula:

175 2259 208 2279 ex
226 2258 295 2278 auro
314 2254 342 2278 et
358 2258 411 2278 tere
433 2250 565 2278 conﬂatm.
588 2249 733 2277 Nestorius
754 2257 820 2277 vero
844 2251 960 2286 ejusque

175 2303 308 2331 sequaces
332 2295 490 2322 mistionem
516 2302 578 2329 quae
604 2294 727 2329 separari
758 2299 841 2329 atque
867 2295 959 2322 divelli

174 2343 264 2378 possit
284 2341 433 2377 aﬂingunt,
449 2345 623 2368 autumantes
641 2340 780 2368 Christum
799 2348 883 2368 unum
897 2347 960 2368 esse

174 2390 284 2418 duabus
314 2387 421 2415 naturis
453 2386 571 2414 diversis
600 2390 793 2418 constantem,
820 2385 911 2413 divina
935 2390 961 2413 et

173 2436 312 2467 humana,
335 2434 458 2468 duasque
486 2433 629 2460 habentem
652 2432 846 2460 subsistentias
869 2437 958 2464 notas,

174 2480 295 2507 divinam
312 2483 394 2514 atque
408 2478 568 2510 humanam,
584 2484 616 2504 ac
632 2477 788 2505 mistionem
804 2481 960 2504 statuerunt

173 2533 234 2560 quae
258 2525 394 2560 separatio
417 2525 471 2557 sit,
496 2526 585 2552 instar
607 2523 713 2558 torquis
734 2530 750 2549 e
776 2522 883 2550 duobus
905 2521 959 2549 filis

172 2579 288 2606 quorum
314 2571 429 2598 alterum
447 2577 561 2597 aureum
578 2570 615 2597 sit
636 2569 753 2596 alterum
769 2575 875 2596 aeneum
892 2574 959 2601 con-

173 2617 258 2652 lecti;
278 2622 325 2644 aut
346 2617 429 2645 vestis
453 2615 588 2650 duplicis,
604 2615 682 2650 cuius
700 2621 765 2650 pars
786 2613 906 2642 exterior
922 2615 959 2642 sit

173 2664 262 2692 serica
288 2664 402 2691 interior
428 2663 594 2698 gossypina,
622 2662 695 2688 inter
721 2668 789 2695 quas
816 2660 891 2688 nulla
916 2664 958 2687 est

172 2710 288 2737 mistura
304 2710 362 2737 sive
378 2713 482 2736 natura:
498 2709 556 2736 sive
572 2708 759 2736 subsistentia
775 2717 783 2735 :
803 2713 891 2741 neque
907 2706 958 2732 hac

173 2753 280 2780 ratione
295 2755 328 2781 ad
349 2754 410 2780 illos
432 2757 538 2788 spectat
558 2752 699 2779 Christum
720 2758 803 2779 unum
825 2749 955 2783 credere;

172 2797 309 2831 siquidem
325 2802 368 2825 est
382 2799 488 2832 torquis
502 2798 693 2832 complicatus,
710 2802 820 2830 torques
836 2796 910 2826 bini,
930 2801 956 2821 et

170 2841 256 2871 vasus
269 2842 381 2873 duelex.
393 2843 463 2870 binas
478 2848 567 2871 vestes
580 2851 586 2874 ;
601 2843 751 2876 eodemque
764 2841 844 2870 modo
860 2839 955 2874 [esset]

1019 1566 1181 1598 misceatur,
1197 1573 1283 1599 neque
1299 1569 1439 1592 remaneat
1453 1567 1531 1592 locus
1547 1565 1602 1601 44
1615 1566 1687 1593 ullus
1703 1571 1810 1593 natum

1021 1610 1172 1638 niaterialis
1186 1617 1290 1638 vacuus
1314 1615 1411 1638 natura
1429 1611 1562 1645 spiritali,
1581 1610 1640 1639 sine
1657 1613 1809 1638 mutatione

1023 1664 1077 1691 qua
1099 1661 1221 1683 mutetur
1245 1657 1287 1684 vel
1311 1656 1443 1690 spiritalis
1463 1663 1478 1682 a
1498 1661 1595 1683 natura
1615 1664 1664 1684 sua
1690 1657 1806 1692 spiritali

1021 1702 1126 1734 subtili,
1136 1701 1180 1730 vel
1193 1709 1324 1738 corporea
1337 1702 1487 1729 materialis
1499 1709 1514 1729 a
1528 1707 1626 1730 natura
1639 1710 1689 1730 sua
1700 1710 1807 1734 crassa,

1020 1747 1174 1779 materiali,
1209 1754 1242 1774 ac
1275 1747 1335 1775 sine
1363 1747 1525 1775 alteratione
1553 1752 1599 1775 aut
1631 1749 1807 1782 corruptione

1022 1793 1174 1824 utriusvis,
1194 1792 1283 1820 instar
1300 1793 1439 1821 tuistionis
1459 1794 1556 1821 animae
1572 1798 1598 1820 et
1618 1795 1740 1829 corporis
1759 1799 1806 1822 aut

1018 1839 1091 1874 ignis
1107 1844 1133 1866 et
1151 1839 1215 1866 ferri
1235 1839 1261 1866 in
1278 1839 1372 1866 eadem
1391 1846 1489 1873 pruna,
1509 1847 1568 1874 quae
1585 1847 1637 1866 una
1651 1844 1694 1866 est
1713 1841 1805 1867 subsi~

1019 1885 1129 1917 stentia,
1147 1892 1163 1911 e
1177 1888 1275 1911 natura
1292 1884 1365 1918 ignis
1379 1884 1522 1917 conjuncta
1538 1892 1570 1911 ac
1589 1884 1728 1912 commista
1742 1893 1803 1912 Cum

1019 1936 1116 1957 natura
1132 1930 1197 1957 ferri
1212 1931 1271 1958 sine
1287 1931 1462 1965 separatione
1477 1935 1524 1957 aut
1537 1931 1681 1964 divisione,
1700 1939 1731 1957 ac
1746 1932 1806 1959 sine

1019 1975 1192 2008 confusione,
1215 1976 1393 2003 conversione
1410 1981 1456 2002 aut
1475 1977 1665 2011 corruptione,
1687 1977 1806 2004 diﬂ‘usus

1019 2027 1061 2049 est
1077 2022 1188 2049 interim
1203 2022 1273 2056 ignis
1290 2030 1338 2056 per
1355 2022 1513 2049 universum
1529 2022 1642 2055 ferrum,
1661 2028 1804 2059 totumque

1018 2067 1127 2101 induit;
1147 2068 1359 2095 communicavit
1376 2068 1458 2096 etiam
1474 2067 1546 2095 ferro
1562 2070 1709 2104 potentiam
1724 2078 1802 2098 suam

1016 2119 1042 2141 ct
1068 2115 1154 2141 lucem
1179 2121 1274 2147 suam,
1297 2118 1326 2142 et
1348 2114 1403 2142 vim
1427 2115 1620 2147 comburendi,
1643 2116 1711 2143 adeo
1732 2121 1804 2144 utet

1017 2161 1108 2187 luceat
1128 2159 1242 2193 ferrum,
1260 2163 1288 2187 et
1302 2164 1381 2193 urat;
1402 2164 1430 2187 at
1444 2160 1514 2187 nihil
1527 2160 1579 2188 sibi
1596 2163 1629 2188 de
1645 2162 1802 2197 impotentia

1014 2203 1079 2231 ferri
1090 2205 1251 2238 assumpsit,
1266 2204 1324 2231 sive
1335 2204 1518 2239 nigredinem,
1531 2205 1587 2233 sive
1601 2206 1696 2240 frigus.
1713 2207 1803 2242 Atque

1014 2249 1164 2276 secundum
1177 2249 1250 2276 hunc
1263 2249 1399 2277 mistionis
1411 2249 1523 2277 modum
1537 2250 1670 2285 disposuit
1683 2250 1801 2278 Verbum

1014 2293 1061 2321 Dei
1079 2301 1188 2325 creans,
1202 2293 1358 2321 tnistionem
1375 2301 1454 2322 suam
1470 2302 1533 2321 cum
1550 2300 1650 2322 natura
1668 2296 1799 2328 humana,

1013 2343 1110 2374 estque
1132 2339 1261 2366 Christus
1286 2346 1374 2371 unus,
1391 2338 1477 2367 Filius
1494 2339 1541 2366 Dei
1558 2340 1667 2373 unicus,
1689 2348 1703 2367 a
1720 2340 1801 2369 Patre

1013 2388 1077 2412 ante
1094 2384 1185 2411 omnia
1200 2384 1298 2411 smcula
1313 2385 1433 2419 genitus,
1448 2384 1539 2412 lumen
1551 2385 1584 2413 de
1596 2385 1711 2418 lumine,
1728 2386 1799 2414 Deus

1011 2437 1092 2456 verus
1103 2429 1137 2456 de
1148 2428 1204 2456 Deo
1216 2436 1292 2462 vero,
1305 2430 1413 2464 genitus
1425 2437 1479 2457 non
1493 2435 1615 2462 creatus,
1627 2429 1662 2458 de
1673 2432 1766 2457 substa
1773 2439 1788 2458 ιι

1012 2475 1049 2501 tia
1066 2479 1093 2502 et
1110 2479 1208 2502 natura
1224 2474 1312 2502 Patris
1329 2475 1383 2507 sui,
1404 2480 1485 2509 atque
1503 2475 1562 2509 ipse
1579 2475 1648 2502 idem
1666 2479 1747 2503 natus
1765 2485 1796 2505 ex

1010 2520 1096 2548 Maria
1111 2520 1222 2555 Virgine
1238 2521 1266 2548 in
1282 2520 1335 2547 ﬁne
1351 2521 1493 2555 temporis,
1503 2520 1530 2547 in
1543 2521 1719 2548 subsistentia
1734 2529 1796 2554 una,

1010 2567 1161 2603 [videlicet]
1175 2566 1355 2594 subsistentia
1372 2566 1434 2593 Filii
1451 2566 1496 2593 Dei
1513 2567 1658 2601 uniciqnae
1672 2575 1798 2602 compre-

1010 2613 1105 2641 hendit
1117 2613 1185 2640 duas
1199 2612 1280 2640 simul
1295 2618 1428 2644 naturas;
1445 2612 1565 2639 divinam
1582 2620 1643 2647 qua:
1657 2620 1798 2647 nunquam

1009 2666 1063 2686 nou
1079 2658 1149 2691 fuit,
1175 2659 1203 2685 in
1226 2658 1377 2693 principio,
1397 2661 1424 2684 et
1441 2663 1504 2685 ante
1516 2665 1596 2684 omne
1615 2658 1795 2692 principium;

1009 2709 1035 2730 et
1054 2704 1213 2735 humanam,
1232 2711 1291 2737 qute
1309 2703 1378 2730 facta
1395 2707 1436 2730 est
1454 2703 1481 2729 in
1503 2703 1555 2730 ﬁne
1575 2704 1715 2737 temporis,
1734 2703 1797 2730 sub-

1008 2750 1106 2776 sistere
1122 2748 1192 2775 facta
1211 2756 1258 2783 per
1275 2749 1482 2776 subsistentiam
1502 2754 1644 2780 aeternam,
1665 2753 1762 2780 estque
1775 2748 1797 2775 is

1006 2793 1127 2829 45-47
1152 2793 1277 2821 Christus
1303 2801 1374 2820 unus
1399 2793 1578 2820 subsistentia
1605 2800 1658 2819 una
1684 2797 1795 2825 aeterna,

1007 2843 1074 2868 duas
1090 2839 1191 2867 habens
1207 2844 1319 2867 naturas
1333 2858 1341 2872 ,
1357 2839 1493 2883 mitram,
1510 2846 1571 2872 qua.-
1587 2844 1724 2873 nunquam
1740 2845 1794 2865 non

1450 2981 1469 3000 ri
