2015 3081
227 182 291 214 luit

944 185 1132 218 ANNALES.

1785 194 1853 225 10ίὲ

225 238 296 270 fuit;
313 241 340 265 ct
356 238 504 266 humanam
517 261 523 272 ,
542 247 623 274 quam
648 241 699 269 sibi
721 241 840 273 creavit,
864 246 894 269 ut
909 243 933 270 ei
951 243 1012 269 uni—
1028 242 1051 270 Δ
1067 243 1220 272 subsistere
1237 244 1300 272 fecit
1317 245 1491 274 subsistentia
1510 254 1559 274 sua
1571 268 1578 280 .
1608 247 1716 283 sibique
1738 257 1765 276 In
1783 254 1852 278 tem-

224 290 310 316 rt‘llll‘,
335 292 369 312 ex
386 285 471 313 Maria
495 286 617 321 Virgine.
641 288 743 324 Estque
765 289 944 317 subsistentia
968 291 1013 318 illa

224 330 311 365 ipsius
325 331 505 359 subsistentia
523 337 628 360 naturae
640 333 739 361 divina:
751 339 777 361 et
794 340 900 362 naturae
917 336 1013 364 imma-

224 383 280 406 [ιω.
306 382 449 412 utramque
468 379 706 413 comprehenderis
722 380 782 408 sine
802 381 929 409 mistione
946 382 1012 411 alte-

222 423 340 456 rationi,
369 427 417 452 aut
439 425 616 459 corruptione
639 427 807 461 separationi
827 431 854 454 et
881 428 1010 458 divisioni

221 468 351 498 obnoxia.

257 513 317 542 Non
335 516 415 544 desiit
430 517 610 546 subsistentia
627 525 733 547 natura:
751 521 851 549 divina:
865 529 926 551 esse
942 524 1011 551 sub~

222 559 346 588 sistentia
371 567 475 590 natura:
500 564 625 592 humana:
641 574 703 593 cum
729 566 817 602 ipsam
842 574 967 601 crearet,
984 575 1011 598 et

223 604 323 633 laceret
347 614 395 640 per
409 608 617 637 subsistentiam
633 618 710 638 suam
726 611 786 639 sine
801 619 856 647 qua
872 621 926 640 non
944 615 1011 642 sub-

222 651 305 683 sistit.
321 660 431 686 quaque
447 659 560 689 excepta
579 663 634 683 non
653 661 695 684 est
709 657 755 684 alii
768 659 888 693 cognita.
907 658 1010 695 Estque

221 703 279 730 ipse
303 697 430 727 Christus
451 708 524 728 unus
549 706 612 730 ante
633 703 870 738 incarnationem,
899 709 926 733 et
949 712 1010 741 post

221 742 452 778 incarnationem.
465 747 523 780 ipse
536 747 608 775 idem
624 749 732 784 genitus
744 757 758 777 a
772 749 853 778 Patre
865 751 892 779 in
905 753 1010 782 unitate

222 796 345 823 persona:
375 791 531 826 ﬂiiationis,
559 793 663 823 habens
687 796 869 824 substantiam
887 798 1008 827 divinam

220 835 385 871 simplicem,
408 844 472 865 ante
487 840 578 868 omnia
595 842 710 874 szecuia,
725 843 785 871 sine
800 849 904 878 matre;
919 845 1008 873 idem-

221 889 274 916 que
291 887 373 912 natus
384 891 417 912 ex
432 884 518 913 Maria
533 887 638 915 ultimis
654 889 823 924 temporibus
843 891 904 919 sine
918 891 1008 925 Patre,

221 926 248 952 in
264 928 368 955 unitate
382 929 504 964 ejusdem
521 931 609 966 ipsius
625 939 762 967 personze,
776 942 792 961 e
805 936 913 964 duabus
928 937 1009 965 simul

220 973 385 1002 substantiis
410 982 558 1010 constans,
583 978 675 1006 divina
699 984 726 1007 et
751 980 869 1009 humana
884 1002 891 1014 ,
913 984 941 1011 in
964 984 1008 1011 illa

221 1026 336 1052 persona
355 1021 508 1056 conjunctis
521 1044 529 1055 ,
548 1023 675 1053 Christus
695 1035 780 1060 unus,
796 1031 822 1055 et
839 1028 909 1056 illius
925 1038 1008 1063 unus,

220 1072 301 1098 quem
320 1067 456 1096 allocutus
471 1073 512 1096 est
529 1069 611 1099 Pater
628 1079 643 1099 e
663 1073 740 1100 caelis
757 1073 862 1102 duobus
881 1075 907 1103 in
929 1076 1007 1110 locis,

220 1112 326 1139 scilicet
353 1112 437 1142 ﬂuvio
463 1114 590 1144 Jordanis
618 1118 662 1146 die
690 1119 830 1154 baptismi,
862 1126 890 1149 et
916 1128 1008 1151 monte

220 1155 332 1185 Thabor
345 1159 388 1187 die
401 1161 662 1196 transﬂguratiouis,
676 1165 787 1193 dicens:
806 1166 857 1193 Hic
871 1172 909 1194 est
922 1167 1008 1196 Filius

221 1209 292 1228 meus
316 1202 427 1232 dilectus
447 1206 474 1232 in
509 1215 560 1242 quo
581 1208 645 1235 mihi
669 1211 818 1244 eomplacui
836 1213 855 1246 ',
890 1220 1007 1248 eumque

219 1249 394 1283 compellavit
409 1251 502 1287 Maria,
520 1252 655 1290 [dicens]:
673 1255 723 1283 Fili
738 1257 794 1289 mi,
808 1265 860 1285 non
878 1263 920 1286 est
934 1260 1005 1289 illius

219 1293 320 1327 Patris,
343 1296 430 1329 alius;
444 1302 471 1324 et
496 1299 569 1327 illius
582 1300 689 1333 Marias,
707 1302 796 1336 alius;
818 1304 890 1331 absit
911 1312 940 1333 ut
956 1307 1006 1334 hoc

218 1339 341 1368 dicatur!
370 1350 424 1369 non
453 1345 525 1371 enim
555 1350 709 1375 nascuntur
739 1353 863 1383 naturas;
892 1359 955 1379 nam
981 1353 1005 1380 si

218 1390 326 1420 pareret
338 1388 436 1416 mulier
446 1395 582 1424 naturam,
594 1400 706 1421 necesse
720 1400 793 1422 esset
805 1395 897 1432 ut“
911 1405 1006 1427 omnes

219 1431 347 1459 ria-lieres
359 1438 496 1468 parerent,
508 1443 570 1463 cum
588 1445 640 1464 una
659 1442 757 1466 natura
771 1431 866 1469 omnes
881 1431 1006 1474 homines

217 1478 433 1510 comprehendat
447 1488 454 1510 ;
475 1481 522 1508 sed
540 1488 695 1510 nascuntur
708 1491 832 1518 personae
847 1496 854 1515 :
872 1494 922 1515 nec
935 1490 1006 1524 parit

217 1522 317 1549 mulier
340 1523 409 1552 duas
434 1533 564 1560 personas
585 1535 663 1562 partu
685 1537 757 1563 uno,
783 1532 837 1560 nisi
860 1522 1005 1563 cumruni-

1064 290 1137 326 plum
1153 291 1271 323 creavit,
1287 298 1350 318 cum
1368 299 1423 319 nou
1439 298 1512 320 esset
1529 293 1687 322 humanitas
1703 295 1755 322 ista
1773 301 1850 323 antc-

1063 342 1145 369 quam
1162 336 1296 364 resideret
1312 337 1430 365 Verbum
1448 338 1494 365 Dei
1511 339 1538 365 in
1556 339 1652 370 Maria,
1671 348 1761 376 neque
1775 349 1851 368 crea-

1063 385 1151 414 retur,
1174 390 1263 419 neque
1285 384 1339 412 ulla
1363 385 1450 418 ipsius
1471 386 1650 413 subsistentia
1678 391 1740 413 nota
1763 393 1849 419 esset,

1062 426 1151 456 donec
1177 429 1204 456 in
1231 430 1317 465 ipsam
1342 431 1475 458 resideret
1497 431 1678 460 subsistentia
1704 433 1764 460 Filii
1793 433 1850 463 Dei,

1062 480 1124 507 qua:
1139 473 1210 502 facta
1224 480 1266 503 est
1280 476 1332 511 ipsi
1351 477 1539 504 subsistentia.
1556 477 1650 512 Neque
1666 485 1784 511 unquam
1800 478 1852 505 luit

1061 523 1127 545 caro
1144 518 1214 551 ista,
1232 527 1266 547 ex
1282 528 1336 554 quo
1353 521 1414 554 fuit,
1435 522 1488 549 alia
1508 530 1589 558 quam
1608 530 1673 550 caro
1688 521 1772 550 Verbi
1790 523 1849 555 Dei;

1061 572 1151 599 neque
1176 573 1309 601 unquam,
1337 575 1370 594 ex
1398 575 1453 602 quo
1468 568 1516 595 l'uit
1545 575 1610 596 caro
1634 568 1724 595 anima
1747 568 1850 595 intelli-

1061 611 1133 643 geuti
1158 611 1284 639 rationali
1308 613 1435 647 praedita,
1462 613 1541 641 aliter
1565 613 1661 640 habuit
1681 621 1764 648 quam
1786 620 1851 640 caro

1062 656 1142 684 Verbi
1159 657 1216 689 Dei,
1233 665 1322 692 neque
1337 659 1417 685 aliter
1431 664 1495 686 nota
1512 663 1554 688 est
1567 666 1688 694 unquam
1705 666 1786 692 quam
1801 666 1850 692 per

1061 703 1268 731 subsistentiam
1284 703 1367 732 Verbi
1384 704 1447 738 Dei;
1466 709 1510 732 est
1525 705 1608 738 igitur
1622 705 1680 740 ipse
1696 704 1783 732 Filius
1802 703 1849 730 Dei

1060 749 1160 777 unicus
1172 756 1187 776 ιι
1200 749 1281 778 Patre
1301 750 1360 778 sine
1373 755 1460 779 matre
1479 751 1598 787 genitus,
1616 758 1630 778 a
1645 755 1731 778 matre
1744 749 1848 786 [natus]

1061 794 1121 822 siue
1138 795 1229 829 Patre,
1245 796 1372 832 idemque
1386 797 1473 825 Filius
1487 798 1543 831 Dei,
1557 801 1584 825 et
1598 796 1683 824 Filius
1695 796 1798 823 Mariae.

1096 842 1193 870 Unitas
1209 846 1300 871 autem
1316 843 1351 872 ob
1366 844 1574 872 subsistentiam
1588 850 1630 871 est
1642 850 1703 871 cum
1720 842 1848 870 Christus

1024 906 1049 937 Β
1062 889 1130 918 (luas
1143 889 1247 918 habens
1260 894 1374 918 naturas
1388 890 1536 925 perfectas,
1550 889 1705 919 substantia
1718 887 1849 915 dili‘cren-

1062 939 1114 968 tes,
1131 943 1248 970 quarum
1266 941 1381 972 utraque
1394 944 1428 964 ex
1443 937 1501 964 suis
1520 936 1636 965 seorsim
1654 934 1807 962 actionibus
1823 938 1850 961 et

1060 981 1203 1009 voluntate
1225 989 1275 1009 sua
1294 982 1401 1017 cognita
1420 986 1480 1013 est,
1503 989 1565 1008 cum
1589 981 1708 1016 ipsarum
1733 984 1849 1013 utraque

1060 1027 1201 1055 voluntate
1222 1034 1271 1055 sua
1288 1028 1368 1060 velit,
1386 1032 1412 1056 et
1429 1028 1585 1055 actionibus
1603 1028 1662 1055 suis
1679 1030 1753 1061 agat.
1770 1024 1847 1058 Quod

1060 1071 1083 1099 si
1101 1071 1229 1100 Christus
1249 1080 1321 1100 unus
1341 1075 1414 1100 esset
1429 1073 1488 1100 sine
1505 1073 1610 1100 unitate
1624 1078 1766 1106 personae.
1784 1077 1846 1097 cum

1059 1124 1090 1145 ea
1110 1125 1162 1152 qua
1186 1118 1318 1152 pra‘ditus
1340 1123 1382 1146 est
1404 1123 1566 1145 naturarum
1591 1115 1776 1152 discrepantia
1793 1122 1847 1141 nou

1059 1163 1218 1191 conveniret
1243 1167 1272 1190 ut
1288 1172 1358 1191 unus
1375 1163 1532 1196 haberetur,
1548 1163 1599 1190 nisi
1618 1167 1744 1189 naturam
1761 1161 1847 1195 ipsius

1058 1211 1289 1245 complecteretur
1303 1211 1483 1238 subsistentia
1501 1217 1566 1237 una.
1588 1209 1728 1244 Siquidem
1747 1215 1846 1235 nume-

1058 1263 1105 1283 rus
1120 1256 1192 1283 cadit
1206 1255 1232 1283 iu
1245 1256 1444 1290 personas,etsi
1458 1255 1541 1282 fuerit
1562 1260 1660 1282 natura
1677 1261 1729 1280 una
1742 1261 1749 1286 ;
1766 1260 1846 1279 secus

1058 1301 1111 1336 52
1126 1301 1199 1328 enim
1222 1309 1277 1328 non
1298 1301 1408 1329 caderet
1426 1307 1557 1328 numerus
1574 1300 1602 1327 in
1626 1299 1757 1327 unitatem
1779 1299 1847 1326 sub-

1058 1348 1165 1375 stantia:
1183 1348 1228 1375 Dei
1248 1347 1291 1383 [ut
1303 1347 1386 1383 esset]
1403 1347 1543 1378 Trinitas.
1560 1353 1622 1373 cum
1642 1346 1677 1373 sit
1698 1345 1756 1380 ipse
1773 1351 1846 1371 unus

1057 1392 1141 1420 Deus.
1154 1392 1277 1420 Trinitas
1291 1400 1356 1420 vero
1369 1393 1396 1419 iu
1409 1399 1542 1426 personas
1555 1391 1640 1419 cadit.
1656 1390 1750 1426 Neque
1763 1389 1846 1416 cade-

1056 1442 1099 1466 ret
1114 1446 1246 1466 numerus
1263 1439 1290 1465 in
1309 1439 1452 1470 homines,
1469 1445 1522 1472 qua
1539 1438 1618 1464 multi
1636 1440 1796 1471 repulentur
1812 1436 1846 1463 ob

1057 1484 1264 1511 multitudinem
1276 1503 1283 1515 ,
1300 1491 1363 1511 cum
1379 1491 1425 1511 eos
1439 1483 1652 1518 comprehendat
1665 1487 1761 1510 natura
1779 1489 1844 1513 una;

1056 1529 1192 1565 siquidem
1212 1536 1307 1557 omnes
1322 1537 1394 1556 unus
1411 1529 1490 1556 homo
1503 1532 1614 1562 essent;
1638 1536 1731 1555 verum
1751 1535 1846 1562 perso-

217 1568 317 1603 cuique
335 1578 460 1604 persona:
478 1573 514 1600 sit
530 1578 625 1608 partus
639 1577 764 1609 seorsim,
781 1583 809 1605 ut
827 1579 854 1606 in
871 1581 1003 1614 gemellis,
1017 1573 1040 1605 C
1057 1584 1154 1603 narum
1169 1575 1308 1603 distinctio
1324 1576 1350 1602 in
1363 1582 1445 1602 causa
1459 1579 1542 1602 estut
1560 1574 1637 1601 multi
1653 1578 1844 1601 numerentur.

216 1614 274 1642 Nec
296 1617 424 1645 convenit
441 1623 470 1646 ut
493 1619 549 1647 sint
572 1621 616 1648 uni
635 1629 755 1657 unquam
773 1625 812 1652 rei
827 1625 899 1653 bina:
917 1628 1006 1655 subsi-

215 1661 323 1689 stentiae
341 1664 449 1696 mistas;
470 1671 566 1693 natura
588 1668 660 1695 enim
684 1671 895 1704 comprehendit
915 1673 1006 1702 subsi-

216 1707 342 1735 stentias.
360 1709 502 1741 Quomodo
516 1719 581 1747 ergo
598 1713 645 1740 liat
660 1718 688 1741 ut
705 1715 890 1744 subsistentia:
907 1724 1005 1747 natura

216 1752 331 1781 diversas
353 1754 435 1782 simul
457 1757 663 1793 conjungantur
686 1760 712 1787 in
734 1760 847 1789 Christo
869 1771 925 1790 uno
942 1771 1004 1792 cum

216 1797 463 1827 subsistentiarum
494 1801 670 1830 differentia?
702 1803 887 1833 Subsistentia
913 1811 1004 1834 autem

216 1848 295 1872 actus
312 1850 353 1872 est
371 1847 586 1881 superioritatis.
605 1848 633 1876 Si
650 1857 714 1885 ergo
726 1850 852 1878 Christus
868 1851 938 1880 duas
954 1852 1004 1879 ha-

217 1889 278 1917 leat
298 1895 413 1920 naturas
433 1892 568 1925 diversas,
594 1894 666 1922 sicut
683 1903 777 1922 verum
798 1900 854 1929 est,
874 1905 906 1924 ac
923 1898 1006 1925 simul

216 1934 331 1964 haberet
357 1939 427 1966 duas
451 1940 647 1968 subsistentias
677 1941 819 1974 diversas,
849 1947 905 1970 tum
936 1943 1004 1971 illud

216 1983 287 2016 quod
315 1983 402 2018 ipsum
428 1985 607 2020 coniungeret
630 1986 695 2022 [quo
721 1996 792 2016 unus
818 1988 904 2024 esset]
931 1989 1005 2017 aliud

215 2033 290 2056 esset
307 2034 406 2063 prmter
421 2031 490 2059 duas
511 2036 626 2060 naturas
638 2052 645 2065 ,
662 2041 694 2061 ac
711 2034 779 2061 duas
798 2034 1003 2069 subsistentias;

215 2076 295 2110 quale
313 2076 380 2103 nihil
406 2078 519 2105 omnino
541 2079 686 2113 reperitur.
713 2079 822 2108 Scimus
845 2085 934 2109 autem
951 2090 1004 2109 non

215 2128 278 2147 esse
295 2127 421 2148 naturam
443 2122 546 2158 absque
566 2131 701 2158 persona;
720 2132 770 2152 nec
791 2129 882 2153 tamen
899 2130 940 2153 est
956 2134 1005 2153 ua-

216 2173 276 2194 tura
300 2168 327 2195 in
349 2176 404 2196 una
421 2169 553 2206 [tantum]
574 2178 704 2206 persona.
726 2171 830 2199 Natura
849 2172 921 2199 enim
950 2180 1004 2199 una

214 2215 425 2249 comprehendit
441 2216 533 2250 plures
549 2224 691 2251 personas,
708 2221 736 2244 at
752 2225 869 2252 persona
883 2224 935 2244 una
949 2225 1003 2246 non

214 2261 424 2296 comprehendit
447 2267 585 2290 naturam.
604 2261 706 2290 Natura
729 2268 820 2290 autem
838 2263 941 2292 Christi
960 2265 1003 2292 di-

213 2308 277 2334 vina
293 2311 396 2334 aeterna
411 2315 550 2342 nunquam
568 2308 744 2336 subsistentia
759 2317 808 2336 sua
823 2310 931 2343 caruit;
947 2310 1003 2344 jam

214 2353 393 2380 subsistentia
415 2353 466 2380 ista
481 2361 511 2381 ea
528 2359 570 2381 est
591 2362 652 2389 qua:
672 2355 852 2382 immanitatis
872 2360 1002 2383 naturam

213 2400 264 2426 sibi
286 2403 456 2435 assumptam
472 2401 608 2433 adjuuxil,
628 2400 734 2434 fuitque
751 2401 802 2435 ipsi
822 2401 1003 2430 subsistentia

212 2446 247 2473 ab
262 2454 293 2473 eo
309 2453 398 2479 usque
414 2452 538 2480 tempore
557 2454 614 2481 quo
633 2454 686 2474 non
705 2447 756 2474 fuit
772 2451 836 2474 ante
852 2447 1002 2475 habitatio-

213 2499 275 2518 nem
299 2499 424 2526 personm
446 2492 527 2519 istius
549 2491 649 2520 divina:
673 2492 701 2519 iu
721 2491 807 2520 Maria
832 2493 858 2520 in
881 2500 936 2528 qua
956 2493 1002 2521 ubi

213 2537 344 2564 habitavit
361 2537 427 2564 fecit
441 2545 474 2564 ex
487 2537 546 2572 ipsa
561 2537 723 2570 essentiam,
735 2538 861 2565 videlicet
875 2541 1001 2566 naturam

211 2583 373 2615 humanam,
391 2591 472 2617 quam
494 2583 672 2611 subsistentia
689 2590 739 2611 sua
759 2583 909 2611 subsistere
927 2583 1000 2617 fecit,

211 2632 238 2654 et
259 2627 398 2655 (leilicavit
419 2628 484 2654 dum
506 2627 556 2662 ipsi
579 2627 728 2655 essentiam
744 2627 852 2661 tribuit,
875 2627 998 2663 49-51

212 2673 270 2700 lucc
288 2677 378 2700 autem
391 2693 397 2705 ,
414 2674 520 2701 scilicet
536 2673 609 2708 quod
626 2674 712 2708 ipsam
730 2675 925 2708 assumpserit,
938 2682 1000 2702 esse

211 2718 307 2746 fecerit
323 2727 355 2746 ac
375 2719 562 2751 doilicaverit,
584 2719 675 2746 omnia
693 2719 774 2747 simul
791 2719 918 2752 fuerunt,
935 2720 999 2747 dum

210 2764 408 2792 humanitatem
417 2765 518 2793 Christi
531 2765 676 2792 habentem
685 2765 904 2798 subsistentiam,
917 2773 999 2799 quam

209 2815 305 2839 notum
319 2815 361 2839 est
376 2819 435 2839 esse
450 2811 658 2840 subsistentiam
677 2810 736 2838 Filii
752 2811 809 2843 Dei,
826 2816 997 2846 assumptam

249 2901 366 2930 ‘Matth.
384 2911 425 2935 ιιι,
446 2902 494 2935 l7;
513 2901 578 2929 Luc.
597 2910 637 2934 ιιι,
653 2901 698 2929 Q2.
729 2901 738 2916 ’
754 2901 833 2928 Joan.
851 2908 870 2934 t,
890 2900 900 2926 l
919 2908 982 2935 sqq.

1057 1621 1136 1655 Quod
1158 1621 1181 1649 si
1204 1621 1314 1649 Christo
1335 1621 1396 1648 duae
1420 1628 1544 1655 personae
1565 1620 1717 1647 tribuenda:
1740 1623 1844 1651 essent,

1057 1671 1224 1702 competeret
1245 1667 1283 1694 illi
1300 1674 1432 1694 numerus
1454 1667 1591 1697 binarius.
1607 1674 1639 1694 ac
1656 1666 1784 1693 Triuitati
1801 1666 1844 1692 di-

1057 1713 1181 1741 vinitatis
1201 1713 1418 1748 quadruplleitas
1435 1721 1496 1740 cum
1512 1719 1527 1739 a
1547 1711 1680 1740 Trinitate
1700 1712 1732 1739 ad
1748 1719 1845 1738 nume-

1057 1767 1117 1786 rum
1132 1759 1338 1794 qualernarium
1352 1764 1561 1794 promoveretur
1572 1762 1655 1793 atque
1669 1759 1695 1785 iu
1707 1765 1737 1785 ea
1753 1758 1844 1784 auctio

1056 1804 1145 1832 locum
1163 1805 1284 1832 haberet.
1302 1804 1397 1839 Neque
1413 1805 1591 1838 perficeretur
1606 1804 1759 1839 baptismus
1773 1804 1844 1831 trina

1056 1850 1244 1882 immersione,
1256 1857 1338 1885 quam
1351 1851 1480 1885 praecepit
1491 1850 1618 1877 Christus
1630 1850 1761 1884 apostolis
1774 1851 1850 1881 suis,

1057 1895 1184 1922 videlicet
1206 1899 1235 1922 ut
1259 1895 1432 1930 baptizarent
1446 1903 1509 1922 eum
1531 1895 1579 1930 qui
1602 1895 1727 1922 crederet
1749 1895 1775 1921 in
1795 1902 1846 1921 no-

1055 1942 1130 1969 mine
1152 1941 1242 1969 Patris
1275 1946 1303 1969 ct
1330 1941 1392 1968 Filii
1418 1945 1445 1968 et
1470 1940 1591 1976 Spiritus
1604 1941 1705 1968 sancti.
1732 1941 1845 1968 Deceret

1055 1987 1129 2015 enim
1147 1995 1196 2015 eos
1216 1987 1261 2022 qui
1287 1990 1431 2013 autumant
1450 1986 1591 2014 Christum
1609 1986 1678 2014 duas
1697 1994 1759 2013 esse
1779 1987 1845 2013 sub-

1056 2034 1208 2066 sistentias,
1220 2038 1317 2068 quater
1328 2034 1398 2060 inter
1410 2032 1604 2067 baptizandum
1622 2032 1767 2066 intiugerc,
1781 2038 1841 2057 cum

1056 2079 1168 2107 nomina
1189 2079 1258 2106 trina
1270 2099 1277 2112 ,
1296 2079 1351 2106 sint
1368 2086 1493 2114 personae
1510 2078 1596 2106 Patris
1615 2083 1641 2105 et
1658 2077 1718 2104 Filii
1736 2082 1763 2104 et
1779 2077 1842 2110 Spi-

1056 2126 1127 2152 ritus
1151 2124 1260 2158 sancti,
1286 2132 1403 2159 quorum
1428 2123 1540 2151 nomine
1561 2129 1602 2151 ter
1624 2130 1694 2157 aqua
1720 2122 1842 2156 tingitur.

1055 2171 1134 2204 Quod
1161 2171 1185 2198 si
1208 2176 1328 2206 quatuor
1351 2174 1446 2198 essent
1470 2177 1609 2205 personae,
1636 2176 1750 2196 necesse
1770 2172 1843 2194 essot

1057 2222 1154 2252 quater
1180 2216 1322 2252 immergi,
1348 2224 1428 2244 secus
1451 2223 1506 2243 non
1531 2215 1558 2242 in
1581 2219 1667 2242 totum
1691 2214 1842 2245 Christum,

1057 2271 1137 2298 quem
1157 2263 1227 2290 duas
1241 2270 1303 2290 esse
1323 2270 1456 2296 personas
1478 2261 1565 2293 dicit,
1583 2260 1777 2294 baptizaretur,
1796 2260 1842 2286 sed

1056 2309 1084 2336 in
1100 2308 1243 2336 dimidium
1268 2308 1372 2342 ipsius.
1396 2308 1497 2335 omissa
1521 2307 1628 2334 scilicet
1648 2306 1733 2333 altera
1755 2305 1845 2333 subsi-

1056 2354 1221 2381 stentiarum
1237 2353 1324 2388 ipsius
1342 2353 1370 2380 in
1390 2360 1472 2387 quam
1491 2352 1563 2379 haud
1581 2351 1662 2378 fuerit
1677 2350 1842 2385 baptizatus.

1053 2400 1109 2434 jam
1139 2406 1205 2433 ergo
1229 2398 1406 2425 manifestqu
1431 2401 1474 2424 est
1499 2397 1639 2424 Christum
1663 2403 1747 2423 unum
1771 2401 1864 2427 esse,1

1056 2449 1120 2473 ante
1135 2452 1216 2480 quem
1239 2452 1293 2471 non
1317 2443 1400 2471 fuerit
1422 2443 1550 2471 Christus
1568 2442 1654 2474 alius,
1675 2449 1763 2476 neque
1784 2446 1845 2476 post

1055 2491 1146 2525 ipsum
1162 2490 1270 2517 futurus
1285 2489 1320 2516 sit
1333 2489 1415 2516 alius.
1427 2487 1547 2516 Verbum
1558 2487 1631 2515 enim
1644 2486 1690 2514 Dei
1706 2492 1844 2520 nunquam

1056 2535 1178 2572 53-55
1193 2543 1247 2563 non
1265 2535 1316 2563 fuit
1330 2543 1364 2563 ex
1385 2542 1440 2570 quo
1462 2541 1601 2569 nunquam
1619 2541 1673 2560 non
1695 2531 1747 2559 fuit
1763 2531 1845 2558 Pater

1056 2583 1155 2617 ipsius,
1170 2587 1257 2616 neque
1275 2587 1395 2615 unquam
1411 2579 1463 2607 fuit
1478 2579 1550 2607 Deus
1569 2577 1628 2606 sine
1639 2576 1741 2607 Verbo.
1756 2581 1844 2609 neque

1055 2635 1175 2662 unquam
1191 2626 1392 2661 separationcm
1408 2632 1505 2660 passus
1520 2628 1572 2656 est,
1586 2623 1658 2651 sicut
1672 2622 1739 2650 dicit
1755 2620 1843 2648 Evan-

1055 2674 1154 2709 gelium
1163 2681 1171 2700 :
1179 2671 1211 2700 In
1220 2672 1347 2707 principio
1359 2671 1408 2706 fuit
1425 2670 1579 2702 Verbum,et
1587 2669 1697 2696 Verbum
1709 2673 1844 2701 nunquam

1055 2719 1168 2753 nonfuit
1184 2719 1254 2753 apud
1266 2717 1358 2750 Deum,
1372 2721 1396 2744 et
1408 2717 1477 2744 Deus
1493 2723 1629 2750 nunquam
1642 2722 1694 2740 non
1707 2713 1758 2747 fuit
1780 2711 1842 2738 Ver-

1054 2766 1127 2796 bum.
1148 2765 1237 2791 omnia
1254 2772 1301 2799 per
1315 2764 1402 2798 ipsum
1418 2762 1491 2797 facta
1505 2765 1578 2793 sunt.
1595 2764 1619 2788 et
1634 2761 1731 2795 absque
1745 2767 1774 2786 eo
1790 2766 1842 2784 non

1050 2811 1151 2844 factum
1164 2815 1201 2838 est
1221 2809 1260 2837 vel
1273 2817 1353 2837 unum
1369 2817 1460 2837 eorum
1473 2815 1532 2843 qua
1545 2807 1616 2834 facta
1629 2811 1690 2834 sunt
1705 2806 1727 2833 '.
1741 2804 1842 2832 Deinde

1181 3054 1184 3060 .
1194 3031 1231 3058 ἑ(
