2015 3081
193 175 260 208 1043

697 179 883 210 ΕΠΤΥΟΙΙΙῘ
903 180 1174 213 ALEXANDRINI
1192 183 1301 214 ΡΑΤΗ.

1741 187 1808 220 tati

188 231 290 258 addens
304 231 382 259 dicit:
399 232 430 258 Et
447 231 556 259 Verbum
571 234 716 268 factumest
732 242 806 265 mro,
821 239 844 260 et
860 241 976 261 commo-
990 235 1013 264 Α
1029 237 1113 271 tilem,
1129 246 1189 273 qua:
1209 243 1281 267 statu
1297 246 1348 267 suo
1362 240 1478 275 simplici
1493 243 1580 270 tribus
1599 243 1696 271 diebus
1707 244 1733 270 iu
1744 253 1807 272 aere

188 281 276 303 ratum
289 283 328 304 est
346 278 412 304 inter
424 286 472 305 nos
482 279 501 311 ³,
517 278 745 314 conﬁrmavitque
761 280 863 307 dictum
879 288 969 314 suum,

187 322 396 349 subsistentiam
408 322 491 351 Verbi
504 331 585 350 unam
601 331 674 355 esse,
689 332 749 359 qua:
765 333 903 360 nunquam
916 334 970 354 non

188 367 239 394 fuit
262 375 324 394 eum
339 368 436 398 Patre.
456 370 633 404 eamdemque
657 371 743 405 ipsam
767 376 905 406 assumpta
923 380 973 399 na-

188 418 248 440 tura
264 414 382 441 ltttmana
398 414 497 441 factam
518 415 604 443 fuisse
620 424 728 444 carnem
743 418 776 444 ad
792 418 971 447 habitandum

192 459 263 486 inter
283 459 419 492 homines,
437 468 519 495 quam
537 469 607 489 nova
624 463 761 491 creatione
781 464 834 491 sibi
851 465 972 492 condidit

186 511 219 530 ex
249 503 334 532 Maria
360 505 466 540 virgine
489 505 550 534 sine
578 507 682 534 semine
708 507 838 536 humano,
854 509 971 543 Fuitque

187 548 307 576 Verbum
331 550 403 584 quod
428 558 538 578 carnem
562 551 642 579 istam
669 552 797 580 formavit
822 554 848 580 in
875 554 970 587 Maria,

187 595 275 622 instar
288 596 402 623 seminis
416 597 487 631 quod
503 604 584 624 causa
600 601 640 625 est
655 597 827 627 formatiouis
842 600 969 628 hominis.

186 639 288 674 Estque
314 641 401 675 ipsum
421 649 539 677 persona
553 643 597 669 illa
612 650 672 678 qua:
686 644 714 670 in
728 648 822 672 saneta
836 644 972 672 Trinitate

187 691 423 714 numeratuttcum
438 687 521 715 Patre
532 693 559 716 et
577 687 679 723 Spiritu
704 693 811 716 sancto.
842 689 970 724 Idemque

135 746 139 752 ι
186 730 258 764 quod
276 736 436 759 numeratur
449 739 532 759 unum
552 740 614 760 cum
632 733 806 768 hominibus;
829 735 873 762 ille
891 735 970 764 Iesus

186 775 313 804 Christus
327 776 414 805 Filius
429 777 476 805 Dei
492 778 618 812 viventis,
628 779 767 808 Filiusille
781 781 894 815 unicus;
909 789 971 816 per-

185 820 275 848 fectus
299 821 372 849 Deus
395 829 457 849 cum
481 822 561 851 Patre
584 829 610 851 ct
635 823 739 859 Spiritu
762 829 875 858 sancto,
896 827 970 853 nullo

187 866 259 893 inter
275 866 350 902 ipsos
365 867 524 897 discrimine
539 869 611 905 quod
627 870 660 898 ad
675 871 825 899 essentiam
841 873 968 900 divinita-

187 912 223 938 tis
242 916 266 939 et
284 913 463 941 substantiam
483 915 586 949 ipsius;
611 920 638 943 et
656 917 793 951 perfectus
809 918 891 946 homo
908 926 969 946 cum

188 957 273 985 Matre
292 965 342 986 sua
356 960 518 996 ueterisque
535 961 705 994 hominibus,
724 963 798 990 nullo
811 963 881 992 inter
895 964 970 999 ipsos

186 1003 346 1032 discrimine
369 1007 475 1035 ratione
500 1008 628 1035 essentiae
655 1009 833 1036 humanitatis
857 1013 883 1038 et
906 1010 972 1038 sub-

186 1050 295 1078 stantize
324 1051 422 1085 ipsius,
437 1052 496 1081 sine
506 1055 688 1082 conversione
700 1059 745 1082 aut
757 1055 908 1082 mutatione
918 1056 972 1091 56

187 1095 320 1123 utriusvis
339 1101 499 1125 naturarum
518 1098 604 1133 ipsius
620 1107 635 1126 a
654 1099 806 1127 substantia
823 1107 888 1133 sua;
913 1100 971 1128 sive

185 1139 338 1168 divinitatis
357 1148 372 1168 a
390 1142 547 1170 substantia
563 1151 613 1171 sua
632 1144 724 1172 subtili
742 1150 769 1171 et
786 1145 969 1179 simplicitate;

186 1185 221 1212 ad
238 1193 361 1214 crassam
378 1188 559 1216 humanitatis
578 1189 730 1226 [naturam]
748 1194 774 1217 et
791 1191 971 1224 compositio-

185 1239 248 1259 nem
265 1233 370 1267 ipsius;
387 1234 443 1262 sive
457 1235 635 1263 humanitatis
648 1243 661 1262 a
675 1237 800 1263 crassitie
815 1241 841 1263 et
858 1245 970 1272 compo-

185 1277 287 1306 sitione
302 1279 335 1305 ad
352 1279 532 1307 subtilitatem
549 1285 578 1307 et
592 1281 795 1316 simplicitatem
809 1283 969 1314 divinitatis.

187 1321 276 1357 [sine,
300 1323 435 1360 inquam.]
458 1325 499 1352 vel
525 1326 669 1359 mistione,
695 1333 889 1362 corrumpente
911 1335 972 1362 quae

186 1371 273 1394 mutet
294 1368 454 1396 alterutrum
479 1377 507 1397 re
527 1371 617 1406 aliqua
637 1372 670 1399 ad
689 1372 870 1400 substantiam
892 1381 970 1401 suam

188 1411 366 1449 [spectante,]
388 1415 445 1442 sive
467 1423 550 1451 parva
572 1417 629 1445 sive
652 1425 768 1453 magna,
785 1426 838 1453 qua
861 1418 939 1446 fieret
956 1426 972 1446 e

185 1458 293 1487 duabus
312 1461 415 1488 natttris
430 1469 483 1488 una
495 1467 592 1489 natura
609 1463 700 1490 mista.
717 1462 772 1490 Hoc
786 1463 857 1490 enim
876 1464 971 1492 inlide-

184 1504 247 1532 litas
262 1509 303 1532 est
318 1509 345 1532 et
360 1505 526 1541 blasphemia
542 1507 568 1534 in
584 1507 678 1540 Deum,
693 1508 799 1543 adigere
815 1510 865 1544 ipsi
883 1514 969 1536 muta-

1023 285 1187 319 permansit,
1204 293 1322 319 quorum
1341 287 1444 321 primus
1474 287 1525 314 fuit
1544 288 1611 316 feris
1636 289 1725 324 prima
1752 298 1804 325 qua

1023 336 1113 358 creata
1128 335 1190 358 est:
1223 331 1323 359 deinde
1342 332 1392 366 ipsi
1409 333 1453 360 die
1471 339 1570 368 quarto
1597 341 1699 369 corpus
1722 341 1809 364 mate-

1023 377 1090 404 riale
1105 377 1220 410 creavit,
1242 377 1268 404 iu
1295 385 1349 412 quo
1364 378 1452 413 ipsam
1492 381 1600 412 statuit,
1620 385 1702 415 atque
1733 381 1808 408 inha-
1822 395 1829 404 -

1023 423 1111 451 bitarc
1127 423 1200 456 fecit,
1227 424 1354 452 mistione
1370 426 1524 453 necessaria
1554 431 1581 453 et
1613 427 1809 460 conjunctione

1023 469 1113 501 lirma,
1138 474 1164 496 et
1179 473 1267 496 totum
1283 469 1335 496 hoc
1355 469 1439 497 solem
1458 470 1601 504 appellavit
1615 471 1726 498 nomine
1741 479 1806 503 ttno,

1022 514 1095 549 quod
1121 515 1326 549 comprehendit
1341 520 1368 543 et
1384 521 1510 542 natttram
1529 516 1601 542 lucis
1618 515 1693 547 solis,
1712 520 1739 542 et
1757 524 1809 542 na-

1023 565 1110 588 turam
1127 561 1250 595 corporis
1267 561 1337 596 ejus,
1368 561 1475 588 unitate
1507 560 1693 587 subsistentia
1722 561 1808 595 ipsius

1022 606 1103 633 unius
1119 612 1201 640 quam
1215 605 1420 639 comprehendit
1438 605 1478 632 sol
1495 613 1564 632 unus
1579 614 1587 638 ;
1602 605 1680 640 cujus
1698 613 1747 633 nec
1762 606 1807 634 lux

1022 655 1084 678 ante
1101 658 1201 684 corpus
1215 650 1300 684 ipsius
1316 651 1356 678 sol
1375 651 1535 682 vocabatur,
1555 658 1605 677 nec
1623 657 1722 684 corpus
1749 649 1808 675 sine

1023 697 1081 724 luce
1111 697 1153 724 sol
1182 696 1269 728 audit,
1292 704 1386 724 verum
1418 697 1458 724 sol
1487 704 1558 723 unus
1587 700 1628 723 cst
1655 703 1719 722 cum
1749 694 1808 721 luce

1020 749 1048 772 et
1079 749 1193 777 corpore
1234 750 1284 771 suo
1315 743 1426 776 pariter.
1461 742 1617 776 Eodemque
1652 741 1733 769 modo
1765 740 1807 767 di-

1021 790 1162 825 gnoscitur
1188 790 1232 817 lux
1259 789 1305 816 Dei
1321 789 1456 816 Christus.
1474 787 1567 822 Neque
1580 788 1652 815 enim
1672 791 1736 814 ante
1764 786 1807 813 in-

1021 835 1208 863 carnationem
1229 842 1307 862 suam
1323 841 1357 861 ex
1373 834 1478 870 virgine
1499 833 1583 861 Maria
1598 834 1749 868 appellatus
1765 837 1807 860 est

986 896 1007 923 Β
1021 881 1168 914 Christus;
1184 888 1273 916 neque
1291 881 1392 908 dicitur
1409 879 1567 907 humanitas
1579 879 1667 914 ipsius
1682 880 1740 907 sine
1762 880 1806 906 di-

1021 929 1134 956 vinitate
1149 928 1284 960 Christus,
1296 927 1351 963 60
1365 933 1457 954 verum
1472 925 1600 953 divinitas
1611 931 1637 953 et
1651 926 1807 953 humanitas

1022 974 1107 1008 ipsius
1127 973 1209 1001 simul
1231 972 1359 1000 Christus
1376 979 1458 1003 unus,
1475 971 1523 1005 qui
1540 975 1625 998 estex
1651 970 1806 997 substantia

1022 1020 1111 1047 Patris
1135 1024 1162 1047 et
1175 1019 1294 1053 Spiritus
1307 1018 1394 1046 sancti
1410 1017 1560 1045 secundum
1574 1017 1759 1047 divinitatem,
1775 1019 1802 1042 et

1022 1072 1053 1092 ex
1069 1063 1219 1092 substantia
1244 1062 1336 1090 Matris
1349 1070 1405 1089 sua:
1425 1061 1647 1096 reliquorumque
1663 1060 1804 1086 hominum

1022 1114 1147 1144 respectu
1168 1108 1345 1136 humanitatis
1366 1115 1433 1140 suae,
1447 1107 1569 1142 quivult
1592 1106 1732 1132 voluntate
1760 1112 1808 1132 na-

1022 1160 1089 1182 tura;
1106 1153 1284 1181 humanitatis
1312 1160 1379 1183 suae,
1395 1158 1547 1186 omnesque
1594 1151 1653 1184 ejus
1685 1150 1807 1177 actiones

1022 1204 1161 1235 operatur,
1173 1204 1285 1234 excepto
1300 1202 1422 1233 peccato.
1438 1198 1586 1225 Peccatum
1600 1196 1672 1223 enim
1690 1203 1743 1222 non
1760 1200 1804 1222 est

1022 1245 1055 1273 de
1071 1244 1224 1273 substantia
1254 1248 1366 1274 uaturm,
1387 1250 1480 1270 verum
1507 1242 1633 1269 accidens
1655 1241 1727 1275 quod
1758 1247 1808 1274 per

1022 1291 1197 1319 rebellionem
1215 1289 1242 1316 in
1257 1293 1382 1316 naturam
1396 1288 1519 1316 intravit.
1540 1287 1598 1315 Non
1619 1286 1724 1314 destitit
1738 1285 1806 1313 sub-

1022 1336 1122 1364 stantia
1143 1334 1321 1362 humanitatis
1333 1335 1420 1370 ipsius
1434 1333 1547 1368 obsequi
1563 1331 1724 1360 substautias
1739 1331 1804 1358 diri-

1022 1382 1116 1410 uitatis
1144 1381 1241 1416 ipsius,
1260 1389 1293 1408 ex
1307 1387 1362 1415 quo
1375 1387 1486 1407 carnem
1505 1378 1603 1409 induit,
1633 1385 1683 1405 nec
1702 1376 1808 1404 destitit

1023 1425 1136 1453 affectus
1150 1424 1328 1452 humanitatis
1347 1424 1434 1458 ipsius
1454 1430 1551 1457 parere
1567 1422 1675 1449 atfectui
1704 1421 1806 1448 divini-

1024 1472 1073 1500 tati
1088 1472 1197 1507 ipsius;
1213 1477 1301 1504 neque
1311 1470 1383 1497 enim
1399 1469 1536 1497 desiderat
1552 1468 1709 1495 humanitas
1720 1467 1807 1501 ipsius

1021 1526 1070 1554 per
1083 1525 1123 1550 se,
1135 1516 1207 1551 quod
1222 1517 1279 1544 vult
1291 1521 1388 1543 natura
1403 1515 1580 1542 humanitatis
1599 1514 1632 1540 de
1646 1513 1717 1545 cibo,
1730 1516 1807 1547 polit,

184 1548 287 1576 tionem
302 1549 421 1584 aliquam
437 1559 490 1586 qua
505 1560 520 1579 a
539 1552 692 1580 substantia
709 1561 758 1581 sua
776 1559 887 1582 creante
904 1562 966 1582 con-
982 1563 1004 1593 α
1021 1548 1128 1597 gemo;
1144 1548 1307 1598 Litterisque
1323 1569 1383 1596 qua,
1400 1561 1433 1588 ad
1450 1560 1631 1588 substantiam
1649 1558 1807 1585 ιιυηηηῖιπ-

184 1598 338 1623 verteretur
361 1597 387 1624 iu
411 1597 593 1625 substantiam
621 1603 757 1634 creatam;
782 1604 830 1628 aut
855 1600 968 1637 [dicere]

183 1647 304 1674 carnem,
325 1649 406 1676 quam
429 1643 480 1670 sibi
506 1643 534 1670 in
558 1644 742 1673 habitaculum
765 1648 879 1678 creavit,
900 1655 968 1675 con-

183 1687 253 1714 verti
274 1694 288 1714 a
313 1688 467 1716 substantia
488 1697 538 1717 sua
561 1695 653 1718 creata
677 1699 710 1720 ac
732 1692 789 1721 ﬁeri
817 1699 967 1722 creautem.

183 1733 262 1765 Quod
274 1733 297 1761 si
309 1733 369 1760 dua:
381 1738 484 1761 natura:
495 1736 740 1765 commiscerentur
752 1739 866 1766 mistura
879 1741 969 1775 aliqtta

185 1778 252 1805 adeo
265 1782 294 1805 ut
309 1778 404 1808 ﬁerent
418 1783 600 1812 natura.una,
613 1788 667 1809 non
683 1787 756 1811 esset
770 1784 897 1812 Christus
909 1791 969 1821 post

184 1825 404 1852 incarnationem
419 1833 509 1859 suam,
524 1834 539 1855 e
557 1828 711 1856 substantia
729 1829 819 1857 Patris
835 1834 862 1858 et
880 1832 968 1866 Spiri-

185 1873 232 1896 tus
251 1870 352 1905 saucti,
377 1871 510 1905 siquidem
531 1872 683 1900 substantia
703 1872 793 1901 Patris
808 1879 834 1901 et
852 1874 969 1909 Spiritus

183 1914 270 1942 sancti
290 1919 331 1942 est
347 1914 500 1943 substantia
515 1917 641 1951 simplex,
656 1918 779 1950 subtilis,
795 1919 841 1947 lux
857 1927 966 1953 creans,

182 1967 265 1995 quam
280 1967 335 1987 non
354 1960 505 1995 ingreditur
518 1963 691 1997 compositio.
705 1964 737 1990 Et
751 1965 888 1999 quomodo
900 1973 967 1993 con-

183 2006 289 2034 veniret
308 2010 336 2033 ut
356 2006 443 2035 Filius
464 2007 623 2036 incarnatus
643 2015 835 2038 accenseretur
852 2011 926 2038 Patri
941 2016 969 2039 et

183 2057 280 2080 sancto
307 2052 433 2087 Spiritui,
451 2058 595 2089 postquam
623 2062 639 2082 e
664 2055 818 2083 substantia
846 2056 968 2091 ipsorum

182 2105 309 2132 egressus
323 2103 398 2126 esset
415 2106 470 2134 prae
484 2106 516 2126 ea
529 2100 574 2127 cui
590 2100 725 2129 obnoxius
741 2101 829 2129 fuerat
843 2103 969 2131 mistione

182 2145 210 2169 et
223 2143 440 2178 compositione?
452 2145 505 2172 Aut
521 2145 657 2180 quomodo
673 2147 868 2174 concederetur
881 2149 968 2183 ipsum

182 2195 246 2216 esse
260 2188 345 2217 Deunt
362 2198 445 2218 unum
458 2198 520 2218 cum
536 2190 620 2218 Patre
634 2195 661 2218 et
678 2191 780 2227 Spiritu
797 2199 893 2221 sancto
909 2202 970 2222 cum

1021 1610 1056 1637 tis
1080 1612 1214 1643 spectant,
1245 1612 1358 1642 excepto
1384 1610 1506 1642 peccato,
1535 1606 1622 1632 donec
1650 1604 1806 1631 desiderare

1020 1655 1103 1682 faciat
1119 1654 1247 1681 divinitas
1260 1653 1347 1681 iusius
1361 1652 1560 1679 humanitatem
1577 1650 1673 1685 ipsius,
1687 1650 1808 1684 velitque

1020 1700 1071 1735 ipsi
1084 1705 1114 1728 ut
1125 1700 1188 1727 velit
1201 1699 1274 1734 quod
1287 1699 1311 1726 ei
1333 1706 1381 1733 per
1393 1705 1423 1726 se
1435 1698 1578 1732 competit,
1593 1704 1643 1724 nec
1654 1695 1804 1730 quidquam

1019 1746 1134 1780 sumpsit
1146 1744 1252 1772 ratione
1266 1745 1440 1771 necessitatis
1450 1749 1474 1771 et
1492 1742 1695 1777 compubionis,
1710 1750 1805 1769 corum

1019 1797 1079 1825 qua:
1097 1796 1162 1817 caro
1177 1788 1330 1815 necessario
1348 1789 1475 1824 requirit,
1498 1795 1584 1822 neque
1609 1787 1641 1813 ad
1654 1787 1805 1821 quidquam

1019 1843 1113 1864 eorum
1124 1835 1254 1870 confugit,
1269 1835 1304 1862 ob
1317 1835 1463 1868 potentiam
1483 1833 1641 1861 substantia:
1655 1833 1805 1860 divinitatis

1020 1889 1077 1909 suae
1107 1889 1166 1916 quae
1189 1881 1303 1908 admista
1324 1886 1363 1908 est
1391 1880 1555 1908 humanitati
1586 1880 1673 1914 ipsius
1694 1879 1804 1906 unitate

1019 1927 1213 1958 subsistentia,
1229 1926 1263 1954 ad
1283 1925 1463 1953 amovendum
1495 1933 1605 1952 omnem
1633 1924 1804 1959 compulsio-

1020 1980 1081 2000 netn
1119 1977 1146 1998 et
1176 1971 1370 1999 necessitatem
1399 1978 1414 1996 a
1443 1970 1595 1998 substantia
1627 1969 1806 1996 humanitatis

1021 2018 1118 2052 ipsius.
1138 2016 1236 2044 Verum
1253 2018 1358 2044 creavit
1372 2016 1432 2051 ipsa
1449 2015 1630 2042 substantiam
1649 2015 1806 2042 humanita-

1020 2062 1057 2091 tis
1072 2062 1169 2097 ipsius,
1195 2062 1335 2097 voluitque
1348 2069 1407 2097 qua:
1422 2061 1506 2088 voluit
1518 2060 1676 2087 humanitas
1692 2067 1738 2095 per
1754 2067 1783 2086 se
1797 2068 1804 2091 ;

1020 2111 1051 2136 ut
1075 2108 1112 2135 ita
1147 2108 1287 2135 veritatem
1320 2110 1455 2135 astrueret
1483 2110 1588 2132 natura:
1616 2105 1806 2135 humanitatis,

1021 2154 1106 2189 ipsam
1126 2153 1250 2188 61-63
1264 2154 1368 2181 scilicet
1382 2157 1483 2181 statqu
1511 2160 1590 2180 suum
1612 2152 1724 2178 tirmiter
1742 2152 1807 2177 reti.-

1022 2207 1096 2232 nere,
1111 2207 1161 2226 nec
1172 2200 1198 2227 in
1214 2199 1287 2226 aliud
1304 2199 1368 2234 quid
1381 2207 1395 2226 a
1413 2199 1565 2227 substantia
1577 2206 1626 2226 sua
1643 2205 1806 2225 conversum

182 2241 215 2262 ea
226 2242 286 2270 qua:
297 2239 401 2263 natura:
409 2236 495 2271 ipsius
507 2237 640 2272 obtigerat
653 2238 798 2266 mistione?
809 2239 879 2273 Quin
889 2240 969 2268 etiam

1028 2251 1101 2271 esse.
1121 2243 1249 2278 Fecitque
1264 2243 1391 2272 Christus
1405 2251 1500 2272 onmes
1520 2243 1698 2270 humanitatis
1719 2242 1809 2269 actio—

183 2281 236 2308 hoc
251 2286 332 2316 pacto
346 2286 420 2309 esset
438 2283 596 2310 humanitas
611 2283 715 2312 Christi
735 2285 890 2312 humanitas
906 2294 968 2314 cum

181 2333 214 2353 ea
229 2333 312 2360 qualn
327 2326 450 2354 subierat
463 2327 588 2363 57-59
603 2329 755 2357 mutatione
769 2334 892 2365 respectu
906 2332 970 2359 sub-

182 2372 289 2399 stantia!
301 2380 358 2400 suae
369 2381 383 2398 ιι
398 2377 496 2400 natura
513 2374 693 2402 humanitatis
704 2375 737 2402 ad
750 2376 969 2404 commistionem

183 2423 245 2444 cum
256 2417 410 2444 substantia
425 2418 587 2450 divinitatis.
598 2425 624 2446 et
637 2420 864 2456 alterationequze
880 2426 970 2449 muta-

182 2461 284 2488 tionem
300 2462 445 2496 utriusque
468 2468 572 2490 natura:
594 2464 627 2490 ab
647 2471 743 2498 eoquo
767 2465 854 2493 fuerat
877 2470 969 2500 statu,

181 2507 295 2535 inftrret
312 2507 437 2536 Nusvero
447 2509 584 2537 credimus
595 2510 622 2537 in
630 2509 767 2538 Christum
781 2519 970 2545 unum,unum

178 2555 284 2581 factum
310 2555 415 2582 unitate
428 2562 552 2590 personae
571 2555 598 2582 in
623 2563 675 2590 qua
692 2557 825 2592 copulatae
850 2565 914 2585 sunt
930 2560 971 2586 di-

180 2600 282 2626 unitas
299 2604 326 2628 et
341 2601 496 2628 substantia
511 2601 701 2634 humanitatis,
733 2611 794 2638 qua:
810 2611 856 2631 eas
887 2605 969 2633 simul

180 2645 328 2680 cnnjungit
352 2647 413 2674 sine
442 2646 581 2680 mistione,
609 2649 800 2682 conversione,
818 2651 967 2679 mutatione

179 2697 224 2717 aut
243 2693 415 2726 separatione
434 2700 486 2727 qua
507 2693 682 2722 divellautur.
709 2694 803 2730 Neque
816 2700 856 2722 est
869 2696 926 2731 ipse
941 2696 967 2723 in

181 2737 316 2764 alterutra
331 2743 492 2766 naturarum
523 2740 581 2767 sine
597 2740 682 2768 altera
699 2750 706 2768 :
739 2743 967 2776 quemadmodum

181 2785 309 2810 novimus
326 2784 407 2812 Deum
422 2785 499 2812 initio
516 2793 626 2815 creasse
641 2786 728 2814 lucem
740 2787 891 2823 simplicem
907 2789 971 2816 sub-

231 2871 242 2886 ⁸
255 2868 334 2898 Jonn.
351 2871 369 2905 l,
389 2873 432 2899 tt.

1021 2295 1082 2320 nes,
1096 2291 1209 2322 excepto
1224 2292 1346 2322 peccato.
1358 2296 1419 2316 cum
1436 2289 1563 2316 incitaret
1575 2288 1704 2314 divinitas
1719 2287 1806 2321 ipsam

1021 2333 1054 2359 ad
1072 2333 1211 2360 faciendas
1229 2333 1408 2360 humanitatis
1425 2334 1556 2366 actiones,
1573 2334 1608 2360 ita
1625 2338 1652 2360 ut
1670 2341 1720 2360 nec
1736 2332 1808 2359 face<

1022 2382 1062 2405 ret
1079 2378 1123 2404 illa
1135 2377 1229 2409 invita,
1243 2382 1290 2405 aut
1310 2379 1473 2406 neceSsitate
1495 2379 1527 2406 ad
1540 2379 1682 2414 quodlibet
1711 2386 1805 2406 eorum

1022 2423 1160 2457 compulsa
1178 2432 1184 2456 ;
1206 2429 1233 2450 at
1248 2431 1310 2450 cutn
1326 2424 1405 2451 vellet
1423 2424 1552 2452 divinitas
1571 2428 1599 2450 ut
1627 2424 1705 2450 vellet
1728 2431 1806 2450 suam

1024 2469 1200 2500 voluntatem,
1217 2476 1298 2502 opera
1327 2474 1417 2496 autent
1444 2469 1528 2503 ipsius
1543 2469 1654 2501 faceret,
1683 2469 1808 2495 videlicet

1025 2513 1156 2549 [aliquod]
1173 2513 1324 2541 divinitatis
1342 2513 1424 2540 totius
1440 2521 1510 2548 optts
1529 2513 1667 2540 voluntate
1683 2512 1809 2539 essentia:

1023 2559 1173 2586 divinitatis
1189 2567 1197 2592 ;
1215 2566 1269 2586 non
1286 2558 1350 2586 fecit
1364 2559 1416 2586 hoc
1429 2558 1507 2593 quasi
1525 2563 1619 2592 petens
1634 2558 1668 2585 ab
1682 2558 1735 2584 alio
1765 2558 1808 2583 vel

1022 2612 1102 2640 prece
1114 2605 1153 2632 vel
1169 2605 1365 2639 supplicatione
1378 2605 1420 2632 vel
1437 2608 1542 2639 rogatu,
1560 2611 1652 2630 verum
1670 2603 1810 2629 voluntate

1022 2651 1173 2677 divinitatis
1191 2650 1340 2678 essentiali.
1373 2650 1504 2677 Voluntas
1517 2649 1589 2676 enim
1621 2648 1729 2683 generis
1754 2651 1806 2678 est,

1023 2703 1076 2723 non
1090 2695 1249 2728 individui;
1281 2695 1396 2730 ideoque
1413 2695 1596 2729 quodcunque
1631 2693 1688 2720 vult
1719 2693 1807 2724 Pater,

1024 2742 1093 2770 idem
1110 2742 1167 2769 vult
1181 2745 1209 2769 et
1229 2741 1325 2774 Filius,
1339 2745 1366 2769 ct
1383 2741 1502 2776 Spiritus
1528 2744 1640 2768 sanctus
1654 2748 1661 2771 ;
1677 2743 1705 2766 et
1720 2738 1808 2773 quod-

1026 2797 1134 2825 cunque
1150 2789 1207 2816 vult
1222 2789 1319 2823 Filius,
1338 2788 1407 2816 idem
1423 2787 1479 2815 vult
1494 2791 1520 2815 et
1550 2786 1630 2814 Pater
1647 2790 1671 2814 et
1688 2784 1808 2820 Spiritus
