2015 3081
231 139 298 171 1045

224 243 308 270 etiam
323 245 380 277 vult
389 245 469 274 Pater
477 253 504 275 et
515 247 610 282 Filius;
627 257 679 278 non
689 252 1006 287 cstinteripsoscontra-

225 288 309 315 rielas
329 293 377 316 aut
389 290 550 320 diﬁ'erentia.
563 294 652 329 Atque
667 296 703 323 ita
718 297 799 324 etiam
816 299 943 327 voluntas
957 300 1008 328 htt-

224 335 376 367 manitatis,
388 337 495 370 generis
514 343 557 366 est
574 348 629 367 non
646 342 778 371 individui
793 351 800 370 :
818 344 934 380 ideoque
947 354 1006 373 om—

224 379 305 408 nibus
320 381 478 412 hominibus
492 387 792 417 conlmuniterinsitttm
814 395 853 418 est
872 379 1001 426 appetere

224 426 336 459 bonum,
349 435 400 455 nec
416 429 558 465 quisquam
575 436 616 460 est
628 433 716 462 ﬁdelis
733 436 774 462 vel
803 436 930 471 inﬁdelis,
959 439 1006 467 bo-

224 479 279 500 nus
295 473 337 501 vel
353 475 453 503 malus.
467 477 514 511 qui
531 486 585 506 non
605 484 713 514 appetat
730 481 843 515 bonum,
860 483 1005 520 ipsumque

223 517 346 553 accipere
361 519 515 554 desideret,
535 529 590 551 tum
607 526 633 552 in
651 525 702 553 hoc
718 529 830 562 mundo,
848 517 903 557 tum
919 531 945 558 in
963 531 1005 558 tu-

222 566 285 591 turo
300 572 309 597 ;
325 573 375 593 nec
389 567 533 602 quisquam
554 575 598 599 est
610 573 656 606 qui
675 579 787 609 respuat
814 575 929 609 bonum,
957 582 1003 606 aut

221 608 266 635 cui
289 616 343 636 non
370 610 602 648 insit.appctitus
632 617 696 649 cibi,
722 608 819 653 potus,
838 620 1002 656 indumenti,

221 655 321 687 somni,
339 656 451 690 quietis,
468 661 682 696 tranquillitatis,
708 666 907 700 prosperitatis,
924 655 1002 696 sanis

220 699 283 727 tatis
297 705 322 728 el
336 702 407 736 vitae;
421 707 449 732 et
459 705 550 733 odium
565 714 658 735 eorum
672 717 730 744 qua:
740 699 795 748 ϐἀ,
805 712 849 741 bis
862 717 1001 744 contraria

219 749 294 778 sunt,
312 747 438 776 videlicet
470 750 559 784 famis,
589 754 661 787 sitis,
682 747 824 790 nudilalis,
846 760 1000 796 insomnia,

218 789 332 823 laboris,
346 794 487 828 molestiae,
498 797 686 834 adversitatis,
699 802 878 839 :egritudinis,
895 789 1000 836 mortis:
1028 838 1030 840 ,

936 151 1119 186 ANNALES.

226 201 356 232 sanctus;
373 203 400 226 et
409 201 659 238 quodcunqucl'vult
667 203 785 240 Spiritus
797 211 920 241 sanctus,
937 209 1008 237 idem
1022 212 1046 241 Α
1063 214 1116 241 Deo
1131 216 1251 250 propria,

1772 165 1837 197 tam

1275 225 1334 250 (ιιιῖθ
1351 225 1438 246 nemo
1447 219 1515 248 alius
1540 220 1656 248 faciendi
1675 226 1835 256 potestatem

1060 258 1150 292 habet,
1169 267 1256 294 neque
1270 261 1316 288 ulli
1337 270 1456 297 unquam
1474 272 1490 292 e
1504 267 1638 293 creaturis
1656 266 1743 301 ipsius
1770 275 1836 294 con-

1059 310 1135 331 cessa
1153 308 1226 332 sunt.
1240 304 1324 340 lrlque
1342 308 1403 341 quia
1418 307 1475 342 ipse
1494 313 1568 336 creat
1583 310 1766 345 quodcunque
1777 312 1834 338 vult

1058 353 1086 376 et
1097 349 1257 378 abscondita
1272 352 1357 384 novit,
1371 353 1537 388 perspiciens
1552 362 1612 389 quae
1632 359 1725 390 legunt
1742 360 1834 390 pecto«

1057 400 1098 427 ra,
1124 399 1150 422 et
1167 400 1278 429 peccata
1305 398 1429 430 retnittit,
1448 406 1508 433 quae
1530 407 1609 428 nemo
1635 406 1732 434 praeter
1747 402 1835 436 ipsum

1057 441 1197 469 retnittere
1214 446 1312 477 potest.
1344 443 1447 479 Estque
1465 445 1491 472 in
1509 447 1583 473 omni
1600 446 1659 474 loco
1674 455 1750 482 atque
1765 456 1833 481 pra:-

1056 493 1119 513 sens
1128 486 1201 514 nulla
1214 495 1243 515 re
1252 489 1421 522 terminatus,
1434 495 1460 517 ct
1468 490 1494 518 in
1505 492 1636 525 sepulcris
1645 492 1701 527 68
1711 494 1835 521 conditos

1055 530 1098 558 die
1114 534 1324 562 resurrectionis
1338 536 1551 565 resuscitaturus
1565 542 1606 564 est
1622 539 1742 573 polentia
1773 547 1834 573 sua;

1055 585 1118 605 cum
1134 579 1170 606 sit
1186 578 1318 608 Dominus
1333 581 1505 616 dicijudicii,
1537 583 1665 610 thronum
1697 591 1835 618 occupans

1054 627 1080 651 et
1092 631 1205 659 regnum
1229 630 1257 652 et
1273 626 1446 654 ratiocinittm
1460 635 1596 661 severum,
1612 629 1655 662 qui
1687 629 1835 664 unicuique

1054 671 1202 698 secundum
1220 679 1250 699 ea
1268 680 1328 706 quae
1342 673 1405 700 fecit
1422 674 1566 707 retribuit;
1583 675 1707 709 identqtte
1725 676 1771 709 qui
1802 676 1835 702 de

1053 715 1124 743 coelo
1141 716 1308 745 descendens
1325 718 1483 746 incarnatus
1503 723 1554 752 est,
1567 725 1594 747 et
1607 727 1706 755 corpus
1724 720 1750 747 itt
1780 728 1835 748 cm—

1053 761 1107 788 lunt
1128 763 1249 790 sustulit.

1088 806 1155 835 Cum
1180 813 1271 836 autent
1291 809 1392 837 faceret
1406 818 1487 845 opera
1515 811 1702 843 humanitatis,
1722 819 1752 839 ca
1775 820 1834 844 qua:

870 834 877 839 ,
928 834 932 835 ν
1028 838 1030 840 ,
1096 834 1099 835 ,
1291 834 1487 845 ηπηην-.-
1723 834 1752 839 ,η

218 834 285 863 Illud
300 841 390 865 autem
408 841 481 874 quod
495 841 652 879 discrepant
665 834 788 876 homines
803 855 902 884 prmter
918 859 1002 888 appe-
1018 867 1039 895 Β
1054 859 1134 887 opera
1151 858 1216 881 sunt
1228 855 1355 888 generica
1373 860 1400 883 et
1417 857 1550 883 naturalia
1581 857 1683 891 (qualia
1696 860 1758 885 sunt
1771 857 1833 883 Oile-

218 879 296 908 tilum
311 883 490 913 universatem
510 889 584 923 quod
600 890 632 918 ad
652 899 695 919 res
707 900 776 926 quas
790 895 836 922 alii
855 879 1001 927 contralac

216 926 262 953 alii
287 929 382 962 velint,
402 939 455 959 non
473 937 542 961 esta
566 936 706 965 voluntate
723 941 842 969 naturali
858 951 920 977 quae
950 953 999 979 ge-

217 972 431 1024 neri'competit,
445 979 493 1005 sed
510 979 676 1010 desiderium
692 984 831 1020 singulare
847 972 920 1022 quod
938 972 999 1024 qiti~

217 1016 331 1045 busdam
346 1024 451 1048 tanlttm
470 1023 611 1052 hominum
625 1016 750 1062 accidit:
760 1038 791 1058 ac
805 1016 1000 1067 appetituilna-

217 1064 296 1092 turali
312 1069 477 1095 contrarium
493 1079 500 1102 ;
521 1075 612 1106 utpote
625 1076 697 1108 quod
713 1076 786 1104 aliud
801 1064 903 1108 a-bono
917 1088 998 1116 appe-

216 1111 264 1152 tat,
282 1110 396 1146 ideoque
411 1114 568 1150 discrepant
583 1118 609 1144 in
626 1119 770 1150 desideriis
788 1123 848 1152 istis
871 1110 997 1154 acciden-

214 1153 314 1207 talibus
342 1164 405 1191 quae
433 1159 467 1187 ab
497 1162 638 1191 aﬁectibus
668 1166 803 1200 oriuntur,
833 1153 996 1207 unoquoque

213 1198 280 1250 illud
295 1201 401 1230 volente
411 1205 484 1238 quod
496 1206 632 1237 desiderat
647 1211 681 1238 oh
695 1198 861 1248 voluptatem
872 1198 935 1251 qua‘.
943 1198 994 1253 ipsi

213 1243 275 1272 ittde
292 1248 435 1284 contingit.
458 1249 552 1286 Neque
568 1257 657 1283 tamen
683 1243 793 1286 interim
820 1243 995 1298 exuit—quisv-

213 1290 285 1338 piam
299 1294 448 1327 appetitum
459 1303 629 1327 communem
643 1309 697 1336 quo
709 1303 858 1333 incitantur
867 1290 992 1338 homines

213 1333 247 1383 ad
263 1335 362 1363 bonum
378 1338 521 1367 volendunt
541 1333 685 1379 ipsumque
696 1333 991 1384 antplectendiiittit-ain

211 1377 239 1404 itt
256 1378 306 1408 hac
322 1382 374 1409 vita
383 1391 464 1418 quam
475 1386 502 1413 in
513 1385 615 1416 futura.
628 1377 747 1427 Ideoque
758 1393 868 1424 Christo
881 1405 992 1433 compe-

211 1426 274 1451 tunt
289 1425 360 1454 bina:
374 1429 530 1460 voluntates
547 1437 685 1464 naturales
701 1425 836 1474 iintegraa.
854 1425 950 1471 divina-
966 1451 993 1473 et

210 1469 339 1505 ltttmana,
356 1475 462 1511 duoque
471 1486 568 1512 genera
578 1481 692 1517 integra,
703 1491 799 1513 crcans
812 1491 839 1514 et
853 1493 989 1524 creatum,

1052 905 1092 930 re,
1106 897 1211 930 bibere,
1228 899 1314 931 indui,
1329 908 1450 935 somnus,
1474 903 1567 934 sudor,
1584 903 1706 934 tristitia,
1725 911 1834 937 perpes—

1051 944 1155 977 siones,
1174 947 1271 980 mors),
1292 947 1336 975 his
1365 949 1560 976 humanitatem
1582 957 1659 977 suam
1686 950 1831 982 adstruxil,

1051 997 1135 1024 seque
1150 991 1287 1019 hominem
1303 997 1400 1021 natura
1414 995 1564 1029 perfectum
1596 1003 1666 1023 esse.
1697 995 1747 1022 Est
1767 1003 1832 1031 ergo

1049 1034 1178 1064 Christus
1202 1035 1289 1065 Filius
1309 1038 1354 1065 Dei
1389 1047 1487 1074 genere
1510 1044 1537 1067 et
1570 1039 1687 1068 essentia
1715 1040 1831 1072 divina;

1049 1079 1174 1116 idemque
1188 1081 1258 1110 ﬁlius
1275 1082 1391 1112 hominis
1406 1092 1505 1119 genere
1517 1090 1543 1112 et
1568 1086 1686 1112 essentia
1700 1086 1829 1117 humana,

1049 1125 1159 1162 ipseque
1182 1127 1309 1157 Christus
1325 1137 1397 1158 untts
1413 1131 1517 1158 unitate
1535 1132 1678 1166 peculiari,
1708 1139 1831 1166 pet-Sum:

1047 1178 1104 1198 sua:
1131 1172 1212 1199 unius
1246 1174 1373 1208 propria;
1401 1182 1522 1208 pet-sonte
1554 1176 1659 1203 scilicet
1691 1177 1830 1203 tiliatiouis

1046 1221 1165 1249 aeternae,
1181 1226 1241 1253 quae
1255 1220 1346 1254 genita
1370 1225 1411 1248 est
1429 1228 1442 1247 a
1459 1221 1539 1248 Patre
1561 1222 1619 1249 sine
1638 1223 1737 1255 Matre,
1766 1228 1828 1250 ante

1045 1263 1142 1290 saecula
1156 1273 1163 1297 ;
1179 1263 1327 1299 eademque
1342 1273 1455 1300 persona
1471 1266 1609 1295 ﬁlialionis
1624 1267 1758 1298 humanae.
1769 1276 1830 1302 qua:

1044 1313 1106 1336 nata
1121 1314 1162 1337 est
1179 1310 1283 1338 ultimis
1298 1312 1466 1346 temporibus
1482 1319 1515 1339 ex
1529 1312 1613 1339 Maria
1632 1312 1751 1348 Virgine,
1769 1313 1829 1340 sine

1043 1359 1136 1388 patre;
1152 1361 1248 1391 estque
1263 1357 1321 1392 ipse
1335 1365 1452 1391 persona
1469 1366 1534 1391 una,
1557 1362 1669 1390 mterna,
1685 1359 1758 1393 quod
1791 1359 1822 1385 ad

1043 1399 1214 1429 divinitatem
1230 1412 1237 1434 ;
1262 1404 1433 1438 temporalis.
1446 1404 1519 1438 qttod
1536 1404 1569 1430 atl
1598 1404 1794 1431 humanitatem
1814 1413 1819 1430 :

1043 1445 1171 1480 idemque
1182 1445 1288 1474 dttabus
1305 1448 1387 1475 simul
1400 1449 1507 1476 naturis
1520 1448 1649 1483 loquitur,
1662 1457 1694 1476 ac
1709 1449 1826 1476 duorum

1043 1497 1172 1524 generum
1191 1492 1311 1519 actiones
1324 1492 1389 1519 edit.
1422 1493 1471 1520 Ubi
1485 1493 1562 1524 dixit,
1583 1494 1638 1528 Ego
1653 1502 1712 1520 sum
1740 1494 1827 1521 Filius

209 1518 356 1552 οοηὶυηοῑὲ
370 1521 430 1550 sine
446 1524 558 1552 Illislura
586 1526 611 1553 in
625 1536 677 1556 una
695 1538 811 1564 persona
838 1541 899 1568 quae
923 1535 991 1564 duas
1006 1532 1026 1561 α
1045 1537 1107 1571 Dei,
1124 1538 1157 1565 de
1173 1537 1315 1565 divinitate
1332 1538 1453 1573 loquitur
1468 1547 1475 1571 ;
1490 1542 1516 1565 at
1535 1539 1579 1566 ubi
1601 1539 1681 1570 dixit,
1701 1539 1754 1574 Ege
1768 1548 1831 1566 sum

209 1567 323 1592 natttras
338 1568 545 1601 comprehendit
562 1573 662 1601 unione
677 1575 728 1603 sibi
746 1579 868 1612 propria,
883 1580 990 1616 insepa-

208 1609 341 1644 rabiliter,
361 1611 441 1648 [adeo
457 1615 497 1651 ut]
531 1617 660 1652 loquatur
677 1609 844 1657 proprietate
861 1609 992 1660 persona

208 1662 263 1683 suae,
278 1657 358 1686 unius
380 1666 507 1690 sermone
521 1663 636 1692 duarum
655 1671 824 1703 naturarum,
845 1671 945 1700 divina:
964 1678 991 1701 et

209 1700 352 1736 humanae,
377 1713 427 1733 nec
439 1707 475 1734 sit
499 1709 545 1744 qui
574 1711 693 1746 loquitttr
719 1721 844 1744 sermone
873 1717 992 1747 humano

208 1747 290 1781 alius,
316 1755 341 1777 et
353 1751 400 1786 qui
413 1760 539 1782 sermone
556 1757 648 1786 divino
662 1759 742 1792 alius,
755 1768 849 1789 verum
866 1763 991 1794 Christus

208 1800 279 1822 unus
292 1796 460 1833 quiutroque
476 1801 556 1828 sintut
572 1810 698 1833 sermone
713 1806 849 1841 loquatur,
858 1813 884 1836 et
900 1813 991 1839 utras-

209 1846 262 1872 que
288 1841 410 1870 actiones
423 1850 484 1880 agat
497 1846 604 1876 duahus
617 1850 812 1885 voluntatibus,
838 1858 865 1880 et
883 1855 990 1884 duabus

209 1884 288 1912 simul
303 1885 424 1923 65-67
440 1891 546 1918 nalttris
562 1901 569 1925 ;
583 1900 645 1920 cum
662 1896 726 1922 velit
742 1884 884 1926 voluntate
898 1899 988 1927 divitta

207 1928 309 1958 faciens
330 1940 412 1967 opera
438 1935 562 1968 Deitatis,
589 1945 650 1973 quae
679 1939 742 1968 facit
773 1944 990 1980 quandocunquc

206 1976 275 2007 vult,
288 1981 315 2004 et
330 1980 466 2012 quomodo
487 1982 554 2013 vult.
568 1991 621 2011 non
650 1976 819 2019 procedente
852 1990 990 2020 voluntate

206 2021 328 2050 actiones
342 2024 438 2058 ipsius,
454 2035 515 2054 cum
529 2030 706 2065 penesipsum
720 2033 756 2060 sit
775 2039 803 2062 ut
817 2035 898 2063 faciat
911 2038 990 2071 quid-

205 2066 271 2100 quid
287 2068 353 2100 vult,
370 2071 588 2107 quandocunque
602 2076 670 2107 vult,
692 2078 766 2106 ttttila
795 2066 983 2109 intercedente

205 2113 345 2146 petitione.
360 2123 451 2150 prece,
467 2122 515 2144 aut
531 2125 641 2154 rogatu,
666 2121 743 2156 juxta
763 2123 828 2151 illud
842 2127 913 2160 quod
921 2127 990 2155 dixit

205 2158 257 2193 ipsi
273 2159 396 2194 leprosus
410 2171 417 2189 :
433 2162 553 2197 Domine,
567 2166 590 2192 εἰ
605 2167 642 2192 vis
653 2172 725 2200 potes
738 2170 865 2198 mundare
876 2180 886 2203 ,'
899 2177 925 2200 et
942 2181 987 2202 re-

206 2206 317 2239 spondit
330 2207 399 2243 ipse,
424 2208 498 2242 Volo,
513 2212 638 2239 mundare
653 2212 674 2245 ⁸,
688 2213 779 2249 itaque
794 2224 807 2242 a
823 2217 898 2251 lepra
926 2227 985 2251 sua,

204 2251 289 2285 ipsius
304 2254 454 2287 voluntate,
471 2258 618 2285 mttndatus
633 2263 674 2286 est
687 2267 695 2286 :
708 2261 788 2294 juxta
806 2263 889 2290 etiam
906 2272 983 2292 mau-

204 2296 296 2336 dalum
317 2299 404 2333 ipsius
418 2301 452 2328 ad
475 2301 619 2336 daemonia,
646 2310 674 2332 ttt
700 2313 715 2332 e
735 2307 910 2337 dietnouiaeis
937 2318 986 2338 ex-

203 2343 284 2376 irent,
314 2353 376 2372 cum
407 2353 533 2382 rogarent
558 2349 645 2383 ipsum
669 2351 800 2379 daemonia
833 2355 981 2389 utjuberet

203 2389 279 2424 ipsos
296 2398 394 2425 porcos
411 2392 514 2427 ingredi
531 2394 630 2430 (neque
648 2397 720 2424 enim
744 2399 809 2426 illud
823 2400 883 2428 sine
900 2401 986 2436 ipsius

204 2436 340 2469 permissu
352 2437 442 2466 facere
454 2442 702 2476 potuerunl)atque
719 2443 775 2478 ipse
793 2445 854 2472 illos
873 2448 985 2480 permit-

203 2484 282 2507 teret.
306 2481 403 2510 Postea
429 2484 524 2518 ctiatn,
557 2491 669 2514 ventum
697 2493 724 2515 ct
750 2496 824 2516 mare
844 2491 985 2524 quiescere

200 2524 293 2559 jussit,
313 2527 393 2562 idque
407 2528 466 2556 sine
482 2537 562 2563 prece
575 2536 621 2558 aut
637 2533 775 2566 petitione.
786 2535 874 2570 Atque
890 2536 984 2571 hujus-

204 2570 278 2598 modi
291 2572 374 2599 multa
389 2573 416 2600 in
431 2573 577 2610 Evangelio
594 2577 664 2604 facta
678 2585 876 2614 memorantur,
888 2582 987 2615 quibus

204 2615 374 2644 divinitatem
404 2625 481 2645 suam
522 2621 703 2656 conﬁrmavit,
733 2624 847 2660 ideoque
875 2627 988 2655 credunt

206 2660 297 2688 ﬁdeles
313 2662 401 2696 ipsum
415 2672 478 2693 esse
494 2665 577 2693 Deum
596 2668 757 2702 perfectum,
787 2671 850 2698 dum
883 2672 985 2700 faceret

203 2713 284 2741 opera
304 2708 456 2738 divinitatis
470 2720 528 2745 qua:
545 2713 616 2740 nulla
632 2723 749 2749 unquam
767 2722 892 2746 creatura
904 2719 983 2752 fecit,

203 2759 253 2780 nec
282 2761 401 2789 unquam
423 2756 510 2785 facere
536 2763 635 2794 potest,
649 2768 709 2788 eum
737 2761 792 2789 sint
821 2770 903 2798 opera
931 2765 982 2793 soli

239 2844 248 2857 ⁵
260 2842 355 2877 Matth,
366 2851 424 2878 vtu,
434 2845 489 2878 2,5.

1045 1583 1133 1610 Filius
1157 1583 1280 1614 hominis,
1295 1581 1328 1610 dc
1345 1582 1522 1609 humanitate.
1552 1583 1612 1616 Ipse
1628 1583 1760 1610 miracula
1779 1592 1824 1610 ra-

1044 1629 1117 1657 tione
1133 1628 1285 1656 divinitatis
1300 1635 1356 1656 suae
1370 1628 1442 1660 fecit,
1452 1628 1579 1663 idemque
1597 1628 1754 1656 aﬁlictiones
1766 1637 1827 1664 pcr-

1043 1674 1105 1703 tttlit
1120 1675 1224 1701 ratione
1237 1674 1418 1702 humanitatis
1437 1682 1444 1701 ε
1470 1675 1619 1702 cruciﬁxus
1649 1678 1675 1701 et
1702 1680 1826 1702 mortutts

1042 1724 1084 1748 est
1097 1720 1201 1747 ratione
1219 1719 1398 1747 humanitatis
1429 1727 1496 1750 suae,
1526 1727 1575 1747 nec
1599 1720 1747 1748 cruciﬁxus
1775 1727 1824 1746 nec

1043 1772 1166 1794 mortuus
1183 1767 1287 1793 ratione
1301 1766 1423 1801 69-71
1439 1766 1599 1794 divinitatis.
1619 1765 1733 1792 Mutatio
1749 1765 1823 1793 enim

1041 1815 1068 1838 et
1088 1811 1279 1846 perpessiones
1292 1815 1320 1837 et
1335 1818 1407 1838 mors
1423 1811 1601 1838 humanitatis
1615 1811 1723 1845 propria
1744 1817 1821 1841 sunt.

1042 1863 1095 1883 non
1111 1855 1260 1882 divinitatis
1274 1875 1281 1887 ,
1292 1862 1352 1888 qua:
1367 1855 1401 1882 ab
1416 1855 1545 1883 omnibus
1556 1856 1616 1882 istis
1629 1856 1758 1883 itnmunis
1771 1861 1823 1883 est.

1042 1901 1101 1927 Non
1117 1905 1206 1927 autem
1234 1900 1337 1934 patitur
1368 1899 1471 1934 aliquid
1494 1900 1528 1927 ab
1556 1900 1743 1927 accidentibus
1764 1909 1825 1935 qum

1042 1946 1129 1981 ipsius
1141 1950 1245 1972 natura:
1260 1952 1313 1972 non
1329 1945 1495 1972 conveniunt
1510 1954 1516 1972 :
1533 1946 1648 1980 exempli
1668 1946 1765 1980 gratia,
1782 1955 1826 1973 sc-

1041 1992 1099 2018 curi
1112 1990 1200 2018 scindi
1231 1997 1283 2017 non
1302 1989 1373 2018 cadit
1389 1991 1416 2018 in
1432 1991 1529 2022 solem,
1550 1991 1613 2025 quia
1630 1991 1729 2024 scindi,
1758 1992 1824 2019 solis

1041 2041 1146 2064 natura:
1175 2043 1227 2062 non
1253 2035 1395 2069 competit.
1422 2036 1539 2070 ideoque
1575 2037 1663 2064 securi
1691 2037 1824 2064 scinditur

1042 2082 1123 2109 arbor
1139 2082 1183 2109 cui
1211 2081 1253 2109 sol
1271 2080 1391 2116 aﬂ’ulgel,
1418 2086 1446 2109 at
1471 2090 1526 2109 non
1560 2090 1613 2109 una
1636 2090 1697 2116 curn
1725 2084 1824 2111 arbore

1040 2129 1175 2157 scinditur
1188 2128 1228 2156 sol
1244 2137 1250 2155 :
1268 2127 1339 2155 ferro
1353 2128 1425 2155 enim
1452 2129 1539 2156 scindi
1557 2129 1583 2156 in
1613 2130 1715 2165 lignum
1738 2130 1821 2163 cadit,

1040 2180 1068 2202 at
1081 2183 1135 2203 non
1153 2176 1180 2203 in
1197 2175 1292 2203 solem.
1321 2176 1360 2203 Ac
1376 2175 1456 2207 sicut,
1476 2183 1537 2202 cum
1566 2175 1667 2202 ferrum
1686 2176 1747 2210 igne
1778 2185 1823 2204 ca-

1043 2221 1170 2249 lefactum
1196 2228 1272 2255 aqua:
1284 2221 1465 2255 immergitur,
1491 2228 1630 2255 occupans
1645 2221 1731 2256 frigus
1745 2229 1822 2255 aqua:

1043 2266 1112 2301 ignis
1121 2265 1250 2297 calorem,
1267 2265 1354 2298 ipsutn
1369 2265 1527 2299 exstinguit,
1543 2266 1578 2292 ita
1596 2270 1686 2292 tamen
1704 2270 1733 2293 ιιι
1749 2267 1822 2293 nulla

1041 2310 1075 2337 ab
1089 2317 1122 2337 eo
1135 2317 1205 2337 noxa
1221 2310 1249 2336 in
1275 2308 1376 2336 ferrum
1396 2309 1485 2340 cadat,
1499 2310 1562 2344 quia
1577 2311 1666 2344 passio
1689 2310 1724 2338 ab
1751 2318 1822 2345 aqua

1041 2355 1140 2391 [illata]
1161 2355 1215 2390 igni
1230 2355 1360 2389 competit
1378 2359 1406 2381 ut
1423 2355 1458 2381 ab
1473 2355 1530 2389 ipsa
1563 2355 1764 2390 exstinguatur,
1793 2359 1821 2382 at

1041 2409 1094 2427 non
1109 2400 1238 2435 competit
1257 2400 1328 2427 l‘erro
1343 2400 1435 2427 eadetn
1454 2399 1614 2427 madefacm.
1628 2400 1726 2427 Eodem
1741 2401 1821 2428 modo

1040 2446 1141 2474 cadunt
1156 2446 1294 2480 passiones
1305 2445 1332 2472 in
1349 2445 1465 2472 animant
1479 2445 1622 2472 humanam
1645 2449 1672 2472 et
1689 2446 1722 2472 ad
1734 2446 1820 2481 ipsam

1041 2491 1209 2527 pertingant,
1231 2494 1371 2524 totumque
1390 2496 1500 2523 corpus,
1516 2489 1579 2524 quia
1599 2489 1625 2516 ln
1642 2490 1699 2524 ipso
1716 2491 1820 2524 passio—

1039 2545 1087 2564 nes
1112 2537 1202 2563 locum
1234 2535 1346 2567 habent,
1367 2540 1394 2561 at
1422 2541 1476 2561 non
1507 2535 1578 2561 cadit
1606 2534 1631 2561 itt
1650 2535 1821 2562 divinitatem

1037 2581 1195 2617 quidquam.
1223 2579 1307 2607 Porro
1323 2579 1459 2606 credimus
1475 2579 1612 2606 Christum
1646 2580 1743 2606 Filiutn
1773 2580 1818 2607 Dci

1038 2627 1148 2655 unicum
1164 2632 1223 2654 esse
1244 2628 1304 2660 post
1334 2624 1561 2656 incarnationem,
1595 2633 1700 2652 necnon
1734 2625 1818 2652 tilium

1037 2672 1166 2704 hominis,
1183 2673 1270 2706 ipsutn
1287 2677 1340 2697 non
1364 2670 1458 2702 alium,
1472 2670 1612 2698 Christum
1631 2679 1728 2703 ttnum,
1760 2671 1814 2698 Do~

1039 2719 1142 2746 minunt
1157 2724 1252 2748 unum,
1268 2715 1336 2743 duas
1358 2716 1500 2743 habentem
1516 2717 1716 2751 generationes,
1741 2717 1818 2751 geni-

1040 2768 1098 2792 tutn
1121 2771 1135 2791 a
1151 2763 1228 2792 Patro
1248 2767 1310 2791 ante
1330 2763 1441 2796 saecula,
1455 2770 1536 2798 supra
1557 2771 1662 2792 omttem
1695 2771 1816 2796 causam,
