2015 3081
187 162 252 194 10H

694 164 877 195 FUTYCHII
895 161 1116 192 ALEXANDRI
1123 163 1164 193 NI
1187 163 1293 193 PATH.

1734 163 1801 195 1οἷ8

183 226 349 252 sermonem,
363 219 564 254 cogitationem,
580 223 607 248 et
618 224 734 254 tempus,
750 227 854 247 necnon
871 223 964 246 natum
980 218 1003 246 Δ
1018 222 1071 245 tem
1086 218 1242 253 quicunque
1257 217 1436 244 mutationem
1453 217 1508 244 Deo
1529 217 1665 244 attribuit.
1682 217 1736 253 76
1751 218 1802 243 νυ-

184 271 200 291 a
222 264 307 292 Matre
318 264 369 292 ﬁne
385 265 526 300 temporis.
552 269 662 299 propter
689 264 803 292 salutem
832 269 964 297 nostram,

183 308 279 336 eodem
299 310 379 337 modo
396 318 450 345 quo
477 317 526 338 nos
550 311 608 338 nati
637 317 743 342 sumus,
764 314 790 337 et
806 317 889 345 supra
914 317 965 337 na-

183 355 314 382 tivitatem
331 361 452 384 nostram
469 376 476 389 ,
489 356 614 384 videlicet
631 363 663 383 eo
679 355 760 383 modo
773 363 828 391 quo
841 363 892 384 nos
906 357 962 384 nati

182 408 289 433 sumus,
299 401 351 435 72
361 402 432 436 quod
444 401 526 429 homo
538 401 620 429 fuerit
630 405 657 429 et
669 409 701 429 ex
710 402 840 434 muliere;
855 406 881 430 et
893 401 964 437 quod

182 446 214 471 ad
233 450 338 479 tempus
361 446 522 479 nativitatis,
544 452 605 481 post
617 454 714 474 novem
730 454 858 474 menses:
875 451 902 474 at
915 452 963 474 stt-

181 495 229 522 pra
246 489 412 516 nativitatem
439 494 571 523 nostram,
588 491 660 526 quod
676 499 729 518 non
757 492 838 519 fuerit
862 500 894 520 ex
921 499 965 520 se-

181 533 263 566 mine,
284 541 376 561 verum
392 542 426 562 ex
442 536 543 570 Spiritu
560 542 664 568 sancto.
691 542 716 564 et
736 537 820 564 Maria
854 537 964 572 Virgine

181 579 296 613 illibata,
323 588 407 615 supra
435 581 520 617 legem
549 582 701 610 nativitatis
729 583 863 614 humanae,
892 583 964 617 quod

179 624 263 653 illaesa
289 627 418 654 manserit
447 627 590 663 virginitas
609 628 705 655 Matris
733 636 789 656 sua:
819 634 963 664 postquam

180 670 215 697 ab
240 671 299 705 ipsa
325 676 406 700 natus
435 673 496 700 fuit.
525 674 626 708 Estque
644 673 716 701 idem
732 673 803 702 Deus
823 675 963 708 perfectus

181 720 207 742 ct
231 715 312 744 homo
327 718 463 752 perfectus
477 722 568 751 ;tolus
582 719 640 754 ipse
656 719 727 747 Deus
740 719 886 754 perfectus,
901 727 963 747 cum

181 761 348 789 humanitate
366 770 426 795 sua,
445 767 471 790 et
491 767 564 791 totus
586 765 668 792 homo
688 764 826 799 perfectus
837 772 899 792 enm
914 764 964 791 di-

180 806 294 834 vinitate
319 815 378 835 sua.
394 807 512 836 Verbum
528 810 600 837 enim
613 811 783 838 lncarnatum
803 815 845 838 est
860 810 964 844 absque

179 851 341 884 mutatione,
359 853 552 887 minoratione,
579 858 626 881 aut
638 855 767 888 defectu;
792 859 819 882 et
838 855 962 883 deiﬁcata

180 902 223 924 est
239 897 405 930 humanitas.
425 899 461 926 ita
485 905 575 928 tamen
601 905 631 928 ut
656 901 790 929 terminos
816 909 882 929 suos
906 909 961 928 non

181 942 342 975 excesserit,
371 949 550 978 permanente
611 951 725 981 utraque
765 952 861 974 natura
889 951 962 975 ειθιυ

182 994 232 1014 suo
248 988 275 1014 in
303 988 413 1016 Christo
433 998 497 1023 uno,
510 994 538 1018 et
554 991 646 1025 agnita
661 992 848 1020 voluntatibus
864 993 924 1020 suis
937 998 964 1022 et

181 1031 337 1061 actionibus
351 1034 410 1061 suis
421 1034 447 1062 in
471 1036 578 1063 unitate
593 1044 717 1071 perseuas
729 1037 813 1065 Verbi
829 1038 888 1071 Dei,
903 1046 963 1073 quae

181 1081 324 1112 utramque
338 1080 546 1115 comprehendit
572 1082 737 1117 proprietate
765 1090 814 1111 sua
841 1092 893 1117 una
910 1091 963 1119 qua

181 1123 308 1151 subsistit
327 1125 453 1155 Christus
470 1135 552 1160 unus,
569 1129 596 1156 iu
613 1136 667 1163 quo
687 1134 751 1156 sunt
775 1132 836 1157 duae
846 1135 962 1163 naturae,

182 1170 287 1197 scilicet
303 1178 410 1206 creans,
430 1181 489 1208 quae
503 1179 595 1202 manet
609 1182 706 1203 creans
720 1184 728 1209 ;
744 1179 771 1204 et
786 1180 887 1207 creata,
903 1184 964 1211 qua;

183 1219 272 1242 manet
286 1221 377 1245 creata
391 1226 398 1250 ;
414 1222 441 1245 et
461 1227 522 1253 quat
536 1221 658 1248 mortalis
673 1221 733 1254 fuit,
751 1221 886 1250 mortalis:
903 1229 964 1256 quae

182 1263 356 1295 immortalis,
373 1265 534 1292 immortalis
549 1274 556 1298 ;
571 1271 596 1293 ct
609 1275 669 1301 quae
685 1268 842 1299 terminata,
868 1268 963 1295 termi-

180 1306 222 1332 nis
237 1306 464 1342 ciroumseripta;
481 1313 508 1336 ct
520 1317 580 1344 qua:
607 1311 715 1337 termini
736 1319 790 1338 non
807 1319 903 1346 capax,
921 1313 964 1339 iu-

182 1352 348 1385 terminata;
365 1357 391 1380 et
415 1361 476 1388 quae
492 1355 579 1382 videri
607 1359 706 1390 potest,
739 1356 880 1390 visibilis;
903 1365 963 1391 quae

180 1396 266 1424 videri
278 1405 332 1424 non
352 1402 452 1432 potest,
473 1399 629 1432 invisibilis,
645 1409 761 1435 quarunt
779 1403 863 1430 altera
878 1403 963 1430 mira-

181 1443 251 1471 culis
266 1444 360 1479 fulget,
378 1445 462 1473 altera
481 1446 643 1474 aﬁlictiones
658 1448 768 1482 perfert.
782 1449 819 1476 ita
834 1451 958 1484 suscepit

183 1488 301 1517 Verbum
309 1491 354 1519 Dei
370 1492 660 1527 passiones,qunniam
676 1493 727 1527 ipsi
741 1498 804 1522 sunt
821 1495 962 1529 passiones

1018 272 1077 292 rnm
1094 265 1163 292 dixit
1175 264 1255 301 [ipse]
1271 265 1412 292 veritatem
1428 272 1481 300 qua
1494 263 1646 299 intelligant
1664 264 1801 295 hominvs.

1017 315 1044 339 et
1066 319 1096 338 se
1120 319 1180 338 esse
1199 311 1296 338 Filium
1323 311 1381 343 Dei,
1404 315 1432 338 ct
1453 314 1573 346 genitum
1594 317 1609 337 a
1631 309 1714 337 Patre
1740 317 1802 337 ante

1018 358 1108 384 omnia
1126 357 1236 388 saecula,
1254 356 1418 391 proprietate
1434 356 1572 383 ﬁliationis
1594 359 1621 382 et
1637 355 1801 383 substantiae
1813 371 1821 380 Δ

1016 402 1167 429 divinitatis
1181 401 1241 429 sine
1258 408 1340 428 carne
1353 405 1377 427 et
1386 401 1445 427 sine
1460 404 1556 432 matre,
1574 406 1625 426 nec
1636 406 1691 425 non
1703 403 1798 426 natum

1016 447 1097 474 etiam
1116 446 1219 473 ultimis
1235 446 1402 480 temporibus
1419 453 1451 472 ex
1467 445 1552 472 Maria
1569 444 1681 478 Virgine
1696 445 1748 471 isto
1757 451 1800 470 re-

1018 497 1112 527 spectu
1128 492 1271 526 peculiari.
1284 491 1425 518 tilintionis
1440 491 1545 517 scilicet
1562 495 1588 517 et
1602 490 1707 517 duabus
1731 489 1799 517 sub-

1015 538 1124 565 stantiis
1137 537 1316 572 coniunctim,
1332 536 1484 564 substantia
1508 535 1660 562 divinitatis
1675 538 1797 565 aeterure.

1015 588 1042 612 et
1054 583 1206 611 substantia
1219 581 1396 610 humanitatis
1406 581 1495 609 eidem
1507 581 1655 615 conjuncta
1668 580 1799 607 mistione

1015 634 1076 663 quae
1091 631 1234 661 utramque
1250 626 1432 654 substantiam
1454 625 1672 660 comprehendit,
1692 625 1798 652 unitate

1014 673 1190 709 proprietatis
1207 672 1357 704 ﬁliationis,
1371 678 1431 706 quae
1449 671 1585 706 duplicem
1606 670 1687 697 habet
1699 671 1799 697 nativi-

1013 723 1106 751 tatem,
1131 718 1244 746 alteram
1263 725 1296 745 ex
1320 717 1410 750 Patre,
1441 720 1584 748 aeternam,
1614 715 1675 742 sine
1703 722 1799 747 carne,

1014 770 1041 794 et
1064 765 1177 793 alteram
1191 772 1225 792 ex
1247 768 1345 795 matre,
1375 763 1402 790 in
1431 768 1567 796 tempore,
1608 769 1670 789 cum
1706 769 1798 789 carne.

1014 810 1115 845 Estque
1132 810 1189 844 ipse
1201 809 1273 836 ﬁlius
1288 815 1370 840 unus,
1383 807 1469 835 Filius
1480 807 1538 839 Dei,
1563 812 1589 835 et
1601 806 1688 834 Filius
1703 806 1802 837 Maria,

1015 857 1130 890 ideoque
1144 862 1198 893 non
1216 855 1321 882 destitit
1332 855 1422 882 dicere
1432 861 1464 881 ac
1481 853 1568 889 palam
1587 853 1677 880 facere
1692 859 1722 880 se
1736 859 1798 879 esse

1014 901 1112 928 Filium
1125 899 1185 932 Dei,
1197 899 1269 934 quod
1284 903 1310 926 et
1322 898 1451 934 apostolis
1464 899 1624 933 ceterisque
1641 897 1798 924 hominibus

1015 947 1170 978 inculcavit,
1185 953 1238 974 uon
1257 952 1312 973 uno
1327 945 1354 972 in
1372 945 1443 978 loco,
1457 944 1572 971 dicens:
1590 942 1654 970 Idea
1673 942 1741 969 Deus
1758 943 1800 968 di-

1015 995 1079 1021 lexit
1095 992 1229 1024 mundum,
1243 999 1301 1018 cum
1327 991 1426 1018 dederit
1450 998 1496 1024 pro
1512 990 1574 1024 ipsis
1602 987 1703 1014 Filium
1723 996 1800 1014 suum

1014 1039 1131 1070 unicum,
1151 1046 1182 1064 ne
1201 1041 1288 1072 pereat
1300 1036 1417 1072 quisquis
1430 1036 1458 1062 in
1468 1043 1526 1063 eum
1539 1034 1690 1066 crediderit,
1708 1041 1798 1060 verum

1014 1085 1107 1112 habeat
1119 1088 1345 1111 vrtunta’lernam.
1363 1081 1424 1108 Non
1441 1081 1511 1108 enim
1527 1080 1601 1108 misit
1614 1080 1682 1106 Deus
1696 1079 1799 1106 Filium

1014 1138 1091 1158 suum
1108 1130 1134 1157 iu
1154 1129 1281 1156 mundum
1299 1132 1328 1154 ut
1350 1127 1535 1153 condemnaret
1554 1125 1692 1155 mundum.
1712 1125 1757 1160 mi
1770 1130 1800 1150 ut

1014 1176 1125 1204 saluarer
1147 1175 1272 1201 mundum
1295 1172 1449 1206 Quicunque
1471 1180 1532 1206 ergo
1549 1171 1632 1198 credit
1654 1171 1680 1197 in
1695 1170 1798 1196 Filium

1014 1229 1066 1248 non
1077 1220 1276 1247 condemnatur.
1298 1218 1332 1245 At
1353 1219 1499 1253 quicunque
1518 1224 1569 1243 non
1591 1215 1733 1243 crediderit
1770 1215 1798 1240 in

1014 1265 1115 1292 Filium
1129 1265 1231 1298 judicia
1243 1264 1370 1290 obnoxius
1385 1267 1434 1295 est,
1447 1263 1510 1297 quia
1528 1271 1580 1289 nou
1602 1262 1685 1289 credit
1705 1262 1733 1288 iu
1751 1270 1799 1289 nov

1014 1319 1072 1338 men
1091 1310 1138 1338 Dei
1158 1311 1246 1337 unius.

1050 1357 1173 1384 Sufﬁciat
1194 1360 1284 1383 autem
1302 1354 1375 1389 quod
1392 1353 1511 1381 diximus
1535 1353 1662 1388 quodque
1677 1352 1798 1387 explica-

1014 1403 1104 1429 vimus
1122 1402 1155 1428 dc
1170 1401 1272 1428 unione
1288 1400 1438 1427 divinitatis
1460 1399 1567 1426 Domini
1585 1399 1672 1426 nostri
1696 1398 1798 1425 Christi

1015 1453 1075 1473 cum
1085 1445 1207 1480 77-79
1214 1444 1381 1472 humanitate
1389 1451 1450 1476 sua,
1457 1444 1542 1478 deque
1550 1444 1654 1470 unitate
1662 1442 1800 1470 ﬁliationis

1015 1491 1099 1526 ipsius
1120 1490 1233 1524 ejusque
1247 1497 1302 1524 quo
1324 1489 1456 1516 Dominus
1481 1492 1523 1516 est
1545 1492 1698 1522 respectus,
1716 1492 1799 1522 atque

179 1535 272 1563 carnis
285 1544 341 1564 sua:
353 1542 468 1570 sanciat,
484 1542 511 1565 et
521 1538 723 1566 adminiSIravit
737 1547 801 1568 caro
818 1541 962 1574 miracula,
975 1534 998 1565 C
1014 1541 1152 1564 ostensum
1174 1538 1217 1562 est
1239 1534 1326 1562 cuivis
1348 1533 1485 1561 intellectu
1507 1537 1534 1561 et
1558 1533 1664 1567 judicio
1685 1533 1800 1568 praedito

179 1581 211 1608 ad
219 1582 432 1610 conﬁrmandam
442 1584 597 1612 mistioneut
607 1585 633 1612 in
644 1585 764 1620 73-75
773 1593 890 1619 persona
897 1595 963 1619 una,

179 1630 264 1661 atque
279 1634 341 1655 esse
349 1628 438 1662 ipsum
446 1629 582 1657 Christum
592 1638 688 1662 unum,
701 1630 747 1665 qui
762 1631 820 1658 edit
830 1631 962 1660 miracula

180 1672 330 1700 divinitatis
343 1680 399 1700 sure
416 1681 469 1700 una
482 1681 542 1700 cum
558 1674 725 1702 humanitate
741 1683 807 1709 sua;
823 1681 850 1703 et
863 1676 964 1711 perfert

181 1717 321 1751 passiones
338 1718 526 1751 humanitatis,
540 1727 592 1746 una
610 1727 671 1746 cum
687 1720 839 1748 divinitate.

215 1762 291 1794 Quod
305 1762 327 1789 si
344 1763 444 1790 dixerit
459 1763 610 1798 quispiam:
627 1764 770 1796 Quomodo
784 1766 897 1800 (factum
909 1768 964 1802 est)

182 1814 211 1834 ut
226 1808 525 1836 nondixeritChristus
546 1809 572 1837 in
591 1809 737 1845 Evangelia
750 1818 780 1838 se
794 1811 878 1839 Deum
892 1821 962 1846 esse,

182 1861 236 1888 quo
247 1854 282 1881 ita
298 1861 380 1881 omne
395 1854 428 1882 de
443 1862 476 1882 eo
487 1855 599 1882 dubium
615 1855 780 1884 tolleretur?
802 1857 962 1892 Respondeo

182 1898 331 1932 Christum,
355 1900 377 1926 si
399 1899 512 1927 dixisset
532 1908 562 1928 se
586 1900 670 1928 Deum
690 1908 761 1934 esse,
787 1901 963 1930 inducturum

182 1943 267 1971 fuisse
275 1951 322 1971 eos
331 1944 377 1979 qui
386 1944 411 1971 in
425 1945 512 1979 ipsum
522 1945 647 1977 credunt,
660 1945 687 1973 in
695 1953 815 1974 errorem
827 1955 965 1982 magnum,

182 1989 234 2022 Qui
261 1989 334 2016 enim
355 1989 453 2016 dixerit
475 1997 505 2017 se
527 1990 610 2018 Deum
636 1998 707 2024 esse,
731 1993 855 2020 nominat
881 1996 964 2020 totam

183 2035 362 2062 substantiam
380 2035 510 2067 divinam,
526 2040 552 2062 et
568 2040 690 2063 naturam
707 2045 801 2070 unam,
817 2042 900 2072 atque
914 2038 965 2066 hoc

183 2079 257 2106 dicto
284 2087 335 2107 suo
362 2083 418 2107 tres
448 2087 579 2115 personas
599 2082 816 2116 comprehendit,
842 2083 964 2116 Patrem,

183 2125 291 2157 Filium,
307 2129 334 2153 et
352 2125 481 2161 Spiritum
494 2132 628 2160 sanctum,
641 2127 725 2156 Deum
743 2122 837 2157 unum.
857 2131 884 2158 Si
900 2139 966 2169 ergo

182 2172 298 2199 dixisset
311 2172 449 2203 Christus.
464 2179 494 2200 se
508 2171 590 2200 Deum
610 2180 680 2206 esse,
700 2174 753 2201 sibi
769 2176 919 2209 tribuisset,
935 2186 965 2206 se

183 2225 244 2245 esse
267 2217 386 2251 Patrem,
404 2216 515 2250 Filium,
540 2222 567 2244 et
585 2217 715 2252 Spiritum
736 2224 872 2254 sanctum,
897 2222 965 2250 sibi.

184 2271 236 2297 que
252 2268 307 2290 tres
321 2270 384 2290 esse
394 2270 536 2297 personas,
557 2270 589 2290 ac
611 2270 651 2296 se,
665 2267 692 2291 et
711 2263 818 2292 Patrem
842 2273 914 2299 esse,
940 2271 967 2295 et

183 2309 303 2344 genitum
316 2316 330 2335 a
346 2307 427 2335 Patre
438 2312 499 2335 ante
509 2308 618 2340 saecula,
629 2316 678 2336 nec
689 2317 743 2336 nou
756 2310 945 2345 procedentem
959 2321 966 2340 :

185 2355 236 2382 hoc
247 2357 337 2390 autem
351 2354 532 2388 periculosum
548 2359 600 2387 est,
610 2358 636 2381 et
647 2354 718 2389 quod
733 2355 791 2382 fieri
803 2363 857 2384 non
868 2362 966 2391 potest,

184 2400 288 2428 scilicet
305 2402 336 2426 ut
348 2399 374 2426 in
390 2398 473 2426 Deum
486 2398 575 2434 (cuius
588 2406 686 2426 nomen
696 2400 875 2436 gloriﬁcetur)
888 2403 968 2429 cadat

186 2445 309 2477 mutatio,
322 2444 422 2478 ﬁatque
431 2444 476 2478 qui
491 2445 592 2478 genuit,
605 2444 730 2478 genitus;
748 2449 774 2472 ct
787 2446 833 2480 qui
849 2447 967 2481 genitus,

183 2491 315 2525 gignens;
330 2493 356 2517 et
376 2489 424 2524 qui
447 2490 579 2524 procedit,
596 2489 676 2517 Pater
687 2494 713 2518 et
727 2490 823 2518 Filius.
847 2491 924 2524 Quod
945 2493 968 2521 si

183 2536 333 2564 dixerimus
361 2535 445 2563 fuisse
474 2535 653 2564 substantiam
675 2540 759 2563 totam
786 2538 813 2564 in
842 2545 967 2572 corpore,

184 2581 338 2618 [sequetur]
362 2581 479 2614 Patrem,
512 2581 610 2609 Filium
632 2587 658 2609 et
689 2582 819 2617 Spiritum
844 2588 967 2611 sanctum

158 2639 161 2643 λ
186 2634 239 2654 una
256 2627 428 2658 incarnatos,
447 2631 595 2661 natumque
610 2635 671 2655 esse
683 2627 791 2655 Patrem
809 2628 836 2655 in
852 2636 966 2664 corpore

189 2680 223 2699 ex
245 2671 341 2704 Maria,
364 2679 470 2699 necnon
498 2671 573 2699 illum
589 2673 636 2707 qui
661 2673 794 2708 procedit,
822 2677 902 2708 atque
928 2674 965 2700 ita

186 2718 292 2745 Patrem
307 2718 468 2746 translatum
487 2718 571 2745 fuisse
592 2725 608 2745 a
628 2718 788 2752 paternitate
805 2718 837 2745 ad
859 2719 967 2746 ﬁliatio-

187 2770 247 2790 nem
263 2771 324 2797 quae
337 2767 378 2791 est
391 2763 534 2791 conversio
545 2767 573 2791 et
587 2764 710 2797 mutatio,
726 2764 897 2799 blasphemat
917 2772 966 2792 au-

226 2851 323 2877 ‘Juan.
340 2859 380 2883 ιιι,
400 2853 430 2878 16
445 2860 504 2885 sqq.

1014 1581 1152 1608 Christum
1168 1587 1252 1607 unum
1269 1586 1330 1606 esse
1343 1579 1446 1606 unitate
1459 1578 1642 1606 subsistentia:
1658 1578 1739 1605 unius
1755 1578 1798 1604 vi-

1014 1626 1110 1653 delicet
1121 1624 1304 1652 subsistentia:
1320 1623 1400 1650 Verbi
1415 1623 1521 1656 aterni,
1540 1623 1646 1650 duabus
1657 1623 1798 1657 praeditum

1015 1671 1130 1702 naturis,
1150 1669 1253 1701 divina,
1267 1675 1328 1703 quae
1339 1672 1440 1696 aeterna
1453 1671 1505 1699 est,
1519 1671 1546 1694 et
1567 1668 1696 1700 humana,
1714 1675 1798 1702 quam

1014 1715 1067 1744 sibi
1081 1715 1194 1746 ereavit,
1215 1721 1247 1741 ac
1271 1713 1416 1741 manifesta
1439 1713 1510 1740 facta
1527 1713 1685 1740 absurdius
1702 1720 1798 1740 eorum

1014 1768 1074 1795 quae
1091 1759 1252 1795 proﬁtentur
1269 1762 1323 1785 tam
1336 1758 1491 1786 Nestoriaui
1509 1766 1589 1793 quam
1601 1757 1743 1786 Jacobitze.
1759 1759 1798 1785 Ac

1015 1808 1068 1836 nisi
1093 1807 1146 1834 hoc
1168 1806 1261 1835 sedulo
1278 1806 1427 1833 vitaretnus
1447 1813 1481 1832 ne
1501 1813 1580 1840 aequo
1599 1805 1705 1840 longior
1725 1810 1800 1833 esset

1014 1853 1083 1880 hber
1103 1855 1206 1884 uoster,
1223 1859 1291 1879 neve
1311 1851 1347 1878 ab
1366 1851 1490 1877 instituto
1506 1851 1586 1878 nobis
1603 1852 1742 1885 proposito
1756 1851 1799 1877 di-

1016 1898 1190 1934 grederentur
1198 1897 1274 1932 plura
1294 1898 1326 1923 ad
1344 1897 1414 1924 hanc
1429 1898 1591 1925 sententiam
1607 1896 1795 1932 expliundam

1016 1949 1099 1979 atque
1109 1943 1297 1971 clucidandam
1318 1943 1491 1970 adderemus.
1507 1943 1560 1976 Qui
1578 1947 1667 1970 autem
1681 1949 1739 1970 eam
1754 1942 1797 1969 di-

1016 1990 1115 2018 stincte
1129 1989 1290 2024 explicatam
1311 1989 1382 2015 scire
1401 1988 1538 2015 desiderat
1551 1989 1675 2016 consulat
1697 1988 1797 2015 librum

1017 2043 1106 2063 meum
1121 2035 1166 2069 qui
1181 2034 1259 2061 Liber
1281 2034 1468 2069 disputationis
1481 2035 1548 2060 inter
1567 2034 1752 2061 heterodoxum
1773 2038 1799 2059 et

1017 2081 1206 2112 Christianum,
1220 2080 1375 2114 insignitur.
1396 2079 1433 2106 Eo
1445 2079 1515 2106 enim
1536 2079 1616 2111 libro,
1635 2079 1798 2106 sententiam

1016 2125 1210 2155 Christianam,
1237 2124 1263 2150 id
1284 2127 1325 2151 est
1352 2122 1552 2154 Melchitarum,
1580 2123 1750 2154 conﬁrmavi,
1774 2127 1802 2148 et

1018 2171 1191 2199 heterodoxis
1203 2168 1342 2204 respondi.

1052 2216 1112 2243 Jam
1135 2222 1200 2243 vero
1214 2219 1245 2242 ut
1267 2213 1301 2242 ad
1322 2213 1476 2242 institutum
1502 2216 1638 2244 nostrum,
1656 2217 1683 2239 et
1705 2212 1732 2239 in
1748 2219 1801 2246 qua

1016 2261 1204 2297 prosequenda
1226 2260 1338 2292 fuimus,
1361 2259 1502 2286 historiam
1518 2263 1686 2285 revertamur
1698 2257 1801 2285 Yazde-

1015 2307 1075 2342 jerd
1085 2305 1209 2333 Bahrami
1226 2304 1308 2337 ﬁlius,
1323 2303 1356 2330 Al
1379 2303 1470 2330 Athim
1487 2302 1643 2338 [scelestus]
1660 2301 1802 2336 cognomi-

1017 2357 1110 2384 natus,
1128 2351 1270 2378 Persarum
1285 2355 1345 2381 rex,
1368 2348 1472 2382 rigidus
1495 2351 1577 2381 atque
1593 2350 1718 2374 austeros
1739 2345 1802 2377 fuit,

1018 2398 1095 2426 mala:
1112 2394 1339 2426 conversationis,
1361 2393 1429 2421 adeo
1446 2397 1475 2419 ut
1496 2400 1567 2427 aegre
1593 2392 1666 2426 ipsos
1692 2391 1803 2418 haberet

1017 2442 1088 2477 quod
1106 2442 1192 2476 ipsum
1207 2439 1259 2473 ipsi
1268 2438 1319 2466 sibi
1334 2437 1528 2473 praefecissem,
1546 2437 1695 2463 timuerunt
1711 2441 1801 2462 tamen

1018 2489 1106 2521 ipsum
1123 2485 1258 2515 occidere.
1272 2485 1397 2510 nolentes
1409 2482 1475 2510 illud
1492 2482 1525 2509 de
1543 2482 1663 2516 ipsorum
1681 2480 1801 2515 Regibus

1017 2533 1045 2561 in
1057 2539 1158 2560 morem
1174 2530 1280 2557 cedere.
1291 2528 1425 2556 Asserunt
1435 2531 1523 2554 autem
1534 2528 1619 2553 visum
1631 2533 1691 2554 esse
1703 2533 1803 2559 equum

1017 2579 1063 2614 qui
1079 2584 1165 2612 usque
1178 2576 1242 2603 dum
1259 2575 1291 2602 ad
1312 2578 1416 2610 portam
1433 2572 1505 2607 regis
1518 2576 1613 2604 staret,
1631 2571 1802 2606 procederet,

1018 2632 1100 2661 quem
1115 2622 1353 2651 circumdederunt
1371 2620 1497 2648 homines
1514 2619 1608 2646 formae
1634 2619 1690 2654 so
1716 2618 1803 2653 ipsius

1021 2669 1252 2707 pulchritudinem
1263 2676 1294 2695 ac
1308 2670 1453 2695 structura
1477 2665 1669 2700 perfectionem
1683 2664 1780 2691 mirati
1793 2671 1802 2690 τ

1021 2724 1136 2751 eumque
1152 2715 1306 2743 nuntiatum
1321 2713 1354 2740 de
1369 2719 1401 2740 eo
1413 2712 1469 2746 regi
1484 2716 1557 2739 esset
1571 2711 1705 2745 prodiisse
1715 2710 1804 2745 ipstnu

1022 2765 1054 2792 ad
1070 2770 1131 2792 eum
1149 2759 1373 2796 conspiciendum
1401 2765 1551 2793 magnaque
1571 2757 1606 2785 ob
1629 2764 1691 2785 cum
1712 2756 1804 2784 laetitia

1815 2653 1820 2675 l
