2015 3081
205 160 274 194 1049

207 266 358 296 secnderet.
387 267 500 302 propius
516 266 689 294 accedentem
706 266 804 294 faciem
822 267 872 301 ipsi
888 267 993 294 demul-

207 313 277 339 sisse
292 315 319 338 et
336 312 438 339 cirrum
452 319 483 340 ac
497 313 591 347 jnbam
608 317 804 345 contrectasse,
817 312 878 340 dein
896 316 922 340 ct
934 313 994 340 clu-

209 366 256 386 nes
274 359 325 393 ipsi
354 358 495 394 detergcrc
518 358 655 392 voluisse;
681 362 708 385 at
727 366 789 385 cum
817 365 888 393 pone
907 358 993 392 ipsum

209 409 282 432 recta
300 408 386 432 staret
398 405 481 432 ictum
500 405 551 438 ipsi
565 405 687 432 calcibus
708 404 852 439 impcgisse
871 402 995 439 [equum]

211 457 265 486 quo
280 451 358 485 jecur
372 451 431 486 ejus
446 451 540 477 ltesum
555 455 596 477 est
612 449 681 477 adeo
699 454 728 477 ut
745 454 906 476 moreretur.
925 448 994 475 Tum

214 497 351 524 concitato
361 504 443 524 cursu
461 496 563 531 fugisse
586 495 652 523 adeo
669 500 698 523 ut
712 503 791 522 nemo
805 495 894 530 ipsum
919 502 996 522 asse-

211 544 257 578 qui
273 547 373 578 posset.
391 543 497 570 Dixisse
517 549 582 578 ergo
600 542 723 569 homines
737 542 789 568 hoc
807 549 822 568 e
840 541 888 568 Dei
913 541 997 568 bene-

211 590 317 617 ﬁcentia
329 594 353 616 et
369 589 558 616 misericordia
574 589 602 615 in
619 596 670 616 nos
684 587 746 614 fuit.
757 587 889 622 Regnavit
903 592 994 614 autem

210 633 359 669 Ynzdejcrd
377 634 407 661 Al
426 634 517 661 Athim
540 641 628 661 annos
652 632 748 669 viginti
777 640 873 665 unum,
892 639 1000 660 menses

210 680 330 715 quinque
343 684 369 716 ct
383 680 440 707 dies
454 679 618 707 octodecim.

246 726 356 752 Mortuo
371 724 541 760 Yazdejerdo
558 724 752 752 convenientes
776 723 920 752 Persarum
939 731 1000 752 ma-

211 776 316 806 gnates.
330 770 479 797 dixerunt:
507 769 546 796 Nc
571 769 752 804 praeficiamus
779 769 857 796 nobis
875 776 890 796 e
906 776 1002 804 proge-

213 817 256 843 nie
273 816 358 850 ipsius
373 815 503 850 aliquem,
518 823 552 841 ne
563 814 655 843 eadem
669 815 740 850 apud
758 822 807 842 nos
820 815 864 842 via
879 815 998 843 incedat.

213 860 274 888 Fuit
286 866 376 887 autent
391 860 561 895 Yazdcjetdo
585 860 656 887 filius
670 861 779 887 nomine
787 860 1000 896 Bahram,quem

214 907 240 933 in
256 906 360 932 nullum
388 913 480 932 secum
496 905 633 939 negotium
655 905 826 933 admiserunt
845 914 852 933 :
869 906 914 933 ille
939 913 1004 940 ergo

213 959 307 979 eorum
321 951 495 986 quibusdam,
511 951 572 978 Non
587 953 663 978 decet
675 951 784 986 (inquit)
800 955 828 978 ut
839 959 1003 986 quemquam

214 997 291 1024 vobis
307 1004 395 1031 regem
411 997 576 1031 pra-liciatis,
592 997 645 1024 nisi
668 997 712 1024 cui
729 997 811 1024 insint
827 1001 929 1031 septem
945 997 1005 1024 ista:

214 1043 406 1078 proprietates,
427 1042 556 1069 videlicet
580 1042 652 1077 quod
677 1047 792 1070 czcteros
807 1043 960 1075 antecellat,
977 1042 1003 1069 in

215 1087 299 1115 rebus
322 1086 547 1114 administrandis
568 1087 739 1122 praestantia,
757 1087 881 1120 consilio,
899 1086 1006 1114 veraci-

216 1133 392 1167 utclingttm,
415 1132 585 1165 furtitudine,
612 1133 779 1168 eloquentia,
800 1133 910 1160 lenitate
935 1133 1005 1160 inter

215 1180 374 1213 regendum,
405 1179 565 1206 insidiarum
595 1179 629 1206 ab
654 1179 780 1207 hostibus
811 1182 1004 1206 struendarum

215 1224 323 1258 peritia.
343 1224 471 1251 Dixerunt
483 1232 547 1259 ergo
562 1225 625 1259 ipsi,
638 1225 671 1251 At
697 1225 742 1252 ubi
758 1225 795 1252 ita
815 1228 1004 1259 comparatum

217 1270 403 1304 reperiemus?
420 1270 479 1302 l.le,
501 1269 594 1296 Fidem
607 1271 718 1305 (inquit)
736 1270 802 1297 mihi
817 1270 899 1297 facite
913 1278 962 1298 vos
980 1271 1003 1298 si

218 1316 297 1342 talem
337 1315 411 1342 rubis
444 1316 601 1342 indicavero
641 1316 766 1351 81-83
805 1317 892 1351 ipsunt
915 1324 1005 1351 regem

217 1361 424 1388 constituturos.
445 1360 502 1388 lloc
523 1368 589 1396 ergo
605 1369 667 1389 cum
685 1364 745 1396 ipso
761 1362 832 1396 pacti
852 1367 927 1395 sunt,
949 1367 1006 1390 tum

218 1405 262 1431 ille
278 1406 334 1439 (ubi
352 1406 419 1440 ipsis
447 1406 604 1441 confideret)
619 1405 676 1441 Ego
693 1407 805 1441 (inquit)
828 1407 850 1434 is
866 1415 937 1434 sum.
953 1407 1007 1435 Re-

217 1457 276 1483 gem
295 1457 360 1484 ergo
386 1451 475 1484 ipsum
502 1450 717 1478 constituerunt.
740 1450 931 1486 Regnavitque
955 1451 1008 1478 Ba-

218 1495 295 1522 hram
312 1495 472 1530 Yazdejerdi
488 1496 559 1523 ﬁlius
572 1496 631 1531 (qui
647 1501 674 1524 et
687 1496 803 1523 Bahram
817 1496 881 1531 jaur
905 1503 1008 1531 cogno-

927 163 1111 194 ANNALES.

205 221 342 253 allectum,
360 220 478 254 jussisse
499 219 594 248 sellam
614 219 715 255 imponi
733 227 788 254 quo
814 220 903 255 ipsum
925 227 992 247 con-
1008 224 1030 252 Α
1049 225 1109 251 illos

1766 164 1832 194 115')

1164 222 1271 250 irruens
1283 222 1443 250 Chakanum
1471 230 1551 249 manu
1577 229 1625 250 sua
1641 221 1751 253 occidit,
1766 225 1792 248 et
1804 222 1831 248 iu

1045 267 1195 294 exercitum
1221 267 1306 302 ipsius
1331 271 1449 302 stragem
1471 267 1594 298 immisit,
1609 267 1655 301 qui
1671 273 1735 301 ergo
1759 270 1833 300 terga

1045 311 1191 340 dederunt.
1218 312 1319 340 Deinde
1347 311 1498 339 Bahramus
1522 312 1669 338 incolumis
1695 319 1833 342 reversus,

1047 362 1140 391 captos
1151 359 1198 394 qui
1215 361 1242 386 in
1258 359 1346 393 ipsius
1364 363 1494 393 potestate
1507 363 1586 384 erant.
1601 366 1616 384 e
1632 357 1753 385 Chukani
1768 357 1835 384 sub-

1047 404 1111 432 ditis
1126 409 1153 432 et
1170 405 1311 437 militibus,
1330 413 1384 432 una
1399 412 1460 432 cum
1479 404 1612 432 uxoribus
1636 404 1772 438 ipsorum,
1788 403 1837 430 ho-

1048 451 1168 479 minibus
1186 452 1270 480 libere
1279 451 1420 479 distribuit
1431 461 1439 486 ;
1449 458 1566 486 cumque
1577 451 1604 478 in
1617 451 1755 486 regionem
1766 449 1836 476 Tur-

1048 505 1142 525 carum
1159 498 1278 525 delatum
1292 503 1366 526 esset
1382 499 1507 525 nuntium
1521 504 1616 525 corum
1631 504 1691 531 quae
1703 495 1836 523 Chakano

1049 543 1222 579 obtigisseut.
1250 544 1380 579 fugerunt
1403 544 1455 579 ipsi
1478 544 1511 571 ad
1526 548 1665 571 extremos
1683 548 1763 569 terra!
1779 548 1836 568 suae

1049 590 1160 617 limites.
1185 589 1336 617 Bahramus
1365 594 1467 620 autem.
1495 589 1605 617 fratrem
1633 595 1712 616 suum
1746 587 1837 614 Morsa

1049 634 1221 667 Chorasano,
1236 635 1399 671 prtelicicns,
1424 635 1478 670 ipsi
1493 634 1690 668 Aderbijanum
1709 639 1838 660 reversus

1050 686 1101 712 est,
1116 682 1218 708 nulloin
1230 681 1342 709 omnino
1359 681 1449 709 locum
1471 681 1631 715 relinquens
1656 680 1684 706 in
1704 686 1759 714 quo
1784 684 1838 705 non

1051 728 1160 762 aliquod
1171 727 1325 755 devotionis
1343 735 1411 762 opus
1425 727 1561 762 prazstititI
1576 724 1710 753 sacriﬁcia
1730 723 1767 751 ibi
1786 724 1839 749 im-

1051 772 1157 800 molans
1174 771 1208 799 ad
1235 771 1338 806 gratias
1361 771 1414 798 Deo
1440 770 1603 801 reddendas,
1622 769 1708 797 donec
1731 767 1776 795 ubi
1806 766 1840 794 ad

1052 817 1123 852 ignis
1139 817 1223 845 aedem
1239 825 1300 852 quae
1322 816 1479 848 Adcrbijani
1500 815 1589 843 fuerat
1615 814 1794 850 pervenisset,
1808 821 1841 839 cx

1022 888 1040 914 Β
1053 870 1124 898 equo
1144 863 1314 890 descendens
1329 861 1444 896 pedibus
1459 861 1615 893 incesserit,
1641 860 1727 887 donec
1754 859 1841 893 ipsam

1054 909 1193 944 ingressus
1205 913 1289 941 esset,
1305 909 1332 936 in
1348 908 1459 936 honoris
1470 908 1557 936 eidem
1570 906 1709 934 deferendi
1721 905 1841 939 signum,

1054 960 1081 982 et
1103 954 1136 982 ad
1154 955 1256 989 gratias
1280 954 1336 982 Deo
1358 953 1511 981 testandas.
1535 953 1604 980 Tum
1621 954 1752 982 uniones,
1777 950 1844 985 hya-

1054 1000 1162 1028 cinthos
1172 1004 1199 1026 et
1209 1007 1329 1035 gemmas
1339 999 1469 1034 pretiosas
1477 997 1697 1034 quaeinChakani
1707 996 1845 1023 diadema-

1055 1050 1081 1073 te
1097 1045 1206 1072 fuerant
1214 1045 1248 1072 ad
1259 1048 1362 1080 portam
1370 1044 1493 1079 ejusdem
1507 1043 1632 1079 85-87
1650 1043 1716 1070 aadis
1726 1041 1844 1077 appendi

1053 1093 1145 1128 jussit.
1166 1092 1313 1126 Eidemque
1337 1091 1393 1126 igni
1418 1090 1542 1118 Chakani
1571 1096 1663 1116 ensem
1694 1087 1844 1114 unionibus

1055 1143 1181 1167 ornatum
1194 1138 1315 1165 donavit.
1338 1137 1403 1164 Dein
1421 1135 1539 1163 Erakum
1566 1133 1717 1169 profectus,
1741 1132 1778 1160 ibi
1809 1132 1842 1158 ad

1056 1186 1114 1213 dies
1139 1185 1242 1218 aliquot
1255 1183 1390 1211 substitit.
1412 1181 1477 1209 Inde
1489 1185 1584 1208 contra
1602 1179 1713 1207 Graecos
1732 1178 1765 1205 ad
1784 1178 1844 1204 illos

1057 1230 1226 1258 invadendos
1240 1228 1381 1264 profectus
1395 1233 1447 1255 cst.

1093 1275 1171 1309 Quod
1191 1275 1235 1302 ubi
1251 1274 1403 1301 audivisset
1418 1271 1593 1300 Theodosius
1609 1269 1767 1298 Graecarum
1792 1268 1845 1294 im-

1057 1325 1178 1356 perator,
1197 1320 1285 1347 virum
1304 1319 1451 1354 quemdam
1473 1317 1584 1345 nomine
1605 1315 1754 1342 Estratium
1773 1314 1848 1340 misit

1057 1368 1092 1394 ad
1111 1375 1225 1402 regnum
1241 1366 1371 1392 Bahrami
1389 1363 1576 1395 lustrandum,
1590 1362 1636 1397 qui
1652 1367 1779 1388 reversus
1795 1359 1846 1394 ipsi

1059 1413 1208 1444 nuntiavit,
1227 1411 1294 1439 illud
1312 1417 1408 1446 parum
1425 1409 1560 1436 munitum
1576 1415 1647 1435 esse.
1666 1406 1726 1439 Quo
1737 1404 1842 1434 audito.

1063 1460 1109 1487 ille
1129 1459 1264 1486 Bahramo
1280 1463 1428 1485 occurrere
1450 1454 1593 1490 expetivit.
1617 1453 1763 1480 instructis
1781 1459 1847 1485 ergo

1063 1506 1151 1541 copiis
1162 1523 1171 1538 ,
1182 1513 1243 1533 cum
1251 1508 1343 1532 contra
1353 1503 1442 1538 ipsum
1452 1509 1515 1528 cuin
1546 1499 1667 1527 exercitu
1696 1505 1746 1525 suo
1783 1504 1849 1531 prs-

219 1542 337 1568 minatus
352 1543 403 1577 est)
422 1542 448 1568 in
466 1541 576 1574 Persas.
591 1550 679 1571 annos
690 1544 844 1571 octodecim
859 1551 922 1571 cum
938 1551 1009 1570 men-
1022 1555 1045 1584 α
1064 1551 1152 1579 fectus
1170 1553 1254 1581 esset,
1270 1547 1416 1576 conﬂictus
1432 1547 1504 1574 inter
1520 1546 1595 1580 ipsos
1614 1544 1760 1571 vehemens
1783 1542 1846 1572 fuit.

218 1587 295 1614 sibus
318 1587 455 1620 undecim,
473 1588 554 1622 idque
576 1595 648 1615 anno
662 1588 767 1623 imperii
788 1588 935 1616 Theodosii
958 1588 1009 1615 Ju-

218 1633 304 1660 nioris
319 1633 388 1667 regis
405 1633 576 1660 Romzeorum
592 1633 765 1661 duodecimo.
781 1633 925 1669 Imperavit
938 1641 1005 1668 ergo

219 1677 312 1704 Persis
329 1685 360 1704 ac
375 1685 404 1704 se
413 1678 516 1712 optime
533 1678 605 1705 intcr
619 1686 667 1705 eos
682 1678 776 1712 gessit,
792 1679 860 1706 adeo
874 1683 903 1705 ut
920 1679 1008 1713 ipsum

219 1727 352 1756 amarent,
364 1724 427 1750 dein
445 1724 516 1751 haud
528 1724 634 1752 destitit
650 1732 680 1752 se
699 1725 782 1752 rebus
793 1724 960 1760 juvenilibus
978 1732 1009 1752 ac

219 1769 291 1795 lustri
311 1770 461 1805 indulgere,
475 1771 543 1797 adeo
557 1774 587 1797 ut
603 1770 692 1804 ipsum
712 1771 898 1805 vituperarent
920 1770 1009 1797 homi-

219 1821 278 1846 nes,
295 1821 327 1840 ac
346 1822 458 1849 t'egnuttt
479 1815 565 1849 ipsius
587 1815 666 1843 facile
680 1816 827 1850 diripiendi
844 1823 919 1850 spem
937 1823 1006 1842 cott-

220 1859 341 1893 ciperent
354 1867 432 1894 reges
442 1861 535 1887 vicini.
549 1862 703 1896 Aggressus
714 1869 779 1896 ergo
791 1861 880 1895 ipsum
897 1860 1008 1887 Chakan

219 1905 363 1938 Maximus,
376 1906 523 1933 Turearum
538 1914 597 1939 rex,
607 1914 667 1933 cum
679 1906 772 1941 viginti
784 1908 907 1941 quinqtte
917 1913 1009 1934 arma-

220 1956 309 1979 torum
328 1952 498 1987 myriadibus
525 1952 650 1987 (quilibet
674 1956 766 1980 autem
783 1951 940 1979 Ture-arum
961 1960 1009 1980 rex

219 1997 329 2024 Chakan
355 1997 527 2032 insignitur),
553 1997 691 2032 profectus
711 2001 753 2024 cst
777 2006 863 2032 usque
882 1998 951 2025 'dutn
981 2006 1008 2025 tn

219 2044 312 2071 Alsaid
337 2047 428 2070 castra
445 2044 548 2078 ﬁgeret.
568 2044 706 2070 Dixerunt
721 2052 786 2079 ergo
813 2044 949 2072 Bahramo
963 2053 970 2072 :
987 2044 1009 2072 Ο

221 2097 279 2121 rex,
304 2089 403 2116 accidit
417 2089 496 2116 nobis
511 2096 555 2116 res
570 2095 630 2123 quae
648 2093 676 2116 et
695 2096 746 2116 nos
762 2093 789 2116 et
810 2093 836 2116 te
859 2095 1010 2125 occupatos

221 2143 236 2162 a
254 2134 318 2162 ludo
332 2135 476 2168 distineat;
492 2134 623 2168 prospice
637 2141 703 2169 ergo
719 2139 746 2162 et
763 2134 812 2162 tibi
831 2135 883 2170 ipsi
895 2139 922 2162 et
935 2135 1009 2170 genti

222 2180 296 2212 huic,
310 2180 426 2215 ejusque
449 2188 493 2208 res
513 2187 614 2208 curans
632 2185 660 2208 et
677 2181 763 2216 ipsam
787 2189 974 2218 propugnans,
993 2190 1009 2209 a

1063 1593 1180 1627 cmsique
1197 1596 1262 1619 sunt
1274 1599 1308 1619 ex
1321 1597 1442 1625 utroque
1456 1590 1580 1617 exercitu
1599 1588 1768 1622 complures,
1780 1586 1848 1612 adeo

1063 1643 1093 1667 ut
1111 1639 1220 1673 utrique
1239 1645 1268 1665 se
1283 1637 1310 1664 in
1328 1636 1420 1671 fugam
1440 1635 1551 1666 darent,
1568 1641 1679 1662 reverso
1692 1631 1848 1659 Theodosio

1062 1693 1125 1720 rege
1141 1683 1423 1716 Constantinopolim.
1448 1681 1600 1708 Bahramus
1621 1687 1686 1706 vero
1708 1677 1848 1713 profectus

1063 1730 1166 1757 Indiam
1179 1729 1266 1764 petiit,
1277 1728 1450 1756 dissimulato
1464 1726 1570 1758 habitu,
1584 1726 1676 1760 ibique
1691 1724 1725 1751 ad
1739 1728 1848 1757 tempus

1064 1777 1165 1804 mansit
1183 1776 1251 1808 ipsis
1269 1775 1438 1810 incognitus.
1454 1773 1548 1800 Robur
1567 1776 1658 1800 autem
1672 1770 1847 1805 etinsignem

1064 1823 1151 1857 ipsius
1170 1821 1361 1849 fortitudinem
1388 1822 1610 1855 conspexerunt,
1642 1817 1795 1845 iutcrlcrtis
1814 1816 1850 1842 ab

1062 1868 1123 1902 ipso
1138 1866 1203 1894 feris
1219 1873 1288 1900 qttas
1311 1866 1380 1892 mira
1404 1865 1520 1892 audacia
1546 1870 1693 1898 aggressus
1710 1867 1760 1893 est,
1781 1862 1852 1888 adeo

1062 1917 1093 1940 ut
1108 1919 1171 1939 cum
1189 1911 1222 1938 ad
1246 1910 1337 1945 ipsum
1359 1911 1531 1944 pervenisset
1560 1908 1634 1935 fama
1657 1907 1793 1942 elephanti
1821 1907 1848 1933 in

1063 1958 1185 1993 ipsorum
1207 1957 1318 1992 regione
1337 1956 1383 1991 qui
1401 1955 1461 1983 vias
1482 1955 1643 1986 infestaret,
1668 1953 1848 1987 hominesque

1062 2004 1218 2038 complures
1235 2003 1397 2034 oecidisset,
1411 2005 1522 2036 rogaret
1535 2005 1563 2028 ut
1579 2001 1631 2034 ipsi
1649 2000 1759 2028 ubinam
1776 2004 1849 2027 esset

1063 2050 1237 2081 iudicarent;
1253 2048 1299 2083 qui
1316 2048 1355 2075 illi
1366 2048 1496 2075 dixerunt
1513 2055 1521 2074 :
1536 2046 1596 2081 lpsc
1612 2053 1673 2073 cum
1687 2045 1854 2079 peregrinus

1063 2096 1102 2122 sis
1117 2095 1245 2122 nolumus
1261 2099 1287 2121 te
1300 2094 1423 2128 periculo
1437 2100 1587 2127 exponere.
1599 2091 1666 2126 Regi
1683 2095 1774 2118 autem
1787 2098 1849 2117 cum

1063 2139 1131 2167 illud
1155 2139 1344 2168 nuntiassent,
1375 2137 1450 2164 misit
1473 2137 1531 2171 ipsc
1551 2143 1614 2162 cum
1637 2134 1684 2162 illo
1706 2133 1850 2168 quemdam

1062 2185 1109 2220 qui
1129 2184 1220 2212 locum
1239 2183 1266 2211 in
1282 2191 1337 2218 quo
1356 2186 1430 2210 esset
1445 2181 1557 2216 elephas
1581 2181 1634 2208 iste
1653 2180 1704 2214 ipsi
1720 2178 1852 2206 ostende-

223 2230 297 2252 metu
313 2233 439 2254 securam
462 2230 588 2261 praestes.
610 2227 657 2254 Ille
671 2231 761 2254 autem
781 2227 863 2254 verba
885 2228 1010 2262 ipsorum
1026 2234 1051 2264 ι)
1064 2234 1122 2263 ret;
1140 2237 1222 2265 quem
1239 2229 1285 2256 ubi
1302 2228 1370 2255 vidit
1387 2227 1543 2254 Bahramus
1564 2226 1674 2261 sagitta,
1695 2233 1756 2260 qurc
1780 2224 1851 2251 inter

221 2273 334 2300 minimc
349 2277 471 2301 moratus
488 2273 627 2308 profectus
641 2277 684 2302 est
697 2273 724 2300 in
741 2277 832 2308 partes
850 2273 1008 2309 Aderbijani

221 2323 302 2355 atque
321 2319 458 2347 Armeniae
478 2321 512 2347 ad
528 2321 632 2347 cultum
652 2320 679 2348 iu
704 2320 804 2355 templo
828 2319 927 2347 ibidem
952 2320 1008 2354 igni

220 2365 310 2392 dicato
322 2365 516 2399 praestandum.
534 2365 613 2398 Quod
628 2373 691 2393 cum
708 2373 762 2393 non
776 2365 936 2393 dubitarent
957 2366 1009 2393 ho-

221 2411 308 2438 mines
323 2411 412 2445 ipsum
428 2410 527 2438 fecisse
546 2419 601 2445 quo
623 2411 684 2446 fuga
698 2418 728 2439 se
743 2411 919 2443 subduceret,
944 2411 1008 2446 ipsi,

221 2464 282 2483 cum
293 2456 326 2483 ad
339 2456 481 2483 consilium
497 2456 645 2483 ineundum
659 2456 859 2488 consedissent,
869 2456 1008 2488 dixerunt,

219 2502 279 2529 Non
293 2507 357 2529 sunt
373 2502 452 2529 nobis
469 2506 564 2530 contra
579 2501 739 2530 Chakanum
754 2501 811 2537 84
823 2501 904 2533 vires,
924 2501 1011 2528 tribu-

220 2552 277 2575 tum
292 2555 357 2582 ergo
375 2547 427 2583 ipsi
453 2548 597 2576 oll'cramus
618 2556 673 2583 quo
695 2555 745 2575 nos
764 2553 790 2575 et
814 2548 927 2582 patriam
961 2554 1010 2574 no-

221 2598 306 2620 stram
331 2594 510 2627 redimamus,
534 2594 656 2629 exceptis
675 2598 779 2622 tantum
809 2594 897 2622 Horsa
925 2594 1010 2622 fratre

221 2639 346 2666 Bahrami
360 2640 523 2667 etAzduaro
533 2639 629 2668 Iudice
641 2640 687 2674 qui
700 2639 830 2667 dixerunt
843 2649 850 2667 :
864 2639 920 2667 Nos
934 2639 1010 2668 vobis

221 2685 247 2712 in
264 2685 315 2712 hoc
335 2692 477 2712 assensqu
502 2693 556 2713 nou
573 2685 766 2721 praebebimus.
779 2685 846 2713 Cum
863 2693 927 2713 vero
938 2685 1011 2713 Cha-

220 2730 290 2758 kano
303 2731 455 2758 nuntiatum
466 2737 538 2759 esset
553 2732 714 2760 submittere
727 2740 756 2760 se
772 2731 883 2764 Persas,
896 2740 1009 2760 securus

220 2777 310 2804 factus
332 2785 408 2804 arma
432 2777 572 2812 deposuit.
598 2777 740 2805 Accedens
762 2785 827 2813 ergo
845 2778 955 2813 quidam
973 2777 1007 2804 ad

221 2822 383 2851 Babramum
401 2824 488 2858 ipsum
504 2823 538 2851 de
551 2824 698 2851 securitate
709 2830 735 2852 et
747 2824 908 2859 negligentia
920 2824 1006 2859 ipsius

219 2867 363 2896 certiorem
390 2868 462 2902 fecit,
484 2868 531 2904 qui
555 2868 638 2904 igitur
659 2868 797 2904 profectus
814 2874 951 2905 noctuque
979 2870 1006 2897 in

1059 2276 1155 2303 oculos
1180 2275 1268 2309 ipsius
1295 2273 1346 2301 lixa
1360 2273 1418 2308 88
1431 2273 1557 2304 haereret,
1569 2279 1631 2299 eum
1647 2271 1736 2306 petiit,
1749 2269 1850 2297 deinde

1060 2322 1114 2349 alia
1146 2325 1207 2357 post
1233 2321 1314 2347 aliam
1345 2320 1504 2347 confossum
1542 2317 1692 2348 interemit,
1717 2321 1851 2350 caputque

1064 2367 1119 2403 ipsi
1138 2367 1283 2402 praecisum
1297 2365 1354 2400 regi
1373 2364 1471 2391 detulit
1487 2372 1494 2389 :
1513 2363 1559 2398 qui
1576 2363 1666 2396 ipsum
1687 2361 1852 2394 admiratus,

1061 2413 1189 2448 quisnam
1204 2416 1279 2439 esset
1302 2410 1416 2445 rogavit.
1432 2410 1488 2441 Ille,
1513 2408 1580 2436 Sum
1591 2409 1703 2443 (inquit)
1716 2415 1731 2435 θ
1742 2415 1852 2442 magna-

1060 2459 1135 2486 tibus
1159 2458 1306 2485 Persarum
1331 2457 1377 2491 qui
1403 2456 1478 2491 quod
1502 2455 1569 2482 mihi
1595 2455 1684 2482 iratus
1707 2458 1781 2482 esset
1803 2462 1852 2480 rex

1061 2509 1157 2532 noster
1175 2503 1209 2531 ad
1229 2507 1255 2530 te
1280 2502 1409 2537 confugi,
1434 2501 1556 2536 potetttia
1579 2504 1606 2528 et
1631 2500 1775 2528 clementia
1806 2504 1852 2526 tua

1061 2550 1160 2577 fretus.
1178 2548 1265 2576 l’orro
1279 2548 1331 2576 fuit
1350 2547 1406 2583 regi
1423 2547 1554 2574 inimicus
1567 2546 1620 2581 lqui
1638 2546 1752 2581 propius
1774 2552 1854 2573 acce-

1061 2596 1140 2628 dens,
1159 2594 1233 2622 misit
1251 2594 1297 2629 qui
1314 2593 1348 2621 ab
1363 2593 1423 2628 ipso
1438 2593 1572 2620 tributum
1596 2596 1732 2628 peterent,
1758 2599 1772 2618 a
1796 2598 1855 2626 quo

1061 2651 1123 2670 Clllll
1155 2644 1288 2668 metueret
1315 2648 1385 2672 rex,
1412 2639 1545 2667 animavit
1579 2639 1671 2674 ipsum
1696 2638 1850 2665 Bahramus

1064 2689 1159 2717 dicens
1175 2697 1181 2715 :
1197 2687 1237 2715 Ne
1255 2691 1357 2715 terreat
1374 2693 1399 2714 te
1415 2687 1490 2722 quod
1505 2687 1540 2714 de
1555 2687 1616 2721 ipso
1634 2685 1730 2722 [audis
1745 2685 1774 2721 :J
1799 2692 1854 2719 ego

1063 2732 1198 2767 siquidem
1215 2735 1241 2758 tc
1255 2739 1270 2758 a
1292 2731 1364 2757 malo
1380 2731 1453 2766 quod
1473 2731 1506 2757 ab
1520 2730 1581 2766 ipso
1604 2731 1713 2766 [timere
1728 2728 1850 2765 poteras]

1063 2776 1218 2804 incolumen
1237 2775 1385 2811 praestabo.
1413 2774 1514 2810 Regem
1539 2776 1622 2810 igitur
1641 2779 1669 2803 et
1696 2775 1847 2803 exercitum

1062 2822 1148 2856 ipsius
1180 2821 1214 2847 ad
1245 2820 1387 2847 inimicum
1418 2822 1502 2848 istunt
1534 2821 1747 2856 oppugnandum
1776 2828 1849 2854 equo

1061 2875 1213 2897 conscenso
1243 2867 1390 2895 comitatus
1419 2871 1460 2895 est
1490 2867 1651 2895 Bahramus.
1679 2867 1733 2900 Qui
1764 2865 1859 2893 ludi-ch
