2014 3082
210 169 273 203 1051

719 167 901 199 ΕΙΠῪΟΗΗ
914 167 1182 200 ALEXAXDRINI
1199 169 1306 200 PATR.

1756 171 1830 202 1053

208 228 317 263 equites
329 228 477 259 allocutus,
493 227 610 262 Tergum
625 225 736 260 (inquit)
749 233 838 252 mcum
849 225 993 257 custodite,
1009 227 1030 254 Α
1046 225 1122 258 Quod
1142 226 1187 253 ubi
1209 226 1343 254 audiissct
1360 227 1494 254 Eusebius
1506 226 1620 254 Doralizc
1634 227 1779 262 episcopus
1796 227 1830 253 ad

207 282 245 306 (ει-
264 275 329 309 quid
359 281 408 309 ego
435 272 532 299 faciam
559 273 712 299 observate.
734 270 844 297 lrrnens
871 276 936 302 ergo
963 270 991 295 in

207 324 295 355 ipsos,
313 328 406 349 earum
422 319 533 346 ordines
547 325 609 344 cuin
620 316 794 351 dissipasset,
806 315 856 342 viri
873 315 992 348 scapulae

209 367 292 394 ictum
319 365 429 399 impegit
455 363 502 397 qui
528 363 561 389 ad
585 362 697 389 dorsum
725 362 813 396 ipsius
835 361 992 396 pertingens

210 412 330 438 medium
359 418 421 437 eunt
443 408 592 440 dissecuit;
608 412 635 436 et
650 413 796 442 utrumque
819 407 923 434 labium
939 407 995 433 elc-

209 458 311 491 phanto
335 456 425 491 gladio
451 455 611 482 discindens
629 454 718 488 ipsum
744 454 912 488 prostravit:
931 460 995 480 cor-

209 508 370 536 rcptuntnte
390 502 423 528 de
448 508 518 534 equo
538 508 588 528 suo
615 500 734 534 equitem
761 503 840 527 terra:
867 499 992 531 illidens,

207 549 298 581 ipstlltl
322 546 477 578 interfecit;
495 548 561 580 quin
579 550 606 573 et
626 546 691 572 bina
720 545 863 572 hominum
891 545 994 579 capita,

207 594 323 620 alterunt
341 593 438 619 dextra
456 591 573 619 alterum
591 591 715 623 sinistra,
734 590 907 625 prehendens
925 590 994 616 invi-

207 647 266 666 cem
286 638 387 666 collisit
402 638 471 665 adeo
483 642 512 664 ut
528 637 637 671 utrique
652 636 758 664 cerebri
772 636 889 663 medulla
904 637 996 663 elllue—

209 690 259 712 ret.
286 683 425 711 lrruentes
444 682 525 710 etiam
555 681 683 709 Bahrami
705 681 841 714 comites,
869 689 994 716 magnam

208 738 303 757 eorum
322 733 443 764 stragem
466 728 624 760 ediderunt,
648 735 679 755 ac
697 727 784 762 spolia
808 728 994 762 diripuerunt.

211 775 339 804 Reversis
357 782 421 810 ergo
440 774 563 809 81-83
576 774 592 790 "
614 781 678 809 rege
697 778 723 801 et
743 774 878 800 Bahramo
898 781 944 800 rex
958 773 995 799 illi

211 823 292 849 tiliam
311 829 388 849 suam
405 825 520 855 nuptum
539 820 624 852 dedit,
643 827 693 847 nec
710 827 765 846 non
789 819 840 854 ipsi
861 818 955 846 Daibal
970 822 996 845 et

210 867 322 895 Mocran
343 871 484 901 terrasque
502 867 605 894 circum
626 866 749 901 jacentes
765 865 791 892 in
807 865 917 899 regione
934 865 997 892 Sin-

1048 272 1138 307 ipsum
1155 272 1303 307 profecnts,
1316 280 1348 299 ac
1360 279 1421 300 cum
1434 280 1466 299 eo
1481 273 1625 308 disputans
1637 273 1831 303 validacontra

1047 318 1136 351 ipsum
1154 322 1312 353 argumenta
1329 318 1442 352 protulit
1459 319 1560 352 quibus
1586 320 1748 346 sententiam
1772 319 1833 350 ejus

1048 363 1187 390 refulavit.
1218 363 1284 391 Dein
1309 364 1342 391 ad
1368 364 1528 392 Flavianum
1554 365 1736 399 patriarcham
1758 364 1832 392 Con-

1049 410 1321 445 stantinopolitanttm
1335 411 1474 445 profectus
1490 412 1577 445 ipsum
1598 411 1630 438 de
1643 411 1791 446 Eutychetc
1806 415 1834 438 et

1051 455 1196 482 sentcntiae
1211 455 1297 489 ipsius
1314 455 1430 482 falsitate
1445 458 1591 483 certiorem
1612 457 1687 488 fecit,
1709 464 1759 483 nec
1778 463 1833 482 non

1050 501 1140 534 ipsum
1171 499 1489 535 Constantinopolitanos
1523 501 1550 527 in
1581 501 1663 528 falsas
1689 501 1834 534 opiniones

1050 546 1179 573 traxisse.
1207 545 1354 574 Flavianus
1377 553 1443 581 ergo
1461 546 1615 581 patriarcha
1637 546 1834 574 Constantino-

1049 591 1189 626 politanus
1207 591 1240 618 ad
1256 591 1434 626 Eutychetem
1451 593 1563 620 mittens
1579 592 1666 626 ipsum
1688 592 1834 618 accersivit

1050 640 1258 672 convocatoque
1272 638 1511 672 Constantinopoli
1535 637 1649 664 caneilio
1668 637 1833 671 disputatio-

1051 689 1112 708 nem
1128 688 1190 708 cum
1207 681 1267 717 ipso
1282 681 1388 710 habuit.
1406 682 1480 710 Dixit
1497 683 1623 718 85-87
1636 682 1653 699 "
1669 687 1757 709 autem
1776 682 1833 708 Eu-

1049 727 1166 762 tyches:
1187 726 1216 754 Si
1241 727 1391 755 dixerimus
1417 728 1527 756 Christo
1542 728 1611 756 duas
1635 735 1697 755 esse
1720 731 1834 754 naturas

1049 771 1121 798 idem
1137 779 1294 800 asseremus
1309 780 1371 799 cum
1385 772 1529 805 Nestorio;
1545 780 1637 799 verum
1653 772 1770 799 dicimus
1783 779 1833 798 nos

1050 817 1190 844 Christum
1206 825 1267 845 esse
1285 822 1409 846 naturam
1427 826 1522 849 unam.
1540 821 1566 845 et
1580 824 1737 852 personant,
1751 825 1834 844 unam

1050 869 1112 889 cum
1130 862 1262 889 consistat
1274 862 1382 889 duabus
1398 863 1504 890 naturis
1518 860 1672 897 quar[du:e]
1686 866 1762 888 erant
1774 867 1837 889 ante

210 915 262 942 dia:
277 915 399 942 donavit.
428 913 544 946 Rogavit
567 917 657 940 autern
685 913 773 945 ipsum
800 911 952 938 Bahramus
969 916 998 938 ut
1014 907 1035 937 Β
1051 907 1182 934 unionem
1199 916 1206 934 :
1223 912 1251 934 at
1272 908 1318 935 ubi
1339 912 1509 943 assumptum
1532 911 1574 934 est
1597 914 1698 942 corpus
1725 908 1838 934 recessit

211 961 369 995 conscripta
387 960 542 995 syngrapha
558 963 585 986 et
601 958 732 986 adhibitis
743 957 807 984 l‘acti
824 957 868 985 sui
882 958 999 985 testibus

212 1005 329 1042 [ratum]
346 1006 412 1033 illml
429 1005 480 1039 ipsi
495 1005 607 1032 laceret.
625 1004 703 1037 Quod
718 1011 780 1031 cum
804 1003 916 1030 fecisset
941 1010 998 1034 rex,

210 1060 339 1080 reversus
356 1053 382 1079 in
401 1059 514 1084 regnum
535 1059 615 1078 suum
637 1050 800 1082 Bahramus,
815 1049 898 1084 jussit
912 1050 1001 1084 regio-

213 1106 277 1124 num
294 1098 424 1130 istarum,
437 1104 506 1130 quas
520 1097 571 1131 ipsi
582 1096 732 1123 donaverat
748 1103 806 1128 rex,
818 1096 933 1128 vectigal
948 1095 999 1123 sibi

211 1144 302 1171 reddi.
331 1143 423 1177 Neque
452 1143 595 1170 desierunt
615 1149 710 1168 earum
729 1149 795 1175 opes
821 1141 848 1168 in
876 1141 1000 1168 Persium

213 1190 361 1224 asportari.
376 1188 479 1217 Ferunt
493 1192 583 1216 autem
602 1188 747 1216 Persarum
759 1187 870 1221 quidam
884 1187 1001 1214 Bahram

212 1235 280 1263 Jiur
323 1236 349 1262 in
377 1236 488 1262 tutelam
510 1234 624 1261 Noniani
650 1234 728 1261 Ebnil
750 1233 871 1260 Mandari
899 1232 1003 1260 Lacha-

212 1281 326 1307 miensis
337 1280 409 1313 regis
419 1280 538 1307 Arabum
554 1280 579 1305 in
595 1279 704 1306 deserto
720 1278 823 1311 fuisse;
842 1279 1001 1312 ipsumque,

213 1333 275 1353 cum
294 1325 326 1352 ad
344 1325 512 1351 Bahramum
533 1324 703 1358 pervenisset
726 1323 822 1350 mortis
840 1323 1001 1358 Yazdejerdi

214 1371 303 1405 patris
320 1370 364 1398 sui
384 1371 474 1402 fama,
495 1377 555 1396 cunt
581 1369 720 1396 Arabibus
740 1369 788 1402 qui
811 1368 900 1403 ipsum
916 1370 1002 1396 secuti

214 1422 276 1444 sunt
294 1416 446 1451 profectum
464 1415 551 1442 donec
574 1414 599 1441 in
627 1414 753 1441 Alsawad
778 1418 867 1441 castra
896 1414 1002 1449 figeret,

214 1463 252 1490 ibi
265 1471 326 1490 cunt
341 1462 484 1489 Persarum
500 1460 659 1495 proceribus
675 1460 708 1487 de
719 1468 802 1494 regno
816 1460 1001 1493 contendisse,

215 1509 303 1536 donec
316 1509 362 1543 jus
376 1507 452 1535 illius
469 1506 587 1534 confessi
603 1513 686 1539 regno
700 1507 788 1540 ipsum
820 1505 1001 1539 praeﬁcerem.

251 1554 386 1588 Regnavit
400 1561 465 1587 ergo
481 1552 598 1579 Bahram
619 1550 698 1583 Jaur,
722 1556 781 1584 post
798 1556 900 1585 patrem
921 1559 1002 1579 suum

216 1600 418 1635 Yazdejcrdum
446 1599 475 1626 F.
501 1598 640 1629 Bahrami.
666 1598 692 1624 in
719 1597 818 1625 Persas
849 1597 1003 1625 octodecim

215 1652 314 1675 annos.
328 1645 408 1678 idque
427 1650 498 1670 anno
507 1642 776 1676 Theodosiijunioris
785 1642 942 1669 Graecorum
956 1642 1005 1668 im-

219 1690 355 1724 peratoris
377 1689 529 1716 tricesimo.
547 1689 624 1714 Anno
639 1692 728 1715 autem
745 1688 875 1715 vicesimo
889 1688 1006 1722 septimo

217 1736 294 1770 regni
311 1734 460 1761 Theodosii
490 1733 676 1760 Romanorum
701 1734 875 1768 imperatoris
899 1733 1006 1761 consli-

219 1785 297 1808 tutus
314 1785 356 1808 est
370 1781 470 1807 Sextus
485 1779 642 1814 patriarcha
661 1778 817 1812 Romanus;
835 1787 923 1807 annos
945 1785 1007 1807 octo

219 1826 298 1858 sedit.
324 1826 386 1854 dein
415 1829 540 1853 mortttns
556 1830 607 1852 est.
635 1825 714 1852 Anno
728 1825 851 1859 ejusdem
869 1825 1007 1853 tricesimo

220 1872 318 1906 qttinto
345 1871 436 1898 factus
457 1874 499 1897 est
525 1869 579 1897 Leo
604 1870 760 1904 patriarcha
779 1868 933 1901 Romanus,
961 1870 1007 1904 qui

221 1925 310 1944 annos
325 1916 422 1951 viginti
438 1923 523 1943 unum
541 1915 622 1946 sedit,
649 1915 712 1942 dein
730 1920 855 1942 mortuus
874 1919 925 1942 est.
943 1914 1008 1949 Ejus

222 1962 389 1995 pra-lectura:
407 1969 480 1988 anno
497 1968 569 1987 nono
596 1959 648 1987 fuit
670 1960 817 1987 concilium
836 1964 964 1993 quartum
981 1960 1007 1986 in

223 2009 291 2037 urbe
315 2007 401 2043 84*
422 2007 606 2035 Chalcedone.
645 2008 725 2034 Anno
754 2006 884 2034 vicesimo
913 2011 1010 2033 octavo

222 2063 236 2081 r
255 2055 300 2089 sui
312 2053 461 2080 Theodosii
479 2053 648 2080 constitutus
658 2056 698 2078 est
712 2051 845 2078 Dotnnius
856 2050 1009 2086 patriarcha

222 2099 413 2128 Antiorhenus
431 2099 478 2132 qui
507 2105 595 2125 annos
612 2097 707 2131 viginti
731 2105 814 2124 unum
840 2097 920 2130 sedit,
947 2097 1009 2124 dein

225 2150 351 2173 mortuus
368 2148 421 2172 est.
442 2144 520 2171 Anno
545 2143 621 2177 regni
638 2143 761 2177 ejusdem
778 2143 919 2171 tricesimo
936 2150 1009 2170 nono

226 2192 396 2219 constitutus
420 2194 462 2218 est
479 2189 627 2217 Flavianus
644 2189 798 2223 patriarcha
813 2189 1011 2217 Constantino-

225 2237 374 2272 politanus,
393 2237 439 2271 qui
466 2243 528 2263 cum
553 2235 663 2262 biennio
679 2234 796 2262 sedisset
813 2239 938 2262 mortuus
952 2239 1003 2262 est.
1023 2244 1050 2274 Ι)

228 2284 284 2311 lloc
297 2284 378 2310 etiam
397 2289 469 2309 anno
485 2281 573 2309 factus
589 2285 632 2308 est
653 2280 801 2308 Dioscorus
818 2280 941 2308 Jacobita
964 2289 1011 2316 pa-

227 2329 348 2356 triarcha
364 2327 574 2359 Alexandrinus,
591 2327 711 2360 quicum
728 2334 775 2354 sex
791 2334 880 2354 annos
895 2327 1012 2355 sedisset

227 2375 402 2402 anathemate
421 2374 547 2406 devotus,
575 2381 603 2400 et
627 2374 653 2400 in
683 2373 807 2400 exsilium
833 2374 930 2408 pulsus
959 2379 1012 2403 est.

229 2421 291 2448 Fuit
305 2428 371 2449 vero
394 2419 633 2454 Constantinopoli
655 2420 806 2446 monachus
830 2420 940 2454 quidam
957 2428 1014 2447 me-

228 2467 308 2494 dicus
336 2465 448 2493 nomine
475 2465 611 2500 Eutychcs
641 2465 688 2499 qui
716 2465 836 2492 asseruit
866 2473 919 2492 non
952 2473 1015 2493 esse

228 2512 339 2540 Christo
362 2519 463 2545 corpus
491 2510 613 2545 ejusdem
639 2518 702 2537 cum
726 2512 888 2546 corporibus
914 2511 1015 2538 nostris

231 2562 347 2588 naturas,
359 2556 557 2590 Christumque
571 2560 633 2583 ante
648 2555 864 2583 iucarnationetn
880 2563 895 2582 e
909 2554 1016 2582 duabus

230 2604 391 2631 constitisse
400 2602 515 2636 naturis,
528 2602 817 2637 postincarnationem
832 2606 920 2628 autem
934 2607 1014 2627 unam

231 2648 384 2684 [Ital-uisse]
403 2653 540 2676 naturam.
560 2648 660 2683 (Atque
677 2647 735 2674 hanc
757 2646 891 2675 sententia
907 2645 1016 2672 Jacobi-

231 2699 328 2727 tarum,
344 2697 424 2730 cujus
438 2699 533 2722 auctor
551 2694 601 2722 luit
616 2693 767 2721 monachus
778 2693 830 2721 istc
846 2689 1012 2726 Eutychos.)

1050 952 1170 980 dualitas
1189 952 1243 980 ista
1268 959 1302 981 ac
1326 953 1414 981 factus
1442 959 1483 982 est
1504 960 1601 982 natura
1626 963 1700 986 una,
1729 961 1838 988 unaque

1051 1006 1178 1034 persona.
1197 998 1246 1027 Cui
1264 1000 1406 1034 respondit
1429 999 1577 1028 Flavianus
1592 1000 1747 1035 patriarcha
1767 999 1839 1026 Con-

1051 1044 1335 1079 stantinopolitanus:
1354 1044 1382 1072 Si
1397 1050 1468 1072 esset
1482 1045 1609 1074 Christus
1636 1046 1686 1080 (nti
1703 1045 1839 1078 asseritis)

1052 1094 1149 1116 natura
1168 1098 1232 1122 una,
1252 1095 1308 1117 tum
1325 1095 1395 1117 esset
1412 1095 1509 1117 natura
1533 1098 1594 1125 quze
1613 1095 1713 1117 alterna
1734 1089 1786 1116 fuit
1804 1090 1841 1117 de

1052 1142 1123 1162 novo
1143 1134 1235 1167 facta;
1263 1135 1336 1169 quod
1362 1136 1384 1162 si
1403 1136 1449 1170 qui
1477 1141 1597 1163 :eternus
1624 1135 1685 1166 fuit,
1710 1135 1744 1162 de
1768 1142 1840 1161 novo

1053 1185 1129 1208 ortus
1147 1181 1194 1213 sit,
1211 1186 1266 1208 tuto
1282 1185 1310 1208 et
1323 1181 1371 1215 qui
1389 1189 1529 1216 nunquam
1546 1189 1602 1208 non
1620 1182 1686 1213 fuit,
1707 1182 1775 1208 idem
1789 1181 1842 1207 ali-

1052 1229 1164 1262 quando
1182 1235 1236 1255 non
1255 1228 1316 1256 fuit.
1335 1228 1414 1261 Quod
1433 1229 1456 1256 si
1473 1228 1580 1256 admitti
1598 1229 1686 1263 possit
1711 1232 1739 1255 ut
1765 1228 1839 1262 quod

1053 1279 1184 1302 aeternum
1199 1273 1262 1308 fuit,
1282 1274 1354 1302 idem
1370 1274 1404 1302 de
1420 1282 1492 1302 novo
1510 1275 1604 1305 fuerit.
1629 1275 1681 1302 erit
1705 1273 1774 1301 idem
1792 1273 1839 1307 qui

1055 1324 1110 1348 stat
1139 1320 1257 1353 sedens;
1291 1321 1363 1354 quod
1393 1321 1511 1347 calidum
1532 1324 1574 1347 est
1603 1319 1747 1353 frigidum;
1765 1319 1839 1352 quod

1055 1367 1245 1398 tenebrosum,
1269 1367 1408 1399 lucidum;
1434 1374 1497 1393 cum
1520 1365 1547 1392 id
1573 1372 1659 1399 genus
1685 1363 1840 1398 impossibi-

1054 1411 1126 1438 libus
1141 1419 1201 1445 qua;
1220 1411 1277 1438 lieri
1293 1418 1346 1437 non
1361 1414 1448 1445 potest
1473 1414 1502 1437 ut
1523 1409 1725 1444 conjungantur
1741 1409 1768 1434 in
1783 1416 1832 1434 ea-

1055 1456 1115 1484 dem
1132 1456 1195 1492 [rei]
1210 1460 1297 1491 parte.
1316 1456 1410 1483 Noluit
1427 1460 1517 1482 tamen
1541 1455 1585 1481 ille
1603 1462 1617 1481 a
1639 1454 1776 1480 sententia
1791 1461 1842 1480 sua

1056 1502 1200 1533 recedere;
1226 1509 1312 1536 quare
1335 1501 1508 1528 anathemate
1536 1499 1611 1526 illum
1635 1499 1790 1534 percussit,
1816 1503 1844 1525 at

1055 1548 1295 1581 Constantinopoli
1321 1555 1375 1574 non
1401 1545 1515 1580 expulit,
1541 1545 1612 1579 quod
1635 1552 1696 1570 cum
1721 1543 1843 1570 medicus

1055 1597 1129 1621 esset
1146 1600 1179 1620 eo
1193 1593 1318 1620 homines
1331 1599 1400 1626 opus
1412 1591 1555 1617 haberent.
1573 1589 1660 1616 Porro
1671 1588 1843 1615 Theodosius

1057 1645 1103 1664 rex
1120 1637 1190 1664 idem
1206 1645 1267 1663 cum
1285 1637 1435 1671 Eutychete
1452 1635 1549 1662 sensit.
1573 1634 1710 1668 Eutychos
1731 1640 1796 1667 ergo
1813 1640 1844 1659 sc

1057 1683 1128 1715 apud
1142 1681 1324 1708 Theodosium
1338 1688 1428 1714 regem
1441 1678 1590 1706 defendens
1600 1678 1669 1704 dixit
1682 1677 1842 1704 Flavianum

1057 1729 1146 1762 ipsum
1165 1726 1265 1761 injuria
1294 1726 1561 1756 excommunicasse,
1578 1731 1668 1757 regem
1696 1729 1795 1756 rogans
1812 1725 1842 1748 ut

1058 1773 1168 1808 scriptis
1195 1771 1229 1798 ad
1252 1778 1348 1798 omnes
1369 1769 1543 1804 patriarchas
1559 1768 1667 1799 litteris,
1694 1766 1843 1793 convenire

1057 1824 1085 1846 et
1103 1820 1136 1845 de
1151 1825 1185 1845 co
1208 1817 1281 1851 quod
1299 1816 1351 1851 ipsi
1378 1815 1540 1850 contigisset
1571 1814 1721 1848 disquirere
1741 1812 1842 1848 [jube-

1059 1864 1124 1900 ret].
1150 1863 1264 1897 Scripsit
1280 1869 1344 1896 ergo
1358 1869 1404 1888 rex
1420 1865 1476 1888 tum
1500 1861 1534 1888 ad
1554 1860 1712 1887 Dioscorum
1726 1859 1844 1893 patriar-

1059 1912 1138 1939 eham
1163 1908 1390 1938 Alexandrinum,
1417 1912 1473 1934 tum
1497 1906 1530 1934 ad
1556 1906 1700 1932 Domnium
1727 1904 1844 1938 patriar-

1059 1957 1138 1983 cham
1157 1954 1243 1990 88"
1266 1953 1479 1983 Antiochenum.
1501 1959 1552 1979 nec
1574 1959 1629 1979 non
1655 1950 1772 1977 Leonem
1797 1957 1845 1982 pa-

1060 2002 1208 2029 triarchant
1228 1999 1392 2032 Romanum,
1418 2004 1444 2026 et
1466 1997 1640 2025 Iuvenalium
1663 1995 1845 2031 patriarcham

1061 2046 1341 2080 llierosolymitanutn
1378 2048 1410 2071 ut
1437 2051 1492 2071 una
1526 2051 1588 2070 cum
1622 2040 1757 2076 episcopis
1788 2039 1846 2067 suis

1061 2092 1227 2120 accederent
1246 2093 1276 2116 ut
1299 2090 1333 2117 de
1350 2088 1512 2124 Eutychetis
1528 2087 1638 2122 negotio
1653 2086 1846 2120 disquirerent.

1062 2139 1114 2172 Qui
1132 2146 1197 2172 ergo
1213 2136 1313 2172 Ephesi
1330 2138 1529 2163 convenerunt.
1549 2132 1639 2167 Atque
1654 2135 1696 2159 est
1711 2131 1763 2158 hoc.
1779 2137 1849 2156 con-

1064 2185 1158 2212 cilium
1175 2182 1326 2211 secunduin
1349 2180 1446 2216 Ephesi
1461 2179 1597 2210 habitum,
1614 2177 1694 2212 cujus
1717 2174 1849 2211 praesides

1063 2236 1141 2258 erant
1157 2230 1306 2257 Dioscorus
1318 2227 1474 2262 patriarcha
1491 2224 1704 2255 Alexandrinus,
1717 2222 1850 2249 Domnius

1064 2276 1222 2313 patriarcha
1235 2274 1435 2306 Antiochenus,
1445 2271 1604 2299 Juvenalius
1619 2269 1773 2304 patriarcha
1786 2267 1850 2294 Ilic-

1064 2322 1293 2357 rosolymitanus,
1315 2325 1342 2346 et
1366 2318 1487 2353 deputati
1503 2317 1601 2344 Leonis
1619 2314 1780 2350 patriarcha:
1798 2314 1852 2339 lto-

1067 2369 1152 2396 mani.
1181 2368 1376 2404 Disceptarunt
1395 2372 1459 2399 ergo
1474 2363 1508 2390 de
1522 2371 1554 2390 eo
1573 2361 1646 2397 quod
1672 2361 1744 2387 inter
1767 2360 1852 2393 Euty-

1067 2416 1173 2442 chetem
1202 2418 1229 2441 et
1259 2412 1406 2440 Eusebium
1444 2409 1558 2437 Domiim
1587 2408 1744 2442 episcopum
1772 2411 1853 2438 atque

1069 2461 1228 2489 Flavianum
1247 2458 1432 2494 patriarcham
1457 2454 1788 2488 Constantinopolitanuut
1811 2451 1853 2477 in-

1069 2510 1247 2535 tercesserat.
1260 2505 1405 2531 Diosrorus
1415 2506 1506 2528 autent
1517 2499 1687 2527 Alexandria-
1699 2497 1853 2532 patriarcha

1069 2550 1232 2587 Eutychetis
1248 2549 1413 2577 sententiain
1430 2547 1597 2574 conﬁrmans
1619 2544 1778 2571 Flavianum
1809 2549 1855 2575 pa~

1069 2599 1217 2626 triarchatn
1240 2593 1574 2629 Constantinopolitarmm
1589 2596 1615 2618 et
1644 2590 1791 2617 Eusebium
1806 2588 1857 2614 Do-

1070 2645 1144 2672 raliae
1160 2644 1319 2679 episcopum
1334 2637 1591 2667 excommunicavit.

1107 2677 1280 2717 Obstiterunt
1300 2693 1364 2714 vero
1391 2683 1522 2712 Doninius
1537 2680 1695 2717 patriarcha
1711 2677 1856 2706 Antioche-

262 2804 294 2833 (')
314 2803 363 2835 ilas
382 2804 483 2835 paginas
496 2804 590 2827 eisdem
611 2805 722 2828 numeris
749 2809 877 2834 perperam
907 2799 1161 2835 prmnotalas‘quibus‘
1174 2793 1528 2835 prmceilentcs_digjttfljgﬂjf
1539 2785 1856 2835 οξὲρηξξεξξὶξξιςοῶξξξπξίέξξ

230 2819 363 2866 whilst-ila:
796 2819 1236 2858 ‘éaiﬁﬁﬁssuinf
1242 2819 1358 2853 similiter
1370 2824 1535 2850 indicavimus.
1554 2819 1625 2852 Quod
1637 2819 1715 2845 semel
1728 2819 1854 2843 monuisse

231 2866 292 2890 satis
302 2864 341 2888 sit.
