2014 3082
193 182 264 214 1753

916 184 1103 216 ΑΝΝΑΙΕΞ.

1753 189 1822 225 ιοδι

188 249 252 274 nus,
278 240 440 286 Juvenalius
458 241 734 286 Ilierosolymitanus,
753 241 908 270 Mordastus
923 245 978 270 An-
994 243 1017 272 Α
1033 248 1106 281 quod
1132 247 1257 281 ejusdem
1283 247 1436 275 doctrinam
1459 248 1603 283 amplexus
1620 254 1704 282 esset,
1726 255 1753 277 et
1776 258 1826 286 pa-

188 292 260 321 cyrn:
276 285 436 320 episcopus,
454 289 481 312 et
493 287 548 313 Asa
562 285 710 319 Rohensis,
729 295 791 314 eum
812 287 906 314 multis
918 287 982 315 aliis

187 331 337 366 episcopis,
361 340 412 360 nec
435 340 492 359 non
524 332 663 368 dcptttatis
689 333 790 361 Leonis
817 334 983 368 patriarchae

188 378 319 410 Romani,
339 377 472 406 Dioscoro
492 379 657 412 patriarchas
681 380 871 408 Alexandrino
894 381 922 408 in
950 389 982 408 eo

187 424 262 460 quod
280 424 356 456 fecit.
370 430 397 453 et
424 427 587 453 sententiam
603 426 689 461 ipsius
713 431 742 454 ut
770 427 916 455 absurdam
933 428 983 455 da-

188 471 585 499 mnarunt.Excommunicavit
603 479 669 506 ergo
691 472 764 504 ipsos
785 473 942 506 Dioscorus,
956 478 982 501 ct

187 516 220 543 ad
230 515 351 543 Leonem
367 517 554 551 patriai-chain
568 517 723 544 Romanum
737 522 764 545 et
779 519 811 545 ad
824 519 982 547 sacerdotes

186 563 346 597 complures
363 562 475 597 scripsit
499 570 555 597 quo
575 562 649 597 ipsos
675 565 930 592 excontmunicaret
954 570 982 592 et

187 613 364 637 sacramento
380 608 559 636 interdiceret
575 609 627 636 nisi
645 608 808 644 Eutychetis
822 610 979 644 opinionem

189 656 434 690 amplecterentur,
453 660 535 689 atque
565 655 592 682 in
619 655 670 682 hac
696 656 833 683 sententia
858 656 891 683 ab
915 657 981 684 urbe

187 700 297 735 Epheso
318 708 444 728 reversus
461 705 512 732 est,
534 701 617 735 idque
640 708 713 728 anno
732 701 807 736 regni
833 701 980 729 Theodosii

185 747 309 782 89-91
327 747 450 775 Junioris
466 747 688 782 quadragesimo,
707 747 779 774 unde
795 753 923 782 corrupta
939 754 981 776 est

184 793 271 826 ﬁdes;
291 793 399 827 fuitque
425 792 493 820 fides
517 797 544 820 et
568 794 707 821 sententia
736 793 813 829 [quae
841 793 979 830 obtinuit]

187 839 323 867 sententia
358 838 537 874 Eutychetis,
573 839 713 874 prmcipue
747 840 773 866 in
809 839 929 875 Egyth
954 846 981 867 et

186 885 378 918 Alexandria;
409 885 594 920 eamdemque
625 885 788 921 Eutychetis
816 887 979 913 sententiam

185 931 329 966 amplexus
346 935 388 958 est
403 930 577 958 Theodosius
594 931 756 965 imperator.
769 930 856 965 Cujus
870 930 977 965 imperii
995 923 1016 952 Β

185 984 258 1003 anno
271 976 484 1011 quadragesimo
501 980 626 1004 mortuus
650 980 691 1003 est
707 976 852 1003 Flavianus
866 977 981 1010 patriar-

185 1023 237 1048 cha
249 1021 586 1056 Constantinopolitanns,
599 1029 680 1056 quem
693 1023 981 1049 exeommnnicaverat

186 1066 337 1095 Dioscorus
353 1075 360 1093 :
377 1068 421 1095 cui
435 1068 461 1094 in
473 1068 659 1102 patriareltatu
672 1067 980 1102 Constantinopolitano

187 1113 321 1141 suffectus
340 1114 583 1145 estAthanasius,
613 1113 660 1148 qui
687 1121 749 1140 cum
775 1121 862 1141 annos
882 1120 977 1140 novem

185 1158 316 1192 sedisset,
329 1165 458 1186 mortuus
470 1164 523 1186 est.
537 1159 603 1194 Ejus
616 1159 784 1192 praefectum
798 1168 870 1187 anno
880 1166 978 1194 quarto

185 1205 236 1232 fuit
253 1206 401 1232 concilium
419 1209 548 1240 quartum
563 1206 590 1232 in
608 1206 675 1233 urbe
692 1206 875 1234 Chalcedone.
891 1206 977 1234 Porro

184 1259 259 1278 anno
277 1251 354 1286 regni
383 1250 529 1278 Theodosii
556 1251 769 1286 quadragesimo
788 1253 876 1287 printo
903 1260 976 1280 mor-

184 1301 250 1324 tuus
280 1301 322 1324 est
342 1297 475 1324 Domnius
504 1297 660 1331 patriarcha
685 1298 873 1325 Antiochenus
894 1306 975 1333 quem

186 1343 474 1371 excommunicaverat
503 1343 669 1376 Dioscorus,
697 1345 920 1379 eonstitutnsque
936 1350 977 1371 est

185 1394 248 1424 post
264 1389 354 1424 ipsum
371 1389 525 1423 patriarcha
543 1389 644 1417 ibidem
664 1389 810 1422 Maximus,
825 1391 871 1424 qui
889 1397 976 1417 annos

184 1439 304 1468 quatuor
321 1434 402 1467 sedit,
419 1434 484 1461 dein
501 1439 628 1462 mortuus
643 1440 695 1462 est.
721 1435 788 1470 Ejus
806 1434 976 1470 pra‘fccturte

184 1488 257 1507 anno
280 1482 364 1508 tertio
392 1481 444 1507 fuit
466 1481 615 1508 concilium
643 1486 770 1516 quartum
797 1482 974 1509 Chalcedoni.

185 1525 247 1553 Fuit
278 1530 370 1554 autem
394 1526 550 1554 Theodosio
575 1527 735 1562 imperatori
769 1535 840 1554 uxor
864 1528 975 1555 nomine

185 1571 329 1605 Endocia;
346 1580 464 1607 cumque
493 1573 653 1607 imperatori
682 1574 813 1600 donatttm
838 1578 910 1601 esset
927 1581 972 1607 po-

184 1626 259 1646 mum
286 1623 408 1653 tempore
430 1626 485 1653 quo
510 1626 565 1646 non
591 1619 777 1653 reperirentur
800 1627 892 1654 poma,
916 1620 976 1654 ipse

184 1665 250 1692 illud
271 1664 399 1692 Eudocite
414 1664 493 1691 uxori
510 1664 595 1697 dedit,
610 1669 638 1692 at
655 1673 717 1692 cutn
737 1671 827 1698 postca
848 1666 893 1693 die
905 1674 975 1700 quo-

183 1711 246 1738 dam
265 1711 377 1738 domutn
404 1710 514 1745 patricii
531 1710 674 1744 cujusdam
700 1711 854 1745 ingressus,
869 1713 906 1739 ibi
926 1720 975 1747 po-

185 1764 259 1783 mum
279 1756 353 1784 istnd
371 1757 531 1791 reperisset,
548 1763 620 1791 :cgre
632 1756 777 1784 admodum
792 1758 855 1784 illud
870 1758 975 1791 habuit,

184 1802 353 1836 tristitiath
371 1801 485 1829 affectus
501 1806 553 1834 est,
578 1802 734 1836 suspicatus
757 1809 870 1829 uxorem
892 1811 970 1830 suam

186 1849 334 1877 Eudociam
351 1849 470 1885 patricio
488 1850 532 1876 isti
546 1849 706 1877 amiciorctn
722 1856 794 1876 esse.
811 1848 899 1883 ipsam
911 1855 976 1883 ergo

187 1896 372 1932 Hierosolyma
393 1896 536 1929 relegavit.

223 1942 331 1969 Mortuo
352 1941 507 1969 Theodosio
537 1941 653 1968 Juniore
677 1941 836 1968 Grmeornm
861 1941 976 1975 impera-

185 1993 257 2021 tore,
275 1988 329 2022 92
350 1987 494 2022 imperarit
523 1986 592 2020 ipsis
616 1985 773 2013 Marcianus
798 1993 886 2013 annos
911 1993 977 2017 sex,

188 2035 268 2068 idque
280 2040 354 2059 anno
367 2032 443 2068 regni
456 2031 634 2065 Yazdejerdis
649 2031 669 2058 f.
685 2031 812 2058 Bahrami
831 2031 977 2058 Persarum

186 2079 259 2113 regis
276 2078 385 2106 decimo
403 2083 514 2113 quarto.
534 2077 582 2105 Ubi
603 2083 694 2104 autem
711 2085 795 2111 regno
817 2077 921 2112 potitus
936 2081 978 2104 est

186 2124 354 2157 Marcianus,
384 2124 579 2150 tonvenientcs
607 2131 639 2150 ex
664 2123 793 2150 omnibus
818 2123 978 2157 regionibus

185 2171 321 2206 episcopi,
346 2170 455 2205 ipsique
477 2170 622 2204 itnpcritttu
649 2169 770 2197 faustum
798 2169 977 2203 comprecati,

187 2221 282 2243 notutn
298 2216 349 2251 ipsi
364 2217 488 2242 fecerunt
501 2223 582 2250 quam
597 2216 689 2249 inique
700 2215 802 2247 egisset
831 2214 977 2241 concilium

185 2261 338 2289 secundum
362 2261 542 2296 Epltesinum,
561 2265 587 2288 et
604 2261 670 2295 quid
698 2260 808 2287 fecisset
828 2260 977 2288 Dioscorus

187 2307 344 2341 patriarcha
368 2307 581 2339 Alexandrinus,
602 2306 851 2333 cxcomtnunicatis
877 2306 977 2341 injuria

185 2352 352 2387 patriarchis
368 2353 414 2387 qui
431 2353 532 2379 tuorttti
549 2352 669 2385 fuerant,
687 2357 714 2378 et
735 2352 898 2379 sententiam
920 2352 976 2379 Eu-

187 2399 305 2434 tychetis
324 2399 441 2426 inﬁdelis
457 2399 598 2434 amplexus
622 2406 734 2433 eamque
756 2403 785 2424 ut
802 2405 893 2425 veram
908 2406 977 2426 con-

187 2444 312 2476 firmans.
335 2450 363 2473 et
383 2445 522 2480 quomodo
546 2445 626 2471 fidem
651 2450 678 2471 et
705 2445 867 2472 traditiones
886 2452 977 2472 corru-

187 2490 282 2524 pisset,
305 2491 373 2517 adeo
393 2496 419 2516 nt
435 2490 596 2518 Entt‘ehetis
609 2491 744 2518 svntentia
759 2491 830 2525 apud
853 2490 977 2517 homines

187 2537 380 2563 inraleseeret.
410 2536 498 2564 Jussit
531 2545 596 2571 ergo
630 2536 786 2564 Marcianus
815 2545 861 2563 rex
893 2536 976 2563 scribi

186 2582 295 2609 litteras
313 2582 346 2609 ad
365 2583 484 2614 Leonem
507 2583 692 2617 patriareltam
709 2583 875 2615 Romanum,
894 2582 977 2609 Maxi—

187 2636 260 2655 tnum
282 2629 465 2663 patriai-chain
483 2630 682 2657 Antiocltcnum
698 2635 724 2657 et
741 2630 890 2657 Buﬂaviutn
907 2629 975 2665 [Jtt~

187 2674 345 2710 venalium]
366 2675 552 2709 patriareltam
570 2674 858 2710 "it'l’OSOIylltilﬂllllill,
874 2679 902 2702 ttt
922 2683 975 2702 una

159 2716 161 2718 ’
187 2727 250 2746 cutn
262 2720 439 2755 tnetropolitis
448 2727 475 2748 et
485 2721 620 2755 episcopis
640 2722 696 2748 suis
714 2721 897 2753 accederent;
916 2721 974 2748 dari

187 2766 270 2793 etiam
289 2766 397 2794 litteras
412 2766 445 2793 ad
463 2767 607 2801 episcopos
623 2766 668 2800 qui
690 2774 705 2794 e
721 2766 876 2794 Graecorum
895 2767 975 2794 terri-

188 2813 260 2839 torio
273 2818 366 2840 essent
382 2817 410 2840 nt
423 2820 520 2839 munes
535 2812 702 2840 Chalcedoni
719 2813 907 2845 convenirent,
920 2821 974 2848 quo

188 2859 222 2884 tle
239 2858 375 2885 sententia
403 2858 561 2893 Eutychetis
584 2858 752 2893 dispicercnt
776 2859 975 2893 disquircrcntw

188 2911 252 2938 que,
269 2904 345 2933 etde
369 2904 438 2933 facto
459 2904 582 2933 Dioscuri
608 2904 771 2938 patriarchzc
795 2904 973 2934 Alexandrini

1036 294 1172 321 triarchas
1197 294 1359 321 demortnos
1384 295 1663 326 excommunicasset,
1681 300 1708 322 et
1723 303 1779 330 quo
1797 295 1829 323 fl-

1033 340 1095 367 dcnt
1121 339 1315 368 confirmarent
1336 347 1415 374 quam
1447 340 1593 368 ediderant
1623 341 1675 368 tria
1706 342 1825 368 concilia

1035 391 1139 414 saneta.
1168 386 1365 414 Convenerunt
1392 387 1477 421 igitur
1507 386 1673 414 Cbalcedoni
1702 388 1825 423 episcopi

1033 433 1157 460 sexcenti
1184 432 1308 467 triginta.
1333 432 1441 459 Pritnas
1465 432 1492 459 in
1509 432 1628 459 concilio
1645 432 1826 459 obtinuerunt

1033 479 1177 506 Anatolius
1187 479 1342 514 patriarcha
1353 478 1478 514 93-95
1488 478 1698 511 Constantinop,
1711 478 1823 506 Martini.

1032 526 1230 556 Antiochenus,
1251 531 1278 552 et
1300 525 1438 552 Buflavius
1453 524 1638 560 [Juvenalius]
1664 524 1824 559 Hierosoly-

1033 572 1164 599 mitauus.
1184 571 1237 598 Leo
1251 576 1340 598 autem
1358 571 1515 606 patriarcha
1539 571 1678 599 Romanus
1704 571 1740 598 ad‘
1755 570 1825 597 Mar-

1032 617 1143 644 cianum
1164 616 1357 651 imperatorem
1379 616 1412 643 de
1431 616 1483 643 fide
1497 617 1662 647 orthodoxa,
1689 615 1740 642 title
1756 615 1824 642 Mel-

1033 662 1182 693 chitarum,
1209 661 1351 694 scribens,
1378 662 1522 696 epistolam
1549 669 1597 696 per
1622 662 1791 689 sacerdotem
1808 670 1824 688 ο

1034 707 1180 742 discipulis
1195 708 1254 735 suis
1266 707 1410 741 quemdam
1428 709 1539 735 neruine
1554 707 1723 734 Bonifacium
1739 707 1822 739 misit,

1032 761 1114 789 quam
1130 753 1231 781 deinde
1248 752 1406 781 Marcianus
1424 754 1574 788 imperator
1586 761 1633 788 per
1651 752 1822 780 Bonifacium

1033 800 1208 828 sacerdotem
1237 800 1437 826 Cltalcedonem
1463 800 1538 828 misit
1562 799 1596 826 ad
1623 799 1767 834 episcopos
1785 799 1822 825 ibi

1033 850 1226 881 congregatos,
1244 845 1290 880 qtti
1308 845 1479 872 Bonifaciutn
1498 852 1613 872 numero
1629 849 1822 872 sexcentarum

1034 892 1143 926 triginta
1160 896 1370 918 accensuerunt.
1388 891 1563 925 Fueruntque
1579 892 1605 917 in
1616 891 1732 918 concilio
1741 890 1824 918 disci-

1032 935 1088 970 pnli
1102 935 1238 970 Enthymii
1255 936 1345 963 sancti
1364 936 1521 971 Stephanus
1531 936 1676 970 episcopus
1691 936 1821 967 Barabim,

1032 985 1059 1008 et
1073 980 1191 1008 Joannes
1206 982 1352 1016 episcopus
1374 982 1569 1009 Barbarorum.
1593 981 1644 1008 Ubi
1671 989 1737 1016 ergo
1754 990 1821 1008 eon-

1031 1033 1175 1059 venerant,
1194 1028 1220 1054 in
1237 1027 1384 1055 falsitatem
1406 1028 1548 1056 sententia:
1567 1027 1688 1055 Dioscori
1705 1028 1822 1061 patriar-

1031 1073 1090 1101 chae
1115 1074 1292 1101 Alexandrini
1317 1074 1531 1108 inqttisiverunt,
1558 1073 1667 1108 etquid
1694 1074 1728 1100 de
1752 1073 1822 1103 facio

1031 1119 1119 1154 ipsius
1129 1118 1202 1153 quod
1216 1118 1377 1154 Eutychetis
1389 1119 1553 1145 sententiam
1565 1119 1707 1152 amplexus
1721 1119 1821 1150 fuerat,

1030 1170 1055 1192 et
1071 1165 1098 1191 in
1117 1164 1217 1199 ipsum,
1232 1172 1341 1198 unaque
1359 1165 1385 1191 in
1405 1163 1594 1199 Eutychetetn,
1613 1164 1756 1190 anathema
1773 1164 1821 1190 de-

1030 1210 1204 1242 nuntiarunt,
1226 1214 1390 1242 statuentes,
1412 1211 1557 1237 Dominum
1577 1214 1701 1237 nostrum
1727 1209 1820 1236 Jt-sum

1029 1256 1168 1283 Christum
1190 1257 1273 1283 Deum
1291 1263 1353 1283 esse
1370 1261 1397 1282 et
1418 1255 1569 1288 hominem,
1592 1256 1822 1290 ipsumquerjns-

1029 1300 1091 1328 dem
1109 1309 1170 1328 esse
1185 1300 1312 1328 essentia:
1327 1308 1389 1327 cum
1405 1299 1485 1326 Patre
1499 1300 1572 1334 qttod
1588 1300 1621 1326 ad
1636 1300 1819 1332 divinitatem,

1029 1347 1206 1381 ejusdemque
1218 1354 1280 1374 cum
1297 1346 1376 1373 nobis
1389 1346 1461 1380 quod
1476 1346 1509 1372 ad
1523 1346 1729 1377 humanitatem,
1745 1349 1820 1371 utra—

1028 1400 1079 1427 que
1094 1396 1192 1419 natura
1203 1391 1335 1425 agnitum,
1350 1391 1501 1425 perfectum
1514 1391 1541 1417 in
1551 1390 1696 1417 divinitate
1714 1398 1772 1420 sua,
1789 1394 1817 1415 ιιι

1028 1439 1178 1473 perfectum
1195 1438 1400 1465 inhumanitate
1416 1445 1477 1466 sua.
1492 1437 1630 1463 Christum
1643 1444 1737 1462 unum.
1751 1436 1821 1461 Con-

1029 1485 1226 1518 firmaruntque
1246 1483 1397 1510 doctrinam
1414 1482 1605 1517 episcoporum
1631 1486 1817 1508 trecentorum

1027 1528 1179 1555 octodecim
1193 1527 1238 1562 qui
1256 1528 1356 1555 Nicazte
1369 1531 1567 1557 convenerunt,
1585 1526 1701 1560 amplexi
1716 1526 1819 1551 dictum

1028 1576 1166 1609 ipsorum;
1185 1581 1246 1601 esse
1262 1574 1368 1600 scilicet
1384 1573 1484 1600 Filium
1506 1572 1580 1599 Patri
1597 1571 1820 1602 coessentialem,

1028 1621 1120 1647 lntnen
1135 1619 1169 1647 de
1186 1619 1301 1651 lumine,
1317 1618 1401 1645 Deum
1418 1626 1512 1645 verum
1537 1618 1570 1644 tle
1588 1617 1643 1644 Deo
1661 1625 1735 1647 vero.
1753 1625 1821 1643 ana«

1029 1667 1120 1693 thema
1144 1666 1226 1693 etiam
1245 1665 1373 1692 dixerunt
1395 1664 1450 1699 96
1472 1664 1548 1695 Ario,
1572 1668 1598 1690 et
1624 1664 1822 1689 continuarunt

1028 1712 1179 1739 doctrinam
1209 1711 1320 1738 concilii
1347 1710 1461 1738 sociindi
1489 1715 1596 1736 centtnu
1621 1708 1820 1743 quinquaginta

1027 1757 1222 1792 episcoporum
1247 1757 1301 1790 qui:
1317 1754 1556 1789 Constantinopoli
1580 1760 1674 1781 contra
1696 1753 1820 1780 Macedo-

1031 1804 1108 1830 nium
1128 1807 1325 1835 convenerant,
1362 1808 1517 1829 asserentes
1541 1800 1673 1836 Spiritum
1695 1805 1820 1826 Sﬂncltlllt

1029 1857 1090 1877 esse
1118 1849 1215 1881 Deum,
1236 1856 1353 1883 esseque
1378 1848 1487 1875 Patrem
1511 1846 1611 1873 Filium
1636 1851 1663 1874 et
1688 1846 1821 1880 Spiritum

1029 1900 1155 1922 sanctum
1183 1894 1267 1922 Deum
1294 1901 1389 1926 unum,
1405 1901 1485 1920 unam
1513 1897 1653 1922 naturam,
1681 1896 1736 1918 tres
1761 1899 1819 1925 pcr-

1029 1949 1122 1973 sonas,
1145 1945 1172 1968 et
1196 1944 1252 1967 tres
1265 1940 1436 1974 hypostases.
1452 1937 1641 1964 Macedoninm
1657 1935 1739 1963 etiam
1754 1943 1820 1962 ana-

1030 1987 1255 2015 thematizarunt.
1269 1984 1473 2012 Confirmarunt
1487 1983 1570 2010 etiatn
1586 1982 1739 2010 doctrinam
1755 1989 1819 2007 con-

1029 2033 1084 2061 cilii
1102 2032 1189 2064 tertii,
1205 2038 1301 2058 eorum
1326 2037 1425 2065 nempe
1451 2030 1496 2064 qui
1524 2028 1625 2064 Ephesi
1651 2028 1738 2062 prima
1763 2027 1820 2054 vice

1030 2082 1242 2110 convenerant,
1262 2077 1390 2104 videlicet
1411 2076 1604 2110 episcoporum
1628 2074 1820 2105 ducentorum,

1030 2131 1124 2152 contra
1136 2124 1314 2157 Nestorium;
1335 2123 1457 2150 dicentes
1481 2122 1592 2149 Mariam
1616 2120 1754 2155 Virginem
1777 2127 1820 2154 pc-

1031 2171 1137 2206 perisse
1153 2170 1249 2201 Deum,
1267 2169 1413 2196 Dominum
1433 2173 1555 2195 nostrum
1574 2166 1667 2194 Jesum
1679 2166 1819 2193 Christum

1031 2217 1078 2252 qui
1096 2216 1220 2251 ejusdem
1249 2219 1292 2242 est
1320 2222 1382 2242 cum
1403 2215 1483 2242 Patre
1504 2221 1556 2242 suo
1581 2218 1687 2241 naturae
1701 2212 1820 2244 divina,

993 2274 1017 2303 ι)
1032 2262 1156 2298 ejusdem
1177 2270 1239 2289 cum
1261 2261 1421 2288 hominibus
1436 2265 1541 2287 natura:
1552 2253 1693 2290 humanae,
1709 2265 1741 2284 ac
1756 2265 1815 2284 eon-

1030 2309 1096 2336 fessi
1113 2309 1182 2336 duas
1198 2315 1259 2336 esse
1285 2307 1397 2334 Christo
1420 2312 1546 2339 naturas,
1561 2312 1705 2341 personam
1727 2312 1819 2335 unam,

1030 2354 1191 2389 bypostasin
1206 2362 1307 2387 unam;
1331 2358 1358 2380 et
1374 2352 1532 2381 Nestorium
1554 2353 1729 2379 anathemate
1741 2350 1818 2377 devo-

1029 2406 1139 2434 vet-unt,
1167 2409 1218 2428 nec
1244 2408 1299 2427 non
1323 2399 1497 2432 Dioscorum,
1526 2402 1553 2425 et
1581 2397 1708 2432 quisquis
1737 2396 1821 2430 ipsius

1029 2446 1192 2473 sententiam
1202 2445 1575 2480 amplecteretttrjpsumque
1587 2443 1647 2469 loco
1659 2441 1819 2468 abdicarunt

1029 2493 1176 2520 anathema
1185 2493 1265 2518 etiam
1276 2491 1406 2518 dixerunt
1417 2490 1534 2517 concilio
1544 2488 1665 2516 secundo
1673 2487 1820 2522 Ephesiae.

1029 2538 1179 2572 Adfuitqne
1204 2537 1268 2564 huic
1295 2536 1414 2563 concilio
1436 2535 1646 2562 archidiaconus
1661 2533 1822 2560 Alexandri-

1030 2591 1083 2611 nus
1099 2584 1210 2610 nomine
1225 2583 1379 2613 Proterius,
1402 2590 1483 2616 quem
1504 2581 1688 2616 patriarcham
1707 2581 1819 2606 Alexau~

1029 2629 1095 2656 dritc
1105 2629 1166 2656 loco
1180 2628 1301 2655 Dioscori
1318 2628 1445 2659 infidelis,
1466 2627 1616 2659 maledicti,
1631 2626 1818 2661 praefecerunt.

1064 2675 1123 2702 .latn
1147 2683 1161 2702 a
1177 2674 1295 2702 concilio
1313 2673 1405 2706 tertio,
1428 2673 1567 2708 Ephesiae
1585 2673 1691 2700 scilicet
1711 2672 1818 2705 episco—

1029 2729 1125 2757 porum
1145 2722 1325 2748 ducentorum
1341 2719 1387 2754 qui
1413 2719 1499 2754 prima
1522 2719 1582 2745 vice
1602 2717 1702 2752 Ephesi
1720 2724 1818 2743 conve-

1029 2768 1136 2795 nientes
1160 2766 1316 2794 NestOrium
1346 2766 1522 2793 anathemate
1551 2767 1759 2798 percusserunt,
1785 2762 1817 2789 ad

1027 2817 1155 2849 quartum
1185 2813 1235 2839 hoc
1256 2813 1402 2840 concilium
1428 2811 1500 2846 quod
1515 2810 1680 2838 Chalcedoni
1699 2809 1818 2836 habitum

1027 2863 1080 2891 est,
1107 2858 1171 2886 anni
1196 2863 1259 2886 sunt
1286 2858 1381 2893 viginti
1399 2866 1482 2889 llnllS,
1506 2856 1558 2884 hoc
1583 2863 1680 2890 nempe
1707 2855 1734 2882 in
1750 2854 1816 2888 97-

1027 2905 1083 2941 99
1108 2913 1161 2940 quo
1186 2907 1376 2933 convenerunt
1396 2903 1520 2938 episcopi
1549 2901 1672 2931 sexcenti
1695 2900 1818 2936 triginta,
