2014 3082
201 173 270 204 1055

711 172 895 203 EUTYCJIII
915 170 1184 201 ALEX.\NDRiNI
1200 171 1311 201 PATR.

1755 170 1828 200 1056

199 229 245 263 qui
265 229 422 257 ltinscnrum
438 234 465 255 et
485 228 662 265 Eutychetem
680 230 857 256 anathemate
872 229 988 256 devove-
1004 230 1026 258 Α
1041 227 1123 255 clesia
1136 227 1248 263 Cyrini;
1267 228 1331 255 dein
1345 236 1444 262 corpus
1465 226 1550 262 ipsius
1566 228 1672 254 camelo
1686 227 1710 253 iu
1725 225 1828 261 ιιιι-νο-

199 279 273 301 rnnt.
293 273 411 310 [Egyptii
426 283 491 302 vero
504 280 531 302 ct
549 275 724 302 Alexandriae
744 275 841 302 incola:
859 275 984 302 Dioscuri

197 325 224 348 et
239 320 397 356 Eutychetis
413 322 578 348 sententiam
594 321 713 356 amplexi
732 321 852 353 fuerant,
872 326 898 348 et
922 320 986 349 Dio-

197 375 309 394 scornm
319 366 419 401 injuria
429 368 601 395 anathemate
613 375 774 402 percussum
787 371 982 400 autumarunt;

198 417 271 438 metu
286 415 374 439 autem
387 412 516 440 Marciani
532 414 604 448 regis
620 414 782 441 sententiam
803 421 880 441 suam
894 414 982 448 palam

199 456 323 490 proferre
338 458 397 484 ausi
416 465 470 485 non
486 463 562 486 sunt.
587 459 736 486 Dioscorus
752 467 817 487 vero
832 460 892 487 loco
906 459 985 487 ahdi-

199 509 278 531 catus
290 503 458 532 Palaestinam
475 509 502 532 et
510 505 696 541 Hierosolyma
709 506 845 540 profectus
860 506 982 534 omniunt

202 549 240 576 ibi
264 549 420 584 degentium
437 551 515 578 fidem
531 552 664 586 corrupit,
683 552 751 579 adeo
779 557 807 578 ut
824 553 895 579 idem
920 560 981 579 cum

199 595 259 629 ipso
281 600 446 630 assercrent,
467 598 625 625 conciliavit
650 598 731 625 etiam
758 599 810 626 sibi
839 599 984 633 episcopos

198 649 306 674 eorum,
325 647 352 670 et
368 643 489 670 Eudocia
503 643 647 671 Theodosii
664 644 837 679 imperatoris
851 652 919 672 uxor
935 652 984 672 au-

198 688 255 715 dita
273 688 397 716 Dioscori
414 691 552 718 sententia
568 690 593 718 ci
609 698 753 719 assensum
770 689 895 725 praebuit,
911 691 983 717 mul-

198 738 283 768 taque
308 735 360 769 ipsi
385 735 499 764 donaria
519 737 606 764 misit.
630 736 748 764 Sanctus
770 741 859 764 autem
882 737 986 772 Euthy-

199 780 281 809 mius.
297 780 492 816 Hierosolymis
506 783 584 810 fidem
600 783 780 811 orthodoxam
794 783 985 818 propugnabat

198 831 226 852 ct
252 826 388 857 tuebatur.
415 828 460 862 qui
490 832 517 855 et
542 828 576 856 ad
596 827 742 856 Eudociam
756 830 869 856 mittens
894 829 983 856 dixit:

199 871 239 898 Ne.
257 872 374 906 recipias
397 873 519 901 Dioscuri
547 875 722 906 sententiam,
747 879 843 909 utpote
857 875 903 910 qui
924 876 985 903 loco

200 917 306 950 pulsus,
321 922 348 945 et
363 919 538 947 anathemate
555 927 703 954 percussus
729 921 766 948 sit
782 929 833 947 una
852 929 912 948 cum
925 929 986 947 om-

200 963 283 990 nibus
299 964 345 997 qui
364 965 527 992 sententiam
549 966 635 1000 ipsius
650 967 864 1000 amplectuntur.
884 966 985 994 Rever-

199 1013 257 1034 lere
274 1016 339 1043 ergo
366 1010 398 1036 ad
415 1017 474 1037 eam
496 1019 577 1045 quam
603 1011 727 1046 professa
750 1019 811 1038 eras
831 1013 984 1040 veritatem.

198 1054 364 1080 Auscultans
391 1062 456 1088 ergo
480 1055 598 1082 Eudocia
625 1056 699 1083 dicto
725 1056 811 1083 sancti
835 1055 984 1091 Euthymii,

199 1097 325 1124 abdicata
351 1098 474 1126 Dioscori
501 1100 636 1127 sententia
657 1100 689 1127 ad
711 1101 852 1128 veritatem
877 1109 985 1128 reversa

199 1147 252 1173 ρει,
278 1143 369 1170 multis
392 1144 429 1171 illi
448 1145 541 1175 missis
565 1146 737 1173 muneribus.
754 1146 884 1174 Condidit
903 1148 985 1174 etiam

200 1187 321 1214 Etulocia
339 1187 537 1224 Hierosolymis
561 1190 666 1217 multas
686 1190 829 1222 ecclesias.
850 1195 877 1219 et
896 1199 987 1219 coeno-

202 1233 257 1259 hia.
276 1233 372 1264 Porro,
392 1242 465 1261 anno
483 1235 562 1262 tertio
582 1236 659 1270 regni
676 1235 804 1262 Marciani
818 1237 986 1265 constitutus

200 1283 243 1305 est
265 1278 428 1306 Anastasius
455 1280 610 1312 patriarcha
635 1279 909 1315 Hierosolymitanus,
939 1281 986 1316 qui

200 1324 323 1351 Jacobita
341 1324 392 1350 fuit
407 1333 414 1350 :
435 1324 507 1352 sedit
522 1332 610 1352 annos
621 1326 817 1358 novemdccim,
834 1326 895 1353 dein
911 1334 986 1355 mor-

200 1374 265 1397 tuus
293 1373 344 1397 cst.
366 1369 466 1397 Eodem
498 1377 571 1397 anno
588 1370 667 1405 100
688 1370 777 1398 factus
798 1375 841 1398 est
869 1372 987 1400 Basilius

199 1415 355 1450 patriarcha
378 1416 579 1450 Antiochenus;
609 1417 679 1444 duos
698 1424 786 1444 annos
812 1418 893 1450 sedit,
924 1419 986 1446 dein

201 1467 327 1489 mortuus
347 1466 399 1489 est.
424 1462 504 1489 Anno
521 1462 597 1498 regni
617 1462 742 1498 ejusdem
759 1463 869 1497 quinto,
884 1463 988 1491 consti-

202 1512 276 1536 tutus
299 1513 343 1536 est
365 1507 512 1544 Martyrins
536 1509 693 1543 patriarcha
712 1509 914 1542 Antiochenus,
939 1511 986 1545 qui

1040 274 1165 301 dromutu
1177 282 1315 310 magnum,
1325 275 1397 309 qttod
1412 274 1548 301 exstruxit
1563 273 1726 301 Ptolomaeus
1736 274 1828 307 appel-

1040 319 1114 347 latus
1141 319 1240 354 Lagus,
1263 325 1411 355 gestatum,
1433 321 1495 356 igne
1524 324 1693 347 cremarunt.
1729 319 1828 349 Porro,

1041 366 1167 399 apparuit
1182 367 1209 393 in
1225 368 1296 394 coelo
1307 367 1394 394 nubes
1411 367 1500 402 ignea,
1519 374 1581 393 cum
1600 366 1716 396 tonitru.
1732 369 1758 391 et.
1776 365 1830 391 ful-

1040 418 1117 445 gure,
1143 418 1176 438 ac
1199 416 1355 439 tcrrtemotu
1380 419 1479 447 magno
1505 411 1602 439 diehus
1631 410 1827 444 quadraginta.

1041 455 1156 483 Sederat
1176 456 1317 484 Protcrius
1337 465 1384 485 sex
1398 465 1488 484 annos
1509 464 1570 484 cum
1587 455 1748 483 interfectus
1772 461 1827 482 est.

1041 501 1105 530 Post
1123 502 1212 538 ipsum
1231 503 1363 530 sull‘ectus
1384 507 1427 529 est
1443 502 1605 529 Timotheus
1629 500 1750 528 Anatolii
1769 500 1827 526 fra-

1041 553 1093 580 ter,
1107 549 1154 583 qui
1169 547 1300 575 Janurius
1318 548 1404 579 audit,
1435 548 1460 573 in
1477 547 1692 581 patriarehatum
1705 546 1827 572 Alexan-

1040 594 1106 621 dria!
1116 595 1162 629 qui
1179 594 1302 622 Jacobita
1321 594 1382 620 fuit.
1411 593 1459 620 llic
1477 600 1538 620 cum
1554 600 1643 620 annos
1664 597 1721 619 tres
1738 591 1828 619 sedis-

1041 644 1100 672 set,
1117 640 1170 667 dux
1193 640 1303 674 quidam
1327 639 1439 666 nomine
1464 638 1565 666 Balaus
1586 637 1826 672 Constantinopoli

1040 686 1234 715 Alexandriam
1250 686 1414 720 perveniens
1428 685 1516 720 ipsum
1538 684 1669 719 relegavit
1683 684 1711 711 in
1734 683 1826 710 locum

1039 731 1144 758 dictum
1166 731 1346 766 Marsuphin;
1372 734 1419 765 qui
1441 732 1519 758 vicus
1540 735 1582 757 est
1596 730 1628 757 ad
1647 730 1724 756 littus
1739 729 1827 756 maris

1039 777 1112 810 quod
1134 777 1237 804 Pontus
1264 777 1350 804 audit.
1366 775 1572 810 Prmfectusque
1594 779 1638 802 est
1666 774 1826 810 patriarcha

1039 823 1212 851 Alexandriae
1231 822 1390 850 Timotheus
1416 823 1496 855 alter,
1511 823 1557 856 qui
1573 821 1661 849 Surus
1672 820 1826 855 appellatus

1039 872 1092 902 est,
1106 868 1152 902 qui
1172 868 1252 895 etiam
1265 867 1388 895 Jacohita
1414 867 1483 900 fuit;
1510 874 1597 894 annos
1610 867 1765 902 quindecim
1781 873 1826 893 se-

1038 914 1088 946 dit,
1106 913 1167 940 dein
1182 917 1309 940 mortuus
1322 917 1374 940 est.
1394 910 1489 944 Porro,
1511 920 1584 939 anno
1600 912 1708 946 imperii
1725 912 1826 939 Leonis

1036 959 1124 994 Magni
1141 959 1249 986 decimo
1263 963 1351 990 sexto,
1368 959 1459 986 factus
1474 962 1515 986 est
1528 958 1659 985 Martinus
1670 957 1824 992 patriarcha

1038 1005 1303 1041 llicresolymitauus
1314 1014 1321 1038 ;
1334 1005 1459 1032 Jacohita
1473 1009 1549 1032 erat:
1569 1012 1656 1032 annos
1669 1008 1731 1032 octo
1742 1004 1825 1037 sedit,

1037 1052 1100 1080 dein
1129 1057 1255 1079 mortuus
1281 1056 1332 1079 est.
1352 1052 1431 1077 Auno
1457 1051 1579 1085 ejusdem
1609 1050 1684 1085 regni
1715 1049 1827 1076 decimo

1037 1097 1204 1125 constitutus
1218 1102 1260 1124 est
1272 1097 1389 1124 Acreius
1404 1097 1557 1130 patriarcha
1569 1095 1807 1130 Constantinopoli
1818 1109 1826 1115 -

1037 1147 1130 1174 Ianus,
1162 1143 1209 1176 qui
1243 1149 1304 1168 cum
1332 1142 1462 1168 tredecim
1493 1148 1579 1168 annos
1604 1140 1683 1176 104
1706 1141 1825 1167 sedisset.

1037 1193 1162 1215 mortuus
1177 1192 1230 1215 est.
1246 1188 1325 1215 Anno
1341 1187 1461 1222 ejusdem
1476 1187 1638 1214 duodecimo
1655 1185 1825 1213 constitutus

1037 1237 1077 1260 est
1099 1232 1220 1260 Joannes
1246 1233 1401 1267 patriarcha
1429 1232 1632 1263 Antiochenus,
1660 1232 1706 1266 qui
1737 1238 1823 1258 unum

1037 1286 1139 1306 annum
1156 1279 1239 1311 sedit,
1257 1279 1319 1306 dein
1348 1284 1472 1306 mortuus
1493 1283 1545 1305 est.
1572 1276 1701 1312 Ejusdem
1716 1276 1825 1304 decimo

1041 1325 1122 1352 tertio
1133 1324 1223 1351 factus
1240 1330 1280 1352 est
1300 1323 1426 1352 Julianus
1450 1325 1606 1360 patriarcha
1621 1323 1822 1354 Antiochenus,

1037 1376 1124 1396 annos
1139 1369 1259 1404 quinque
1273 1370 1356 1402 sedit,
1374 1370 1436 1396 dein
1452 1373 1577 1396 mortuus
1586 1373 1638 1396 est.
1653 1370 1732 1395 Anno
1745 1367 1824 1401 regni

1038 1415 1124 1449 ipsius
1139 1418 1236 1442 octavo
1245 1418 1353 1442 creatus
1368 1418 1410 1441 est
1420 1413 1538 1442 Hilarius
1554 1415 1707 1449 patriarcha
1721 1412 1823 1440 Roma-

1043 1468 1106 1492 nus,
1120 1460 1177 1494 qui,
1198 1468 1260 1487 cum
1282 1467 1328 1487 sex
1354 1467 1441 1488 annos
1464 1460 1592 1492 sedisset,
1620 1465 1746 1486 mortuus
1769 1463 1823 1486 est.

1039 1505 1169 1540 Ejusdem
1190 1512 1262 1532 anno
1284 1505 1390 1532 decimo
1413 1508 1490 1532 sexto
1512 1506 1679 1531 constitutus
1694 1508 1736 1530 est
1753 1503 1824 1530 Sile-

200 1561 264 1583 octo
291 1563 378 1583 annos
399 1555 481 1587 sedit,
500 1556 563 1583 dein
587 1560 713 1583 mortuus
729 1560 782 1582 est.
816 1556 895 1583 Anno
912 1555 986 1589 regni
1002 1555 1023 1584 (ι
1041 1558 1092 1576 nus
1108 1550 1264 1584 patriarcha
1282 1548 1432 1581 ltomanus,
1455 1549 1499 1583 qni
1516 1548 1724 1583 quatuordecim
1737 1555 1825 1575 annos

201 1602 288 1629 iusius
302 1607 380 1628 sexto
402 1603 569 1630 constitutus
594 1606 636 1630 est
650 1601 807 1629 Gennadius
833 1601 986 1634 patriarcha

201 1649 522 1683 Constantinopolitnnus
532 1670 540 1682 ,
552 1650 598 1683 qui
617 1649 710 1677 decem
726 1657 813 1677 annos
828 1649 909 1681 sedit,
924 1649 986 1677 dein

202 1699 327 1720 mortuus
338 1697 391 1721 est.
406 1693 538 1729 Tempore
550 1694 680 1722 Marciani
697 1694 748 1721 fuit
763 1694 881 1729 Symeon
896 1695 987 1722 seclu-

203 1746 262 1769 sus,
282 1738 328 1772 qui
347 1737 373 1764 in
390 1738 517 1765 columna
539 1739 616 1765 stetit
639 1737 772 1774 [Stylita].
785 1739 846 1765 Fuit
872 1739 916 1766 ille
931 1746 988 1766 mo-

203 1783 353 1809 nachorum
368 1782 414 1817 qui
443 1782 470 1809 in
488 1783 585 1810 cellam
600 1790 630 1810 se
645 1783 749 1817 recepit
763 1783 869 1817 primus
886 1783 988 1816 fuitque

203 1830 257 1856 hoc
276 1830 302 1856 in
331 1828 471 1857 territorio
492 1828 645 1856 Antiochiae
663 1829 690 1855 in
710 1832 813 1858 monte.
836 1829 883 1862 qui
910 1836 988 1856 mons

202 1874 336 1903 Mirabilis
352 1875 462 1902 dicitur.
482 1873 581 1902 Eodetn
600 1879 722 1909 tempore
738 1878 851 1902 sanctus
865 1873 990 1901 Theodo-

202 1921 260 1948 sius
274 1920 420 1954 praefectus
437 1920 562 1948 ctenobio
583 1920 615 1946 Al
638 1919 779 1947 Dawakesi
809 1926 824 1946 e
838 1919 925 1954 patria
939 1927 989 1947 sua

203 1966 354 2000 profectus,
364 1966 450 1993 donec
466 1966 498 1993 ad
516 1966 672 1993 Simeonem
686 1965 824 1993 seclusum
839 1964 990 1992 Antiochia:

203 2012 384 2047 pervenisset,
400 2019 462 2038 cum
477 2019 509 2038 eo
524 2011 621 2038 diebus
636 2010 740 2045 aliquot
757 2010 916 2044 permansit,
933 2014 990 2037 tum

203 2058 394 2093 Hierosolyma
409 2057 543 2085 accedens
556 2057 708 2084 monachus
722 2055 811 2083 factus
826 2060 878 2082 est.
891 2055 988 2088 Porro,

205 2112 277 2131 anno
302 2108 380 2132 sexto
407 2103 516 2138 imperii
546 2101 677 2129 Marciani
707 2102 777 2136 regis
805 2101 989 2128 ltornanorum

204 2154 331 2178 mortuus
352 2155 393 2177 est
408 2149 558 2184 Yazdojerd
580 2148 706 2175 Bahrami
727 2147 798 2174 ﬁlius
820 2155 866 2174 rex
893 2146 991 2174 Persa-

205 2205 277 2225 rum.
307 2196 367 2229 Qno
381 2203 396 2223 e
413 2196 502 2223 medio
517 2195 625 2222 sublato
639 2194 672 2221 de
691 2201 774 2229 regno
789 2193 991 2220 contenderunt

203 2244 258 2270 duo
274 2226 360 2278 ipsius
378 2242 424 2269 lilii
445 2241 544 2269 Phiruz
558 2245 585 2268 et
600 2226 733 2271 llormos;
757 2240 818 2267 aliis
835 2247 849 2265 a
865 2239 990 2273 partibus
1008 2226 1029 2255 θ

203 2288 326 2320 Phiruzi,
338 2288 399 2315 aliis
412 2288 445 2314 ab
453 2286 580 2313 l-iormozi
590 2285 739 2317 stantibus,
753 2284 825 2312 unde
840 2284 991 2318 conﬂagra-

203 2337 242 2362 vit
257 2336 330 2362 inter
346 2334 422 2368 ipsos
437 2333 551 2365 bellum,
571 2333 658 2360 donec
674 2331 793 2358 llormoz
804 2338 855 2358 una
870 2338 933 2358 cttm
943 2331 993 2357 tri-

203 2381 257 2408 bus
274 2388 289 2406 e
306 2379 466 2413 domesticis
485 2379 544 2406 suis
567 2377 752 2405 occideretur.
775 2375 910 2411 Regnavit
926 2383 992 2411 ergo

205 2427 307 2454 Phiruz
324 2425 486 2460 Yazdejerdi
512 2424 584 2452 lilius
609 2424 636 2451 in
652 2423 752 2452 Persas
772 2422 867 2458 viginti
888 2427 992 2458 septem

204 2480 303 2503 annos.
319 2472 400 2506 idque
413 2477 487 2498 anno
499 2470 607 2504 imperii
619 2468 747 2495 Marciani
765 2468 838 2503 regis
854 2468 993 2494 lloutano-

204 2526 265 2546 rum
283 2521 374 2545 sexto.
391 2516 454 2544 Fuit
469 2519 558 2543 autem
579 2514 737 2542 Marcianus
751 2521 797 2541 rex
810 2513 992 2545 orthodoxus,

204 2562 307 2596 quique
329 2561 408 2588 ﬁderit
421 2559 609 2590 Melchitarum
620 2563 743 2586 tueretur
762 2563 789 2586 et
797 2561 992 2593 propugnaret.

241 2608 301 2641 ipso
326 2614 390 2634 vero
407 2605 580 2640 101-103
598 2610 716 2636 mortuo,
742 2608 805 2639 post
833 2604 922 2638 ipsum
941 2604 995 2630 ltu-

206 2654 296 2680 manis
312 2660 400 2679 annos
416 2651 553 2679 sexdecim
572 2650 717 2684 imperavit
730 2649 785 2676 Leo
801 2648 932 2683 Magnus,
957 2649 995 2675 id-

208 2705 261 2731 que
282 2705 354 2724 anno
378 2696 455 2731 regni
474 2695 582 2722 Phiruai
599 2695 655 2721 filii.
670 2693 832 2728 Yuzdejerdi
849 2692 993 2720 Persarum

209 2743 280 2776 regis
313 2742 447 2770 secundo.
477 2740 593 2773 Fuitque
619 2740 700 2767 etiam
733 2738 786 2766 Leo
813 2738 994 2770 orthodoxus,

210 2788 349 2815 Mclchita.
373 2787 553 2815 Alexandrini
575 2787 667 2813 audito
681 2791 818 2812 mortuum
842 2793 904 2812 esse
929 2784 996 2811 Mar-

211 2834 319 2860 cianum
370 2833 560 2867 imperatorem
616 2831 769 2858 Proteriuut
817 2830 995 2865 patriar-citam

213 2879 430 2908 Alexandrinum
450 2877 537 2904 adniti
566 2878 652 2912 ipsum
683 2876 877 2903 interfuerunt
901 2875 926 2902 in
953 2882 997 2903 ec-

1039 1595 1119 1626 scdit,
1140 1595 1201 1621 dein
1231 1599 1357 1621 ntortuus
1382 1598 1435 1621 est.
1463 1594 1551 1628 Atque
1575 1594 1620 1620 hic
1651 1593 1824 1620 Timotheum

1038 1639 1157 1666 Anatolii
1177 1639 1288 1666 fratrem
1315 1639 1501 1674 patriarcham
1523 1638 1741 1666 Alexandrinum
1758 1645 1826 1665 ana-

1039 1684 1158 1711 themate
1173 1684 1318 1718 percussit.

1075 1728 1181 1755 Mortuo
1206 1727 1297 1756 Leone
1320 1728 1418 1763 Magno
1438 1727 1624 1754 Romanorum
1647 1728 1824 1761 imperatore,

1039 1774 1162 1808 regnavit
1179 1779 1238 1808 post
1257 1773 1346 1807 ipsum
1360 1774 1386 1800 in
1399 1773 1536 1800 ltomanos
1552 1780 1652 1799 annum
1671 1779 1752 1798 unum
1770 1771 1826 1798 Leo

1039 1818 1153 1851 Parvus,
1170 1819 1215 1853 qui
1233 1817 1355 1846 Jacobita
1366 1823 1436 1852 erat,
1459 1819 1540 1854 idque
1563 1826 1635 1844 anno
1660 1818 1734 1853 regni
1759 1817 1824 1844 Phi~

1039 1863 1097 1891 ruzi
1116 1864 1161 1891 lilii
1184 1863 1343 1899 Yazdejerdi
1356 1865 1500 1892 Persarum
1515 1865 1587 1900 regis
1599 1864 1705 1892 decimo
1714 1869 1822 1892 octavo.

1041 1910 1148 1938 Mortuo
1163 1910 1262 1938 deinde
1277 1910 1368 1938 Leone
1390 1910 1477 1937 l’arvo
1502 1910 1688 1937 Romanorum
1706 1910 1825 1944 impera-

1041 1960 1100 1984 tore
1109 1957 1251 1992 imperavit
1263 1956 1357 1983 iisdem
1369 1960 1430 1990 post
1442 1956 1531 1990 ipsum
1541 1956 1612 1983 tilius
1625 1956 1711 1990 ipsius
1722 1956 1825 1990 Zenon,

1039 2002 1087 2037 qui
1104 2002 1188 2030 etiarn
1206 2001 1332 2030 Jacobita
1350 2002 1410 2029 fuit.
1428 2001 1512 2037 idque
1529 2009 1601 2029 anno
1617 2002 1692 2035 regni
1712 2002 1826 2029 Phiruzi

1040 2049 1187 2076 Persarum
1203 2048 1275 2083 regis
1293 2049 1398 2075 decimo
1413 2055 1498 2075 nono.
1520 2047 1647 2075 Profecto
1665 2053 1753 2075 antem
1773 2048 1826 2075 Ze-

1042 2103 1113 2123 none
1143 2098 1170 2122 in
1200 2095 1290 2122 locum
1323 2094 1484 2128 appellatum
1515 2093 1604 2120 Surab
1635 2094 1827 2122 oblectationis

1041 2149 1135 2172 causa,
1152 2141 1195 2167 vir
1213 2141 1324 2175 quidam
1343 2139 1451 2166 nomine
1467 2139 1602 2166 Basilicus
1621 2147 1673 2166 una
1692 2147 1753 2167 cum
1771 2140 1830 2167 tilio

1043 2193 1094 2214 suo
1112 2185 1214 2217 Marco,
1239 2185 1378 2212 mensibus
1402 2184 1497 2218 viginti
1524 2192 1636 2219 regnum
1656 2181 1827 2220 "occupavit:

1042 2241 1112 2267 qttos
1129 2236 1190 2267 post
1206 2232 1365 2258 continuum
1394 2231 1463 2258 inter
1480 2231 1554 2265 ipsos
1571 2232 1670 2259 bellum
1687 2232 1828 2266 superavit

1042 2278 1126 2310 Zeno,
1151 2286 1182 2304 ac
1199 2276 1465 2310 Constantinopolim
1488 2277 1629 2311 ingressus
1646 2277 1774 2308 Basilico,
1800 2281 1828 2304 ct

1041 2324 1098 2351 lilio
1112 2324 1200 2358 ipsius
1219 2321 1370 2359 interfectis
1387 2322 1460 2349 aedes
1485 2323 1607 2356 ipsorum
1628 2326 1654 2349 et
1676 2330 1741 2357 opes
1758 2323 1828 2350 diri-

1043 2370 1118 2404 puit;
1132 2376 1226 2396 eorum
1243 2368 1324 2395 etiam
1336 2375 1468 2402 sequaces
1484 2368 1631 2396 interemit.
1652 2369 1828 2404 105-107

1044 2415 1146 2442 Eodem
1169 2420 1289 2448 tempore
1309 2414 1409 2441 accidit
1436 2413 1671 2448 Constantinopoli
1688 2419 1830 2440 tet-nemo-

1043 2465 1088 2488 tus
1103 2461 1208 2496 ingens.
1229 2460 1356 2494 Eclipsim
1370 2460 1451 2486 etiam
1476 2467 1573 2494 passus
1592 2464 1633 2487 est
1650 2460 1701 2493 sol,
1716 2461 1784 2487 adeo
1800 2465 1830 2486 ut

1044 2508 1130 2534 stella:
1146 2506 1263 2533 interdiu
1281 2510 1452 2541 apparerent.
1470 2505 1571 2533 Domus
1588 2507 1667 2533 etiam
1679 2514 1758 2540 quam
1772 2507 1825 2540 plu-

1045 2553 1120 2580 rima:
1144 2556 1318 2584 corruerunt,
1342 2559 1374 2578 ac
1395 2559 1492 2586 magna
1518 2551 1658 2578 hominum
1685 2552 1831 2578 multitudo

1045 2602 1200 2625 terrmmotu
1218 2597 1307 2631 periit;
1324 2597 1403 2631 idque
1428 2604 1499 2623 anno
1516 2597 1622 2631 imperii
1639 2596 1757 2623 Zenonis
1777 2598 1829 2624 im-

1047 2643 1179 2678 peratoris
1193 2642 1380 2669 Romanorum
1396 2648 1476 2668 nono.
1502 2641 1587 2676 Regni
1601 2642 1687 2676 ipsius
1703 2651 1774 2668 anno
1790 2651 1830 2670 sc~

1046 2689 1136 2717 cundo
1167 2689 1234 2723 fugit
1257 2687 1419 2714 Timotheus
1448 2692 1633 2722 cognomento
1667 2689 1755 2715 Surus
1785 2696 1831 2723 pa‘

1048 2735 1168 2761 triarcha
1178 2733 1379 2760 Alexandrinus
1390 2733 1415 2759 in
1430 2733 1525 2760 vallem
1536 2732 1634 2765 liabib,
1651 2741 1831 2768 reversusque

1049 2780 1209 2808 Timotheus
1226 2779 1345 2806 Anatolii
1365 2778 1452 2805 frater
1465 2787 1479 2805 a
1495 2778 1652 2813 Marsuphin
1670 2779 1701 2806 ad
1718 2779 1829 2813 patriar-

1049 2827 1158 2854 charum
1180 2825 1359 2855 Alexandrize,
1391 2825 1490 2852 ihident
1518 2825 1626 2851 biennio
1654 2825 1734 2854 sedit,
1770 2824 1831 2851 dein

1050 2876 1173 2900 uoxluus
1200 2875 1252 2899 est.
1282 2870 1437 2904 Factusque
1462 2875 1501 2897 cst
1531 2875 1590 2905 post
1621 2871 1708 2904 ipsum
1735 2869 1831 2897 Petrus
