2014 3082
184 148 253 180 1057

901 141 1087 173 ANNALES.

1740 139 1810 170 1n58

184 203 242 238 (qui
259 200 475 229 archidiaconus
499 198 601 234 fuerat)
616 197 774 233 patriarcha
789 196 910 229 ibidem;
926 195 971 222 Ja-
986 195 1010 226 Α
1024 196 1066 223 nis
1082 194 1256 230 imperatoris
1272 194 1351 222 Rum.
1367 194 1523 222 undecimo.
1540 194 1620 221 Anno
1636 194 1742 221 devium
1755 203 1808 221 ter-

184 248 274 274 cobita
292 247 340 273 fuit
355 255 361 279 ;
379 246 546 273 seditannos
563 253 612 272 sex
645 249 671 272 et
687 243 745 271 dies
763 243 883 278 triginta.
907 242 969 269 dein

185 291 451 326 Constantinopolim
470 291 537 325 fugit
555 297 738 324 reversusque
754 295 794 315 est
812 287 971 315 Timotheus

186 338 349 372 cognomine
380 337 468 364 Surus
492 344 507 363 ιι
537 336 606 364 valle
635 336 722 363 Habib
746 333 972 370 (velsccundum

187 383 259 410 aliud
273 382 421 416 exemplar,
431 381 597 408 monasterio
616 380 712 412 llabib,
730 379 802 414 quod
817 378 876 406 sine
890 377 974 405 dubio

187 429 280 456 verius
296 432 360 460 est),
372 432 399 454 et
414 434 475 453 cum
489 427 515 453 in
531 426 660 453 cathedra
671 423 846 459 patriarchali
857 428 975 458 quatuor

189 475 268 501 anuis
294 473 412 501 sedisset
434 477 561 499 mortuus
582 475 634 499 est.
649 471 729 498 Anno
750 470 825 505 regni
849 470 973 504 ejusdem

191 518 310 546 Zenonis
333 525 405 544 nono
431 515 602 544 Alexandriae
619 516 730 550 quidam
756 515 843 550 ipsius
864 514 976 542 nomine

191 565 334 600 praefectus
365 564 423 590 Elin
448 562 551 590 Gustus
577 561 710 588 Joannem
734 560 833 587 ibidem
858 560 975 596 patriar-

191 612 270 638 cham
287 609 442 641 constituit,
454 609 500 642 qui
517 607 640 634 Jacobita
657 606 718 638 fuit,
731 606 823 640 ibique
838 613 885 632 sex
902 612 977 633 men-

192 665 235 684 ses
266 655 345 683 sedit.
364 654 467 682 Deinde
502 654 572 680 alius
601 652 794 680 Alexandriam
822 658 837 677 a
869 650 978 678 Zenone

193 702 338 737 praefectus
359 700 471 727 nomine
485 699 664 734 Augustalius
686 699 787 726 missus
798 702 849 730 est,
869 704 979 733 unaque

192 755 254 775 cum
278 747 337 781 ipso
352 745 449 773 Petrus
471 745 625 780 patriarcha
652 744 699 779 qni
721 744 978 778 Constantinopolin

193 794 310 827 ingerat.
324 791 382 819 Ebn
399 790 502 818 Gustus
517 798 583 818 vero
603 789 748 824 praefectus
765 790 801 816 ab
819 789 980 825 Augustalio

194 839 257 873 fuga
278 845 307 865 se
330 836 474 872 proripuit,
503 844 555 863 una
571 836 653 863 etiam
677 835 796 870 fugiente
811 835 916 862 Joaune
932 843 978 870 pa~

194 883 325 910 triarcha.
348 881 542 916 Reversusque
558 882 638 917 108
651 882 748 909 Petrus
763 881 918 916 patriarcha
934 882 979 917 qui

196 931 313 965 fugerat,
332 930 360 956 in
390 929 481 956 locum
505 936 597 960 suum,
619 935 707 955 annos
729 932 792 954 octo
816 928 896 960 sedit,
918 928 981 955 dein

196 980 322 1003 mortuus
337 980 387 1003 est.
419 975 496 1002 Anno
512 975 619 1002 decimo
643 980 722 1002 sexto
743 975 850 1008 imperii
865 975 983 1003 Zenonis

197 1023 286 1049 factus
318 1025 360 1049 cst
386 1021 489 1048 Abinas
515 1021 672 1056 patriarcha
697 1020 911 1053 Alexandrinus,
935 1022 983 1055 qui

195 1067 318 1095 Jacobita
344 1066 407 1098 fuit,
435 1071 540 1101 septem
561 1073 648 1093 annos
669 1066 750 1098 sedit,
780 1066 842 1094 dein
858 1070 984 1094 mortuus

196 1118 248 1140 est.
264 1112 361 1140 Multas
375 1111 546 1139 Alexandria:
560 1111 692 1139 ecclesias
708 1112 856 1146 exstruxit,
882 1112 982 1139 multa-

197 1167 251 1195 que
267 1162 452 1186 monumenta.
465 1157 504 1184 Eo
514 1161 635 1192 tempore
646 1157 823 1194 conflagravit
834 1158 986 1193 Hippodro—

201 1211 261 1230 inus
277 1211 393 1238 magnus
412 1202 458 1237 qui
474 1210 489 1229 a
506 1201 653 1229 Ptolomaeo
665 1203 710 1236 qui
725 1203 932 1237 cognominatus
944 1206 986 1231 est

199 1248 287 1284 Lagus
295 1248 466 1275 Alexandria!
477 1252 634 1276 exstructus
644 1247 743 1281 fuerat,
753 1248 779 1276 in
789 1256 843 1282 quo
849 1252 986 1276 crematus

199 1294 288 1321 fuerat
307 1293 447 1321 Pruterius
466 1293 631 1328 patriarcha.
651 1293 731 1320 Anno
744 1293 860 1328 septimo
877 1294 986 1329 imperii

199 1339 318 1367 Zenonis
325 1340 491 1367 constitutus
499 1343 541 1366 est
552 1339 658 1367 llielitus
669 1339 822 1373 patriarcha
833 1338 988 1375 Hierosoly-

200 1385 329 1416 mitanus,
337 1384 381 1419 qui
389 1383 513 1411 Jacobita
522 1383 583 1418 fuit,
591 1388 653 1412 octo
662 1385 906 1420 anttossedlt,idein
917 1392 988 1412 mor-

202 1435 265 1457 tuus
285 1434 337 1457 cst.
354 1430 434 1456 Anno
451 1429 557 1464 imperii
569 1431 691 1464 ejusdem
710 1431 815 1458 decimo
826 1435 903 1458 sexto
912 1438 988 1458 crea-

201 1480 246 1502 tus
260 1481 300 1501 est
312 1474 368 1501 Elia
385 1475 542 1509 patriarcha
553 1474 820 1511 Hierosolymitanus
834 1476 879 1510 qui
901 1482 989 1503 annos

1023 241 1061 267 tio
1076 241 1181 276 imperii
1195 240 1318 275 ersdem
1330 240 1497 267 constitutus
1511 244 1553 267 est
1565 239 1638 268 Felix
1652 239 1806 274 patriarcha

1024 286 1174 319 Romanus,
1193 287 1238 320 qui
1255 294 1341 313 annos
1362 290 1424 313 octo
1436 286 1517 316 sedit,
1539 285 1600 313 dein
1619 290 1744 312 mortuus
1761 290 1812 311 est.

1024 333 1108 360 Porro
1123 334 1221 361 l’hiruz
1236 333 1396 368 Yazdejerdi
1414 333 1496 364 filius,
1514 332 1657 359 Persarum
1672 340 1730 364 rev,
1747 332 1815 357 duas

1025 380 1052 407 in
1068 380 1169 407 Cascar
1189 380 1271 408 urbes
1286 379 1423 411 condidit,
1436 386 1551 414 quarum
1563 386 1614 405 una
1629 377 1707 404 Duris
1722 377 1815 405 Fzruz.

1025 430 1111 455 altera
1127 428 1194 455 Ram
1209 428 1289 455 Firuz
1303 436 1311 460 ;
1330 427 1431 454 deinde
1445 426 1539 461 copias
1551 433 1614 452 suas
1628 425 1814 451 Chorasauunt

1025 482 1124 503 versus
1139 474 1234 502 eduxit
1251 474 1284 500 ad
1312 473 1496 500 invadendum
1509 471 1697 498 Chashnawar
1719 479 1726 497 :
1743 470 1815 504 quod

1027 528 1088 547 cutn
1116 520 1306 547 Chashnawar
1330 517 1462 553 Iliyatela:
1490 524 1535 543 rex
1564 515 1657 543 Beicbi
1685 515 1818 545 audisset,

1027 570 1101 593 metu
1125 564 1268 600 perculsus
1289 563 1447 591 convocatis
1473 569 1585 590 suorum
1620 561 1736 588 maxime
1757 561 1819 586 fidis

1027 611 1176 640 consilium
1210 611 1244 638 ab
1273 610 1342 645 ipsis
1376 610 1462 644 petiit.
1490 609 1613 641 Quorum
1647 614 1713 642 ergo
1746 614 1818 633 unus

1028 658 1116 693 ipsum
1135 657 1213 692 112
1230 657 1266 684 ita
1293 655 1390 683 allatus
1404 660 1447 683 est
1463 664 1469 682 :
1486 654 1514 682 Si
1530 657 1638 688 pacttun
1653 660 1759 680 mecum
1776 652 1820 678 lir—

1028 709 1102 730 mum
1119 702 1225 735 inieris,
1249 702 1292 728 cui
1309 705 1368 728 tuto
1381 699 1520 727 conlidere
1538 697 1653 733 possim,
1670 701 1696 723 te
1710 696 1820 723 familia:

1028 753 1056 776 et
1071 748 1220 775 liberorum
1237 755 1361 774 meorum
1375 745 1536 773 alendorum
1553 751 1647 772 curam
1666 746 1820 778 gesturum,

1030 802 1145 829 meaque
1160 795 1218 821 vice
1230 794 1297 828 ipsis
1314 793 1447 823 futurum,
1463 791 1605 819 ostendam
1623 789 1673 816 tibi
1693 795 1751 816 rem
1767 795 1822 822 qua

1035 841 1106 869 Deus
1119 841 1266 868 Phiruzum
1284 840 1311 866 in
1328 843 1491 874 potestatem
1509 842 1583 864 lnam
1596 835 1710 870 rediget.
1739 834 1824 861 Cum-

1034 886 1149 921 quehoc
1171 894 1217 913 rex
1237 885 1288 921 ipsi
1318 889 1416 920 pactus
1439 888 1512 911 c55et
1529 891 1536 910 :
1554 881 1704 914 Colligatis,
1734 880 1824 913 inquit

1033 932 1100 959 mihi
1129 931 1255 958 manibus
1281 935 1308 958 et
1333 929 1461 965 pedibus,
1490 930 1529 963 (at
1547 928 1574 954 in
1597 926 1650 954 alio
1674 925 1822 958 exemplati

1033 977 1179 1009 abscissis,
1198 977 1270 1012 quod
1298 976 1359 1003 sine
1373 975 1458 1002 dubio
1479 974 1580 1002 rectius
1596 972 1649 1007 cst)
1675 978 1717 998 mc
1738 971 1763 996 in
1781 970 1822 996 via

1034 1022 1152 1051 Phirulo
1170 1023 1298 1058 objicias,
1324 1023 1361 1049 ita
1375 1029 1426 1056 ego
1449 1026 1475 1048 tc
1492 1020 1525 1047 ab
1541 1020 1627 1054 ipsius
1648 1019 1758 1044 incursu
1774 1015 1825 1042 int—

1034 1078 1144 1098 munem
1160 1069 1306 1104 prazstabo.
1332 1068 1410 1100 Quod
1430 1075 1493 1094 cum
1516 1067 1555 1094 illi
1576 1065 1686 1092 fecisset
1699 1063 1826 1090 sublatas

1034 1121 1088 1147 est.
1109 1119 1190 1150 atque
1206 1116 1232 1142 in
1249 1115 1339 1142 locum
1355 1122 1434 1148 quem
1449 1113 1571 1148 jusserat
1586 1111 1735 1145 projecuts,
1765 1109 1827 1135 ιι·‹1‹

1037 1162 1167 1190 etmtibus
1179 1161 1235 1197 [qui
1249 1161 1323 1188 illum
1340 1167 1372 1187 eo
1385 1157 1577 1192 deduxerant].
1589 1156 1640 1184 Ubi
1656 1163 1720 1191 ergo
1728 1155 1828 1182 Phirnz

1036 1208 1098 1235 illac
1114 1208 1257 1239 transiret,
1278 1212 1425 1240 Ipsumque
1449 1203 1514 1238 quid
1531 1202 1582 1237 ipsi
1598 1202 1733 1229 evenisset
1748 1206 1828 1234 roga-

1038 1256 1077 1279 ret
1093 1260 1101 1279 :
1117 1251 1173 1285 Ego
1189 1250 1300 1284 (inquit)
1317 1258 1332 1276 e
1344 1249 1504 1284 proceribus
1516 1247 1555 1274 fui
1575 1246 1765 1277 iiitairnsium,
1782 1253 1806 1278 ιιι
1821 1243 1828 1269 i

1037 1305 1099 1325 cum
1115 1304 1246 1324 accessus
1265 1296 1304 1322 tui
1323 1295 1394 1322 fama
1418 1293 1451 1320 ad
1470 1300 1519 1319 nos
1541 1292 1713 1327 pervenisset
1734 1298 1748 1316 a
1768 1298 1830 1323 rege.

1038 1341 1228 1370 Chashnawar
1243 1340 1314 1368 inter
1338 1338 1461 1373 reliquos
1480 1337 1565 1372 ipsius
1591 1336 1705 1363 comites
1722 1339 1833 1361 sentcn-

1038 1388 1104 1414 tiam
1126 1389 1246 1421 rogatus,
1262 1385 1351 1420 palam
1368 1384 1424 1411 dixi
1442 1391 1494 1410 non
1511 1390 1591 1417 posse
1608 1382 1698 1417 ipsum
1712 1381 1831 1408 Phiruza

1041 1440 1091 1467 pro
1123 1431 1224 1465 insigni
1259 1431 1345 1465 ipsius
1373 1429 1534 1456 fortitudine
1568 1428 1722 1459 obsistere,
1748 1434 1832 1461 quale

1019 1472 1128 1506 ‘satius
1142 1478 1277 1513 (inquam)
1291 1476 1339 1504 tibi
1361 1481 1404 1503 est
1421 1480 1450 1502 ιιι
1465 1476 1554 1509 ipsum
1571 1474 1676 1502 tributo
1699 1478 1726 1501 et
1744 1473 1833 1508 pretio

201 1520 296 1554 viginti
315 1524 434 1554 quatuor
447 1520 518 1547 sedit
529 1520 583 1554 (vel
598 1522 749 1548 secundum
763 1521 836 1548 aliud
850 1522 990 1556 exemplar
1004 1530 1026 1557 (ι
1043 1531 1098 1558 quo
1113 1528 1139 1550 te
1150 1523 1270 1550 redimas
1288 1521 1469 1556 aggredinris.
1490 1519 1535 1547 ille
1553 1526 1619 1553 ergo
1633 1519 1673 1545 ira
1687 1518 1714 1544 in
1730 1525 1773 1544 me
1788 1524 1835 1543 ac-

202 1564 421 1599 quatuordecim)
444 1566 598 1599 struxitque
611 1565 744 1593 ecclesias
765 1565 849 1601 [inter
865 1566 989 1602 caeteras]

201 1610 346 1637 ecclesiam
358 1610 475 1642 lleleuat,
491 1618 571 1645 quam
584 1618 636 1637 non
646 1611 761 1645 perfecit
775 1620 783 1639 :
800 1612 989 1647 relcgatusque

203 1661 244 1682 est
263 1656 338 1682 llam.
356 1655 393 1682 Eo
409 1660 531 1690 tempore
548 1655 746 1691 Hierosolymis
756 1656 889 1683 fuitAuba
901 1655 991 1683 Theo-

203 1700 298 1727 dosius
321 1700 437 1727 «(enobii
453 1700 632 1732 Aldawacesi,
645 1701 722 1728 Anba
731 1701 862 1729 Chariten
874 1701 993 1730 cttenobii

202 1746 234 1772 Al
249 1745 321 1773 Saiki
335 1745 446 1778 veteris,
470 1745 546 1773 Anba
572 1746 644 1773 Saba
665 1746 768 1774 Alsaiki
793 1747 867 1779 novi,
890 1755 994 1782 praepo-

204 1792 262 1819 siti.
277 1793 355 1818 Anno
373 1796 452 1818 sexto
466 1792 575 1826 imperii
594 1791 714 1819 Zenonis
733 1791 822 1820 factus
839 1792 993 1827 Euphuitus

205 1837 361 1871 patriarcha
382 1837 727 1871 Constantinopolitanus,
757 1838 881 1873 quinque
908 1845 995 1865 annos

207 1883 287 1914 sedit.
303 1883 365 1908 dein
381 1885 505 1909 mortuus
518 1886 569 1909 est.
583 1882 662 1909 Anno
681 1883 787 1917 imperii
802 1883 923 1917 ejusdem
942 1891 994 1910 un-

207 1928 316 1954 decimo
341 1929 394 1963 (vel
420 1928 571 1954 secundant
598 1928 671 1955 aliud
696 1928 838 1962 exemplar
864 1929 996 1956 vicesimo

207 1974 308 2007 primo)
323 1973 493 1999 constitutus
513 1977 555 1999 est
573 1972 736 2008 l‘luthymius
749 1974 906 2008 patriarcha
921 1974 996 2001 Con-

209 2019 480 2052 stantiimpolitanns,
517 2018 563 2052 qui
590 2019 684 2045 decem
713 2027 800 2047 annos
823 2020 905 2052 sedit,
932 2020 994 2047 dein

211 2069 334 2092 mortuus
351 2069 403 2090 est.
418 2064 496 2089 Anno
521 2063 698 2098 109—111
717 2065 806 2098 primo
821 2064 927 2098 imperii
949 2065 997 2092 Ze-

210 2112 289 2138 nonis
309 2110 462 2138 Antioohias
478 2110 633 2144 patriarcha
660 2111 807 2143 praefectus
828 2115 869 2138 est
888 2111 996 2142 Petrus,

210 2162 392 2192 cognomento
411 2155 499 2187 Fullo,
522 2154 647 2183 Jacobita
665 2155 727 2189 fuit,
752 2163 799 2183 sex
814 2163 901 2183 annos
914 2156 997 2189 sedit,

1043 1577 1155 1601 census,
1171 1569 1208 1596 ita
1225 1575 1269 1595 me
1287 1568 1326 1594 uti
1342 1566 1420 1594 vides
1435 1566 1549 1592 tractari
1562 1563 1655 1598 jussit,
1688 1563 1761 1590 illum
1779 1562 1833 1596 (n-

1043 1616 1152 1650 quiens)
1171 1621 1252 1648 quem
1274 1617 1417 1647 tantopere
1435 1611 1531 1638 laudas
1554 1610 1637 1636 adeas
1656 1618 1663 1636 :
1680 1607 1836 1636 accersitis.

1043 1669 1096 1696 que
1110 1668 1125 1688 e
1141 1660 1273 1687 militibus
1293 1659 1352 1686 suis
1369 1656 1533 1692 quibusdam
1547 1663 1554 1682 :
1578 1653 1697 1682 Profecti
1725 1653 1809 1688 (inqui
1825 1654 1834 1686 )

1045 1708 1117 1734 lmuc
1133 1706 1167 1733 ad
1182 1705 1331 1733 Phiruzutn
1347 1702 1463 1731 deferte.
1487 1701 1702 1729 Misericordiam
1728 1707 1794 1733 ergo
1809 1705 1834 1725 et

1044 1753 1217 1780 clementiam
1246 1756 1318 1779 tuam
1345 1749 1412 1777 mihi
1441 1748 1593 1776 extendens
1615 1754 1658 1774 me
1677 1751 1764 1773 tecum
1788 1746 1837 1772 ab-

1045 1800 1107 1826 duci
1123 1799 1219 1832 iubeas
1238 1805 1271 1824 ne
1286 1805 1300 1823 a
1315 1795 1380 1823 feris
1398 1795 1448 1822 hoc
1462 1795 1489 1822 in
1509 1794 1618 1821 deserto
1633 1792 1758 1820 dilanier.
1780 1790 1838 1825 Ego

1045 1845 1119 1872 enim
1134 1844 1211 1872 vobis
1224 1841 1399 1878 113-115
1425 1840 1497 1868 viam
1526 1840 1579 1867 ista
1599 1838 1751 1866 breviorem
1767 1837 1838 1864 indi-

1047 1890 1116 1917 cabo
1130 1897 1184 1924 qua
1197 1888 1451 1916 Achashnawarnm
1466 1887 1493 1912 in
1507 1885 1542 1912 iis
1556 1885 1602 1912 ubi
1617 1892 1647 1912 se
1662 1884 1782 1911 maxime
1797 1887 1838 1909 ln-

1047 1939 1102 1962 tuut
1129 1938 1216 1968 putat,
1241 1933 1309 1960 locis
1337 1931 1499 1959 adoriamini
1529 1935 1558 1958 ut
1597 1930 1743 1957 vindictam
1771 1929 1838 1955 mihi

1049 1980 1120 2007 Deus
1137 1979 1170 2006 de
1182 1980 1242 2014 ipso
1257 1981 1358 2005 sumat.
1376 1976 1425 2004 Via
1440 1981 1529 2003 autem
1549 1984 1630 2011 quam
1650 1975 1728 2002 vobis
1742 1979 1832 2001 ostru-

1048 2032 1134 2051 surus
1146 2032 1207 2052 sum
1221 2023 1296 2050 bidui
1312 2027 1415 2050 tanltttn
1432 2022 1483 2048 iter
1497 2026 1554 2053 est.
1567 2029 1622 2056 quo
1637 2028 1670 2048 eo
1685 2029 1739 2056 quo
1758 2021 1841 2047 vultis

1049 2069 1224 2104 perveniatis.
1243 2068 1306 2096 llaec
1322 2068 1365 2095 ubi
1385 2068 1538 2095 audiissent
1553 2067 1598 2102 qui
1611 2066 1728 2093 Phiruzo
1747 2073 1760 2091 a
1774 2073 1841 2092 cou-

1050 2115 1120 2142 siliis
1131 2118 1220 2146 erant.
1235 2114 1328 2141 dolum
1343 2114 1377 2141 ab
1392 2113 1600 2141 Acltshanwaro
1624 2116 1760 2139 structum
1778 2118 1842 2145 per-

1051 2158 1197 2193 cipientes,
1212 2159 1343 2186 dixerunt
1359 2158 1410 2193 ipsi
1432 2166 1439 2185 :
1456 2158 1504 2185 Vir
1519 2158 1571 2185 iste
1590 2157 1615 2184 in
1632 2157 1779 2183 consilium
1795 2163 1843 2181 vo-

211 2204 274 2231 dein
291 2203 428 2238 relegatus
450 2206 493 2230 est
526 2201 579 2237 (vel
599 2202 748 2229 secundum
768 2202 841 2229 aliud
857 2203 996 2237 exemplar
1015 2195 1037 2222 1)
1051 2208 1130 2233 catus
1151 2211 1200 2239 pro
1213 2203 1336 2231 scientiae
1352 2209 1379 2231 et
1401 2203 1553 2238 prudentiae
1570 2209 1627 2229 Suae
1642 2201 1733 2233 modo.
1749 2201 1843 2228 consi-

211 2250 279 2276 duos
301 2247 411 2282 annos),
436 2249 463 2274 in
476 2254 556 2282 quem
572 2247 715 2274 anathema
730 2246 798 2274 dixit
816 2247 934 2274 Basilius
950 2255 998 2282 pa-

212 2294 330 2321 triarcha
348 2293 489 2320 Romanus
501 2311 510 2325 ,
533 2293 679 2327 ipsumque
695 2291 761 2319 sede
777 2291 867 2327 eiecit.

248 2340 308 2373 Quo
336 2340 425 2374 pulso,
442 2338 595 2366 Antiochiae
622 2338 777 2373 patriarcha
816 2343 878 2373 post
911 2338 999 2372 ipsqu

213 2386 378 2412 constitutus
397 2389 439 2411 est
454 2383 629 2419 Stephanus;
654 2384 700 2418 qui
716 2391 778 2411 cum
796 2391 897 2410 annum
916 2390 998 2410 unum

215 2431 342 2461 sedisset,
369 2433 494 2456 tnortuus
518 2433 571 2456 est.
595 2428 649 2463 Ipsi
661 2429 759 2456 ibidem
784 2429 918 2456 successit
943 2428 1002 2456 Ste-

215 2477 323 2510 phanus
337 2475 405 2501 alter
418 2495 426 2508 ,
454 2475 500 2510 qui
525 2483 571 2503 sex
584 2482 691 2502 tnenses
727 2475 798 2503 sedit
815 2495 823 2508 ,
838 2476 901 2502 dein
927 2482 1001 2502 mor-

214 2526 277 2547 tuus
304 2524 356 2547 est.
381 2519 447 2546 Post
492 2520 580 2554 ipsutn
612 2520 711 2546 ibidem
743 2521 898 2554 patriarcha
938 2527 1004 2548 con-

216 2565 328 2591 stitutus
350 2568 391 2591 est
412 2564 532 2596 Clidion,
545 2565 593 2599 qui
621 2563 801 2591 Nestori-anns
816 2564 867 2592 fuit
887 2573 893 2592 :
916 2573 1003 2593 annos

216 2617 334 2644 quatuor
372 2610 467 2644 sedit,
504 2610 565 2637 dein
594 2615 717 2637 mortuus
746 2615 798 2638 est.
824 2609 894 2637 Tum
913 2618 1003 2638 rever»

217 2663 264 2682 aus
291 2654 389 2682 Petrus
426 2654 505 2682 Fullo
539 2655 694 2690 patriarcha
722 2656 1005 2690 Antiochenusﬁocto

217 2708 303 2727 annos
329 2701 415 2732 sedit.
438 2701 500 2727 dein
535 2705 658 2728 mortuus
695 2706 737 2728 est
769 2701 828 2736 (vel
856 2702 1005 2729 scentulum

219 2744 294 2771 aliud
324 2744 462 2778 exemplar
488 2750 544 2772 tres
566 2745 676 2778 annos).
698 2744 763 2772 Post
790 2747 879 2780 ipstun
905 2746 1005 2773 ibidem

220 2791 486 2824 patriarcltaﬁfactus
509 2796 551 2819 est
574 2791 713 2823 Paladius,
738 2792 784 2826 qui
805 2791 898 2819 decem
919 2800 1006 2819 annos

219 2836 299 2870 sedit,
316 2837 377 2867 dein
395 2842 519 2865 mortuus
532 2842 584 2872 est,
606 2837 688 2873 idque
704 2845 775 2867 anno
792 2839 899 2873 imperii
916 2838 1005 2866 Zeno-

1051 2250 1116 2278 lium
1133 2250 1221 2282 dedit,
1234 2250 1306 2285 quod
1325 2250 1359 2278 ab
1373 2250 1434 2285 ipso
1450 2249 1514 2276 dolo
1531 2248 1646 2276 factum.
1672 2247 1748 2280 Quod
1764 2248 1786 2274 si
1806 2247 1843 2273 ita

1052 2295 1129 2324 illum
1152 2295 1322 2323 Acshanwar
1345 2295 1385 2321 ira
1402 2298 1556 2322 conunotus
1575 2293 1718 2321 multasset
1743 2300 1844 2327 nequa-

1051 2349 1133 2377 quam
1159 2341 1247 2375 ipsum
1272 2341 1351 2368 nobis
1369 2340 1398 2368 in
1418 2340 1470 2367 hoc
1490 2341 1598 2368 deserto
1621 2339 1781 2373 objccisset.
1804 2338 1851 2365 Nc’

1053 2387 1139 2422 igitur
1155 2386 1236 2414 dictis
1248 2386 1334 2420 ipsius
1347 2385 1456 2413 credas.
1483 2385 1522 2412 Ac
1548 2384 1640 2412 forsan
1656 2383 1846 2411 Achshanwar

1053 2439 1116 2459 cum
1128 2431 1261 2459 comitatu
1278 2439 1329 2458 suo
1352 2431 1385 2458 ad
1411 2431 1495 2461 istum
1520 2430 1610 2457 locum
1625 2429 1749 2465 pervertit
1764 2436 1846 2464 quem

1054 2475 1198 2509 descripsit
1212 2475 1253 2501 vir
1268 2474 1331 2507 iste,
1358 2481 1390 2501 ac.
1417 2473 1454 2501 ibi
1477 2478 1544 2508 quot
1560 2474 1627 2501 satis
1655 2473 1720 2506 sint,
1747 2473 1848 2499 milites

1054 2522 1178 2556 reliquit.
1205 2520 1298 2548 Noluit
1327 2523 1419 2548 autem
1450 2519 1550 2546 Phiruz
1581 2519 1649 2554 ipsis
1680 2518 1848 2546 auscultare.

1057 2567 1150 2595 Secuti
1175 2570 1239 2595 sunt
1254 2573 1320 2602 ergo
1336 2567 1425 2593 virum
1448 2566 1529 2594 istum
1551 2573 1606 2600 qua
1630 2566 1705 2601 ipsos
1723 2564 1847 2595 duceret.

1057 2613 1152 2645 biduo,
1167 2612 1283 2640 necdum
1297 2612 1436 2639 desertum
1455 2611 1635 2640 transierunt.
1656 2610 1714 2644 Qua
1734 2611 1767 2638 de
1788 2618 1817 2638 re
1834 2618 1848 2637 ι

1059 2658 1178 2685 Pbirnzo
1191 2659 1376 2692 interrogatus
1390 2665 1397 2683 :
1413 2656 1522 2683 Fel‘ellit
1539 2664 1582 2685 tne
1591 2656 1701 2691 (inquit)
1717 2656 1768 2684 via;
1783 2663 1847 2691 spa-

1057 2703 1136 2735 tium,
1151 2703 1232 2730 hodie
1253 2706 1344 2730 autent
1371 2701 1463 2738 ipsum
1489 2701 1703 2737 pertransibitis.
1724 2703 1849 2736 Cumque

1057 2748 1234 2783 prwtcrilsset
1263 2752 1290 2775 et
1315 2748 1373 2774 dies
1419 2748 1482 2779 iste,
1506 2748 1723 2783 quotiescunque
1755 2748 1844 2783 ipsum

1057 2798 1190 2828 quantum
1216 2793 1269 2820 sibi
1296 2794 1345 2820 rite
1367 2792 1503 2826 reliquum
1532 2797 1604 2821 esset
1633 2794 1847 2829 interrogarent,

1059 2848 1108 2876 pro
1123 2840 1198 2868 brevi
1219 2840 1365 2868 admodum
1381 2847 1412 2881 ac
1433 2839 1506 2879 facili
1524 2840 1676 2874 venditare,
1698 2841 1785 2870 donec
1804 2842 1847 2869 ubi
