2014 3082
208 137 277 169 1059

722 134 907 165 EUTYCHII
930 132 1055 162 ALEXA
1062 133 1083 162 Ν
1090 133 1152 163 Dlil
1160 133 1197 163 Nl
1221 133 1331 163 [Ἄτη

1763 132 1836 162 106)

208 197 318 231 penitus
332 194 467 222 defecisse
484 193 586 220 videret
599 192 731 227 quidquid
747 193 818 227 apud
836 193 909 227 ipsos
921 197 994 219 esset
1009 191 1033 221 A
1048 192 1157 226 probrio
1178 191 1267 223 cedat,
1297 191 1354 218 sive
1383 195 1410 217 ut
1434 191 1542 217 dicatur
1559 198 1565 216 :
1591 188 1707 223 Qttidam
1736 189 1841 224 aliquid

207 241 299 270 viatici
317 246 342 268 ct
359 249 454 274 aquae,
484 244 564 273 atque
583 239 609 265 in
636 238 724 265 locum
746 238 902 272 pervenisse
921 238 995 272 ipsos

208 288 280 314 unde
291 287 378 314 redire
393 286 548 320 nequirent,
566 291 660 311 verum
678 284 744 318 ipsis
761 284 902 311 fateretttr.
924 283 993 310 Tum

207 333 315 360 l‘ltirutti
328 332 453 362 comites,
463 338 555 358 verum
566 330 727 365 (inquiunt),
740 337 755 357 ο
771 338 830 363 rex,
849 330 929 365 116
945 329 993 356 tibi

207 377 340 409 diximus,
354 381 382 403 at
397 384 490 403 aurem
507 376 587 403 nobis
604 375 726 410 przebcre
741 375 863 406 noluisti,
875 375 930 409 jam
945 382 994 401 att-

207 428 261 450 tcm
273 423 418 449 consilium
431 426 472 448 est
487 425 516 447 ιιι
530 425 602 448 recta
615 428 771 456 pergamus,
789 420 880 448 forsan
895 427 994 454 aquam

206 468 343 502 reperturi
357 475 465 494 sumus.
481 467 597 494 Profecti
611 472 676 494 sunt
689 475 754 502 ergo
772 467 947 494 dextmrsum
963 472 995 491 ac

205 514 393 540 sinistrorsum
416 513 533 548 sparsim
550 520 648 547 aquam
669 513 813 547 quaesitum
831 533 839 545 ,
864 511 996 538 maxima-

204 566 258 592 que
282 559 405 593 ipsorum
433 566 496 592 pars
517 558 563 585 siti
587 558 679 592 periit,
713 557 785 584 haud
815 557 995 584 evadentibus

204 612 258 631 una
273 612 335 630 cum
348 603 468 630 ‘Phiruzo
485 604 608 638 exceptis
631 604 725 638 pattcis
739 603 845 638 aliquot
872 610 887 630 c
907 602 994 629 comi-

204 654 260 676 tum
274 649 446 682 fortissimis,
463 649 510 684 qui
526 650 616 684 ipsum
635 649 760 676 comitati
778 653 852 679 sunt.
863 648 950 675 donec
960 647 995 674 ab

204 695 330 722 hostibus
348 702 431 730 prope
448 695 587 727 abessent,
600 701 669 729 quos
683 693 778 720 eadem
797 698 887 724 nocte,
907 700 994 727 eoque

202 750 257 776 quo
273 745 353 768 erant.
363 745 434 767 statu
444 741 754 775 aggressi,superarunt.
767 739 836 766 Tum
850 739 906 766 Ach
913 739 995 766 sitan-

202 794 319 818 warum,
337 785 444 820 rogavit
456 785 553 811 Pltiruz
569 790 598 812 ut
611 785 660 818 ipsi
677 790 704 812 et
719 785 865 812 comitibus
881 784 926 819 qui
945 791 994 811 su-

203 835 331 866 pererant
355 832 414 858 suis
442 830 558 864 gratiam
591 830 696 858 faciens
722 831 798 865 ipsos
824 831 850 857 in
877 830 991 864 patriatn

202 885 280 905 suam
302 876 463 909 dimitteret,
484 883 569 910 seque
590 884 652 903 cum
671 877 731 911 ipso
747 876 838 904 foedus
861 876 993 903 initurum

203 922 276 949 haud
294 929 414 956 unquatn
433 929 462 949 se
484 922 599 956 posthac
614 921 678 948 dum
697 922 799 949 viveret
815 922 904 957 ipsutn
923 921 993 948 bello

203 975 407 1002 aggressurum,
446 966 607 994 constitutio
633 967 704 994 inter
733 967 807 1002 ipsos
830 971 857 994 et
881 973 992 1001 regnum

203 1020 281 1038 suum
310 1013 428 1040 termino
451 1020 533 1047 quem
554 1020 695 1047 nunquam
718 1017 793 1040 esset
813 1013 992 1040 transiturus.

199 1058 251 1085 Cui
275 1065 336 1084 cum
365 1058 510 1085 annuisset
525 1057 725 1090 Acltshanwar,
746 1057 848 1092 scripto
867 1058 918 1084 hoc
940 1057 994 1091 ipsi

202 1101 372 1128 conﬁrmavit
386 1102 486 1128 Pltiruz
516 1102 612 1129 ascitis
626 1103 744 1129 testibus
756 1123 762 1133 ,
780 1103 993 1137 juramentoque

202 1154 232 1172 se
254 1147 429 1181 obstringens
452 1147 555 1174 nullam
579 1155 607 1174 se
631 1147 669 1174 illi
689 1147 814 1174 fraudem
840 1146 990 1181 factttrum,

202 1199 283 1227 atque
300 1193 335 1219 ita
352 1193 378 1219 in
396 1200 509 1228 regnum
523 1200 604 1219 suum
620 1200 747 1220 reversus
761 1196 812 1219 est.

240 1238 288 1265 Ubi
306 1243 449 1273 postquam
469 1239 502 1265 ad
532 1244 639 1272 tempus
667 1239 776 1273 aliquod
804 1238 990 1271 substitisset,

203 1285 228 1309 in
247 1283 408 1310 memoriam
423 1283 473 1317 ipsi
486 1283 570 1310 subiit
588 1283 653 1318 quid
673 1283 727 1310 sibi
742 1284 776 1310 ab
789 1283 994 1310 Achsltamvaro

201 1328 304 1354 dudmn
320 1328 563 1362 evenisset.Cujus
580 1335 641 1355 cum
658 1328 736 1355 illum
749 1329 871 1363 puderet,
893 1329 991 1355 metuit

201 1378 290 1399 tamen
315 1380 376 1399 cum
404 1373 462 1407 ipso
482 1373 576 1400 dolose
593 1380 682 1408 agere.
702 1374 886 1409 lmpulitergo
904 1374 992 1408 ipsum

202 1420 252 1445 hoc
269 1423 297 1444 ut
312 1426 373 1445 eum
388 1425 484 1445 rursus
499 1418 569 1446 bello
581 1419 784 1453 aggrederetur.
803 1419 936 1446 Dixerunt
945 1427 993 1446 au-

200 1469 254 1490 tem
270 1464 319 1498 ipsi
333 1464 481 1490 consiliarii
494 1464 578 1498 ipsius
592 1472 598 1491 :
618 1465 795 1500 117-119
811 1465 912 1493 Ftcdus
928 1473 991 1493 cttm

199 1509 261 1543 ipso
276 1509 374 1540 iniisti,
387 1510 536 1536 metuimtts
557 1511 669 1537 netuale
685 1510 733 1537 tibi
750 1510 826 1538 fraus
841 1515 868 1539 et
894 1511 994 1546 injuria

198 1555 360 1582 succedant.
390 1554 540 1589 Respondit
564 1555 618 1582 illis
643 1555 743 1583 Pltiruz
768 1565 776 1584 :
807 1556 907 1584 Pactus
935 1565 994 1584 smn

200 1609 263 1627 cutn
279 1601 339 1635 ipso
351 1608 394 1627 me
410 1601 525 1634 lapidem
544 1600 742 1637 [designatum]
770 1602 841 1629 haud
862 1603 995 1630 transitu-

204 1654 275 1672 rum.
289 1645 418 1678 Lapidem
434 1653 499 1680 ergo
516 1646 638 1678 plaustro
656 1647 812 1681 impositum
835 1654 927 1674 coram
946 1655 996 1674 no-

200 1692 242 1718 bis
258 1690 355 1722 feram,
374 1698 462 1725 neque
476 1698 490 1717 a
512 1696 588 1725 tergo
615 1699 735 1726 unquam
767 1691 930 1726 relinquant.
961 1692 996 1718 At

201 1737 261 1763 illi:
280 1735 382 1763 Fccdus
403 1736 554 1771 (inquiunt)
572 1744 624 1763 non
642 1741 723 1772 prout
744 1742 772 1764 ttt
798 1738 994 1772 interpretatus

203 1789 244 1812 es,
259 1781 306 1808 scd
317 1780 395 1815 juxta
410 1781 586 1808 manifestutn
600 1781 758 1817 [verborum
779 1784 902 1820 sensum]
914 1785 995 1813 intel-

197 1826 335 1861 ligendum
344 1831 396 1853 est.
406 1825 507 1853 Pltiruz
518 1831 619 1860 autent,
628 1832 720 1862 spreto
734 1829 856 1864 ipsorum
866 1831 992 1863 consilio,

201 1873 234 1900 ad
249 1872 349 1900 bellum
366 1872 572 1901 Acltshanwaro
595 1875 768 1902 inferendum
786 1875 926 1910 profectus
940 1882 992 1905 est.

198 1918 261 1950 Quo
279 1918 374 1945 audito
391 1926 558 1953 magnopere
586 1920 700 1947 miratus
719 1920 916 1955 Achshanwar,
942 1930 994 1950 nec

200 1964 332 1992 dubitans
345 1963 442 1991 fraude
459 1972 572 1991 usurum
586 1958 688 1991 'Phiruz
710 1966 821 2000 scriptis
843 1967 876 1994 ad
902 1968 992 2002 ipsum

202 2009 313 2041 litteris,
331 2014 442 2044 pactum
475 2017 568 2037 secum
596 2010 694 2037 initum
722 2011 760 2038 illi
780 2012 807 2039 itt
830 2014 991 2040 memoriam

200 2056 351 2088 revocavit,
368 2063 468 2090 rogans
484 2060 514 2082 ul
537 2061 742 2090 reverteretur;
774 2063 801 2085 at
828 2059 873 2087 ille
892 2067 993 2095 nequa-

197 2109 278 2135 quam
299 2101 356 2128 lucc
367 2105 490 2128 moratus
504 2101 635 2135 perrexit,
649 2102 737 2129 donec
755 2103 882 2140 Hiyatela
896 2113 992 2140 perve-

198 2146 291 2173 niret:
311 2154 428 2181 cumque
454 2147 555 2174 vallum
585 2148 656 2175 ittter
682 2156 759 2176 suatn
775 2154 800 2176 et
821 2150 931 2178 Phiruzi
948 2152 991 2180 di-

1049 245 1194 272 aggressus
1220 238 1258 264 illi
1275 236 1439 271 permit-udo
1469 244 1523 263 non
1546 235 1607 268 fuit,
1636 234 1724 262 hostis
1747 240 1840 262 autem

1049 283 1136 317 ipsius
1155 284 1214 318 ipso
1230 284 1317 318 iisque
1331 283 1378 318 qui
1403 291 1466 310 cum
1488 283 1547 316 ipso
1562 286 1642 309 erant
1659 281 1785 316 superior
1800 280 1843 308 fa—

1048 336 1109 357 ctus
1122 330 1237 363 gratiam
1255 330 1322 363 ipsis
1335 333 1469 363 praestans
1490 328 1552 356 illos
1568 328 1638 354 inito
1654 331 1734 362 pacto
1758 327 1843 354 dimi-

1049 377 1170 407 sit;sive
1184 375 1225 411 [ut
1241 374 1359 410 dicatur]
1376 381 1382 400 :
1399 373 1500 401 Fredus
1518 381 1550 401 ac
1576 377 1684 408 pactum
1715 372 1843 405 violavit,

1048 427 1075 448 et
1088 429 1138 456 pro
1153 422 1226 448 bono
1237 421 1337 448 tnalum
1363 420 1497 454 rependit.
1523 420 1633 447 Norunt
1646 424 1736 445 autem
1752 419 1844 444 conti-

1048 470 1090 492 tes
1105 465 1144 492 tui
1161 470 1187 492 te
1207 465 1282 500 ipsos
1307 465 1341 492 ad
1377 465 1500 499 iniqttunt
1525 464 1627 499 aliquid
1653 464 1841 499 praestandum

1049 512 1169 546 adigere.
1186 511 1293 544 Quibus
1311 512 1379 539 adde
1400 519 1449 538 nec
1467 516 1493 538 te
1509 511 1631 538 victorias
1647 517 1752 537 certum
1767 517 1841 542 esse,

1049 558 1096 584 sed
1109 557 1246 592 ejusmodi
1271 565 1326 584 rem
1343 565 1466 592 sperare,
1495 565 1556 592 quas
1569 562 1595 584 et
1610 556 1644 583 de
1662 560 1687 582 te
1702 560 1840 590 speretur.

1048 603 1126 636 Quod
1145 603 1167 630 si
1181 603 1280 630 viceris
1294 611 1343 630 nec
1364 604 1434 630 bona
1449 603 1501 630 erit
1523 602 1594 629 fama
1611 607 1668 634 tua,
1687 609 1737 628 nec
1765 601 1841 636 quod

1049 651 1146 678 feceris
1172 651 1253 678 lattdc
1273 650 1398 685 dignum.
1428 649 1506 682 Quod
1532 650 1554 676 si
1585 648 1674 675 victus
1701 647 1841 680 Tueris,et

1049 697 1166 731 tcipsum
1189 701 1215 724 et
1231 697 1370 723 exercitus
1398 699 1460 722 tuos
1484 693 1601 721 infames
1620 693 1723 721 reddis.
1751 693 1840 720 Penes

1048 750 1113 777 ergo
1129 741 1271 768 arbitrium
1293 746 1369 767 tuum
1387 747 1429 767 res
1459 743 1512 766 est.
1524 738 1580 773 Ego
1594 743 1619 766 te
1636 738 1777 770 admonui,
1792 745 1842 764 nc-

1048 796 1101 823 qtte
1114 796 1157 815 me
1167 787 1201 814 ad
1217 787 1275 814 haec
1286 795 1346 821 qua:
1367 786 1446 813 audis
1474 786 1589 812 dicenda
1607 788 1699 811 movet
1719 783 1842 811 inbccil-

1048 834 1122 864 litas,
1137 833 1217 867 cujus
1227 833 1269 859 vel
1285 840 1317 859 ex
1331 839 1402 862 mea,
1429 831 1472 857 vel
1489 838 1520 858 ex
1547 829 1689 864 copiarum
1717 835 1839 854 mearum

1050 884 1128 915 parte
1149 879 1281 906 conscius
1310 886 1383 910 sum,
1415 885 1509 904 verum
1530 880 1559 903 ut
1587 875 1693 902 fortiori
1718 873 1790 908 apud
1811 878 1840 901 le

1050 929 1111 952 tttar
1128 928 1302 959 argumento.
1315 931 1367 950 nec
1387 921 1569 950 incolumitati
1600 921 1749 955 quidquam
1765 919 1839 953 quod

1049 978 1133 1006 penes
1145 978 1187 997 me
1202 974 1243 997 est
1256 968 1382 1004 przefero.
1398 967 1548 1002 Respondit
1558 965 1660 993 Phiruz
1679 975 1685 992 :
1703 964 1762 992 Non
1777 971 1839 991 sum

1048 1024 1098 1052 ego
1112 1017 1135 1044 is
1147 1016 1319 1051 quemfminat
1331 1023 1385 1050 prae
1401 1019 1475 1042 metu
1493 1014 1529 1040 ab
1540 1013 1574 1041 iis
1588 1020 1648 1047 quae
1663 1012 1745 1046 cupio
1760 1019 1839 1038 aver-

1049 1068 1118 1091 tant.
1137 1062 1214 1095 Quod
1229 1061 1252 1089 si
1266 1062 1410 1088 vidcretur
1435 1060 1501 1086 mihi
1530 1059 1569 1086 illi
1586 1058 1658 1093 quod
1682 1056 1839 1093 aggredior,

1048 1108 1125 1135 fraus
1141 1108 1243 1139 inesse,
1259 1114 1313 1133 non
1330 1106 1403 1133 alius
1430 1104 1497 1132 illud
1525 1103 1614 1138 magis
1630 1102 1738 1136 indigne
1755 1108 1839 1136 qualn

1048 1155 1107 1189 ipse
1119 1162 1134 1181 a
1147 1161 1190 1180 me
1202 1160 1264 1188 ego,
1277 1152 1373 1179 ferret.
1400 1151 1456 1185 Ego
1476 1153 1567 1176 autent
1582 1147 1655 1175 haud
1672 1148 1732 1174 aliis
1747 1150 1839 1173 tecum

1048 1199 1252 1227 conditionibus
1263 1197 1352 1225 fmdus
1362 1194 1536 1230 121-123
1545 1193 1668 1229 percussi
1681 1200 1759 1227 quam
1768 1198 1840 1226 quas

1049 1245 1109 1279 ipse
1120 1244 1148 1271 in
1162 1248 1273 1278 pectore
1283 1242 1381 1270 celavi.
1393 1241 1432 1268 Ne
1446 1248 1510 1275 ergo
1521 1244 1548 1267 te
1560 1239 1677 1274 decipiat
1690 1238 1734 1264 illa
1751 1244 1837 1271 quant

1050 1291 1138 1326 primo
1152 1290 1186 1317 de
1197 1289 1276 1316 nobis
1288 1287 1450 1323 concepisti,
1464 1285 1611 1322 paucitatis
1627 1288 1654 1311 et
1670 1284 1840 1317 impotentia:

1049 1337 1143 1371 opinio
1159 1345 1167 1364 ε
1182 1343 1278 1363 verum
1290 1335 1364 1362 scias
1380 1341 1422 1360 me
1449 1332 1659 1366 haudquaquam
1688 1336 1715 1357 te
1740 1328 1842 1356 dereli—

1052 1388 1177 1414 cturum,
1192 1381 1280 1409 donec
1294 1380 1361 1408 illud
1375 1379 1408 1406 de
1423 1383 1449 1405 te
1462 1379 1600 1405 obtineant
1614 1375 1686 1411 quod
1701 1380 1730 1402 tu
1746 1374 1780 1401 de
1796 1381 1842 1401 me

1051 1430 1226 1457 obtinueras.
1253 1427 1326 1454 Dixit
1359 1425 1564 1453 Achshanwar:
1592 1423 1632 1450 Ne
1659 1428 1684 1449 te
1709 1421 1839 1455 decipiat,

1050 1476 1119 1502 illttd
1132 1482 1187 1510 quo
1212 1478 1239 1501 te
1268 1473 1356 1507 ipsum
1372 1471 1455 1503 fallis,
1471 1469 1535 1497 dum
1550 1476 1644 1496 coram
1666 1473 1692 1494 te
1720 1466 1840 1501 lapidem

1010 1536 1033 1566 ε
1050 1521 1213 1556 gestandum
1241 1525 1333 1545 cures.
1352 1516 1436 1543 Pacta
1456 1515 1590 1550 siquidem
1605 1518 1632 1541 et
1656 1513 1773 1546 ftedera,
1793 1519 1840 1539 sc~

1048 1567 1168 1595 cundum
1187 1564 1333 1592 verborum
1361 1570 1459 1590 sonum
1486 1562 1626 1592 ineuntur,
1657 1567 1712 1587 non
1739 1567 1839 1587 secun-

1048 1612 1112 1639 duttt
1141 1609 1209 1638 illud
1234 1609 1308 1644 quod
1333 1608 1473 1636 occultum
1506 1607 1664 1634 retinetur:
1691 1612 1840 1639 rerumque

1047 1657 1170 1684 omnium
1185 1656 1375 1691 turpissimum
1399 1657 1441 1682 est
1470 1653 1603 1681 foederum
1638 1659 1665 1681 et
1693 1658 1837 1687 pactorum

1046 1703 1167 1730 violatio.
1184 1702 1232 1729 ille
1263 1709 1328 1729 vero
1350 1701 1402 1736 ipsi
1439 1700 1596 1727 auscultare
1610 1700 1708 1727 noluit.
1737 1699 1838 1726 Statim

1045 1755 1110 1783 ergo
1136 1747 1240 1775 reversi
1260 1751 1336 1774 sunt.
1356 1746 1430 1773 Dixit
1455 1750 1545 1773 autem
1565 1745 1663 1772 Pltiruz
1691 1745 1839 1771 comitibus

1046 1794 1107 1822 suis
1125 1803 1132 1821 :
1155 1793 1217 1820 Erat
1230 1793 1423 1820 Achshanwar
1438 1799 1586 1828 congressu
1602 1792 1746 1826 egregius;
1765 1798 1838 1817 nun-

1045 1847 1126 1875 quam
1150 1844 1242 1867 autem
1275 1839 1329 1866 vidi
1348 1845 1431 1873 equo,
1457 1838 1502 1865 cui
1527 1837 1674 1869 insidebat,
1699 1837 1771 1863 inter
1792 1836 1840 1870 ju-

1046 1890 1135 1913 ntenta
1150 1884 1278 1912 similem.
1297 1883 1383 1910 Pedes
1395 1883 1469 1910 enim
1492 1883 1563 1910 haud
1596 1882 1710 1909 omnino
1737 1882 1837 1913 movit,

1045 1938 1133 1965 neque
1155 1930 1272 1964 ungulas
1285 1929 1345 1957 loco
1363 1929 1486 1962 sustulit,
1502 1935 1590 1963 neque
1606 1928 1734 1961 ltinnivit,
1747 1935 1838 1962 neque

1043 1976 1147 2003 excidit
1161 1976 1214 2012 ipsi
1242 1976 1344 2011 aliquid
1361 1975 1435 2011 quod
1462 1975 1627 2010 colloquium
1653 1975 1837 2009 interrutrpc-

1044 2026 1086 2048 ret
1104 2026 1161 2049 toto
1174 2029 1230 2057 quo
1259 2022 1342 2049 simul
1368 2021 1472 2048 fuimus
1488 2025 1622 2055 tempore.
1649 2020 1837 2048 Acbshanwar

1045 2075 1109 2094 vero
1128 2068 1186 2095 suis
1203 2076 1210 2094 :
1230 2066 1365 2099 Conveni,
1391 2070 1474 2102 prout
1495 2066 1563 2093 mihi
1580 2065 1716 2101 vobisque
1745 2067 1836 2093 visum

1043 2118 1096 2144 est.
1113 2113 1262 2140 Phiruzum
1279 2113 1384 2148 integre
1410 2116 1556 2145 armatum,
1585 2119 1726 2147 nunquam
1743 2116 1836 2140 autem

1043 2167 1073 2186 se
1089 2159 1116 2186 in
1135 2166 1206 2194 equo
1217 2166 1268 2186 suo
1282 2159 1378 2191 movit,
1399 2166 1450 2186 nec
1473 2166 1594 2193 unquam
1614 2159 1710 2194 pedem
1728 2159 1762 2186 de
1776 2164 1837 2186 sta-

199 2193 305 2240 tionem
322 2193 469 2240 reti‘oderat
493 2194 692 2228 Achshanvrar,
719 2203 802 2230 super
826 2197 873 2223 illo
892 2203 988 2232 pontes
1005 2206 1026 2232 υ
1042 2205 1109 2240 pede
1129 2204 1269 2236 ευδάιηῑι,
1283 2212 1371 2239 neque
1395 2208 1501 2239 tergum
1518 2204 1632 2237 inuexit,
1651 2212 1700 2231 nec
1715 2212 1745 2232 se
1769 2204 1838 2232 det-

200 2238 307 2266 exstrui
318 2239 402 2273 jussit
416 2239 531 2272 Phiruz,
554 2241 656 2274 quibus
685 2242 834 2270 transiret:
854 2244 991 2278 impositis

194 2284 277 2311 etiam
309 2285 440 2319 pontibus
473 2286 579 2313 vexillis
603 2294 665 2321 quae
700 2287 825 2315 redeunti
854 2289 881 2315 in
913 2290 992 2324 signa

193 2333 298 2357 essent.
312 2329 380 2356 Cum
396 2337 461 2365 ergo
474 2330 530 2365 jam
547 2332 574 2357 in
595 2333 739 2366 procinctu
751 2338 842 2361 essent
852 2335 991 2362 exercitus

193 2374 306 2401 mittens
322 2374 354 2401 ad
376 2373 523 2402 Phiruzunt
546 2375 748 2410 Achshanwar,
774 2378 880 2414 rogavit
898 2383 928 2406 ιιι
957 2379 990 2407 ad

195 2422 287 2456 ipsum
303 2421 395 2449 medio
407 2422 479 2449 inter
489 2424 627 2451 exercitus
641 2424 730 2458 spatio
760 2425 794 2452 ad
820 2426 988 2461 colloquium

191 2467 325 2502 prodiret.
339 2468 390 2501 Qui
406 2476 467 2495 cum
482 2469 639 2503 prodiisset,
651 2470 718 2498 dixit
732 2471 770 2498 illi
780 2473 968 2500 Achshauwar
981 2482 989 2501 :

191 2512 281 2539 Credo
296 2514 423 2548 equidem
440 2521 492 2549 ego
513 2522 567 2542 non
590 2516 663 2542 aliud
682 2520 708 2543 te
734 2516 768 2544 ad
791 2517 880 2544 locum
905 2517 987 2546 istum

191 2564 338 2592 evocasse,
354 2567 437 2593 qttam
456 2560 588 2594 pudorem
606 2562 641 2588 ob
654 2562 771 2588 reditum
788 2566 866 2589 tuum
886 2571 919 2591 eo
934 2571 989 2599 quo

196 2608 326 2630 reversus
341 2611 371 2631 es
385 2605 476 2632 modo.
490 2606 528 2632 Ac
548 2613 595 2640 per
611 2605 693 2632 vitam
713 2614 801 2634 meam
827 2608 851 2634 si
870 2615 920 2636 nos
940 2609 988 2636 tibi

191 2647 243 2674 hoc
253 2648 332 2676 modo
341 2649 464 2677 fraudem
477 2650 649 2683 fecissemus,
662 2652 752 2687 majus
762 2653 866 2688 aliquid
881 2662 895 2680 a
908 2654 987 2682 nobis

191 2694 328 2729 petiisses.
342 2695 466 2725 Fazderis
491 2698 572 2733 120
588 2705 679 2726 autem
699 2707 714 2726 a
738 2705 764 2727 te
784 2701 856 2735 pacti
878 2701 989 2729 violatio

191 2747 235 2766 res
254 2745 296 2766 cst
315 2743 394 2778 cujus
409 2745 496 2779 magis
512 2746 614 2778 pudere
637 2746 726 2779 debet,
743 2755 824 2781 quant
843 2747 901 2780 ejus
913 2748 986 2782 quod

191 2785 240 2813 tibi
256 2789 382 2823 contigit.
398 2789 455 2817 lloc
478 2798 545 2825 ergo
558 2791 652 2818 aninto
667 2793 814 2827 perpende,
832 2801 913 2829 atque
931 2797 987 2823 haec

187 2832 244 2859 duo
261 2830 333 2861 inter
348 2842 378 2862 se
397 2835 494 2864 confer
510 2843 540 2865 ut
562 2839 667 2873 videas,
701 2845 792 2868 utrum
819 2841 917 2877 majori
939 2850 986 2870 oo-

1044 2256 1166 2277 trorsum
1185 2249 1225 2276 vel
1247 2249 1439 2276 sinistrorsum
1464 2248 1610 2276 convertit.
1641 2249 1696 2283 Ego
1724 2249 1835 2275 interim

1043 2293 1143 2329 sa‘pius
1161 2293 1256 2320 femori
1276 2294 1387 2320 innixus
1399 2301 1458 2320 sum
1471 2301 1542 2328 equo
1557 2293 1697 2325 insistens,
1713 2301 1745 2321 ac
1762 2293 1831 2320 sub—

1050 2340 1113 2367 inde
1138 2339 1256 2374 respexi.
1285 2339 1346 2366 dein
1375 2340 1450 2367 inea
1467 2347 1528 2374 quae
1550 2344 1614 2367 ante
1638 2340 1726 2375 posita
1755 2345 1836 2367 erant

1051 2385 1147 2412 oculos
1161 2384 1277 2418 conieci,
1298 2384 1358 2419 ipso
1373 2385 1426 2412 lixo
1439 2392 1471 2412 ac
1488 2385 1581 2420 quieto
1596 2391 1733 2412 manente.
1753 2385 1835 2420 124

1043 2431 1074 2457 id
1095 2435 1186 2458 autern
1197 2431 1344 2458 voluerunt
1354 2430 1454 2458 Pbiruz
1464 2429 1709 2467 [et]Acltsltanwar
1718 2431 1835 2459 ltisnar-

1043 2475 1148 2508 laudis,
1166 2479 1196 2502 ut
1207 2483 1353 2503 serntones
1370 2476 1415 2503 isti
1435 2484 1483 2511 per
1510 2477 1649 2505 exercitus
1664 2485 1730 2505 suos
1755 2486 1836 2512 spar-

1041 2525 1183 2556 gerentur,
1198 2522 1293 2556 quoliis
1303 2522 1427 2557 occupati
1442 2522 1566 2550 homines
1581 2524 1835 2559 baudinquircrent

1042 2570 1068 2594 iu
1082 2575 1113 2595 ea
1129 2575 1190 2602 quae
1204 2575 1302 2595 mutuo
1320 2569 1450 2596 collocuti
1474 2569 1593 2597 fuerant.
1609 2570 1688 2598 Mane
1701 2579 1768 2606 ergo
1776 2572 1834 2607 jam

1042 2614 1112 2641 facto
1136 2615 1322 2649 syngrapham
1351 2622 1434 2650 quam
1469 2615 1522 2651 ipsi
1552 2617 1705 2651 scripserat
1733 2617 1834 2645 Pltiruz

1044 2659 1204 2693 productam
1225 2659 1311 2687 hasta:
1338 2660 1468 2695 itnposuit
1492 2661 1691 2695 Achshanwar,
1718 2671 1773 2698 quo
1799 2665 1834 2691 ab

1048 2705 1169 2732 exercitu
1198 2707 1417 2742 conspiceretur,
1444 2714 1476 2734 ac
1496 2707 1610 2735 victoria
1631 2709 1658 2736 in
1685 2709 1833 2737 Phiruzum

1041 2751 1142 2785 potitus
1156 2756 1219 2784 est;
1237 2753 1354 2786 quicum
1379 2752 1405 2779 in
1434 2752 1527 2787 fugam
1561 2761 1710 2782 conversus
1736 2763 1750 2782 a
1772 2755 1834 2783 loco

1040 2797 1193 2830 signorum,
1210 2797 1318 2832 quaead
1347 2802 1443 2833 pontes
1473 2806 1526 2833 qua
1552 2799 1672 2827 eundum
1700 2805 1758 2828 erat
1781 2801 1834 2835 ipsi

1041 2843 1307 2877 ti:erut,abcrrans.
1322 2843 1354 2871 ad
1374 2843 1479 2872 fossam
1502 2853 1532 2873 se
1549 2850 1662 2884 τρςοριι,
1682 2846 1727 2874 ubi
1748 2848 1834 2875 ςοιιιὶ-
