2014 3082
219 135 229 165 t
236 137 246 162 ς·
252 134 283 166 6-1

939 135 1119 165 ANNALES.

1774 139 1842 170 1062

217 195 257 218 tes
274 190 359 225 ipsius
376 190 420 217 alii
440 190 466 217 in
481 189 549 218 alios
571 191 723 218 irrtternnt.
740 191 818 226 Cupit
840 198 905 224 ergo
931 190 1006 217 Ach-
1025 191 1046 218 A
1063 190 1167 216 nhitutn
1182 191 1267 224 pati-is
1282 191 1441 217 adversatus
1460 191 1525 218 mihi
1554 192 1637 219 frater
1657 199 1767 226 regnum
1796 202 1843 223 oc-

217 238 346 263 sl-anwar
362 236 492 270 quidquid
509 237 626 264 Pltit‘uzo
645 237 694 263 fuit
707 246 758 263 ttnn
782 245 842 264 cnttt
865 237 951 271 ipsius
972 237 1004 262 li-

218 284 300 314 lteris,
317 290 438 317 opesque
462 283 521 317 ejus
548 275 683 310 exercitus
712 284 827 310 ducibus
854 282 1003 314 distribuit,

220 329 307 361 iisque
323 327 528 362 quiniruznm
545 329 665 355 cotnitati
683 333 766 360 sunt,
784 329 872 361 Quare
893 329 1002 363 (inquit)

217 381 271 400 non
286 373 399 400 dedistis
417 373 535 400 Phiruzo
552 374 697 401 consilium
715 381 832 408 etnnqne
858 373 1002 399 admonui-

216 419 284 446 stis?
295 418 335 445 Illi
352 426 415 446 vero
429 427 435 445 :
451 418 706 454 Fecimus(inqnit),
717 423 744 446 at
762 419 841 446 nobis
849 419 1003 446 auscultarc

216 466 314 492 noluit.

251 511 370 538 Praeerat
382 516 472 538 autem
491 511 635 545 Scjestano
649 512 692 538 vir
712 511 823 545 quidam
851 518 883 537 ex
913 511 1000 538 Azda-

215 557 281 584 shiri
299 558 538 589 amicis,'nomine
566 558 701 590 Sucltran,
717 565 732 585 c
756 557 855 585 Persia:
879 557 1002 593 proceri-

216 603 279 635 bus,
299 603 369 636 apud
384 611 465 637 quem
478 608 558 629 erant
574 608 600 630 ct
618 611 633 629 e
651 603 768 630 ducibus
787 603 873 638 ipsius
891 604 999 636 amicis,

216 648 415 674 ttonnulll.-llic
432 648 520 675 delata
537 648 570 675 ad
588 648 678 683 ipsum
694 656 786 675 eorum
803 656 864 683 qua:
884 648 1001 676 Phirttzo

214 693 372 720 acciderant
387 693 470 725 fama,
486 694 578 721 statim
599 702 652 721 una
683 702 744 722 cttm
780 694 925 721 comitibus
942 695 1000 722 suis

216 739 472 774 Iliyatelamvcrsus
489 739 628 774 profectus
645 740 678 766 ad
707 747 736 767 se
763 739 873 767 l‘hiruzi
907 741 999 775 copias

215 785 326 820 colligit,
344 785 412 812 adeo
427 789 455 811 ιιι
477 786 509 812 ad
526 793 652 819 magnam
682 786 831 820 potentiam
851 792 996 814 cresceret.

213 831 286 858 Cum
317 838 382 866 ergo
421 838 505 866 prope
531 831 588 865 jam
621 832 655 858 ab
684 831 872 859 Achshanwar
900 833 998 860 castris

214 879 332 909 abesset,
349 877 424 904 misit
440 877 486 912 qui
499 877 548 911 ipsi
562 876 705 904 dicerent:
722 877 780 904 Non
795 878 932 913 ideo‘veni
946 886 996 913 ego

215 929 243 949 ut
261 928 286 949 te
299 923 368 950 bello
382 923 513 950 lacessant
524 944 532 955 ,
553 931 648 950 verum
661 931 722 950 enm
739 924 765 950 in
786 925 866 951 linem
883 929 913 952 ut
928 924 995 953 illttd

214 968 284 1002 quod
297 967 330 995 de
343 967 520 1002 125-127
536 967 645 994 Pbiruzi
660 966 836 994 facultatibus
853 968 880 994 in
897 976 994 996 manus

213 1020 274 1043 tuas
287 1015 419 1048 pervenit,
439 1014 548 1044 reddas,
565 1017 592 1040 et
607 1013 653 1048 qui
667 1013 740 1048 apud
757 1017 784 1041 te
799 1015 996 1049 suntcaptivos

214 1060 349 1090 dimittas,
375 1064 404 1085 ut
435 1059 470 1085 sit
498 1058 549 1085 hoc
570 1057 641 1085 inter
675 1066 726 1085 uos
749 1059 826 1093 pacis
851 1059 995 1095 [conditio]

215 1113 320 1139 nosque
332 1112 346 1131 tt
361 1109 387 1130 te
407 1104 536 1139 impetum
553 1108 679 1131 nostrttm
695 1109 867 1138 avertamus;
884 1104 957 1139 quod
972 1105 995 1132 si

213 1151 343 1182 volneris,
356 1151 404 1177 illo
422 1157 435 1176 a
455 1154 481 1176 te
493 1153 605 1184 accepto
617 1154 801 1182 revertemur;
815 1150 857 1178 sin
867 1151 996 1184 uolueris,

218 1203 355 1223 xci-cerne
375 1199 400 1222 te
416 1195 554 1230 pmttiteat.
569 1195 701 1223 Annnens
723 1203 788 1230 ergo
809 1197 997 1224 Achshanwar

213 1240 353 1268 Sncli-rano
364 1240 390 1266 in
402 1247 434 1267 eo
444 1240 515 1274 quod
534 1240 622 1276 petiit,
637 1241 760 1276 captivos
772 1249 866 1268 eorum
881 1242 996 1276 dimisit,

212 1285 355 1320 spoliaque
368 1285 471 1312 reddita
488 1286 604 1318 remisit,
619 1286 686 1314 adeo
703 1291 731 1313 ιιι
753 1287 824 1314 inter
852 1288 939 1321 ipsum
955 1294 997 1315 at-

212 1338 266 1364 que
284 1330 349 1362 ιιιως
362 1335 590 1365 eomponcrentur
617 1338 673 1358 res.
702 1330 771 1358 Tum
801 1339 927 1359 reversus
954 1337 997 1360 est

213 1376 336 1402 Suchran
378 1375 411 1402 ad
449 1377 480 1403 Al
518 1376 650 1412 Madyen,
676 1377 892 1404 'observantibus
930 1377 996 1405 Pcr-

212 1421 250 1447 sis
276 1420 407 1455 quidquid
421 1421 506 1455 petiit,
520 1421 625 1455 ipsique
640 1421 700 1449 ideo
714 1422 816 1455 gratias
841 1422 994 1456 agentibus.

250 1466 374 1493 Mortuus
392 1470 514 1501 estergo
541 1466 641 1494 Phirnz
665 1475 726 1494 cntn
743 1472 882 1502 regnasset
910 1476 997 1496 annos

212 1510 308 1544 viginti
326 1516 442 1545 septem.
460 1510 721 1546 Contenderuntqtte
737 1512 807 1538 inter
822 1519 850 1538 se
865 1512 898 1539 de
913 1520 997 1547 regno

213 1556 258 1582 lilii
273 1556 360 1590 ipsius
383 1555 480 1582 Kobad
509 1561 535 1582 ct
564 1555 688 1589 Balabes,
715 1557 802 1583 donec
824 1556 938 1584 Balabes
958 1558 996 1584 vi-

214 1606 286 1628 etum
318 1600 458 1627 Kobudunt
487 1607 519 1627 eo
552 1601 700 1634 abdicaret,
732 1602 779 1636 qui
809 1602 998 1630 Chorasanunt

214 1655 278 1680 ergo
297 1646 372 1680 petiit
388 1645 519 1672 auxilium
543 1654 558 1673 a
584 1646 712 1673 Chakauo
731 1646 882 1674 Turcarum
912 1648 999 1682 impe-

215 1697 305 1717 t::l0l‘e
325 1695 421 1716 contra
437 1689 548 1716 fratrem
564 1698 644 1717 sttutn
671 1690 795 1722 petitum.
813 1690 998 1725 chnavitque

212 1736 326 1763 Balabes
345 1735 415 1762 bene
441 1736 516 1762 sein
545 1736 673 1763 oumibus
695 1744 804 1771 gerens,
834 1737 999 1771 conditaque

214 1783 380 1816 nrbeipsatn
409 1780 522 1808 Balasur
548 1781 704 1816 appellavit.
733 1783 768 1808 At
793 1789 855 1809 cuin
881 1788 999 1816 quatuor

213 1835 299 1854 attth
313 1831 452 1862 regnasset
471 1826 526 1853 fato
547 1825 656 1854 functus
672 1831 724 1859 est,
751 1827 832 1861 idque
846 1834 918 1854 anno
947 1827 999 1853 itit-

214 1873 280 1908 pet'ii
313 1872 433 1899 Zenonis
460 1871 646 1898 Romanorum
677 1872 851 1907 imperatoris
881 1872 998 1899 decimo.

212 1919 280 1945 Cum
304 1923 395 1945 atttetu
428 1917 647 1951 proﬁcisceretur
681 1917 774 1944 Κοικιά
807 1918 996 1945 Chorasanum

216 1966 303 1998 ipsum
317 1963 463 1991 comitatus
474 1966 515 1989 est
535 1962 684 1989 Zormahar
702 1962 836 1988 Suchrani
857 1962 946 1994 ﬁlius;
965 1969 998 1990 eo

215 2010 298 2043 igitur
313 2016 374 2035 cum
390 2008 580 2042 pervenissent
594 2006 723 2033 diversati
740 2010 801 2033 sunt
814 2007 885 2041 apud
898 2014 998 2041 quent—

215 2053 426 2080 damctlucibus
442 2052 564 2086 ipsorum
573 2051 750 2085 primoribus,
765 2058 844 2084 quem
859 2052 996 2085 negotium

215 2107 294 2126 suum
324 2098 457 2125 celarunt.
472 2097 544 2123 Dixit
569 2100 660 2122 autent
685 2095 852 2123 Zortnaharo
881 2095 996 2123 Kobad:

215 2145 310 2178 Qua-re
324 2143 404 2178 128
413 2141 478 2169 mihi
490 2142 608 2176 aliquam
623 2140 743 2168 melioris
751 2141 834 2168 sortis
844 2141 996 2170 mulierem.

1058 235 1189 268 rnpavit:
1219 242 1249 261 ac
1271 235 1408 269 pollicitus
1427 236 1466 263 illi
1497 244 1525 262 se
1545 245 1622 271 opt-tn
1649 238 1699 271 ipsi
1726 238 1842 266 laturum

1058 287 1230 315 regnumque
1265 286 1503 313 recuperaturum,
1530 287 1646 316 quatuor
1666 284 1745 309 annis
1773 285 1844 318 apud

1055 325 1131 350 illntu
1150 325 1282 356 substitit,
1302 326 1401 359 quibus
1419 326 1508 360 ipsum
1521 326 1637 354 distulit.
1652 328 1748 355 l‘ostt-a
1761 337 1843 356 exer-

1055 371 1110 397 citn
1134 370 1195 397 forti
1211 371 1299 398 abillo
1315 371 1465 398 instructus
1483 372 1621 406 profectus
1651 373 1742 399 liobad
1756 373 1843 400 donec

1055 416 1277 444 Abtahasahrunt
1311 418 1477 451 perveniret,
1507 425 1538 444 ac
1566 417 1661 444 codrm
1689 419 1748 445 loco
1777 418 1842 454 [quo

1053 462 1147 497 antea]
1172 462 1327 490 diversatus
1349 463 1382 490 de
1398 464 1515 490 muliere
1537 463 1587 490 ista
1610 465 1766 492 sciscitatus
1788 470 1841 497 est,

1053 514 1113 541 quae
1127 507 1160 534 ad
1178 508 1253 535 illum
1272 510 1389 536 accessit
1413 517 1465 535 una
1483 517 1543 536 cum
1575 510 1630 536 ﬁlio
1655 517 1734 543 quem
1760 518 1842 545 pepe-

1054 552 1193 587 reratjam
1210 554 1312 581 trienni
1328 554 1416 588 ipsunt
1441 562 1522 581 manu
1540 559 1645 582 tenens.
1664 555 1841 590 Rogaathue

1052 597 1181 625 Kobadoz
1194 598 1324 631 Quisnam
1341 605 1383 626 est
1399 600 1440 626 hic
1452 602 1538 635 puer?
1552 601 1626 629 Tuus
1642 602 1751 637 (inquit)
1768 603 1841 630 ﬁlius

1051 648 1103 670 est.
1114 642 1221 671 Certior
1233 645 1322 680 129v
1330 646 1405 680 131
1413 654 1476 681 ergo
1484 655 1499 673 a
1510 647 1675 674 Zormaharo
1686 648 1772 675 factus
1780 655 1840 675 esse

1052 688 1127 716 illam
1146 690 1232 724 patris
1250 690 1361 717 familiae
1382 691 1476 722 ﬁliam,
1495 692 1603 719 lmlalns
1616 697 1669 726 est,
1698 693 1840 728 ipsamque

1051 741 1105 761 una
1122 742 1183 762 cum
1203 735 1269 768 ﬁlio,
1291 736 1336 763 cui
1353 744 1452 764 nomen
1482 743 1540 764 erat
1565 737 1724 765 Babntlaeht
1746 746 1838 766 secum

1051 781 1210 814 assumpsit.
1228 780 1295 808 Cum
1310 786 1401 808 autem
1428 782 1461 809 Al
1499 782 1630 818 Madayen
1659 786 1838 818 pervenisset.

1052 825 1164 853 lratrem
1181 827 1412 855 smtminteriisse
1441 829 1554 862 reperit,
1580 837 1718 865 regnoque
1736 831 1839 865 potitus

1051 877 1102 899 est.
1116 872 1249 907 llcgnavit
1262 881 1326 908 ergo
1339 873 1433 901 Kobad
1452 874 1561 902 Pltirnzi
1583 875 1655 902 ﬁlius
1672 884 1836 911 antrosqtta-

1051 918 1178 953 draginta
1196 923 1263 951 tres,
1283 920 1364 954 idque
1381 927 1454 947 anno
1475 921 1581 955 imperii
1596 921 1715 948 Zenonis
1737 921 1840 948 Roma-

1049 971 1148 991 norum
1165 965 1338 999 imperatoris
1353 965 1459 993 decimo
1472 972 1582 999 quarto.
1598 966 1722 1000 Regnum
1743 973 1835 995 autem

1053 1008 1201 1036 Suchrano
1230 1010 1341 1045 ﬁlioque
1356 1011 1442 1045 ipsius
1460 1011 1627 1038 Zormaharo
1643 1012 1838 1040 administran-

1050 1053 1114 1081 dtttn
1132 1055 1279 1087 commisit,
1303 1056 1453 1090 urbemque
1481 1057 1552 1084 inter
1575 1057 1674 1084 Ahwaz
1699 1063 1726 1085 ct
1747 1059 1837 1086 Persi-

1051 1099 1111 1127 dem
1123 1101 1255 1133 condidit,
1271 1108 1352 1135 qttam
1370 1101 1463 1129 Kobad
1479 1101 1587 1130 Chorab
1610 1103 1764 1137 appellatit,
1777 1112 1837 1138 quae

1050 1144 1209 1179 etA'llajan
1242 1150 1284 1172 cst
1306 1166 1313 1178 ,
1341 1146 1369 1173 in
1400 1155 1453 1182 qna
1482 1148 1604 1183 captivos
1634 1147 1836 1176 llatndancnses

1049 1190 1204 1222 collocavit,
1220 1191 1315 1218 urbem
1331 1191 1414 1219 etiam
1432 1200 1516 1228 prope
1539 1193 1676 1225 Alblabat,
1709 1202 1768 1228 qua:
1784 1194 1838 1220 lla-

1051 1244 1142 1264 rawan
1155 1238 1319 1271 appellatur,
1336 1245 1386 1265 nec
1405 1247 1460 1266 non
1481 1239 1561 1266 aliam
1583 1239 1610 1266 itt
1632 1240 1748 1267 Aldshir
1765 1240 1837 1266 (Σιιιιο

1050 1283 1111 1314 rab,
1129 1291 1189 1316 qua:
1205 1283 1303 1310 Kobad
1330 1284 1439 1311 Cltorab
1470 1284 1566 1317 audit;
1597 1285 1752 1319 multasque
1770 1293 1837 1319 pra:-

1051 1333 1124 1356 terea
1143 1329 1224 1355 urbes
1247 1329 1376 1364 vicosque
1400 1329 1536 1363 condidit,
1562 1337 1713 1365 amnesque
1732 1331 1836 1364 eﬁ'odil,

1050 1383 1188 1409 arcusque
1202 1380 1229 1402 et
1241 1380 1337 1409 pontes
1350 1377 1496 1404 exstruxit.

1087 1420 1161 1448 Obiit
1176 1425 1266 1448 autem
1283 1421 1376 1448 Zenon
1392 1421 1577 1448 Romanorum
1597 1422 1745 1457 imperator
1762 1427 1835 1457 post-

1050 1473 1131 1497 quam
1151 1473 1238 1492 annos
1258 1465 1454 1498 septemdecim
1468 1466 1641 1500 imperasset,
1658 1467 1740 1501 idque
1764 1475 1836 1494 anno

1030 1529 1034 1551 ε
1051 1511 1124 1546 regni
1141 1511 1261 1538 Kobadis
1276 1511 1321 1538 ﬁlii
1344 1511 1454 1538 Phirnzi
1474 1512 1544 1544 regis
1570 1511 1717 1539 Persarum
1729 1513 1834 1546 quinto,

1050 1557 1202 1590 imperante
1226 1559 1287 1588 post
1313 1556 1401 1590 ipsum
1422 1555 1554 1582 Romanis
1577 1556 1723 1583 Anastasio
1748 1564 1834 1583 altIIOS

1049 1602 1144 1637 viginti
1178 1606 1295 1636 septem.
1326 1600 1389 1628 Fuit
1415 1600 1458 1628 hic
1483 1600 1618 1631 Jacobita.
1646 1601 1833 1628 Melchitarnm

1049 1647 1183 1675 doctrinae
1208 1647 1359 1678 adversus;
1388 1651 1470 1673 natus
1491 1646 1517 1673 in
1538 1647 1606 1674 urbe
1632 1646 1728 1679 llatna,
1754 1655 1833 1681 quam

1049 1693 1180 1721 aediﬁcari
1210 1700 1241 1720 ac
1268 1692 1371 1719 muniri
1397 1692 1493 1726 jussit,
1522 1699 1585 1719 arce
1613 1692 1716 1719 biennii
1746 1693 1834 1727 spatio

1049 1740 1172 1767 condita.
1188 1738 1336 1772 Postquam
1358 1745 1424 1765 vero
1444 1737 1538 1764 decettt
1558 1737 1613 1772 jam
1640 1737 1719 1765 annis
1745 1738 1831 1772 impe-

1048 1790 1149 1818 rasset,
1167 1784 1282 1819 contigit
1296 1783 1454 1811 hominibus
1466 1783 1493 1810 in
1506 1784 1616 1811 Oriente
1633 1783 1718 1811 fames
1732 1783 1832 1818 gravis,

1048 1838 1200 1865 magnaque
1215 1830 1388 1857 locustarum
1405 1830 1494 1863 copia.
1512 1829 1596 1856 Porro
1609 1829 1687 1864 132
1706 1828 1834 1856 Kobadcs

1048 1875 1193 1902 Persarum
1210 1883 1257 1902 rex
1276 1874 1407 1910 [urbem]
1425 1875 1558 1901 Amedum
1579 1881 1725 1909 aggressus
1744 1875 1831 1909 ipsam

1048 1921 1192 1952 vastavit,‘
1207 1921 1347 1955 missoque
1372 1919 1565 1947 Alexandriam
1593 1921 1713 1946 exercitu
1736 1927 1833 1954 magno

1048 1967 1179 2001 quidquid
1195 1970 1271 1993 extra
1289 1966 1384 1993 urbem
1407 1964 1461 1992 fuit
1478 1964 1612 1992 incendit.
1642 1964 1781 1999 Multaque
1807 1971 1834 1992 et

1048 2011 1142 2045 gravia
1156 2010 1258 2045 praelia,
1272 2016 1424 2045 pugnteque
1441 2008 1613 2042 frequentes,
1628 2008 1699 2035 inter
1715 2007 1835 2035 Kobadis

1050 2056 1125 2090 regis
1141 2055 1287 2083 Persarum
1300 2060 1327 2082 ct
1347 2054 1486 2082 Anastasii
1505 2053 1691 2080 Romanorum
1717 2053 1835 2088 impera-

1049 2102 1116 2129 toris
1132 2102 1247 2129 comites
1265 2101 1437 2128 acciderunt.
1468 2098 1531 2126 Fuit
1554 2102 1646 2126 autem
1665 2099 1835 2126 Alexandria:

1047 2147 1192 2182 praefectus
1203 2154 1235 2174 ex
1248 2150 1326 2181 parte
1337 2146 1480 2173 Anastasii
1493 2143 1669 2179 imperatoris
1684 2143 1832 2171 Enstatins.

215 2190 335 2217 Femina:
360 2189 432 2215 enim
449 2187 587 2214 desiderio
606 2192 708 2218 teneor,
734 2190 825 2213 tuetuo
840 2191 931 2213 autem
963 2195 996 2215 ne
1010 2192 1036 2222 ι)
1049 2194 1155 2221 Accidit
1171 2194 1252 2221 etiam
1270 2197 1331 2227 ροει
1350 2191 1418 2220 illud
1439 2192 1466 2219 in
1484 2191 1647 2218 Alexandria
1671 2195 1697 2217 ει
1718 2189 1834 2224 Λίβεριο

215 2236 242 2262 in
267 2234 414 2269 ignobilem
437 2233 555 2267 aliquam
583 2232 606 2258 si
631 2232 749 2258 incidam
777 2239 835 2266 qua:
861 2233 997 2266 pepererit

216 2278 335 2305 nobisin
356 2277 532 2312 ignominiam
549 2275 636 2303 cedet.
666 2275 729 2303 Fuit
752 2284 817 2310 ergo
849 2277 945 2304 domus
969 2278 996 2304 in

215 2332 269 2359 qua
284 2322 414 2350 diversatl
431 2326 496 2349 sunt
511 2322 621 2349 domino
642 2322 695 2349 illia
724 2323 811 2357 virgo,
837 2323 916 2358 cujus
939 2331 999 2349 ma-

215 2373 283 2395 trem
295 2368 392 2394 adiens
407 2365 557 2392 Zorutabar
586 2365 673 2399 ipsam
695 2371 724 2391 nt
745 2371 772 2392 et
801 2370 904 2398 patrettt
930 2365 998 2392 allo-

214 2420 293 2440 entns
305 2418 356 2445 est,
375 2411 476 2447 quibus
490 2419 552 2438 cum
570 2412 690 2445 placeret
702 2411 767 2437 illud
789 2411 861 2445 quod
882 2410 916 2437 ab
931 2410 998 2445 ipsis

215 2459 304 2492 petiit,
317 2459 367 2493 ipsi
378 2461 545 2484 annucrunt.
568 2456 740 2484 Pernoctavit
762 2463 828 2490 ergo
850 2460 942 2490 postea
963 2456 999 2482 fe-

214 2506 287 2532 mina
305 2505 357 2530 ista
371 2511 432 2530 cum
450 2502 574 2534 Kobado,
587 2507 669 2536 atqtte
688 2508 721 2528 ex
736 2508 768 2528 eo
792 2501 903 2535 gravida
928 2501 998 2528 facta

215 2554 267 2576 cst.
283 2550 396 2582 Quoties
409 2552 498 2575 autem
511 2548 544 2574 ad
570 2547 657 2582 ipsam
674 2546 805 2574 accedere
822 2546 902 2574 vellet
913 2547 998 2581 jttssit

215 2602 275 2622 eam
303 2598 434 2620 retectam
460 2600 531 2620 esse.
571 2592 758 2627 lnterrogaute
793 2597 884 2620 autetn
911 2596 999 2620 matre

216 2639 303 2670 ipsius
319 2638 353 2665 de
366 2642 437 2664 statu
454 2637 570 2668 Kobadi,
587 2644 650 2664 cum
666 2637 703 2664 illi
732 2638 864 2665 indicaret
896 2637 998 2665 vidisse

216 2692 246 2711 sc
273 2683 412 2711 femoralia
443 2684 528 2718 ipsius
558 2683 709 2711 boloserica
745 2691 813 2710 auro
841 2684 996 2717 intertexta,

215 2729 341 2764 cognovit
358 2734 447 2756 mater
464 2729 554 2764 ipsum
570 2737 586 2757 e
604 2729 705 2757 familia
720 2731 791 2765 regia
802 2738 872 2762 esse,
889 2738 921 2757 ac
951 2730 997 2757 lte-

216 2782 270 2803 tata
288 2779 340 2803 est.
359 2775 499 2803 Accedens
514 2781 604 2803 autem
620 2775 713 2804 Kobad
734 2777 766 2804 ad
792 2777 969 2805 Chachanutu
988 2785 995 2803 :

216 2823 270 2858 Ego
282 2821 394 2857 (inquit)
413 2821 484 2852 ﬁlius
512 2830 573 2850 sum
598 2823 669 2859 regis
699 2823 853 2857 Persarum,
880 2828 908 2851 at
937 2828 996 2859 post

1048 2239 1136 2267 fames
1153 2239 1255 2274 gravis,
1274 2238 1343 2266 adeo
1358 2242 1387 2265 ut
1400 2238 1491 2265 inedia
1509 2241 1682 2264 morerentur
1696 2236 1832 2268 homines,

1049 2284 1234 2318 desolataeque
1262 2286 1354 2310 essent
1379 2281 1544 2309 Alexandria
1571 2284 1598 2308 et
1620 2279 1752 2314 Egyptus
1780 2286 1835 2313 pta:

1052 2333 1128 2363 peste
1152 2332 1179 2355 et
1201 2332 1288 2356 morte
1301 2325 1364 2362 'qute
1381 2327 1505 2354 ltomincs
1529 2325 1638 2352 invasit.
1663 2324 1724 2351 Erat
1744 2328 1832 2350 autem

1050 2373 1224 2400 Alexandria:
1255 2371 1367 2399 .lttdzeus
1401 2371 1513 2406 quidam
1547 2371 1691 2405 opulentus
1724 2369 1833 2396 nomine

1051 2419 1138 2448 Urbib
1159 2418 1218 2454 (qui
1235 2423 1329 2453 postea
1356 2417 1591 2445 christianismutn
1613 2416 1753 2450 amplexus
1768 2415 1831 2450 cst),

1050 2465 1097 2500 qui
1113 2463 1279 2498 pauperibus
1301 2462 1416 2490 mortuis
1441 2462 1582 2489 involucra
1605 2461 1739 2496 praestitit.
1760 2459 1832 2487 Idem

1049 2509 1093 2537 die
1108 2508 1250 2536 Paschalis
1266 2507 1406 2535 Dominico
1430 2515 1544 2542 magnas
1560 2507 1701 2534 distribuit
1717 2506 1831 2534 eleemo-

1051 2562 1135 2590 synas
1165 2554 1192 2582 in
1221 2553 1344 2580 Ecclesia
1370 2552 1479 2580 Arcadii
1498 2552 1571 2588 [quo
1597 2550 1736 2587 tempore]
1755 2551 1833 2578 turba

1049 2599 1201 2633 compreSsi
1223 2598 1323 2625 mortui
1348 2601 1412 2625 sunt
1429 2597 1481 2624 viri
1505 2597 1632 2624 trecenti.
1657 2596 1743 2623 Porro
1761 2602 1834 2622 anno

1049 2644 1158 2679 imperii
1173 2643 1314 2670 Anastasii
1340 2642 1528 2670 Romanorum
1553 2641 1729 2676 imperatoris
1755 2646 1833 2669 sexto

1050 2689 1219 2716 constitutus
1249 2693 1292 2716 est
1325 2687 1447 2716 Joannes
1482 2688 1634 2716 monachus
1676 2688 1832 2723 patriarcha

1049 2732 1261 2764 Alexandrinus,
1277 2733 1322 2767 qui
1336 2731 1460 2760 Jacobita
1490 2732 1540 2760 fuit
1555 2741 1563 2760 :
1580 2733 1650 2760 sedit
1673 2740 1761 2760 annos
1786 2740 1834 2759 no-

1049 2786 1120 2811 vem,
1139 2778 1201 2806 deitt
1219 2782 1345 2806 mortuus
1357 2782 1410 2806 est.
1427 2779 1507 2806 Anno
1518 2779 1623 2812 imperii
1644 2779 1764 2814 ejusdem
1783 2779 1833 2806 de-

1049 2824 1119 2852 cimo
1134 2824 1231 2866 quinto
1257 2823 1354 2866 lactus
1382 2828 1423 2853 est
1444 2823 1564 2853 Joannes
1581 2824 1649 2853 alter
1675 2824 1831 2859 patriarcha
