2014 3082
177 138 249 170 1063

685 136 869 166 EUTYClIiI
892 135 1044 164 ALEXAN
1051 134 1162 165 DRINI
1180 135 1289 164 PATR.

1737 128 1806 158 lOiii

178 191 392 223 Alexandrinus,
410 190 456 225 qui
484 190 565 216 etiam
584 188 718 220 Jacobita,
744 194 771 216 et
798 195 859 216 cum
876 195 962 214 annos
977 190 1000 218 Α
1019 195 1089 220 rum,
1107 188 1199 222 ibique
1223 186 1380 222 degentium
1408 189 1492 221 statu.
1527 184 1575 211 Ille
1596 190 1663 218 ergo
1688 182 1752 216 ipsi,
1784 186 1810 208 et

180 237 306 265 undecim
322 236 439 264 sedisset
455 239 580 262 mortuus
594 239 646 261 cst.
662 234 741 261 Anno
753 234 874 269 ejusdem
889 233 962 260 vice-

178 285 248 310 simo
267 286 344 310 sexto
373 281 461 308 lactus
482 285 525 307 cst
556 279 705 307 Dioscorus
722 279 876 313 patriarcha
902 278 964 304 Alc-

179 329 339 359 xandrinus,
357 326 480 353 Jacobita
504 325 599 357 etiam,
626 324 802 360 133-135
829 323 875 359 qui
899 331 961 350 cum

178 382 280 400 aumun
302 380 385 399 unum
405 372 522 398 sedisset
539 376 664 398 mortuus
680 375 732 398 cst.
749 370 828 397 Anno
839 369 962 403 ejusdem

177 418 309 445 vicesimo
324 416 440 450 septimo
457 416 626 443 constittttus
643 421 684 443 est
694 415 852 442 Timotheus
863 414 963 441 ibidem

178 463 355 497 patriarcha:
377 463 420 490 hic
448 462 530 489 etiam
560 461 684 490 Jacobita
710 461 770 494 fuit,
793 461 861 488 duos
877 467 965 487 annos

177 508 258 539 sedit,
273 507 335 535 deiu
350 507 410 534 loco
426 506 569 534 abdicatus
582 511 637 534 est.
655 506 733 534 Anno
754 506 860 540 imperii
876 506 963 540 ipsius

177 558 276 588 quarto
298 553 464 580 constitutus
481 557 522 580 est
565 552 724 580 Timotheus
744 552 797 587 (vel
811 551 962 579 secundum

177 598 250 625 aliud
267 597 407 631 exemplar
424 596 627 632 Macedonius),
642 597 797 632 patriarcha
807 596 965 623 Constanti-

177 644 355 679 nopolitanus
375 651 444 671 :sex
461 651 547 670 annos
575 644 656 676 sedit,
670 643 731 670 dein
759 647 883 670 mortuus
910 646 962 670 est.

176 691 256 716 Anno
270 688 392 722 ejusdem
409 695 481 714 nouo
494 688 662 715 constitutus
679 692 722 714 est
741 686 902 714 Timotheus
917 694 965 721 pa-

178 734 299 761 triarcha
331 733 679 768 Constantinopolitanus,
709 733 755 768 qui
791 741 838 760 sex
877 740 963 760 annos

177 780 258 811 Sedit,
272 779 335 806 dein
366 784 488 806 mortuus
513 783 574 806 est.
603 779 684 806 Auno
706 778 828 813 ejusdem
859 777 965 805 decimo

175 825 275 859 quinto
302 823 390 851 factus
417 829 459 852 est
487 823 608 851 Joannes
632 824 781 859 Cappadox
810 823 964 858 patriarcha

178 870 293 902 ibidem,
314 870 360 904 qui
375 875 471 897 novem
487 877 575 897 annos
593 870 674 902 sedit,
689 869 752 897 dein
769 874 895 896 mortuus
912 873 964 901 est.
983 863 1003 890 Β

177 918 257 942 Auno
271 916 395 950 ejusdem
415 915 548 942 vicesimo
567 921 667 950 quarto
694 916 782 943 factus
799 919 840 942 est
863 915 966 950 Anthy-

179 970 240 989 ntus
254 962 409 996 patriarcha
441 961 552 993 ibidem,
582 961 629 996 qui
645 961 769 989 Jacobita
790 961 852 993 fuit,
879 968 966 988 annos

177 1010 299 1044 quinque
315 1009 397 1039 sedit.
413 1008 475 1035 dein
508 1008 647 1043 relegatus
674 1012 727 1034 est.
755 1008 834 1033 Anno
860 1005 967 1040 imperii

178 1056 264 1090 ipsius
279 1059 376 1090 quarto
393 1055 558 1081 constitutus
575 1058 618 1081 est
652 1052 780 1086 Pelagius
811 1052 967 1086 patriarcha

179 1100 517 1134 Romatms,quiquatuor
543 1106 631 1126 annos
657 1099 739 1130 sedit,
763 1098 825 1126 dein
843 1102 967 1125 mortuus

177 1151 231 1173 est.
249 1147 327 1173 Auno
344 1145 466 1180 ejusdem
483 1150 581 1172 octavo
601 1145 769 1172 constitutus
789 1149 831 1171 est
845 1144 967 1170 Anasta-

179 1193 236 1218 sius
251 1191 406 1226 patriarcha
421 1189 574 1222 Romanus,
589 1191 635 1225 qui
652 1198 714 1217 cum
732 1197 834 1216 annum
851 1189 968 1216 sedisset

179 1242 303 1264 mortuus
317 1242 370 1263 est.
392 1236 471 1262 Anno
489 1235 611 1270 ejusdem
627 1243 700 1262 nono
723 1235 811 1262 factus
824 1239 865 1262 est
887 1235 967 1270 Sym-

179 1280 291 1306 machus
307 1279 406 1305 ibidem
426 1279 581 1312 patriarcha
595 1279 642 1312 qui
660 1286 748 1305 annos
760 1279 967 1312 quatuordecim

178 1325 259 1356 sedit,
287 1325 352 1352 dein
379 1328 506 1351 mortuus
533 1329 586 1350 est.
613 1323 693 1351 Anno
720 1324 826 1358 imperii
846 1324 968 1358 ejusdem

178 1375 278 1403 quarto
293 1370 462 1396 constitutus
473 1375 516 1396 est
531 1369 679 1396 Flavianus
696 1369 854 1403 patriarcha
872 1370 968 1396 Antio-

178 1415 284 1442 tbenus
310 1415 356 1449 qui
387 1423 475 1442 annos
502 1415 712 1450 quatuordecim
739 1415 821 1447 sedit,
848 1415 910 1442 dein
941 1415 968 1442 in

178 1461 306 1488 exsiliunt
327 1461 423 1496 pulsus
444 1465 496 1488 cst.
519 1460 582 1487 Fuit
612 1466 703 1488 autem
728 1461 889 1487 Anastasius
917 1461 968 1488 int-

180 1511 289 1541 perator
315 1507 458 1534 sententia:
483 1506 676 1534 Melchitarum
706 1507 849 1540 adversus,
873 1511 968 1542 utpote

181 1553 262 1588 136
285 1551 422 1580 Jacohita.
449 1552 540 1585 Quare
558 1553 669 1587 scriptis
693 1553 726 1580 ad
752 1553 843 1588 ipsum
858 1553 966 1581 litteris

180 1597 253 1623 tilias
268 1597 424 1630 patriarcha
439 1596 706 1632 ilierosolymitanus
735 1597 879 1624 veritatem
903 1605 968 1624 scn-

181 1643 273 1669 tentire
291 1641 480 1669 Melchitarum
509 1643 560 1677 ipsi
589 1642 727 1677 exposuit,
751 1647 778 1670 et
811 1642 968 1677 quicunque

181 1688 350 1713 contrarium
377 1687 445 1721 ipsis
468 1692 604 1714 assereret
631 1687 804 1715 maledictum
827 1695 899 1715 esse.
917 1687 968 1714 Mi-

182 1732 272 1766 sitque
301 1731 335 1758 ad
361 1731 451 1764 ipsum
481 1731 671 1758 coenobiorum
699 1732 872 1766 pra-positos,
899 1732 970 1759 inter

182 1783 252 1810 quos
274 1779 353 1802 erant
369 1775 542 1803 Theodosius
568 1776 717 1810 praefectus
735 1777 898 1804 monasterii
925 1777 971 1804 Al-

183 1820 333 1854 dawakesi,
348 1820 515 1848 Charitanus
526 1821 675 1856 praefectus
694 1822 802 1850 AlSaiki
818 1823 929 1856 veteris,
944 1829 972 1851 ct

185 1867 257 1894 Saba
273 1866 419 1903 praefectus
434 1867 467 1894 Al
484 1867 561 1895 Saiki
584 1869 658 1902 novi,
675 1869 722 1904 qui
734 1869 862 1898 omnibus
879 1870 970 1905 (locis)

183 1915 236 1941 hoc
249 1913 360 1940 nomine
373 1914 519 1948 appellatis
538 1919 666 1950 praeerat,
685 1919 712 1942 et
727 1914 808 1942 Saiko
836 1916 932 1950 veteri,
946 1917 970 1944 ei

183 1960 290 1987 scilicet
304 1959 350 1994 qui
362 1958 506 1987 Charitani
517 1965 587 1994 erat,
604 1968 665 1988 cum
682 1961 776 1989 multis
792 1969 807 1989 c
822 1962 972 1989 monacho-

184 2005 402 2040 rumpraafectis,
419 2006 493 2034 inter
503 2014 573 2042 quos
589 2011 616 2034 et
630 2007 796 2035 sacerdotes.
810 2006 872 2034 Haec
881 2012 970 2034 autem

186 2051 296 2085 scripsit
311 2059 317 2077 :
329 2049 390 2078 Misi
404 2050 436 2077 ad
447 2054 473 2078 te
482 2051 585 2078 multos
594 2059 610 2079 e
620 2051 664 2079 Dei
679 2052 776 2083 servis.
788 2056 815 2080 et
824 2053 973 2079 monacho-

185 2103 244 2122 rum
256 2095 357 2122 deserti
365 2095 452 2123 nostri
461 2095 615 2131 praefectos,
630 2097 780 2133 interjquos
792 2102 820 2124 et
832 2097 903 2125 Saba
915 2099 973 2126 exi-

186 2144 258 2169 mius
270 2142 315 2170 ille
329 2143 374 2177 qui
388 2143 526 2170 desertum
541 2149 667 2170 nostrum
682 2144 709 2171 in
725 2145 808 2172 nrbes
823 2144 970 2177 convertit,

1022 234 1116 259 urbem
1133 238 1160 260 et
1177 233 1222 268 qui
1240 239 1299 259 eam
1319 231 1471 258 incolerent
1485 230 1555 257 bene
1567 236 1597 257 se
1615 229 1714 256 habere
1728 229 1808 254 dixit.

1021 279 1209 306 lilelchitarum
1235 279 1319 305 etiam
1351 276 1503 304 doctrinam
1527 274 1642 309 ejusque
1663 273 1806 301 veritatem

1020 326 1070 360 ipsi
1086 325 1235 360 exposuit;
1252 329 1279 352 et
1291 323 1450 359 quicunque
1467 326 1562 349 contra
1593 320 1710 348 sentiret
1730 327 1807 347 exse-

1020 370 1150 397 crabilem
1179 377 1252 397 esse.
1284 369 1357 396 Dixit
1386 369 1468 396 etiam
1500 368 1576 402 ipsi:
1608 366 1749 400 Rogamus
1784 369 1807 390 te

1021 415 1171 443 Erclesiam
1188 422 1222 442 ne
1239 415 1352 446 turbes;
1380 414 1501 448 quandiu
1515 412 1589 439 enim
1613 412 1641 438 in
1664 418 1730 445 pace
1752 418 1807 435 rna-

1020 465 1066 488 net
1088 461 1223 493 Ecclesia,
1248 467 1299 487 nos
1319 459 1401 487 etiam
1434 458 1635 492 tranquillitate
1660 455 1778 483 fruimur
1802 462 1808 480 ι

1021 514 1054 533 ne
1071 511 1161 533 autem
1183 498 1414 532 hcterodoxorum
1430 504 1592 531 sententiam
1620 500 1807 536 amplcetaris.

1019 552 1124 578 Annuit
1137 558 1201 584 ergo
1213 558 1260 578 rex
1275 550 1328 585 ipsi
1343 550 1369 577 in
1383 550 1417 577 iis
1427 556 1487 584 quae.
1499 549 1576 583 petiit
1589 547 1805 580 monachosjue,

1021 597 1134 625 collatis
1148 597 1175 623 in
1189 596 1265 631 ipsos
1280 595 1453 627 muneribus,
1476 594 1666 628 Hierosolyma
1710 591 1807 619 reverti

1016 643 1112 678 jussit,
1127 642 1238 676 scriptis
1253 641 1285 669 ad
1301 641 1384 668 Eliam
1404 640 1588 676 patriarcham
1608 638 1707 666 liieros
1718 637 1807 672 ilymi-

1021 693 1115 715 Ianum
1139 687 1237 715 litteris
1253 687 1354 722 quibus
1390 687 1477 722 ipsius
1505 686 1627 720 epistola:
1654 684 1806 718 respondit.

1022 734 1121 761 Sabam
1153 737 1244 761 autem
1273 732 1345 768 apud
1370 740 1399 760 sc
1424 739 1536 760 manere
1555 732 1648 765 jussit.
1663 730 1715 763 Qui
1730 737 1806 763 ergo,

1021 780 1139 807 reversis
1156 778 1297 806 monachis
1311 778 1508 813 Hierosolyma.
1522 778 1558 805 ibi
1575 777 1708 808 substitit,
1720 776 1807 803 donec

1021 829 1083 859 post
1096 832 1197 852 annum
1214 824 1332 851 abeundi
1346 825 1452 858 copiam
1468 829 1576 856 petens,
1591 823 1738 852 obtineret,
1751 827 1805 848 tra-

1018 871 1149 905 deretque
1177 870 1231 906 ipsi
1260 869 1408 904 imperator
1427 870 1469 897 bis
1494 869 1567 896 mille
1592 876 1702 901 aureos,
1726 867 1808 895 Utere

1018 915 1160 951 (inquens)
1175 917 1296 943 nummis
1313 916 1374 943 istis
1389 915 1421 942 ad
1439 915 1604 942 tuonasteria
1621 913 1804 941 exstrucnda.

1019 961 1090 988 Saba
1105 969 1171 997 ergo
1187 961 1381 996 Hierosolyma
1395 961 1486 988 rediit.

1055 1008 1141 1034 Porro
1156 1007 1206 1034 fuit
1222 1007 1464 1042 Constantinopoli
1492 1006 1534 1033 vir
1555 1006 1667 1041 quidam
1694 1005 1808 1033 nomine

1020 1052 1150 1084 Severus,
1180 1053 1226 1087 qui
1246 1052 1369 1080 Dioscuri
1382 1051 1548 1086 etEutychii
1568 1051 1732 1078 sententiam
1749 1057 1764 1077 a
1777 1059 1808 1076 n-

1019 1098 1117 1132 plexus
1144 1103 1197 1128 est,
1224 1106 1305 1125 tinam
1336 1105 1465 1125 asserens
1496 1101 1635 1128 naturam,
1663 1103 1806 1131 personant

1019 1150 1111 1174 unam,
1126 1143 1292 1170 voluntatem
1311 1150 1403 1170 ullattl.
1420 1141 1470 1169 Hic
1484 1141 1517 1169 ad
1533 1142 1709 1170 Anastasium
1722 1142 1810 1176 impe~

1019 1193 1137 1215 ratorem
1156 1189 1304 1220 accedens.
1322 1189 1392 1216 dixit
1417 1188 1470 1222 ipsi
1485 1188 1631 1222 episcopos
1655 1189 1722 1216 istos
1745 1196 1807 1216 sex-

1018 1237 1115 1261 centos
1129 1237 1156 1261 et
1170 1235 1282 1268 triginta
1300 1234 1346 1269 qui
1363 1234 1391 1261 in
1421 1233 1489 1261 urbe
1509 1233 1685 1260 Chalcedone
1704 1241 1806 1261 conve-

1019 1279 1127 1305 nientes
1155 1279 1182 1306 in
1213 1279 1377 1306 Dioscorum
1402 1285 1430 1307 et
1462 1278 1628 1313 Eutychium
1661 1281 1807 1305 anathema

1022 1325 1102 1361 ιω
1121 1325 1263 1357 dixerunt,
1276 1325 1347 1352 male
1372 1325 1400 1352 in
1416 1325 1468 1352 hoc
1483 1324 1599 1351 fecisse:
1620 1331 1713 1351 veram
1733 1323 1808 1350 stili-

1019 1376 1063 1397 cet
1080 1371 1160 1398 ﬁdem
1188 1378 1251 1398 csse
1270 1378 1351 1405 quam
1377 1369 1496 1404 professi
1522 1375 1587 1397 sunt
1615 1370 1765 1405 Eutychius
1780 1374 1809 1397 et

1020 1415 1178 1444 Dioscorus.
1195 1416 1255 1443 Noli
1272 1423 1337 1451 ergo
1352 1415 1464 1450 (inquit)
1485 1414 1685 1442 monachorum
1698 1415 1745 1449 qui
1773 1415 1807 1441 ad

1020 1465 1046 1488 te
1076 1462 1276 1496 Hierosolymis
1300 1464 1436 1487 venerunt
1463 1460 1630 1487 sententiam
1659 1460 1807 1494 amplecti,

1021 1511 1116 1541 utpote
1127 1515 1189 1542 qtae
1203 1507 1270 1534 falsa
1286 1507 1323 1533 sit
1341 1514 1349 1534 :
1371 1513 1466 1533 verum
1488 1505 1648 1540 perscriptis
1664 1505 1697 1532 ad
1710 1512 1809 1532 omnes

1020 1550 1141 1578 ditiones
1165 1557 1227 1578 tuas
1245 1550 1345 1578 litteris
1358 1550 1456 1584 jnbeas
1485 1550 1623 1577 sexcentis
1645 1554 1672 1577 et
1692 1549 1807 1584 triginta

1019 1597 1155 1633 episcopis
1174 1596 1222 1632 qui
1244 1595 1412 1625 Cbalcedoni
1437 1600 1628 1624 convenerunt
1656 1596 1805 1623 anathema

1019 1642 1189 1674 denuntiari,
1200 1642 1381 1676 hominesque
1393 1642 1516 1677 impellas
1527 1641 1560 1668 ad
1575 1649 1657 1669 unam
1668 1646 1808 1674 naturam,

1020 1688 1188 1715 voluntatem
1202 1694 1296 1719 unam,
1312 1695 1449 1723 unamque
1463 1695 1607 1723 personam
1618 1687 1808 1723 proﬁtendam.

1021 1731 1050 1759 Ιιι
1067 1739 1123 1767 quo
1138 1732 1234 1759 annuit
1264 1733 1315 1768 ipsi
1342 1734 1502 1768 imperator.
1531 1733 1632 1761 Audito
1659 1741 1724 1768 ergo
1740 1733 1807 1767 quid

1024 1779 1114 1806 facere
1127 1778 1267 1805 statuisset
1284 1779 1620 1814 Anastasinsimperator,
1640 1779 1750 1813 scripsit
1773 1779 1808 1806 ad

1023 1826 1112 1860 ipsum
1133 1823 1282 1852 Flavianus
1298 1824 1456 1859 patriarcha
1473 1825 1675 1857 Antiochcnus,
1689 1825 1810 1852 suadens

1022 1879 1058 1899 ne
1086 1871 1151 1898 illud
1181 1871 1255 1906 quod
1283 1860 1389 1899 diceret
1418 1871 1538 1899 Set-erus
1562 1872 1677 1899 faceret.
1707 1871 1810 1898 \‘ernm

1022 1918 1094 1946 enim
1115 1918 1255 1953 amplexos
1274 1926 1336 1945 esse
1365 1918 1510 1953 episcopos
1529 1923 1677 1946 sexcentos
1700 1918 1810 1952 triginta

1022 1965 1070 1999 qui
1086 1964 1253 1992 Chalcedon]
1276 1969 1475 1996 convenerunt,
1496 1968 1522 1991 et
1539 1964 1585 1999 qui
1608 1964 1751 1991 sententiae
1767 1964 1812 1998 ip-

1024 2017 1118 2037 sorum
1135 2010 1338 2036 contradiceret
1358 2009 1554 2037 exsecrabilem
1572 2017 1644 2037 esse.
1660 2009 1701 2036 Ira
1718 2013 1809 2037 autem

1025 2062 1158 2082 accensus
1188 2055 1339 2091 imperator
1368 2055 1461 2082 missis
1490 2053 1617 2091 [nuntiis]
1650 2054 1810 2082 Flavianum

1026 2100 1212 2135 patriarcham
1228 2100 1430 2128 Antiochenum
1446 2099 1573 2127 exsulare
1589 2100 1681 2134 jussit,
1697 2099 1810 2126 suliecto

1025 2146 1086 2174 vice
1100 2146 1188 2182 ipsius
1204 2145 1231 2172 in
1245 2146 1460 2180 patriarchatum
1487 2145 1587 2173 ibidem
1614 2145 1727 2173 Severo.
1743 2146 1812 2172 Cum

185 2195 333 2222 Ipsumque
352 2188 468 2215 habitari
497 2187 571 2220 fecit,
591 2189 638 2223 qtti
661 2193 688 2216 et
715 2188 868 2217 Palaestinae
892 2189 971 2217 stella
989 2199 1010 2226 υ
1025 2191 1249 2228 οιιςοιειιάίἰβεθι
1277 2189 1335 2218 Elia
1351 2190 1517 2225 fpatriarcha
1544 2189 1812 2226 Hicrosolymitanus

185 2239 240 2260 est.
273 2233 341 2260 Cum
366 2238 458 2260 autem
487 2233 753 2269 Constantinopolim
787 2236 975 2270 pervenissent

188 2278 317 2306 monachi
334 2278 444 2312 copiam
461 2278 635 2315 (accedendi)
658 2280 692 2306 ab
717 2280 865 2307 Anastasio
891 2280 975 2315 petie-

189 2330 264 2356 runt,
285 2325 333 2360 qui
358 2325 427 2359 ipsis
455 2324 614 2353 introeundi
635 2316 744 2354 veniam
770 2326 919 2354 concessit.
935 2327 975 2354 Ad

189 2378 280 2405 regem
297 2377 363 2405 ergo
378 2370 496 2404 ingressi
514 2375 589 2399 sunt.
608 2371 671 2399 Fuit
695 2376 785 2400 autem
808 2371 880 2399 Saba
895 2372 977 2400 vesti-

191 2417 243 2444 bus
259 2416 330 2444 tritis
342 2416 463 2449 indutus,
479 2424 636 2452 quarecum
652 2425 723 2453 pene
734 2423 848 2446 caeteros
856 2426 886 2446 se
894 2418 978 2446 coali-

190 2465 277 2494 nerct,
301 2461 502 2496 prohibuerunt
527 2463 615 2496 ipsum
630 2463 736 2491 ostiarii
765 2463 799 2490 ab
831 2463 976 2498 ingressu.

190 2507 258 2534 Cum
283 2514 349 2542 ergo
379 2507 492 2542 legisset
524 2508 689 2536 Anastasius
725 2509 876 2544 imperator
913 2510 978 2537 Elin

192 2553 352 2588 patriarchae
383 2552 628 2589 llierosolymitani
657 2555 815 2590 epistolam,
844 2555 976 2588 Quisnam

192 2599 294 2634 (inquit
312 2599 466 2636 monachis)
495 2608 510 2627 c
540 2600 618 2627 vobis
642 2606 684 2628 est
712 2601 781 2628 Saba
814 2602 864 2629 iste
889 2602 915 2629 in
936 2603 977 2630 his

192 2645 292 2674 litteris
305 2645 508 2674 laudatusillli
533 2646 787 2682 circumspicientes
814 2655 878 2676 cum
906 2649 978 2677 haud

193 2691 290 2720 adesse
321 2692 411 2726 ipsum
439 2692 575 2726 viderent,
608 2693 698 2727 ipsum
731 2702 884 2722 accersere.
910 2695 977 2722 Cum

195 2741 284 2763 autem
314 2736 346 2763 ad
386 2737 576 2772 imperatorem
609 2738 792 2774 137-139
839 2740 980 2775 ingressus

194 2785 279 2813 esset,
297 2782 343 2809 ille
356 2783 387 2809 ad
408 2790 438 2809 se
452 2784 565 2819 propius
590 2786 721 2813 accedere
746 2786 866 2820 jussum,
884 2787 978 2822 juxta-

193 2833 248 2860 que
264 2833 294 2854 se
308 2827 482 2861 collocatum,
510 2830 688 2865 interrogavit
714 2831 747 2859 dc
776 2831 980 2869 Hierosolymo-

1026 2236 1187 2264 Flavianum
1204 2237 1232 2263 in
1251 2235 1378 2263 exsilium
1394 2236 1501 2270 pulsum
1527 2242 1601 2268 esse,
1629 2242 1661 2262 ac
1680 2236 1813 2263 Severum

1026 2283 1053 2310 in
1068 2283 1158 2310 locum
1175 2283 1262 2317 ipsius
1286 2281 1442 2314 suﬂ‘ectum,
1465 2281 1628 2308 convocavit
1649 2288 1742 2308 coram
1767 2281 1812 2308 Se-

1027 2327 1122 2362 pulcro
1136 2330 1163 2354 et
1178 2326 1315 2361 Golgotha
1332 2326 1495 2358 monachos,
1515 2326 1562 2360 qui
1581 2325 1608 2352 in
1635 2325 1813 2353 Anastasiqu

1028 2373 1221 2407 imperatorem
1236 2376 1264 2399 ct
1273 2371 1404 2400 Severum
1420 2371 1620 2407 patriarcham,
1636 2375 1664 2398 et
1679 2375 1813 2406 quotquot

1028 2417 1115 2452 ipsius
1134 2418 1300 2444 sententiam
1319 2417 1564 2452 amplecterentur,
1593 2417 1740 2445 anathema
1765 2419 1816 2444 dc-

1032 2463 1206 2491 nuntiarunt.
1220 2463 1385 2491 Anastasius
1400 2470 1465 2498 ergo
1480 2463 1630 2498 imperator
1642 2463 1735 2490 audito
1748 2463 1814 2498 quid

1029 2509 1138 2537 fecisset
1154 2509 1211 2536 Elia
1238 2509 1395 2544 patriarcha
1412 2509 1590 2545 ιιι-143
1619 2508 1815 2543 Hierosolymi-

1029 2560 1121 2588 tanus,
1139 2556 1261 2588 mittens,
1277 2555 1367 2590 ipsum
1387 2555 1453 2582 llam
1477 2555 1609 2590 relegavit
1624 2555 1719 2591 (idque
1744 2561 1815 2581 anno

1030 2601 1138 2636 imperii
1170 2601 1309 2628 Anastasii
1339 2600 1474 2628 vicesimo
1504 2600 1609 2634 tertio),
1639 2600 1818 2635 praefecitun

1029 2646 1226 2682 Hierosolymis
1239 2647 1424 2682 patriarcharn
1442 2646 1588 2681 quemdam
1600 2647 1713 2675 nomine
1734 2646 1816 2674 Joan-

1031 2701 1104 2726 nent,
1134 2696 1228 2728 utpote
1254 2692 1300 2727 qui
1330 2692 1382 2727 ipsi
1397 2692 1563 2727 promiserat
1582 2700 1612 2720 se
1627 2693 1654 2719 in
1674 2693 1817 2728 episcopos

1031 2744 1180 2767 sexcentos
1193 2739 1306 2774 triginta
1319 2738 1538 2774 quiChalcedoui
1554 2738 1740 2767 interfuerunt
1753 2746 1817 2765 aua-

1031 2785 1124 2812 thema
1138 2785 1288 2812 dicturum.
1303 2784 1354 2813 Ubi
1368 2792 1432 2819 ergo
1444 2784 1632 2821 Hierosolyma
1644 2786 1817 2816 accessisset,

1032 2831 1242 2861 convenientes.
1265 2831 1355 2860 iosum
1371 2831 1500 2861 monachi
1518 2835 1544 2861 et
1563 2831 1651 2862 Saba'
1675 2831 1735 2860 Noli
1764 2832 1817 2867 (in-
