2014 3082
229 159 298 190 1065

946 158 1128 189 ANNAIES.

1775 158 1842 190 1066

227 215 337 249 quiuut)
352 213 445 240 Severi
462 214 622 241 sententiam
638 214 773 249 amplecti,
797 215 843 242 sed
861 214 1008 242 concilium
1026 223 1047 247 Λ
1063 214 1196 243 Jacobitis
1215 215 1392 249 respondere,
1405 220 1431 242 et
1446 214 1578 242 doctrinae
1594 215 1717 250 ipsorttut
1738 216 1845 243 falsita-

227 260 450 288 Chalcedonense
457 267 607 294 propugna:
618 259 701 296 [quod
709 260 730 287 si
741 259 912 296 feceris],nos
918 267 1012 286 omnes

227 314 241 334 a
261 306 385 340 partibus
399 306 453 333 tuis
474 305 619 333 stabimus.
637 305 715 338 Quod
729 305 774 333 ille
786 306 850 340 ipsis
865 305 1011 340 pollicitus,

228 353 395 380 contrarium
414 352 438 378 ei
472 352 544 386 quod
582 351 632 386 ipsi
659 351 835 378 mandaverat
864 351 1012 385 imperator

228 397 303 425 fecit.
338 397 422 432 Cujus
467 397 506 424 rei
539 397 639 424 certior
672 396 760 423 factus
802 397 960 431 imperator,
997 403 1013 422 ο

228 443 347 470 ducibus
371 444 429 470 suis
455 443 601 477 quemdam
626 442 713 474 miSiI,
734 442 779 476 qui
803 441 935 469 Joannem
963 451 1012 478 pa-

229 489 375 515 triarchani
407 487 699 523 liierosolymitanum,
727 487 793 514 illud
822 488 910 514 facere
939 491 1011 523 quod

229 535 392 568 promiserat
423 538 556 565 moneret,
593 537 680 567 utque
724 533 832 560 concilii
860 534 1011 561 Chalcedo-

230 580 322 606 nensis
348 579 512 606 mentionem
535 577 628 605 facere
656 578 812 610 desisteret,
839 579 880 606 sin
909 579 1012 611 minus.

229 624 359 652 cathedra
381 623 532 650 abdicaret.
553 623 694 651 Accedens
707 631 772 658 ergo
789 624 844 650 dux
859 624 908 650 iste
929 624 1013 651 Joan-

230 677 289 696 nem
305 668 489 703 patriarchain
504 668 668 703 prehensum
685 668 711 694 iu
727 675 865 694 carcerem
881 669 1012 703 conjecit.

229 714 313 747 Quem
331 714 366 740 ibi
383 713 515 740 adeuntes
537 713 662 739 monachi
687 713 711 739 ei
730 718 874 739 suaserunt
891 719 920 740 ιιι
943 714 1012 741 idem

228 759 291 787 duci
320 767 349 786 se
378 759 513 785 facturum
539 758 726 793 polliceretur,
748 758 819 792 quod
856 759 1012 793 imperatori

230 804 369 839 pollicitus
386 804 557 835 l'uerat,cum
576 808 666 829 autem
690 803 797 830 adesset
827 810 922 830 omnes
952 804 1014 831 illos

228 849 401 876 aiiathemate
423 848 513 874 feriret
536 855 604 882 quos
626 847 925 875 anathematizaverant
957 857 1014 876 mo-

230 894 322 922 nachi.
337 893 414 927 Quod
433 901 495 920 cum
516 893 635 925 fecisset,
654 893 847 920 convenientes
876 895 1012 928 uzouachi,

231 948 345 968 numero
357 940 466 967 circiter
492 939 584 966 decies
608 939 682 965 inille
705 939 776 966 inter
803 947 872 973 quos
886 939 1013 967 Theodo-

232 988 302 1019 sius,
316 986 459 1017 Charitau,
475 990 501 1012 et
515 984 585 1011 Saba
601 985 791 1012 cmuobiornni
818 986 968 1020 |)t':Pp05tti,
988 987 1013 1012 in

232 1033 405 1063 Dioscorum,
436 1030 613 1065 Eutychiuni,
641 1029 772 1057 Severum
800 1035 826 1057 et
859 1031 1015 1065 quicunque

231 1078 378 1104 concilium
408 1076 630 1104 Clialcedonense
659 1075 739 1112 144.
771 1083 826 1102 non
865 1076 1013 1111 reciperent

234 1123 379 1150 anathema
413 1122 553 1149 dixerunt.
588 1121 683 1148 Iletuit
720 1126 811 1148 autent
844 1121 1015 1156 imperatoris

232 1169 368 1203 legatusa
385 1167 537 1195 monachis.
559 1167 662 1193 Aderat
692 1167 773 1192 etiam
807 1174 860 1193 una
899 1166 1015 1201 impera-

232 1215 301 1242 toris
317 1218 463 1248 coguatus,
481 1212 525 1240 cui
551 1220 614 1239 cum
643 1213 669 1239 id
687 1219 770 1247 grave
790 1216 873 1244 esset,
892 1213 1017 1246 promisit

232 1261 290 1295 ipse
307 1259 450 1287 monachis
465 1266 640 1286 reversurum
659 1258 850 1292 imperatorem
873 1256 907 1284 ab
931 1257 1016 1284 altera

232 1307 285 1333 ista
312 1306 344 1332 ad
364 1305 487 1340 ipsorum
512 1303 673 1331 sententiam
689 1308 715 1329 et
736 1302 769 1329 ad
786 1303 936 1329 veritatem.
952 1302 1017 1329 Cum

231 1358 297 1385 ergo
337 1349 606 1383 Constantinopolim
632 1348 807 1383 pervenisset
844 1348 1019 1382 imperatoris

231 1400 365 1430 cognatus
388 1396 449 1426 istc,
469 1395 535 1428 quid
563 1395 663 1420 factum
690 1399 761 1420 esset
792 1394 842 1427 ipsi
871 1393 1017 1419 nuntiavit.

231 1443 353 1476 Cumque
370 1442 504 1468 inanimo
523 1440 636 1466 haberet
664 1440 810 1473 imperator
832 1439 914 1465 etiam
937 1437 1018 1464 Joan-

234 1496 293 1515 i.eui
311 1488 495 1522 patriarcham
528 1485 808 1520 llierosolymitanuin
839 1485 865 1510 in
892 1483 1019 1511 exsilium

1064 265 1116 288 teni
1128 265 1154 288 et
1167 261 1360 288 absurditatem
1372 260 1525 288 ostendere.
1543 259 1653 287 Dicatur
1669 260 1721 288 illis
1738 269 1745 287 :
1761 260 1846 288 Dicite

1064 306 1141 333 nobis
1157 305 1233 341 [quid
1248 304 1384 340 sentiatis]
1401 305 1434 332 de
1458 313 1573 339 persona
1591 305 1670 332 Verbi
1698 305 1756 338 Dei,
1785 313 1846 341 qua:

1064 351 1123 378 ﬁeri
1139 359 1193 378 non
1207 356 1305 386 potest,
1321 351 1386 386 quin
1404 351 1444 378 vel
1468 351 1616 385 sumpserit
1638 351 1703 385 quid
1726 352 1759 379 de
1781 352 1848 379 sub-

1065 399 1166 425 stantia
1191 398 1371 425 humanitatis
1398 397 1478 432 eique
1508 398 1584 424 unita
1610 397 1701 429 l'uerit,
1725 397 1766 424 vel
1793 405 1846 424 non

1064 443 1221 478 sumpserit.
1243 442 1272 470 Si
1286 442 1414 470 dixeritis
1432 442 1499 470 nihil
1517 443 1667 477 accepisse,
1687 442 1785 469 falsum
1806 446 1848 469 est

1066 495 1208 522 personam
1221 495 1302 523 quam
1313 488 1422 515 Christo
1436 487 1584 514 attribuitis
1596 487 1773 521 compositam
1787 495 1848 514 esse

1065 542 1098 560 ex
1115 534 1255 560 divinitate
1273 538 1300 560 et
1320 532 1500 560 humanitate.
1517 532 1596 565 Quod
1609 532 1631 559 si
1648 532 1712 567 quid
1726 522 1864 567 sumpse:

1067 579 1112 612 rit,
1128 586 1239 606 necesse
1262 583 1302 606 est
1316 583 1355 611 ut,
1371 578 1443 613 quod
1458 583 1596 612 sumptum
1620 578 1700 605 fuerit
1717 585 1750 605 ex
1766 577 1850 605 Maria

1067 623 1187 659 Virgine,
1203 625 1238 651 sit
1264 624 1419 651 substantia
1438 626 1480 651 vel
1501 624 1656 651 communis
1671 623 1712 650 vel
1729 624 1847 657 partictv

1067 671 1131 697 laris
1145 679 1151 702 ;
1169 671 1192 698 si
1209 670 1363 697 communis
1381 669 1473 702 fuerit,
1490 669 1552 696 inde
1567 673 1697 704 sequetur
1709 677 1770 696 esse
1787 669 1850 696 sub-

1067 716 1196 742 stanliaiu
1216 715 1335 742 divinam
1353 719 1379 742 et
1392 715 1561 742 substantias
1582 715 1725 747 humanas,
1738 721 1850 748 compo-

1067 762 1151 794 sitas,
1174 761 1300 792 multas;
1335 760 1408 795 quod
1441 760 1611 794 impossibile
1641 764 1693 787 est.
1726 759 1802 792 Quod
1827 760 1849 785 si

1067 807 1220 834 substantia
1240 806 1414 841 particularis
1425 813 1486 840 qure
1506 805 1621 832 iudicari
1648 809 1748 839 potest,
1772 803 1853 840 148

1069 858 1124 879 tum
1141 856 1204 879 sunt
1222 851 1332 879 Christo
1348 851 1511 879 substantia:
1539 851 1608 883 dute,
1634 851 1726 878 divina
1754 858 1852 884 nempe

1065 902 1091 925 et
1106 898 1235 929 humana,
1252 903 1279 925 at
1293 898 1471 925 subsistantia
1490 905 1554 928 una.
1571 901 1597 924 et
1611 897 1758 930 unicuique
1788 897 1853 924 sal;-

1065 943 1171 970 stantize
1191 947 1288 969 natura
1315 951 1364 970 sua
1393 952 1399 969 :
1425 949 1505 978 atque
1530 943 1571 969 lite
1595 942 1656 969 dure
1682 942 1852 972 substantia;

1066 992 1169 1015 natura:
1184 988 1255 1021 duze,
1278 988 1456 1015 subsistentia
1475 996 1538 1020 una,
1563 993 1590 1015 et
1619 996 1732 1016 necesse
1757 988 1808 1015 erit
1826 993 1855 1014 ut

1065 1034 1128 1059 dum
1143 1034 1226 1060 unita:
1241 1033 1341 1060 fuerint
1351 1032 1410 1060 dua:
1426 1033 1597 1066 substantiae,
1610 1038 1720 1062 mutata;
1731 1033 1830 1061 fuerint.
1845 1044 1851 1060 :

1067 1080 1137 1114 quod
1154 1079 1176 1106 si
1197 1086 1211 1105 a
1230 1079 1384 1106 substantia
1403 1086 1451 1106 sna
1472 1084 1580 1106 mutata:
1597 1079 1705 1112 fuerint,
1723 1079 1783 1107 ﬁeri
1799 1087 1853 1106 non

1069 1129 1157 1159 potest
1175 1124 1240 1158 quin
1258 1128 1287 1151 ut
1307 1124 1347 1151 rel
1375 1129 1478 1151 mutata
1496 1125 1576 1151 fuerit
1592 1125 1749 1152 substantia
1763 1125 1853 1152 divina

1068 1170 1094 1196 in
1120 1169 1300 1196 substantiam
1325 1169 1483 1202 humanam,
1499 1174 1526 1197 et
1549 1169 1617 1197 facta
1629 1171 1664 1197 sit
1681 1170 1783 1199 homo:
1814 1170 1855 1198 \el

1069 1214 1222 1242 substantia
1240 1215 1358 1242 humana
1378 1215 1406 1242 in
1420 1214 1551 1246 divinam,
1567 1214 1692 1249 factaque
1711 1216 1747 1243 sit
1761 1215 1831 1244 Deus
1845 1224 1852 1246 ;

1069 1264 1116 1287 aut
1137 1265 1166 1287 ut
1182 1264 1303 1295 utrmque
1317 1260 1351 1287 ab
1366 1260 1485 1287 essentia
1506 1267 1554 1286 sua
1584 1260 1611 1286 in
1638 1260 1718 1287 aliam
1745 1266 1856 1287 mutat-e

1069 1306 1124 1332 sint
1138 1304 1300 1338 essentiam,
1318 1309 1347 1331 ut
1369 1307 1404 1332 ita
1424 1313 1454 1331 ex
1482 1305 1515 1332 iis
1543 1305 1612 1332 facta
1646 1306 1681 1333 sit
1704 1306 1856 1334 substantia

1069 1351 1131 1384 alia,
1149 1354 1175 1377 et
1189 1355 1284 1377 natura
1301 1351 1364 1377 alia.
1382 1350 1459 1383 Quo.‘
1475 1351 1497 1377 si
1512 1350 1548 1378 ita
1570 1358 1598 1378 se
1612 1350 1740 1378 habuerit
1755 1359 1810 1384 res,
1827 1356 1855 1379 et

1070 1403 1198 1424 conversa
1214 1395 1296 1422 fuerit
1308 1395 1436 1424 divinitas
1452 1398 1477 1422 in
1494 1396 1701 1429 luunanitatem,
1717 1401 1775 1424 tum
1805 1404 1857 1424 ne-

1071 1447 1130 1469 tura
1147 1441 1249 1470 Christi
1268 1442 1350 1468 homo
1366 1447 1422 1474 est,
1444 1449 1498 1468 non
1523 1441 1616 1474 Deus;
1643 1447 1671 1469 et
1701 1443 1856 1470 necessario

1070 1487 1235 1515 attribuetur
1253 1495 1333 1522 pmna
1352 1487 1511 1515 substantiae
1525 1488 1685 1520 (trinitatis,
1707 1493 1732 1515 et
1748 1488 1857 1516 invadet

233 1534 352 1565 mittere,
369 1532 526 1567 congregati
551 1531 678 1558 monachi
699 1535 726 1557 ct
742 1530 862 1564 episcopi
876 1529 909 1557 ad
929 1531 1018 1565 ipsum

1073 1533 1159 1568 ipsam
1173 1534 1334 1567 corruptio;
1361 1533 1413 1559 hoc
1428 1537 1518 1559 autem
1535 1533 1745 1567 impossibilium
1760 1534 1858 1561 absur-

233 1580 417 1613 scripserunt,
433 1586 462 1605 se
479 1577 571 1604 Severi
597 1577 636 1604 vel
655 1576 810 1603 heteroduxi
826 1575 942 1610 alicujus
959 1584 1023 1603 scn-

233 1626 346 1652 tcntiam
368 1624 581 1657 haudquaquam
609 1622 796 1656 amplexuros,
824 1622 931 1649 etiamsi
958 1629 1021 1648 sau-

233 1671 341 1706 guinem
354 1671 473 1703 ipsorum
509 1668 649 1700 funderet;
680 1672 806 1701 rogantes
820 1676 829 1694 ι,
837 1667 901 1694 tiam
915 1667 1017 1702 ipsum,

234 1722 292 1743 uta
311 1716 382 1742 malo
403 1716 469 1749 ipsis
496 1714 637 1741 inferendo
663 1713 818 1741 desisteret.
845 1713 910 1740 Cum
938 1714 1019 1740 etiam

235 1762 368 1789 audiissct
392 1760 573 1795 Symmachus
600 1758 754 1794 patriarcha
787 1758 925 1785 Romanus
957 1757 1022 1791 quid

237 1808 346 1835 iecisset
360 1806 521 1834 Anastasius
535 1825 541 1837 ,
556 1805 666 1839 scriptis
684 1805 717 1830 ad
735 1804 823 1838 ipsum
856 1803 953 1830 litteris
977 1803 1018 1829 fa~

234 1858 308 1882 ctum
318 1853 376 1887 ejus
384 1852 556 1887 vituperavit,
572 1851 677 1885 ipsique
687 1850 830 1876 anathema
840 1849 1024 1876 denuntiavit.

270 1899 448 1933 Mortuusque
464 1903 505 1925 est.
524 1897 707 1932 Symmachus
724 1895 879 1930 patriarcha
894 1902 955 1921 cum
973 1901 1021 1919 an-

237 1954 288 1973 nos
299 1945 508 1980 quatuordeeitn
529 1943 658 1969 sedisset.
674 1940 739 1967 Post
755 1948 836 1974 quem
854 1940 1024 1966 constitutus

235 1999 277 2020 est
293 1991 393 2018 ibidem
421 1989 579 2024 patriarcha
604 1987 760 2019 llormisda,
779 1986 824 2020 qui
849 1985 949 2012 Severo
978 1992 1024 2018 pa-

237 2037 552 2065 triai-chieAntioclieno
569 2039 595 2060 et
618 2036 756 2068 quotquot
782 2033 853 2058 idem
876 2039 937 2057 cum
964 2031 1023 2064 ipso

238 2087 392 2111 assererent
408 2081 558 2113 maledixit,
576 2080 657 2113 idque
673 2086 745 2105 anno
762 2077 868 2111 imperii
887 2076 1022 2102 Anastasii

239 2130 421 2157 Rotnanornni
440 2126 613 2161 imperatoris
630 2124 760 2151 vicesimo
774 2123 864 2149 tertio.
881 2120 957 2147 Sedit
971 2128 1022 2146 au-

238 2181 291 2202 tem
310 2172 452 2200 llormisda
467 2171 621 2206 patriarcha
642 2170 780 2195 ltomanus
800 2174 887 2193 annos
903 2170 1020 2200 septem,

238 2221 301 2247 dein
319 2223 443 2245 merluus
455 2221 506 2244 cst.
529 2215 623 2246 Porro,
656 2214 708 2240 fuit
740 2212 841 2240 Severo
872 2210 1026 2245 discipulus

239 2266 350 2293 nomine
365 2264 493 2295 Jacolyus,
521 2261 564 2288 cui
596 2261 713 2287 amictus
738 2262 796 2285 erat
821 2265 836 2285 c
859 2256 1024 2289 segminibus

240 2309 384 2338 Aibaradci
397 2316 444 2336 scu
458 2306 625 2334 dorsualiutn
652 2301 827 2339 145-147
845 2309 905 2336 qua:
919 2301 1024 2335 juuicm

239 2358 274 2384 lis
289 2355 401 2383 insterni
416 2354 504 2381 solent
519 2350 652 2384 consutis,
670 2352 741 2377 unde
756 2355 906 2382 cognomen
932 2345 1025 2372 Jacobi

241 2402 451 2431 Albaiadiensis
479 2398 596 2433 accepit,
628 2398 706 2432 cujus
735 2397 859 2423 doctrina
886 2397 944 2420 erat
965 2399 1027 2419 esse

240 2450 351 2478 Christo
368 2453 496 2474 naturain
522 2451 603 2471 unam
623 2451 637 2471 e
652 2443 759 2470 duabus
776 2440 881 2468 naturis
905 2439 1026 2474 [compu-

240 2493 345 2530 sitam,|
363 2491 542 2520 substantiam
555 2498 568 2516 e
581 2487 742 2517 substantiis
757 2486 871 2517 duabus,
888 2491 915 2530 et
929 2484 1026 2530 volnus

241 2547 323 2569 tatem
340 2528 433 2571 unam,
446 2536 594 2565 secundum
612 2533 774 2562 sententiam
787 2531 891 2562 Severi,
904 2528 1026 2556 Dioscuri

240 2592 268 2614 et
290 2583 417 2620 Eutychil
449 2581 666 2609 maledictorum.
693 2577 836 2604 Profectus
862 2575 905 2602 hic
932 2581 1027 2601 versus

243 2628 475 2663 Mesopotamiam,
508 2624 620 2655 Gilam.
649 2622 808 2654 Taeritum,
837 2620 975 2647 Haranum
1000 2623 1027 2646 et

242 2673 399 2702 Armeniam
414 2672 494 2698 Iidem
511 2669 651 2697 hominum
668 2668 801 2700 eorrupit,
816 2672 949 2699 suamque
965 2664 1027 2692 illos

242 2721 395 2748 doctrinam
421 2716 547 2752 amplecti
576 2715 650 2742 fecit.
676 2713 741 2741 Inde
773 2712 819 2746 qui
846 2711 938 2738 Jacobi
966 2711 1025 2737 tidci

241 2768 452 2794 consenserunt,
465 2763 591 2795 idemque
599 2767 661 2787 eum
676 2759 735 2793 ipso
747 2763 890 2785 asseruere
898 2755 1028 2784 Jacobita:

243 2811 372 2848 appellati
389 2813 464 2841 sunt,
484 2808 519 2835 ab
542 2806 629 2840 ipsius
656 2805 766 2832 homine
794 2803 908 2830 Jacobo.
925 2802 1027 2835 inquit

244 2859 306 2888 Said
320 2858 377 2886 Ebn
389 2855 480 2883 Batrik
497 2854 618 2882 medicus
631 2860 639 2879 :
652 2851 748 2880 Visum
765 2856 806 2880 est
821 2851 887 2879 mihi
904 2850 954 2877 hoc
967 2850 1026 2877 loco

402 2906 535 2935 PATBOL-
551 2904 608 2934 Gn.
628 2901 704 2933 CXI.

1072 1578 1215 1605 dissimum
1231 1582 1282 1606 est.
1296 1577 1344 1604 Sin
1359 1585 1491 1605 conversa
1503 1577 1583 1605 fuerit
1594 1578 1746 1605 substantia
1762 1579 1858 1606 huma-

1072 1624 1168 1651 nitatis
1193 1625 1219 1650 in
1247 1622 1428 1650 substantiam
1462 1623 1621 1655 divinitatis,
1652 1624 1704 1650 erit
1730 1623 1857 1652 Christus

1073 1669 1156 1701 Deus,
1190 1677 1242 1696 non
1269 1669 1363 1701 homo,
1387 1672 1414 1696 et
1443 1669 1568 1703 sequitur
1602 1669 1686 1697 fuisse
1714 1670 1801 1704 ipsum
1824 1670 1857 1697 do

1073 1722 1142 1742 novo
1157 1719 1258 1746 ortum,
1276 1719 1303 1741 ιιι
1321 1714 1422 1741 factum
1439 1721 1503 1743 esse.
1516 1719 1658 1747 aeternum,
1679 1715 1753 1750 quod
1767 1720 1794 1743 et
1817 1717 1859 1743 in-

1072 1761 1310 1796 terimpossibilia
1335 1768 1443 1788 suntme
1469 1761 1617 1788 absurdum
1646 1765 1698 1788 cst.
1731 1761 1807 1795 Quod
1834 1763 1857 1789 si

1074 1811 1196 1841 utraeque
1215 1806 1296 1833 simul
1312 1813 1326 1832 a
1340 1806 1494 1833 substantia
1511 1813 1561 1833 sua
1576 1810 1687 1833 mutatae
1702 1807 1814 1837 fuerint.
1832 1813 1859 1834 ct

1071 1859 1085 1877 ει
1104 1856 1200 1878 natura
1215 1859 1247 1878 ac
1263 1850 1384 1878 essentia
1409 1858 1458 1878 sua
1475 1858 1614 1878 conversae
1630 1851 1657 1878 in
1675 1852 1856 1879 substantiam

1075 1897 1152 1925 aiialll
1173 1904 1205 1922 ac
1225 1900 1350 1923 naturam
1370 1896 1461 1927 aliam.
1481 1895 1536 1930 jam
1564 1895 1693 1924 Christus
1717 1904 1767 1924 nec
1786 1897 1857 1923 Deu-i

1074 1943 1137 1974 crit,
1154 1950 1204 1970 nec
1219 1943 1310 1974 homo,
1327 1947 1354 1968 ut
1368 1941 1535 1968 orichalcum
1549 1942 1620 1976 quod
1637 1949 1687 1969 uec
1698 1950 1734 1969 tes
1750 1946 1792 1969 est
1809 1950 1858 1969 nec

1074 1988 1227 2023 plumbum,
1242 1991 1399 2013 autnatura
1415 1987 1480 2013 muli
1496 1995 1557 2021 qua:
1577 1994 1626 2014 nec
1638 1987 1707 2014 asini
1731 1995 1779 2014 nec
1795 1989 1857 2022 equi

1075 2037 1172 2060 natura
1192 2031 1364 2067 [hs-151
1391 2036 1442 2059 est.
1473 2032 1551 2064 Quod
1578 2032 1601 2059 si
1625 2036 1727 2060 naturae
1751 2032 1820 2060 bina:
1843 2042 1858 2059 ει

1073 2078 1225 2105 substantia
1242 2085 1291 2104 sua
1307 2083 1368 2112 post
1384 2078 1511 2104 unionem
1523 2085 1660 2105 conversae
1677 2085 1731 2105 non
1746 2078 1857 2109 fuerint,

1074 2131 1125 2150 nec
1142 2123 1176 2150 ab
1193 2124 1312 2150 essentia
1329 2130 1379 2150 sua
1396 2127 1516 2155 mutatae,
1531 2122 1578 2149 sed
1590 2127 1703 2158 utraque
1719 2123 1747 2150 in
1759 2128 1856 2151 natura

1076 2178 1108 2197 ac
1123 2170 1275 2198 substantia
1301 2176 1350 2195 sua
1368 2168 1475 2196 stabilis
1503 2173 1661 2203 permaneat
1685 2176 1747 2196 cum
1770 2169 1859 2196 subsi-

1077 2217 1175 2245 stentia
1195 2223 1259 2248 una,
1276 2223 1337 2250 quae
1362 2219 1405 2242 est
1426 2215 1607 2242 subsistentia
1624 2213 1716 2247 Verbi,
1731 2214 1787 2250 jam
1803 2223 1860 2242 ma-

1079 2261 1204 2289 nifestum
1218 2265 1259 2288 est
1275 2268 1306 2287 ac
1329 2265 1434 2287 certum
1457 2259 1595 2286 Christum
1622 2266 1683 2287 esse
1714 2267 1858 2294 personam

1078 2315 1170 2340 unam,
1194 2307 1264 2334 duas
1288 2305 1443 2341 [habentem
1459 2304 1597 2340 naturas],
1618 2304 1685 2332 duas
1695 2305 1859 2337 voluntates.

1077 2353 1200 2386 duasque
1216 2351 1347 2383 actiones,
1363 2357 1426 2377 cum
1444 2350 1547 2376 unitate
1571 2349 1752 2376 subsistentia
1768 2349 1859 2380 unius,

1079 2397 1203 2424 videlicet
1229 2394 1414 2423 subsistentiae
1436 2392 1517 2420 Verbi
1531 2394 1602 2428 quod
1619 2398 1660 2420 est
1676 2393 1760 2420 Filius
1782 2398 1861 2420 aeter-

1080 2449 1141 2474 nus,
1158 2445 1240 2475 atque
1260 2440 1312 2466 hoc
1333 2438 1412 2465 modo
1437 2437 1569 2465 evertitur
1591 2437 1657 2464 ﬁdes
1676 2436 1861 2465 Jacobitartuu

1079 2485 1250 2523 [dicentium]
1265 2493 1324 2513 esse
1337 2484 1475 2512 Christum
1490 2485 1670 2512 substantiam
1686 2491 1765 2511 unam
1776 2489 1804 2511 et
1815 2492 1860 2510 na-

1080 2538 1167 2559 turam
1187 2539 1279 2558 unam.

1115 2577 1225 2605 Dicetur
1239 2577 1320 2604 etiam
1336 2576 1390 2604 illis
1403 2584 1409 2602 :
1425 2576 1510 2607 Dicite
1524 2575 1614 2607 nobis.
1627 2575 1684 2603 haec
1698 2579 1796 2603 natura
1809 2583 1861 2602 una

1079 2630 1163 2659 quam
1175 2622 1286 2650 Christo
1302 2621 1434 2654 tribuitis,
1447 2625 1526 2649 estne
1534 2627 1566 2648 ea
1577 2620 1667 2649 divina
1681 2628 1715 2648 an
1727 2621 1864 2648 humana?

1081 2674 1128 2696 aut
1145 2667 1236 2695 divina
1251 2666 1331 2694 simul
1348 2669 1375 2704 et
1389 2665 1528 2693 humana?
1546 2668 1592 2692 aut
1620 2672 1672 2692 nec
1696 2665 1788 2692 divina
1814 2672 1863 2691 nec

1088 2715 1208 2741 humana
1221 2713 1233 2738 ?
1250 2711 1280 2739 Si
1295 2711 1416 2739 dixerint
1431 2717 1481 2738 nec
1496 2710 1616 2737 divinam
1633 2717 1696 2738 esse
1708 2718 1758 2738 nec
1773 2710 1863 2737 huma-

1080 2767 1154 2792 nam,
1171 2759 1226 2793 jam
1245 2758 1279 2785 ad
1294 2756 1482 2785 infidelitatem
1507 2755 1611 2790 delapsi
1635 2755 1774 2783 Christum
1807 2760 1864 2782 sta-

1081 2808 1189 2832 tuerunt
1206 2810 1255 2830 nec
1267 2802 1352 2840 Deum
1366 2808 1428 2829 esse
1439 2808 1489 2828 nec
1502 2801 1652 2833 hominem,
1671 2800 1743 2834 quod
1758 2800 1862 2835 impos-

1078 2850 1158 2879 sibile
1173 2854 1216 2877 est
1234 2856 1240 2877 :
1259 2847 1331 2884 quod
1356 2846 1514 2882 si_divlnam
1539 2853 1600 2875 esse
1621 2853 1675 2873 non
1704 2846 1866 2875 humanam.

1668 2890 1705 2922 34
