2014 3082
177 151 243 181 1067

682 149 863 179 EU'HCHII
884 148 1150 178 ALEXANDlilNl
1167 149 1275 178 PAI‘R.

1724 147 1789 177 ΝΙιίιί

171 208 227 242 jam
250 207 451 235 humanitatem
470 210 623 242 negarunt;
650 206 693 233 sin
721 206 867 233 humanam
894 213 956 233 esse
969 212 991 239 Α
1007 204 1092 232 fuisse
1107 213 1140 232 eo
1155 210 1280 241 tempore
1303 204 1437 232 accidisse
1453 204 1686 239 Constantinopoli
1703 206 1788 237 fulgur

173 256 316 280 autument
342 259 396 279 non
427 252 558 283 divinam,
584 251 753 278 divinitatem
782 255 892 285 negant,
927 256 954 278 et

172 297 309 325 Christum
324 298 495 325 constituunt
511 297 556 332 qui
574 297 645 324 Deus
667 305 721 324 non
735 297 770 324 sit
788 306 794 324 :
810 297 831 324 si
849 305 914 323 vero
927 301 954 323 et

173 343 320 370 humanam
336 346 363 370 et
383 342 502 369 divinam
516 350 577 369 esse
604 347 738 375 asscrant,
758 342 810 370 hoc
826 346 908 378 pacto
927 347 954 369 ct

171 392 223 414 nos
231 386 365 417 homines,
377 389 404 412 ct
417 385 523 412 Patretn
536 384 634 412 Filium
645 391 671 412 et
683 386 813 421 Spiritum
828 391 952 414 sanctum

175 431 257 458 unitts
271 434 395 457 statuunt
410 435 522 458 natura.
542 431 620 464 Quod
644 431 667 459 si
684 432 803 459 dixerim
818 433 888 459 hanc
903 440 953 459 na-

174 481 261 502 turam
287 483 366 502 unam
383 483 443 509 quae
462 475 570 503 Christo
591 482 643 508 est,
674 484 722 504 nec
747 476 865 504 divinam
893 484 954 504 esse

173 527 223 547 nec
239 520 397 552 humanam,
421 520 561 548 Christum
576 520 682 556 tingunt
698 522 744 556 qui
762 529 811 549 nec
831 523 867 549 sit
882 522 953 550 Deus

173 573 225 594 nec
240 566 340 598 homo;
367 566 489 600 adeoque
511 566 590 601 152
608 567 742 594 sententia
761 567 883 602 ipsorum
901 576 953 595 un-

172 611 254 645 dique
268 611 437 638 absurditate
458 611 590 647 cingitur,
607 617 633 639 et
649 613 825 647 abnegatione
839 613 952 641 Christi.

172 655 283 683 Dicetur
308 656 419 691 insuper
448 657 501 684 illis
534 666 541 684 :
572 659 670 684 An-uon
698 657 822 685 Christus
856 662 952 685 natura

170 701 282 736 aequalis
293 705 334 728 est
347 700 419 728 Patri
436 705 463 728 et
475 701 603 736 Spiritui?
621 701 777 728 Dicentibus
788 702 840 729 illis
856 710 862 729 :
879 702 952 735 lmo;

170 751 322 780 regeretur,
339 745 423 773 Dicite
437 746 650 774 nobiszNatura
676 747 727 774 ista
752 755 805 782 qua
831 746 904 774 Patri
927 752 954 774 et

171 791 285 825 Spiritui
301 792 414 826 aequalis
428 796 481 824 est,
504 800 566 818 num
586 796 613 819 et
637 792 794 820 hominibus
819 793 955 827 mqualis?

171 835 200 862 Si
228 837 339 863 dicant:
358 835 456 868 Etiam,
478 837 534 871 jam
548 837 672 865 homines
685 838 795 873 quosvis
809 844 834 865 et
847 837 952 865 Patrem

172 886 199 908 et
215 881 313 908 Filium
332 886 361 908 et
377 882 508 916 Spiritum
533 888 659 910 sanctum
685 884 767 911 unius
787 889 890 912 naturm
913 884 953 911 fa-
969 880 990 908 Β

169 927 255 959 ciunt,
269 934 330 960 qua:
344 926 422 961 longe
436 926 596 961 turpissima
612 933 653 955 est
670 928 698 955 in
714 927 809 960 Deum.
826 937 879 955 non
893 929 953 956 sine

169 972 353 999 celebratione
368 972 575 1000 memorandum
590 992 597 1005 ,
626 973 802 1008 blasphemia.
830 973 905 1006 Quod
929 974 952 1002 si

168 1017 287 1044 dixerint
299 1021 424 1044 naturam
439 1026 492 1052 qua
505 1019 615 1053 aequalis
632 1023 674 1046 est
695 1018 769 1046 Patri
793 1025 820 1047 et
839 1019 952 1055 Spiritui

169 1067 265 1090 sancto
276 1063 357 1090 aliam
369 1071 429 1091 esse
441 1064 475 1092 ab
488 1071 520 1091 ea
537 1072 588 1099 qua
601 1065 713 1099 aequalis
725 1071 766 1092 est
783 1066 949 1099 hominibus,

168 1109 221 1143 jam
238 1114 336 1144 negant
362 1109 435 1144 quod
462 1110 672 1143 armaverant,
690 1114 716 1137 et
739 1118 850 1139 necesse
865 1116 907 1138 est
923 1115 953 1139 ut

168 1154 260 1181 dicant
283 1153 395 1182 Christo
423 1154 493 1181 duas
515 1162 576 1182 esse
601 1160 724 1187 naturas.
756 1159 868 1183 alterum
898 1164 951 1190 qua

167 1200 280 1232 aequalis
294 1204 335 1227 est
351 1199 424 1227 Patri
436 1204 463 1227 et
479 1199 605 1235 Spiritui,
626 1201 739 1228 alteram
756 1209 809 1234 qua
834 1201 952 1228 homini-

167 1243 218 1271 bus
247 1244 380 1278 aequalis;
401 1245 521 1278 adeoque
538 1244 679 1271 manifesta
704 1245 772 1271 facta
795 1251 835 1272 est
850 1249 876 1272 et
889 1253 950 1272 vera

166 1289 342 1323 comprobata
360 1287 427 1314 fides
443 1288 642 1320 Melehitarum,
659 1294 686 1316 et
710 1294 820 1317 ostensa
846 1290 954 1317 falsitas

166 1332 226 1366 ejus
235 1332 309 1366 quod
323 1336 450 1360 asserunt
465 1331 605 1361 Jacobitte.

201 1376 260 1404 Jam
278 1385 340 1404 vero
359 1381 388 1404 ut
403 1377 436 1404 ad
451 1385 524 1410 eam,
542 1378 568 1404 in
593 1384 645 1413 qua
674 1380 808 1408 narranda
836 1380 948 1414 fuimus,

167 1422 307 1449 historiam
342 1426 520 1454 revertamur,
547 1430 653 1450 mortuo
675 1425 776 1452 Severo
794 1427 948 1460 patriarcha

165 1467 348 1499 Antiocheno,
361 1467 525 1495 constitutus
539 1472 582 1495 est
597 1474 660 1503 post
675 1469 763 1504 ipsum
783 1469 884 1497 Paulus
897 1472 948 1498 ibi-

166 1514 227 1540 dem
253 1513 417 1548 patriarcha,
441 1514 488 1548 qui
505 1521 567 1541 cum
583 1514 703 1549 quinque
719 1523 805 1543 annos
822 1518 948 1549 sedisset,

166 1564 290 1585 intortum
310 1563 374 1591 est;
403 1558 455 1594 [vel
482 1559 633 1586 secundum
661 1560 774 1588 alterum
798 1563 945 1597 exeinplar,

165 1610 227 1629 cum
242 1602 344 1637 duos];
360 1603 502 1638 factusque
521 1608 564 1630 est
581 1608 642 1638 post
662 1604 749 1639 ipsum
772 1605 871 1632 ibidem
898 1614 946 1640 pa-

165 1647 283 1674 triarcha
295 1647 476 1681 Euphrasius,
491 1649 537 1682 qui
553 1649 673 1683 quinque
692 1657 778 1677 annos
792 1652 872 1683 sedit,
884 1651 946 1678 dein

166 1698 289 1720 mortuus
301 1696 353 1719 est.
369 1692 396 1719 Id
411 1701 484 1720 anno
500 1693 606 1728 imperii
621 1694 759 1722 Anastasii
773 1696 947 1730 imperatoris

163 1737 347 1775 Romanorum
372 1738 501 1764 vicesimo
528 1744 614 1765 sexto.
647 1741 725 1766 Anno
748 1740 851 1774 imperii
871 1740 946 1775 ejus-

164 1782 226 1809 dem
253 1774 382 1809 viscsituo
402 1783 481 1810 tertio
507 1787 649 1818 postquam
666 1785 692 1811 in
709 1785 833 1812 exsilium
851 1774 945 1820 pulsus

166 1825 352 1862 14514⁵1·
370 1827 420 1854 [uit
431 1827 491 1855 Elis
506 1828 659 1862 patriarcha
680 1828 946 1863 Hierosolymitanus

165 1872 264 1900 accidit
279 1873 306 1899 in
328 1871 472 1900 Palaestina
488 1877 515 1900 et
528 1874 726 1910 Hierosolymis
749 1874 859 1902 aﬂlictio
888 1883 945 1902 ma-

163 1925 227 1952 gna,
245 1925 307 1945 cum
324 1917 410 1950 fame,
430 1924 517 1952 peste,
533 1919 686 1947 calamitate
704 1927 811 1954 magna,
827 1921 945 1948 locusta-

162 1971 223 1990 rum
245 1965 335 1998 copia,
351 1968 378 1991 et
396 1965 580 1998 mortalitate;
594 1973 650 2000 nec,
658 1974 706 2001 per
718 1967 852 2001 integrum
865 1968 945 2002 quiti-

163 2009 309 2042 quennium
326 2009 415 2044 pluit:
432 2016 559 2045 annoque
579 2011 712 2039 siccitatis
733 2012 829 2046 quinto
845 2020 941 2048 magna

164 2054 225 2085 iuit,
234 2061 288 2089 prae
295 2061 372 2089 aqua
380 2054 482 2089 inopia,
493 2056 616 2090 angustia
626 2055 828 2092 Hierosolymis,
837 2058 905 2085 adeo
915 2063 944 2086 ut

162 2100 317 2127 exsiccatus
329 2105 401 2132 esset
416 2100 477 2128 fons
495 2101 634 2133 Silowani,
651 2102 829 2137 hominesque
842 2103 943 2139 ubique

163 2145 297 2173 fodientes
309 2153 406 2180 aquam
426 2149 516 2175 tamen
530 2154 584 2173 non
605 2147 766 2184 invenirent.
782 2147 844 2176 Fuit
860 2150 942 2177 etiam

161 2190 313 2218 Antiochia).
332 2195 411 2218 terra:
432 2197 524 2219 motus
541 2191 645 2227 ingens,
668 2200 722 2227 quo
736 2193 862 2228 collapsa
875 2199 938 2222 sunt
953 2207 976 2235 υ

159 2237 231 2263 ades
244 2236 516 2271 multae,magnaque
538 2237 678 2264 hominum
701 2238 845 2266 multitudo
868 2240 939 2267 occi-

159 2280 208 2306 dit.
224 2280 370 2315 Postquam
383 2286 473 2308 autem
493 2281 549 2316 jam
570 2282 755 2317 quinquennio
768 2284 939 2313 exsulrwerat

159 2326 216 2353 Elia
235 2326 387 2360 patriarcha
404 2326 669 2362 Hierosolymitanus
685 2329 711 2355 in
733 2329 800 2356 urbe
818 2330 884 2362 liah,
905 2339 938 2358 eo

158 2372 191 2399 ad
205 2371 293 2406 ipsum
313 2371 427 2406 profecti
443 2377 507 2400 sunt
526 2374 713 2401 cmnobiorum
729 2374 857 2409 praefecti,
871 2384 939 2403 una-

157 2425 211 2452 que
227 2417 310 2446 Saba.
336 2417 410 2451 Quos
437 2425 500 2446 cum
530 2426 627 2453 magno
653 2420 754 2454 gaudio
783 2422 937 2456 excepisset

115 2458 119 2475 ⁷
157 2463 225 2497 ipse,
242 2463 280 2490 ibi
296 2464 366 2498 apud
381 2471 442 2491 eum
458 2469 560 2496 septem
583 2464 640 2492 dics
659 2465 855 2500 substiterunt,
876 2472 936 2502 post

155 2515 225 2542 quas
240 2507 310 2535 dixit
326 2509 393 2543 ipsis
407 2517 415 2536 :
431 2508 491 2536 Jam
514 2513 639 2537 mortuus
654 2516 692 2537 est
708 2511 869 2540 Anastasius
886 2514 935 2540 im-

154 2556 385 2587 perator,egoqne
393 2556 452 2588 post
464 2553 556 2580 decem
576 2553 635 2581 dies
661 2555 749 2589 ipsum
780 2564 890 2592 sequar,
907 2562 934 2586 et

153 2603 247 2626 coram
264 2597 376 2624 Domino
401 2601 496 2625 nostro
509 2597 632 2631 Christo,
657 2608 719 2627 cum
745 2600 804 2636 ipso
829 2601 932 2637 judicio

153 2641 328 2670 contendam.
345 2641 410 2670 Post
425 2650 490 2678 ergo
510 2643 604 2672 decem
620 2644 679 2673 dies
693 2647 859 2675 obdormivit
874 2647 931 2676 Elia

152 2687 318 2720 patriarcha.
344 2694 434 2716 annos
449 2693 532 2716 natus
550 2690 687 2724 octoginta
714 2695 787 2724 octo,
815 2700 931 2727 quorum

151 2731 248 2764 viginti
276 2735 396 2766 quatuor
418 2733 590 2767 patriarchati
606 2743 720 2763 munere
744 2735 856 2765 functus
878 2743 930 2766 est.

151 2773 252 2802 Ferunt
269 2779 395 2803 sanctum
408 2776 497 2804 Saban
511 2777 654 2806 observato
667 2784 797 2814 tempere,
814 2781 847 2808 de
858 2782 931 2808 Ana-

151 2820 236 2848 stasio
258 2819 421 2850 imperatore
447 2822 619 2856 quaesivisse.
646 2826 854 2859 nuntiatumque
875 2827 930 2859 ipsi

1004 255 1031 277 et
1046 251 1148 277 tonitru
1168 250 1281 284 grande,
1296 252 1366 277 unde
1383 250 1528 276 Anastasio
1545 249 1703 285 imperaturi
1718 251 1787 276 acci-

1004 296 1044 323 dit
1060 297 1087 323 iu
1105 297 1218 323 cerebro
1235 295 1355 328 morbus,
1368 295 1437 323 adeo
1452 299 1480 321 ut
1494 303 1575 322 manu
1588 300 1667 329 caput
1684 299 1787 325 tenens,

1005 346 1086 375 atque
1103 342 1258 368 exclamans
1276 349 1408 376 opemque
1427 340 1517 376 158‘
1535 347 1628 376 petens
1639 349 1653 366 ιι
1665 340 1748 367 domo
1763 342 1788 366 in

1004 386 1114 413 domtun
1132 387 1248 421 fugeret,
1262 387 1347 414 donec
1361 392 1484 414 assecuta
1503 387 1590 422 ipsum
1611 394 1625 412 a
1640 386 1695 412 Deo
1710 393 1787 420 ptrtta

1005 431 1086 457 vitam
1103 431 1154 465 ipsi
1168 433 1296 466 eriperet.
1318 432 1389 459 Ante
1405 437 1520 458 mortem
1538 439 1615 458 suam
1633 439 1697 458 vero
1718 432 1786 457 scri-

1005 477 1058 510 ptis
1074 476 1172 504 litteris
1185 477 1306 511 jusserat
1318 477 1481 504 Anastasius
1498 477 1644 511 imperatOr
1661 481 1787 504 sanctum

1006 521 1192 548 Theodosium
1224 522 1385 548 monasterii
1418 521 1590 548 Aldawacesi
1619 520 1788 555 praefectura,

1004 566 1202 601 Hierosolymis
1227 567 1300 601 pelli.
1317 567 1471 602 Antequam
1491 566 1786 602 antemlﬂierosolyma

1004 613 1188 647 pertingerent
1210 612 1314 644 litterae,
1339 619 1464 640 mortuus
1482 616 1523 639 est
1547 612 1714 647 imperator;
1739 612 1785 638 im-

1004 657 1161 692 peravitquc
1187 663 1246 691 post
1273 658 1361 692 ipsum
1382 657 1514 685 Romanis
1541 656 1677 689 Justinus,
1693 665 1708 684 e
1727 665 1778 692 pro

1004 702 1093 730 vincia
1106 701 1230 729 Thraciae
1243 703 1386 735 oriundus,
1403 711 1489 730 annos
1503 711 1612 735 novem,
1625 703 1706 737 idque
1716 712 1782 730 anne

1004 747 1078 782 regni
1088 747 1220 781 Kobadis,
1235 747 1282 774 filii
1294 748 1402 775 Phiruzi
1419 747 1563 775 Persarum
1573 749 1782 783 registriccsuxt

1003 792 1132 820 secundo.

1039 861 1101 889 Fuit
1120 867 1210 889 antem
1224 862 1349 890 lustinus
1372 864 1519 898 imperator
1533 864 1584 890 ﬁde
1604 864 1782 895 orthodosus

1003 908 1059 934 veri
1073 912 1165 935 tenax.
1178 907 1264 936 Jussit
1278 917 1345 944 ergo
1361 917 1541 944 quoscunque
1555 909 1581 936 in
1599 910 1722 936 exsilium
1739 917 1781 943 pc—

1003 953 1119 988 puiisset
1131 955 1293 983 Anastasius
1309 955 1470 990 imperator,
1490 955 1516 982 in
1536 955 1593 982 loco
1619 963 1669 982 sua
1684 955 1782 983 redire.

1002 998 1137 1034 ﬁdem-que
1148 1007 1225 1027 suam
1240 1001 1336 1028 litteris
1353 1002 1486 1036 signatam
1501 1001 1684 1037 Hierosolyma
1699 1002 1781 1028 misit.

1001 1045 1191 1073 Convsttcrunt
1218 1054 1283 1081 ergo
1300 1049 1425 1074 monachi
1446 1047 1593 1074 laetabundi
1618 1052 1785 1082 ostensaque

1002 1090 1173 1124 imperatoris
1187 1091 1302 1126 epistola
1320 1092 1418 1119 festum
1437 1093 1542 1120 illustre
1559 1092 1743 1123 celebrarunt.
1757 1097 1783 1120 et

1000 1137 1147 1164 Concilium
1167 1141 1295 1171 quartum
1319 1138 1510 1172 episcoporum
1528 1142 1718 1165 sescentorum
1734 1138 1779 1164 Iri-

1001 1182 1087 1216 ginta,
1105 1183 1152 1217 qui
1168 1182 1334 1210 Chalcedoni
1359 1184 1514 1218 congregati
1538 1188 1613 1215 sunt,
1641 1183 1781 1210 confirma-

1001 1231 1075 1254 runt.
1092 1228 1172 1254 Anno
1188 1228 1292 1262 imperii
1311 1227 1410 1255 Justini
1431 1229 1526 1263 quinto
1547 1229 1712 1256 constitutus
1741 1233 1782 1255 est

999 1271 1116 1299 Joannes
1131 1273 1285 1307 patriarcha
1309 1273 1460 1305 Romanus,
1472 1275 1516 1310 qui
1532 1282 1593 1302 eum
1610 1275 1718 1301 biennio
1734 1282 1779 1301 se-

999 1318 1084 1345 disset
1095 1323 1219 1346 mortuus
1232 1323 1283 1346 est.
1302 1320 1381 1348 Anno
1404 1320 1509 1355 imperii
1525 1321 1646 1355 ejusdem
1663 1321 1779 1355 septimo

999 1369 1108 1391 creatus
1123 1369 1164 1390 est
1190 1363 1266 1391 Felix
1283 1365 1382 1392 ibidem
1401 1365 1573 1399 patriarcha;
1597 1367 1643 1400 qui
1664 1371 1778 1400 quatuor

1000 1415 1085 1436 annos
1102 1410 1184 1441 sedit,
1200 1409 1263 1436 dein
1280 1414 1403 1437 mortuus
1420 1415 1472 1437 est.
1485 1411 1564 1437 Anno
1586 1411 1692 1445 imperii
1709 1411 1781 1445 ejus-

999 1453 1060 1480 dem
1078 1455 1198 1481 secundo
1213 1455 1378 1481 constitutus
1386 1460 1428 1482 est
1441 1454 1612 1483 Theodosius
1625 1456 1778 1489 patriarcha

999 1498 1209 1532 Alexandrinus,
1225 1500 1270 1535 qui
1285 1498 1408 1528 Jacobita
1431 1500 1493 1532 fuit,
1512 1505 1540 1528 et
1560 1501 1689 1535 scriptor.
1710 1501 1779 1529 Trcs

961 1543 984 1573 C
999 1551 1088 1571 annos
1104 1545 1185 1577 sedit,
1206 1544 1268 1572 dein
1283 1545 1342 1572 loco
1359 1545 1503 1573 abdicatus
1515 1550 1568 1578 est,
1590 1550 1617 1573 et
1635 1547 1662 1574 ln
1689 1547 1777 1574 locum

997 1589 1085 1623 ipsius
1098 1590 1228 1620 suiIeclus
1245 1591 1329 1619 Caius
1346 1592 1499 1626 patriarcha
1513 1600 1521 1624 ;
1545 1592 1590 1626 qui
1613 1591 1777 1620 Manichacus

996 1633 1059 1665 fuit.
1077 1639 1104 1661 et
1124 1634 1312 1670 lis-151‘
1341 1637 1553 1664 archidiaconus
1582 1638 1689 1669 fuerat;
1715 1646 1776 1665 eum

996 1679 1066 1706 duos
1080 1687 1167 1707 annos
1187 1681 1317 1713 sedisset.
1334 1681 1394 1709 loco
1419 1683 1560 1710 abdicatus
1570 1688 1623 1715 est,
1648 1683 1774 1712 redeunte

997 1723 1164 1757 Theodosio,
1187 1726 1233 1760 qui
1266 1727 1402 1761 relegatus
1430 1728 1531 1760 [ιιι-γει,
1558 1728 1591 1754 ad
1609 1729 1774 1760 cathedram,

996 1776 1077 1803 quam
1094 1776 1156 1796 cum
1172 1770 1293 1804 quinque
1305 1779 1391 1798 annos
1404 1777 1570 1806 occupasset
1583 1773 1709 1800 exsulare
1720 1774 1773 1807 jus-

996 1820 1044 1840 sus
1061 1818 1184 1841 mortuus
1199 1818 1252 1842 est.
1267 1815 1348 1842 Anno
1359 1816 1466 1850 imperii
1488 1817 1575 1851 ipsius
1599 1818 1698 1852 primo.
1713 1827 1773 1846 cuiu

996 1859 1151 1886 ntmtiatum
1170 1860 1222 1894 ipsi
1236 1865 1310 1888 esset
1327 1861 1491 1896 Antbymnm
1507 1864 1689 1897 patriarcltam
1704 1866 1772 1891 Con-

996 1903 1269 1938 stantinopolitanum
1285 1903 1437 1933 Jacobitam
1459 1914 1534 1940 esse,
1550 1907 1637 1942 ipsum
1653 1908 1712 1935 loco
1725 1909 1772 1936 ab-

995 1947 1107 1980 dicavit,
1123 1949 1180 1976 viee
1200 1949 1288 1984 ipsius
1305 1950 1332 1977 in
1347 1951 1563 1985 patriarchatum
1578 1954 1771 1981 Constantinu-

994 1992 1144 2025 politanum
1160 1993 1277 2020 suﬁ'ecto
1304 1994 1399 2022 Menna
1425 1997 1470 2030 qui
1501 2001 1564 2023 octo
1589 2004 1677 2024 annos
1705 1999 1772 2025 sedit

994 2037 1058 2063 dein
1077 2043 1198 2066 mortuus
1214 2044 1266 2066 est.
1281 2041 1359 2067 Anno
1384 2041 1494 2076 imperii
1518 2042 1639 2076 ejusdem
1667 2043 1771 2076 quinto,

994 2083 1165 2111 constitutus
1181 2089 1224 2112 est
1239 2084 1370 2120 Ephraint
1396 2087 1548 2120 patriarcha
1576 2088 1771 2121 Antiochenus,

994 2128 1038 2154 ubi
1053 2130 1201 2157 octodecim
1218 2138 1304 2158 annos
1319 2132 1398 2163 sedit,
1413 2132 1474 2160 dein
1486 2137 1608 2161 mortuus
1621 2138 1672 2161 est.
1692 2133 1724 2160 Jo
1734 2143 1770 2161 rn-

994 2180 1043 2201 nes
1057 2178 1144 2202 autem
1159 2176 1311 2210 patriarcha
1326 2177 1598 2213 llicrosolymitanus.
1615 2181 1662 2214 qui
1687 2180 1713 2206 in
1729 2180 1771 2206 ι...

990 2225 1051 2246 cum
1066 2220 1132 2247 Elia:
1152 2222 1261 2255 relegati
1272 2222 1435 2250 substitutus
1449 2228 1502 2256 est,
1520 2224 1590 2257 sedit
1602 2230 1705 2259 septem
1720 2233 1770 2252 an-

990 2270 1051 2296 nos,
1068 2264 1131 2292 dciu
1147 2271 1272 2299 mortuus
1283 2271 1334 2300 est.
1347 2268 1427 2298 Anno
1444 2276 1508 2302 ergo
1533 2270 1638 2304 imperii
1669 2270 1769 2300 Justini

989 2309 1070 2336 tertio
1089 2311 1254 2339 constitutus
1276 2316 1317 2339 est
1336 2312 1433 2341 Petrus
1461 2315 1615 2348 patriarcha
1642 2315 1769 2345 Hieroso-

988 2354 1144 2389 lymitanus,
1163 2357 1207 2390 qui
1222 2365 1254 2383 cx
1273 2358 1368 2385 incolis
1381 2357 1484 2386 Jabrini
1500 2360 1560 2392 fuit,
1574 2369 1660 2391 annos
1673 2363 1767 2392 decem

987 2400 1066 2432 sedit,
1078 2400 1141 2427 dein
1153 2408 1277 2428 mortuus
1290 2408 1331 2430 est
1348 2403 1411 2439 [ve],
1428 2406 1577 2437 secundum
1592 2407 1664 2434 aliud
1677 2415 1768 2435 exem-

986 2444 1058 2478 plar,
1071 2445 1166 2480 viginti
1181 2447 1292 2483 annos.]
1309 2447 1383 2476 Misit
1398 2455 1488 2477 autem
1503 2450 1628 2481 Justinus
1648 2453 1767 2488 imperu-

986 2494 1029 2516 tor
1042 2490 1072 2517 in
1089 2498 1183 2521 omnes
1196 2493 1320 2527 regiones
1330 2493 1441 2529 [j‘ubens
1459 2495 1597 2532 homines]
1621 2500 1765 2527 concilium

984 2534 1207 2565 Cbalcedonense
1225 2539 1399 2573 confirmare,
1416 2541 1478 2568 dein
1492 2547 1617 2570 mortuus
1632 2548 1672 2574 est
1683 2543 1766 2570 Jus-i-

984 2588 1037 2608 nus
1049 2580 1233 2614 Romanorum
1247 2584 1406 2618 imperator.
1432 2586 1585 2621 imperante
1600 2592 1662 2622 post
1677 2589 1765 2622 ipsum

984 2626 1113 2654 Romanis
1125 2627 1282 2658 Justiniano
1300 2638 1388 2659 annos
1407 2632 1517 2666 triginta
1546 2641 1654 2665 novent,
1684 2635 1766 2669 idque

983 2679 1056 2699 anno
1072 2673 1147 2707 regni
1159 2674 1254 2701 Kobad
1272 2675 1318 2702 ﬁlii
1340 2675 1430 2703 Ftruzi
1446 2678 1516 2712 regis
1537 2677 1680 2709 Persarum
1697 2688 1748 2713 quo

982 2716 1136 2752 dragesimo
1154 2719 1254 2752 primo.
1271 2719 1333 2747 Fuit
1344 2726 1434 2753 autem
1450 2721 1624 2757 lustinianus
1652 2725 1764 2758 impetu-

983 2767 1024 2789 tor
1037 2762 1193 2798 imperatori
1208 2763 1316 2793 Iustino
1334 2766 1432 2799 omnis.

1015 2827 1187 2859 Justiniauus
1200 2839 1273 2858 anno
1285 2832 1392 2863 imperii
1407 2834 1448 2862 sui
1466 2835 1554 2864 primo
1570 2835 1761 2863 Alexandriam
