2014 3082
247 198 285 228 1.):
298 202 314 229 ει

940 202 1066 232 ΑΝΝΑΙ,

1069 203 1121 232 ES.
1786 205 1853 236 1'070

246 258 366 288 inim-us,
383 256 564 283 TIléOdOsiunI
584 257 672 292 152‘
691 257 872 291 patriarcbam
887 258 1022 285 Constau—
1038 264 1059 291 Α
1076 264 1168 285 serant
1190 258 1329 291 Jacobitae,
1355 264 1484 294 ceperunt
1509 264 1591 295 atque
1610 266 1787 295 occuparunt.
1801 261 1853 288 lta-

245 302 384 336 tinopolim
398 302 560 329 accersitum
575 302 660 335 jussit
681 302 866 328 Jacobitarum
883 303 1024 329 sententia:

244 348 409 379 renuntiare,
421 351 446 374 et
459 347 491 373 ad
507 347 646 373 veritatem
663 347 767 379 redire;
781 347 851 381 quod
862 354 923 373 cum
937 347 1025 374 facere

244 396 395 423 recusaret,
416 393 442 418 in
459 392 550 418 animo
567 392 660 418 habuit
677 392 765 425 ipsum
788 396 873 418 morte
896 392 1023 423 multare,

244 442 269 463 at
295 445 356 464 cum
376 438 409 464 ab
424 438 482 471 ipso
500 437 683 471 impetratum,
707 443 774 462 uxor
794 437 888 471 ipsius,
918 436 1025 463 nomine

247 483 397 515 l‘beodora,
421 483 542 513 dimisit;
568 483 613 516 qui
627 489 691 516 ergo
721 481 867 516 Egyptum
897 489 1023 509 reversus

244 531 304 555 loco
319 528 435 563 quodam
455 529 529 555 dicto
546 528 622 554 Masil
641 532 668 554 et
694 528 825 558 Lamidis.
840 535 855 554 e
876 527 1024 562 provinciis

245 575 350 610 [Egypti
370 575 598 606 occidentalibus,
629 573 755 605 delituit;
777 573 918 604 doctriuze,
942 580 1022 607 quatit

244 622 383 655 amplexus
395 621 480 647 fuerat
495 619 678 646 Jacobitarum
693 619 848 645 adhterens:
861 626 977 652 cumque
990 618 1023 644 ad

244 674 329 700 ipsum
348 671 581 700 congregarentur
598 665 722 691 homines
737 665 853 698 ejusque
885 664 923 690 rei
951 663 1023 689 fama

243 712 274 737 ad
291 711 479 745 imperatorem
498 711 676 745 pervenisset,
689 711 799 738 mittens
814 710 859 737 ille
875 710 963 744 ipsum
978 718 1024 736 ex-

244 758 332 783 sulat'e
355 757 439 791 jussit
460 757 585 791 praefecto
604 757 774 783 Alexandriae
803 756 957 791 patriarcha
980 755 1022 782 cui

243 811 340 829 nomen
355 802 466 833 Paulus.
481 803 526 837 qui
542 803 670 829 Melchita
687 802 747 833 fuit,
768 810 886 836 eumque
914 801 1024 828 biennio

243 847 359 874 sedisset
375 848 511 874 irrucutes
528 847 553 873 in
578 848 665 881 ipsum
685 846 814 873 Jacobita:
828 851 914 872 morte
936 846 1023 881 ipsqu

244 892 394 919 aﬂ‘ecerunt
409 902 415 919 :
435 894 462 919 in
477 893 555 926 cujus
570 892 658 919 locum
676 892 840 918 substitutus
854 896 894 918 est
910 891 1025 925 patriar-

243 947 251 963 ι
261 939 305 967 ba.
323 938 432 965 nomine
447 938 578 969 Dalmius,
590 938 636 972 qui
648 943 674 964 et
689 937 814 963 Melrhita
827 936 887 968 fuit,
900 936 1023 969 seditque
1039 932 1058 960 Β

245 989 331 1009 annos
346 983 475 1016 quinque,
492 990 603 1016 magnas
628 981 767 1008 molestias
784 984 810 1007 ct
827 980 898 1006 mala
926 986 1023 1014 passus

245 1036 258 1054 a
274 1027 418 1059 Jacobitis,
436 1027 482 1062 qui
497 1033 524 1054 et
541 1029 628 1062 ipsum
641 1035 656 1054 e
678 1028 768 1053 medio
787 1026 881 1052 tollere
910 1024 1022 1051 studue-

243 1078 322 1106 runt;
342 1075 388 1108 qui
400 1082 464 1108 ergo
482 1074 598 1108 fugiens,
610 1080 671 1099 cum
688 1073 808 1107 quinque
822 1078 907 1098 annos
920 1072 946 1097 in
959 1071 1020 1106 fuga

243 1120 403 1154 pi-rstitisset
413 1123 533 1146 mortuus
541 1118 687 1145 est.Dclato
695 1125 758 1151 ergo
768 1116 901 1143 nuntioad
910 1116 1021 1150 imperas

243 1170 325 1191 torem
337 1163 678 1196 Justiuiauum,Jacobitas
688 1161 880 1189 Alexandriam
900 1164 927 1188 et
941 1160 1022 1196 Egy-

242 1215 314 1244 ptum
328 1217 488 1243 occupasse,
498 1213 525 1235 et
535 1209 703 1242 patriarchas
716 1211 850 1242 quotquot
861 1206 925 1239 ipsis
936 1205 1023 1240 praell-

242 1259 369 1282 cereutur
388 1255 524 1281 trucidare
546 1262 553 1282 :
577 1254 633 1287 ipse
646 1253 685 1280 ira
700 1252 819 1287 percitus
833 1252 929 1278 ducem
940 1258 955 1278 e
965 1250 1023 1277 suis

242 1300 384 1334 quemdam
395 1299 574 1334 patriarcham
586 1298 755 1325 Alexandriae
765 1296 917 1327 constituit,
926 1295 1022 1329 adjun-

242 1351 339 1380 ctoque
354 1345 404 1379 ipsi
419 1344 540 1372 exercitu
553 1350 709 1374 numeroso,
724 1351 756 1369 eo
766 1343 854 1376 ipsum
867 1342 939 1368 misit
954 1349 960 1367 :
974 1348 1023 1367 no-

242 1400 302 1418 men
315 1392 364 1427 ipsi
385 1391 567 1425 Apollinarius
589 1389 650 1416 fuit.
674 1387 732 1414 Dux
749 1394 813 1421 ergo
835 1388 885 1414 iste
906 1386 1022 1412 Alexan-

242 1437 327 1464 driam
343 1436 504 1471 perveniens
514 1443 573 1462 eam
587 1435 727 1468 ingressus
744 1437 795 1462 est,
808 1432 901 1458 ltabitu
911 1430 1021 1456 militari

247 1481 421 1517 153-155
435 1481 557 1512 indutus,
580 1483 672 1513 utpote
681 1479 743 1505 eiex
761 1481 836 1511 parte
851 1475 1022 1510 imperatoris

244 1528 402 1562 pra'fectus.
419 1527 459 1552 Ad
477 1526 620 1552 ecclesiam
640 1528 729 1550 autern
748 1523 792 1548 ubi
829 1522 956 1552 vertisset,
974 1527 1023 1547 ex-

244 1580 298 1601 utis
314 1573 435 1600 vestibus
463 1572 523 1598 istis
548 1571 724 1603 habitumque
750 1566 957 1603 patriarchalem
981 1565 1023 1592 in-

243 1620 341 1650 duciis,
368 1619 501 1645 accedens
522 1624 598 1644 sacra
615 1615 770 1642 celebravit.
797 1614 943 1647 Cmperunt
958 1618 1023 1645 ergo

242 1665 418 1691 Alexandrini
436 1671 468 1691 cx
493 1663 566 1689 omni
585 1661 684 1696 angulo
702 1668 734 1686 ac
751 1664 828 1694 parte
843 1658 934 1692 ipsum
950 1656 1022 1684 saxis

244 1716 271 1737 ct
298 1710 433 1744 lapidibus
459 1713 560 1743 petere,
584 1708 652 1734 adeo
679 1711 708 1732 ut
724 1706 779 1731 imre
795 1705 828 1731 ab
841 1704 906 1738 ipsis
922 1702 1025 1730 interli-

247 1759 365 1782 cerelur.
392 1753 488 1780 Statim
507 1760 571 1787 ergo
586 1752 620 1779 ab
639 1752 706 1786 ipsis
724 1758 752 1777 se
768 1749 944 1780 subtrahens,
963 1751 1024 1783 post.

247 1802 365 1828 triduum
382 1799 506 1826 obtendit
519 1798 636 1832 perlatas
652 1804 712 1823 esse
725 1796 757 1822 ad
773 1803 802 1822 se
814 1795 847 1821 ab
861 1794 1024 1828 imperatore

244 1847 350 1873 litteras
374 1853 433 1879 qua:
450 1852 541 1871 coram
565 1843 666 1877 popqu
691 1842 809 1875 legendae
824 1844 926 1867 essent.
942 1839 1023 1866 Catu-

244 1897 313 1923 paua
335 1896 401 1923 ergo
418 1889 523 1922 pulsata
545 1887 675 1921 populum
699 1885 803 1912 monuit
823 1890 851 1921 ut
867 1884 911 1911 die
936 1883 1025 1909 Domi-

246 1936 307 1961 nico
337 1935 364 1960 iu
393 1934 537 1960 ecclesiam
570 1925 750 1958 convenirent
772 1938 827 1965 quo
852 1929 1025 1964 imperatoris

244 1980 348 2007 litteras
367 1979 504 2005 audirent.
531 1977 597 2003 Cum
615 1984 680 2010 ergo
704 1976 813 2003 adesset
829 1975 888 2002 dies
905 1974 1026 2001 Domini-

244 2034 304 2056 cus.
326 2033 379 2052 non
402 2026 513 2051 relictus
530 2028 571 2050 est
584 2023 719 2057 quispiam
737 2022 782 2056 qui
803 2029 856 2048 non
872 2021 1024 2048 accederet.

249 2070 286 2097 De
304 2070 354 2096 hoc
375 2074 464 2095 autem
492 2069 562 2094 inter
581 2068 775 2101 Apollinarium
794 2066 976 2100 patriarcbam
999 2070 1026 2092 et

247 2117 361 2143 comites
384 2122 449 2141 suos
475 2117 652 2145 ceiiveucrat,
670 2116 698 2138 ut
714 2120 775 2138 cum
794 2112 901 2147 signum
917 2112 967 2139 sibi
985 2112 1025 2145 ip-

248 2163 341 2196 sisque
357 2166 447 2188 notum
464 2160 550 2190 daret,
568 2159 656 2194 gladio
671 2165 765 2185 omnes
781 2158 808 2184 in
823 2158 937 2185 ecclesia
959 2165 1026 2192 pra:-

245 2212 336 2234 sentes
354 2206 478 2233 ferirent.
496 2205 554 2239 Ipse
569 2211 634 2238 ergo
649 2210 764 2230 ascenso
797 2207 936 2237 suggesto.
953 2202 1026 2229 lleus

1076 312 1129 338 que
1151 305 1301 339 camposita
1322 310 1363 332 est
1384 306 1460 332 urbs.

1112 348 1173 375 Fuit
1195 354 1284 375 autem
1301 349 1351 376 hoc
1367 357 1438 375 anno
1453 350 1559 384 imperii
1573 349 1720 376 Justiniani
1738 350 1853 385 impera-

1076 396 1143 422 toris
1169 396 1276 422 dccimo
1299 396 1404 430 quinto.
1427 397 1517 429 Atque
1532 403 1562 421 cx
1585 396 1637 422 isto
1657 401 1776 430 tempore
1804 397 1854 423 fuit

1074 440 1259 467 Jacobitarum
1278 441 1409 467 cathedra
1432 441 1458 467 in
1481 442 1649 468 monasterio
1664 442 1723 469 Abu
1739 442 1850 469 Makarii

1075 486 1107 512 ad
1132 485 1203 512 diem
1230 493 1315 519 usque
1339 485 1511 513 hodiernum.
1540 486 1598 513 Jam
1622 494 1636 512 a
1654 491 1774 519 tempore
1798 495 1852 522 quo

1076 530 1239 558 interfectus
1265 536 1306 558 est
1332 530 1474 558 Proterius
1498 531 1670 559 Alexandriae
1701 533 1853 566 patriarcha

1075 580 1157 609 atque
1171 575 1233 610 igne
1247 580 1396 607 crematus,
1411 576 1444 603 ad
1459 576 1508 602 hoc
1522 583 1575 610 quo
1584 575 1714 603 Jacobita:
1725 576 1759 604 ab
1773 577 1855 611 Apol-

1075 621 1173 647 linario
1200 620 1286 648 occisi
1323 624 1388 647 sunt
1415 624 1442 647 ct
1470 621 1603 648 sententia
1638 621 1852 649 orthodoxornm

1076 666 1184 700 publice
1210 666 1338 698 obtinuit,
1364 666 1428 693 anni
1447 670 1510 693 sunt
1535 666 1646 699 triginta
1664 666 1794 701 quinque,
1810 667 1853 694 vel

1074 711 1224 738 secundum
1242 711 1315 738 aliud
1329 712 1478 745 exemplar,
1493 712 1556 738 auui
1570 711 1706 745 octoginta
1720 711 1851 746 quinque.

1074 758 1226 784 luvalueral
1243 757 1377 792 siquidem
1393 758 1420 784 iu
1435 757 1599 784 Alexandria
1615 762 1723 791 totaque
1736 756 1854 792 Egypto

1073 802 1262 829 .l.icubitarutn
1298 802 1459 835 sententia;
1495 802 1658 837 fueramque
1693 802 1854 837 patriarcha:

1074 847 1251 874 Alexandrini
1272 846 1410 878 Jacobitte.
1433 851 1504 874 utet
1520 855 1553 874 ex
1577 847 1788 881 imperatoribus
1802 846 1855 873 Ro-

1075 893 1163 920 manis
1191 894 1262 922 inter
1278 898 1402 928 caeteros,
1422 892 1477 923 Leo
1494 893 1611 924 Parvus,
1638 891 1721 924 Zeno,
1740 892 1856 920 Anasta-

1073 938 1142 971 sius,
1167 940 1268 974 aliique
1282 948 1350 975 quos
1370 941 1396 968 in
1417 941 1631 975 praecedentibus
1652 937 1842 968 recensuimltﬁ

1075 985 1160 1012 Porro
1189 993 1262 1013 anno
1289 986 1397 1021 imperii
1424 986 1575 1013 Justiniani
1606 986 1737 1013 vicesimo
1765 987 1853 1020 primo

1075 1032 1241 1058 Samaritani
1268 1031 1296 1058 iu
1323 1031 1468 1059 Palaestina
1495 1032 1596 1066 impetu
1623 1031 1696 1059 facto
1722 1032 1853 1059 ecclesias

1073 1084 1168 1104 omnes
1200 1077 1354 1110 diruerunt,
1381 1081 1409 1104 et
1440 1078 1467 1105 in
1492 1084 1538 1104 eas
1571 1078 1659 1112 ignem
1690 1077 1852 1111 iniecerunt,

1074 1122 1246 1149 Christianos
1262 1122 1343 1149 etiam
1360 1129 1413 1149 non
1436 1130 1538 1156 paucos
1560 1123 1766 1154 interfecerunt,
1789 1131 1853 1157 gra-

1075 1166 1207 1201 vibusque
1222 1167 1391 1194 cruciatibus
1404 1167 1564 1198 affecerunt.
1577 1171 1602 1194 et
1614 1167 1770 1202 episcopum
1783 1166 1854 1194 Neo-

1074 1212 1222 1245 politanum
1232 1211 1411 1239 trucidarunt.
1423 1212 1481 1245 Quo
1492 1212 1583 1239 audito
1592 1211 1762 1239 Justiuianus
1770 1212 1855 1246 impe-

1074 1262 1147 1283 ratur
1163 1258 1247 1284 misso
1261 1257 1382 1284 exercitu
1400 1258 1498 1292 grandi
1525 1265 1649 1292 magnam
1666 1258 1854 1285 Samaritano-

1074 1310 1132 1328 rum
1153 1302 1352 1330 multitudinem
1364 1303 1475 1330 occidit.
1492 1302 1669 1337 157-159
1683 1303 1722 1329 Eo
1731 1308 1854 1337 tempore

1074 1348 1179 1379 rogavit
1202 1346 1300 1375 Petrus
1326 1347 1481 1381 patriarcha
1507 1347 1773 1382 llierosolymitanus
1797 1347 1853 1374 .‘llar

1075 1391 1171 1418 Sabam
1193 1398 1223 1419 ut
1236 1392 1499 1427 Constantinopolim
1520 1393 1670 1427 profectus,
1688 1394 1722 1420 ab
1737 1394 1852 1428 impera-

1074 1442 1132 1464 tore
1160 1441 1264 1472 peteret
1292 1439 1393 1465 remitti
1421 1439 1455 1465 de
1480 1439 1582 1466 tributo
1604 1439 1676 1473 quod
1705 1439 1855 1473 penderent

1074 1481 1226 1508 Palaestinae
1241 1482 1336 1509 incolae
1358 1482 1473 1516 aliquid,
1498 1486 1622 1517 respectu
1643 1482 1702 1516 ejus
1726 1490 1808 1517 qnam
1826 1483 1853 1509 iu

1075 1535 1106 1554 ca
1124 1527 1244 1554 fecerant
1259 1527 1422 1555 Samaritani
1437 1528 1644 1555 desolationem.
1659 1527 1800 1555 Profectus
1813 1533 1856 1555 est

1074 1580 1139 1606 ergo
1154 1571 1210 1598 Mar
1224 1572 1296 1599 Saba
1311 1572 1586 1607 Constantinopolim,
1603 1580 1682 1606 quem
1705 1573 1782 1600 lautus
1805 1580 1855 1600 ex-

1074 1619 1146 1652 ccpit
1171 1618 1329 1652 imperator,
1357 1625 1474 1652 cumque
1496 1617 1530 1644 ab
1543 1617 1603 1652 ipso
1615 1617 1720 1645 litteras
1739 1618 1855 1652 patriar-

1074 1663 1132 1690 chae
1148 1662 1387 1697 llierosolymitani
1410 1663 1572 1697 accepisset.
1588 1662 1705 1694 rogavit,
1723 1662 1854 1697 quidnam

1075 1708 1126 1742 ipsi
1144 1708 1247 1742 negotii
1267 1713 1351 1735 esset.
1367 1708 1417 1735 Cui
1432 1707 1488 1734 Mar
1503 1706 1573 1734 Saba
1590 1714 1597 1733 :
1614 1706 1680 1735 Peto
1696 1708 1813 1742 (inquit)
1826 1713 1856 1735 ut

1074 1754 1108 1781 de
1125 1754 1226 1781 tributo
1240 1753 1390 1781 Palastina:
1413 1753 1546 1780 remittas.
1572 1752 1712 1787 Siquidem
1737 1752 1856 1779 Samari-

1075 1800 1131 1827 lani
1154 1799 1214 1832 ejus
1239 1800 1338 1827 incolis
1354 1798 1507 1826 interfectis
1526 1798 1611 1832 ipsam
1636 1801 1778 1825 vastarunt
1793 1797 1857 1832 :ju-

1075 1844 1193 1879 beatquc
1205 1844 1352 1879 imperator
1363 1843 1466 1871 exstrui
1478 1843 1608 1870 ecclesias
1620 1850 1688 1877 quas
1699 1847 1856 1870 cremarunt

1076 1889 1253 1922 Samaritani,
1280 1896 1332 1916 nec
1355 1895 1409 1915 non
1433 1888 1562 1915 fabricari
1588 1887 1783 1922 Hierosolymis
1807 1895 1856 1921 pro

1075 1934 1224 1970 peregrinis
1244 1933 1449 1965 nosocomium;
1474 1937 1556 1967 utque
1578 1933 1735 1968 perficiatur
1749 1932 1856 1960 Helena:

1076 1980 1210 2014 templum
1227 1978 1301 2014 quod
1323 1983 1467 2006 exstruere
1483 1982 1605 2013 ceperat
1620 1977 1676 2005 Elia
1697 1977 1855 2012 patriarcha

1075 2024 1348 2059 llicrosolymitanus.
1372 2023 1401 2050 In
1425 2024 1526 2058 quibus
1541 2023 1669 2051 omnibus
1693 2023 1789 2051 annuit
1804 2024 1856 2058 ipsi

1077 2070 1242 2103 imperator;
1264 2075 1315 2095 nec
1330 2075 1384 2095 non
1401 2068 1428 2095 in
1445 2068 1551 2095 caeteris
1566 2075 1736 2103 quaecunque
1751 2068 1784 2096 ab
1798 2068 1857 2103 ipso

1076 2118 1180 2149 pctcrct
1201 2120 1233 2140 ac
1249 2118 1367 2148 rogaret.
1394 2113 1520 2148 Misitque
1543 2121 1604 2141 eum
1622 2113 1648 2140 in
1666 2113 1746 2140 linem
1771 2115 1857 2147 impe-

1076 2164 1151 2186 rator
1176 2166 1229 2186 una
1249 2166 1311 2186 cum
1332 2158 1393 2193 ipso
1415 2159 1548 2193 legatum,
1570 2158 1663 2186 multis
1690 2158 1855 2186 instructum

1076 2204 1186 2239 opibus,
1213 2203 1378 2239 scripsitque
1405 2204 1438 2230 ad
1459 2203 1612 2230 Palaestinae
1632 2203 1802 2238 praefectum,
1828 2207 1858 2230 ut

245 2252 370 2286 (inquit)
394 2251 566 2277 Alexandria:
595 2249 731 2283 inquilini.
769 2249 791 2274 si
820 2247 854 2274 ad
880 2247 1024 2275 veritatem
1041 2256 1062 2283 ι)
1075 2249 1225 2277 Palaestinae
1241 2249 1372 2276 tributum
1388 2248 1477 2283 legato
1493 2248 1613 2276 traderet
1630 2248 1663 2275 ad
1681 2255 1712 2275 ea
1728 2255 1790 2282 qua
1804 2248 1855 2280 ipsi

248 2297 434 2328 rcvcrtamini,
459 2301 487 2324 et
511 2304 525 2321 a
550 2295 685 2322 sententia
709 2293 858 2320 Jacohitica
881 2293 1026 2325 recedatis,

245 2343 325 2379 [bene
350 2342 415 2378 est,]
441 2343 484 2370 sin
505 2344 607 2373 minus,
624 2341 705 2368 timeo
728 2341 816 2370 vobis,
833 2347 866 2367 tte
890 2340 979 2365 mittat
993 2339 1027 2366 ad

244 2398 292 2417 vos
326 2390 474 2423 imperator
505 2389 551 2422 qui
580 2387 740 2421 sanguinem
772 2391 893 2413 vestrum
923 2384 1027 2412 effundi

246 2436 394 2469 permittat,
425 2442 526 2461 uxores
556 2434 682 2467 prostitui
710 2437 737 2459 et
761 2432 862 2459 liberos
888 2431 1027 2465 orphauos

246 2483 315 2509 ticri.
350 2481 399 2508 llis
422 2481 485 2507 dum
504 2480 566 2506 illos
590 2479 785 2513 alloqueretur,
813 2477 863 2511 ipsi
888 2477 1026 2512 lapidibus

246 2535 307 2553 eum
325 2531 428 2561 petere,
445 2525 513 2551 adeo
530 2529 560 2551 ut
580 2525 641 2550 vita:
662 2531 719 2550 sure
739 2524 846 2549 timeret
868 2530 875 2548 :
892 2529 976 2555 quare
989 2522 1026 2549 si-

246 2579 329 2606 gnum
347 2570 412 2597 illud
435 2569 519 2596 sociis
538 2570 596 2595 suis
619 2568 702 2600 dedit,
719 2568 765 2601 qui
788 2566 878 2600 gladio
893 2569 1026 2600 quotquot

246 2619 273 2644 in
301 2617 418 2644 ecclesia
445 2615 553 2643 fuerant
579 2615 698 2648 aggressi
727 2617 813 2640 sunt:
835 2611 1026 2646 interfectique

247 2668 312 2690 sunt
336 2663 406 2689 intra
422 2666 449 2688 et
469 2666 546 2688 extra
570 2660 714 2687 ecclesiam
730 2658 855 2685 homines
877 2656 1024 2687 innumeri,

246 2710 314 2735 adeo
333 2714 362 2735 ut
379 2709 533 2735 occisorum
546 2706 657 2740 sanguis
670 2704 749 2740 156
765 2711 849 2738 usque
862 2703 895 2729 ad
910 2703 1024 2729 militum

246 2763 332 2790 genua
348 2755 521 2788 pertingeret.
536 2751 630 2787 Magna
646 2758 711 2778 vero
725 2750 864 2776 hominum
880 2746 1025 2774 mttltitudo

246 2802 280 2827 ab
305 2801 371 2834 ipsis
395 2799 456 2834 fuga
480 2798 597 2833 prolapsi
622 2800 686 2823 sunt
709 2796 735 2821 iu
759 2795 855 2820 vallem
883 2792 970 2820 Habib
991 2791 1025 2818 ad

247 2846 441 2874 tnouasteriutn
466 2845 522 2871 Abu
543 2842 666 2870 Maltarii.
686 2840 788 2867 Exinde
804 2839 892 2874 palam
908 2837 1025 2864 obtinuit

247 2892 436 2921 Melchitarum
454 2890 600 2922 sententia,
618 2888 724 2922 ipsique
739 2885 851 2920 templa,
867 2892 927 2919 quae
945 2883 1023 2911 inva-
1046 2925 1056 2930 ἣ

1078 2295 1105 2321 in
1134 2294 1269 2321 mandatis
1287 2293 1398 2321 dederat
1416 2293 1564 2328 imperator
1578 2293 1752 2321 exstruenda.
1774 2292 1858 2320 tussit

1077 2339 1160 2366 etiam
1177 2338 1325 2372 imperator
1337 2337 1455 2372 legatum
1471 2337 1615 2364 ecclesiam
1628 2336 1857 2364 Bethleemiticam

1077 2391 1137 2419 quae
1160 2390 1242 2418 parva
1268 2382 1319 2409 fuit
1345 2382 1466 2416 diruere,
1487 2382 1624 2418 aliamque
1649 2381 1777 2416 amplam,
1802 2388 1858 2413 qia-

1078 2437 1158 2466 gnam
1178 2432 1203 2457 et
1222 2428 1364 2464 pulchram
1389 2428 1544 2461 fabricare;
1569 2429 1636 2456 adeo
1663 2431 1692 2456 ut
1718 2435 1770 2456 non
1788 2433 1859 2456 esset

1079 2475 1275 2509 Hierosolymis
1292 2473 1422 2508 templum
1443 2473 1502 2508 ipsa
1526 2473 1677 2508 pulchrius.
1695 2472 1859 2500 Perveniens

1077 2528 1142 2555 ergo
1162 2520 1267 2554 legatus
1289 2518 1489 2554 Hierosolyma,
1513 2519 1701 2546 nosocomium
1720 2519 1799 2554 160
1811 2526 1858 2553 pe-

1077 2565 1193 2599 regrinis
1220 2563 1351 2596 condidit,
1378 2568 1406 2590 et
1434 2563 1581 2590 ecclesiam
1602 2563 1709 2590 Helenae
1733 2564 1857 2597 perfecit.

1078 2610 1231 2645 templaque
1256 2617 1316 2645 qu:e
1342 2608 1521 2637 incenderant
1536 2608 1700 2637 Samaritani
1723 2609 1857 2636 instaura-
1897 2635 1898 2638 η

1076 2656 1126 2688 vit,
1150 2664 1203 2683 nec
1215 2663 1268 2683 non
1295 2656 1462 2683 monasteria
1487 2655 1686 2690 quamplurima
1715 2655 1858 2686 exstruxit,

1076 2702 1220 2735 dirutaque
1245 2700 1362 2728 ecclesia
1389 2700 1592 2729 Bethleemitica
1608 2699 1730 2727 eamdem
1748 2707 1781 2726 eo
1805 2707 1860 2734 quo

1074 2747 1129 2782 jam
1155 2753 1184 2773 se
1197 2746 1276 2774 habet
1299 2746 1379 2772 modo
1394 2746 1550 2773 aedificavit.
1575 2745 1697 2780 Cumque
1711 2745 1755 2773 bis
1770 2746 1860 2772 omni~

1076 2793 1127 2819 bus
1142 2791 1272 2818 absolutis
1288 2791 1321 2818 ad
1339 2791 1533 2825 imperatorem
1556 2798 1684 2818 reversos
1699 2795 1784 2822 esset,
1800 2791 1859 2823 ille,

1072 2836 1208 2864 “Describe
1234 2836 1301 2862 mihi
1328 2836 1458 2871 (inquit)
1482 2836 1620 2870 quomodo
1636 2836 1783 2864 ecclesiam
1810 2836 1860 2862 Be-

1079 2881 1275 2909 thleemiticam
1293 2881 1464 2909 exstruxisti.
1493 2880 1581 2914 Quam
1597 2889 1660 2910 cum
1687 2881 1739 2916 ipsi
1756 2881 1867 2911 descri-_
