2014 3082
181 206 245 237 1071

685 209 865 239 EUTYCHII
887 208 1034 237 ALEXAN
1043 208 1151 237 DRlNl
1171 207 1278 236 PA'I‘R.

1725 204 1796 235 ιυῖὲ

178 264 289 297 psisset,
321 264 391 291 haud
417 264 557 299 probavi—
573 264 720 298 imperator
750 263 961 296 descriptionrtn
978 271 998 296 Α
1014 261 1130 288 illtrsttia
1145 268 1175 288 ac
1189 268 1272 294 aquas
1285 259 1425 286 aediﬁcavit
1441 268 1447 290 ;
1463 264 1489 285 at
1508 259 1637 292 templum
1655 258 1680 284 itt
1695 259 1795 285 montis

183 309 275 340 istam,
292 317 342 336 nec
357 310 490 336 ullatenus
512 308 561 343 ipsi
577 309 696 343 placuit;
712 317 795 342 quare
812 308 887 334 valde
904 308 954 342 ipsi

180 354 264 381 iratus
284 354 449 387 :Aeccptos,
480 354 580 387 inqttit,
607 361 731 380 nummos
755 353 803 380 libi
826 353 875 387 ipsi
891 361 956 380 con-

178 399 298 433 gessisti,
324 399 467 425 aedilicium
483 403 572 426 autent
587 399 745 426 t-xstt'uxisti
762 400 832 426 tnale
845 406 957 431 compa-

177 447 261 473 ctum,
283 446 309 469 et
324 442 468 468 ecclesiam
489 443 661 470 tenebrosam
688 442 843 472 confecisti.
869 442 957 468 nulla-

177 492 256 513 tenus
280 494 312 513 ex
337 492 428 514 mente
453 495 512 514 utea
539 487 711 520 fabricatam,
736 495 785 515 nec
810 488 955 514 consilium

177 539 266 558 meum
292 536 403 559 secutus
424 540 463 559 cs.
488 533 638 568 Capiteqne
653 534 743 568 ipsum
769 533 847 568 plecti
862 533 955 566 jussit.

177 577 285 603 Struxit
303 577 384 603 etiam
401 577 574 605 Justinianus
600 579 746 613 imperator
762 579 960 606 Constantino:

177 621 231 655 poli
266 622 392 656 templum
414 621 521 649 Sanctze
545 621 664 657 Sophim,
689 622 791 649 fabrica
810 622 957 649 admodum

175 666 303 699 eleganti.

212 711 295 738 Porro
322 717 447 740 mortuus
459 717 500 740 est
513 712 571 739 Mar
582 711 653 740 Saba
672 720 757 739 annos
774 717 854 739 natus
870 721 957 740 nona-

176 758 250 790 ginta
278 762 404 792 quatuor.
439 759 506 785 Cum
537 762 626 785 autent
653 758 803 785 audiissent
830 760 957 785 monachi

175 803 276 830 montis
295 802 366 830 Sina:
384 804 417 831 de
437 804 506 831 bona
523 803 850 838 imperatorisJustiniani
868 806 958 831 inten-

176 849 260 880 tione,
282 856 417 883 quamque
428 849 576 876 condendis
592 849 716 877 ceclesiis
737 854 763 876 et
787 850 959 877 monasteriis

176 895 316 921 struendis
330 895 523 927 delectaretur,
539 895 573 922 ad
588 895 674 929 ipsum
688 895 814 929 profecti,
835 903 958 930 conque-

1007 308 1109 334 vcrtice
1125 314 1207 341 supra
1223 307 1311 333 locutu
1327 306 1355 332 itt
1371 313 1425 340 quo
1440 304 1531 332 Moses
1561 304 1645 339 legem
1668 306 1792 338 accepit:

1007 361 1105 380 nomen
1119 352 1248 387 prtefeclo
1266 352 1424 378 monasterii
1440 356 1498 377 crat
1524 351 1619 378 Doula.
1657 350 1795 377 “eversus

1006 404 1095 425 atttettt
1111 398 1141 424 ad
1153 397 1338 424 Iustinianum
1364 397 1554 430 imperatorem
1570 396 1675 429 legatus
1701 404 1795 422 narra~

1006 444 1044 469 \it
1066 443 1116 476 ipsi
1128 443 1265 476 'quasnam
1288 442 1418 468 ceclrsias
1429 445 1457 468 et
1478 449 1538 474 qute
1561 442 1726 468 monasteria
1743 450 1791 468 ex-

1006 493 1166 520 struxerat;
1188 487 1333 521 descripsit
1358 488 1441 513 etiam
1462 487 1512 520 ipsi
1528 495 1583 521 quo
1602 487 1682 513 modo
1697 495 1792 513 mona-

1006 534 1118 560 sterium
1135 534 1236 559 montis
1253 532 1325 560 Sina:
1339 532 1529 559 ardilicavcrat.
1546 531 1597 559 Cui
1626 533 1772 566 inperator
1786 541 1793 559 :

1007 579 1126 610 Errasti,
1153 579 1252 613 inquit,
1267 583 1293 605 et
1309 580 1451 605 monachis
1469 578 1597 611 injuriam
1614 578 1712 608 fecisti,
1724 586 1794 612 quos

1007 626 1034 652 iu
1052 625 1227 652 inimicorum
1246 632 1342 651 manus
1360 624 1508 651 tradidisti.
1524 624 1612 656 Quare
1631 630 1720 651 autem
1737 632 1791 650 non

1008 670 1035 696 in
1056 670 1157 696 montis
1175 670 1282 696 vertice
1301 671 1495 696 monasterium
1526 669 1706 696 usti-inisti?
1725 668 1796 696 Res-

1008 714 1102 750 pondit
1118 715 1220 748 legatus
1243 724 1249 741 :
1273 714 1360 748 Ipsum
1374 714 1449 748 juxta
1463 714 1560 740 rubum
1572 719 1598 740 et
1614 721 1695 747 prope
1709 721 1794 748 aquas

1008 761 1104 795 posui;
1120 761 1191 795 quod
1206 760 1228 787 si
1244 761 1269 786 itt
1287 760 1387 787 tnotttis
1406 760 1512 793 fastigio
1525 764 1693 786 exstructum
1729 759 1794 785 luis—

1007 811 1059 838 set,
1072 806 1225 833 caruissent
1252 805 1378 831 monachi
1396 812 1477 839 aqua,
1494 806 1560 832 adeo
1586 810 1615 831 ut
1631 806 1653 831 si
1668 805 1794 832 obsessis

1008 852 1152 886 aliquando
1166 851 1233 885 ipsis
1248 851 1395 878 interclusa
1422 856 1496 878 esset
1512 859 1594 885 aqua,
1611 859 1665 885 pra:
1679 852 1724 877 siti
1736 858 1794 876 mo-

1010 901 1135 923 rerentur
1150 905 1157 928 ;
1176 896 1282 930 longius
1299 895 1472 930 165-167
1487 896 1597 929 insuper
1611 896 1645 921 ab
1664 896 1728 928 ipsis
1745 895 1795 922 ab-

185 940 219 967 Hi
235 944 298 967 sunt
325 940 586 968 Arabcsismaelilas
612 941 677 976 ipsis
693 941 821 968 damnmn
848 941 958 973 inferre,
977 936 995 962 Β
1010 941 1107 968 fu'sset
1143 942 1237 968 rubus.
1257 942 1328 968 Dixit
1356 943 1521 975 imperator:
1551 940 1712 975 Ᾰίιιιιτιιιάυε
1730 948 1794 973 ergo

180 993 276 1020 penum
290 985 410 1020 ipsorum
436 986 592 1013 devorando
607 987 719 1021 locaque
733 986 878 1020 diruendo,
905 987 959 1013 cel-

177 1032 270 1065 lasque
288 1031 470 1066 ingredientes
484 1031 620 1066 quidquid
633 1031 670 1058 ibi
694 1036 766 1058 t-sset
787 1032 918 1064 diripere,
933 1036 960 1058 ct

177 1078 205 1104 in
222 1076 352 1104 ecclesias
370 1076 506 1103 irruentes
524 1076 725 1103 Eucharistiam
739 1077 884 1111 deglutire.
900 1077 955 1103 llo-

175 1125 256 1155 gantc
268 1128 333 1156 ergo
349 1121 521 1155 imperatore,
548 1121 612 1156 quid
629 1122 736 1152 vellent,
756 1121 932 1156 161-163
951 1129 957 1147 :

176 1167 324 1202 Rogamus,
351 1167 490 1201 inquiunt,
515 1175 532 1194 ο
547 1175 605 1199 rex,
623 1170 651 1193 ut
667 1167 746 1193 nobis
763 1168 959 1193 monasterium

175 1218 302 1240 exstruas
318 1213 343 1239 in
359 1220 413 1247 quo
427 1213 589 1239 muniamur.
614 1211 717 1247 (Neque
733 1213 805 1239 ettitn
836 1216 898 1238 ante
926 1212 960 1238 il-

177 1258 223 1284 lud
238 1263 344 1293 tempus
368 1259 453 1285 ullum
482 1259 533 1284 fuit
564 1258 590 1284 in
607 1262 697 1285 tnonte
726 1257 791 1284 Sina
806 1257 959 1285 ctenohium

177 1304 205 1329 itt
230 1311 283 1336 quo
312 1303 489 1329 convenirent
520 1302 657 1332 monachi.
689 1302 736 1328 sed
761 1301 789 1327 in
824 1300 961 1327 montibus

178 1355 209 1373 ae
222 1348 337 1374 vallibus
358 1347 430 1374 circa
450 1347 547 1374 rubum
565 1355 649 1381 equo
667 1346 738 1373 Deus
753 1345 847 1373 Mosen
859 1347 961 1374 allocu-

177 1397 221 1419 tus
231 1397 284 1423 est.
304 1392 419 1426 sparsim
435 1391 580 1427 «legerunt.
594 1390 656 1418 Fuit
672 1395 777 1418 tantum
796 1392 862 1426 ipsis
877 1399 959 1426 supra

178 1439 275 1466 rttbtttn
296 1438 378 1465 turris
396 1445 503 1473 magna,
515 1445 575 1472 qua:
592 1442 618 1464 et
634 1438 712 1464 hodie
729 1443 864 1472 superest,
880 1444 961 1471 atque

177 1484 203 1511 in
220 1492 251 1512 ea
271 1484 403 1519 templum
419 1484 526 1511 Sancta:
543 1483 645 1516 Mariae,
663 1483 696 1509 ad
716 1491 797 1517 quam
822 1484 959 1515 monachi,

176 1530 323 1558 accedente
337 1530 464 1565 quopiam
481 1537 496 1557 a
510 1538 565 1565 quo
596 1529 733 1559 timerent,
760 1528 958 1564 confugientes,

178 1576 206 1602 in
221 1576 315 1603 cadent
347 1575 454 1602 munire
477 1583 506 1602 se
528 1575 660 1602 solebant.
678 1574 751 1601 Misit
767 1582 831 1609 ergo
843 1575 959 1608 impera-

178 1627 220 1648 tor
236 1629 289 1647 una
309 1627 371 1648 cum
396 1621 463 1655 ipsis
486 1620 603 1654 legatum
629 1620 726 1654 opibus
738 1621 831 1647 tnultis
854 1620 959 1647 instru-

176 1671 261 1696 ctum,
274 1664 384 1699 scriptis
397 1665 479 1691 etiam
494 1665 527 1691 ad
544 1664 653 1699 ,‘Egypti
670 1664 826 1699 prtefectum
845 1665 956 1697 litteris,

177 1715 205 1737 ut
229 1711 315 1737 eidem
332 1715 465 1744 quattttttn
480 1709 561 1735 vellet
578 1717 753 1737 nummorum
782 1712 911 1743 traderet,
928 1719 958 1738 ac

176 1756 250 1782 viros
278 1755 359 1782 etiam
398 1754 595 1789 suppeditaret,
624 1754 730 1789 ipsique
758 1762 893 1782 annonam
926 1765 958 1783 ex

176 1800 294 1834 Egypto
308 1799 480 1826 deferendam
496 1803 629 1832 curaret;
658 1800 745 1834 legato
774 1801 800 1826 itt
823 1801 957 1827 mandatis

176 1845 239 1871 dato
258 1849 286 1871 ιιι
299 1844 447 1872 ecclesiam
477 1844 629 1871 inKalzem
662 1849 825 1875 exstrueret.
855 1854 958 1874 necnon

176 1889 368 1916 monasterium
386 1889 474 1923 [ιη-ω,
498 1894 580 1923 utque
597 1889 624 1916 in
647 1894 739 1917 metite
772 1889 836 1917 Sina
866 1899 959 1918 mona-

175 1935 287 1960 sterium
306 1934 466 1965 :edilicarct,
498 1934 623 1969 idemque
645 1936 822 1970 pertuuuiret,
848 1937 915 1963 adeo
930 1941 959 1963 ιιι

176 1987 229 2005 ttou
242 1979 305 2005 alibi
322 1979 349 2005 in
370 1983 427 2006 toto
441 1979 542 2006 tutntth
558 1980 645 2014 magis
661 1980 796 2007 tnttnitutn
824 1981 959 2014 reperire-

175 2030 218 2049 tur
231 2023 352 2057 adeoque
372 2023 507 2050 lirmatunt
527 2024 616 2056 daret,
632 2030 661 2051 ut
674 2031 727 2051 uou
753 2025 850 2052 alicubi
885 2026 959 2051 lorus

175 2069 274 2103 aliquis
299 2073 371 2095 esset
398 2069 469 2096 unde
497 2069 536 2095 vcl
565 2071 730 2097 monasterio
747 2071 787 2097 vel
817 2070 959 2097 monachis

175 2115 303 2140 damnum
322 2113 491 2140 inferendum
511 2119 687 2141 metueretur.
718 2116 784 2142 Cum
814 2123 879 2150 ergo
895 2116 960 2142 Kal-

175 2167 280 2187 lentum
297 2159 465 2194 pervenisset
480 2159 583 2194 legatus
600 2160 650 2187 iste
670 2161 792 2187 condidit
807 2161 841 2188 ibi
872 2163 958 2189 cccle-

174 2206 241 2232 siam
253 2206 282 2231 S.
294 2205 435 2232 Athanasii
449 2205 657 2240 ;exstruxitque
668 2207 863 2233 monasterium
879 2207 959 2243 Rayae

1019 986 1067 1013 tibi
1085 993 1146 1012 cum
1168 990 1238 1012 trrra
1261 985 1309 1012 fuit
1328 993 1405 1012 mons
1426 986 1476 1012 iste
1492 985 1539 1020 qui
1569 993 1583 1011 a
1610 985 1794 1019 septentrione

1012 1031 1176 1057 monasterio
1190 1031 1322 1058 imminet.
1345 1030 1394 1056 Cui
1415 1030 1517 1064 legatus
1540 1037 1546 1055 :
1566 1029 1593 1056 Si
1623 1034 1693 1056 totas
1718 1035 1794 1055 terra:

1011 1076 1208 1108 Romanorum,
1233 1075 1352 1110 (Egypti,
1370 1080 1396 1102 et
1421 1075 1505 1109 Syriae
1534 1083 1599 1109 opes
1615 1074 1794 1108 impendisse-

1012 1129 1082 1152 ntus,
1111 1121 1181 1147 haud
1213 1128 1353 1155 possemus
1376 1124 1496 1154 montem
1524 1120 1606 1146 istuttt
1639 1120 1793 1146 absitlvcrr.

1011 1160 1098 1193 Iratus
1115 1174 1179 1200 ergo
1197 1166 1344 1200 imperator
1358 1170 1438 1199 caput
1455 1165 1507 1199 ipsi
1538 1166 1675 1199 amputari
1699 1165 1793 1199 jussit.

1011 1212 1110 1239 Deinde
1125 1212 1205 1238 alium
1224 1211 1297 1238 misit
1323 1211 1452 1246 legatum,
1470 1219 1579 1245 unaque
1608 1219 1669 1237 cum
1694 1211 1765 1245 ipso,
1779 1218 1794 1237 θ

1011 1258 1102 1285 vernis
1116 1257 1300 1284 Romanorum
1320 1265 1373 1283 uua
1402 1264 1464 1283 cutn
1485 1257 1578 1283 liberis
1602 1261 1630 1283 et
1663 1257 1793 1283 uxoribus

1011 1304 1131 1337 ipsorum
1156 1308 1264 1329 centum
1280 1303 1363 1332 viros,
1378 1302 1477 1336 jttbens
1494 1302 1573 1328 etiam
1589 1307 1616 1328 ut
1632 1310 1662 1328 ex
1674 1300 1793 1336 ιΕεῃιιυ

1010 1348 1078 1374 alios
1093 1353 1202 1374 ceutmtt
1223 1355 1275 1373 tttta
1301 1355 1362 1373 cuttt
1378 1348 1500 1380 ipsorum
1531 1347 1663 1373 uxoribus
1681 1352 1707 1373 et
1726 1347 1792 1373 libe-

1010 1394 1048 1420 ris
1063 1392 1318 1427 acciperel,quibus
1339 1398 1415 1419 extra
1433 1396 1554 1418 montetu
1572 1392 1668 1418 Sinam
1698 1392 1792 1419 domos

1009 1442 1163 1466 exstrueret
1181 1438 1207 1464 itt
1224 1438 1326 1472 quibus
1339 1438 1375 1464 ibi
1400 1438 1540 1472 degerent,
1570 1445 1625 1472 quo
1654 1441 1792 1464 monaste-

1013 1485 1085 1511 tium
1102 1490 1128 1510 ct
1155 1485 1306 1511 tnonachos
1332 1484 1523 1517 custodirent;
1541 1489 1568 1510 et
1597 1486 1696 1511 rictum
1727 1483 1792 1517 ipsis

1011 1529 1236 1563 suppeditandum
1251 1534 1371 1561 curaret,
1388 1529 1509 1563 ipsisque
1520 1533 1546 1556 et
1563 1529 1728 1555 monasterio
1760 1536 1791 1554 ex

1011 1574 1128 1609 Egypto
1146 1581 1261 1601 aunome
1280 1579 1411 1609 quantum
1429 1573 1577 1605 sullicetet,
1604 1573 1791 1601 deferendum.

988 1615 995 1626 ³
1010 1619 1077 1646 Cum
1097 1626 1162 1654 ergo
1178 1619 1212 1646 ad
1225 1624 1345 1646 montem
1375 1618 1467 1646 Sinam
1496 1619 1664 1653 pervenisset
1691 1619 1792 1653 legatus

1009 1670 1086 1690 extra
1104 1664 1301 1691 monasterium
1316 1663 1454 1691 Orientem
1465 1672 1561 1691 versus
1582 1664 1667 1691 multa
1682 1669 1791 1691 exstru-

1009 1709 1218 1744 xit‘domicilia,
1236 1709 1385 1747 eademque
1402 1718 1465 1736 arce
1480 1710 1670 1739 communit-it,
1691 1709 1717 1736 iu
1730 1710 1792 1743 quin

1010 1756 1060 1783 bus
1072 1763 1165 1783 Servos
1179 1755 1247 1782 istos
1262 1756 1403 1782 collocavit
1420 1763 1474 1789 quo
1489 1756 1683 1783 tnouasterium
1700 1763 1748 1782 cus
1763 1764 1791 1780 o-

1009 1802 1108 1831 dirent,
1124 1802 1251 1835 idemque
1268 1806 1409 1828 tuerentur
1422 1809 1431 1833 ;
1445 1802 1490 1835 qui
1501 1801 1578 1828 locus
1587 1802 1619 1827 ad
1637 1801 1689 1827 ltoc
1706 1808 1790 1833 usque

1010 1851 1118 1882 tempus
1136 1847 1181 1872 Dir
1194 1848 1219 1873 ot
1234 1846 1316 1877 Abii,
1348 1854 1407 1878 seu,
1428 1846 1623 1873 monasterium
1650 1854 1791 1872 servorum

1009 1891 1172 1924 appellatur.
1199 1890 1266 1916 Cum
1285 1897 1347 1917 veto
1364 1891 1464 1924 genitis
1490 1891 1583 1917 liberis
1607 1891 1790 1925 multiplicati,

1009 1934 1053 1960 ditt
1073 1934 1109 1960 ibi
1125 1934 1325 1966 substitissent,
1341 1942 1371 1961 ac
1400 1935 1694 1963 Illohantmcdanismus
1722 1937 1791 1962 obti-

1008 1984 1085 2006 neret
1097 1980 1178 2014 (quod
1198 1980 1249 2006 sub
1275 1980 1380 2007 Cbalil'a
1398 1981 1475 2010 Abtlil
1493 1980 1578 2008 Malee
1603 1982 1660 2008 Ebn
1676 1981 1790 2008 MCI‘WJF

1009 2026 1118 2059 accidit)
1136 2026 1180 2052 alii
1198 2026 1224 2052 itt
1245 2027 1315 2054 alias
1333 2027 1467 2053 irruentes
1484 2028 1586 2053 mutuis
1604 2036 1633 2054 se
1666 2029 1790 2055 Cli'dtbtlﬁ

1009 2072 1191 2102 sustulerunt,
1210 2073 1289 2098 etesis
1300 2072 1371 2104 aliis,
1385 2073 1447 2110 aliis
1462 2073 1640 2106 fugientibus,
1655 2074 1717 2101 aliis
1735 2074 1789 2100 Mn-

1011 2118 1274 2144 ltammcdanismutn
1289 2119 1431 2152 antplexis,
1442 2127 1556 2152 quorum
1577 2119 1653 2146 liberi
1667 2119 1699 2146 ad
1713 2120 1788 2155 168

1010 2163 1083 2188 hunc
1110 2170 1196 2196 usque
1212 2164 1287 2189 diem
1299 2163 1324 2189 itt
1340 2165 1522 2194 monasteriis,
1545 2165 1618 2191 illam
1636 2166 1789 2200 religionem

1008 2207 1166 2241 proﬁtentes
1182 2208 1257 2234 Bautt
1283 2207 1382 2240 Salclti,
1398 2209 1578 2244 appellantur,
1593 2216 1620 2237 et
1641 2213 1716 2244 pueri
1731 2210 1788 2246 (seu

175 2254 230 2276 ttttu
246 2249 279 2276 ad
297 2254 415 2276 montem
437 2250 531 2276 Sinam
561 2250 699 2284 profectus
716 2251 751 2276 ibi
770 2254 868 2278 rubum
882 2253 955 2279 inve-
974 2262 995 2289 ι)
1010 2253 1080 2279 servi
1096 2252 1106 2288 ]
1137 2255 1293 2280 monasterii
1314 2254 1429 2281 audiunt
1447 2264 1452 2287 ;
1468 2262 1584 2288 suntque
1597 2263 1630 2282 ex
1653 2257 1722 2290 ipsis
1737 2256 1787 2282 La-

175 2295 214 2320 nit
243 2295 270 2321 iu
291 2294 350 2321 loco
365 2295 436 2321 ittter
449 2295 515 2322 duos
527 2300 635 2323 montes
650 2300 777 2330 angusto,
796 2297 954 2333 ibidentque

174 2340 273 2366 turrim
285 2348 368 2375 prope
379 2341 474 2367 rubunt
486 2345 662 2374 exstructam,
675 2350 778 2369 ttecnou
791 2343 869 2378 164
879 2351 955 2377 aqua:

172 2385 261 2411 fontes
277 2392 359 2419 prope
375 2385 499 2412 eumdem
529 2386 722 2418 scalurientes,
750 2391 777 2412 at
807 2389 956 2415 monachos

173 2438 219 2464 per
237 2431 320 2457 valles
337 2430 485 2464 dispersos.
514 2431 541 2457 ltt
555 2432 646 2458 animo
664 2439 728 2466 ergo
745 2432 838 2458 ltalnnt
859 2441 955 2460 mona-

170 2475 284 2502 sterium
299 2483 379 2510 supra
398 2479 516 2501 montum
552 2482 693 2503 exstruere
724 2478 816 2504 relicto
841 2479 899 2505 rubi
928 2484 955 2505 et

172 2521 255 2547 turris
274 2520 342 2547 loco.
353 2520 430 2553 Quod
446 2524 535 2546 tamen
555 2529 649 2547 rursus
662 2529 740 2555 aqua:
751 2522 835 2557 gratia
854 2523 955 2557 impro-

171 2565 255 2596 bavit,
269 2565 329 2591 ideo
345 2565 418 2599 quod
435 2565 507 2591 nulla
528 2571 600 2592 esset
616 2574 697 2600 supra
720 2574 838 2593 montem
873 2575 954 2602 aqua.

173 2611 310 2638 lixstruxit
338 2619 402 2646 ergo
434 2613 627 2638 monasterium
658 2612 735 2646 juxta
768 2613 865 2639 ruhunt
893 2613 954 2640 loco

171 2657 264 2690 turris,
282 2659 347 2685 turri
367 2658 392 2683 itt
408 2658 574 2684 monasterio
591 2657 707 2684 inclusa.
727 2656 842 2692 l-‘nitque
857 2666 953 2685 mona-

170 2703 281 2730 sterium
296 2703 449 2730 interduos
475 2708 582 2730 montes
608 2702 669 2729 Icco
687 2707 814 2737 angusto,
829 2703 896 2730 adeo
925 2708 953 2730 ut

170 2748 191 2773 si
216 2747 278 2782 quis
294 2748 394 2775 montis
411 2745 548 2781 fastigium
573 2747 788 2782 septentrionale
814 2755 952 2775 conscen-

169 2797 235 2821 dens
250 2794 364 2828 lapidem
374 2794 488 2827 jaceret,
506 2793 533 2819 in
564 2793 683 2819 medium
701 2793 830 2820 decidens
858 2801 953 2820 mona-

160 2834 283 2865 sterium
296 2837 435 2864 monachis
450 2841 569 2864 noceret.
587 2836 620 2863 Et
638 2838 951 2872 monasteriumquidem

170 2881 196 2907 in
217 2880 276 2906 loco
297 2880 349 2906 lsto
364 2883 479 2913 angusto
493 2878 570 2911 juxta
595 2880 691 2906 rnbunt
721 2886 747 2907 et
775 2888 950 2910 monumenta

1007 2298 1176 2325 (-htnienses.
1202 2298 1349 2325 Dirucrttttt
1380 2304 1471 2325 autctu
1502 2300 1627 2326 monachi
1654 2301 1787 2327 domicilia

1006 2349 1144 2369 servorum
1160 2347 1303 2377 postquam
1333 2343 1528 2371 Mohammedis
1547 2345 1705 2379 religionem
1735 2354 1789 2372 am.

1006 2389 1076 2422 piexi
1091 2393 1154 2415 sunt
1168 2397 1200 2415 tte
1214 2390 1276 2423 quis
1290 2397 1322 2417 ea
1341 2390 1483 2423 incoleret,
1495 2399 1555 2425 qua:
1570 2399 1637 2425 ergo
1652 2398 1680 2417 et
1708 2392 1790 2419 hodie

1005 2433 1124 2460 desolata
1144 2440 1262 2461 manent.

1041 2479 1125 2506 Porro
1138 2488 1210 2507 anno
1236 2481 1340 2515 imperii
1365 2481 1513 2509 Justiniatti
1535 2484 1655 2510 secundo
1688 2483 1790 2510 consti-

1006 2528 1079 2551 tutus
1098 2530 1140 2552 est
1162 2525 1319 2553 Bonifacius
1347 2528 1502 2561 patriarcha
1517 2527 1683 2561 Romanus;
1713 2536 1789 2555 cum-

1004 2578 1057 2604 que
1072 2570 1141 2597 duos
1156 2578 1244 2598 annos
1259 2572 1374 2599 sedisset
1388 2578 1512 2602 mortuus
1526 2580 1577 2602 est.
1602 2575 1681 2602 Anno
1700 2575 1789 2609 impe-

1006 2616 1037 2642 rii
1053 2616 1173 2649 ejusdem
1193 2622 1290 2651 quarto
1308 2619 1475 2646 constitutus
1491 2624 1533 2646 est
1553 2620 1654 2647 ibidem
1667 2621 1786 2654 patriar-

1004 2662 1056 2687 cha
1076 2660 1206 2693 Joannes,
1222 2663 1268 2697 qui
1283 2667 1309 2689 et
1326 2663 1395 2690 duos
1417 2671 1504 2691 annos
1518 2665 1600 2697 sedit,
1615 2665 1678 2692 dein
1712 2673 1783 2691 mor-

1005 2711 1067 2733 tuus
1083 2712 1135 2733 est.
1164 2707 1244 2733 Anno
1259 2707 1379 2742 ejusdem
1394 2714 1481 2739 sexto.
1505 2710 1593 2737 lactus
1614 2716 1655 2737 est
1686 2711 1788 2738 ibidem

1006 2753 1156 2786 patriarcha
1170 2753 1316 2787 Agapetus,
1334 2754 1380 2788 qui
1398 2762 1459 2780 eum
1477 2763 1559 2781 unum
1573 2763 1674 2782 annum
1694 2756 1785 2783 sedis:—

1005 2803 1045 2823 set
1074 2802 1198 2825 mortuus
1213 2803 1264 2826 est.
1283 2800 1361 2826 Anno
1377 2800 1437 2834 ejus
1448 2801 1498 2826 lem
1515 2802 1633 2836 septimo
1645 2802 1780 2828 constitu-

1004 2846 1048 2867 ttts
1071 2847 1110 2869 est
1124 2842 1158 2869 ibi
1188 2843 1342 2876 patriarcha
1361 2844 1519 2879 Sylvcrius;
1551 2854 1638 2873 annos
1667 2847 1785 2880 quinque

1003 2887 1082 2920 sedit,
1098 2887 1160 2914 dein
1175 2893 1297 2915 mortuus
1313 2896 1362 2917 est.
1382 2892 1458 2917 Λιιιιυ
1472 2892 1593 2923 ejusdem
1614 2892 1718 2919 decimo
1734 2898 1784 2919 ur-
