2014 3082
278 138 344 169 Ιθῑδ

985 140 1005 169 Α
1013 140 1174 171 NNALES.

1833 139 1900 171 107i

276 195 314 220 tiu
338 194 508 221 constitutus
519 199 560 222 est
575 195 675 222 ibidem
691 195 848 229 patriarcha
863 193 978 230 Vigilltls
993 203 999 225 ;
1017 195 1063 229 qui
1078 195 1103 224 Α
1117 193 1153 221 lio
1164 193 1314 230 Eutychius
1331 195 1485 228 patriarcha
1497 193 1828 228 Constantiuopolitanus.
1850 193 1910 220 Non

274 240 426 266 octodecim
445 247 531 267 annos
559 241 640 273 sedit,
661 240 722 267 dein
753 245 879 268 mortuus
906 245 964 273 est;
985 241 1065 275 (‘ttjtts

276 285 442 318 pt‘a'fo-etnra:
472 294 544 314 anno
577 287 684 314 decimo
710 288 806 321 quinto
843 287 893 313 fttit
919 287 1065 313 concilimn

275 331 411 364 quintum.
442 332 520 358 Auno
536 332 640 366 imperii
657 331 779 366 ejusdem
806 330 963 364 (Iustiniani
990 331 1065 358 scili-

274 377 339 409 cet.)
355 377 473 409 decimo,
488 379 654 405 constitutus
673 381 714 404 est.
730 377 896 412 Epiphanius
912 377 1066 412 patriartha

273 423 601 456 (inttstantinopolitanus,
621 424 666 458 qtti
679 423 803 450 Jacobita
820 423 889 449 fuit:
908 423 979 449 sedit
1007 432 1057 448 un-

274 476 325 495 nos
340 477 398 498 sex.
414 469 476 495 dein
493 474 618 496 mortuus
641 473 693 496 est.
721 467 837 502 Scripsit
865 473 955 495 autent
981 467 1067 494 Justi-

273 515 372 541 nianus
396 515 544 548 imperator
577 515 722 549 epistolam
751 521 875 548 magnam
915 522 974 547 qua:
1003 514 1064 548 jura

273 561 359 587 multa
377 565 402 586 ct
420 561 492 594 leges
514 561 680 587 contineret.
702 560 781 587 Anno
810 559 915 594 imperii
943 560 1065 594 ejusdem

271 605 380 632 decium
411 606 527 639 septimo
554 605 643 633 factus
667 609 710 632 est
730 605 882 640 Eutychins
913 606 1066 639 patriarcha

271 652 593 685 Cunstantiuopolitauna
611 660 618 684 ;
634 652 679 685 qui
700 655 843 685 postquam
863 651 1005 679 duodecim
1019 659 1067 678 au-

273 705 324 724 nus
352 696 468 724 sedisset
499 697 526 724 in
546 697 721 732 169-171
740 696 865 724 exsilium
885 697 986 724 missus
1013 701 1065 724 est.

272 744 352 770 Auno
385 744 554 777 prchcctttr:e
578 744 637 777 ejus
667 744 811 771 undecimo
839 743 890 771 fuit
912 743 1063 772 concilium

272 788 412 821 quintum.
432 788 510 815 Anno
527 789 633 822 imperii
664 787 813 816 lnstiniani
830 789 937 816 decimo
968 793 1064 821 quarto

272 835 438 861 constitutas
462 839 504 861 cst
531 833 666 861 Macarius
687 835 841 869 patriarcha
868 834 1063 869 Hierosolymi-

1121 240 1209 268 adfuit
1234 241 1342 275 quidem
1363 241 1520 276 patriarcha
1553 239 1830 275 llierosolymilanns.
1863 242 1911 266 sed

1123 286 1268 321 deputatus
1287 296 1351 315 suos
1366 288 1450 315 misit.
1467 288 1506 315 Ita
1525 295 1575 314 ucc
1602 287 1726 314 interfurit
1756 285 1913 320 patriarcha

1123 332 1273 364 Romanus.
1289 340 1336 359 nec
1352 332 1402 359 fuit
1419 333 1470 367 ipsi
1483 333 1630 368 deputatus
1647 341 1655 366 ;
1672 340 1734 360 cum
1768 331 1836 366 ipsis
1871 337 1912 357 ta-

1122 385 1182 404 men
1209 378 1360 409 consensit,
1397 386 1546 413 eorumque
1574 379 1737 406 sententiam
1763 377 1905 411 amplexus

1121 428 1172 449 cst.
1197 423 1370 458 173-175
1386 423 1501 458 Fuitquc
1518 431 1650 451 numerus
1663 423 1855 458 episcoporum
1866 423 1913 457 qui

1122 468 1148 494 in
1167 468 1218 495 hoc
1246 468 1362 495 concilio
1378 469 1476 503 quiuto
1492 471 1681 496 convenerunt
1705 472 1816 496 centum
1834 475 1897 495 sexa

1121 513 1194 546 ginta
1214 519 1343 548 quatuor,
1356 522 1410 548 quo
1431 514 1457 541 in
1469 515 1612 549 episcopos
1632 514 1700 542 istos
1713 519 1740 542 et
1755 522 1851 542 omnes
1864 515 1911 548 qui

1125 558 1196 585 ident
1226 567 1286 586 cum
1310 560 1377 592 ipsis
1394 567 1554 588 assererent
1584 561 1729 588 anathema
1758 561 1910 588 dixerunt:

1120 604 1236 635 (scilicet
1267 605 1292 631 in
1323 605 1466 640 Origenem
1498 607 1669 641 episcopum,
1691 606 1910 642 Manimgvllatltt"

1121 649 1287 677 'l‘haddmum
1300 651 1459 686 episcopum
1485 651 1699 683 Massisicnsem,
1711 652 1786 680 lbant
1804 653 1909 687 episce-

1120 704 1184 730 pum
1203 696 1355 724 Rohcuscm
1373 701 1401 725 et
1414 697 1606 726 Theodoritnm
1629 699 1790 733 episcopum
1820 699 1909 733 Aucyv

1119 742 1238 769 ritannm
1255 751 1262 769 :
1282 746 1436 770 astrucntes
1458 751 1557 777 corpus
1577 743 1678 771 Christi
1697 743 1805 771 Domini
1818 745 1908 771 nostri

1120 795 1215 814 rerum
1233 787 1330 820 fuisse,
1347 796 1400 816 non
1420 789 1624 824 phantasticnm
1643 798 1649 822 ;
1674 797 1790 824 esseque
1823 790 1912 825 ipsum

1120 832 1204 860 Dcmn
1229 835 1392 868 perfectum,
1408 839 1434 862 ct
1458 835 1593 861 hominem
1622 835 1786 870 perfectum,
1801 835 1910 861 naturis

272 885 378 911 tantis;
395 881 440 914 qui
460 880 528 907 duos
546 887 633 907 annos
665 881 747 910 sedit.
763 881 826 908 dein
856 887 981 907 mmtuns
1013 886 1067 908 est.
1084 871 1105 898 Β
1121 879 1239 910 duabus,
1274 879 1464 907 volnu'atibus
1490 879 1607 910 duabus.
1635 879 1752 906 duorum
1781 886 1911 914 generant

274 927 354 952 Anno
374 926 480 957 imperii
505 925 629 959 ejusdem
649 926 755 952 decimo
775 927 893 961 septimo
914 926 1005 953 factus
1020 930 1063 953 est

274 971 426 1006 Eun-chius
446 971 600 1006 patriarcha
623 972 899 1006 llieromlymitauns.
931 973 975 1006 qni
993 971 1066 999 duo-

272 1017 362 1044 decim
381 1024 467 1043 annos
483 1016 563 1047 sedit,
577 1016 639 1043 dein
658 1021 782 1043 mortuus
808 1021 849 1044 cst
868 1025 874 1043 :
895 1016 974 1050 enjus
999 1024 1069 1050 pra:-

274 1063 386 1090 fecturm
401 1070 472 1089 anno
490 1062 636 1089 undecimo
660 1062 713 1089 fuit
748 1063 894 1090 conciliu-n
927 1063 1066 1096 quintum.

274 1108 353 1136 Auno
369 1108 475 1142 imperii
506 1107 630 1141 ejusdem
659 1108 766 1135 decium
791 1109 887 1143 quinto
914 1108 1002 1136 fartus
1028 1113 1069 1135 est

276 1153 398 1181 Domnus
427 1154 578 1187 patriarcha
597 1154 803 1187 Autiucheuus,
823 1155 869 1189 qui
899 1154 1067 1187 qnutnurde-

274 1199 328 1226 (im
345 1207 432 1226 annos
464 1200 546 1232 sedit,
573 1200 634 1226 dein
654 1204 780 1227 tnorlnus
796 1204 847 1227 est.
881 1199 946 1233 l-‘jus
976 1200 1069 1234 praefe-

273 1250 359 1272 ctura:
373 1253 444 1272 attito
465 1246 571 1272 decium
593 1246 673 1272 tertio
689 1246 739 1273 fuit
759 1246 907 1273 concilium
927 1246 1066 1280 quintum.

273 1293 360 1320 Porro
377 1298 498 1328 ten-pore
521 1293 667 1321 Iustiniani
684 1295 857 1329 imperatoris
878 1296 1005 1329 apparuit
1039 1295 1065 1320 in

273 1341 345 1367 cmlo
358 1341 434 1367 stella
450 1347 546 1375 magna
559 1349 619 1374 qua:
634 1341 843 1372 quatuordecim
860 1341 920 1366 dies
938 1341 1065 1367 duravit:

274 1394 305 1412 ac
322 1389 414 1421 postea
432 1387 557 1420 apparuit
575 1386 600 1412 iu
619 1387 688 1414 cmlo
716 1388 792 1413 hasta
810 1388 889 1421 ignea
916 1395 977 1420 qum
1006 1387 1066 1414 dies

275 1431 377 1465 aliquot
407 1432 517 1458 mansit.
546 1431 607 1458 Fuit
641 1433 723 1459 etiam
755 1437 877 1466 tempore
918 1431 1065 1460 Iustiniani

274 1476 404 1510 Origenes
419 1478 564 1512 cpiscopus
584 1477 774 1512 Manbagcnsis
789 1478 833 1512 qui
849 1478 1069 1513 utcletnpsyrhu-

275 1522 318 1549 sin
330 1523 459 1554 asseruit,
471 1524 700 1551 resurrectionem
713 1532 824 1559 negans.
843 1523 966 1552 Fuerunt
979 1525 1064 1551 etiam
1082 1540 1103 1568 ο

276 1566 337 1595 [Las
354 1567 499 1602 episcopus
513 1567 661 1602 llobensis,
676 1569 826 1596 Thaddasus
835 1570 980 1604 episcopus
1000 1569 1069 1596 Mas-

276 1613 401 1646 sisensis,
429 1618 457 1641 et
484 1613 668 1642 Tlieodnritus
704 1615 852 1650 cpiscopus
891 1616 1067 1650 Ancyrensis,

276 1658 324 1693 qni
354 1664 533 1686 asserucrunt
560 1667 661 1695 corpus
690 1661 795 1688 ltontiui
832 1662 918 1687 nostri
951 1660 1066 1693 Christi,

277 1705 480 1737 phantasticum
507 1705 602 1738 fuisse.
620 1706 686 1733 nihil
710 1708 736 1733 iu
752 1715 781 1734 se
796 1706 852 1733 veri
872 1706 988 1734 habens:
1003 1714 1069 1741 quo-

277 1759 337 1778 rum
373 1752 510 1778 sententia
542 1752 647 1781 audita.
676 1760 691 1778 ιι
705 1753 786 1779 ittcns
825 1753 971 1786 impera'or
995 1752 1068 1787 ipsas

277 1795 544 1830 Constantinopolim
560 1797 714 1829 accersivit,
736 1797 803 1831 ipsis
817 1804 850 1824 ac
869 1797 1001 1832 Eutychio
1020 1805 1068 1832 pzt-

276 1841 394 1867 triareba
403 1840 704 1875 Constantinopolitano
711 1842 856 1869 convenire
865 1841 957 1875 jussis.
966 1841 1035 1874 Qnib
1047 1850 1068 1868 ts

279 1886 358 1921 172
372 1886 536 1920 patriarcha,
552 1886 579 1913 Si
607 1886 689 1914 fuerit
708 1887 818 1921 (inquit)
843 1894 944 1921 corpus
964 1887 1067 1915 Christi

279 1933 432 1967 ιιιιτιιιῑειεὶει,
446 1933 494 1965 (uti
511 1934 662 1960 autumatis
683 1933 752 1967 ros.)
770 1937 853 1960 erunt
872 1934 954 1961 etiam
972 1935 1061 1961 actio-

279 1985 327 2005 nes
343 1982 369 2004 et
382 1985 472 2005 sermo
488 1978 575 2012 ipsius
597 1978 752 2012 phantasia,
775 1986 806 2006 ac
822 1979 937 2013 proinde
952 1980 1068 2013 quodvis

279 2030 378 2057 corpus
387 2023 458 2057 quod
468 2023 548 2050 alicui
564 2023 705 2050 hominum
718 2023 873 2056 tribuimus,
893 2028 938 2050 aut
952 2023 1066 2057 factum,

279 2072 325 2094 aut
343 2068 457 2099 dictum,
473 2068 571 2095 eodem
590 2067 672 2095 modo
688 2075 718 2095 se
738 2068 859 2096 habebit.
896 2068 968 2095 Dixit
986 2069 1039 2096 otia
1052 2079 1067 2095 ιι

280 2114 407 2148 episcopo
427 2112 626 2148 llanbagensi:
657 2113 782 2140 Surrexit
817 2113 950 2141 l)om’nns
976 2118 1068 2142 noster

279 2157 406 2186 Christus
434 2166 448 2184 a
473 2159 600 2190 tuortnis,
628 2158 777 2192 colemque
803 2159 884 2185 modo
901 2159 1006 2185 scimus
1021 2159 1065 2186 die

1120 924 1285 957 actionibus.
1303 930 1329 952 at
1347 933 1462 960 p:-rsoua
1483 933 1535 952 una
1554 926 1687 960 agn'tum.
1703 925 1911 962 conﬁrmarunt

1120 971 1203 998 etiam
1230 972 1392 998 sententiam
1417 977 1536 1006 quatuor
1557 971 1738 999 conciliorum
1753 971 1912 1007 przccedcn-

1119 1016 1198 1048 tiuttt,
1225 1024 1341 1051 esseque
1366 1017 1496 1043 tttnn-ittttt
1513 1017 1586 1044 hunc
1610 1018 1754 1050 caducum,
1778 1023 1911 1045 ctresnr-

1119 1062 1268 1089 rectionem
1290 1057 1445 1090 necessario
1474 1062 1606 1095 futuram,
1633 1067 1834 1098 venturumque
1862 1063 1912 1090 Du-

1120 1108 1225 1134 miuunt
1243 1111 1366 1134 nostrum
1391 1108 1531 1135 Christum
1561 1116 1623 1136 cuttt
1640 1109 1725 1143 gloria
1745 1117 1854 1144 magna.
1885 1114 1912 1136 ct

1118 1153 1304 1186 judicaturum
1316 1154 1393 1180 viros
1408 1158 1434 1180 et
1449 1159 1572 1181 ntortuos
1587 1154 1818 1188 quemadutmlum
1837 1155 1910 1182 amr-

1120 1203 1229 1226 marnut
1244 1199 1360 1226 trecenti
1377 1199 1529 1226 octodecim
1557 1198 1689 1234 [Patres].
1704 1199 1770 1228 Dein
1785 1201 1911 1228 honorati

1120 1248 1273 1275 redierunt.

1154 1292 1212 1320 1am
1230 1301 1244 1320 δ
1261 1293 1380 1321 concilio
1400 1297 1498 1328 quarto
1513 1297 1707 1321 sescentorum
1724 1293 1836 1328 triginta
1859 1300 1909 1320 co-

1120 1347 1180 1365 rnut
1199 1339 1246 1373 qui
1268 1339 1436 1367 Chalcedonii
1453 1343 1651 1371 convenerunt.
1669 1347 1701 1366 ac
1720 1340 1866 1366 anathema
1886 1339 1912 1366 in

1118 1384 1258 1412 Jacobitas
1283 1385 1491 1415 tlennn'iarnnt,
1514 1385 1547 1411 ad
1571 1384 1719 1412 concilium
1743 1384 1816 1411 istud
1833 1385 1913 1420 quin-

1119 1435 1176 1458 tum
1203 1435 1313 1458 centum
1336 1431 1476 1464 sexaginta
1499 1435 1619 1465 quatuor
1638 1430 1843 1465 episcoporum,
1866 1431 1913 1462 qui

1118 1475 1358 1510 Constantinopoli
1372 1480 1572 1508 convenerunt,
1587 1475 1650 1502 anni
1671 1480 1737 1503 sunt
1753 1480 1863 1503 centntn
1883 1482 1910 1503 ct

1120 1526 1195 1552 tres;
1217 1521 1322 1555 fuitque
1342 1521 1393 1548 hoc
1411 1528 1484 1547 anno
1501 1521 1607 1555 imperii
1624 1521 1775 1548 Justiniaui
1795 1522 1914 1555 impera-

1121 1567 1188 1594 toris
1206 1566 1395 1594 Romanorum
1412 1566 1543 1593 vicesimo
1565 1567 1694 1601 septimo.
1711 1566 1789 1599 Quod
1811 1567 1844 1593 ad
1857 1566 1911 1594 K0-

1121 1613 1217 1641 Iiadcm
1246 1612 1358 1640 Phirnli
1393 1613 1478 1639 ﬁlium
1510 1611 1656 1640 Persarum
1685 1620 1797 1648 regem,
1823 1613 1911 1647 ipsum

1121 1659 1237 1685 aversati
1258 1658 1382 1685 homines
1395 1666 1410 1685 c
1427 1657 1516 1685 medio
1530 1658 1625 1685 tollere
1642 1658 1818 1690 studuerunt,
1835 1658 1915 1693 176

1121 1704 1173 1731 nisi
1191 1704 1264 1738 quod
1281 1711 1295 1730 a
1317 1704 1420 1730 tit-ario
1435 1703 1522 1738 ipsius
1537 1703 1678 1731 Soachero
1698 1703 1837 1731 timerent.
1854 1703 1912 1730 Nuu

1119 1749 1284 1776 destiterunt
1299 1757 1364 1784 ergo
1380 1749 1469 1784 ipsum
1483 1755 1580 1776 contra
1597 1747 1730 1776 vicarium
1752 1756 1831 1775 suum
1847 1748 1914 1775 Soa-

1120 1795 1234 1822 chernm
1263 1796 1326 1822 dolo
1356 1795 1472 1823 incitare
1499 1796 1586 1823 donec
1610 1795 1700 1831 ipsum
1728 1795 1914 1828 interficeret;

1119 1848 1199 1874 quem
1213 1841 1258 1868 tibi
1275 1841 1469 1874 interfecisset,
1482 1848 1626 1876 aggressus
1642 1841 1730 1876 ipsum
1743 1841 1853 1876 quidam
1866 1848 1915 1868 no-

1121 1884 1193 1911 mine
1215 1885 1325 1912 lllazde‘k
1341 1893 1403 1912 cunt
1423 1886 1508 1913 sociis
1531 1887 1602 1917 suis,
1625 1885 1695 1913 dixit
1711 1886 1761 1920 ipsi
1784 1885 1915 1913 :Cousti-

1121 1930 1172 1957 luit
1200 1930 1270 1958 Deus
1294 1930 1461 1966 [hominum]
1484 1930 1609 1960 dimensa
1629 1931 1656 1958 in
1677 1936 1750 1959 terra
1776 1936 1806 1958 ut
1830 1936 1857 1959 tu
1883 1939 1913 1958 ea

1119 1976 1261 2010 mqualitcr
1287 1976 1356 2010 ipsis
1387 1976 1556 2008 d.strilmas,
1583 1984 1618 2004 ne
1640 1976 1682 2003 sit
1708 1977 1826 2012 cuipiam
1853 1977 1913 2011 plus

1120 2029 1201 2055 quam
1231 2021 1335 2055 alteri;
1365 2030 1461 2049 verum
1492 2022 1619 2050 homines
1654 2022 1753 2057 injuria
1785 2023 1856 2050 inter
1885 2030 1915 2050 se

1120 2071 1215 2101 agunt,
1242 2075 1408 2102 unoquoque
1431 2075 1460 2094 se
1486 2068 1563 2095 fratri
1588 2075 1639 2096 suo
1656 2068 1843 2102 praeferente:
1865 2077 1914 2097 nos

1120 2118 1186 2146 ergo
1200 2112 1251 2139 hac
1273 2113 1306 2140 dc
1329 2120 1358 2140 re
1376 2113 1565 2147 dispicientcs,
1583 2114 1750 2148 pauperibus
1768 2114 1883 2150 [debita]
1899 2124 1912 2142 a

1121 2157 1253 2185 divitibus
1279 2158 1461 2193 accipiemus,
1479 2164 1506 2186 ct
1531 2159 1566 2187 ab
1591 2160 1624 2187 iis
1649 2160 1748 2195 quibus
1766 2161 1828 2196 plus
1847 2161 1916 2188 satis

280 2203 372 2236 iudicii
390 2202 513 2230 homines
542 2207 760 2230 resurrecturus.
781 2203 854 2230 Dixit
882 2204 956 2230 enim
986 2204 1066 2231 nobis
1082 2207 1162 2237 Dest
1184 2203 1344 2240 [detracta]
1369 2204 1554 2240 indigentibus
1581 2206 1747 2240 reddemus;
1773 2212 1800 2234 et
1825 2207 1848 2234 si
1868 2208 1918 2234 cui

280 2250 306 2276 in
337 2249 482 2284 Evangelio
519 2257 569 2277 stto
593 2254 711 2276 salicto:
744 2249 839 2277 Veniet
869 2250 934 2276 hora
957 2251 1067 2284 quando

281 2304 374 2323 omnes
389 2296 436 2331 qui
453 2300 517 2323 sunt
538 2296 564 2322 in
589 2295 722 2329 sepulcris
751 2295 894 2324 audientes
910 2304 1004 2323 vocem
1023 2295 1068 2322 l-‘i-

280 2342 306 2368 lii
329 2340 374 2368 Dei
395 2341 492 2368 victuri
509 2341 572 2367 sint.
585 2339 729 2373 Quomodo
749 2349 813 2374 ergo
830 2340 923 2368 dicitis
939 2349 992 2367 non
1024 2341 1068 2367 fn-

281 2394 367 2413 turam
394 2385 645 2413 resurrectionem?
670 2385 761 2419 Quare
777 2387 850 2419 ipsos
877 2387 1067 2414 excommuni-

279 2433 349 2459 cavit
373 2436 398 2459 ct
414 2431 590 2459 anathemate
607 2431 727 2460 devovit.
748 2433 837 2460 Jussit
851 2433 933 2460 ctiam
952 2433 1070 2468 impera-

278 2485 319 2505 tur
353 2477 434 2505 indici
459 2478 526 2510 ipsis
552 2478 714 2508 concilium,
749 2478 774 2504 iu
809 2486 865 2513 quo
893 2479 1070 2506 anathemate

278 2523 435 2551 ti-rirentnr.
468 2522 584 2557 Scriptis
613 2530 679 2558 ergo
692 2523 724 2550 ad
752 2528 871 2558 quatuor
899 2524 1070 2557 patriarchas

279 2567 378 2594 litteris
397 2574 444 2594 eos
461 2567 608 2594 convenire
621 2567 720 2602 jussit;
749 2567 876 2595 videlicet
900 2568 932 2594 ad
968 2569 1070 2603 Apolli-

282 2612 386 2639 narium
403 2613 585 2648 patriarcbam
610 2613 838 2645 Alexandrinuml
859 2613 992 2640 Domuum
1020 2622 1068 2648 pa-

283 2659 429 2685 tt'iarcltaat
445 2658 662 2688 Antiochennm.
683 2657 849 2693 Eutychinm
881 2660 1066 2692 patriarchant

283 2704 569 2739 llierosolymitanum,
594 2708 620 2730 et
654 2703 780 2738 Vigilinm
804 2704 989 2738 pili-iarcham
1015 2705 1069 2732 Ru-

283 2758 391 2776 tnaunnt
406 2759 413 2782 ;
427 2754 456 2777 ιιι
478 2749 748 2784 Constantinopolim
764 2749 938 2782 accederent,
956 2750 1002 2784 qui
1024 2751 1064 2778 is-

283 2799 371 2822 torum
398 2796 590 2830 episcoporum
618 2795 894 2822 anatltcmatizationl
928 2795 1068 2824 adessent.

283 2841 333 2873 Qui
356 2849 422 2876 ergo
447 2845 633 2869 accesserunt.
652 2840 778 2868 Interfuit
792 2842 874 2869 ctiam
888 2841 952 2869 huic
969 2842 1068 2869 conci-

1123 2249 1184 2284 plus
1199 2257 1281 2284 quam
1306 2258 1354 2285 par
1371 2256 1414 2278 est
1437 2251 1519 2278 ftterit
1536 2259 1630 2286 opum,
1649 2253 1804 2286 mulierum,
1821 2261 1914 2281 servo-

1123 2303 1195 2327 rum,
1223 2301 1251 2322 ct
1275 2296 1466 2330 supellectilis,
1496 2297 1560 2324 illud
1594 2298 1646 2333 ipsi
1669 2299 1828 2333 cripicmus,
1859 2307 1914 2334 quo

1123 2340 1212 2375 ipsum
1236 2346 1263 2368 et
1288 2342 1356 2369 alios
1383 2342 1454 2369 inter
1470 2350 1499 2370 se
1517 2351 1597 2377 pares
1619 2343 1764 2376 faciamus,
1780 2351 1830 2371 nec
1851 2345 1913 2379 quis

1124 2394 1180 2421 prae
1203 2387 1264 2414 aliis
1287 2388 1320 2413 ad
1347 2395 1404 2414 rem
1427 2388 1546 2422 aliquam
1563 2389 1609 2423 jus
1633 2388 1742 2416 haheat.
1766 2389 1916 2424 Coeperunt.-

1124 2433 1207 2468 igitur
1227 2433 1367 2460 hominum
1387 2433 1493 2466 domos,
1508 2435 1635 2462 mulieres
1649 2439 1677 2462 et
1692 2443 1757 2470 opes
1773 2435 1912 2463 invadere.

1123 2478 1247 2512 Cumque
1274 2478 1465 2512 invaluissent,
1480 2479 1608 2507 Kobadcn
1629 2479 1738 2507 Phiruzi
1758 2480 1912 2508 filiumloeo

1123 2523 1242 2558 qundam
1261 2523 1434 2551 inc-ludentes
1452 2525 1495 2551 ubi
1520 2526 1620 2552 nemini
1647 2525 1736 2560 ipsum
1760 2526 1835 2553 adire
1851 2534 1912 2560 per-

1125 2568 1251 2600 missum,
1265 2569 1409 2603 quemdam
1424 2570 1542 2600 .n0tuine
1556 2569 1696 2604 Ramasph
1720 2571 1808 2606 ipsius
1829 2579 1915 2599 avun—

1124 2613 1216 2640 culum
1238 2613 1263 2640 in
1288 2613 1376 2641 locum
1404 2614 1463 2647 ejus
1480 2614 1658 2642 sull‘ecrrunt.
1683 2614 1743 2648 Quo
1765 2621 1914 2650 conspecto

1124 2659 1198 2693 ipsus
1220 2659 1332 2686 adortus
1350 2659 1523 2700 .Bazarmahr
1548 2667 1609 2687 cum
1634 2661 1738 2696 aliquot
1765 2662 1910 2689 Persaruut

1124 2705 1275 2737 nobilibus,
1298 2705 1390 2732 nmltis
1409 2712 1424 2731 e
1440 2705 1560 2732 Mazdcki
1578 2706 1725 2734 comitibus
1751 2707 1912 2738 interfectis.

1123 2750 1250 2777 Kubadcn
1269 2749 1379 2776 Phil-nti
1408 2749 1492 2776 lilium
1512 2750 1572 2778 loco
1600 2758 1741 2786 regnoque
1765 2759 1816 2779 suo
1832 2753 1913 2779 resti-

1124 2796 1187 2824 tuit.
1205 2795 1292 2830 cjccto
1308 2795 1470 2830 Hamasphu.
1487 2795 1520 2822 Αι
1538 2803 1590 2822 non
1616 2796 1781 2824 destiterunt
1803 2798 1850 2831 qui
1868 2806 1915 2825 sn-

1125 2846 1250 2876 pctcrant
1273 2849 1286 2868 c.
1307 2840 1489 2868 lllazdckianis
1514 2841 1640 2869 Kobadcu
1662 2842 1799 2875 pclltccrc.
1822 2842 1911 2869 donec
