2014 3082
116 112 186 144 1075

628 115 810 145 EU'I‘YCHll
830 114 1048 145 ALEXAND!“
1056 115 1094 144 NI
1114 115 1221 145 PATR.

1667 110 1735 142 107:3

114 167 201 195 Bazar
223 167 347 195 Mabrnm
364 175 451 197 morte
472 170 624 199 multasset.
643 171 710 198 lndc
730 177 897 199 commotum
914 178 935 205 Α
951 172 1080 199 tiochiam
1096 171 1278 204 discrepantia
1294 173 1363 197 esset
1381 177 1442 205 qum
1456 169 1536 196 oculo
1551 169 1653 204 percipi
1672 177 1749 203 pos-,

113 218 153 238 est
173 217 270 239 contra
296 213 475 249 177-179
494 215 584 250 ipsum
613 224 726 252 regnum
750 217 847 251 ipsius.
872 223 900 246 et

114 257 274 290 prodierunt
289 258 336 293 qui
355 259 530 287 rebellionem
549 261 731 289 concitarent.
752 262 819 290 Cum
834 271 900 298 ergo

113 303 218 330 videret
233 311 288 338 quo
312 305 498 339 pervenissent
518 314 562 334 res
584 315 651 340 suae,
677 310 839 343 poenitentia
865 310 900 337 ob

114 346 280 376 Soacherem
299 349 404 384 ﬁliique
420 350 507 384 ipsius
527 352 626 379 eadem
645 353 745 382 ductus
762 361 814 382 est.
833 355 899 382 Dein

114 399 239 422 mortuus
250 399 289 421 est
302 394 437 428 Kobades,
451 404 512 424 cum
524 403 596 425 esset
608 402 697 426 totum
709 407 765 434 quo
778 402 900 435 regnavit

114 440 244 473 spatium,
262 447 314 467 una
332 449 394 468 cutn
410 442 490 470 annis
506 443 606 477 quibus
628 453 741 479 regnum
757 448 900 482 occupavit

115 483 263 518 liamasph,
286 492 420 514 annorum
446 488 625 523 quadraginta
645 491 739 518 triutn.
762 491 900 520 Successit

113 529 163 563 ipsi
180 529 252 557 ﬁlius
269 530 357 564 ipsius
374 532 456 560 Cesra
473 533 591 562 Kobadis
613 535 684 564 tilius
700 536 770 564 idem
786 538 832 572 qui
852 546 900 573 ap-

113 573 229 607 pellatus
253 580 296 602 est
315 577 397 604 etiattt
421 579 611 612 Atntshervvan
628 589 635 613 ;
655 582 702 616 qui
727 589 815 609 annos
832 590 900 618 qua-

113 619 238 654 draginta
259 627 363 657 septem
388 629 416 652 et
437 632 485 652 sex
515 634 623 654 menses
648 628 792 663 regnavit;
819 629 900 663 idqtte

113 673 185 694 anno
207 668 314 703 imperii
337 670 484 699 Justiniani
514 672 699 701 Romanorum
724 675 899 709 imperatoris

112 717 222 745 quarto.
242 713 327 742 Cesra
352 721 444 744 autent
468 717 708 746 Mazdekianorum
730 719 900 754 principibus

113 765 198 793 regno
213 766 264 787 suo
288 761 386 795 pulsis,
407 769 474 796 opes
497 770 567 797 quas
587 764 612 791 vi
634 763 805 799 eripuerant,
826 764 900 791 acci-

113 804 190 838 piens
209 804 328 833 dominis
346 807 464 834 reddidit
480 816 487 840 ;
508 812 536 836 et
558 808 580 836 si
596 808 716 843 cuipiam
736 816 790 836 non
804 816 900 843 super-

949 223 991 245 Set
1015 226 1021 244 :
1050 217 1139 251 qualis
1163 217 1208 244 ubi
1238 219 1378 246 exstructa
1400 220 1473 242 esset
1498 213 1583 248 ipsam
1608 214 1739 247 nontianr

950 262 1108 298 appellavit,
1125 269 1211 297 eoque
1233 261 1385 288 Antiochia:
1405 260 1509 287 incolas
1530 258 1682 290 transtulit,
1701 259 1735 292 ad

949 316 1009 336 eam
1033 307 1214 335 incolendam.
1237 307 1288 340 Qui
1306 306 1350 333 ttbi
1376 306 1409 332 ad
1435 306 1521 340 ipsam
1545 305 1737 340 pervenientes

950 354 1025 380 urbis
1043 357 1149 388 portam
1167 352 1283 386 ingressi
1299 355 1403 383 essent,
1417 351 1545 377 abierunt
1562 350 1676 383 singulae,
1694 350 1733 376 fa-

951 398 1032 425 milia:
1051 398 1079 424 in
1096 397 1168 424 aedes
1183 397 1241 423 suis
1254 395 1367 428 similes,
1385 403 1417 423 ac
1437 395 1458 423 si
1474 395 1616 422 Antiochia
1631 394 1734 430 egressi

951 443 977 469 in
993 443 1117 470 eamdem
1136 442 1235 469 reversi
1251 446 1354 469 essent.

987 488 1072 515 Porro
1085 496 1157 514 anno
1177 486 1282 522 imperii
1303 485 1451 513 Jnstiniani
1478 484 1664 511 Romanorum
1683 483 1736 510 int-

950 541 1006 569 pcr.
1024 533 1162 560 tricesimo
1177 533 1264 567 primo
1274 532 1441 559 constitutus
1464 536 1507 557 est
1532 529 1660 564 l'elagius
1688 536 1736 562 pa-

951 579 1069 605 triarcha
1091 577 1241 609 Romanus,
1257 578 1303 612 qui
1329 585 1390 604 cum
1407 581 1524 611 quatuor
1544 583 1632 602 annos
1651 575 1736 602 sedis-

950 628 991 651 set
1011 628 1135 650 mortuus
1149 627 1201 651 est.
1222 624 1301 650 Auno
1321 622 1430 657 imperii
1452 622 1575 656 ejusdem
1598 621 1736 648 tricesimo

949 669 1045 704 quinto
1055 669 1221 696 constitutus
1230 673 1271 695 est
1284 668 1402 698 Joannes
1416 667 1572 702 patriarcha
1584 667 1734 694 Romanus.

949 715 1092 742 duodecim
1104 722 1189 741 annos
1204 715 1284 746 sedit,
1303 715 1364 741 dein
1380 719 1505 740 mortuus
1521 715 1573 740 est.
1586 713 1667 739 Anno
1680 712 1726 737 im-

950 760 1017 795 perii
1045 759 1132 794 ipsius
1157 759 1295 787 tricesimo
1318 759 1484 786 constitutus
1502 762 1546 785 est
1573 757 1736 784 Anastasius

951 813 1065 840 magnus
1083 806 1237 840 patriarcha
1253 805 1453 835 Antiochenus,
1473 803 1520 839 qui
1537 811 1599 831 curn
1616 811 1662 830 sex
1687 810 1736 828 an~

113 853 184 876 esset
203 850 290 878 barres
314 851 369 887 [cui
383 853 572 890 redderentur]
590 861 638 882 eas
651 855 721 890 apud
737 863 767 883 se
781 855 898 882 detinuit
913 856 935 885 Β
950 859 999 878 nos
1015 851 1131 878 sedisset
1153 851 1188 878 ab
1204 850 1382 878 Antioubenis
1398 849 1485 884 stupri
1514 853 1659 876 accusatus
1679 854 1732 874 est.

113 895 144 921 ad
169 897 349 930 reparandum
371 899 445 932 quod
471 903 644 933 corruptum,
661 903 688 927 et
711 901 901 928 aediﬁcandum

113 941 183 974 quod
210 942 330 970 dirutum
357 943 458 972 fuerat.
483 945 516 972 Et
542 946 627 974 sicui
648 947 673 973 vi
701 947 789 974 ablata
813 947 902 974 fuerat

113 987 222 1018 domus.
239 988 280 1016 vel
301 996 375 1024 ager,
403 998 433 1018 re
459 996 604 1026 perSpecta
626 999 658 1020 ea
685 993 736 1028 ipsi
760 993 901 1026 restituit;

113 1038 143 1059 ac
165 1033 189 1059 si
204 1033 267 1068 quis
283 1035 426 1062 mulierem
443 1036 495 1064 sibi
517 1037 543 1064 vi
559 1043 683 1072 ceperat,
707 1038 831 1065 eantdem
850 1038 902 1073 ipsi

114 1077 242 1107 auferens
260 1079 352 1108 dotem
377 1089 441 1114 una,
463 1083 548 1118 duplo
569 1083 634 1111 dote
655 1084 742 1119 ipsius
758 1084 901 1119 majorem,

114 1125 239 1158 sutnpsit.
259 1125 311 1153 nisi
324 1134 387 1154 cum
406 1127 431 1155 ei
447 1135 495 1162 par
514 1134 597 1161 esset,
613 1138 729 1164 eamque
750 1131 784 1158 ab
799 1131 858 1165 ipso
876 1131 902 1157 in

114 1177 225 1197 uxorem
237 1171 374 1200 obtineret
387 1182 394 1200 :
407 1175 483 1209 quod
498 1175 521 1202 si
534 1176 558 1202 ei
577 1179 693 1203 tnarittts
705 1180 788 1209 esset,
805 1175 903 1203 marito

113 1214 185 1242 dotis
208 1220 325 1250 tantum,
347 1222 494 1253 quantum,
514 1227 575 1246 cum
599 1228 658 1247 eam
685 1221 774 1255 primo
790 1221 903 1249 duceret

113 1266 267 1295 acceperat.
284 1262 361 1289 dedit
375 1271 382 1296 ;
399 1271 516 1298 eamque
535 1265 662 1296 maritus,
679 1266 702 1293 si
723 1273 754 1292 ea
769 1265 820 1300 ipsi
834 1273 904 1299 opus

113 1311 196 1338 esset,
216 1307 268 1333 sibi
293 1307 398 1335 habuit.
417 1308 482 1336 Illud
507 1315 599 1338 autem
617 1311 688 1345 qttod
712 1311 800 1345 ipsum
820 1311 904 1338 tnovit

117 1352 265 1385 quominus
283 1354 446 1388 supplicium
471 1355 504 1383 iis
527 1356 573 1390 qui
589 1357 692 1383 nefaria
708 1357 904 1384 commiserant

113 1395 236 1428 inferret,
259 1397 321 1431 fuit,
343 1399 414 1434 quod
436 1401 529 1435 populi
555 1401 636 1436 180
659 1409 753 1428 curant
781 1402 903 1433 haberet,

113 1449 191 1476 quem
202 1444 311 1478 penitus
326 1445 438 1478 perdere
456 1446 554 1474 noluit.
572 1446 657 1474 Jussit
668 1447 752 1474 etiam
764 1447 901 1474 numerari

113 1488 211 1516 liberos
221 1490 450 1523 patrumfamilias
469 1497 495 1519 ct
508 1492 637 1520 nobiliutn
654 1493 711 1527 qui,
727 1500 789 1520 cum
807 1494 903 1527 periis-

113 1534 329 1568 sentquieornm
346 1543 439 1564 curam
458 1545 553 1572 gerere
570 1537 713 1570 deberent,
730 1539 762 1565 ad
780 1538 898 1572 inopiaut

114 1577 215 1606 redacti
231 1584 307 1612 sunt,
326 1585 354 1608 et
370 1581 396 1608 in
414 1582 535 1617 ipsorum
551 1583 691 1617 Orphanos
707 1584 753 1617 qui
773 1590 900 1618 superes-

113 1630 174 1652 sent
188 1630 215 1652 et
240 1626 336 1653 viduas
362 1626 500 1663 [inquiri],
521 1627 644 1662 ipsisque
669 1631 742 1663 quod
764 1628 897 1656 sull‘tceret

113 1670 292 1704 suppeditari,
318 1679 368 1698 nec
390 1679 444 1699 non
463 1673 573 1699 edoceri
596 1673 667 1700 ﬁlios
687 1674 807 1708 ipsorum
826 1680 900 1701 artes

113 1715 211 1748 quibus
231 1715 320 1742 idonei
339 1720 442 1747 essent,
461 1716 531 1742 ﬁlias
553 1720 645 1742 autetn
669 1717 785 1748 paribus
811 1717 868 1744 suis
885 1725 900 1744 e.

114 1759 259 1788 ditioribus
275 1765 388 1793 nuptutn
402 1761 471 1787 dari.
484 1760 570 1788 Jussit
582 1761 664 1788 etiam
683 1761 784 1796 inquiri
800 1762 826 1789 in
840 1762 899 1790 loca

113 1809 138 1832 et
159 1806 258 1840 praedia
290 1813 407 1842 quorntn
433 1806 541 1834 Domini
568 1814 630 1833 eum
656 1807 788 1834 tenuioris
818 1808 900 1835 sortis

114 1857 202 1880 essent
221 1853 253 1879 iis
269 1852 390 1881 colendis
416 1860 471 1880 non
490 1858 578 1884 erattt,
598 1858 627 1880 ut
651 1853 760 1881 emissis
776 1853 860 1880 alveis
874 1859 900 1880 ct

114 1897 254 1924 canalibus
279 1898 473 1926 derivarentnr
496 1899 529 1926 ad
554 1907 585 1926 ea
613 1899 698 1932 ﬂuvii,
723 1900 900 1934 ipsorumque

113 1943 232 1970 dominis
246 1944 414 1978 suppeditari
429 1944 502 1978 quod
519 1949 664 1979 erogarent
680 1945 706 1972 in
722 1945 794 1979 agris
808 1953 901 1971 seren-

113 1989 153 2016 dis
165 1997 197 2016 ac.
213 1997 311 2024 pecore
324 1989 458 2021 curando,
473 1990 606 2017 rationem
622 1991 703 2018 etiam
720 1991 812 2018 haberi
829 1991 902 2018 vico-

113 2043 171 2061 rum
194 2035 240 2071 qui
261 2034 376 2062 desolati
397 2034 525 2069 fuerant;
544 2043 575 2062 ac
599 2036 703 2064 exstrui
728 2044 805 2063 arces
828 2036 900 2063 unde

113 2083 202 2108 metus
218 2086 278 2106 esse
297 2083 402 2115 posset.
415 2080 482 2107 Tutu
499 2081 683 2113 consiliarios,
701 2081 844 2116 praefectos
874 2086 900 2108 ct

113 2125 218 2159 indices
234 2126 335 2153 electos
351 2126 377 2152 ιιι
397 2127 546 2160 provinciis
561 2127 716 2154 collocavit.
736 2127 762 2154 In
782 2128 899 2154 medium

953 896 1027 931 Fuga
1055 904 1121 931 ergo
1146 904 1176 924 se
1198 896 1233 924 ab
1255 896 1308 923 illis
1335 895 1490 930 subripiens
1521 899 1609 921 vestes
1637 894 1737 928 quibus

952 949 1031 968 sacra
1049 949 1179 976 peragere
1200 942 1298 969 Solitos
1325 941 1423 972 fuerat,
1443 939 1578 975 sepelitit,
1605 946 1636 965 ac
1658 937 1737 965 dissi-

953 987 1057 1014 mulato
1077 987 1171 1014 ltabitu
1192 987 1380 1022 Hierosolyma
1400 985 1536 1021 profectus
1560 988 1624 1015 est;
1644 983 1689 1009 ubi
1711 982 1738 1008 in

953 1032 1054 1067 tetuplo
1075 1031 1297 1059 Besurrectionis
1315 1031 1475 1065 candelapta
1494 1030 1593 1060 factus,
1610 1029 1737 1055 lucernas

954 1078 1103 1110 accendit;
1128 1085 1216 1112 eoque
1247 1085 1362 1104 munere
1390 1076 1486 1111 viginti
1512 1079 1630 1109 quatuor
1658 1075 1737 1101 annis

955 1123 1064 1151 functus
1078 1127 1132 1157 est,
1147 1123 1276 1151 Ecclesia:
1296 1123 1339 1149 isti
1360 1122 1440 1157 184
1458 1121 1621 1151 inserviens,
1649 1120 1738 1146 lucer-

955 1178 1002 1197 nas
1034 1169 1062 1196 in
1088 1169 1146 1204 ipsa
1174 1168 1360 1199 accendendo,
1382 1168 1491 1194 neruine
1515 1167 1623 1193 interim
1649 1167 1738 1201 ipsum

955 1216 1142 1251 patriarchatn
1162 1216 1284 1243 functum
1303 1223 1365 1242 esse
1387 1215 1587 1248 dignosecnte:
1607 1213 1633 1240 in
1650 1213 1738 1239 locum

954 1267 1044 1289 autem
1070 1261 1157 1296 ipsius
1174 1261 1341 1288 substitutus
1360 1264 1402 1287 est
1417 1259 1564 1294 Gregorius
1584 1259 1737 1292 patriarcha

954 1307 1154 1338 Antiocltenus,
1167 1307 1214 1342 qui
1232 1307 1327 1341 viginti
1344 1311 1462 1340 quatuor
1479 1313 1566 1332 annos
1579 1305 1660 1335 sedit,
1677 1304 1738 1330 dein

955 1357 1080 1380 mortuus
1100 1356 1152 1379 est.
1170 1352 1251 1379 Anno
1265 1356 1356 1379 autem
1376 1351 1483 1384 imperii
1506 1349 1652 1377 Iustiniani
1669 1350 1738 1375 Vice~

954 1400 1024 1428 simu
1042 1407 1114 1427 notto
1134 1399 1301 1428 constitutus
1323 1403 1366 1426 est
1383 1398 1519 1424 Macarius
1539 1396 1676 1424 secundus
1696 1403 1738 1429 pa-

955 1446 1074 1473 triarcha
1093 1445 1367 1480 llierosolytnitanus,
1383 1443 1428 1479 qui
1452 1447 1571 1478 quatuor
1588 1449 1675 1468 annos
1699 1448 1737 1468 sc«

955 1489 1006 1522 dit,
1024 1489 1086 1517 dein
1101 1493 1226 1516 tnortuus
1237 1494 1288 1516 est.
1306 1488 1384 1515 Anno
1401 1487 1506 1522 imperii
1522 1486 1643 1520 ejusdem
1659 1485 1738 1511 trice-

953 1537 1023 1565 simo
1058 1537 1140 1564 tcrtio
1171 1538 1339 1565 constitutus
1370 1541 1412 1563 est
1448 1535 1549 1562 ibidem
1585 1532 1738 1568 patriarcha

950 1583 1082 1615 Joannes,
1109 1585 1155 1618 qui
1185 1585 1278 1610 decem
1306 1590 1393 1609 annos
1419 1582 1499 1613 sedit,
1526 1580 1588 1607 dein
1614 1583 1738 1605 mortuus

950 1634 1003 1656 est.
1019 1630 1098 1656 Anno
1111 1637 1176 1656 vero
1198 1629 1306 1664 imperii
1323 1628 1366 1656 sui
1380 1628 1512 1655 vicesimo
1527 1630 1625 1653 octavo
1639 1625 1738 1652 certior

951 1674 1041 1702 factus
1058 1674 1223 1709 Eutychium
1249 1674 1433 1709 patriarchatn
1457 1670 1738 1704 Constantinopolita-

951 1729 1015 1748 nutn
1029 1720 1136 1748 veritati
1145 1721 1335 1747 contradicere
1346 1727 1377 1746 ac
1386 1719 1537 1747 Jacobitatn
1553 1718 1653 1744 factum
1666 1725 1737 1749 esse,

953 1768 1040 1801 ipsum
1058 1767 1084 1793 in
1108 1766 1235 1794 evsilium
1248 1765 1339 1799 ejecit,
1356 1764 1437 1799 cujus
1460 1764 1486 1790 in
1504 1764 1591 1790 locum
1609 1762 1737 1790 collectus

951 1817 992 1839 cst
1008 1812 1044 1839 ibi
1068 1811 1189 1840 Joannes
1213 1817 1242 1838 ttt
1267 1811 1471 1846 patriarchatus
1486 1808 1737 1842 Constantinopoli-

953 1858 1008 1884 tani
1037 1866 1150 1885 tnunere
1169 1857 1346 1893 fungeretur,
1365 1857 1411 1890 qtti
1434 1860 1538 1890 septem
1563 1863 1650 1882 annos
1669 1855 1737 1882 sedit

951 1904 1013 1931 dein
1035 1909 1162 1932 mortuus
1177 1910 1228 1931 est.
1246 1903 1316 1930 Tum
1333 1903 1482 1938 Eutychius
1497 1902 1652 1936 patriarcha
1670 1900 1737 1928 re‘c—

951 1953 1030 1981 gntus
1047 1949 1240 1982 imperatorem
1262 1956 1409 1983 aggressus
1431 1952 1473 1975 est
1496 1955 1547 1982 ope
1563 1947 1738 1974 consiliario-

953 2001 1011 2020 rum
1026 1997 1051 2020 et
1064 1994 1176 2024 dueum.
1197 1994 1242 2028 qtti
1260 1994 1348 2027 ipsum
1370 1998 1503 2028 rogarunt
1520 1998 1548 2019 ut
1566 2001 1626 2019 curn
1644 1992 1737 2019 cathe-

951 2039 1007 2066 dxsc
1020 2040 1187 2071 restitueret,
1203 2039 1336 2074 siquidem
1355 2038 1450 2065 falsum
1471 2038 1556 2065 fuisse
1569 2037 1641 2071 quod
1657 2037 1690 2063 de
1706 2044 1738 2063 eo

952 2085 1054 2112 dictnnt
1078 2085 1178 2111 fuerat.
1196 2084 1338 2112 Calltedrae
1351 2091 1416 2117 ergo
1430 2084 1463 2110 ab
1481 2083 1644 2117 imperatore
1661 2083 1737 2109 resti-

953 2135 1028 2157 lutns
1055 2134 1117 2162 est;
1144 2138 1224 2164 quam
1256 2137 1318 2156 cum
1349 2128 1529 2164 quadriennio
1556 2131 1736 2161 occupaverat

113 2171 196 2198 etiam
219 2171 332 2205 prolatis
356 2171 483 2198 Azdsbiri
504 2171 582 2199 libris
597 2173 643 2206 qtti
669 2173 755 2208 ipsius
775 2173 898 2200 instituta
917 2185 937 2212 ο
952 2181 1076 2202 mortuus
1092 2180 1144 2203 es'.
1170 2175 1249 2202 Anno
1265 2175 1387 2209 ejusdem
1404 2174 1545 2201 tricesimo
1570 2181 1654 2202 nono,
1673 2181 1737 2199 con-

112 2224 172 2251 qnae
189 2216 336 2243 observare
357 2216 461 2243 solebat
480 2217 665 2248 continerent.
690 2218 724 2245 ad
748 2226 779 2245 ea
803 2219 899 2246 obser-

113 2261 201 2288 vanda
228 2261 354 2287 homines
380 2260 481 2294 adegit.
510 2261 592 2296 idque
621 2263 725 2297 scripto
750 2263 899 2297 provinciis

113 2305 284 2341 signiﬁcavit.
297 2305 399 2333 Deinde
415 2311 558 2341 postquam
572 2315 669 2335 ttovem
686 2316 772 2335 anttos
788 2316 898 2343 regnas-

112 2357 160 2383 set,
177 2359 304 2386 annoque
326 2351 435 2386 imperii
461 2351 611 2381 Justiniaui
639 2352 826 2380 Romanorum
845 2354 898 2380 im~

112 2399 243 2432 puraloris
259 2398 435 2429 duodecimo.
452 2398 545 2432 copias
561 2406 626 2426 suas
643 2399 819 2426 Antiochiam
839 2407 898 2426 ver-

113 2452 156 2471 sus
187 2443 299 2475 eduxit,
336 2443 380 2470 ubi
413 2442 560 2470 Iustiniani
597 2444 748 2471 exercitum
785 2444 896 2471 obvium

112 2490 226 2522 habens,
256 2489 351 2524 prselio
377 2497 440 2516 cum
467 2489 533 2523 ipsis
561 2490 720 2521 decertavit,
749 2490 897 2524 urbemque

112 2534 181 2568 repit
205 2543 212 2561 :
233 2534 389 2569 jubcnsque
415 2534 521 2569 depingi
549 2535 600 2561 sibi
627 2535 723 2561 urbem
744 2535 895 2563 secundum

112 2586 264 2605 mensuram
278 2587 356 2607 suam
373 2587 404 2606 ac
417 2580 615 2607 domiciliorum
634 2587 789 2613 numerum,
803 2581 897 2617 181-

111 2624 191 2660 183
206 2629 260 2652 tant
279 2625 405 2661 superius
426 2633 508 2660 quam
527 2625 653 2660 inferius,
674 2626 819 2662 ipsiusqtte
839 2628 898 2655 vias

111 2677 141 2696 ac
154 2671 245 2698 omnia
260 2679 320 2706 quae
334 2672 360 2698 in
377 2672 436 2706 ipsa
452 2676 554 2702 essent,
576 2672 689 2707 ﬁguram
706 2673 784 2700 istam
802 2674 835 2700 ad
851 2673 897 2700 tle-

111 2718 235 2748 pulatum
255 2724 336 2743 suurn
351 2717 379 2744 in
395 2717 428 2744 Al
445 2716 577 2752 Madayen
595 2717 717 2749 mittens,
733 2717 817 2752 jussit
832 2725 895 2745 eum

111 2758 203 2786 urbem
226 2760 285 2788 sibi.
304 2761 338 2788 ad
354 2768 415 2788 eam
434 2768 547 2796 prorsus
569 2762 684 2789 formam
710 2767 737 2790 et
759 2763 893 2790 rationem

112 2805 235 2838 condere,
261 2805 328 2832 adeo
355 2809 388 2833 ut
413 2805 487 2834 nulla
502 2807 614 2834 omnino
631 2807 702 2835 inter
720 2815 778 2835 eam
795 2813 822 2836 et
836 2809 892 2835 An-

952 2222 1065 2249 stitutus
1089 2227 1132 2249 est
1153 2222 1276 2249 Joannes
1302 2222 1457 2256 patriarcha
1484 2214 1736 2253 Constantinopoli-

952 2271 1031 2293 tanns
1059 2273 1065 2291 :
1093 2274 1181 2293 annos
1199 2266 1328 2292 tredecim
1354 2265 1434 2294 sedit.
1451 2264 1514 2291 dein
1535 2268 1660 2290 ntortutts
1685 2266 1736 2287 est.

950 2310 1024 2338 Obiit
1049 2316 1137 2337 autent
1163 2309 1350 2344 Apollittarius
1378 2307 1556 2343 185-187
1583 2304 1735 2340 patriarcha

951 2356 1155 2383 Alexandrinus
1170 2363 1232 2382 cutn
1250 2354 1438 2382 novemdecim
1456 2360 1543 2380 annos
1560 2359 1673 2378 ntunero
1692 2350 1736 2376 illo

951 2402 1061 2429 iunctus
1088 2401 1198 2434 fuerat,
1227 2401 1306 2435 cujus
1336 2399 1503 2434 przel'ecturaa
1530 2404 1603 2424 anno
1631 2396 1736 2422 decimo

950 2448 1031 2476 tertio
1051 2447 1219 2475 celebratum
1244 2451 1285 2474 cst
1310 2445 1456 2474 concilium
1481 2443 1618 2478 quintntu.
1635 2442 1685 2469 Cui
1711 2441 1735 2468 itt

951 2492 1139 2526 patriarchalu
1164 2490 1349 2518 Alexandrino
1373 2488 1509 2516 successit
1531 2487 1662 2516 Joannes.
1689 2486 1735 2520 qui

952 2536 1118 2565 Maniehteus
1135 2536 1195 2568 fuit,
1212 2543 1354 2570 annosque
1374 2539 1430 2561 tres
1446 2533 1517 2561 sedit
1533 2533 1595 2559 dein
1612 2536 1734 2558 mortuus

950 2587 1002 2610 est.
1016 2583 1096 2610 Anno
1112 2583 1217 2617 imperii
1233 2581 1356 2616 ejusdem
1371 2580 1519 2608 Iustiniani
1538 2578 1677 2606 tricesimo
1690 2585 1734 2604 se-

950 2629 1035 2662 ptitno
1060 2629 1228 2655 constitutus
1251 2632 1293 2654 est
1317 2625 1416 2653 Petrus
1441 2625 1594 2659 patriarcha
1622 2623 1734 2654 ibidem,

948 2673 995 2706 qui
1020 2672 1143 2700 Jacobita
1169 2673 1229 2700 fuit.
1255 2673 1348 2699 Annos
1373 2671 1443 2698 duos
1469 2669 1549 2700 sedit,
1575 2669 1638 2695 dein
1656 2668 1734 2694 obiit.

949 2718 1011 2745 Fuit
1026 2723 1115 2745 autem
1133 2718 1302 2745 lnslinianus
1325 2717 1472 2750 imperator
1487 2715 1538 2741 [ide
1553 2714 1733 2744 orthodoxns,

948 2764 1012 2791 boni
1027 2771 1135 2793 amans.
1159 2763 1345 2790 Jacobitarum
1361 2762 1494 2788 doctrina:
1518 2760 1644 2788 infestus,
1673 2766 1732 2784 sett-

949 2809 1039 2837 tcntizc
1053 2809 1239 2837 Mclthitarum
1258 2812 1454 2839 propugnator.
1470 2806 1590 2833 Mortuus
1606 2809 1646 2831 est
1660 2808 1731 2836 po:t-
