2014 3082
237 170 246 202 i
253 172 304 202 ΟΠ

952 168 1136 201 ANNALES.

1787 171 1857 206 1078

233 235 315 262 quam
333 227 477 261 imperium
493 233 581 253 annos
599 226 712 260 triginta
733 234 831 254 not-em
849 233 1022 260 occupasset.
1037 227 1062 257 Α
1077 227 1226 255 monachus
1260 228 1371 263 quidam
1399 228 1510 257 nomine
1535 227 1639 263 Marun,
1669 228 1716 265 qui
1744 231 1863 258 asseruit

271 273 334 299 Post
359 272 449 306 ipsum
468 271 599 299 Romanis
617 271 764 306 imperavit
786 271 911 299 Justinus
925 271 1021 299 Juuinr

234 323 321 343 annos
334 317 476 349 tredecim,
494 317 575 352 idque
590 324 663 344 anno
680 318 756 352 regni
771 317 863 346 Crsrte
877 318 913 345 ιιι.
930 318 1022 346 Koba—

208 376 212 394 ;
234 362 277 388 dis
295 362 368 395 regis
394 362 540 390 Persarum
555 362 695 390 tricesimo
716 364 844 397 septimo.
861 362 924 391 Fuit
938 364 1021 392 etiam

234 407 359 435 Justinus
372 407 469 436 Junior
483 409 534 436 [ide
548 409 735 441 orthodoxns,
757 409 880 438 bonitate
895 410 1021 446 insignis,

234 452 327 479 animo
342 452 369 479 in
384 451 569 480 Jacobitarnm
582 458 610 480 et
623 452 848 480 Nestorianorum
867 453 1021 481 doctrinam

235 497 355 530 infenso,
377 497 404 525 in
420 497 609 525 lllclchitarum
632 505 696 525 vero
712 505 858 534 propenso.
876 499 954 526 Anno
971 500 1023 527 im-

235 543 306 576 perii
328 543 414 578 ipsius
431 543 520 578 primo
541 543 710 571 constitutus
724 549 767 571 est
789 543 957 572 Athanasius
975 552 1023 580 pa-

234 589 354 615 triarcha
380 588 582 615 Alexandrinus
597 587 643 623 qui
667 587 836 617 Manichaeus
851 588 922 622 fuit;
939 590 1024 624 quiri-

233 641 288 666 que
304 641 391 661 annos
411 633 493 666 sedit,
511 634 574 661 dein
600 638 726 661 mortuus
746 638 799 662 est.
816 635 895 663 Anno
917 635 1023 670 imperii

233 679 356 712 ejusdem
379 684 458 707 sexto
481 681 649 708 constitutus
672 684 713 707 est
738 680 839 709 ibidem
867 681 1023 717 patriarcha

233 724 366 756 Joannes.
393 725 587 757 orthodoxus:
610 725 656 760 qui
684 725 811 753 undecim
832 735 920 754 annos
943 727 1023 760 sedit,

234 770 298 797 dein
321 774 445 798 mortuus
460 775 514 798 est.
531 770 610 797 Auno
626 771 746 805 ejusdem
764 776 861 799 octavo
879 772 965 800 factus
982 776 1024 800 est

234 816 402 844 Benedictus
420 817 575 851 patriarcha
594 816 747 847 Romanus,
769 817 890 851 quicum
906 823 1024 853 quatuor

234 868 324 889 annos
344 862 471 895 sedisset,
495 866 620 889 mortuus
636 867 689 890 est.
708 863 788 889 Anno
808 863 931 897 ejusdem
956 865 1025 892 duo-

234 906 343 934 decimo
367 907 455 934 fartus
478 911 520 934 est
544 907 670 942 Pelagius
693 908 850 942 patriarcha
872 907 1025 942 Romanus,

233 952 283 986 qui
301 959 348 980 sex
366 960 454 979 annos
465 953 548 983 sedit.
563 953 625 980 dein
641 958 765 981 mortuus
781 953 863 989 188
875 958 927 982 est.
940 953 1027 982 Porro

233 997 319 1024 Cesra
337 999 374 1025 ιιι.
391 998 510 1026 Kohadis
522 999 665 1026 Pcrsaru-n
685 1007 745 1031 rex,
768 999 814 1033 qui
837 999 1025 1028 Anushcrwan

235 1044 390 1078 appellatus
408 1050 460 1077 est,
478 1045 572 1080 copias
588 1052 653 1072 suas
665 1053 761 1073 versus
778 1044 923 1073 Hiatelitas
938 1046 1026 1079 duxit,

236 1089 384 1117 vindictam
400 1090 434 1117 de
449 1091 517 1125 ipsis
533 1091 567 1118 ob
587 1099 667 1118 avum
684 1099 764 1119 suum
781 1091 929 1118 Phiruzum
950 1100 1026 1119 sum-

236 1139 344 1169 pturus.
356 1136 416 1168 1am
437 1145 502 1164 veru
514 1137 629 1164 antehac
645 1145 707 1164 cum
722 1137 856 1165 Chalcano
870 1138 1026 1165 aliinitatem

235 1187 422 1210 contraxerat.
451 1183 568 1218 Scriptis
593 1191 656 1218 ergo
683 1183 716 1210 ad
744 1183 902 1210 Chaltanum
928 1184 1028 1211 litteris

234 1235 353 1262 cumque
378 1229 511 1256 adventus
535 1230 578 1256 sui
601 1230 750 1256 certiorem
780 1229 896 1262 iaciens,
923 1230 1028 1266 rogavit

239 1278 269 1300 ut
288 1272 432 1301 HEatelitas
452 1274 658 1309 aggrederetur,
675 1279 819 1309 antequam
842 1275 899 1310 ipse
920 1283 953 1303 eo
967 1283 1028 1310 per.

236 1319 353 1346 veniret.
372 1319 411 1346 Ad
427 1320 502 1354 ipsos
515 1320 599 1355 igitur
611 1320 774 1355 perveniens
789 1328 881 1354 regem
897 1321 1020 1355 ipsorum

236 1363 385 1399 interfecit,
401 1366 557 1400 traditaque
573 1367 786 1394 Anusherwano
806 1366 905 1392 Belcha
921 1375 982 1393 cum
996 1374 1028 1393 ea

234 1411 391 1439 (ihnrasaui
409 1416 486 1446 parte
504 1419 565 1446 qure
581 1415 607 1438 et
623 1412 649 1438 in
666 1411 724 1446 ipsa
744 1417 771 1438 ct
786 1419 856 1446 pone
869 1412 956 1446 ipsam
969 1415 1028 1444 est;

236 1458 285 1490 qui
311 1457 338 1484 iu
366 1456 508 1489 Phargana
534 1462 627 1484 castra
666 1464 772 1491 ponens
801 1456 883 1483 ﬁliam
907 1455 1028 1483 Chakani

238 1503 348 1530 Maximi
370 1503 396 1530 in
415 1510 527 1530 uxorem
553 1503 640 1530 duxit.
664 1502 731 1530 Cum
754 1505 846 1529 autem
867 1501 1028 1529 Chorasauo

237 1557 365 1577 reversus
379 1554 465 1581 esset,
478 1548 612 1593 aet-edens
625 1548 659 1575 ad
673 1549 760 1583 ipsum
777 1547 837 1575 Sail‘
850 1547 922 1575 ﬁlius
937 1547 1026 1593 llyya-
1040 1562 1062 1593 Ο

238 1601 286 1620 zar
305 1593 474 1629 Hamyarita,
500 1592 714 1620 Yamanensium
739 1592 878 1627 princeps,
896 1592 1026 1619 auxilium

238 1642 273 1668 at)
292 1640 352 1675 ipso
369 1644 465 1666 contra
484 1639 627 1674 Aithiopes
651 1639 746 1674 petiit;
765 1646 880 1672 quorum
896 1646 958 1665 cum
977 1637 1029 1665 du-

237 1693 298 1712 cent
319 1694 333 1712 e
356 1686 414 1712 suis
429 1685 574 1720 quemdam
599 1692 663 1712 cum
683 1683 804 1711 exercitu
828 1687 843 1711 e'
859 1683 964 1710 Dilanto
980 1683 1031 1711 mi-

239 1731 332 1762 sisset,
351 1730 388 1757 illi
407 1730 531 1758 Yamano
550 1734 632 1764 capto
651 1729 690 1756 ibi
705 1729 898 1756 substiterunt.
917 1729 1030 1762 Semper

240 1781 331 1804 ιιιιιι-ιιι
347 1784 511 1812 quocunque
526 1776 665 1803 exercitus
678 1783 744 1803 suos
759 1775 879 1802 mitteret
890 1774 1031 1802 Anusher-

239 1831 301 1850 wau
328 1823 538 1858 prosperitatcm
564 1825 591 1849 et
618 1821 759 1848 victoriam
786 1825 956 1848 consecutus
977 1825 1031 1853 est,

241 1869 310 1896 adeo
323 1874 352 1896 ut
366 1869 392 1896 in
407 1869 542 1903 optimum
556 1872 656 1895 statuat
669 1867 841 1895 subditorum
857 1874 972 1894 suorum
987 1874 1032 1894 res

243 1915 387 1950 redigeret.
404 1915 528 1949 Cumque
556 1913 590 1940 ad
615 1915 676 1940 vita)
696 1912 752 1946 jam
772 1912 921 1940 terminum
940 1919 1033 1945 perve-

242 1962 338 1991 nisset.
355 1969 447 1989 rerum
463 1968 530 1988 cura
547 1960 603 1986 tilio
620 1967 672 1986 suo
691 1958 829 1986 Hormozo
848 1959 946 1994 legata,
961 1958 1031 1985 diem

243 2006 323 2034 obiit.
339 2005 403 2033 Fuit.
426 2009 517 2032 autem
536 2004 610 2038 regni
627 2004 829 2031 Anushcrwani
846 2004 965 2038 spatium
985 2011 1034 2030 an-

244 2059 343 2079 norum
357 2051 536 2086 quadraginta
551 2055 656 2084 septem
666 2054 693 2076 et
704 2057 751 2076 sex
765 2047 912 2075 mensium.
927 2048 1034 2083 Regna-

243 2099 284 2126 vit
295 2102 357 2132 post
367 2098 455 2132 ipsum
466 2097 538 2124 ﬁlius
548 2095 635 2130 ipsius
647 2094 764 2122 ilormor
776 2094 813 2122 lii.
825 2093 1033 2124 Anusherwani,

244 2151 333 2171 annos
343 2143 470 2170 undecim
484 2146 511 2170 ct
531 2149 577 2169 sex
596 2147 705 2168 menses
719 2147 726 2172 ;
744 2140 826 2175 idque
840 2147 913 2166 anno
925 2138 1034 2173 imperii

243 2189 345 2217 Justini
363 2189 549 2216 Romanorum
567 2185 742 2221 imperatoris
757 2185 934 2212 duodecimo.

1078 272 1192 299 Domitio
1209 277 1304 301 nostro
1329 274 1442 301 Christo
1457 274 1526 301 duas
1549 282 1610 302 esse
1636 277 1748 303 naturas
1762 279 1789 302 et
1808 282 1862 301 vu-

1076 318 1208 345 lnntatem
1227 326 1321 351 uuam,
1346 320 1534 354 operationem
1562 323 1590 346 et
1605 327 1752 355 personam
1769 328 1861 348 unam.

1077 363 1212 398 iidemque
1237 363 1378 392 hominum
1407 366 1540 398 corrupit.
1560 363 1676 391 Maxima
1703 369 1793 391 autem
1816 372 1859 390 eo.

1077 413 1136 434 rum
1154 397 1200 443 qui
1214 408 1368 436 doctrinam
1383 409 1471 444 ipsius
1490 397 1607 443 amplexi
1624 413 1651 436 et
1666 416 1695 436 se
1710 397 1870 444 discipulos:

1078 452 1115 478 illi
1141 452 1294 486 praebentes
1320 454 1443 481 eamdem
1469 453 1586 489 professi
1615 458 1688 486 sunt,
1707 462 1771 488 pars
1785 453 1865 481 erant)

1078 497 1170 525 incoho
1184 498 1259 526 urbis
1269 498 1372 526 Hamah
1386 503 1413 526 et
1425 498 1580 526 Kennesrin
1607 504 1636 527 et
1649 500 1786 530 Awaseru,
1799 508 1864 527 eum

1077 542 1261 571 Romanorum
1289 544 1450 577 nonnullis;
1480 544 1664 580 appellatique
1689 547 1753 572 sunt
1777 546 1865 580 ipsius

1077 589 1198 621 asseclae,
1225 590 1272 624 qui
1299 589 1372 617 idem
1393 597 1455 617 cum
1481 591 1541 625 ipso
1556 594 1724 623 assererem,
1746 590 1864 618 Maroni-

1078 640 1120 668 ιω,
1149 635 1259 663 nomine
1285 636 1320 663 ab
1347 635 1432 671 ipsius
1459 636 1569 663 nomine
1596 636 1707 664 Marone
1734 637 1862 664 deducto.

1077 681 1238 717 Mortuoque
1251 682 1310 718 ipso
1322 682 1417 710 incola:
1431 681 1531 718 [urbis]
1544 683 1647 710 Hamah
1668 683 1863 710 monasterium

1077 727 1114 754 illi
1133 732 1302 756 exstructum
1329 727 1375 755 Dir
1392 727 1487 755 Marun
1501 727 1712 764 [monasterium
1731 727 1863 762 Maronis]

1078 772 1260 807 appellarunt.
1286 773 1403 808 ejusque
1428 772 1508 800 [idem
1536 772 1653 807 professi
1684 778 1757 800 sunt.
1787 774 1865 800 Anno

1078 817 1187 852 imperii
1205 818 1330 846 Mauricii
1347 818 1456 853 quinto,
1472 818 1589 853 contigit
1614 818 1766 846 Antiochia:
1786 818 1864 854 192

1078 865 1159 889 terra).
1178 866 1269 889 motus
1285 862 1381 897 ingens
1395 871 1450 897 quo
1466 862 1556 890 diruta
1581 867 1623 890 est
1651 862 1771 889 maxima
1787 863 1866 891 urbis

1078 914 1153 942 pars,
1182 907 1359 942 pereuntibus
1387 907 1496 935 incolis.
1523 908 1603 934 Anno
1619 907 1742 942 ejusdem
1758 907 1866 936 decimo

1077 960 1150 980 nono
1165 952 1216 980 fuit
1229 953 1310 980 etiam
1322 958 1401 980 terra:
1419 958 1512 980 motus
1529 953 1620 988 gravis
1644 953 1671 980 in
1690 953 1798 988 regione
1811 953 1867 980 Ro-

1077 1005 1222 1025 manorum
1249 1002 1276 1025 et
1290 998 1369 1033 Syria
1389 998 1557 1026 Dazuaseena
1574 999 1685 1026 circiter
1701 999 1797 1026 horam
1813 999 1865 1026 dici

1078 1043 1198 1075 tertiam,
1216 1051 1272 1078 quo
1287 1048 1454 1071 corruerunt
1471 1043 1499 1071 in
1519 1043 1599 1079 Syria
1627 1048 1654 1071 et
1680 1043 1866 1072 Romanorum

1078 1089 1182 1116 ditione
1201 1089 1283 1116 urbes
1305 1089 1410 1121 multae,
1429 1089 1624 1124 perieruntque
1656 1089 1781 1117 homines
1812 1098 1868 1117 non

1079 1134 1169 1169 putei.
1188 1134 1266 1161 Anno
1280 1134 1387 1169 imperii
1407 1133 1533 1167 ejusdem
1550 1134 1668 1168 septimo
1695 1134 1866 1161 constitutus

1078 1181 1121 1204 est
1135 1178 1244 1204 lsaacus
1259 1177 1414 1212 patriarcha
1442 1177 1720 1213 Hierosolymitauus,
1742 1178 1790 1212 qui
1804 1183 1868 1205 octo

1080 1230 1165 1249 annos
1178 1222 1260 1254 sedit,
1277 1222 1340 1249 dein
1363 1227 1491 1249 mortuus
1507 1226 1561 1250 est.
1577 1223 1677 1250 Eodem
1695 1230 1769 1250 anno
1793 1231 1868 1250 mor-

1080 1275 1144 1298 tuus
1155 1275 1195 1297 est
1204 1270 1352 1305 Gregorius
1367 1270 1526 1304 patriarcha
1539 1271 1737 1298 Antiochenus.
1751 1271 1869 1298 Protecti

1079 1323 1146 1351 ergo
1179 1315 1342 1343 Antiocheni
1377 1314 1571 1350 Hierosolyma
1606 1315 1694 1342 virum
1731 1316 1870 1351 petierunt

1080 1370 1162 1396 quem
1190 1361 1243 1390 sibi
1269 1362 1454 1397 patriarcham
1480 1361 1660 1396 praeﬁcerem.
1692 1361 1766 1389 Dixit
1785 1362 1871 1397 igitur

1082 1405 1272 1442 ipsislsaacus
1296 1407 1451 1442 patriarcha
1481 1406 1762 1442 llierosulymitanus:
1785 1407 1870 1434 Com-

1082 1452 1179 1478 mendo
1194 1451 1269 1479 vobis
1287 1459 1380 1479 senem
1392 1452 1473 1479 istum
1485 1450 1669 1486 Cundelapten
1682 1451 1729 1486 qui
1742 1451 1868 1479 ecclesia!

1082 1496 1304 1524 Resurrectionis
1319 1497 1444 1524 inservit.
1457 1496 1544 1529 Quem
1561 1504 1629 1531 ergo
1642 1497 1793 1532 probantes
1807 1505 1869 1524 cum

1083 1541 1264 1576 accepissent,
1281 1546 1310 1568 ut
1325 1542 1414 1576 ipsum
1440 1543 1614 1570 Antiochiam
1632 1543 1810 1574 deducerent.
1830 1543 1868 1569 di-

1082 1588 1119 1614 xit
1141 1588 1198 1622 ipse
1215 1587 1289 1614 illis:
1311 1586 1389 1614 Mene
1410 1587 1603 1622 cognoscitis?
1630 1587 1869 1623 Respondentibus

1082 1633 1148 1666 illis,
1163 1633 1221 1660 Non
1235 1641 1243 1660 :
1258 1633 1327 1660 dixit
1343 1641 1350 1660 :
1372 1632 1441 1661 Sum
1465 1640 1516 1668 ego
1545 1634 1710 1660 Anastasius
1725 1634 1772 1666 qni
1788 1634 1870 1669 patri-

1082 1678 1166 1706 archa
1186 1683 1276 1706 vester
1290 1678 1339 1710 fui,
1352 1682 1380 1705 at
1404 1686 1466 1705 eum
1495 1686 1537 1705 tne
1563 1679 1653 1713 stupri
1669 1680 1837 1705 aecusaretis
1855 1686 1870 1704 a

1081 1723 1160 1750 vobis
1174 1722 1236 1756 fuga
1251 1730 1294 1749 me
1310 1722 1478 1750 subtrahens
1493 1729 1526 1750 ex
1541 1729 1575 1750 eo
1601 1727 1724 1758 tempore
1747 1722 1870 1750 ecclesia:

1083 1767 1304 1796 Resurreetionis
1316 1775 1413 1797 servus
1429 1767 1467 1794 fui
1482 1777 1489 1794 ι
1507 1772 1597 1795 restes
1611 1773 1701 1795 autem
1722 1775 1795 1795 nicas
1811 1768 1870 1795 loco

1083 1814 1130 1841 tali
1146 1814 1173 1841 in
1189 1813 1336 1841 Antiochia
1354 1813 1480 1848 sepelivi.
1498 1813 1672 1840 Antiochiam
1689 1821 1754 1848 ergo
1781 1814 1816 1841 ab
1830 1814 1870 1848 ip-

1084 1860 1123 1886 sis
1138 1858 1281 1890 dcductus,
1297 1858 1375 1886 duxit
1390 1858 1465 1893 ipsos
1491 1858 1526 1885 ad
1555 1858 1646 1885 locum
1666 1858 1693 1886 in
1711 1866 1766 1893 quo
1781 1863 1871 1886 vestes

1085 1911 1151 1931 suas
1168 1903 1325 1937 sepelierat,
1341 1901 1444 1937 quibus
1461 1901 1596 1930 extractis
1617 1902 1707 1936 ipsum
1733 1903 1872 1930 cathedra

1086 1948 1264 1976 restituerunt
1279 1957 1287 1981 ;
1303 1954 1419 1982 cumque
1434 1954 1532 1974 novem
1548 1954 1637 1975 annos
1665 1948 1734 1982 ipsis
1747 1948 1870 1983 pruinis-

1085 1999 1137 2026 set,
1154 1994 1224 2021 diem
1240 1993 1318 2021 obiit.
1337 1993 1416 2019 Auno
1440 1997 1532 2020 autent
1559 1993 1665 2028 imperii
1683 1992 1809 2021 Mauricii
1823 1993 1872 2021 de-

1085 2040 1157 2066 cimo
1184 2039 1302 2074 septimo
1339 2038 1507 2066 constitutus
1541 2042 1583 2066 est
1610 2039 1774 2067 Anastasius
1806 2039 1872 2067 alter

1086 2085 1242 2120 patriarcha
1257 2084 1445 2111 Antiochenus
1460 2083 1506 2118 qui
1530 2091 1577 2112 se:
1594 2084 1772 2120 193-195
1787 2091 1874 2112 annos

1087 2131 1168 2163 sedit,
1187 2131 1250 2158 dein
1270 2135 1395 2158 mortuus
1421 2135 1473 2157 est.
1493 2129 1560 2159 Post
1591 2130 1653 2165 ejus
1681 2134 1796 2158 mortem
1812 2132 1874 2158 abs-

1088 2183 1142 2209 que
1173 2175 1330 2210 patriarcha
1347 2174 1449 2202 mansit
1473 2175 1606 2202 cathedra
1631 2175 1802 2202 Antiochena
1825 2182 1873 2202 an—

283 2235 458 2271 ιεθαιθι
480 2233 549 2262 Tum
566 2219 673 2261 mortuo
685 2231 794 2260 Iustino
808 2229 922 2258 luniorc
935 2229 1035 2258 Roma-
1049 2226 1074 2257 Ι)
1088 2228 1145 2271 ¹ξ⁰³,
1155 2220 1253 2271 inim“.
1263 2220 1345 2271 ⁴¹ξ¹⁰³ζ
1357 2220 1439 2271 full?
1459 2219 1723 2271 _i“‘Pfiriinej[‘5dFm

249 2290 347 2309 norum
365 2281 542 2315 imperatore,
556 2282 619 2314 post
637 2277 727 2313 ipsum
744 2276 877 2303 Romanis
891 2275 1035 2310 imperavit

246 2327 374 2355 Tiberius
390 2333 478 2354 annos
496 2328 635 2360 quatuor;
669 2322 750 2357 idque
767 2329 839 2348 anno
864 2321 938 2355 regni
967 2320 1036 2347 Ilor-

249 2373 318 2400 mozi
354 2371 400 2400 lilii
429 2370 629 2398 Anusherwani
664 2369 808 2395 Persarum
835 2368 906 2398 regis
935 2366 1034 2393 tertio:

249 2419 327 2445 Auno
358 2417 466 2452 imperii
502 2415 605 2442 Tiberii
640 2415 827 2442 Romanorum
865 2411 1036 2445 imperatoris

248 2465 335 2499 primo
359 2463 525 2490 constitutus
550 2465 591 2489 est
619 2460 754 2496 Cyriakus
780 2458 937 2493 patriarcha
964 2457 1036 2484 Cott-

247 2509 517 2543 stantinopolitanus,
534 2507 581 2542 qui
605 2513 693 2533 annos
719 2503 854 2532 sexdecim
869 2502 948 2534 sedit,
974 2502 1035 2529 dein

248 2558 375 2581 mortuus
389 2556 442 2580 est.
459 2553 540 2578 Anno
557 2549 666 2585 imperii
693 2548 817 2583 ejusdem
846 2548 969 2574 secundo
996 2545 1037 2573 ia-

248 2604 311 2626 ctus
329 2602 372 2626 est
401 2598 479 2625 Anus
493 2596 653 2631 patriarcha
682 2593 960 2628 Hierosolymitanus;
989 2592 1034 2626 qui

248 2652 310 2671 cum
326 2649 388 2672 octo
402 2651 490 2671 annos
506 2643 637 2672 sedisset,
653 2644 777 2669 mortuus
793 2643 846 2666 est.
865 2639 950 2664 Porro
969 2637 1037 2664 obiit

249 2688 378 2716 Tiberius
419 2687 606 2714 Romanorum
644 2685 804 2719 imperator,
844 2683 1038 2716 imperavitque

250 2737 312 2768 post
328 2734 418 2768 ipsum
446 2732 596 2760 Mauricius
611 2730 740 2758 Romanis
770 2736 856 2755 annos
875 2727 980 2762 viginti,
999 2727 1038 2754 id-

249 2787 301 2813 que
330 2786 402 2806 anno
426 2778 503 2813 regni
529 2776 655 2804 llurmozi
680 2772 941 2803 [iliiAnusherwani
967 2771 1038 2805 regis

251 2824 397 2852 Persarum
411 2823 541 2859 septimo.

287 2871 348 2897 Fuit
362 2876 482 2904 tempore
497 2867 621 2896 Mauricii
650 2866 822 2899 imperatoris
850 2864 1038 2891 Romanorum

1087 2262 1194 2290 decimo
1209 2263 1305 2297 quinto
1333 2263 1503 2290 constitutus
1519 2268 1562 2291 est
1574 2263 1707 2291 Zacharia
1720 2264 1875 2298 patriarcha

1089 2308 1372 2344 llierosolymitanus;
1401 2309 1447 2343 qui
1466 2313 1570 2342 septem
1587 2316 1674 2337 annos
1690 2309 1760 2337 sedit
1786 2310 1873 2337 donec

1088 2353 1214 2388 captivus
1227 2352 1317 2380 tactus
1333 2356 1387 2380 est.
1416 2353 1495 2381 Anno
1514 2353 1623 2387 imperii
1638 2353 1763 2388 ejusdem
1780 2355 1875 2388 quinto

1088 2399 1256 2426 constitutus
1269 2401 1312 2425 est
1326 2397 1475 2433 Gregorius
1490 2397 1649 2432 patriarcha
1675 2398 1815 2426 Romanus
1829 2399 1876 2433 qui

1088 2443 1218 2470 tredecim
1244 2449 1331 2470 annos
1359 2442 1441 2474 sedit,
1471 2441 1533 2469 dein
1560 2446 1687 2471 mortuus
1711 2446 1764 2471 est.
1798 2444 1877 2470 Anno

1090 2490 1211 2524 ejusdem
1228 2489 1334 2517 decimo
1361 2493 1458 2517 octavo
1479 2488 1571 2517 tactus
1594 2494 1634 2517 est
1651 2488 1814 2519 Sabinianus
1828 2497 1877 2524 pa-

1091 2536 1210 2564 triarcha
1227 2535 1378 2566 Romanus,
1394 2537 1441 2570 qui
1459 2542 1521 2562 cum
1537 2541 1640 2562 annum
1658 2542 1743 2564 unum
1756 2535 1876 2563 sedisset

1092 2587 1216 2609 mortuus
1231 2587 1282 2609 est.
1293 2580 1373 2608 Anno
1380 2580 1504 2615 ejusdem
1511 2579 1619 2607 decimo
1630 2587 1701 2607 nouo
1709 2580 1877 2610 constitutus

1091 2633 1132 2655 est
1147 2626 1309 2654 Bonifacius
1326 2625 1484 2660 patriarcha
1508 2623 1661 2656 Romanus,
1689 2625 1737 2659 qui
1763 2632 1809 2653 sex
1828 2633 1879 2653 an-

1091 2681 1140 2702 nos
1157 2673 1238 2704 sedit,
1254 2672 1317 2700 dein
1336 2675 1461 2698 mortuus
1486 2674 1538 2698 est.
1561 2671 1642 2697 Anno
1669 2670 1776 2705 imperii
1805 2671 1879 2705 ejus-

1092 2720 1152 2747 dem
1176 2719 1282 2745 decimo
1307 2722 1406 2752 quarto
1432 2715 1602 2742 constitutus
1627 2719 1668 2742 est
1687 2714 1808 2744 Thomas
1833 2724 1880 2751 pa-

1092 2764 1215 2791 triarcha
1231 2760 1573 2796 Constantinopolitanus;
1612 2761 1658 2794 qui
1674 2762 1880 2795 quatuor-decim

1092 2818 1180 2838 annos
1194 2809 1272 2841 sedit,
1290 2807 1353 2836 dein
1373 2810 1498 2834 mortuus
1514 2808 1569 2832 est.
1598 2805 1678 2833 Anno
1695 2806 1819 2841 ejusdem
1836 2814 1882 2834 se-

1101 2856 1192 2885 cundo
1209 2854 1379 2886 constitutus
1396 2856 1439 2879 est
1473 2849 1608 2884 Eulogiua
1637 2851 1793 2882 patriarcha
1819 2851 1880 2878 Ale-
