2014 3082
197 165 260 197 1081

913 171 1095 202 ANNALES.

1746 163 1755 195 1
1762 164 1814 196 082

195 228 247 250 t'etn
265 223 372 258 equites
384 225 582 252 monasterium
597 225 850 259 circumdederunt.
863 226 895 253 ad
908 235 978 260 quos
995 227 1015 254 Α
1031 226 1152 261 impellat
1167 226 1248 260 hujus
1265 225 1388 252 mulieris
1403 223 1532 252 ducemlre
1548 230 1624 250 amor
1636 243 1643 255 .
1661 226 1689 249 ut
1704 222 1815 250 desuras

194 271 347 297 ascendens
369 269 473 302 Nubila.
498 272 566 298 Dicit
591 271 668 299 vobis
681 273 791 306 (inquit)
807 273 902 302 Cesra.
927 273 979 299 Sn-

194 323 254 342 mus
270 324 320 343 nos
339 316 366 343 in
385 317 512 345 manibus
529 318 628 345 vestris
647 318 728 354 2θῆΙ
749 319 819 353 quod
834 319 855 345 si
874 319 979 352 placeat

194 362 272 389 ro'iis
303 362 383 389 nobis
405 365 564 396 permittere
597 367 626 390 ut
658 365 789 398 reliquam
816 364 898 398 hujus
925 364 978 391 diei

195 413 297 442 partem
320 409 362 434 hic
383 409 578 443 trunsigamus,
599 409 699 437 facile:
727 410 779 436 illis
805 411 855 436 hoc
878 418 978 437 conce-

195 453 334 484 dentibus.
355 454 516 487 adveniente
542 460 619 482 nocte
634 463 744 482 rursum
772 455 924 482 ascendens
937 460 978 481 at-

194 505 247 530 que
278 497 344 531 ipsis
371 499 616 532 appropinquans.
653 499 724 526 Dicit
762 499 874 534 (inquit)
901 499 978 526 vobis

193 542 296 569 Cesra:
323 543 432 576 Magnus
450 544 526 570 rubis
543 545 645 578 gratias
668 553 736 579 ago,
753 545 824 579 quod
847 545 868 572 si
889 545 977 572 visum

193 588 273 614 vobis
303 588 383 614 fuerit
404 593 430 615 et
450 590 625 616 tenebrarum
654 595 850 617 nocturnarum
874 598 976 616 moram

194 634 274 660 nobis
289 633 437 661 concedere
453 643 540 669 usque
552 636 585 662 ad
599 643 739 668 auroram,
757 640 814 662 tum
827 636 928 670 egressi
944 635 977 662 ad

194 687 242 705 vos
263 687 315 705 uua
334 679 482 713 prnl‘a-clnri
502 689 618 708 smnus:
640 682 712 716 quod
731 682 812 709 etiam
825 681 977 708 coneetlcu-
994 708 999 715 ,

194 724 265 752 tibus
287 725 372 759 ipsis.
392 734 444 752 non
467 726 570 754 destitit
594 727 685 754 Nabda
701 728 795 755 emicet
811 727 892 754 modo
915 734 976 754 cum

194 771 246 797 illis
268 779 347 805 agere
361 772 447 798 donec
476 773 558 800 sciret
573 773 684 800 Cesram
702 773 844 807 ipsiusque
863 773 977 800 comites

195 818 310 844 multum
337 817 363 843 in
389 818 486 844 itinere
501 820 689 852 promovisse.
715 823 741 846 et
755 819 787 845 ad
807 823 905 845 terram
928 819 978 845 ali.

193 869 274 895 quam
299 862 472 896 longinquam
500 863 654 896 pertigisse.
672 863 740 889 Tum
767 871 831 890 Vero
849 862 975 889 Bahrami

192 907 291 934 m-litcs
338 907 478 941 qumnodo
493 916 554 934 eum
575 908 641 942 ipsis
670 915 715 934 res
736 908 848 934 haberet
873 908 975 934 certio-

192 961 234 979 res
251 952 324 979 fecit.
339 952 390 985 Qui
407 961 472 986 ergo
493 953 582 988 ipsum
613 954 734 980 vinctum
757 953 790 980 ad
813 953 975 980 Bahratuum

192 997 355 1030 deft-rentes,
374 999 438 1032 quid
464 998 531 1032 ipsis
546 998 706 1033 contigisset
727 1003 887 1025 narrarunt.
915 998 976 1032 lpse

192 1051 256 1069 vero
273 1043 350 1069 valde
378 1044 452 1069 ilium
469 1045 586 1070 miratus
601 1044 627 1070 in
643 1051 754 1071 carcere
775 1043 890 1070 detineri
918 1044 977 1076 jus-

191 1090 224 1114 sit
244 1089 314 1124 apud
329 1096 457 1121 generum
476 1089 622 1123 quemdam
641 1097 719 1117 suum
736 1090 844 1117 nomine
858 1089 974 1116 lialiram

191 1134 248 1161 Elui
277 1134 420 1165 Siachusi;
443 1135 486 1161 ille
502 1143 566 1161 vero
585 1135 745 1169 pertrahere
761 1136 842 1168 empit
870 1135 974 1161 Bibra-

190 1187 263 1205 mum
279 1179 436 1211 putealietum
458 1179 491 1205 ad
506 1179 667 1213 obSequiuui
683 1180 783 1209 Cesrm.
797 1181 830 1205 ab
855 1180 974 1205 amicitia

189 1231 253 1250 vero
268 1224 360 1250 Suuiri
371 1225 541 1255 abstrahere,
558 1224 652 1251 dicens
671 1224 722 1258 ipsi
738 1233 745 1250 :
769 1223 908 1250 Snaseri-n
923 1231 973 1257 ego

190 1269 238 1296 tibi
266 1273 294 1296 ιιι
311 1277 358 1304 per
377 1269 490 1296 insidias
513 1269 645 1296 Sunirum
660 1276 674 1296 e
692 1269 782 1296 medio
807 1269 898 1301 tollas,
919 1276 973 1303 quo

188 1320 269 1349 pacto
289 1322 413 1350 magnam
433 1315 504 1349 apud
523 1314 634 1342 Cesram
652 1315 766 1349 gratiam
787 1314 905 1341 initurus
919 1323 970 1342 is:

188 1367 239 1387 nec
255 1360 361 1386 destitit
382 1360 432 1386 hac
445 1360 478 1386 de
505 1368 534 1387 re
551 1360 675 1387 nuntium
689 1364 749 1394 post
767 1360 894 1386 nuntium
909 1360 972 1387 Init-

188 1410 246 1431 ιρι-ο
261 1405 348 1432 donec
369 1412 416 1432 cur
438 1405 524 1439 ipsius
548 1404 680 1437 flexisset,
702 1404 770 1431 adeo
797 1409 824 1430 ut
841 1404 971 1431 Snnirum

188 1450 342 1477 interllcere
357 1455 522 1482 conaretur;
535 1450 607 1484 quod
623 1458 682 1476 eum
697 1449 870 1483 percepisset
887 1448 968 1475 Suni-

188 1504 236 1523 rus
251 1496 338 1523 occidi
360 1497 447 1530 ipsum
467 1496 560 1530 jussit.
578 1495 657 1530 Fugit
672 1501 762 1522 autem
785 1495 879 1522 Nabda
901 1495 969 1522 adeo

189 1546 219 1568 ut
232 1543 321 1576 ipsum
337 1542 446 1574 assequi
466 1550 518 1568 non
535 1547 636 1574 posset.
649 1542 716 1569 Cum
734 1550 797 1568 vero
808 1543 969 1569 accessisset
983 1550 1004 1578 (ς

187 1587 364 1622 205-207
379 1587 462 1613 Cesra
474 1587 505 1613 ad
524 1587 684 1614 .‘ilauricium
702 1588 905 1621 lll‘pCl'ﬂ'Ol‘t'lll,
925 1587 970 1613 ille

186 1632 274 1666 ipsum
291 1632 409 1664 excepit.
427 1632 555 1666 misitque
567 1640 627 1659 Cllllt
641 1632 698 1666 ip=o
709 1632 859 1659 exercitum
873 1632 968 1666 iugen-

187 1681 241 1704 tem
266 1678 312 1709 qui
331 1677 463 1703 auxilium
489 1677 540 1711 ipsi
562 1676 657 1704 ferret.
677 1677 821 1704 Profectus
841 1682 883 1704 est
905 1686 969 1711 ergo

186 1723 268 1749 Cesra
284 1730 338 1749 una
354 1730 415 1748 cum
432 1723 517 1755 copiis
532 1731 600 1756 quas
614 1731 675 1749 cum
690 1723 749 1757 ipso
767 1724 878 1750 miserat
891 1723 967 1750 Mau-

186 1768 273 1795 ricius
301 1776 349 1802 per
372 1769 442 1794 viam
467 1768 603 1796 Armenia:
628 1771 791 1804 usquedum
810 1770 834 1796 in
853 1770 968 1797 Atlerbi-

184 1814 230 1847 jun
256 1819 345 1841 castra
371 1818 522 1848 ponerent,
545 1814 653 1841 obviam
675 1815 755 1841 etia-n
772 1816 895 1842 veniente
919 1816 968 1850 ipsi

187 1859 319 1886 Bubramo
344 1860 428 1886 Snnir
452 1860 540 1887 donec
556 1860 608 1895 ipsi
625 1868 657 1887 eo
670 1861 698 1887 iit
718 1861 778 1887 loco
798 1866 969 1893 occurreret,

186 1905 236 1933 Ubi
252 1906 344 1939 pra-lio
360 1907 431 1933 inter
447 1906 521 1940 ipsos
538 1907 612 1941 gravi
636 1907 799 1939 conunisso,
826 1908 851 1934 in
878 1908 968 1940 fugam

185 1958 336 1977 (‘OIH'CI'SllS
363 1951 446 1977 Sunir
463 1960 550 1986 usque
571 1953 604 1979 ad
629 1952 733 1979 Turcas
754 1953 885 1987 perrexit.
909 1954 968 1981 Non

185 1996 289 2022 destitit
305 2001 394 2022 autem
414 1997 498 2022 Cesra
526 2005 572 2031 per
591 1998 708 2024 insidias
731 2006 811 2032 agerc
829 2000 916 2026 donec.
933 2001 968 2028 ibi

186 2041 407 2068 interliciemlum
424 2047 560 2069 curasset.

219 2087 340 2122 Regnum
363 2095 428 2123 ergo
453 2089 596 2123 occupavit
617 2089 699 2116 (.‘esra
727 2090 799 2117 filius
824 2090 967 2123 llormozi.

183 2133 230 2166 qui
249 2132 374 2166 Aperwiz
389 2135 599 2167 cognominatus
617 2140 670 2166 est.
688 2143 775 2163 annos
789 2136 900 2170 triginta
922 2145 969 2163 nu-

183 2186 243 2206 vcm
257 2200 263 2211 ,
293 2178 373 2213 idque
390 2187 462 2206 attito
484 2179 588 2213 imperii
615 2179 756 2213 Mauricii,
782 2181 966 2208 llomauorum

996 889 1013 915 13

1031 272 1097 299 illml
1111 271 1184 306 quod
1200 271 1314 306 professi
1334 275 1396 298 sunt
1413 275 1506 305 patres
1523 269 1561 296 tui
1577 289 1584 301 ,
1601 276 1663 295 cum
1684 271 1814 302 praeterea

1031 326 1080 345 nec
1093 318 1130 345 sit
1146 318 1243 352 religio
1257 317 1411 344 Christiana
1427 323 1458 341 ea
1475 322 1554 348 quam
1581 319 1610 340 nt
1637 314 1813 346 mupleetaris

1031 361 1148 396 probare
1164 369 1312 396 possumus
1327 370 1333 387 :
1350 368 1411 386 cum
1425 359 1574 387 Christiani
1595 359 1728 391 foedifragi
1746 358 1812 389 sint.

1030 415 1080 434 nec
1103 408 1185 434 verbo
1209 408 1329 441 ipsorum
1355 406 1421 434 fides
1440 405 1562 432 adhiberi
1581 405 1676 439 possit.
1692 404 1737 431 Ille
1750 412 1814 431 vero

1032 454 1079 480 ubi
1095 453 1270 480 Christianus
1284 452 1372 479 factus
1385 456 1438 481 est,
1455 450 1564 485 scriptis
1578 450 1680 477 litteris
1691 449 1724 476 ad
1740 449 1814 476 Mau-

1032 498 1131 525 ricium
1150 498 1237 532 ipsum
1254 496 1313 531 ejus
1330 497 1369 524 rei
1384 496 1530 523 certiorem
1548 494 1622 525 fecit.
1640 494 1687 528 qtti
1703 501 1768 527 ergo
1783 492 1815 518 fl-

1029 545 1093 572 liam
1109 552 1185 572 suam
1197 544 1230 569 ad
1248 543 1335 578 ipsum
1353 542 1427 569 misit
1439 549 1498 568 cum
1514 540 1573 567 auri
1586 539 1724 572 etargcnti
1737 535 1814 570 copia

1028 597 1090 625 quae
1104 589 1156 617 dici
1181 596 1234 615 non
1251 592 1361 623 potest,
1380 594 1488 620 unaque
1512 593 1573 612 cum
1599 583 1774 619 supellectilis
1788 587 1815 609 et

1029 635 1192 662 famulorum
1218 641 1250 660 ae
1267 633 1427 660 ancillarum
1438 631 1568 659 comitatu
1581 630 1688 665 qualem
1701 637 1715 655 a
1726 628 1770 656 tali
1780 628 1814 655 ad

1029 680 1109 707 talem
1121 679 1189 706 mitti
1202 679 1320 706 deceret.
1342 677 1465 712 Aperwiz
1484 677 1565 704 Cesra
1580 679 1670 702 autem
1689 675 1750 702 illos
1767 674 1814 708 qui

1028 731 1130 761 patrem
1169 733 1247 752 suum
1277 723 1470 750 interfecerant
1496 722 1688 756 prehendens.
1715 720 1814 754 ipsose

1029 771 1118 798 medio
1142 771 1262 798 sustulit.
1284 769 1423 797 luterfecit
1456 767 1577 795 Nabdam
1609 771 1635 793 et
1653 765 1812 793 Nustamum

1028 816 1178 843 avunculus
1189 824 1265 846 suos.
1275 821 1331 842 tum
1344 819 1369 842 et
1387 814 1512 841 subditos
1523 820 1587 839 suos
1613 811 1757 846 tyranuire
1767 818 1810 836 re-

1028 869 1090 896 gere
1104 861 1227 895 maleque
1241 864 1358 887 tractare
1381 859 1482 893 incepit
1499 867 1506 891 ;
1523 857 1714 892 congessitque
1731 863 1812 890 opmn

1030 907 1090 941 plus
1100 915 1180 941 qitam
1191 911 1298 940 patrum
1309 905 1394 939 ipsius
1403 904 1538 939 quispiam
1550 906 1815 937 eongesserat.snm-

1029 953 1178 987 ptibnsque
1186 952 1318 986 pepercit.
1330 950 1463 985 depositis
1478 949 1624 978 nobilibus.
1637 955 1669 974 ac
1681 948 1812 981 principi-

1028 999 1078 1025 bus
1090 999 1122 1025 ad
1136 998 1311 1033 ignominiam
1329 997 1457 1023 redactis.
1478 996 1561 1022 Porro
1577 994 1649 1028 quod
1661 993 1693 1020 ad
1711 993 1812 1019 Mami-

1027 1046 1099 1071 cium
1115 1044 1301 1071 Romanorum
1321 1043 1526 1077 imperatorem,
1546 1041 1596 1068 fuit
1611 1041 1662 1074 ipsi
1677 1040 1808 1070 fantulus,

1027 1098 1105 1123 quem
1119 1091 1218 1117 amavit
1228 1094 1254 1116 et.
1265 1091 1296 1115 :nl
1308 1089 1467 1124 dignitatem
1480 1087 1579 1119 erexit.
1597 1087 1707 1113 nomine
1723 1085 1811 1112 Theo-

1026 1137 1119 1168 dorus,
1134 1136 1280 1170 aliquando
1291 1139 1380 1162 tamen
1393 1135 1443 1168 ipsi
1460 1134 1547 1161 iratus
1558 1134 1677 1167 graviter
1695 1139 1812 1166 percus~

1026 1184 1072 1215 sit,
1086 1183 1156 1210 unde
1176 1183 1202 1209 in
1221 1183 1296 1209 illum
1314 1182 1382 1208 iram
1393 1181 1487 1208 animo
1498 1179 1633 1213 concepit.
1648 1178 1806 1206 Fuiteidcm

1025 1229 1209 1264 [imperaturi]
1233 1229 1305 1255 inter
1325 1228 1410 1254 duces
1442 1227 1528 1261 ipsius
1561 1226 1671 1260 quidam
1698 1224 1810 1251 nomine

1024 1274 1140 1306 Phocus,
1166 1276 1209 1301 cui
1227 1275 1314 1300 iratus
1334 1273 1393 1299 frit.
1412 1272 1483 1300 Dixit
1508 1279 1572 1306 ergo
1595 1271 1700 1298 l'ltot'as
1724 1278 1809 1305 puero

1023 1319 1183 1350 Theodoro,
1201 1323 1344 1353 postquam
1362 1324 1488 1351 magnam
1517 1316 1568 1349 ipsi
1598 1315 1719 1350 pecuniae
1734 1323 1810 1341 sum-

1024 1372 1094 1391 mam
1113 1363 1253 1390 dedisset:
1272 1363 1338 1389 Arte
1357 1362 1447 1395 aliqua
1471 1361 1556 1387 utaris
1576 1367 1628 1394 qua
1648 1358 1808 1386 Mauricium

1023 1409 1177 1436 iutertlcere
1199 1409 1300 1443 possis.
1317 1407 1494 1442 209-211
1516 1405 1585 1432 l‘ner
1601 1413 1678 1436 creo.
1700 1412 1754 1438 prze
1769 1406 1808 1430 ira

1022 1463 1103 1488 quam
1127 1455 1152 1481 in
1175 1455 1265 1488 ipsum
1287 1453 1371 1480 corde
1390 1453 1552 1482 retinuerat,
1573 1455 1651 1478 nuctn
1670 1451 1810 1483 ingressus

1023 1501 1112 1535 ipsutn
1138 1499 1289 1527 interfecit.
1302 1499 1445 1533 Imperium
1465 1503 1554 1524 autent
1573 1497 1717 1531 occuparit
1738 1496 1810 1523 Plio-

1021 1554 1078 1573 (‘38.

1057 1591 1201 1625 Imperavit
1224 1598 1288 1625 ergo
1323 1590 1428 1617 Pltocas
1455 1589 1584 1616 Romanis
1608 1592 1670 1615 octo
1696 1595 1803 1616 anuus.

1021 1638 1102 1672 idque
1122 1645 1195 1664 anno
1224 1637 1300 1671 regni
1332 1636 1423 1663 Cesrm
1443 1635 1587 1662 Persarum
1607 1634 1686 1669 regis
1703 1634 1808 1660 deeiu-u

1021 1684 1128 1719 quinto.
1149 1683 1178 1710 In
1194 1682 1316 1710 Mauricii
1337 1682 1417 1708 etiam
1431 1681 1532 1707 liberos
1551 1687 1611 1707 cum
1628 1687 1726 1706 manus
1743 1678 1807 1710 inii-

1021 1729 1098 1756 eiens
1114 1728 1220 1756 Pliocas
1237 1735 1284 1754 eos
1301 1727 1463 1756 trucidaret.
1481 1727 1573 1752 nutrix
1587 1725 1709 1759 ipsorum
1723 1732 1806 1750 mqu

1022 1782 1116 1801 eorum
1131 1774 1298 1809 prehensum
1314 1772 1499 1802 abScundcns.
1514 1771 1597 1798 filium
1610 1771 1669 1804 ejus
1688 1770 1745 1796 vice
1760 1777 1806 1795 uc-

1021 1818 1169 1846 cidendum
1185 1818 1309 1845 tradidit.
1326 1817 1396 1844 l’uer
1413 1817 1464 1844 iste
1475 1824 1537 1843 cum
1556 1815 1732 1846 adolevisset,
1749 1821 1806 1841 mo-

1022 1867 1127 1893 nachus
1152 1865 1240 1892 factus
1264 1865 1292 1891 in
1319 1867 1409 1890 monte
1432 1861 1515 1893 Sina.
1542 1866 1667 1888 martuus
1693 1864 1746 1888 est.
1772 1860 1806 1886 At

1020 1911 1116 1942 Ccsra.
1134 1909 1262 1936 Hormozi
1278 1908 1362 1940 ﬁlius,
1383 1907 1479 1934 audito
1495 1905 1656 1933 Mauricinm
1671 1912 1732 1932 cum
1748 1912 1806 1930 om-

1021 1956 1101 1983 nibus
1115 1955 1201 1990 ipsius
1215 1954 1279 1981 ﬁliis
1300 1953 1472 1980 interfectum
1491 1959 1561 1982 esse.
1580 1950 1736 1978 convocatis
1755 1958 1801 1976 εον

1022 2002 1131 2029 mitibus
1154 2001 1212 2028 suis
1227 1999 1294 2026 dixit
1312 1999 1378 2033 ipsis
1393 2006 1399 2024 :
1423 1997 1539 2024 Necesse
1554 1996 1618 2023 tuihi
1639 2000 1681 2023 est
1696 1999 1724 2021 ut
1741 2002 1804 2021 san-

1020 2047 1129 2081 guinein
1154 2045 1242 2071 soceri
1269 2044 1322 2070 mci
1347 2044 1494 2076 requirant,
1520 2042 1664 2076 ipsumque
1688 2040 1805 2066 ulciscar

1021 2091 1179 2125 (instigante
1209 2091 1241 2115 ad
1270 2089 1321 2116 hoc
1346 2089 1434 2123 ipsum
1456 2088 1572 2122 conjuge
1592 2087 1678 2121 ipsius
1703 2086 1803 2117 Maria,

1022 2135 1145 2162 Mauricii
1163 2135 1240 2168 filia).
1261 2134 1308 2161 Cui
1326 2133 1683 2168 responderuntconsiliarii
1700 2133 1802 2166 ipsius:

1022 2180 1077 2207 Nos
1102 2185 1175 2208 certe
1201 2181 1248 2207 tibi
1277 2180 1394 2206 diximus
1428 2179 1591 2206 Christianis
1617 2187 1666 2206 nec
1694 2183 1802 2213 paetum

184 2223 367 2258 imperatoris,
392 2226 517 2259 septimo.
541 2224 668 2252 Stabilito
684 2230 775 2253 autem
801 2227 857 2260 jam
884 2235 966 2261 penes

1023 2234 1080 2253 esse
1098 2234 1147 2253 nec
1163 2226 1253 2257 fidem,
1281 2233 1329 2252 ιιι-(ε
1351 2225 1459 2253 Γωιὶιιεε
1485 2230 1512 2251 ιιι
1532 2232 1596 2252 vero
1615 2224 1693 2252 nobis
1709 2231 1801 2251 aurem

182 2270 291 2297 Cesram
317 2278 417 2304 regno.
438 2272 542 2298 remisit
570 2272 613 2298 ille
650 2271 782 2299 Mauricio
809 2272 966 2306 imperaturi

181 2316 275 2348 copias
293 2323 368 2347 suas.
390 2324 436 2343 cas
453 2317 532 2343 donis
544 2321 576 2352 et,
592 2318 773 2348 muneribus.
802 2326 817 2344 e
836 2323 966 2352 prwslau-

182 2360 296 2387 tissimis
307 2367 402 2388 eorum
419 2369 478 2394 qua:
497 2369 511 2387 a
531 2361 577 2388 tali
595 2362 621 2388 in
641 2361 707 2388 tales
726 2361 846 2389 conferri
865 2361 966 2393 solent.

182 2404 331 2430 instructas
361 2404 459 2432 dimitti
485 2404 597 2437 jubcns.
631 2404 748 2439 Scripsit
781 2406 893 2439 insuper
933 2406 964 2432 ad

180 2447 339 2474 Mttlll'it‘illtll
354 2448 545 2482 imperatorem
563 2449 645 2475 tiliam
670 2449 766 2483 ipsius,
787 2451 896 2476 nuntinc
909 2449 965 2475 Ma-

181 2493 260 2524 iiuu.
284 2494 319 2519 ab
346 2494 406 2528 ipso
430 2494 456 2519 in
483 2501 592 2520 uxorem
608 2498 724 2528 petens:
750 2494 794 2520 cui
825 2495 965 2529 rescripsit

181 2538 329 2569 Mmricius
353 2547 360 2565 :
380 2538 436 2566 Non
468 2539 532 2566 licet
558 2539 624 2566 mihi
653 2540 736 2566 filiam
760 2547 846 2566 meam
871 2541 918 2567 tibi
937 2541 963 2567 in

182 2592 292 2610 uxorem
322 2585 398 2615 dare.
430 2585 481 2612 nisi
508 2585 664 2619 religionem
693 2585 879 2612 Christianam
905 2594 964 2613 am-

181 2629 306 2662 plei-taris
323 2638 329 2656 :
345 2630 388 2656 cui
402 2638 527 2657 annuens
540 2631 623 2658 Cesra
646 2631 887 2658 Christianismum
905 2640 963 2658 ain--

181 2675 277 2708 plexus
293 2680 343 2706 est.
361 2676 534 2710 culpautibus
547 2678 634 2712 ipsum
653 2678 809 2708 comitibus.
829 2680 962 2706 consilia-

180 2719 237 2750 riis,
256 2728 286 2747 ac
302 2720 418 2747 ducibus
435 2723 502 2754 suis,
519 2729 542 2748 et
558 2723 730 2750 dicentibus:
757 2723 814 2751 Hoc
831 2729 858 2751 et
884 2725 962 2753 nobis

179 2765 283 2799 tibique
304 2773 355 2792 una
391 2767 416 2792 in
437 2768 613 2800 opprobrium
632 2769 730 2801 cedet;
759 2777 809 2797 nee
839 2770 874 2797 ita
898 2770 962 2798 fecit

178 2815 241 2838 autc
259 2818 284 2838 te
296 2813 431 2847 quisp'am
448 2821 461 2840 c
477 2814 620 2841 l‘ersarum
638 2815 746 2849 regibus
760 2816 794 2842 ab
809 2816 961 2843 Azdashiro

180 2857 230 2885 hoc
253 2866 339 2892 usque
363 2863 468 2893 tempus
491 2869 496 2886 :
525 2860 607 2895 208
638 2869 670 2887 ne
695 2867 785 2889 autem
805 2867 830 2888 te
846 2862 878 2889 ad
903 2862 959 2889 lis-‘e

1019 2273 1139 2307 prtebere
1158 2272 1268 2298 noluisti
1292 2280 1298 2298 :
1321 2272 1392 2306 quod
1417 2271 1438 2298 si
1457 2271 1511 2297 ulla
1527 2270 1594 2304 ipsis
1609 2269 1721 2297 fmderis
1736 2277 1801 2296 cura

1018 2319 1057 2345 vel
1072 2319 1137 2345 fides
1149 2318 1254 2350 fuisset,
1287 2325 1376 2351 regem
1388 2325 1467 2344 suum
1486 2324 1538 2343 non
1554 2317 1730 2344 occidissent.
1742 2315 1801 2342 Jam

1017 2372 1082 2391 vero
1107 2364 1163 2398 regi
1183 2364 1248 2390 illud
1264 2363 1457 2393 indicabimus.
1473 2362 1544 2396 quod
1564 2362 1586 2389 si
1605 2361 1800 2392 fecerit.corda

1017 2410 1085 2445 ipsis
1110 2409 1456 2438 inﬂcrtel.fmulamentnm
1471 2408 1630 2439 concutiet,
1654 2411 1681 2434 et
1696 2407 1802 2441 religio-

1017 2464 1077 2484 uem
1097 2456 1219 2489 ipsorum
1242 2454 1274 2481 ad
1299 2454 1414 2481 nihilum
1430 2453 1555 2488 rediget;
1581 2453 1653 2488 quod
1671 2454 1723 2480 hoc
1740 2457 1801 2483 est;

1016 2506 1045 2528 ut
1065 2508 1126 2527 cum
1143 2501 1178 2527 sit
1192 2500 1259 2534 ipsis
1274 2499 1371 2525 domus
1394 2498 1591 2534 Hierosolymis
1607 2507 1687 2533 quam
1711 2496 1804 2533 magni

1017 2545 1133 2578 faciunt,
1157 2545 1270 2571 mittens
1295 2545 1382 2577 ipsum
1405 2543 1617 2578 diruas.mpute
1638 2551 1689 2578 qua
1711 2543 1800 2569 diruta

1014 2590 1224 2617 inﬁrmalmntur
1239 2589 1359 2623 ipsorum
1375 2588 1456 2618 vires.
1471 2592 1498 2615 et
1511 2589 1537 2614 in
1562 2592 1745 2621 contemptum
1759 2595 1800 2613 re-

1014 2635 1121 2670 digetur
1145 2635 1299 2669 imperium.
1334 2635 1414 2669 212
1446 2634 1518 2660 Misit
1543 2642 1607 2668 ergo
1636 2641 1650 2660 e
1682 2633 1799 2660 ducibus

1014 2681 1072 2708 suis
1083 2681 1228 2716 quemdam
1245 2680 1354 2707 nomine
1377 2679 1624 2706 Cltorawazaibuut
1642 2678 1798 2712 Hierosoly-

1016 2734 1058 2753 ma
1070 2746 1077 2756 .
1094 2727 1140 2761 qui
1158 2726 1217 2760 ipsa
1230 2729 1352 2753 vastaret
1373 2733 1380 2751 ;
1403 2725 1486 2752 alium
1503 2725 1584 2752 etiam
1606 2724 1632 2750 in
1653 2723 1797 2758 Egyptum

1013 2777 1040 2797 et
1056 2771 1244 2798 Alexandriam
1259 2771 1303 2805 qui
1320 2770 1457 2797 nllllltllltis
1472 2770 1508 2797 ibi
1527 2770 1698 2804 conquisitos
1712 2769 1798 2795 inter-

1014 2817 1117 2844 ficeret.
1155 2816 1213 2852 Ipse
1244 2816 1327 2843 Cesra
1365 2815 1627 2849 Constantinopolim
1657 2814 1793 2848 profectus

1012 2871 1071 2889 eam
1089 2862 1294 2897 qnaiuordecim
1318 2861 1397 2889 annis
1420 2861 1534 2888 obsidet.
1557 2860 1615 2888 Jam
1635 2868 1697 2887 vero
1718 2860 1792 2887 Cho-
