2014 3082
201 139 209 171 l
216 142 267 172 083

689 146 874 176 EUTYCIIII
902 148 1171 181 ALEXANDRINI
1193 153 1305 184 PATR.

1749 161 1819 194 108i

195 207 258 225 raw.
272 199 368 227 zaihns
385 200 546 228 Damascum
557 200 698 236 prolectus
715 203 801 237 ipsam
817 205 934 232 vastavit
950 213 980 232 ac
994 205 1018 234 Α
1032 210 1084 233 lem
1097 208 1129 234 ad
1144 209 1287 236 ecclesiam
1303 211 1465 246 pertigcram
1477 220 1538 240 cum
1553 220 1695 244 assecutus
1708 225 1749 244 me
1761 220 1819 253 qui.

195 245 347 272 incolarum
372 246 443 272 bona
465 246 579 281 diripuit
602 255 610 273 :
635 248 733 274 deinde
760 256 823 276 cum
854 250 982 279 "it'l‘ﬂSﬂ-

197 290 268 325 lyma
295 291 418 318 tenderet
443 293 600 326 congregati
628 298 693 320 sunt
722 295 755 321 ad
781 295 870 329 ipsum
894 296 980 325 Jur'zi

195 335 343 371 (quotquot
370 337 396 364 in
423 337 585 371 Tilteriadc,
610 345 703 367 monte
717 341 846 374 Calda-7e.
867 344 982 371 Nazare-

197 383 254 415 tha,
278 383 456 417 partibusque
469 385 659 418 adiacentibus
674 387 776 423 erant),
805 397 837 417 ac
853 389 983 418 Hieroso—

196 427 268 461 lynta
283 428 397 461 profecti
416 430 508 457 Persis
521 430 548 457 in
559 432 668 465 tetnplis
685 433 829 462 diruendis
845 436 980 464 Christia-

195 471 295 505 ni=que
318 473 489 501 trucidandis
509 483 587 509 opem
621 477 754 505 tulerunt.
789 479 978 516 Hierosolyma

194 517 278 551 igitur
303 519 350 546 ubi
374 521 554 554 pervenisset,
580 523 669 558 printo
693 526 816 551 omnium
833 528 981 554 ecclesiam

192 563 408 592 Gcsmaniticam
430 566 525 598 diruit.
551 576 601 596 ncc
617 577 671 596 nou
696 570 844 598 Ecclesiam
861 572 980 605 llelenzv,

192 616 310 643 quarunt
324 616 442 646 ttlraque
463 611 490 639 in
510 613 584 640 hunc
598 622 686 648 usque
698 615 770 642 diem
789 618 911 644 desolata
927 627 980 644 ma-

193 659 249 680 net.
268 654 355 682 Diruit
369 657 449 682 etiam
466 658 596 686 ecdesias
617 659 802 695 Constantini,
817 663 919 693 Cran‘i.
952 669 979 691 et

193 699 315 734 S-pnlcri
329 711 336 734 ;
361 702 388 728 in
410 703 538 731 Cranium
554 711 580 732 et
596 706 756 740 Sepulcrum
772 709 872 743 injecto
895 711 957 745 igne
969 730 977 743 .

191 746 339 773 maximam
361 748 443 775 etiam
460 751 536 777 urbis
553 757 656 785 partem
671 752 755 780 diruit
768 773 775 786 ,
800 754 905 784 Judzeis
924 765 977 784 una

191 797 253 817 eum
279 792 369 819 Persis
386 793 561 824 Christianos
587 798 746 826 innumeros
764 801 954 829 occidentibus
969 812 976 830 :

192 842 257 863 sunt
273 837 311 864 illi
328 839 412 866 occisi
429 840 474 874 qui
488 841 682 878 Hierosolymis
696 844 789 879 jaceat
803 846 829 873 in
845 847 904 873 loco
919 848 974 874 Ma-

192 883 260 909 ntela
287 885 432 918 appellato.
448 886 536 915 Pcrsm
559 894 649 916 atttem
667 895 811 926 postqttam
839 893 976 921 int-endis-

191 931 263 959 scut,
279 932 431 956 vastassent
451 935 479 958 ct
508 933 684 968 occidissent,
704 937 805 964 reversi
817 937 976 965 Zachariam

192 973 374 1006 patriarcham
399 975 675 1013 Hierosolymitattnm
689 990 742 1009 una
755 990 817 1010 cum
836 984 898 1011 aliis
910 985 978 1012 mul-

192 1019 226 1046 tis
251 1020 388 1054 captivum
410 1022 595 1056 abduxerunt.
626 1025 739 1061 Liguum
767 1029 849 1056 etiam
874 1031 976 1062 crucis.

192 1065 264 1099 quod
284 1066 344 1093 loco
360 1068 405 1094 illo
418 1069 563 1102 reliquerat
577 1070 678 1099 Helena
695 1073 867 1107 imperatrix,
881 1076 974 1104 abstu-

191 1109 281 1137 lerunt
301 1111 365 1146 (fuit
387 1117 476 1140 autem
493 1115 544 1149 pali
562 1117 652 1144 crucis
672 1119 765 1153 pars);
786 1120 858 1154 quod
875 1125 901 1148 ct
925 1130 976 1149 una

191 1164 255 1184 cum
270 1157 443 1194 2133215
460 1162 576 1195 captivis
597 1163 769 1196 deportatum
798 1171 840 1194 est
863 1168 890 1194 in
914 1168 979 1195 Per~

191 1204 270 1230 siam.
297 1204 373 1232 Dono
390 1206 473 1240 igitur
500 1208 560 1235 dari
583 1209 636 1236 sibi
654 1217 668 1236 a
690 1210 773 1238 Cesm
801 1217 897 1247 petens
923 1215 978 1242 Ma-

191 1249 244 1280 tia,
260 1249 381 1278 Mauricii
399 1253 450 1279 tilia
464 1273 471 1284 ,
490 1254 593 1288 lignum
608 1257 698 1283 crucis
714 1262 739 1283 et
755 1257 915 1287 Zachariam
930 1269 977 1295 pa-

191 1297 360 1329 ttiarcltam,
388 1299 542 1334 multosque
560 1308 591 1326 ex
616 1302 649 1328 iis
676 1303 722 1336 qui
743 1305 842 1338 captivi
867 1307 978 1335 abducti

191 1348 267 1374 ειιιιι,
288 1343 361 1377 ipsos
373 1345 405 1370 ad
425 1353 454 1372 se
474 1346 584 1374 domum
607 1356 684 1376 suam
705 1351 820 1385 recepit,
839 1353 885 1378 ttbi
902 1361 976 1381 tuan-

191 1394 295 1416 serunt.
320 1389 497 1425 Morluusque
517 1397 559 1420 est
575 1393 722 1423 Zacharias
736 1417 744 1429 ,
767 1398 922 1431 patriarclta
952 1401 976 1426 itt

190 1440 242 1466 rep
255 1434 359 1462 ivitate.
371 1435 517 1471 Postquam
538 1444 628 1467 autem
647 1443 771 1475 captivus
784 1444 916 1472 abductus
936 1451 975 1474 est

191 1478 339 1507 Zacharias
367 1481 496 1509 cathedra
522 1482 765 1521 Hierosnlymitana
791 1489 896 1524 absque
929 1500 977 1525 pa-

191 1525 308 1552 triarcha
332 1528 432 1555 mans’t
449 1537 535 1557 annos
554 1531 718 1565 quindecim.

229 1571 312 1598 Porro
326 1581 399 1601 anno
410 1575 516 1609 imperii
532 1575 632 1604 Pltocat
644 1583 742 1612 quarto
755 1579 842 1608 factus
856 1586 898 1609 est
916 1582 978 1608 Ser-

193 1616 254 1648 gius
274 1617 428 1646 ttatviarcha
437 1620 772 1656 Coustanlinopolitanns.
788 1627 832 1660 qui
847 1626 870 1653 Μ
881 1629 976 1654 ιιύιιῖῑῖὶ

192 1662 253 1689 fuit.
272 1663 349 1691 Sedit
363 1673 450 1693 annos
474 1668 570 1701 viginti
593 1669 671 1697 duos.
685 1670 763 1698 Anno
781 1672 888 1706 imperii
903 1674 978 1708 ejus-

193 1709 253 1735 dem
270 1710 393 1737 secundo
410 1713 578 1741 constitutus
594 1719 635 1741 est
650 1715 809 1744 Theodorus
823 1719 976 1753 patriarclta

193 1754 403 1789 Alexandrinus;
420 1757 466 1791 qui
483 1766 544 1784 cum
562 1759 633 1787 duos
650 1768 736 1789 annos
758 1763 884 1794 scdissct.
904 1773 977 1798 mpr-

193 1806 258 1828 tnus
275 1805 327 1828 est.
343 1803 421 1830 Anno
436 1803 540 1837 itnpcrii
562 1805 683 1840 ejusdem
699 1813 796 1842 quarto
809 1811 978 1838 constitutus

191 1851 233 1874 cst
247 1846 367 1875 Joannes
390 1848 544 1878 Misericors
571 1852 724 1886 patriarcha
753 1854 973 1888 Alexandrinus;

191 1901 278 1920 annos
291 1894 383 1922 decent
399 1895 479 1926 sedit,
493 1896 555 1923 dein
574 1901 699 1926 mortuus
722 1904 774 1927 est.
789 1900 973 1933 Cognomina-

192 1943 237 1966 lus
250 1943 291 1966 est
308 1944 399 1967 autent
417 1940 569 1970 Misericors
599 1943 658 1971 ideo
679 1945 750 1979 quod
765 1945 806 1979 (ut
829 1947 977 1981 narratur),

192 1993 252 2011 cunt
270 1994 371 2020 genere
387 1987 516 2022 Cypriota
541 1993 633 2022 esset,
659 1989 756 2017 viderit
783 1991 809 2017 itt
831 1991 975 2025 insomnio,

191 2039 279 2058 annos
301 2036 358 2059 tum
381 2038 462 2060 natus
482 2034 650 2068 quittdecitn,
677 2036 818 2063 mulierem
840 2046 901 2072 qua:
916 2039 974 2072 pul-

190 2078 346 2105 chritudine
360 2079 442 2105 sulem
459 2080 583 2114 referret,
600 2085 746 2108 astantem.
777 2082 844 2114 Qua-
863 2083 976 2118 (inquit)

192 2125 262 2151 latus
281 2125 345 2151 utilti
368 2126 502 2160 pupugit;
525 2134 607 2160 quant
626 2135 687 2153 cttttt
703 2128 910 2163 expergefactus
934 2130 977 2156 itt-

192 2176 294 2204 tuerer,
309 2171 363 2197 dixi
379 2170 452 2205 :Tu,
469 2179 592 2206 quzenam
607 2173 655 2199 es?
670 2177 696 2199 et
711 2174 849 2207 quomodo
863 2182 929 2203 ausa
948 2183 977 2203 cs

191 2217 224 2243 ad
239 2224 281 2244 me
326 2216 378 2244 ltoc
425 2221 546 2250 tempore
567 2217 718 2245 accedere?
738 2218 788 2245 fuit
805 2224 894 2246 autent
922 2220 973 2254 ipsi

192 2262 218 2288 iu
234 2263 321 2296 capite
337 2270 437 2289 corona
454 2263 578 2298 oleagina
590 2284 597 2294 ,
616 2262 760 2298 Dixitque:
777 2264 842 2291 Sunt
864 2273 913 2299 ego
935 2274 975 2292 re-

191 2307 233 2341 gis
249 2307 314 2340 lilia,
330 2307 401 2342 quod
420 2307 442 2334 si
458 2315 500 2334 me
519 2307 567 2334 tibi
590 2308 704 2335 amicam
723 2307 820 2336 feceris
836 2309 868 2335 ad
886 2317 975 2344 regem

192 2359 217 2379 tc
239 2353 423 2385 introducam;
449 2361 534 2387 neque
559 2353 632 2380 enim
661 2353 804 2388 quisquam
829 2355 862 2396 ad
888 2355 978 2389 ipsum

191 2399 263 2426 viam
290 2406 366 2433 atque
390 2403 542 2426 tttonSIrare
565 2403 654 2433 potest
670 2407 701 2426 ac
722 2407 791 2432 ego;
818 2400 900 2436 216
917 2401 978 2427 ideo

191 2445 374 2480 scilicetquia
389 2453 440 2479 ego
457 2445 545 2478 ipsum
573 2445 598 2472 itt
625 2449 725 2473 terram
745 2446 836 2477 traxi;
865 2454 912 2480 per
936 2454 979 2474 me

190 2491 263 2517 enim
279 2491 392 2518 veniens
409 2491 568 2518 incarnatus
588 2495 639 2522 est,
654 2498 686 2517 ac
701 2491 827 2518 homines
841 2491 975 2517 liberavit.

190 2536 258 2563 Tum
277 2544 292 2563 ιι
311 2544 354 2563 me
367 2537 506 2564 discessit.
528 2536 581 2571 Ego
595 2544 671 2569 vero,
698 2536 737 2563 Re
755 2544 818 2563 vera
836 2537 971 2571 (inquam)

190 2586 231 2608 est
252 2583 309 2611 haec
326 2581 523 2610 Misericordia.
534 2582 687 2618 Statimque
703 2590 818 2618 surgens
835 2581 977 2609 ecclesiam

193 2628 276 2661 petii;
303 2635 357 2662 quo
375 2628 439 2655 d-um
460 2629 617 2659 tenderent.
643 2635 707 2655 ecce
734 2628 760 2654 itt
789 2628 832 2654 via
859 2627 979 2654 occurrit

193 2673 259 2700 mihi
276 2673 435 2710 percgriuus
452 2673 563 2709 quidam
579 2673 669 2700 nttdus
691 2682 698 2700 :
715 2673 766 2699 fuit
780 2677 869 2700 atttem
892 2672 978 2708 frigus

192 2721 348 2753 vehemens,
371 2725 530 2756 tentpttsque
545 2720 705 2751 hibernum;
733 2728 818 2755 quare
831 2719 978 2746 atniculuut

191 2772 245 2797 quo
264 2765 375 2793 indutus
390 2773 464 2792 cram
496 2774 601 2793 exuens
623 2766 675 2801 ipsi
693 2765 754 2792 dctli
770 2774 777 2797 ;
794 2770 850 2791 tum
872 2773 977 2792 uterum

192 2810 284 2836 animo
300 2810 355 2835 dixi
373 2817 380 2834 :
396 2810 454 2836 tam
477 2811 559 2837 sciam
582 2816 671 2837 utrum
697 2819 792 2838 verum
819 2811 899 2837 fuerit
926 2811 978 2838 hoc

191 2854 264 2886 quod
281 2853 335 2880 vidi
355 2861 453 2886 Visum,
472 2862 506 2880 an
525 2863 539 2881 a
553 2855 661 2882 diabolo
677 2857 767 2883 luerit.
790 2855 912 2882 Nondum
930 2864 978 2883 au-

1035 252 1108 285 dam,
1127 255 1171 282 cui
1189 261 1277 282 vestes
1293 257 1412 284 candore
1426 258 1505 286 niveo
1518 265 1606 293 erant,
1624 262 1688 289 mihi
1709 271 1817 292 centum

1033 305 1130 327 aureos
1144 300 1264 328 traderet
1276 302 1316 336 (in
1330 303 1420 337 aliquo
1433 306 1583 340 exemplari
1597 306 1709 339 dicitur.
1723 311 1816 343 mille),

1032 345 1126 372 dicens
1141 353 1149 371 ε
1163 346 1212 374 His
1226 349 1316 376 aureis
1329 351 1460 384 acceptis,
1485 354 1622 385 quomodo
1643 354 1691 381 til:i
1709 355 1816 383 lilmeril

1034 394 1119 418 ntere.
1142 392 1266 427 Cumque
1282 402 1432 424 conversus
1447 405 1534 424 essem
1551 404 1580 425 Ill
1595 407 1642 427 eos
1658 401 1709 435 ipsi
1729 403 1811 429 redde

1033 443 1100 466 rem.
1113 438 1250 464 neminem
1265 440 1331 467 vidi.
1351 440 1410 468 Dixi
1428 449 1511 477 ergo:
1527 443 1630 471 Revera
1645 454 1698 473 non
1714 453 1755 475 est
1770 449 1816 475 hor

1034 480 1144 509 falsum.
1176 482 1296 511 Joannes
1333 491 1422 513 autem
1454 488 1611 517 Misericors
1639 492 1817 526 quodcunan

1032 528 1152 560 possedit
1165 529 1191 555 iu
1210 530 1410 567 eleemosynam
1435 541 1550 569 erogare
1563 537 1660 565 solitus
1676 543 1718 565 est
1731 559 1738 568 .
1752 539 1818 565 adcr

1032 577 1058 598 ut
1073 577 1172 606 vestes,
1184 576 1284 609 quibus
1300 577 1412 606 indutus
1427 585 1503 611 erat.
1527 589 1632 609 exuens
1654 586 1816 618 pauperibus

1031 618 1217 652 distribueret,
1229 622 1283 649 imo
1293 624 1471 659 etaliquaudo
1481 632 1570 655 vestes
1579 637 1671 657 sacras
1684 631 1818 665 inquibus

1032 672 1110 690 sacra
1125 666 1286 700 celebraret,
1297 677 1354 704 pra
1369 679 1474 698 summa
1491 682 1543 707 qtta
1557 679 1616 702 erat
1632 677 1816 705 misericordia

1031 709 1097 743 ipsis
1112 712 1209 744 daret;
1227 715 1435 751 appellatusque
1452 723 1493 744 est
1510 718 1630 747 Joannes
1653 722 1817 750 M'sericnrs.

1066 756 1151 783 Porro
1167 765 1239 785 attno
1257 759 1363 794 imperii
1384 763 1483 790 Phorm
1500 770 1577 792 sexto
1593 768 1761 795 constitutus
1779 775 1817 795 est

1030 801 1191 831 Theodorus
1215 806 1370 839 patriarcha
1396 808 1554 842 Romanus;
1580 812 1626 845 qui
1648 817 1703 839 tres
1732 822 1817 841 annos

1031 848 1109 879 sedit,
1135 849 1196 876 dciu
1225 857 1350 878 mortuus
1377 858 1428 881 est.
1450 854 1517 881 Cum
1544 862 1634 883 autent
1664 864 1817 887 vastassent

1029 891 1118 920 Persa
1125 896 1256 924 ecclesias
1265 897 1538 935 Ilicrosoly’mitauas,
1551 903 1637 936 iisque
1644 904 1817 941 ξιτ-219

1030 938 1093 972 igne
1109 942 1252 969 succensis
1267 943 1413 972 rediisseut
1425 965 1433 978 ,
1454 948 1604 976 monachus
1621 938 1818 984 quidaquu'i

1029 982 1055 1009 in
1075 987 1242 1014 monasterio
1266 987 1411 1016 Dttwakcsi
1428 990 1509 1025 (quod
1530 992 1601 1020 idem
1617 982 1658 1021 est
1680 982 1818 1023 monaste-

1030 1028 1100 1056 rium
1111 1029 1272 1066 Theodosii)
1285 1032 1346 1065 t‘nit,
1362 1036 1471 1063 nomine
1483 1037 1631 1071 Modestus,
1641 1041 1818 1076 ejusdemque

1029 1075 1184 1109 prmfcctns,
1199 1079 1314 1106 reversis
1335 1080 1399 1112 illis,
1415 1081 1549 1115 Ramlam,
1569 1083 1752 1120 Tiberiadeat,
1766 1088 1818 1123 Ty-

1030 1127 1102 1151 rum,
1115 1126 1141 1147 ct
1156 1121 1317 1149 Damascum
1334 1125 1472 1157 profectus
1483 1127 1656 1157 Cltristianos
1674 1136 1703 1158 ut
1715 1121 1818 1167 aliquid

1030 1165 1165 1193 donantes
1181 1175 1258 1202 opem
1278 1169 1329 1203 ipsi
1349 1169 1451 1198 ferrent
1464 1180 1518 1207 qtto
1540 1174 1672 1203 ecclesias
1687 1165 1817 1206 Hieroso~

1030 1210 1173 1244 lymitanas
1190 1220 1259 1246 quas
1274 1213 1413 1242 diruerant
1437 1216 1529 1245 Persae
1547 1219 1722 1253 instauraret,
1740 1231 1818 1257 roga-

1029 1257 1088 1283 vit:
1109 1259 1207 1291 quibus
1230 1260 1397 1288 donantibus
1415 1270 1565 1297 magnaque
1583 1272 1664 1299 opum
1686 1268 1709 1293 vi
1733 1269 1817 1295 colle-

1029 1307 1072 1328 cta
1086 1302 1272 1338 Hierosolyma
1288 1313 1426 1340 reversus,
1438 1310 1570 1337 ecclesias
1583 1310 1817 1346 Resurrectionis,

1031 1347 1154 1383 Sepulcri
1168 1371 1175 1381 ,
1192 1351 1284 1378 Cranii
1303 1357 1328 1379 et
1347 1354 1442 1380 Sancti
1461 1354 1632 1384 Constantini
1660 1361 1794 1386 exstruxit
1809 1381 1816 1390 ,

1029 1401 1060 1421 ca
1078 1402 1139 1428 qua
1152 1395 1206 1428 jam
1222 1402 1310 1423 exstat
1326 1397 1440 1426 fabrica.
1452 1399 1576 1435 Cumque
1589 1403 1720 1430 audii-set
1733 1404 1816 1431 Joan-

1029 1447 1078 1467 nes
1104 1439 1262 1468 Misericors
1296 1443 1469 1472 Alexandriae
1490 1447 1642 1480 patriarcha
1664 1449 1816 1478 Mo'esntut

1029 1485 1158 1512 ccnlesias
1183 1494 1198 1513 a
1226 1486 1316 1515 Persis
1349 1489 1455 1517 dirutas
1484 1491 1651 1524 instaurare,
1670 1494 1745 1521 misit
1764 1496 1816 1529 ipsi

994 1533 1015 1561 (ζ
1031 1531 1153 1565 iumenta
1171 1533 1255 1565 mille,
1268 1540 1363 1561 saccos
1387 1534 1514 1563 frumenti
1535 1537 1624 1569 mille,
1648 1539 1813 1574 leguminum

1029 1578 1115 1610 mille,
1137 1578 1233 1606 nutrite
1248 1580 1393 1614 amphoras
1410 1581 1498 1614 mille,
1517 1583 1570 1609 vini
1597 1584 1680 1615 mille.
1700 1584 1764 1612 ferri
1781 1587 1817 1612 ti-

1029 1623 1093 1650 bras
1109 1625 1192 1656 mille,
1207 1632 1268 1652 cum
1287 1627 1420 1660 operariis
1437 1628 1520 1655 mille.
1543 1628 1738 1657 Cltarawazailt
1758 1639 1809 1657 att-

1030 1673 1093 1699 lem,
1108 1669 1154 1696 ubi
1173 1669 1359 1705 Hierosolyma
1375 1677 1517 1704 vastasset,
1533 1673 1677 1707 :Egyptnm
1698 1679 1724 1701 et
1748 1675 1810 1702 Afe—

1029 1715 1169 1742 xandriam
1191 1716 1278 1750 petiit.
1305 1716 1424 1744 Joannes
1442 1725 1505 1752 ergo
1535 1718 1690 1746 Misericors
1714 1721 1810 1747 audito

1029 1759 1127 1786 Persas
1144 1760 1335 1786 Alexandriam
1355 1762 1477 1793 tendere,
1495 1770 1548 1796 prae
1571 1767 1644 1790 metu
1673 1771 1726 1790 una
1752 1772 1815 1791 cum

1028 1804 1154 1838 patricio.
1178 1805 1223 1839 qui
1249 1805 1420 1834 Alexandria:
1437 1807 1554 1842 prefuit.
1573 1810 1685 1836 nomine
1696 1809 1807 1842 Niceta,

1028 1850 1145 1885 Cyprum
1163 1851 1240 1886 fugit.
1263 1852 1387 1888 Cumque
1402 1854 1521 1888 Cyprum
1539 1855 1727 1889 pervenissent
1740 1876 1747 1885 ,
1772 1865 1816 1882 ru-

1029 1896 1103 1930 gavit
1121 1897 1211 1931 ipsum
1228 1896 1338 1925 Nicetas
1357 1903 1386 1925 ttt
1409 1907 1461 1926 una
1482 1908 1574 1927 secum
1587 1901 1816 1938 Constantinopo-

1028 1941 1074 1968 lim
1097 1941 1130 1968 ad
1145 1941 1262 1970 Pltocant
1281 1943 1475 1977 imperatorem
1496 1947 1637 1980 profectus
1658 1948 1746 1982 ipsnttt
1771 1956 1815 1975 sa-

1028 1989 1136 2019 lutaret,
1169 1995 1329 2023 rogaretque
1370 1989 1481 2025 [Deum]
1507 1996 1536 2018 ut
1560 1993 1702 2020 obsidione
1719 2001 1770 2028 qtta
1800 2002 1814 2019 a

1028 2035 1118 2062 Persis
1144 2036 1294 2068 urgebatur
1312 2036 1399 2070 ipsum
1418 2037 1561 2065 liberaret.
1586 2038 1653 2065 Dttm
1674 2044 1762 2066 autem
1789 2040 1815 2066 iu

1029 2081 1096 2106 tttari
1123 2081 1293 2115 navigarent,
1313 2081 1379 2108 vidit
1403 2082 1523 2109 Joannes
1540 2082 1695 2111 Misericors
1719 2084 1745 2110 in
1771 2084 1815 2110 in-

1035 2127 1142 2154 sontnio
1166 2131 1300 2154 astantem
1331 2128 1381 2155 sibi
1395 2128 1477 2163 220
1494 2137 1601 2155 servum
1616 2129 1710 2156 dicere
1729 2138 1736 2156 :
1758 2130 1815 2156 Rc!

1029 2173 1148 2200 cmleslis
1164 2173 1212 2200 tibi
1233 2173 1344 2207 propior
1357 2179 1399 2200 cst
1413 2182 1493 2207 quant
1509 2182 1554 2200 rex
1571 2175 1720 2202 terrestris.
1733 2174 1816 2202 Joan-

1032 2226 1080 2245 nes
1091 2225 1154 2252 ergo
1162 2223 1337 2252 experrectus
1366 2219 1432 2245 dixit
1448 2218 1549 2246 Niceta:
1566 2228 1572 2246 :
1590 2219 1696 2247 Redeas
1710 2227 1815 2247 mecum

1031 2263 1057 2289 in
1072 2263 1203 2297 Cyprum,
1225 2270 1275 2296 ego
1290 2263 1361 2290 enim
1380 2264 1530 2290 moriturus
1546 2272 1617 2291 sum.
1633 2265 1756 2298 Cumque
1772 2272 1817 2291 re-

1029 2309 1100 2335 versi
1117 2313 1209 2335 essent
1222 2308 1341 2343 Cyprum
1363 2309 1434 2335 diem
1457 2309 1543 2340 obiit.
1561 2314 1705 2344 postquam
1722 2310 1817 2337 cathe-

1028 2354 1106 2381 drattt
1122 2354 1215 2381 decem
1241 2354 1320 2381 annis
1335 2360 1496 2389 occupasset
1510 2364 1517 2387 ς
1538 2355 1713 2391 sepultusque
1731 2360 1772 2382 est
1789 2356 1817 2382 in

1029 2401 1089 2427 vico
1106 2401 1223 2434 quodam
1238 2400 1318 2435 Cypri
1342 2401 1414 2428 dicto
1430 2403 1586 2428 Asalancta.
1610 2401 1674 2428 Post
1701 2407 1815 2429 mortem

1030 2451 1119 2472 autent
1133 2445 1244 2472 Joannis
1260 2445 1442 2473 Miscricordis
1467 2447 1566 2474 mansit
1577 2447 1739 2473 Alexandria
1756 2447 1817 2474 sine

1031 2491 1200 2525 patriarcha,
1220 2499 1306 2518 annos
1321 2497 1436 2526 St‘plem.
1456 2491 1506 2519 Ubi
1524 2499 1588 2519 vero
1601 2492 1752 2519 obsedisset
1766 2492 1818 2519 Ce-

1030 2545 1075 2563 sra
1089 2537 1368 2571 Constantinopolim,
1384 2545 1469 2564 vacua
1486 2539 1586 2564 mansit
1602 2538 1679 2573 Syria
1692 2538 1817 2564 exercitu

1030 2581 1227 2610 Romanorum.
1248 2582 1370 2609 Fuerunt
1386 2587 1478 2619 autem
1493 2583 1558 2618 Tyri
1578 2589 1696 2618 quatuor
1711 2582 1818 2610 ludam-

1030 2635 1088 2653 runt
1107 2627 1202 2654 millia.
1223 2626 1254 2653 lli
1271 2627 1304 2654 ad
1319 2627 1426 2654 .Iudatos
1446 2629 1489 2661 qui
1506 2628 1710 2663 Hierosolymis,
1724 2628 1817 2663 Cypri,

1031 2672 1169 2704 Damasci,
1186 2678 1213 2700 et
1233 2673 1259 2699 itt
1279 2678 1370 2700 mottte
1391 2672 1508 2700 Galilzea'
1522 2680 1547 2700 el
1570 2673 1715 2701 Tiberiade
1728 2679 1818 2701 erant.

1030 2717 1211 2752 srripserunt,
1226 2722 1254 2743 ttt
1273 2725 1368 2744 omnes
1387 2723 1466 2745 nocte
1493 2718 1635 2745 l’a~cltatis
1647 2718 1820 2751 Christiano-

1031 2770 1090 2788 ruttt
1110 2762 1279 2797 congregati,
1293 2761 1466 2789 Christianus
1480 2763 1524 2796 qui
1546 2762 1609 2797 Tyri
1630 2767 1725 2789 essent
1743 2762 1803 2789 occi

1032 2808 1140 2838 dcrcnt,
1159 2807 1258 2835 deinde
1274 2807 1459 2843 Hierosolyma
1478 2808 1590 2843 profecti
1606 2816 1702 2835 omnes
1719 2808 1763 2842 qui
1781 2807 1818 2834 ibi

1031 2859 1122 2882 essent
1144 2863 1158 2881 c
1184 2854 1273 2881 mcdio
1298 2854 1433 2884 lollct'cnl.
1460 2857 1608 2889 urbemque
1638 2857 1816 2888 occuparent.
