2014 3082
159 155 167 186 ἶ
173 155 225 188 085

869 159 1053 190 ANNALES.

1704 160 1771 193 1086

157 212 211 237 lloc
230 217 318 239 autent
336 220 398 240 eutn
415 214 530 249 patricio
547 215 594 249 qui
614 215 678 250 Tyri
694 215 826 247 substitit,
845 215 935 242 nrbis-
952 214 974 241 Α
990 217 1099 249 ratoris,
1116 216 1167 243 fuit
1183 216 1244 251 fuga
1260 216 1574 252 [Noltantntedis.'qttent
1591 216 1642 244 sibi
1656 217 1772 251 prop'ic-

155 265 207 291 que
224 258 296 285 illius
315 259 414 286 incolis
442 261 615 293 innotuisset,
632 261 683 295 ipsi
707 260 815 288 Jndaans
830 262 875 296 qui
902 261 939 288 ibi

155 307 234 330 erant
246 308 350 338 captos,
370 309 396 332 et
408 307 511 333 catenis
530 306 627 334 ferreis
640 308 745 334 rinetos
757 308 783 334 in
802 314 939 334 carcerem

155 349 341 383 coniecerunt,
361 351 518 385 clausisque
537 353 613 379 urbis
630 353 715 386 portis
729 353 866 380 machinas
880 353 940 379 hel-

156 395 222 421 l'ieas
236 399 262 421 et
275 395 395 422 ballistas
412 396 488 430 juxta
503 398 576 431 ipsas
591 398 772 425 collocarunt.
789 399 856 425 Cum
873 406 938 432 ergo

156 439 309 466 advenisset
323 448 375 466 nox
390 441 528 468 Paschalis
543 441 762 469 Christianorum
776 463 784 474 ,
798 442 882 470 Judaei
907 451 939 470 ex

155 483 285 511 omnibus
303 485 468 519 regionibus,
485 488 640 521 congregati
657 493 720 515 sunt
732 487 844 523 Tyrum,
861 493 939 522 prout

156 528 189 555 ad
216 529 291 563 ipsos
308 531 475 563 scripserant
495 531 578 559 Jndzei
608 537 690 567 atque
718 533 785 568 ipsis
813 534 883 561 inter
910 542 940 563 se

156 579 317 602 convenerat
331 584 338 603 :
353 576 518 610 fueruntque
533 585 646 605 numero
663 579 731 605 ultra
747 579 832 606 vicies
844 580 940 614 22],-

156 619 237 654 223
255 621 343 647 sexies
357 621 432 648 mille
450 622 534 654 virus,
553 631 621 656 quos
639 628 749 651 strenue
762 625 796 651 ab
811 625 881 651 areis
898 623 940 651 ia-

156 665 234 699 stigin
251 671 442 700 oppugnarunt
459 667 570 704 {Tyrii}.
587 669 733 696 Dirueruut
750 675 839 696 autem
852 670 938 698 Juda'i

156 717 253 736 ntnnes
268 711 397 738 ecclesias
414 720 474 746 quze
498 718 573 740 extra
601 714 663 750 Tyri
690 723 780 742 arcent
806 720 894 748 erant,
913 722 939 743 at

155 756 372 790 qrotiescnnqne
400 759 547 785 ecclesiam
565 759 682 794 aliQuam
699 761 838 788 diruerent
851 781 858 792 .
874 762 938 797 'l‘yt'i

157 801 253 827 incnbe
268 809 283 829 e
297 801 400 830 Iudaeis
419 804 465 838 qui
485 805 556 839 apud
580 805 654 839 ipsos
672 807 756 834 vineti
780 811 859 834 erant
874 815 939 834 cen-

155 851 211 873 tum
228 848 293 875 viris
316 849 457 882 prehensis
472 855 499 877 et
528 851 553 877 in
573 852 644 878 areis
662 853 818 880 summitate
844 854 940 888 postis

154 894 243 927 capita
263 894 451 927 absciderunt,
463 904 549 930 eaque
560 902 637 924 extra
654 899 843 932 proiecerunt;
857 905 939 934 atque

156 939 206 965 bne
220 939 300 966 modo
315 941 357 966 bls
375 941 448 968 mille
461 943 534 969 viros
547 943 635 976 capite
648 948 820 971 trnnrarunt.
838 945 938 972 Deinde

153 983 237 1010 .ludzri
253 990 313 1012 orto
329 986 399 1013 inter
417 987 490 1021 ipsos
504 988 632 1021 clamore,
649 989 674 1015 in
687 989 777 1024 fugam
792 990 847 1017 dati
864 996 937 1023 sunt,

153 1037 170 1064 q
185 1038 222 1056 ns
235 1032 333 1062 egressi
348 1032 410 1068 Tyri
425 1033 520 1060 ineolre
537 1039 608 1069 terga
622 1036 718 1063 dantes
733 1036 848 1064 insecmi
863 1043 936 1069 sunt,

156 1084 335 1111 magnamque
357 1086 454 1105 eortttn
472 1084 588 1114 stragem
609 1080 772 1114 ediderunt;
791 1083 884 1116 reliqui
904 1084 936 1110 al

154 1122 278 1151 re;:iones
303 1123 404 1158 quique
426 1132 491 1152 snas
509 1124 616 1152 confusi
642 1126 778 1160 fugerunt.
803 1127 886 1156 Ροιιο
910 1129 935 1155 in

154 1175 171 1193 ιι
182 1167 220 1193 ·1›ο
235 1167 360 1196 Saluniea
375 1169 482 1204 juvenis
500 1170 549 1198 fuit
566 1172 675 1199 nomine
700 1171 859 1206 lleraelius',
875 1181 935 1201 eum

153 1212 315 1245 quibusdam
345 1215 419 1241 ttrbis
447 1215 518 1242 illius
548 1217 679 1250 patriciis.
708 1217 816 1245 Patricii
847 1224 935 1246 autem

154 1262 278 1291 sumptas
293 1267 374 1286 naves
397 1259 563 1295 hordeoque,
588 1261 691 1295 tritico,
708 1267 735 1289 et
754 1263 937 1297 leguminibus

157 1303 280 1337 itrp'etas
295 1312 342 1337 per
358 1304 514 1332 lleracliunt
529 1307 792 1342 Constantinopolim
805 1310 936 1337 miserunt.

155 1346 218 1382 ipsis
237 1349 262 1375 in
278 1350 429 1377 subsidium
446 1356 470 1377 et
487 1353 658 1386 alimentum,
675 1362 736 1380 cum
752 1355 894 1382 obsidione
910 1356 936 1383 in

155 1395 293 1425 angustias
310 1395 412 1422 redacti
431 1403 533 1425 essent.
547 1398 615 1425 Cum
632 1407 695 1434 ergo
706 1400 938 1435 Constantinopo-

156 1439 200 1465 Ii:n
222 1441 373 1474 appulisset
395 1441 548 1475 lit-ratzlitts,
572 1444 672 1478 gaudio
696 1445 731 1471 ob
753 1445 812 1480 ejus
835 1446 936 1472 adven-

157 1490 212 1512 tum
234 1487 323 1513 affecti
341 1492 403 1513 sunt
421 1488 556 1520 homines.
586 1491 677 1518 tritico
697 1491 760 1519 isto.
788 1492 889 1518 hordeo
911 1497 938 1520 et

955 877 977 906 Β

992 267 1046 288 tam
1068 267 1244 297 sumpserunt
1264 262 1380 292 Arabes,
1401 261 1551 296 Medinam]
1571 269 1663 288 mense
1681 261 1772 287 itabim

992 307 1103 341 prioris,
1119 308 1144 334 in
1161 316 1212 342 qua
1230 308 1307 335 exsul
1322 307 1442 334 substitit
1466 315 1551 334 annos
1572 307 1664 333 decem
1677 326 1685 336 .
1705 314 1772 340 quo-

992 360 1051 378 rum
1067 359 1138 379 anno
1151 357 1246 380 octavo
1261 357 1417 387 suggestum
1434 352 1577 379 exstruxit.
1589 351 1648 378 lam
1670 360 1683 376 a
1711 351 1773 377 Din-

991 398 1109 424 eletiano
1122 398 1154 424 ad
1169 397 1276 425 lleiram
1297 398 1356 433 [seu
1379 397 1468 431 fugam
1489 396 1695 430 Mobammedisl
1709 397 1771 422 anni

991 447 1055 469 sunt
1072 443 1184 471 trecenti
1203 443 1313 477 triginta
1339 448 1411 474 octo,
1434 451 1447 469 a
1471 442 1584 468 Domino
1602 441 1712 468 Christo
1739 442 1772 466 al

991 489 1112 516 eamdem
1130 490 1250 516 sexcenti
1273 489 1489 521 quatuor-decim.
1514 487 1554 514 Ab
1574 486 1727 513 Alexandro
1740 485 1772 512 ad

991 535 1112 563 eamdem
1129 536 1255 570 nongenti
1269 535 1377 570 triginta
1394 540 1460 562 tres.
1478 535 1498 560 Α
1516 533 1672 567 captivitate
1689 532 1773 567 Baby-

991 581 1076 609 lonica
1097 581 1129 608 ad
1146 582 1267 609 eamdem
1284 582 1358 608 mille
1373 587 1478 607 centum
1506 580 1652 613 nonaginta
1678 585 1735 605 sex.
1752 577 1772 602 Δ

992 627 1091 654 llaride
1105 627 1139 654 ad
1151 627 1273 654 eamdem
1287 627 1360 654 mille
1373 626 1496 654 sext-emi
1518 625 1689 658 septuaginta
1706 628 1772 649 tres.

992 674 1031 700 Ab
1052 674 1125 700 exitu
1142 670 1326 700 lsraelitarnm
1343 681 1374 699 ex
1401 673 1516 706 A'ngpto
1540 671 1572 698 ad
1590 669 1713 697 eamdem
1732 669 1772 696 bis

991 720 1063 746 mille
1076 719 1183 746 ducenti
1206 720 1375 753 septuaginta
1391 727 1495 744 novent.
1510 717 1550 743 Ab
1568 717 1721 742 Abrahamo
1741 715 1772 740 ad

991 764 1111 790 eamdem
1140 763 1182 789 bis
1208 763 1281 789 mille
1308 762 1470 796 septingenti
1502 761 1639 794 octoginta
1667 767 1726 786 sex.
1751 758 1772 785 Α

991 807 1109 842 Pbalego
1133 807 1167 833 ad
1189 807 1311 833 eamdem
1335 811 1376 834 ter
1397 807 1470 833 tnille
1490 805 1602 832 trecenti
1618 803 1711 837 viginti
1732 811 1772 829 se-

991 857 1074 888 ptem.
1099 854 1118 879 A
1135 851 1240 880 diluvio
1257 852 1290 880 ad
1310 853 1433 879 eamdem
1460 855 1501 877 ter
1525 850 1600 877 mille
1625 848 1772 882 octingenti

990 899 1184 934 quinquaginta
1199 903 1270 926 octo.
1296 899 1336 925 Ab
1362 898 1464 925 Adamo
1480 897 1513 924 ad
1540 895 1664 924 eamdem
1684 895 1773 921 sexies

992 944 1065 971 mille
1091 949 1198 971 centum
1227 950 1253 970 et
1279 943 1496 978 qnatuordecim.
1520 941 1661 968 lleraclius
1684 943 1772 965 autem

993 993 1134 1023 postquam
1162 989 1278 1022 imperio
1305 987 1607 1021 Constantinopolitano
1631 985 1772 1020 praefectus

991 1039 1035 1061 est
1053 1041 1098 1060 sex
1112 1041 1199 1061 annos
1223 1034 1390 1060 obsidionem
1417 1040 1525 1068 gravem
1550 1039 1646 1066 passus
1670 1034 1721 1056 est.
1745 1030 1772 1055 In

994 1079 1134 1111 angustias
1150 1087 1213 1113 ergo
1229 1087 1284 1113 prae
1299 1079 1443 1106 obsidione
1459 1077 1561 1104 redacti
1578 1075 1772 1103 Constantino»

992 1124 1114 1158 politaui.
1129 1132 1188 1150 cum
1206 1124 1321 1150 maxima
1340 1124 1459 1157 ipsorum
1478 1119 1540 1157 pits
1556 1121 1625 1148 fame
1638 1120 1772 1155 periisset.

993 1169 1018 1195 in
1036 1169 1128 1196 animo
1146 1169 1299 1196 habuerunt
1323 1169 1415 1195 urbem
1441 1167 1533 1195 Cvsrae
1555 1165 1671 1200 aperire.
1697 1164 1772 1196 Quot

991 1221 1052 1240 cum
1084 1213 1208 1240 scivisset
1232 1212 1383 1243 Ileraelius,
1411 1215 1598 1244 metueretqu
1623 1217 1657 1236 ne
1677 1209 1769 1234 urbem

991 1262 1110 1292 apertam
1129 1257 1218 1285 Cesrm
1233 1257 1384 1288 traderent,
1409 1258 1467 1290 ipse
1480 1256 1510 1281 ad
1535 1255 1644 1281 Ccsram
1663 1254 1772 1280 mittens

991 1302 1060 1329 dixit
1075 1303 1124 1337 ipsi
1141 1312 1147 1329 :
1161 1303 1243 1338 228
1264 1302 1454 1336 Quodcunque
1471 1301 1537 1326 Inibi
1555 1301 1718 1334 imposneris
1733 1299 1771 1324 fa-

992 1349 1131 1380 ciendum.
1145 1357 1195 1383 ego
1212 1349 1244 1375 ad
1259 1348 1322 1376 illtttl
1339 1346 1521 1382 pratslandr-m
1537 1354 1579 1372 me
1593 1345 1639 1371 tibi
1655 1345 1771 1371 obstrin-

991 1403 1062 1428 gram,
1077 1395 1157 1422 tnodo
1173 1403 1185 1420 a
1201 1402 1243 1421 me
1258 1386 1427 1421 discesseris.
1442 1392 1493 1419 Cui
1509 1390 1663 1420 rescribens
1677 1392 1772 1418 Cesra:

993 1440 1019 1466 Si
1037 1440 1076 1466 vis
1087 1440 1198 1473 (inquit)
1214 1443 1242 1465 ut
1262 1446 1276 1466 a
1293 1443 1318 1465 te
1332 1438 1482 1472 discedam,
1496 1437 1592 1465 afferas
1608 1437 1672 1463 mihi
1687 1437 1713 1462 in
1732 1444 1772 1462 re-

992 1485 1156 1518 dvmptionis
1179 1484 1293 1519 pratittm
1317 1493 1364 1518 pro
1390 1490 1427 1513 te,
1448 1488 1475 1508 et.
1496 1483 1605 1517 regione
1630 1485 1674 1507 tua
1701 1481 1773 1507 mille

156 1529 339 1564 leguminibus
357 1532 391 1557 ab
408 1532 466 1566 ipso
482 1533 570 1561 allatis
585 1535 709 1561 recreati.
727 1535 788 1562 Fuit
805 1544 868 1562 vero
888 1535 939 1563 lle-
951 1550 973 1580 Ο
996 1530 1053 1556 auri
1088 1530 1203 1560 talenta,
1233 1530 1336 1564 argrnli
1368 1529 1480 1555 totidem
1493 1547 1499 1558 ,
1532 1527 1633 1580 puella:
1657 1526 1771 1558 ViI‘gittt‘s

157 1576 258 1603 raclius
272 1575 380 1609 jnrenis
399 1577 567 1606 fortitudinis
583 1580 701 1610 eximiae,
720 1581 849 1614 prudens,
871 1589 938 1609 con-

154 1629 167 1646 s
180 1620 207 1647 lii
225 1629 305 1655 sagax
322 1642 329 1656 ,
345 1630 481 1654 nequam;
497 1624 542 1657 qui
562 1633 627 1659 ergo
642 1625 804 1652 consiliariis
820 1631 843 1653 cf
861 1626 939 1652 duci-

155 1666 205 1693 bus
219 1667 288 1693 dixit
303 1677 309 1694 ε
323 1668 426 1694 Phocus
445 1669 590 1703 imperator
606 1671 744 1705 regiminis
760 1672 869 1705 pessimi
885 1676 937 1705 est,

154 1708 211 1736 non
224 1712 338 1746 altisque
355 1713 489 1740 universis
505 1715 658 1748 infaustus;
677 1724 737 1742 nam
766 1724 798 1743 ex
815 1725 868 1751 Quo
887 1717 938 1744 iut-

155 1756 230 1788 perio
257 1757 400 1791 przel'ectus
417 1764 457 1786 est
483 1760 516 1786 ad
545 1761 595 1787 boe
616 1769 700 1795 usque,
726 1762 808 1798 224
831 1768 937 1798 tempus

153 1805 216 1828 orto
241 1808 374 1829 annorum
394 1804 482 1837 spatio
498 1805 640 1831 obsidione
657 1806 737 1832 cincti
753 1807 831 1838 estis,
850 1809 938 1842 regio-

153 1852 258 1879 nesque
276 1846 444 1880 Grarcornm,
460 1848 582 1884 Aigypti,
605 1856 630 1877 et
648 1851 731 1886 Syrim
749 1853 865 1886 pessime
882 1857 938 1879 tra-

154 1895 242 1917 ctatuI.
258 1890 345 1919 Pet-sm
361 1894 431 1919 enim
459 1894 584 1927 regiones
601 1900 628 1922 et
645 1901 732 1923 terras
751 1903 854 1924 vestras
875 1899 938 1933 uni-

158 1942 251 1962 versas
276 1942 463 1970 ocatparunl;
491 1939 634 1964 consilium
653 1947 717 1974 ergo
737 1948 825 1966 metnn
852 1945 893 1967 est
909 1946 938 1968 ut

155 1981 298 2008 interfecto
315 1982 360 2008 illo
375 1983 456 2008 alium
485 1983 561 2011 vobis
586 1984 750 2017 pra-ticiatis.
767 1984 872 2016 Quibus
888 1993 937 2012 an-

153 2026 310 2057 nttcntibus,
324 2026 437 2053 adortus
450 2027 588 2054 lleratlius
605 2028 731 2057 Pboeam.
751 2029 837 2063 ipsttm
856 2030 936 2056 intur-

153 2070 225 2098 fecit.
242 2070 529 2106 Conrenientibusque
543 2073 710 2101 consiliariis
726 2079 751 2101 et
764 2075 890 2107 ducibus,
908 2082 937 2102 ιιι

150 2125 165 2144 e
181 2117 265 2151 stirpe
280 2117 353 2152 regia
368 2117 487 2152 aliquem
501 2118 631 2152 eligerent
643 2126 722 2151 quem
738 2120 788 2147 sibi
817 2121 895 2154 prmfi-
907 2129 936 2147 e-

152 2166 211 2189 rent
231 2165 238 2189 :
255 2161 313 2189 Non
328 2163 448 2197 expedit,
463 2163 562 2197 inquit,
581 2163 733 2196 lleraelius,
750 2169 778 2191 nt
796 2166 874 2193 vobis
887 2166 938 2192 im-

992 1575 1074 1608 mille,
1086 1582 1170 1609 equos
1189 1574 1269 1604 mille.
1291 1578 1379 1601 vestes
1398 1573 1562 1600 boloserieas
1579 1573 1673 1603 mille;
1691 1576 1772 1605 atque

991 1621 1041 1646 huc
1058 1620 1105 1647 tibi
1120 1621 1251 1646 tributum
1271 1620 1306 1647 sit
1322 1620 1467 1654 quotannis
1484 1617 1676 1654 pendendum;
1691 1617 1770 1650 hujus

991 1671 1078 1693 autent
1097 1667 1160 1692 anni
1183 1666 1314 1693 tributum
1339 1666 1430 1693 statim
1464 1665 1529 1692 Inibi
1556 1664 1665 1694 atferas.
1691 1663 1771 1697 idque

989 1712 1080 1738 subito
1099 1712 1158 1738 sine
1184 1719 1257 1738 mora
1271 1732 1278 1743 ,
1299 1719 1353 1746 quo
1369 1720 1382 1737 ιι
1401 1715 1427 1739 te
1447 1711 1596 1738 discedam.
1623 1708 1770 1742 Rescripsit

991 1757 1132 1785 lieraclins
1149 1765 1155 1783 :
1173 1757 1236 1792 liegi
1254 1757 1380 1784 cletnenti
1395 1757 1421 1783 in
1434 1764 1466 1783 eo
1476 1755 1549 1791 quod
1573 1755 1650 1789 petiit
1669 1760 1771 1784 annuo,

990 1808 1017 1830 at
1032 1812 1084 1830 non
1100 1807 1142 1831 est
1165 1802 1400 1838 inprmsentiarum
1427 1809 1509 1836 penes
1538 1808 1580 1826 me
1595 1803 1681 1827 totttm
1700 1799 1770 1831 quod

990 1850 1016 1876 in
1033 1848 1227 1883 redemptionis
1243 1847 1360 1882 pretium
1379 1854 1393 1873 a
1409 1855 1451 1872 me
1467 1846 1560 1880 petiit;
1573 1852 1634 1872 eum
1655 1851 1700 1871 rex
1715 1843 1770 1870 cle-

991 1903 1069 1923 mens
1092 1902 1135 1921 me
1148 1895 1182 1921 ab
1205 1894 1334 1920 omnibus
1347 1893 1496 1919 ditionibtts
1515 1892 1583 1918 meis
1609 1890 1769 1917 cohibuerit.

989 1941 1064 1974 Quod
1079 1940 1101 1967 si
1124 1947 1170 1966 rex
1188 1939 1306 1966 clemens
1323 1938 1388 1964 Inibi
1407 1937 1432 1963 in
1456 1937 1579 1971 regiones
1602 1943 1675 1963 meas
1693 1939 1769 1968 pote-

989 1989 1084 2012 statem
1103 1983 1280 2014 concesserit.
1294 1986 1323 2009 ιιι
1338 1989 1465 2016 egressus
1484 1989 1550 2015 opes
1565 1980 1689 2013 colligam
1704 1997 1712 2011 ,
1731 1983 1769 2005 to-

989 2035 1044 2056 ttnn
1061 2028 1134 2063 qttod
1156 2035 1171 2054 a
1193 2036 1235 2054 me
1251 2028 1325 2061 petiit
1346 2027 1398 2060 ipsi
1422 2026 1530 2052 alteram
1558 2028 1698 2059 postquam
1724 2031 1769 2050 sex

989 2083 1097 2102 menses
1123 2082 1166 2100 me
1196 2074 1411 2108 exspectarerit;
1443 2073 1563 2107 mibiq'te
1596 2071 1769 2098 securitatem

988 2119 1144 2155 praestiterit
1159 2127 1212 2154 quo
1227 2118 1343 2146 ditiones
1359 2125 1433 2145 meas
1452 2124 1600 2152 peragrans
1622 2123 1688 2150 opes
1712 2115 1769 2142 col.

989 2166 1081 2200 ligant,
1096 2165 1237 2191 sententia:
1261 2165 1345 2198 ipsius
1364 2164 1557 2197 obsequentrm
1576 2161 1695 2188 habebit.
1713 2162 1768 2187 Διι-

152 2211 305 2241 pcratorem
326 2208 480 2242 prtetleiatis
498 2208 551 2235 nisi
567 2209 613 2243 qui
633 2208 674 2235 bis
688 2210 816 2243 praeditus
831 2211 868 2237 sit
887 2211 935 2237 do-
953 2210 973 2237 D
988 2211 1047 2238 nuit
1062 2218 1125 2245 ergo
1139 2209 1220 2236 Cesra
1239 2210 1308 2236 votis
1325 2209 1419 2243 ipsius.
1435 2208 1503 2234 Tum
1520 2207 1658 2233 Heraclius
1671 2213 1767 2233 convo-

150 2252 235 2284 tibus,
249 2252 355 2280 scilicet
373 2258 401 2279 ttt
419 2253 455 2280 sit
480 2253 578 2280 eximie
596 2258 769 2288 temperans,
794 2263 884 2282 rerum
902 2256 934 2283 ad

151 2297 309 2332 religionem
327 2299 510 2332 spectantium
526 2299 639 2332 peritus,
656 2306 737 2334 sagax
751 2320 758 2332 ,
780 2301 877 2336 lingua:
893 2309 936 2329 rc-

149 2342 232 2373 racis,
256 2347 396 2375 strenuus,
412 2344 556 2377 eloquens,
576 2343 646 2371 ittter
662 2345 864 2379 gubernandum
881 2348 936 2373 cle-

151 2395 237 2420 mens,
260 2387 422 2415 insidiarum
449 2389 574 2416 hostibus
600 2391 795 2418 struendarum
822 2393 933 2420 callens.

149 2432 386 2468 Respondentibus
411 2434 466 2462 illis
492 2444 499 2462 :
526 2435 594 2468 Quis
620 2437 700 2463 nobis
726 2438 805 2463 talem
837 2438 935 2465 sistet?

149 2478 333 2512 Paciscimlni,
346 2479 446 2514 inquit.
472 2488 577 2507 mecttm
595 2481 618 2507 si
637 2482 718 2508 talem
735 2483 810 2509 robis
829 2483 934 2510 indica-

149 2531 225 2555 vero,
240 2531 289 2550 νος
306 2524 394 2559 ipsum
410 2525 487 2551 vobis
509 2525 705 2559 praifeetnros;
723 2535 754 2553 ac
772 2528 934 2561 promitten-

149 2570 221 2596 tibus
237 2569 301 2600 illis,
324 2577 353 2596 se
372 2570 398 2596 id
418 2571 589 2602 pta-stituros
614 2571 681 2598 adeo
710 2577 737 2598 ιιι
758 2573 824 2607 ipsis
854 2575 931 2601 [idem

148 2611 278 2638 adbibere
295 2619 397 2643 posset.
414 2613 479 2647 Ego,
498 2614 595 2648 inquit,
615 2615 637 2642 is
651 2622 722 2643 sum.
736 2615 826 2648 Quare
844 2617 930 2651 ipsum

148 2655 199 2682 sibi
218 2657 410 2689 przet'ecernnt.
426 2659 571 2692 Imperavit
593 2668 658 2694 ergo
675 2660 815 2688 lleraclins
831 2662 932 2689 Rotun-

148 2699 200 2731 nis,
216 2699 297 2734 idque
313 2709 385 2728 anno
401 2704 473 2737 rec-ni
489 2702 516 2730 Ca
528 2711 580 2731 ora:
591 2704 636 2731 litii
651 2704 773 2733 llormozi
787 2706 929 2741 .tperwizi,

148 2743 218 2778 regis
235 2743 388 2779 Persarum,
403 2747 531 2776 vicesimo
550 2750 642 2778 tertio.

279 2789 454 2826 335-227
477 2791 630 2820 INITIUM
661 2794 797 2822 nunc.

181 2833 259 2860 Anno
276 2835 362 2867 primo
379 2837 485 2871 itnterii
505 2838 610 2865 lleraeli
639 2839 819 2868 Romanorum
845 2842 927 2875 impc-

987 2257 1053 2284 catis
1066 2255 1217 2283 t-onsiliaris
1233 2263 1263 2282 ac
1276 2255 1390 2282 ducibus
1404 2255 1471 2285 suis,
1490 2253 1556 2289 Ego,
1572 2253 1669 2287 inquit,
1680 2252 1768 2279 Cesrat

987 2309 1030 2329 me
1056 2301 1169 2329 submisi
1192 2309 1247 2336 quo
1262 2301 1349 2335 ipsum
1366 2308 1397 2327 ac
1419 2300 1531 2326 comites
1554 2299 1638 2333 ipsius
1660 2305 1768 2325 St‘cttt‘OS

986 2347 1138 2378 redderem,
1155 2346 1210 2381 jam
1227 2354 1291 2374 vero
1308 2347 1334 2373 in
1353 2345 1498 2372 Persarum
1521 2344 1658 2378 regionem
1678 2342 1768 2377 prore-

985 2396 1079 2419 cturus
1096 2399 1167 2419 sum.
1182 2391 1296 2418 Confido
1313 2395 1404 2418 autem
1421 2391 1447 2418 in
1465 2390 1578 2417 Domino
1593 2393 1688 2416 nostro
1702 2388 1767 2416 Jesu

985 2437 1104 2469 Christo.
1124 2437 1212 2470 ipsum
1239 2437 1302 2462 mild
1324 2436 1351 2462 in
1371 2436 1467 2463 Persas
1489 2435 1618 2461 auxilium
1640 2435 1767 2469 prmbitn-

986 2491 1055 2514 rtnn,
1069 2490 1171 2516 nosque
1184 2490 1198 2509 a
1214 2482 1302 2509 Cesrm
1313 2481 1485 2516 239-23]
1497 2489 1528 2508 ac
1540 2481 1670 2508 comitum
1681 2482 1767 2515 ipsius

985 2535 1053 2562 nego
1069 2529 1094 2554 io
1112 2528 1245 2554 immunes
1263 2528 1461 2561 pra'stiturnm.
1477 2526 1553 2559 Quod
1568 2527 1589 2554 si
1606 2535 1696 2554 moras
1710 2532 1766 2553 tra-

984 2574 1052 2601 hens
1069 2574 1100 2599 ad
1118 2582 1166 2600 vos
1184 2574 1253 2600 intra
1274 2581 1320 2599 sex
1345 2579 1451 2599 menses
1467 2580 1594 2599 rerersns
1611 2580 1661 2599 non
1679 2572 1766 2603 fuero.

984 2619 1120 2646 blanditiis
1138 2619 1250 2646 Cesram
1267 2618 1430 2649 demnleete,
1448 2625 1478 2644 ac
1498 2625 1573 2651 sputu
1598 2618 1621 2644 ei
1646 2619 1767 2649 facite.et

981 2672 1083 2691 annum
1099 2672 1184 2697 uSqnu
1212 2664 1344 2697 integrum
1358 2664 1444 2696 ipsum
1462 2662 1577 2690 deferte.
1589 2662 1658 2690 Tum
1679 2664 1700 2691 si
1717 2672 1766 2698 ego

982 2711 1013 2736 ad
1031 2718 1079 2736 vos
1095 2710 1201 2736 rediero
1218 2708 1333 2744 [bene];
1360 2709 1402 2735 sin
1421 2709 1521 2741 minus,
1548 2709 1612 2742 quid
1636 2710 1712 2737 vobis
1727 2711 1767 2736 vi-

981 2763 1040 2782 sum
1057 2755 1137 2781 fuerit
1154 2754 1233 2781 facite
1244 2762 1254 2782 :
1288 2754 1401 2781 fratrem
1417 2759 1508 2781 autem
1523 2761 1610 2779 meum
1628 2754 1765 2781 Constan-

981 2802 1065 2827 tinntn
1083 2800 1211 2827 vicarium
1229 2808 1317 2827 meum
1333 2799 1404 2835 apud
1428 2807 1475 2827 vos
1491 2803 1592 2832 statuo,
1608 2807 1708 2833 vosque
1730 2801 1764 2827 iis

981 2853 1039 2876 quae
1062 2844 1138 2872 vobis
1152 2845 1207 2872 dixi
1232 2844 1406 2878 :n-quiescite.
1432 2843 1485 2878 Ipsi
1505 2851 1571 2878 ergo
1588 2862 1594 2874 .
1619 2849 1760 2878 acceptum
