2014 3082
156 182 224 212 103')

872 181 1059 212 ANNALES.

1699 180 1770 212 l090

154 246 262 270 manus,
277 239 323 273 qui
339 247 426 266 annos
439 240 560 274 quinque
580 239 661 272 sedit,
675 239 736 267 dein
750 243 872 266 mortuus
897 245 938 266 est
952 244 976 272 Α
991 239 1012 266 si
1038 243 1144 272 pactum
1171 241 1197 263 et
1220 237 1406 272 juramcntum
1435 237 1590 264 violaverim
1620 237 1696 264 ccdct
1720 237 1770 263 hoc

154 291 224 310 anno
246 291 317 310 nono
347 284 451 318 imperii
470 284 608 319 ejusdem,
625 285 670 319 qui
689 289 716 311 et
732 284 820 311 Ileirte
837 292 934 316 nonus,

155 328 391 363 Constantinopoli
421 337 548 362 egressus
575 329 720 356 lleraclius
750 329 937 365 Hierosolyma

154 372 277 399 tendebat
292 394 299 403 .
327 382 381 407 quo
405 374 509 401 videret
534 375 598 409 quid
623 375 649 401 in
673 375 729 408 ipsa
752 375 938 402 devastasseut

155 419 252 446 Persae.
277 418 329 446 Ubi
344 423 433 445 autem
457 419 586 447 llemsum
609 421 778 455 pervenisset
794 421 938 447 noluerunt

154 464 209 496 ejus
233 465 327 491 incolae
350 465 438 498 ipsum
463 465 600 499 recipere,
623 465 704 501 240
721 467 844 493 dicentes
866 466 935 499 ipsi:

155 510 283 538 ilaronita
301 516 329 537 tu
353 519 381 538 cs
404 518 435 537 ac
457 511 582 545 religiOni
604 516 703 538 nostrae
723 511 865 538 adversus.
882 511 938 539 Illis

155 564 216 590 ergo
233 557 337 583 relictis
353 556 386 582 ad
404 557 600 584 monasterium
615 556 732 584 Maronis
749 557 826 588 abiit,
842 557 867 584 in
884 566 937 592 quo

154 604 196 634 qui
209 607 285 628 erant
302 602 427 629 monachi
439 603 542 636 egressi
554 603 661 630 obviam
676 604 726 638 ipsi
739 603 851 637 profecti
863 609 935 631 sunt.

155 647 211 678 Fuit
232 652 322 674 autem
351 646 493 674 lleraclius
517 647 672 681 llaronita,
698 648 852 683 multasque
869 648 936 683 ipsis

154 700 216 727 opes
232 693 365 724 contulit,
381 694 454 728 agris
467 693 548 720 etiam
566 694 668 721 donato
686 695 853 722 monasterio
870 694 937 722 adeo

155 744 180 765 ut
195 746 323 772 prospere
339 746 367 765 se
380 739 512 766 haberent
525 747 567 767 res
581 747 688 766 eorum.
699 739 763 767 lude
776 741 935 767 Damascum

155 783 293 818 profectus
307 789 358 811 est.
375 784 436 810 Fuit
454 789 543 811 autem
561 785 687 812 Damasci
702 785 743 811 vir
760 786 870 819 quidam
889 794 938 812 no-

154 827 223 854 mine
240 827 350 854 Mansur
370 827 477 862 Serjuni
497 829 585 860 filius,
604 829 715 856 tributis
729 830 869 864 exigendis
888 838 937 857 uo-

154 872 224 899 mine
247 872 370 899 Mauricii
395 873 571 907 imperatoris
589 875 748 909 prrefcclus.
767 884 782 902 a
803 884 857 910 quo
875 884 936 903 cum

989 285 1055 311 tnihi
1077 285 1103 311 in
1122 283 1314 318 opprobrium,
1333 283 1571 321 famamquemihi
1590 283 1687 309 malam
1705 290 1772 310 cou-

989 329 1106 362 ciliabit;
1132 338 1181 356 nec
1207 334 1297 356 certus
1323 337 1383 356 sum
1409 330 1430 356 si
1457 329 1502 355 alii
1528 329 1646 363 ouipiani
1675 334 1770 363 praeter

987 373 1097 401 Judreos
1116 380 1223 409 pactum
1241 375 1343 409 scripto
1357 374 1586 405 confirmaverim,
1601 374 1667 399 illud
1683 374 1770 407 ipsum

988 426 1004 445 ει
1028 427 1070 446 me
1095 424 1280 454 accepturum.
1314 419 1340 445 Si
1364 427 1429 454 ergo
1455 419 1505 445 hoc
1530 426 1584 445 non
1610 419 1772 452 pra-stiterit,

989 465 1115 497 mendax,
1135 466 1216 492 fallax
1238 471 1265 492 ct
1291 466 1402 492 minime
1422 466 1473 492 lide
1503 465 1613 497 dignus,
1631 463 1700 496 apud
1716 473 1774 490 otn-

989 519 1038 538 nes
1054 511 1155 546 passim
1175 511 1298 538 homines
1314 511 1448 542 habebor,
1465 510 1533 536 ultra
1558 515 1698 544 peccaturo
1718 517 1772 535 ma-

990 564 1073 590 gnum
1091 560 1117 582 et
1132 556 1221 582 scelus
1236 555 1312 589 cujus
1331 563 1393 582 reus
1413 563 1460 582 ero
1476 555 1546 588 apud
1564 554 1707 580 Dominum
1727 561 1773 580 tri-

989 606 1076 628 strmu
1095 601 1250 633 Christum,
1267 609 1327 628 cum
1345 601 1473 636 populum
1489 602 1532 628 cui
1549 602 1627 627 fidem
1645 600 1774 631 feceram,

988 654 1104 681 cumque
1129 651 1210 681 pacto
1234 646 1331 673 litteris
1355 647 1514 681 consignato
1538 647 1773 680 (confirmaverant

990 691 1200 725 interfecerim.)
1225 691 1274 719 Cui
1301 692 1358 718 illi:
1382 691 1462 718 Novit
1492 692 1622 718 Dominus
1649 691 1774 717 Christus

989 737 1091 764 czedcm
1110 737 1231 772 ipsorum
1251 738 1297 764 libi
1315 742 1490 771 peccatorum
1509 737 1690 772 expiationem
1709 743 1774 761 eon-

991 784 1148 810 ciliaturtttn
1163 804 1170 816 ,
1193 788 1221 810 et
1244 783 1418 814 iniquitatum
1439 788 1545 809 tuarum
1572 782 1773 813 remissionem,

988 834 1148 856 excusatum
1173 831 1253 856 ctiam
1272 834 1297 856 te
1315 830 1452 857 habebunt
1469 830 1591 856 homines
1603 849 1610 861 ,
1632 829 1703 863 quod
1722 836 1774 862 quo

989 880 1110 910 tempore
1130 875 1197 910 ipsis
1209 877 1382 903 securitaer
1398 876 1570 908 concessisti,
1590 874 1774 910 notrnovciis,

154 918 282 949 pecunias
291 923 392 952 peteret
403 918 542 945 llcraclius
555 924 611 946 toto
622 927 756 947 annorum
769 928 822 955 quo
832 921 937 949 obsessi
954 912 973 939 Β
990 927 1039 947 nec
1069 927 1239 954 perspectum
1268 921 1398 948 habueris
1413 941 1419 952 ,
1447 929 1529 955 quatit
1557 920 1774 947 Chrisrianorum

154 966 230 989 erant
257 963 495 998 Constantinopoli
527 964 642 992 Romani
666 966 755 998 spatio
781 965 936 1003 [debitas,]

154 1011 231 1041 Itque
245 1007 290 1034 ille
303 1008 424 1036 Damasci
440 1009 571 1036 tributum
585 1018 613 1037 se
628 1010 661 1037 ad
675 1010 786 1038 Ccsram
804 1011 936 1040 detulisse

153 1053 337 1087 responderet,
357 1055 476 1089 graviter
494 1055 521 1082 in
537 1064 598 1082 cum
616 1057 758 1091 inquisivit
777 1058 937 1086 verberibus

153 1101 175 1123 et
194 1097 408 1131 incarcerationc
419 1119 426 1131 ,
442 1099 530 1127 donec
547 1100 582 1128 ab
599 1101 658 1135 ipso
674 1104 779 1129 centies
796 1103 868 1130 mille
887 1111 936 1130 au-

153 1149 214 1169 reos
240 1148 430 1176 extorqueret;
464 1144 525 1171 dein
556 1145 607 1180 ipsi
635 1146 825 1180 praefecturam
858 1149 936 1175 istaut

153 1188 322 1215 confirmavit
347 1198 354 1216 :
379 1197 460 1224 quam
488 1191 524 1217 ob
553 1199 665 1218 causam
694 1192 838 1221 Hansurus
867 1195 935 1221 iratn

152 1238 262 1265 pectore
288 1241 338 1261 suo
364 1235 390 1262 in
421 1235 576 1263 ileraclium
606 1237 682 1264 fovit.
709 1237 775 1266 lude
799 1239 936 1273 profectus

153 1278 291 1306 Ileraclius
308 1279 497 1316 Hierosolyma
516 1282 604 1316 petiit.
621 1283 744 1317 Cumque
763 1283 934 1313 'l'iberiadem

152 1323 339 1356 pervenisset,
364 1325 466 1359 egressi
496 1325 529 1352 ad
559 1326 646 1360 ipsutn
671 1325 756 1354 Judaei
782 1327 935 1356 Tiberiadis

152 1368 257 1400 incolae,
275 1376 324 1395 nec
339 1377 393 1396 non
409 1371 530 1403 regionis
542 1371 658 1398 ϐειιῑιωω
669 1377 805 1400 montanae
815 1378 841 1400 ct
853 1373 934 1400 Naza-

152 1414 217 1440 rcthi
232 1415 409 1449 omniumque
421 1416 501 1443 istius
517 1417 604 1451 partis
617 1419 789 1452 oppidorum,
807 1419 858 1453 ipsi
874 1427 934 1446 cum

152 1460 308 1487 muneribus
325 1467 518 1494 occurrerunt,
536 1463 624 1490 fausta
645 1469 871 1498 comprecantes,
888 1472 935 1491 ro-

152 1509 297 1539 gantesque
319 1510 349 1531 ιιι
373 1507 543 1533 securitatem
568 1508 636 1542 ipsis
657 1511 836 1542 concederet;
852 1518 933 1544 quam

152 1550 304 1582 roncessit,
323 1551 467 1586 ftedusquc
483 1561 545 1579 cum
570 1553 637 1588 ipsis
654 1554 752 1582 litteris
769 1556 932 1590 obsignavit.
948 1574 969 1603 ϐ

151 1594 199 1621 libi
226 1599 319 1622 autem
347 1596 531 1632 Hierosolyma
560 1599 728 1632 pervenisset
752 1601 858 1627 obviam
884 1601 933 1635 ipsi

151 1639 183 1664 lar
193 1640 210 1666 ti
227 1643 291 1666 sunt
305 1640 486 1676 [monasterii]
499 1641 676 1677 241243
691 1642 720 1668 Al
736 1642 783 1669 Sik
798 1644 932 1676 monachi,

151 1684 280 1718 urbisque
296 1683 551 1720 Hicrosolymitana:
568 1689 673 1720 incolm,
694 1688 843 1716 comitante
860 1689 934 1723 ipsos

151 1729 279 1762 Modesto,
294 1739 356 1758 cum
373 1731 517 1759 thuribulis
529 1737 554 1760 et
567 1733 668 1761 sufﬁtu.
680 1734 747 1761 Cum
761 1742 826 1762 vero
838 1735 932 1762 urbem

151 1775 290 1809 ingressus
304 1784 334 1803 ea
352 1784 414 1811 quae
429 1777 569 1805 diruerant
582 1786 613 1806 ac
627 1779 828 1807 succenderant
842 1781 932 1808 Persa:

150 1822 274 1854 vidisset,
290 1830 387 1857 magna
405 1822 518 1851 affectus
533 1830 574 1851 est
592 1825 715 1852 tristitia.
740 1825 805 1853 Dein
821 1834 882 1853 cum
900 1834 931 1853 ea

150 1871 330 1900 conspexerat
349 1868 503 1900 Modestus,
533 1868 658 1895 videlicet
689 1870 819 1904 templum
835 1869 935 1897 Resur-

150 1913 294 1943 rertionis,
321 1912 430 1944 Cranii,
456 1918 482 1940 et
508 1913 564 1940 Mar
589 1915 784 1946 Constantini,
812 1923 932 1948 rursum,

149 1956 249 1991 gaudio
265 1956 378 1984 affectus
395 1956 517 1983 Modesto
534 1956 569 1983 ob
586 1965 616 1983 ea
637 1965 697 1991 quae
714 1957 814 1984 fecerat
831 1958 933 1992 gratias

149 2004 211 2038 egit.
228 2002 379 2028 Narrarunt
398 2007 489 2029 autem
513 2003 565 2036 ipsi
586 2003 712 2029 monachi
733 2007 759 2029 et
779 2002 932 2038 Hierosoly-

149 2056 253 2074 morum
272 2047 366 2073 im-ola:
383 2046 491 2074 Iuda-os
506 2048 551 2082 qui
567 2048 636 2073 tirea
654 2047 839 2083 Hierosolyma
854 2050 933 2083 dege-

148 2099 223 2125 rent,
240 2101 292 2119 una
309 2101 370 2119 cum
389 2093 421 2119 iis
437 2094 482 2127 qui
493 2093 610 2119 Galihcrc
626 2097 756 2119 montana
772 2095 930 2127 incolerent,

148 2147 201 2174 quo
217 2144 338 2174 temporc
355 2144 487 2166 venerunt
508 2139 611 2170 Persas,
631 2139 698 2173 ipsis
714 2147 743 2166 sc
758 2139 929 2174 adjunxisse.

148 2193 280 2220 opemque
298 2185 393 2212 tulisse
404 2204 412 2216 ,
427 2186 556 2219 ipsosque
571 2185 740 2225 Christianos
756 2186 829 2212 caede
844 2185 930 2220 magis

148 2238 224 2264 quam
237 2230 324 2257 Peisac
338 2233 505 2264 persecutos,
519 2234 546 2256 et
557 2230 687 2258 ecclesias
700 2235 830 2262 vastasse,
845 2230 931 2264 iisque
948 2242 969 2269 υ

147 2276 271 2303 flammas
284 2276 417 2311 injccissc,
430 2276 548 2303 ostensis
561 2277 611 2310 ipsi
625 2276 703 2303 caisis
716 2277 763 2310 qui
777 2276 804 2303 in
816 2276 930 2303 Hamcla

147 2322 263 2356 conjecti
291 2321 408 2348 fuerant.
428 2322 578 2349 Certiorem
602 2322 682 2348 etiam
701 2322 790 2359 ipsum
810 2321 931 2348 fecerunt

146 2375 238 2394 eorum
265 2375 326 2401 qua:
346 2367 429 2394 Judaei
454 2367 516 2402 Tyri
541 2371 776 2401 perpetraverant,
801 2367 873 2401 quod
897 2367 929 2393 ad

146 2414 244 2440 aedem
271 2413 510 2445 Christianorum,
532 2417 558 2439 et
578 2413 754 2440 ecclesiarum
780 2411 929 2440 demolitio-

145 2467 216 2486 nem.
236 2459 340 2491 Quibus
358 2458 521 2485 Heraclius:
538 2459 607 2491 Quid
624 2465 700 2494 ergo,
719 2459 816 2493 itiquit,
832 2458 931 2484 vultis?

146 2504 352 2537 Responderunt
367 2511 374 2530 :
394 2503 425 2531 Ut
438 2509 544 2538 gratum
563 2504 642 2530 nobis
658 2503 763 2530 faciens
776 2511 870 2530 omnes
883 2502 928 2536 qui

145 2551 216 2576 iirca
233 2550 422 2584 Hierosolyma
434 2554 459 2576 ct
471 2550 498 2576 in
512 2556 602 2576 monte
613 2548 730 2576 Galiltea:
743 2553 807 2575 sunt
819 2548 928 2576 Iudaeos

145 2602 156 2621 ε
173 2596 263 2622 medio
287 2596 384 2626 tollas,
404 2603 465 2621 cum
488 2595 554 2621 certi
580 2602 634 2620 non
656 2594 741 2621 simus
759 2593 824 2628 quin
844 2592 926 2619 adve-

144 2641 234 2667 niente
251 2646 330 2674 gente
346 2641 437 2675 aliqua
453 2640 532 2667 nobis
546 2639 656 2666 inimica
672 2638 709 2665 illi
724 2645 820 2665 rursus
833 2641 927 2665 contra

144 2692 192 2712 nos
210 2685 342 2712 auxilium
362 2685 429 2719 ipsis
448 2685 548 2716 ferant,
569 2689 597 2710 ut
612 2683 668 2717 jatn
686 2683 778 2710 Persis
796 2682 926 2709 tulerunt.

144 2730 290 2765 Respondit
309 2730 467 2758 Heraclius:
486 2729 628 2763 Quomodo
645 2729 709 2756 inter
719 2728 760 2755 fici
781 2729 853 2762 ipsos
868 2736 928 2763 pcr-

144 2776 264 2808 uiittam,
286 2783 347 2802 cum
369 2776 424 2810 jam
448 2775 624 2802 sccuritatem
647 2775 714 2809 ipsis
732 2774 928 2805 concesserim,

146 2829 225 2852 aeque
250 2821 302 2848 fine
322 2827 430 2856 pactum
457 2820 557 2847 litteris
578 2819 819 2854 consignaverim?
847 2818 928 2855 ΒΜ

144 2876 187 2895 tos
201 2873 290 2895 autem
307 2867 383 2895 scitis
400 2867 463 2899 quid
482 2866 626 2900 ftedifrago
642 2866 764 2893 debitum
785 2866 829 2893 sit.
848 2867 926 2898 Quod

988 970 1107 1000 stragem
1122 966 1276 997 ediderant,
1300 974 1369 1001 quas
1393 967 1525 994 ecclesias
1547 966 1690 993 diruerant
1713 972 1773 992 cum

988 1011 1036 1037 tibi
1053 1011 1160 1037 obviam
1172 1011 1276 1046 egressi
1293 1012 1452 1039 muneribus
1466 1017 1491 1039 te
1505 1012 1664 1046 exceperint
1677 1019 1684 1044 ;
1699 1011 1773 1044 quod

988 1056 1051 1083 dolo
1070 1057 1104 1084 ab
1122 1057 1189 1091 ipsis
1209 1057 1322 1090 factum,
1340 1062 1366 1084 et
1384 1057 1416 1083 ad
1433 1058 1541 1092 culpam
1559 1066 1641 1092 qtiam
1659 1060 1775 1085 commi-

987 1107 1079 1128 serant
1097 1103 1290 1129 amoliendum.
1306 1101 1365 1129 1am
1380 1110 1445 1129 vero
1460 1103 1549 1130 caedes
1567 1110 1672 1133 eorum,
1687 1104 1774 1129 sat-ri-

988 1146 1078 1174 ficium
1089 1147 1142 1174 erit
1159 1155 1174 1174 a
1189 1153 1214 1175 te
1228 1147 1284 1174 Deo
1298 1147 1419 1175 oblatum
1435 1157 1443 1175 :
1460 1155 1514 1183 nos
1526 1153 1616 1175 autem
1633 1153 1774 1182 peccatum

989 1192 1041 1219 hoc
1056 1200 1071 1220 a
1089 1198 1113 1219 te
1132 1192 1170 1228 [in
1188 1192 1248 1229 nos]
1264 1192 1462 1221 transferemus
1474 1213 1482 1225 .
1500 1194 1603 1228 tibique
1621 1193 1709 1228 ipsum
1728 1201 1772 1220 αις

987 1237 1133 1272 p’abimus.
1153 1243 1279 1273 rogantes
1295 1238 1436 1266 Dominutn
1451 1243 1574 1266 nostrum
1589 1239 1681 1266 Jesum
1697 1239 1772 1266 Chri-

987 1288 1058 1310 stum
1078 1292 1111 1310 uc
1128 1284 1216 1318 ipsum
1243 1284 1288 1310 tibi
1314 1284 1447 1318 imputet,
1473 1291 1504 1311 ac
1520 1284 1700 1318 septimanam
1721 1292 1772 1318 qua

987 1337 1036 1356 ova
1063 1334 1090 1356 ct
1115 1337 1215 1356 caseus
1240 1329 1439 1362 conicduntur,
1467 1329 1541 1356 illam
1568 1328 1688 1364 [nernpi-j
1714 1337 1773 1362 qua:

984 1373 1119 1408 jejunium
1142 1381 1272 1408 magnum
1298 1374 1437 1407 praecedit,
1460 1377 1615 1400 statuemus
1637 1373 1772 1407 jejuniqu

986 1418 1169 1454 245-247
1187 1427 1283 1453 purum
1300 1420 1371 1453 quod
1388 1419 1493 1453 jejunio
1512 1426 1609 1453 magno
1625 1426 1772 1446 accenseo-

987 1467 1042 1494 tur,
1057 1471 1111 1497 quo
1126 1465 1153 1489 in
1169 1462 1208 1489 tui
1220 1464 1336 1498 gratiam
1349 1463 1518 1497 jejunemus,
1534 1470 1648 1489 ovorum
1662 1467 1689 1490 et
1700 1463 1772 1490 casei

986 1515 1033 1534 esu
1062 1508 1166 1534 oruisso
1191 1508 1312 1542 quandiu
1336 1508 1446 1535 durabit
1473 1508 1566 1541 religio
1605 1508 1772 1535 Cltristiaza.

987 1552 1120 1580 licichita:
1134 1553 1205 1579 enim
1221 1552 1391 1580 hebdomada
1403 1552 1454 1578 ista
1472 1553 1505 1578 ab
1521 1560 1568 1578 csu
1582 1553 1675 1579 carnis
1689 1552 1773 1579 absti—

986 1599 1095 1631 nehaut’,
1109 1606 1159 1624 ora
1171 1603 1197 1625 et
1210 1605 1319 1625 caseum
1334 1602 1361 1624 ct
1374 1598 1462 1631 pisces
1477 1598 1503 1623 in
1515 1598 1573 1631 ipsa
1587 1598 1771 1630 comedenti-5,

988 1644 1026 1671 uti
1052 1651 1068 1671 e
1092 1643 1194 1678 Typico
1219 1643 1306 1670 sancti
1326 1643 1382 1669 Mar
1409 1642 1486 1670 Saba!
1521 1643 1616 1677 liquet.
1642 1643 1771 1669 Dixerunt

985 1694 1075 1717 autem
1092 1689 1130 1715 illi
1149 1697 1156 1715 :
1178 1687 1234 1715 Nos
1249 1696 1279 1714 ea
1297 1687 1334 1714 lui
1362 1688 1448 1722 gratia
1466 1687 1666 1722 jejunabimus,
1683 1687 1770 1714 omni:

986 1735 1023 1761 rei
1050 1735 1156 1769 pinguis
1177 1742 1254 1761 esum
1279 1734 1454 1764 omittentcs,
1476 1737 1558 1766 atque
1581 1732 1632 1759 hoc
1653 1739 1770 1764 canone,

986 1778 1287 1810 excomtuunicaliouc,
1308 1782 1334 1805 et
1353 1777 1528 1804 anathemate
1544 1777 1718 1808 sancicmus,
1737 1784 1771 1804 ne

985 1832 1105 1859 unquam
1132 1829 1270 1855 mutetur,
1301 1825 1334 1851 de
1359 1823 1454 1850 codrm
1481 1824 1506 1850 in
1530 1831 1625 1850 omnes
1645 1825 1770 1858 regiones

985 1872 1090 1899 litteras
1114 1871 1264 1902 mittentes,
1289 1874 1318 1896 ut
1338 1870 1364 1896 in
1390 1869 1610 1904 propitiationem
1628 1868 1769 1904 [cedatlci

984 1916 1057 1951 quod
1074 1923 1087 1942 a
1107 1922 1132 1943 te
1155 1915 1373 1950 impetravimus.
1393 1915 1522 1941 Annucns
1540 1922 1604 1948 ergo
1630 1915 1678 1940 hac
1696 1915 1722 1940 in
1741 1922 1769 1941 re

985 1963 1051 1996 ipsis
1069 1962 1222 1993 lleraelius,
1239 1969 1253 1988 e
1269 1960 1371 1988 Iuda-is
1386 1961 1431 1994 qui
1451 1960 1523 1986 circa
1541 1959 1726 1994 Hierosolyma
1743 1964 1768 1986 et

984 2012 1102 2034 montem
1128 2007 1245 2034 Galilrem
1267 2011 1354 2038 erant,
1379 2013 1450 2040 quos
1473 2005 1644 2038 prehendere
1669 2004 1767 2038 potuit.

984 2051 1142 2077 innumeros
1164 2050 1276 2077 occidit.
1317 2049 1354 2076 Ex
1379 2049 1445 2083 ipsis
1465 2049 1537 2075 enirn
1556 2048 1599 2074 alii
1618 2048 1768 2080 latuerunt,

983 2096 1027 2122 alii
1041 2096 1102 2130 fuga
1115 2096 1181 2122 sein
1193 2095 1310 2125 deserta.
1323 2099 1430 2121 montes
1444 2098 1469 2121 rt
1481 2094 1563 2121 valles
1576 2099 1602 2121 ct
1616 2093 1765 2130 [Egyptnm

983 2141 1034 2167 sub
1047 2142 1180 2167 luxerunt.
1197 2138 1315 2166 Primam
1332 2146 1398 2174 ergo
1412 2139 1508 2173 jejunii
1527 2139 1716 2173 septimanam,
1738 2140 1764 2165 iit

982 2194 1034 2220 qua
1052 2185 1182 2212 Mchllim:
1198 2193 1212 2211 a
1230 2185 1321 2211 carnis
1337 2189 1442 2210 tantum
1459 2191 1507 2211 esu
1524 2184 1676 2216 abstinent,
1696 2184 1766 2219 jeju-

984 2232 1057 2257 nium
1083 2230 1238 2257 absolutum
1263 2232 1435 2261 statuerunt,
1463 2229 1488 2255 in
1515 2236 1568 2263 qua
1596 2229 1767 2264 imperatoris

985 2275 1101 2302 lii-rat-lii
1126 2277 1212 2310 gratia
1234 2275 1406 2309 jejunarent,
1432 2282 1485 2309 quo
1510 2274 1693 2301 remitti-retur
1715 2275 1768 2309 ipsi

984 2319 1093 2347 falleris
1107 2320 1148 2346 sui
1161 2319 1270 2346 violatio
1284 2323 1310 2345 et
1320 2318 1475 2345 .ludzeorum
1490 2319 1587 2351 credes,
1598 2320 1632 2345 ab
1644 2327 1766 2351 ovorum,

984 2366 1055 2392 casei
1088 2370 1114 2392 et
1131 2365 1245 2399 piscium
1261 2372 1309 2391 esu
1326 2364 1352 2391 in
1367 2364 1462 2391 eadem
1480 2364 1660 2397 abstinentes,
1682 2372 1766 2398 caque

983 2410 1017 2437 de
1039 2418 1067 2437 re
1092 2410 1118 2436 in
1141 2417 1236 2436 omnes
1258 2410 1384 2443 regiones
1405 2409 1512 2437 litteras
1530 2409 1719 2444 scripserunt:
1736 2417 1767 2438 ac

982 2455 1091 2490 Egypti
1117 2454 1251 2488 Cophtitte
1275 2455 1300 2480 in
1327 2454 1400 2481 hunc
1425 2462 1511 2490 usque
1536 2455 1605 2482 diem
1630 2455 1764 2490 jejunium

984 2501 1048 2527 illud
1070 2501 1228 2527 observant.
1242 2499 1328 2535 Syria:
1349 2507 1413 2527 vero
1431 2501 1602 2528 Damasceuat
1617 2500 1721 2533 incolae,
1740 2506 1766 2528 ct

992 2546 1077 2573 Grreci
1093 2545 1225 2573 Melchitae
1243 2550 1304 2580 post
1319 2549 1433 2572 mortem
1453 2545 1569 2573 Heraclii
1590 2547 1687 2573 iterum
1704 2547 1768 2574 heb-

983 2591 1097 2618 domada
1125 2591 1175 2619 ista
1191 2599 1251 2624 ova,
1275 2599 1400 2623 caseum,
1422 2597 1447 2618 et
1471 2592 1559 2626 pisces
1580 2593 1768 2621 comederunt.

982 2636 1064 2672 248
1079 2636 1107 2663 lit
1124 2636 1218 2664 cadent
1236 2637 1316 2663 etiam
1332 2637 1459 2671 jejunant
1480 2637 1575 2664 diebus
1591 2637 1718 2665 Mercurii
1741 2644 1768 2665 ct

982 2682 1096 2710 Veneris
1109 2690 1196 2717 usque
1210 2683 1242 2708 ad
1254 2682 1369 2714 Nonam,
1383 2682 1444 2710 dein
1458 2683 1528 2715 ovis,
1543 2691 1633 2716 caseo,
1645 2688 1672 2711 et
1684 2684 1767 2718 pisci-

983 2719 1213 2760 bus,‘vescentes,
1231 2727 1382 2755 secundum
1399 2736 1532 2756 canonem
1551 2736 1565 2755 a
1577 2735 1672 2757 sancto
1687 2730 1767 2756 Nice-

983 2774 1069 2808 phoro
1087 2775 1242 2808 patriarcha
1264 2774 1581 2809 Constantinopolitano,
1602 2780 1721 2810 martyre
1741 2781 1768 2802 et

985 2820 1156 2849 confessorc.
1173 2820 1291 2854 positunt
1305 2828 1311 2852 ;
1327 2821 1556 2854 quemadmodum
1572 2825 1711 2848 ostensum
1725 2827 1766 2848 est

966 2867 1009 2908 .in
1031 2867 1121 2899 tvpieo
1137 2866 1277 2898 Eculesiae,
1297 2867 1422 2894 videlicet
1436 2866 1665 2894 orthodoaosism
1684 2867 1767 2896 semi-
