2014 3082
244 175 310 208 1031

762 169 945 201 EUTYCIHI
962 168 1225 198 ALEXANDIUNI
1245 168 1351 198 ΡΑΊἪ.

1801 167 1867 200 1093

247 242 328 262 mana
344 235 402 262 ovis
416 239 443 262 et
456 240 534 261 caseo
550 231 633 263 vesci,
650 230 731 257 etiam
747 229 843 257 diebus
861 228 984 255 Mercurii
1001 233 1028 254 et
1044 230 1065 257 Α
1079 229 1185 255 adversi
1215 231 1303 258 erant.
1333 226 1484 253 octodecim
1513 225 1658 259 interfecit,
1694 226 1866 261 fugientibus

246 280 373 313 Veneris;
390 279 440 306 nisi
455 277 525 312 quod
539 277 635 303 diehns
650 275 722 306 istis.
737 275 862 302 Mercurii
880 274 984 301 scilicet
996 278 1024 299 et

246 325 377 357 Veneris,
404 332 490 358 usque
513 323 546 349 ad
573 322 675 348 Nonum
697 321 833 354 jejnnenl.
860 320 910 351 Qui
936 327 1022 345 canon

244 370 368 404 coarguit
380 377 427 396 eos
443 369 488 402 qtti
503 368 628 401 jejunant
645 368 730 400 gratia
746 365 862 391 llcraclii
880 365 1025 398 imperato-

245 416 293 447 ris,
308 423 322 441 c
343 418 417 441 secta
439 413 649 443 Maronitarum,
669 418 684 437 a
706 418 822 445 quorum
845 410 925 436 factis
947 410 1025 435 malis

244 463 348 486 avertat
363 466 413 485 nos
430 458 512 488 Deus,
527 464 587 483 cum
605 464 658 482 non
674 456 755 482 liceat
769 455 887 482 hominis
904 453 1025 480 mortalis

244 505 331 540 gratia
345 505 488 539 jejunare;
504 510 591 537 eoqtte
607 502 692 536 magis
707 501 779 536 quod
796 502 945 535 imperator
963 500 1024 530 iste,

245 558 307 576 ctttn
324 549 406 583 hujus
424 548 517 575 mundi
533 548 616 574 vitam
631 547 788 580 deponeret,
804 544 936 571 llaronita
953 551 1025 570 mor.

245 601 309 621 tuus
322 596 367 621 sit.
385 594 419 621 Ut
432 597 524 620 autem
537 593 569 618 ad
584 591 726 618 historiam
743 595 926 620 revertamur,
941 589 1027 615 Hera-

244 638 315 664 t-litts
332 635 483 663 Modestum
502 635 664 662 tttonaeltuttt
676 653 684 665 ,
707 633 864 660 monasterii
881 632 911 659 Al
928 632 1026 659 Ducesi

245 682 416 717 praefectum,
433 681 615 716 patrtateltam
631 679 905 713 Hierosolymitanum
920 678 1026 705 consti-

246 728 308 758 tuit,
325 734 356 753 ac
373 735 401 753 se
425 726 585 752 Damascum
602 725 679 759 sequi
693 724 785 758 jussit,
800 731 855 758 quo
869 730 884 750 θ
899 722 1024 750 Damasci

246 773 371 808 vectigali
391 773 441 806 ipsi
458 773 584 803 (leuaret,
599 775 626 798 et
642 771 675 797 de
689 770 839 796 Palaestina
855 770 956 796 tribttto
974 768 1025 803 ipsi

247 818 415 848 remitteret,
432 824 486 850 qtto
506 823 601 842 omnes
618 815 748 842 ecclesias
764 814 1028 849 llierosolyntitanas

247 869 316 896 quas
331 861 472 887 diruerant
494 859 584 886 Persae
606 860 783 886 instauraret.
809 858 941 885 Reversus
964 865 1028 892 ergo

1076 275 1290 302 domesticorum
1313 272 1400 307 ipsius
1426 272 1552 306 reliquis.
1571 272 1697 307 Dixitque
1715 281 1722 300 :
1743 272 1798 306 Ego
1817 274 1865 299 bo-

1077 320 1195 346 tninibus
1215 318 1346 345 tributunt
1374 318 1542 344 remissurus
1567 324 1647 347 sunt.
1674 317 1742 344 ad--o
1775 321 1803 343 ut
1831 317 1864 344 ad

1075 372 1172 392 omnes
1189 363 1338 390 universim
1352 363 1504 397 pertingant
1522 362 1628 396 justitia
1643 367 1670 389 et
1685 362 1864 390 beneﬁcentia

1078 419 1148 438 mea.
1168 410 1265 436 Parum
1281 414 1372 436 autem
1383 409 1461 435 fluxit
1475 409 1606 443 temporis
1617 414 1762 443 antequam
1779 417 1865 444 gras-

1077 462 1183 484 saretur
1211 457 1238 482 itt
1273 455 1397 482 Sultditos
1422 455 1507 489 ipsius
1534 455 1637 488 pestis,
1668 462 1722 488 qua
1745 455 1868 489 plerique

1076 510 1171 529 eoruttt
1193 510 1207 528 e
1223 503 1313 527 medio
1335 500 1434 527 sublati
1462 504 1536 529 sunt,
1560 504 1693 533 pereunte
1719 507 1773 526 una
1800 507 1866 534 rege

1077 547 1246 574 Sltirawailto
1271 546 1360 581 quiet
1381 545 1507 572 Kobatles
1523 545 1619 577 audiit,
1643 553 1691 571 nec
1717 553 1770 571 non
1789 550 1867 579 patre

1076 593 1163 627 ipsius
1189 592 1273 619 Cesra
1299 599 1305 616 :
1331 592 1449 624 spatium
1477 599 1532 626 quo
1558 592 1681 625 regnavit
1705 591 1867 618 octitnestre

1076 642 1147 665 erat.
1165 638 1267 665 Deinde
1282 642 1343 672 post
1368 639 1458 672 ipsum
1485 638 1607 672 regnavit
1625 637 1742 663 Azdsbir
1768 637 1867 663 Snira-

1078 683 1159 709 wailti
1177 683 1258 715 filius,
1281 691 1362 718 quem
1387 684 1477 710 statim
1499 684 1612 709 adortus
1636 681 1781 716 praefectus
1795 682 1868 708 limi-

1080 732 1137 755 tum
1158 728 1366 755 occidentalium
1395 728 1483 762 ipsum
1508 727 1626 758 occidit,
1655 735 1717 753 cum
1745 727 1869 761 quinque

1081 778 1186 800 tantuut
1212 774 1353 800 mensibus
1375 777 1528 806 regnasset.
1557 771 1625 798 Tum
1650 779 1762 805 regnum
1785 779 1869 797 occu-

1079 819 1152 852 pavit
1164 819 1272 852 quidam
1288 819 1397 845 nomine
1409 818 1525 850 Jorhztn,
1537 818 1582 852 qui
1596 825 1610 844 e
1622 818 1706 851 stirpe
1721 817 1794 851 regia
1810 824 1868 843 non

1079 863 1141 896 fuit,
1155 870 1181 892 et
1195 872 1209 892 e
1224 864 1302 899 cujus
1327 864 1427 891 fantilia
1444 872 1495 891 nou
1519 865 1589 891 alius
1605 864 1667 897 quis
1697 863 1730 890 ad
1753 870 1869 898 regnum

248 906 400 933 Ilieraelitts
416 906 450 932 ab
465 905 661 940 Hierosolymis
684 904 858 936 Damascum,
877 904 913 931 ibi
928 904 1031 931 substi-
1048 916 1067 942 Β
1082 912 1226 946 ειηιιιεηγιι⁵
1253 911 1322 938 Idem
1354 915 1413 937 επηι
1435 918 1516 944 quem
1553 910 1730 945 253_255
1755 910 1870 937 miser“

248 953 291 984 tit,
303 959 318 978 a
330 951 458 979 hlansut‘o
472 958 598 978 nummos
610 951 734 986 exigens.
746 950 822 977 Sedit
835 956 925 977 autem
940 949 1032 977 Mode-

248 1002 307 1025 stus
320 1005 415 1024 novem
432 1003 551 1027 menses,
563 996 625 1022 dein
640 1000 764 1022 mortuus
780 1000 832 1028 est,
849 1003 880 1022 ae
893 1000 955 1029 post
970 994 1031 1029 ejus

249 1047 364 1069 mortent
378 1050 425 1069 sex
441 1042 521 1069 annis
537 1042 595 1069 sine
611 1042 765 1075 patriarcha
791 1043 889 1068 mansit
902 1042 1032 1068 catltedta

250 1088 505 1122 llierosolymitana.

284 1133 368 1160 Porro
388 1141 460 1160 anno
482 1133 587 1167 imperii
613 1133 786 1169 259-251
805 1133 923 1160 Hcraclii
947 1133 1032 1160 unde-

248 1180 320 1206 cimo
337 1180 405 1207 diem
425 1179 674 1206 obiit'Mobammed
689 1180 727 1206 fil.
741 1179 885 1206 Abdollahi
897 1180 1028 1213 propheta

250 1224 471 1252 Musletninorum
485 1226 527 1251 die
543 1225 634 1258 Lunae,
649 1225 695 1259 qui
707 1226 844 1252 secundus
859 1230 917 1252 erat
933 1226 1034 1252 mensis

250 1271 342 1298 liabize
359 1271 469 1306 prioris,
495 1278 566 1296 antto
581 1270 668 1297 lleirae
684 1270 841 1301 undecimo,
857 1271 1033 1304 sepultusque

249 1320 291 1343 est
303 1316 374 1342 domi
387 1323 442 1342 snte
453 1317 479 1342 in
489 1323 541 1349 qtta
554 1320 677 1342 mortuus
687 1319 737 1346 est,
747 1315 821 1342 domi
833 1315 894 1342 scil.
907 1316 1032 1350 Ayeshm;

250 1361 308 1388 dies
324 1361 452 1387 tredecim
468 1361 563 1387 ntorbo
576 1368 627 1387 suo
641 1360 784 1386 laboravit.
801 1360 926 1388 Mortuus
940 1365 1031 1388 autent

252 1411 294 1434 est
314 1414 401 1434 annos
423 1412 504 1433 nattts
530 1406 670 1440 sexaginta
695 1406 778 1440 jtres;
807 1406 908 1433 liberos
937 1411 1035 1441 praeter

251 1454 409 1480 Pltateutam
427 1453 519 1479 nullos
541 1452 653 1486 reliquit
669 1451 842 1485 superstites,
869 1451 915 1478 sed
931 1456 958 1478 ct
991 1451 1035 1478 illa

250 1499 431 1532 quadraginta
453 1502 515 1532 post
542 1498 630 1531 ipsum
649 1496 746 1523 diebus
773 1501 880 1522 tnortua
904 1501 956 1528 est,
982 1495 1035 1532 [vel

250 1545 401 1571 secundum
426 1544 495 1570 alios
524 1540 721 1577 septuaginta,]
753 1541 834 1575 idque
854 1540 960 1567 Cltalifa
985 1541 1035 1567 Abi

1083 957 1205 991 Apcrwiz
1235 957 1268 983 ad
1293 956 1394 983 bellum
1420 955 1552 982 Romanis
1579 956 1763 982 inferendum.
1791 956 1869 982 Illum

1083 1003 1190 1030 insidiis
1218 1003 1268 1037 ipsi
1298 1002 1409 1029 structis
1437 1002 1534 1028 tnnlicr
1557 1002 1676 1034 qua-dant
1701 1009 1715 1027 e
1741 1001 1870 1036 prosapia

1083 1050 1167 1083 regia.
1198 1048 1309 1075 nomine
1335 1047 1552 1078 Arzmandocltt,
1583 1055 1598 1073 e
1628 1046 1716 1074 medio
1745 1046 1871 1078 sustulit,

1083 1097 1225 1127 postquam
1243 1092 1300 1118 dies
1316 1091 1409 1125 viginti
1423 1091 1491 1118 duos
1508 1095 1648 1125 regnasset
1664 1099 1670 1117 :
1689 1092 1799 1125 regibus
1813 1099 1868 1117 au-

1084 1142 1138 1164 tent
1160 1137 1229 1163 haud
1245 1142 1415 1163 accensetur.
1433 1136 1535 1163 Deittdc
1548 1141 1609 1171 post
1630 1137 1718 1169 ipsum
1745 1139 1871 1170 regnarit

1084 1183 1194 1216 qni-ﬁant
1211 1189 1225 1208 e
1240 1181 1301 1208 filiis
1317 1181 1454 1212 llormozi,
1470 1182 1515 1216 qui
1541 1182 1568 1207 in
1585 1181 1694 1215 regione
1715 1180 1869 1207 Turcarunt

1086 1228 1146 1258 fuit.
1173 1231 1201 1254 et
1230 1228 1325 1254 audito
1352 1234 1475 1261 quamam
1502 1226 1662 1253 acciderant
1689 1226 1871 1258 diﬂ'erentiaz,

1085 1273 1219 1304 accessit;
1241 1279 1338 1298 nomen
1363 1271 1399 1298 illi
1423 1271 1473 1298 fuit
1487 1271 1583 1302 Cesra,
1610 1269 1668 1297 Ebn
1687 1271 1796 1303 Kobad,
1813 1271 1872 1297 Ebu

1086 1316 1213 1343 Hormuz.
1230 1318 1320 1351 ipsum
1337 1324 1401 1343 vero
1417 1316 1530 1344 adortus
1545 1316 1590 1351 qtti
1608 1316 1734 1343 conﬁniis
1748 1316 1872 1343 Corasan

1087 1367 1213 1398 praeerat,
1235 1363 1387 1394 interfecit,
1414 1371 1474 1389 cum
1498 1369 1552 1389 tres
1579 1369 1687 1388 menses
1714 1367 1871 1394 regnasset,

1086 1409 1153 1436 adeo
1173 1412 1202 1435 ut
1225 1416 1273 1435 nec
1299 1409 1356 1443 ipse
1380 1409 1489 1443 regibus
1513 1411 1706 1434 annumeratns
1733 1408 1779 1434 sit.
1801 1406 1872 1434 Tum

1087 1459 1147 1488 post
1172 1461 1233 1480 eunt
1262 1453 1355 1485 illiti-la,
1388 1453 1479 1480 Cesra:
1501 1453 1568 1483 lilia,
1590 1460 1649 1486 que
1677 1453 1767 1479 Cesrae
1793 1460 1870 1478 soror

1087 1500 1192 1525 ttterina
1214 1499 1275 1531 fuit,
1297 1499 1491 1533 scsqttiattnttnt
1512 1499 1657 1532 regnavit:
1685 1498 1741 1525 haec
1768 1498 1872 1524 nullum

1087 1545 1176 1579 exegit
1189 1545 1332 1576 tributum,
1349 1551 1527 1578 nummosque
1548 1544 1679 1571 exercitui
1708 1544 1850 1570 distribuit
1865 1552 1872 1570 :

251 1590 345 1615 lis-cro.
363 1588 560 1616 Convenerunt
583 1588 656 1613 enittt
682 1586 836 1613 Moslemiui
856 1586 889 1612 ad
910 1586 969 1613 Abu
987 1586 1021 1612 De
1049 1583 1069 1610 (Σ
1088 1598 1204 1625 cumque
1219 1591 1246 1617 ιη
1263 1597 1345 1625 regno
1363 1590 1521 1616 conm-mam
1542 1590 1635 1622 fuerit,
1657 1589 1715 1623 ipsa
1734 1590 1766 1615 δι,
1780 1597 1813 1615 eo
1827 1589 1872 1615 de.

250 1641 328 1660 crum
357 1632 586 1668 inaugurandum,
612 1633 656 1659 cui
685 1640 782 1660 nomen
806 1632 951 1663 Abdullalt,
978 1631 1035 1658 Ebn

251 1679 368 1706 Otbntan
382 1679 473 1710 Amer,
495 1678 553 1704 Ebn
565 1678 651 1710 Caab,
669 1679 726 1705 libn
751 1678 833 1709 Saad,
851 1676 909 1704 Ebn
930 1676 1034 1712 Tiyem,

253 1724 310 1750 Ebn
326 1723 453 1755 Morralt;
476 1723 610 1757 cujusque
625 1727 711 1750 mater
733 1722 834 1754 Saluta,
855 1722 909 1748 ﬁlia
927 1721 1034 1753 Soeltri,

252 1770 309 1796 Ebn
325 1769 420 1801 Amur,
440 1768 496 1795 Ebn
513 1767 594 1800 Saab,
607 1767 664 1794 Ebtt
681 1767 763 1799 Saad,
781 1767 841 1794 Ebtt
857 1767 963 1802 Tiyem,
978 1765 1035 1793 Ebtt

253 1814 379 1841 Hortali:
396 1813 501 1847 fuitque
520 1813 692 1848 inauguratis
711 1813 798 1846 ipsius
812 1811 907 1838 eodem
922 1812 966 1838 die
979 1819 1033 1846 quo

252 1866 376 1888 mortuus
396 1865 439 1888 est
465 1859 651 1886 Moltatutned.
679 1859 792 1885 Cat-teris
818 1858 856 1894 [in
878 1859 1036 1892 juramento

252 1905 304 1940 ipsi
329 1903 495 1940 praestando]
513 1903 700 1939 prteeuntibus
718 1903 819 1930 Ontaro
836 1901 893 1929 Ebn
913 1901 1036 1933 Cbetebi,

252 1955 279 1978 et
291 1951 426 1977 Otltntano
442 1949 500 1977 Ebn
518 1948 610 1982 Mani,
628 1948 710 1982 idque
729 1955 802 1975 anno
819 1947 925 1981 imperii
951 1946 1036 1973 Hera-

253 1997 296 2024 clii
314 1997 498 2024 Romanorum
516 1995 689 2030 imperatoris
704 1993 850 2021 undecimo
867 2001 874 2019 :
890 1999 972 2028 atque
987 1993 1038 2020 ltoe

254 2049 326 2069 anno
342 2042 508 2068 constitutus
522 2045 565 2067 est
582 2038 729 2066 Oborudus
744 2037 905 2074 [Honorius]
920 2037 1038 2071 patriar-

254 2088 305 2115 cha
327 2087 480 2118 Romanus,
504 2085 551 2120 qui
577 2085 729 2112 octodecim
755 2092 844 2111 annos
867 2083 949 2115 sedit,
974 2083 1037 2110 dein

255 2138 378 2160 mortuus
396 2137 449 2159 est.
464 2131 547 2159 Cesra
566 2135 656 2158 autem
671 2129 799 2156 llormozi
820 2129 903 2162 filius,
928 2136 990 2155 eum
1004 2128 1038 2155 ad

255 2180 349 2205 urbem
365 2185 442 2204 suam
457 2176 638 2212 pervenisset,
650 2179 676 2202 et
693 2182 773 2210 quam
791 2174 828 2201 ibi
842 2174 943 2201 eadem
958 2173 1039 2200 fecis-

254 2228 296 2252 set
309 2224 459 2256 Heraelius,
473 2223 537 2257 quid
548 2221 642 2254 ruinae,
655 2221 777 2254 vidisset,
788 2227 887 2255 magno
896 2224 1039 2253 correptus

255 2276 298 2298 est
312 2270 415 2301 dolore,
438 2269 506 2295 nihil
527 2273 616 2294 tamen
639 2268 672 2295 de
691 2274 797 2294 morum
815 2266 923 2293 feritate
946 2265 1041 2293 remit-

257 2322 328 2348 tens,
343 2315 410 2342 adeo
426 2318 455 2340 ttt
472 2314 590 2348 graviter
611 2313 715 2339 ferrent
730 2312 856 2339 homines
874 2311 961 2344 ipsius
987 2311 1039 2337 im-

255 2361 372 2396 perium,
389 2358 532 2385 deﬁciente
545 2357 612 2392 ipsis
630 2357 770 2391 patientia,
791 2355 872 2390 252
896 2355 1040 2389 ipsumque

258 2405 406 2432 infaustum
424 2403 558 2434 dicerent,
573 2406 667 2436 utpote
683 2409 737 2436 quo
750 2406 881 2435 regnante
905 2400 1041 2434 perierint

258 2450 357 2478 Persia!
379 2449 486 2481 incolat,
510 2452 679 2482 vastatisque
706 2447 761 2474 sint
787 2447 910 2481 ipsorum
930 2445 1039 2472 douttts.

258 2495 319 2531 Ipso
346 2502 411 2529 ergo
435 2498 497 2529 post
520 2501 609 2520 annos
632 2493 745 2527 triginta
768 2497 829 2518 oeto
854 2491 991 2523 abdicato,
1014 2491 1041 2517 in

257 2542 346 2569 locutu
367 2541 427 2576 ejus
443 2541 644 2568 substituerunt
671 2539 756 2566 tilium
781 2539 866 2572 ipsius
888 2537 1041 2568 Kobadent,

257 2587 304 2621 qtti
324 2591 352 2613 et
379 2586 532 2614 Sbirawailt
558 2585 721 2619 appellatus,
752 2578 837 2610 filium
865 2582 956 2609 Mariis
982 2582 1044 2608 filia:

259 2632 382 2660 Mauricii
407 2633 593 2660 Romanorum
620 2629 807 2665 imperatoris,
825 2629 906 2663 cujus
929 2628 1044 2662 abipsis

259 2678 344 2705 occisi
359 2677 445 2705 caedes
462 2677 597 2704 malorum
617 2676 733 2703 istorum
746 2674 866 2702 omnittm
881 2681 963 2701 causa
977 2673 1043 2706 fuit;

260 2730 322 2749 cum
337 2721 452 2758 [Cesrze]
465 2729 541 2750 socer
556 2725 640 2754 esset,
658 2724 743 2755 atque
757 2720 802 2747 ille
817 2726 944 2747 socerum
965 2725 1044 2745 suum

262 2767 358 2794 ulcisci
375 2770 499 2801 cuperet.

301 2813 427 2840 Kobades
450 2816 541 2839 autem
568 2819 652 2846 regno
667 2809 814 2846 praefectus
828 2810 965 2845 justitiam
991 2817 1046 2844 prie

247 2868 292 2894 se
306 2859 379 2892 tulit,
395 2861 422 2885 et
436 2857 564 2892 injuriant
580 2865 634 2892 qua
661 2864 794 2892 oppressa
822 2856 910 2884 fuerat
933 2855 1045 2883 amovit.

246 2906 284 2953 ‘LE
297 2905 359 2933 ﬁliis
378 2907 468 2932 autem
484 2902 572 2937 patris
588 2903 642 2935 sui,
656 2903 702 2937 qui
716 2902 767 2937 ipsi
783 2902 879 2929 matris
892 2909 948 2931 suae
962 2908 1047 2929 causa

1088 1637 1224 1663 nontinata
1242 1639 1293 1662 est.
1310 1635 1412 1662 Deinde
1429 1639 1490 1670 post
1509 1635 1593 1669 ipsum
1620 1635 1744 1669 regnavit
1761 1633 1872 1668 quidam

1089 1681 1200 1707 nomine
1223 1679 1453 1712 Hosltnastadalt,
1478 1681 1550 1714 quie
1577 1680 1665 1716 patrui
1692 1680 1786 1706 Cesrae
1811 1679 1873 1705 ﬁliis

1087 1732 1155 1761 erat,
1171 1728 1277 1754 duobus
1299 1728 1440 1755 mensibus
1465 1728 1598 1762 regnavit,
1620 1727 1683 1754 dein
1711 1726 1873 1754 interfectus

1086 1777 1138 1805 est,
1156 1781 1206 1800 ttee
1230 1773 1302 1800 ittter
1324 1781 1403 1806 reges
1430 1777 1596 1800 numeratur.
1623 1773 1688 1799 Post
1717 1773 1806 1807 ipsum
1834 1781 1873 1799 re-

1087 1820 1179 1855 gnavit
1193 1819 1410 1850 Arztttandocht,
1432 1818 1521 1846 Cesrze
1548 1819 1611 1850 filia,
1629 1827 1689 1853 (μοι
1713 1823 1739 1844 et
1767 1819 1874 1846 modice

1087 1864 1250 1898 interposito
1265 1864 1354 1897 spatio
1367 1871 1471 1890 veneno
1497 1864 1604 1891 sublata
1621 1869 1729 1890 mortua
1746 1868 1797 1893 est.
1811 1871 1874 1890 eum

1089 1905 1227 1946 rc'gnasset
1239 1915 1339 1935 annum
1358 1912 1384 1935 et
1399 1913 1517 1943 quatuor
1532 1916 1655 1941 menses;
1671 1913 1697 1934 et
1718 1908 1772 1934 hzec
1788 1908 1814 1934 iit
1831 1916 1872 1934 re-

1087 1961 1140 1988 gno
1155 1952 1313 1980 conﬁrmata
1328 1957 1380 1984 est,
1395 1957 1422 1979 et
1437 1953 1470 1979 ab
1486 1952 1581 1979 eodem
1603 1951 1787 1979 denominata.
1808 1952 1873 1978 Posl

1089 2000 1174 2033 ipsam
1190 1999 1313 2032 regnavit
1330 1998 1440 2033 quidam
1461 1998 1571 2024 nomine
1589 1997 1874 2024 Paraeltoradcltosltra

1091 2050 1184 2070 ntense
1196 2050 1261 2073 uno,
1278 2043 1341 2069 dein
1361 2042 1470 2069 occisus
1485 2046 1537 2073 est,
1555 2049 1642 2076 neque
1659 2042 1768 2076 regibus
1785 2048 1874 2067 annn-

1091 2092 1223 2114 nteratur.
1235 2086 1335 2113 Totum
1353 2091 1442 2114 autent
1463 2087 1579 2121 spatium
1596 2094 1651 2120 quo
1668 2086 1791 2120 regnavit
1813 2085 1873 2112 Shi-

1089 2133 1192 2159 rawailt
1207 2153 1215 2165 ,
1236 2137 1262 2160 et
1280 2133 1326 2168 qui
1350 2132 1402 2167 ipsi
1422 2137 1633 2164 successerunt,
1655 2131 1736 2166 256
1753 2137 1806 2157 tant
1828 2131 1875 2157 viri

1090 2186 1171 2212 quant
1194 2178 1312 2209 feminae,
1336 2178 1450 2211 tumqui
1469 2184 1599 2212 regnasse
1617 2177 1803 2211 perhibentur.
1821 2180 1876 2201 tum

1091 2224 1137 2258 qui
1149 2231 1241 2258 regum
1249 2231 1363 2250 numero
1376 2222 1446 2250 haud
1462 2227 1649 2252 aceensentur,
1662 2229 1747 2255 usque
1759 2222 1790 2248 ad
1797 2220 1876 2247 Para-

1093 2268 1376 2299 cltoradcltosltraum,
1393 2275 1447 2294 una
1464 2275 1524 2294 ettnt
1546 2267 1689 2294 intervallo
1710 2267 1782 2300 quo-l
1806 2267 1876 2293 inter

1090 2314 1159 2340 dttos
1174 2312 1310 2347 quoslibet
1326 2320 1403 2346 reges
1427 2312 1596 2343 intercessit,
1611 2316 1727 2346 quatuor
1743 2319 1877 2338 annorum

1091 2360 1153 2393 fuit,
1173 2360 1255 2394 idque
1276 2364 1362 2386 totum
1381 2359 1470 2387 turbis
1486 2364 1512 2386 et
1534 2360 1653 2386 motibus
1671 2360 1791 2394 plenttttt.
1809 2358 1877 2385 Cum

1091 2413 1155 2440 ergo
1176 2406 1300 2432 viderent
1314 2405 1402 2432 Persa:
1414 2413 1470 2440 quo
1487 2405 1661 2431 devenissent
1685 2403 1878 2436 seditionibus,

1092 2455 1116 2478 et
1132 2450 1343 2485 prmvaleutihus
1358 2450 1426 2484 ipsis
1451 2449 1591 2481 Romanis,
1603 2457 1717 2483 quaeque
1736 2448 1805 2474 mala
1824 2453 1878 2474 tam

1092 2495 1250 2529 religionem
1267 2495 1388 2529 ipsorum
1409 2501 1490 2528 quam
1509 2501 1681 2520 communem
1701 2493 1786 2519 vitam
1802 2493 1878 2519 iuva.

1093 2542 1204 2574 sissent,
1220 2540 1375 2575 conqttisito
1383 2539 1475 2567 Cesrzn
1493 2540 1559 2571 filio,
1573 2540 1686 2565 nomine
1700 2537 1879 2571 Yazdejerdo,

1094 2587 1140 2621 qui
1151 2591 1170 2613 'a
1185 2586 1370 2616 Shirawailto,
1386 2592 1448 2611 eum
1468 2583 1566 2610 fratres
1581 2584 1642 2618 ejus
1665 2583 1825 2614 trucidaret,
1843 2582 1878 2609 fu-

1095 2636 1180 2666 gerat,
1199 2632 1288 2666 ipsunt
1312 2630 1363 2658 sibi
1390 2637 1479 2664 regem
1504 2630 1694 2664 praefecerunt.
1720 2636 1806 2654 annos
1823 2633 1880 2654 tum

1098 2682 1192 2704 natum
1205 2676 1373 2711 quindecim.
1396 2675 1480 2702 Erant
1504 2679 1595 2701 autent
1620 2673 1733 2700 aﬁectus
1758 2674 1880 2708 ipsitrutn

1095 2722 1205 2755 diversi,
1221 2728 1310 2749 cattus
1328 2721 1419 2749 divisi.
1438 2724 1465 2747 et
1488 2727 1518 2747 se
1540 2724 1635 2746 mutuo
1650 2719 1728 2746 bellis
1745 2719 1880 2745 lacesset»

1097 2773 1147 2800 tes,
1159 2767 1376 2802 uniuscujusque
1392 2773 1470 2794 terra:
1484 2770 1597 2796 tractus,
1613 2765 1699 2796 urbis,
1715 2769 1761 2791 aut
1779 2764 1882 2798 oppidi.

1097 2822 1144 2849 per
1161 2819 1244 2841 totunt
1263 2821 1378 2848 regnum
1391 2813 1502 2843 incolis.
1527 2812 1626 2839 vicinis
1642 2811 1701 2838 suis
1727 2811 1826 2837 beilutu
1845 2818 1881 2835 m-

1098 2859 1265 2892 ferentibus;
1290 2862 1505 2892 manseruntque
1527 2858 1578 2884 hoc
1591 2862 1664 2884 statu
1691 2856 1789 2886 ttrbcs,
1809 2854 1881 2880 vide-

1099 2903 1161 2931 licet
1174 2904 1257 2932 rebus
1273 2903 1426 2936 dissolutis,
1449 2902 1549 2937 populo
1563 2901 1663 2932 diviso,
1691 2906 1775 2934 regno
1786 2905 1882 2926 corru.
