2014 3082
176 147 243 176 l‘d'JLi

893 146 1076 176 ANNALES.

1730 147 1800 179 1094

176 206 230 236 pto,
251 201 462 235 liominibiISque
491 199 561 226 inter
588 207 618 226 se
640 198 880 230 dissi‘ntientibus,
897 203 958 225 octo

1019 200 1150 225 adversus
1163 207 1191 226 se
1206 200 1371 233 prmbucriut
1388 201 1414 227 in
1427 208 1458 228 re
1477 201 1567 236 aliqua
1583 209 1643 236 quae
1660 202 1701 229 vel
1713 207 1800 230 terras

176 252 259 272 annos
276 254 283 272 :
299 252 382 280 regno
399 248 488 271 autem
503 243 648 278 praefectus
665 248 706 270 est
726 250 799 270 anno
813 243 962 271 cltaiil'atus

177 290 224 315 Abi
254 290 329 317 Becri
358 289 446 324 primo
473 297 480 316 :
508 289 589 324 idque
610 296 685 315 anno
709 288 816 323 imperii
841 287 961 315 lleraclii

177 334 361 361 Romanorum
379 334 552 369 imperatoris
568 333 724 361 undecimo.

210 381 269 406 Aliu
294 379 396 407 Becrus
421 379 577 406 clialiiatmu
615 380 743 407 obtinens
767 380 870 406 Arabes
896 379 962 406 deii-

178 424 279 452 cientes
309 424 381 450 bello
411 424 577 458 oppugnavit
602 424 689 451 donec
715 424 748 450 ad
777 423 960 451 lslamismum

179 474 389 498 reverterentur.
412 469 476 496 Dein
500 469 649 496 Clialeduin
676 469 734 496 Elin
749 468 839 496 Walid
864 477 963 504 magno

178 515 340 542 instructum
351 515 475 542 exercitu
492 514 613 541 Eracuni
631 515 716 546 misit,
728 515 773 549 qui
790 523 851 542 cum
867 516 892 541 in
910 516 964 543 Mc-

179 560 327 595 sopotauiia
346 565 438 586 castra
464 560 611 594 posuisset,
636 567 796 594 progressos
813 561 847 586 ad
873 561 962 594 ipsum

178 606 297 641 regionis
321 606 395 633 illius
413 606 548 641 primores
572 606 599 632 in
627 606 707 632 fidem
729 606 841 641 recepit,
866 606 963 641 257-

178 652 259 687 259
270 659 361 686 pacem
375 660 436 679 cum
451 652 503 679 illis
515 656 608 686 pactus
621 659 726 679 summa
736 659 906 679 nummorum
920 661 965 679 se-

180 698 301 732 ptuagies
318 697 426 730 millies,
443 697 489 731 qui
514 699 632 732 primum
656 703 734 724 erant
758 698 873 732 vectigal
890 698 963 732 quod

180 744 203 769 in
224 743 307 769 I'Zraco
325 744 444 769 solutum
461 747 512 774 est,
529 751 561 769 ac
579 743 657 777 primi
682 744 785 769 numiui
811 744 856 777 qui
883 752 914 770 ex
932 751 963 770 ea

180 788 320 822 provincia
336 788 367 814 ad
383 788 554 815 Abubecrunt
568 793 760 821 pervenerunt.
774 788 840 816 Dein
856 789 965 822 scripsit

181 834 338 861 Abubecrus
354 833 512 863 Yainanum,
537 834 568 860 Al
583 833 669 869 'l‘.-yil,
696 833 825 865 leeccam,
842 835 964 868 aliaSque

1014 253 1059 272 vcs
1074 254 1127 275 ras.
1141 246 1181 271 vel
1196 246 1352 280 sanguines,
1366 247 1407 272 vel
1418 254 1497 280 opes,
1511 248 1552 274 vel
1566 248 1667 275 liberos
1683 254 1798 281 spectet,

1013 290 1194 326 [initiumque]
1231 291 1298 318 illud
1321 299 1336 317 a
1370 292 1447 319 vobis
1474 293 1657 326 repellamus,
1682 295 1802 328 quandiu

1012 337 1192 363 conl‘edei'ati
1215 337 1295 364 nobis
1321 336 1445 368 fueritis,
1471 338 1553 372 idque
1578 344 1657 373 pacto
1681 348 1694 365 a
1725 341 1802 366 nobis

1015 383 1203 408 conﬁrmatum
1225 382 1387 410 habueritis.
1407 383 1486 416 Quod
1513 383 1536 411 si
1567 384 1730 416 abnueritis,
1749 394 1803 411 non

1013 433 1055 454 est
1079 427 1151 454 inter
1181 434 1230 454 nos
1260 427 1449 464 ξεί-263
1483 433 1510 456 et
1535 437 1584 456 vos
1640 434 1702 458 Iter.
1721 439 1804 464 quain

1014 472 1103 506 gladio
1120 479 1162 498 res
1178 471 1368 506 diiudicanda,
1383 473 1470 500 donec
1493 473 1535 500 vel
1562 480 1657 500 omnes
1670 474 1701 499 ad
1718 482 1803 501 unum

1014 518 1175 549 moriamur,
1190 523 1237 544 aut
1247 519 1321 552 quod
1336 519 1462 546 volumus
1474 526 1489 546 a
1503 519 1579 546 vobis
1591 527 1803 554 consequamur.

1014 562 1149 590 Patricius
1171 571 1238 598 ergo
1255 564 1299 591 ubi
1318 563 1412 591 Ouiari
1438 564 1525 591 Ebnol
1553 565 1599 592 ΑΒί
1617 566 1698 592 verba
1725 565 1804 592 audi-

1015 608 1111 639 visset,
1126 612 1154 635 et
1169 609 1331 643 quantiilam
1348 609 1434 643 ipsius
1447 610 1579 636 rationem
1594 609 1719 641 haberet,
1734 610 1805 636 dixit

1014 652 1162 679 comitibus
1177 653 1236 680 suis
1250 663 1258 680 :
1273 653 1404 688 Suspicor
1427 654 1500 681 hunc
1516 655 1608 689 populi
1627 655 1703 682 illius
1718 655 1804 690 impe-

1015 703 1136 725 ratorem
1154 707 1230 732 esse,
1250 700 1374 733 ipsisque
1398 699 1426 726 in
1450 700 1588 727 mandatis
1605 700 1691 732 dedit,
1714 700 1804 727 utubi

1015 744 1048 770 ad
1067 748 1173 778 portam
1195 744 1273 771 urbis
1288 745 1414 772 exiturus
1437 746 1606 779 perveniret,
1626 745 1727 773 collum
1753 745 1805 780 ipsi

1016 789 1204 824 prisciderent.
1222 789 1284 816 Fuit
1295 795 1385 817 autem
1399 798 1461 817 cum
1478 790 1580 818 Omaro
1594 799 1671 826 puer,
1695 792 1805 818 nomine

1018 834 1147 866 Wardan,
1164 836 1210 869 qui
1225 836 1344 869 linguam
1360 835 1520 863 (inimicam
1536 837 1663 869 callebat,
1677 845 1739 864 cum
1759 845 1805 864 na-

181 881 298 906 Arahuni
314 879 412 912 tribus,
429 887 507 914 opem
528 880 561 906 ab
576 879 643 913 ipsis
661 884 756 913 petens
773 880 807 906 ad
826 879 964 907 Romanos
980 874 1000 901 Β
1016 881 1089 907 tione
1104 880 1216 908 (li-meus
1236 885 1321 908 esset.
1341 882 1463 909 Nan-aus
1488 890 1554 917 ergo
1571 882 1672 909 Omaro
1692 881 1805 909 WarJa-

181 925 386 961 oppugnandos.
395 925 518 960 Cumque
531 926 563 950 ad
577 925 664 960 ipsum
677 926 876 960 pervenissent,
887 925 966 953 Oma-

182 980 240 998 rinn
267 972 353 999 Ebnol
375 971 433 1004 Asi,
459 971 641 1004 Sliarjaliilum
668 971 727 998 Ebn
748 970 858 999 llasnab
875 973 965 999 Abzio-

181 1018 288 1044 baiduin
307 1017 394 1044 Ebnol
412 1016 510 1049 larabi,
527 1015 658 1043 Yazidum
685 1017 743 1044 Ebu
769 1018 820 1044 Abi
843 1017 944 1053 Sofyau
958 1038 966 1050 ,

182 1064 265 1098 copiis
296 1063 448 1091 instructos
486 1063 583 1094 misit,
613 1063 779 1098 imperatore
813 1066 966 1092 constituto

181 1111 279 1136 Umaro
302 1109 388 1137 Ebnol
412 1109 471 1140 Δεῖ,
489 1108 626 1144 jussitqne
645 1110 671 1136 in
698 1109 803 1144 Syriam
822 1117 870 1144 per
896 1110 966 1136 viam

181 1155 235 1182 Ilali
250 1155 373 1186 tendere,
390 1154 416 1181 in
431 1154 565 1183 mandatis
583 1156 652 1181 dans
676 1162 708 1182 uc
723 1156 764 1182 vel
780 1162 873 1182 senem
888 1159 967 1182 :etate

180 1205 347 1234 provectum,
376 1201 415 1226 vel
443 1200 572 1227 infantem
589 1200 789 1232 lnillill't‘HIICill,
805 1202 846 1228 vel
871 1201 966 1228 mulie-

181 1253 236 1272 rem
259 1245 415 1280 quampiam
438 1246 607 1277 occiderent,
636 1246 677 1272 vel
701 1246 827 1272 arborem
852 1246 966 1281 frugife-

182 1299 238 1318 ram
255 1292 443 1326 praeciderent,
463 1291 504 1318 vel
529 1292 617 1318 locum
634 1293 736 1318 cultum
753 1297 903 1324 vastarent,
925 1293 965 1319 vcl

181 1337 296 1370 palmam
312 1338 510 1364 succenderent
532 1343 579 1364 aut
603 1338 790 1369 succiderent,
814 1340 854 1365 vel
876 1346 966 1369 ovem,

182 1383 288 1414 bovem,
311 1386 358 1409 aut
381 1382 486 1409 luedum
508 1381 675 1417 jugulat-ent.
704 1383 743 1409 llli
763 1391 828 1418 ergo
852 1383 966 1418 proiecti

181 1432 243 1455 sunt
261 1428 347 1454 donec
365 1432 453 1454 castra
470 1433 603 1462 penerent
627 1428 652 1454 in
674 1435 744 1462 pago
759 1427 855 1454 Tadtttt
874 1429 961 1460 dicto,

182 1480 241 1507 qua:
260 1481 274 1500 c
295 1473 370 1507 pagis
385 1472 466 1499 Gaza:
479 1477 531 1506 est,
550 1480 602 1508 qua
619 1472 749 1506 llejazum
771 1474 900 1508 respicit;
921 1475 966 1502 ubi

182 1519 214 1546 ad
229 1519 303 1552 ipsos
317 1519 436 1544 delatum
458 1523 500 1545 est
524 1519 648 1544 nuntium
673 1518 795 1544 ilcraclii
823 1521 962 1546 exercitus
980 1537 1001 1565 ε

182 1563 210 1590 in
226 1564 291 1590 urbe
307 1563 399 1590 Gazah
416 1568 598 1597 congregatos
618 1563 713 1590 fuisse.
734 1563 875 1590 Heraclius
892 1567 964 1591 enim

182 1611 208 1636 id
240 1610 371 1643 temporis
395 1608 520 1635 Damasci
547 1608 609 1635 fuit.
644 1608 762 1643 Scripsit
790 1618 855 1645 ergo
883 1610 967 1638 Omar

183 1655 267 1681 Lbuol
280 1655 324 1681 Asi
347 1654 381 1680 ad
399 1653 457 1680 Abu
477 1653 592 1680 Det-rum
611 1661 690 1688 opem
710 1657 743 1680 ab
762 1656 821 1689 ipso
839 1657 965 1690 petitum,

183 1702 324 1735 ipsumque
345 1700 486 1726 certiorem
503 1699 579 1730 fecit,
593 1699 619 1727 in
637 1707 721 1726 unum
733 1701 897 1728 convenisse
914 1701 966 1728 lie-

183 1745 258 1771 iactil
287 1745 391 1779 copias.
407 1745 466 1770 Abu
480 1743 581 1771 Becrus
597 1744 679 1778 igitur
695 1745 728 1772 ad
742 1744 891 1773 Cbaledum
908 1746 966 1774 Ebn

184 1790 273 1817 Walid
299 1790 422 1825 scripsit,
440 1795 468 1816 ut
487 1790 544 1824 ipse
563 1798 625 1816 cum
642 1791 729 1826 copiis
755 1792 813 1819 suis
835 1793 869 1819 ad
885 1794 968 1820 Oma-

184 1845 242 1863 rum
264 1835 350 1863 Ebnol
372 1836 418 1863 Asi
442 1836 674 1870 proﬁcisceretur,
692 1845 747 1872 quo
771 1837 893 1866 subsidio
916 1839 967 1874 ipsi

183 1888 263 1910 esset.
289 1883 432 1910 Proiectus
446 1883 527 1919 260
547 1891 613 1919 ergo
636 1884 738 1912 Clialcd
762 1885 820 1912 Ebu
845 1884 933 1912 Walitl
952 1894 966 1912 a

184 1931 275 1957 lazrab
298 1937 345 1964 per
373 1929 443 1956 tiam
466 1931 565 1956 deserti
590 1930 624 1956 ad
650 1929 779 1958 Omarum
800 1931 897 1964 ,Ebnol
920 1932 966 1959 Asi

184 1977 316 2010 pervenit.
343 1976 434 2010 Cophe
451 1980 542 2002 autem
562 1976 678 2003 Ileraclii
702 1985 732 2003 se
747 1977 826 2004 Gaza:
843 1979 969 2006 munive-

184 2026 255 2048 rant.
275 2021 342 2047 Cum
362 2028 426 2055 ergo
451 2020 552 2047 Gazam
575 2021 757 2048 accessisseut
780 2023 853 2050 misit
880 2023 968 2050 Patri-

184 2068 252 2100 cius,
269 2068 402 2094 exercitui
429 2067 545 2093 lleraclii
565 2067 722 2101 praefectus,
742 2068 775 2094 ad
792 2067 968 2095 Muslemino-

184 2120 242 2138 rum
261 2111 422 2142 exercitum,
441 2117 540 2146 rogans
555 2114 586 2137 ut
607 2112 639 2137 ad
659 2111 747 2146 ipsum
768 2111 864 2139 ducem
882 2121 897 2139 e
911 2114 969 2140 suis

184 2158 337 2192 quempiam
372 2157 513 2184 mitterent
543 2164 598 2191 quo
634 2157 804 2184 internuntio
832 2163 967 2186 uteretur.

1017 933 1069 952 nus
1091 926 1156 960 quid
1172 927 1314 959 audierat;
1334 928 1412 958 Dolo,
1431 928 1531 962 inquit,
1561 932 1637 955 utere
1659 936 1715 962 quo
1727 935 1806 962 egre-

1016 972 1110 998 diaris.
1129 972 1242 999 Dicente
1266 973 1350 1006 igitur
1371 973 1485 1007 patricio
1502 973 1603 1000 Omaro
1621 974 1707 1001 Ebnol
1733 975 1780 1001 Asi
1798 981 1808 1000 ι

1016 1017 1100 1044 Estne
1123 1018 1194 1044 inter
1215 1019 1304 1045 socios
1324 1022 1385 1046 tuos
1407 1019 1454 1054 qui
1480 1019 1528 1046 tibi
1559 1027 1606 1053 par
1630 1021 1667 1046 sit
1688 1020 1808 1055 aliquis?

1017 1062 1167 1097 Respondit
1178 1063 1259 1091 Oritur
1277 1073 1283 1091 :
1302 1065 1366 1092 Sum
1380 1073 1430 1100 ego
1451 1074 1466 1092 e
1477 1065 1624 1093 comitibus
1636 1065 1703 1093 meis
1716 1065 1810 1101 lingua

1017 1108 1135 1135 maxime
1152 1110 1238 1141 rudis,
1253 1114 1279 1136 et
1296 1110 1412 1137 consilio
1438 1110 1552 1137 minime
1578 1111 1694 1145 pollens,
1719 1111 1808 1145 siqui-

1015 1152 1077 1180 dem
1100 1154 1157 1188 ipse
1181 1162 1234 1182 non
1257 1155 1326 1182 alius
1345 1164 1405 1183 sum
1433 1163 1516 1190 quam
1544 1157 1661 1191 legatus,
1678 1156 1725 1191 qui
1740 1156 1808 1192 quid

1017 1198 1056 1224 illi
1082 1198 1147 1224 mihi
1165 1199 1294 1226 dixerunt
1319 1201 1353 1227 ad
1380 1204 1406 1227 te
1426 1201 1585 1235 pertulerim
1603 1209 1610 1228 :
1627 1207 1692 1228 sunt
1715 1207 1809 1228 autem

1017 1243 1108 1269 decem
1126 1243 1174 1269 viri
1190 1251 1232 1270 me
1244 1245 1458 1278 praestantiores,
1474 1246 1520 1279 qni
1532 1247 1681 1272 exercitum
1697 1251 1809 1281 regunt,

1017 1295 1049 1315 ac
1064 1288 1209 1316 voluerunt
1222 1289 1332 1323 quidem
1353 1290 1410 1324 ipsa
1428 1298 1482 1316 una
1507 1298 1613 1317 mecum
1629 1291 1663 1317 ad
1686 1295 1712 1318 te
1727 1299 1808 1317 acce-

1017 1333 1093 1365 tlerc,
1107 1333 1157 1360 nisi
1171 1334 1243 1367 quod
1266 1341 1307 1360 me
1333 1335 1469 1367 miserint,
1488 1335 1596 1369 utquid
1618 1334 1744 1363 dicturus
1769 1336 1810 1363 sis

1017 1376 1124 1404 audiant
1142 1386 1149 1404 :
1166 1377 1238 1412 quod
1254 1378 1276 1404 si
1293 1378 1340 1404 tibi
1365 1380 1453 1406 visum
1478 1378 1559 1406 fuerit
1586 1383 1615 1406 ut
1632 1380 1708 1414 ipsos
1719 1381 1808 1408 addit-

1017 1429 1087 1454 cam,
1107 1431 1161 1457 quo
1176 1430 1271 1450 eorum
1285 1424 1367 1451 verba
1382 1425 1491 1456 audias,
1512 1426 1639 1460 sciasque
1654 1434 1698 1453 me
1714 1434 1808 1454 verum

1018 1468 1065 1495 tibi
1086 1467 1199 1501 dixisse,
1225 1469 1277 1496 hoc
1302 1469 1403 1496 iecero.
1433 1471 1482 1497 Cui
1515 1472 1646 1504 patricius
1669 1479 1677 1498 :
1702 1471 1811 1504 Facias,

1018 1514 1117 1548 inquit.
1139 1513 1237 1541 Secum
1255 1515 1326 1542 enim
1353 1519 1448 1542 mente
1468 1517 1598 1550 cogitavit
1621 1517 1744 1551 dixitque
1762 1526 1810 1551 pa-

1023 1559 1119 1585 tricius
1138 1567 1144 1585 :
1161 1558 1254 1585 Satius
1269 1564 1310 1586 est
1326 1560 1392 1585 mihi
1414 1564 1443 1586 ut
1458 1559 1550 1593 plures
1567 1568 1649 1594 quam
1673 1565 1703 1587 ut
1726 1569 1810 1589 unum

1022 1603 1192 1631 interﬁciant.
1214 1603 1286 1630 Misit
1301 1612 1365 1639 ergo
1375 1605 1408 1631 ad
1426 1605 1489 1632 illos
1504 1613 1572 1640 quos
1592 1606 1712 1641 jusserat
1725 1607 1811 1634 inter-

1022 1650 1103 1678 ﬁcere
1117 1649 1198 1685 264
1214 1649 1359 1682 Omarum,
1375 1657 1408 1678 ne
1422 1650 1512 1685 ipsum
1531 1655 1619 1678 morte
1632 1651 1721 1678 allow
1738 1655 1811 1679 llllio

1021 1697 1169 1730 allicerent,
1187 1705 1301 1732 sperans
1314 1704 1473 1725 accessuros
1488 1699 1582 1725 decem
1594 1699 1681 1733 ipsius
1691 1700 1808 1726 comites

1021 1751 1076 1779 quo
1106 1743 1180 1778 ipsos
1206 1751 1222 1771 e
1256 1743 1346 1770 medio
1371 1744 1491 1772 tolleret.
1521 1743 1604 1771 Omar
1631 1752 1697 1780 ergo
1733 1751 1811 1780 porta

1021 1798 1147 1825 egressus
1167 1790 1249 1817 sociis
1262 1790 1320 1817 suis
1338 1789 1476 1824 quomodo
1495 1797 1526 1816 se
1542 1797 1585 1817 res
1598 1790 1710 1818 haberet
1746 1799 1811 1818 uar-

1022 1835 1177 1870 raus:Ego
1201 1835 1312 1869 (inquit)
1335 1842 1474 1868 nunquam
1506 1834 1539 1861 ad
1564 1835 1645 1862 talem
1677 1841 1812 1862 revertar.

1023 1881 1103 1912 Tum,
1120 1880 1191 1908 Deus
1204 1880 1339 1906 tnaximus
1355 1885 1407 1910 est.
1436 1880 1608 1912 exclamavit,
1624 1888 1656 1907 ac
1677 1882 1813 1914 prodeun-

1023 1927 1095 1954 tibus
1110 1927 1238 1953 ltonianis
1253 1926 1373 1960 pratlium
1392 1925 1463 1952 inter
1478 1925 1552 1960 ipsos
1568 1927 1745 1955 commissum
1757 1932 1815 1960 est,

1023 1973 1050 2000 iii
1065 1980 1118 2006 quo
1133 1971 1220 1998 versis
1245 1972 1272 1997 in
1300 1971 1392 2005 l'ugain
1419 1970 1550 1998 Romanis
1575 1979 1700 2006 magnam
1714 1980 1815 2000 eorum.

1023 2024 1139 2051 stragem
1167 2016 1261 2047 edidit,
1285 2023 1404 2050 quorum
1433 2017 1547 2050 vestigia
1571 2017 1687 2044 insecuti
1714 2018 1812 2045 Mosle-

1023 2063 1088 2090 mini
1115 2063 1189 2096 ipsos
1212 2062 1355 2089 Palaestina
1381 2067 1408 2089 et
1423 2061 1553 2090 Ordouno
1581 2062 1767 2098 Hierosolyma
1784 2069 1815 2092 et

1023 2109 1175 2136 Caesaream
1191 2108 1336 2142 fugarunt;
1354 2108 1380 2135 in
1396 2109 1497 2143 quibus
1514 2116 1577 2136 cum
1592 2117 1621 2136 se
1633 2111 1812 2137 munivissent

1024 2155 1148 2182 homines
1166 2154 1228 2181 illos
1255 2153 1436 2188 reliquerunt,
1452 2154 1478 2181 in
1495 2159 1587 2189 partes
1609 2155 1731 2182 Bathniae
1752 2160 1811 2188 ten-

185 2202 257 2229 Dixit
282 2203 363 2238 igitur
390 2202 483 2229 Clialiil
505 2201 606 2229 Oniaro
633 2202 720 2229 Ebnol
747 2203 792 2230 Asi
812 2203 923 2231 :Adcas
939 2210 965 2231 tu
983 2211 1006 2238 υ
1022 2200 1128 2232 dentes.
1144 2206 1230 2234 eaque
1249 2199 1281 2227 de
1299 2207 1328 2226 re
1346 2199 1451 2227 litteras
1467 2199 1500 2227 ad
1524 2199 1583 2226 Abu
1598 2199 1716 2227 Becnmt
1741 2201 1813 2228 scri-

185 2249 283 2283 ipsum.
301 2247 443 2275 Profectus
466 2248 549 2282 igitur
572 2246 690 2275 Oinarus
704 2253 797 2282 aperta
826 2250 877 2284 ipsi
891 2249 968 2276 Gala:

185 2298 260 2328 porta
278 2295 418 2328 ingressus
434 2297 486 2324 est,
501 2301 582 2327 quem
598 2293 748 2326 Patricius,
763 2294 809 2321 ubi
826 2295 859 2321 ad
878 2295 966 2329 ipsum

186 2339 364 2374 pervenisset,
390 2338 531 2370 salutavit,
556 2338 618 2364 dein
644 2338 714 2365 dixit
738 2338 788 2373 ipsi
809 2347 816 2365 :
837 2340 907 2371 Quid
930 2346 970 2366 est

185 2383 256 2417 quod
281 2383 370 2410 vusiu
395 2384 533 2417 regionem
557 2388 679 2409 nostram
705 2383 835 2417 adduxit,
859 2389 886 2412 et
905 2384 971 2419 quid

170 2442 176 2466 χ
186 2428 295 2455 tandem
311 2427 412 2454 vultis?
427 2427 578 2462 Respondit
598 2427 682 2455 Omar
699 2427 784 2456 Ebnol
800 2430 846 2456 Asi
863 2438 869 2457 :
884 2428 972 2457 Iussit

171 2485 174 2487 ·
188 2481 238 2501 nos
258 2474 390 2500 Dominus
407 2477 502 2501 noster
515 2481 564 2500 vos
580 2480 749 2508 oppugnare,
774 2474 827 2501 nisi
849 2475 891 2501 vel
908 2475 972 2501 reli—

169 2513 293 2553 lgioucm
314 2523 435 2546 nostrain
454 2518 660 2552 aniplcctamiui
675 2526 731 2554 quo
750 2519 826 2547 vobis
851 2521 886 2547 sit
898 2519 971 2554 quod

187 2565 275 2596 uobis,
291 2568 318 2591 et
333 2567 429 2591 contra
443 2570 490 2590 vos
508 2563 580 2597 quod
595 2567 692 2590 contra
710 2571 771 2594 nos,
785 2563 900 2598 sitisque
918 2563 972 2590 fra-

187 2617 242 2637 tres
262 2611 359 2642 nostri,
374 2613 403 2637 ut
416 2617 466 2636 nec
482 2609 567 2636 liceat
582 2609 663 2643 nobis
678 2609 757 2639 vobis
780 2610 910 2638 daumum
929 2611 971 2637 iii-

187 2656 267 2687 ferre,
284 2660 332 2682 aut
349 2655 506 2682 contrarios
530 2662 591 2683 esse
604 2673 612 2687 ,
628 2655 669 2682 vel
686 2655 710 2682 si
728 2656 781 2683 hoc
797 2655 902 2687 nolitis,
921 2656 972 2682 Iri-

187 2702 294 2728 butum?
308 2702 340 2728 de
355 2709 410 2735 quo
430 2702 500 2728 inter
515 2708 565 2732 nos
580 2704 606 2727 et
630 2708 679 2728 vos
694 2701 866 2734 convenerit,
894 2701 972 2728 nobis

187 2747 334 2782 quotannis
350 2748 377 2774 in
400 2751 560 2782 perpetuum
574 2747 696 2782 quandiu
721 2747 884 2782 superstites
903 2749 972 2774 utri-

187 2801 240 2827 que
264 2793 410 2825 fuerimus,
433 2792 578 2828 pendatis;
594 2799 648 2828 quo
669 2801 860 2828 oppugnemus
888 2794 972 2821 vestri

186 2844 269 2874 causa
293 2846 389 2867 omnes
412 2838 458 2873 qui
476 2843 525 2866 vos
540 2837 663 2873 aggressi
686 2837 800 2872 fuerint,
822 2842 870 2866 aut
894 2838 972 2867 vobis

1021 2250 1153 2280 pserunt:
1174 2249 1200 2272 at
1216 2252 1278 2272 cum
1297 2245 1331 2272 ad
1348 2245 1435 2280 ipsum
1454 2245 1593 2272 adveniret
1613 2246 1808 2281 nuntius,ipse

1020 2291 1075 2318 vita
1090 2294 1259 2323 excesserat,
1276 2290 1377 2317 Omaro
1403 2290 1483 2317 Ebnil
1504 2291 1619 2318 Clietabi
1647 2299 1812 2319 successore

1021 2336 1183 2368 constituto,
1208 2336 1269 2363 Abu
1282 2335 1382 2363 Becrus
1401 2336 1539 2370 siquidem
1565 2341 1700 2372 aegrotans
1726 2341 1813 2364 testa-

1021 2386 1112 2408 mento
1126 2380 1256 2408 Oinarum
1271 2381 1350 2408 Ebnil
1364 2381 1477 2408 Cbetabi
1494 2382 1656 2416 designavit.
1671 2382 1813 2417 Scriptum

1021 2432 1111 2454 autem
1124 2430 1183 2453 erat
1195 2431 1386 2454 testamentum
1403 2434 1483 2454 manu
1496 2428 1624 2454 0thmaui
1638 2428 1696 2455 Ebn
1707 2427 1811 2455 Aﬂani.

1022 2470 1159 2499 ObiitAbu
1171 2471 1237 2499 Becr
1251 2471 1295 2498 die
1308 2472 1460 2506 penultimo
1475 2472 1576 2500 mensis
1589 2473 1706 2500 [0mm
1719 2478 1812 2506 poste-
1826 2503 1828 2505 ,

1023 2517 1117 2549 rioris,
1131 2517 1197 2544 anni
1221 2516 1308 2544 lleirie
1323 2517 1422 2544 decimi
1450 2518 1523 2545 tertii
1541 2526 1548 2544 :
1564 2519 1654 2545 oravit
1678 2526 1729 2553 pro
1752 2519 1814 2553 ipso

1023 2563 1107 2590 Omar
1123 2563 1208 2590 Ebnol
1226 2563 1358 2596 Clietabi;
1385 2564 1508 2598 sepultus
1530 2568 1572 2591 est
1587 2564 1614 2590 in
1628 2564 1725 2591 iisdem
1746 2566 1811 2591 aui-

1023 2610 1074 2637 bus
1093 2609 1192 2644 quibus
1212 2608 1394 2636 Moliammed.
1412 2608 1477 2636 Fuit
1501 2609 1647 2637 cliallfatus
1659 2610 1747 2644 ipsius
1766 2619 1814 2636 an-

1024 2663 1121 2683 norum
1145 2655 1274 2687 duorum,
1299 2655 1434 2682 mensium
1461 2655 1555 2687 trium,
1577 2655 1685 2683 dierum
1716 2657 1815 2690 viginti

1024 2703 1151 2731 duorum.
1181 2701 1218 2728 Eo
1236 2707 1292 2735 quo
1318 2704 1442 2728 mortuus
1464 2705 1507 2728 est
1533 2700 1578 2728 die
1601 2707 1736 2728 annorum
1763 2701 1813 2727 {nit

1025 2747 1168 2781 sexaginta
1187 2746 1280 2772 trium.
1300 2745 1362 2772 Fuit
1387 2750 1478 2772 autem
1498 2745 1559 2772 Abu
1587 2745 1690 2772 Becrus
1714 2752 1812 2779 procc-

1024 2800 1083 2825 rus,
1099 2792 1242 2823 candidus,
1260 2792 1379 2819 candore
1401 2795 1494 2818 tamen
1511 2792 1545 2818 ad
1569 2790 1730 2819 ﬂavedlneni
1746 2798 1812 2818 ver-

1024 2842 1115 2874 gente,
1131 2837 1314 2876 .Inacilentus,
1330 2836 1500 2874 mystaciltus
1523 2836 1605 2874 raris,
1622 2835 1694 2865 facta
1719 2843 1815 2864 macra
