2014 3082
241 153 310 181 1095

749 150 932 182 EUTYCHH
956 149 1223 180 ALEXANDRINI
1244 150 1353 179 PATR.

1789 145 1855 176 1096

237 207 415 244 265-267
439 209 526 237 Oculis
562 210 782 240 subsidentibus,
807 208 918 235 barliam
943 215 1019 235 suam
1036 212 1058 239 Α
1073 208 1194 235 narravit
1216 208 1282 242 ipsis
1296 206 1361 242 qttid
1385 206 1435 233 sibi
1454 205 1612 240 contigisset
1632 205 1746 239 ejusque
1769 204 1855 231 histo-

239 255 321 281 liinna
336 259 362 280 ct
385 261 489 281 eetamo
513 249 616 289 tingere
640 255 748 286 solitus,
769 262 831 280 raro
854 259 1021 289 legtiientutii

237 297 288 324 sibi
323 298 465 325 astrictum
489 299 622 326 retinens.
645 298 823 326 Consiliarius
849 299 935 332 ipsius
959 303 1019 325 erat

239 342 295 368 Abu
316 341 425 369 Kaliafa:
447 342 575 369 Alsnidus
596 343 722 377 janitoris
750 351 862 370 munere
886 343 936 377 ipsi
959 343 1020 369 fun-

239 391 349 421 getiatur
361 395 458 414 servus
477 388 563 421 ipsius
578 387 673 414 Saditl.

380 432 530 466 Cltalifatus
555 433 648 460 Ontari
664 433 740 460 Ebnil
757 433 879 461 Clielabi.

275 477 443 504 Chalifatum
483 479 599 505 obtitiuit
636 479 717 506 Omar
751 480 859 514 (Ebno-l
895 479 1019 510 Clit-tabi,

238 523 293 550 Ebti
309 523 484 556 No!ail,'Ebn
499 524 578 551 Abdil
596 525 666 561 azis,
686 524 743 551 Elui
768 525 865 560 Riyali,
878 525 934 552 Ebti
952 525 1018 556 Atla,

238 569 293 595 l-Lbn
314 569 397 601 Caab,
414 571 456 596 cui
484 574 569 596 iiiater
585 570 635 596 fuit
657 569 781 597 Catliitiia
813 571 864 596 [ilia
890 569 1018 596 ilasliami

237 615 325 642 libiti-l
341 613 503 651 Mogayarm,
519 615 576 643 Ebti
595 616 740 647 Abulillabi,
767 616 824 642 Ebn
839 615 941 647 Oniari,
961 616 1018 642 Ebtt

238 661 388 695 lliaelizuni)
403 661 446 688 die.
462 661 555 689 Martis
579 662 673 689 eodem
698 670 752 696 quo
767 666 890 688 ttiortuns
905 667 946 688 est
958 662 1017 688 Abit

238 706 313 738 Becr,
349 707 429 741 idque
456 715 527 733 anno
555 708 660 742 imperii
692 707 807 734 lleraclii
847 707 1018 742 imperatoris

238 753 427 780 Romanorum
444 754 552 780 decimo
579 754 669 784 tertio,
692 753 769 780 initio
797 753 941 780 clialilatus
959 754 1017 786 cjtts

237 798 400 825 constitutus
414 802 455 824 est
473 798 607 831 Georgius
634 797 789 832 patriarcha
800 797 1015 826 Alexanihinus;

237 840 280 875 qui
299 846 415 875 quatuor
426 849 512 868 annos
529 841 611 871 sedit,
640 841 701 867 dein
730 841 821 867 audito
844 840 1017 867 Mosleminos

238 886 353 913 devictis
374 885 504 913 Romanis
533 886 702 913 l‘alazstinani
726 894 875 920 occupasse
894 886 1018 913 eosdeiii-
1034 876 1054 902 Β

239 938 291 965 quc
305 931 451 966 A'gyptum
465 931 585 962 tendere,
611 931 679 958 mari
709 939 738 958 se
758 931 933 958 committens
959 931 1021 957 Ale-

240 977 351 1003 xandria
368 976 537 1004 l‘ala-stinam
568 977 647 1012 fugit,
662 969 816 1011 mansitque
844 981 905 1010 post
933 977 1020 1010 ipsum

240 1023 368 1050 cathedra
386 1022 570 1050 Alexandrina
600 1024 704 1057 absque
724 1024 878 1057 patriarcha
897 1022 1022 1049 lllelcliita

241 1076 323 1095 iiinos
338 1069 486 1103 nonaginta
506 1073 622 1103 septeni.
639 1068 704 1095 Post
731 1068 818 1102 ipsius
844 1075 910 1094 vero
932 1067 1020 1102 fugant

238 1114 406 1142 constitutus
431 1118 474 1142 est
504 1115 593 1150 Cyrus
629 1113 784 1149 patriarcha
803 1113 1016 1142 Alexandrinus,

237 1161 429 1195 qniMarOnita
452 1161 515 1193 fuit,
531 1161 652 1195 ejusdem
674 1168 736 1187 cutn
765 1158 889 1186 Heraclio
915 1159 1022 1193 religio-

239 1207 293 1234 itis.
309 1205 372 1234 Fuit
399 1212 489 1234 autent
520 1206 692 1233 Alexandrire
727 1205 877 1232 monachus
907 1205 1018 1239 quidam

238 1253 347 1279 nomine
359 1252 529 1286 Soplironius
561 1252 605 1286 qui
627 1252 690 1286 Cyri
727 1251 888 1285 patriarcha:
918 1250 1022 1276 doclri-

238 1305 298 1324 nam
313 1297 486 1332 improbavit.
502 1297 629 1325 Assetttit
648 1297 734 1332 Cyrus
753 1304 813 1323 esse
836 1295 951 1322 Domitio
974 1303 1023 1322 no-

239 1348 297 1371 stro
315 1344 426 1370 Christo
440 1348 552 1370 naturas
566 1343 644 1374 duas,
670 1343 836 1369 voluntatem
849 1349 941 1374 unam,
960 1349 1024 1376 ope-

239 1389 370 1415 rationem
385 1396 479 1420 utiatn,
500 1396 643 1421 personant
658 1395 753 1420 unam,
776 1395 836 1422 qua:
861 1392 901 1414 est
920 1387 1021 1414 Maroni

238 1434 383 1461 sententia.
393 1433 619 1469 268Acccdens
628 1441 692 1468 ergo
704 1433 875 1468 Soplirotiius
883 1433 1020 1468 adCyrunt

241 1481 438 1514 patriarchani,
465 1488 525 1507 cum
559 1477 620 1515 ipso
649 1480 834 1514 disputatione
853 1480 957 1512 habita,
981 1479 1021 1511 Si,

239 1525 338 1560 inquit,
353 1525 389 1552 ita
405 1533 448 1552 res
465 1525 577 1552 haberet.
590 1528 726 1559 quomodo
744 1529 772 1550 tu
794 1525 905 1556 asscris,
936 1529 1022 1551 essct—
1035 1542 1055 1569 ε

247 1577 301 1604 que
317 1570 427 1598 Christo
444 1570 568 1597 voluntas
583 1578 608 1596 ui
621 1577 647 1603 a,
676 1569 798 1604 operatio
814 1577 878 1602 utia,
896 1575 1020 1595 necessa-

239 1617 280 1643 rio
293 1621 364 1643 esset
377 1615 427 1650 ipsi
446 1620 542 1642 natura
563 1623 628 1647 una,
656 1622 710 1642 non
738 1616 797 1642 dua:
816 1621 926 1645 natura,
945 1615 1018 1649 quod

239 1664 366 1687 asserunt
393 1660 536 1686 Jacabitm.
556 1659 590 1686 At
623 1667 673 1686 nos
705 1660 730 1686 ei
756 1660 823 1686 duas
855 1660 1018 1691 voluntates,

239 1704 360 1738 duasque
376 1705 559 1738 oper-titiones,
579 1709 659 1738 prout
675 1705 803 1739 sttntipsi
823 1705 883 1731 dua:
907 1708 1019 1734 naturae,

239 1750 423 1781 attribuittius,
437 1758 500 1777 cum
515 1750 684 1784 iinposdbile
710 1751 756 1782 sil,
786 1755 816 1776 ut
839 1752 874 1777 sit
894 1750 1020 1777 voluntas

239 1803 289 1822 una
307 1795 375 1823 duas
390 1796 499 1823 habenti
517 1801 641 1822 naturas.
662 1795 689 1822 Si
708 1795 813 1822 unicam
837 1796 949 1822 haberet
974 1804 1020 1823 vo-

239 1841 381 1872 luntatem,
400 1845 473 1867 certe
485 1844 511 1867 et
535 1840 641 1866 unicam
669 1841 779 1866 haberet
795 1844 930 1867 naturam.
951 1840 1018 1868 Cum

239 1891 301 1918 ergo
317 1883 387 1911 duas
408 1884 506 1911 habeat
519 1889 642 1916 naturas,
669 1885 736 1921 duas
758 1885 840 1911 etiam
867 1885 948 1912 habet
971 1893 1020 1911 vo-

239 1934 366 1957 luntates.
382 1929 431 1956 Cui
447 1930 555 1965 Cyrus‘.
574 1929 641 1957 Tatii
667 1930 827 1957 Theodorus
841 1929 891 1966 (at.
909 1930 1019 1966 llorius]

239 1978 336 2008 inquit,
353 1975 509 2008 patriarcha
521 1973 599 2001 Boni.
617 1983 698 2008 qtiatti
724 1974 836 2009 Sergius
863 1975 1014 2002 Constanti-

240 2020 416 2054 nopolitanus
432 2020 457 2046 in
473 2019 542 2046 hanc
556 2021 717 2046 sententiam
738 2020 938 2053 conspiratum.
954 2020 1021 2047 Pro-

239 2065 325 2094 iectus
341 2073 405 2100 ergo
435 2066 607 2100 Sophronias
629 2065 905 2100 Constantinopolim,
923 2074 1020 2092 occur-

239 2112 308 2138 renti
320 2111 356 2138 ibi
374 2111 425 2145 ipsi
441 2110 536 2145 Sergio
563 2110 725 2144 patriarcha:
757 2112 877 2137 narravit
895 2112 959 2145 quid
979 2112 1021 2138 iti-

239 2162 278 2182 Ier
293 2162 322 2183 se
332 2162 364 2182 ac
380 2155 480 2189 Cyrum
506 2155 688 2188 patriarcliam
706 2154 921 2182 Alexandrinum
937 2156 1021 2182 inter-

239 2201 379 2228 cessisset.
403 2200 483 2232 Quod
507 2200 622 2226 miratus
649 2203 690 2227 est
721 2199 833 2235 Sergius
866 2202 1018 2235 patriarcha
1035 2208 1056 2236 ο

239 2245 554 2280 Constantinopolitanus
583 2253 589 2272 :
626 2250 654 2272 at
683 2253 746 2273 cum
771 2251 832 2279 post
858 2247 968 2274 biduum
985 2249 1018 2276 ad

238 2293 327 2327 ipsum
340 2299 355 2318 a
370 2291 442 2326 Cyro
457 2291 546 2318 delata
561 2295 654 2318 essent
676 2299 800 2323 tnunera,
824 2297 927 2320 mutata
956 2301 1018 2320 sen-

239 2339 321 2365 tentia
331 2345 393 2370 sua,
406 2337 540 2365 adversus
554 2337 707 2372 Sopltronio
723 2338 814 2364 factus
825 2338 851 2364 iii
880 2339 939 2373 (Zyri
958 2347 1019 2365 scn-

239 2383 351 2411 tcntiatu
371 2383 449 2410 abiit.
479 2382 640 2410 Theodorus
670 2383 751 2409 etiam
786 2384 939 2417 patriarcha
966 2384 1020 2410 lio-

239 2437 334 2456 nianus
345 2435 473 2464 perverso
486 2429 619 2460 sentiens,
635 2428 703 2462 ipsis
727 2436 870 2456 assensum
894 2430 1018 2463 praibuit,

239 2482 363 2503 asserens
392 2479 518 2501 naturain
553 2474 638 2501 solani
662 2473 765 2501 Christi
790 2475 925 2510 duplicem
946 2484 1017 2503 esse.

238 2522 312 2554 Quod
339 2511 499 2554 improbans
529 2520 699 2554 Sophronias
718 2520 813 2547 :ilaud
844 2522 891 2552 ita,
920 2522 1017 2556 inquit,

237 2577 277 2595 res
292 2573 346 2595 est.
361 2566 502 2602 Siquidem
520 2567 647 2601 qualibet
677 2574 729 2600 res,
755 2566 795 2603 [in
816 2567 887 2603 ipso]
919 2568 1019 2602 duplex

238 2619 273 2641 est
293 2613 344 2641 nisi
354 2613 425 2648 quod
437 2613 470 2640 ad
488 2619 630 2646 personam
646 2613 771 2646 pertinet.
786 2613 848 2640 Dein
866 2614 994 2640 dixerunt
1011 2623 1018 2640 ε

239 2659 287 2686 Nec
303 2659 370 2685 duas
379 2658 530 2685 voluntates
540 2657 666 2688 dicimus,
678 2665 726 2684 iiec
739 2657 902 2685 voluntatem
916 2667 996 2685 uitam
1010 2668 1016 2685 :

237 2703 393 2737 mansitque
408 2703 543 2730 sententia
559 2702 687 2729 Ecclesia:
702 2704 781 2729 antiis
797 2703 906 2730 circiter
925 2703 1020 2739 269-

239 2750 314 2784 271
329 2749 508 2784 quadraginta
523 2756 572 2775 sex
591 2748 723 2775 indecisa.
751 2748 816 2776 Dein
847 2749 1019 2785 Sopltronitts

239 2794 470 2828 Constantinopoli
479 2794 663 2829 Hierosolyma
672 2795 842 2829 perveniens,
853 2797 960 2824 obviam
969 2798 1019 2832 ipsi

238 2841 315 2868 laetis
331 2839 473 2867 monachis
487 2840 618 2874 urbisque
630 2839 888 2877 ilierosolymitanai
907 2844 1017 2877 incolis,

1075 256 1141 280 riam
1174 254 1310 288 exposuit.
1343 252 1466 286 Cumque
1492 259 1545 278 non
1573 249 1855 284 essetllierosolymis

1074 299 1241 334 patriarcha,
1281 298 1388 324 muneri
1426 296 1599 332 patriarcliali
1635 294 1780 329 prtefectns
1813 298 1856 319 est

1074 345 1244 378 Sophronius
1261 344 1296 370 ob
1311 343 1370 370 ﬁdei
1386 351 1442 370 sua:
1461 342 1647 369 sinceritatem
1665 348 1674 368 ξ
1690 340 1855 373 scripsitque

1072 391 1105 418 de
1126 391 1177 417 [ide
1194 391 1409 424 libellttniquetn
1442 388 1468 415 in
1495 395 1589 414 omnes
1615 387 1740 421 regiones
1769 384 1854 416 misit,

1073 443 1268 470 acceptumque
1301 436 1457 463 habuerunt
1488 433 1595 470 [totius]
1625 432 1717 459 mundi
1748 430 1856 461 incolae,

1072 482 1163 516 ibique
1191 489 1262 508 anno
1284 482 1430 509 rlialil'atns
1460 480 1551 508 Oniaii
1578 479 1655 506 Ebnil
1676 477 1788 504 Clictabi
1811 483 1858 502 se-

1070 529 1171 555 cundo.
1188 528 1264 555 Anno
1280 529 1425 555 chalifatus
1440 527 1562 562 ejusdem
1578 525 1673 559 qtiinto
1686 522 1854 550 constitutus

1070 578 1111 599 est
1135 573 1309 600 Macedonius
1337 573 1491 608 patriarcha
1519 571 1705 597 Antiochenus
1731 569 1757 594 iti
1786 567 1855 593 urbe

1070 618 1389 652 Constatitinopolitana,
1406 619 1451 652 qui
1469 616 1599 642 Maronita
1618 615 1677 641 fuit.
1697 611 1855 640 Ceiistanti-

1070 663 1160 697 nopoli
1181 671 1227 690 sex
1252 671 1337 690 annos
1360 663 1499 692 substitit,
1520 662 1582 688 dein
1600 669 1614 687 e
1636 659 1703 686 vivis
1723 657 1854 689 excessit,

1070 717 1215 745 antequam
1241 711 1412 738 Antiochiam
1434 710 1474 736 vel
1500 709 1640 742 ingressus
1665 711 1736 732 esset
1752 705 1792 730 vel
1813 703 1854 730 vi-

1069 757 1162 783 (lissi-t.

1068 811 1071 819 “
1105 803 1182 828 Anno
1201 802 1346 828 cltalilatus
1362 801 1453 827 Oniari
1471 799 1549 826 Ebnil
1567 799 1678 826 Clieta‘ai
1698 801 1787 829 sexto,
1805 797 1857 823 im-

1070 848 1137 882 perii
1155 854 1218 874 vero
1240 846 1358 873 lleraclii
1382 846 1487 873 decimo
1509 850 1614 876 octavo,
1633 844 1797 870 constitutus
1813 845 1856 867 est

1074 893 1159 929 Syrus
1175 892 1329 927 patriarcha
1348 890 1681 925 Constantinopolitanns,
1699 888 1745 923 qui
1759 893 1786 914 et
1800 886 1858 913 Ma-

1073 939 1161 965 t‘ouita
1185 938 1246 965 fuit.
1264 939 1358 964 Annos
1372 942 1433 964 octo
1457 937 1527 964 sedit
1541 936 1594 971 (vel
1610 934 1761 962 secundum
1780 932 1856 959 aliud

1071 984 1221 1018 exemplar,
1238 982 1330 1017 duos),
1350 990 1441 1009 verum
1455 990 1470 1008 a
1487 981 1602 1008 Martitia
1623 987 1708 1006 uxore
1727 978 1857 1010 Ileraelii,

1072 1037 1132 1064 quae
1147 1029 1300 1056 orthodoxa
1319 1028 1380 1058 fuit.
1396 1028 1422 1054 in
1436 1027 1560 1055 exsilium
1578 1026 1674 1060 pulsus
1689 1030 1741 1056 εει.
1755 1031 1815 1058 qurc
1831 1028 1858 1049 ct

1073 1075 1133 1101 loco
1163 1074 1224 1108 ejus
1255 1073 1370 1100 Paulum
1402 1071 1585 1106 patriarcliam
1613 1068 1856 1103 Constantinopoli

1073 1119 1212 1156 prafecit:
1230 1119 1273 1146 hic
1286 1119 1367 1146 etiam
1385 1117 1518 1144 Maronita
1532 1117 1593 1150 fuit,
1613 1124 1698 1144 annos
1713 1124 1759 1143 sex
1776 1115 1858 1147 sciit,

1073 1166 1133 1193 dein
1150 1169 1275 1192 tiiortutts
1291 1170 1345 1192 est.
1361 1164 1424 1191 Post
1442 1163 1502 1198 ejus
1517 1164 1621 1190 obitum
1640 1162 1759 1189 restituit
1772 1160 1859 1188 Hera-

1074 1212 1141 1240 clius
1155 1211 1264 1247 Syrum,
1277 1212 1324 1246 qui
1340 1219 1354 1238 a
1370 1211 1484 1246 coniuge.
1501 1211 1585 1245 ipsius
1604 1210 1738 1244 relegrttts
1757 1209 1858 1239 fuerat,

1074 1257 1220 1288 calhtdrm,
1249 1264 1332 1291 quaiii
1363 1261 1465 1290 septem
1497 1264 1584 1283 annos
1610 1255 1770 1289 occuparit,
1793 1254 1858 1281 dein

1073 1311 1197 1332 tnortnus
1211 1310 1262 1331 est.
1277 1304 1427 1332 Obsidione
1441 1309 1532 1331 atttetn
1547 1305 1690 1331 cinxerant
1704 1303 1857 1330 Moslcniitii

1073 1349 1248 1377 Damascum.
1279 1349 1402 1384 Cumque
1433 1350 1576 1377 clialifatui
1611 1351 1756 1384 pra-fectus
1783 1354 1858 1378 esset

1073 1395 1154 1423 Ouiar
1170 1397 1262 1423 Eliiio‘l
1281 1397 1384 1424 Clietab
1400 1397 1508 1431 scriptis
1524 1398 1623 1424 litteris
1634 1418 1641 1430 ,
1660 1397 1740 1432 272
1756 1398 1857 1432 quibus

1072 1442 1201 1469 Omarum
1214 1443 1300 1470 Ebnol
1314 1443 1360 1470 Asi
1375 1443 1534 1478 praefectura
1547 1443 1695 1475 abdicavit,
1710 1452 1769 1471 eam
1782 1444 1857 1471 Cha-

1074 1488 1134 1515 lcdo
1150 1489 1229 1515 libnil
1247 1488 1346 1516 Walidi
1367 1490 1513 1516 commisit.
1531 1489 1673 1517 Hcraclius
1692 1496 1782 1517 autent
1802 1489 1857 1516 Ro-

1074 1541 1219 1561 manorum
1237 1536 1394 1569 inperator,
1409 1535 1454 1570 qui
1475 1536 1606 1562 Daniasco
1619 1535 1747 1562 llcmsum
1767 1543 1858 1563 reces-

1071 1585 1157 1611 serat.
1173 1580 1220 1607 tibi
1237 1580 1413 1608 lllosleminos
1428 1581 1513 1615 captis
1526 1581 1672 1608 Pa‘lrestina
1687 1586 1713 1608 et
1726 1582 1857 1608 ()rdonno

1071 1624 1213 1652 Batlitiiam
1232 1627 1369 1659 prol'ettos
1388 1634 1450 1653 esse
1468 1627 1628 1659 audivisset,
1646 1626 1745 1654 llemso
1761 1629 1857 1654 Antio-

1072 1671 1160 1704 οιιᾷειιιι
1176 1671 1362 1704 descendetis,
1380 1671 1504 1698 mandata
1523 1672 1622 1704 edixit,
1639 1676 1664 1698 ct
1685 1672 1858 1707 congregatis

1071 1716 1139 1743 Most
1155 1717 1290 1744 Arabibus
1301 1725 1316 1744 c
1329 1717 1400 1744 tribu
1414 1718 1515 1750 Gasan,
1530 1717 1620 1749 ledan,
1632 1717 1707 1749 Caib,
1720 1717 1829 1745 Laclian
1841 1725 1858 1744 ο

1071 1761 1238 1796 reliquisque
1260 1762 1305 1796 qui
1331 1762 1382 1789 sub
1394 1763 1508 1790 arbitrio
1521 1764 1605 1797 ipsius
1617 1767 1694 1789 erant
1705 1763 1857 1794 Arabibus.

1071 1807 1167 1833 ducem
1194 1807 1261 1841 ipsis
1287 1809 1436 1844 praeposuit
1457 1817 1472 1836 e
1496 1809 1554 1836 suis
1576 1809 1722 1843 quemdam
1746 1811 1858 1837 nomine

1071 1852 1232 1885 Maliantttn,
1257 1861 1360 1888 eosque
1385 1853 1548 1882 Damascum
1573 1855 1666 1887 misit,
1694 1856 1804 1889 scriptis
1820 1855 1855 1882 ad

1073 1897 1230 1924 Mansuram
1254 1898 1411 1932 prtefec'tuni
1435 1907 1515 1926 suutn
1534 1899 1632 1927 litteris
1651 1908 1706 1934 quo
1722 1901 1792 1927 datis
1809 1908 1857 1934 pe-

1071 1944 1160 1971 cuniis
1175 1945 1249 1971 viros
1265 1944 1356 1979 (istos)
1377 1945 1429 1971 sibi
1449 1946 1589 1972 retineret.
1608 1946 1675 1973 Ctttii
1695 1950 1784 1973 autem
1799 1947 1856 1974 Ma-

1071 1987 1124 2014 han
1150 1992 1176 2014 et
1199 1995 1260 2022 qua:
1285 1996 1345 2015 eum
1372 1989 1430 2023 ipso
1451 1995 1545 2016 essent
1568 1991 1664 2025 copim,
1689 1991 1852 2018 Damascum

1071 2034 1277 2068 pervenissent.
1300 2034 1367 2061 dixit
1385 2035 1452 2070 ipsis
1477 2035 1608 2062 Mansnr:
1631 2036 1707 2062 Haud
1725 2044 1793 2071 opus
1812 2043 1855 2063 est

1071 2079 1229 2113 imperatori
1246 2079 1346 2113 ingenti
1361 2079 1411 2106 lioc
1426 2081 1546 2106 exercita
1563 2088 1570 2112 ;
1588 2081 1689 2107 Arabes
1703 2081 1775 2107 enim
1789 2088 1856 2115 gens

1072 2130 1137 2151 sunt
1155 2124 1300 2156 bellicosa,
1323 2128 1350 2151 et
1369 2125 1391 2151 si
1414 2125 1460 2158 qui
1486 2131 1581 2152 contra
1607 2125 1680 2159 ipsos
1702 2127 1856 2160 prodierint

1071 2177 1161 2204 pugna
1174 2170 1250 2205 ipsos
1264 2170 1432 2201 lacessitum,
1444 2171 1611 2197 exercitibus
1624 2177 1719 2198 eorum
1735 2175 1854 2204 stragem

1072 2215 1174 2241 illaturi
1189 2217 1269 2246 sunt;
1287 2214 1351 2241 huic
1366 2219 1456 2241 autent
1472 2215 1604 2242 exercitui
1622 2216 1714 2242 multis
1729 2210 1798 2250 opus
1814 2222 1856 2242 est

1070 2259 1208 2294 pecuniis;
1223 2266 1256 2286 ac
1270 2259 1393 2286 Damasci
1407 2268 1459 2286 non
1474 2265 1535 2287 sunt
1549 2268 1617 2295 quas
1632 2261 1699 2295 ipsis
1712 2269 1856 2296 erogennis

1071 2303 1153 2338 (quod
1173 2303 1206 2330 ad
1225 2303 1299 2338 ipsos
1319 2303 1495 2337 tliﬂ'erendos,
1515 2312 1556 2336 ac,
1575 2304 1637 2331 dolo
1655 2306 1726 2331 tnan
1744 2306 1778 2332 ab
1797 2306 1856 2340 ipsa

1071 2347 1172 2373 l'actuni
1187 2351 1329 2373 autumant
1344 2348 1479 2379 nonnulli,
1493 2357 1547 2382 quo
1562 2348 1696 2381 li0niiiies,
1712 2350 1856 2377 audientes

1072 2399 1124 2418 non
1144 2399 1205 2419 csse
1222 2393 1345 2419 Damasci
1362 2400 1430 2427 quas
1448 2393 1513 2427 ipsis
1530 2394 1695 2429 elargiretur
1711 2397 1854 2429 pecunias,

1070 2437 1280 2471 dissiparentur,
1293 2444 1324 2464 ac
1339 2437 1487 2466 Damascus
1500 2438 1664 2466 llioslcniitiis
1677 2441 1854 2473 traderetur.)

1069 2481 1119 2507 (lui
1135 2480 1242 2514 Maban,
1256 2480 1345 2508 Trade
1370 2483 1449 2509 nobis
1464 2483 1574 2519 (inquit)
1586 2492 1646 2518 quas
1656 2492 1739 2519 penes
1752 2490 1777 2511 te
1790 2492 1855 2512 sunt

1071 2528 1219 2559 pectinias,
1249 2535 1298 2554 nos
1321 2533 1409 2554 autent
1432 2529 1465 2555 ad
1490 2529 1678 2563 imperatorem
1704 2532 1856 2560 scribentes

1070 2573 1214 2598 certiorem
1237 2580 1297 2599 eum
1322 2572 1452 2600 faciemus
1473 2582 1526 2601 non
1549 2582 1610 2602 esse
1632 2576 1755 2604 Damasci
1776 2586 1855 2604 tuitu-

1071 2623 1146 2647 tnos,
1164 2620 1192 2642 ut
1208 2616 1230 2643 si
1248 2617 1298 2650 ipsi
1316 2617 1500 2654 273x275
1520 2620 1585 2647 viris
1602 2629 1672 2656 opus
1692 2621 1785 2654 fuerit,
1804 2625 1828 2649 al
1844 2639 1855 2643 -

1071 2670 1153 2696 quam
1183 2663 1314 2696 pecunias
1347 2664 1505 2698 acquiri-udi
1539 2667 1672 2694 rationein
1707 2669 1855 2704 excogita,

1070 2715 1171 2742 easque
1195 2708 1228 2735 ad
1252 2709 1314 2735 illos
1334 2717 1502 2745 quocunque
1521 2713 1630 2740 tandem
1653 2715 1733 2742 modo
1754 2716 1854 2742 mittat.

1070 2754 1137 2780 Cum
1156 2759 1245 2780 atitem
1268 2755 1417 2783 audivisset
1440 2756 1557 2791 Maban,
1580 2759 1685 2786 Arabes
1711 2745 1855 2787 :I'iberiaile.

1070 2807 1197 2834 egressos
1215 2799 1376 2827 Damascum
1400 2803 1528 2836 tendere,
1547 2804 1669 2832 collectis
1690 2806 1775 2840 copiis
1795 2814 1855 2832 suis

1071 2846 1205 2873 Daniasco
1224 2845 1364 2880 profectus
1387 2848 1461 2876 bidui
1490 2849 1541 2877 iter
1564 2857 1692 2878 emensus
1712 2855 1770 2880 est.
1791 2851 1854 2878 dein
