2014 3082
205 121 273 152 1097

918 126 1100 160 ANNAIES.

1758 141 1823 173 1οΞ8

200 181 409 204 rastrametatus
434 183 475 204 est
502 179 536 205 ad
566 179 662 206 vadum
688 180 824 214 quoddam
855 188 983 215 magnum
1001 183 1023 212 Α
1040 184 1145 212 ritatem
1168 189 1258 221 praesti
1274 189 1327 216 isse
1344 191 1416 225 quod
1435 192 1466 218 ad
1491 194 1558 220 ritas
1574 199 1689 227 vestras,
1713 196 1822 226 domos.

201 222 298 248 Wadil'
316 222 420 248 Ramad
441 222 543 250 dictum
556 243 563 256 .
586 225 645 252 loco
669 226 712 251 cui
729 233 828 252 nomen
847 225 987 260 Aljaulnn;

199 275 230 294 ac
248 268 328 302 vulgo
345 267 487 302 Yaltnsah,
518 269 624 304 fuitque
653 271 751 298 vadum
771 272 841 299 inter
857 272 945 306 ipsum
961 276 987 298 et

199 313 302 340 Arabes
321 313 407 341 instar
424 314 514 342 lassat.
534 314 572 341 lbi
591 316 674 350 igitur
689 316 786 344 diebus
802 317 905 352 aliquot
920 317 986 345 sub-

199 358 338 391 stiterunt,
351 357 488 386 Arabibus
501 359 566 393 ipsis
581 367 613 387 ex
629 361 743 388 adverso
759 362 866 396 positis.
881 362 915 388 At
929 356 989 396 pos‘

200 401 259 428 dies
275 402 379 436 aliquot
396 402 542 431 “ausurus
563 403 726 437 przeiectns,
744 404 877 432 Datnasco
896 413 988 440 egres-

200 454 260 478 sus,
276 447 383 474 Mabani
397 449 547 476 exertitum
564 450 652 484 petiit,
673 451 801 485 pecunias
817 459 909 478 secum
923 451 989 478 alre-

200 501 263 520 rens
278 500 347 528 quas
368 494 403 521 ibi
425 494 590 529 collegerat,
614 486 786 523 utmilitibus
805 496 913 524 easdem
928 497 987 524 dis-

200 539 341 565 tribueret.
381 538 468 568 Noctu
494 544 585 566 autem
621 541 654 567 ad
675 542 824 568 exercitum
854 543 987 576 pervenit,

202 584 295 611 multis
311 584 400 618 ipsum
415 592 430 611 c
450 584 576 612 Damasci
602 586 698 613 incolis
718 587 915 616 comitantibus
939 590 984 623 qui

203 630 328 656 lucernas
344 635 494 663 gestarent,
520 638 640 665 cumque
664 631 697 658 ad
713 633 861 659 exercitum
876 635 988 668 propius

201 674 396 706 accessissent.
412 681 538 710 tympana
557 676 715 711 pulsarent,
731 681 760 703 et
776 677 899 705 buccinis
914 678 987 706 clan-

199 725 304 752 gorem,
327 727 359 746 ac
372 720 520 748 clamorem
542 721 663 749 ederent.
685 722 763 754 Quod
786 722 865 749 etiam
881 730 895 749 a
911 723 987 751 Man-

200 773 266 792 suro
279 766 347 792 mala
360 766 456 794 t‘raude
469 766 582 794 factum.
601 767 716 794 Romani
733 773 823 795 autem
838 768 904 796 visis
916 777 987 803 pone

199 817 230 836 se
255 811 386 842 lucernis,
420 811 568 846 auditoque
597 816 787 846 tympanorum
809 817 836 839 et
858 814 984 841 tubarum

200 856 324 890 strepitu,
338 856 469 891 suspicati
482 856 587 884 Arabes
600 864 614 883 a
627 861 702 891 tergo
718 857 792 892 ipsos
803 865 982 894 aggressuros
1000 847 1021 875 Β

199 908 232 926 ac
256 901 494 935 circumdaturos,
519 901 547 928 in
574 901 664 935 fugant
688 903 813 929 conversi
836 911 933 932 omnes
955 905 981 932 iu

199 949 347 972 torrentem
364 946 458 978 istum,
472 946 576 974 scilicet
588 946 676 973 Wadil
691 946 804 979 Rctnad,
816 949 861 982 qui
875 954 982 977 torrens

198 995 240 1018 est
264 991 343 1018 valde
361 998 493 1026 magnus,
513 991 682 1025 incidentes,
702 991 863 1026 perierunt;
888 995 981 1028 paucis

198 1035 343 1062 admodum
368 1044 400 1062 ex
422 1036 489 1070 ipsis
510 1037 698 1069 evadentibus,
721 1044 837 1071 quorum
854 1039 938 1073 aliqui
954 1040 979 1066 in

199 1081 256 1107 loca
277 1081 382 1107 diversa
398 1080 461 1116 fuga
477 1089 506 1108 sc
523 1081 736 1116 proripuerunt;
753 1082 799 1109 alii
820 1082 979 1112 Damascum

197 1126 299 1152 reversi
322 1131 384 1152 sunt
399 1134 406 1156 ;
420 1126 466 1152 alii
483 1125 681 1161 Hierosolyma,
696 1128 741 1154 alii
759 1127 909 1156 Caesaream
928 1128 979 1156 Pa-

198 1171 308 1197 laestina:
322 1171 403 1205 276
417 1170 555 1206 fugerunt.
570 1172 620 1204 Qui
632 1176 721 1199 autem
735 1172 894 1201 Damascum
907 1176 978 1202 abic«

197 1221 262 1244 runt
277 1224 291 1244 e
315 1217 457 1249 Romanis,
478 1217 605 1244 timentes
626 1225 659 1245 ne
679 1225 693 1245 a
715 1217 884 1247 Moslctuiuis
904 1221 978 1248 obsi~

197 1263 278 1289 tlionc
311 1263 497 1297 cingerentur,
530 1263 601 1290 cibis
632 1267 713 1298 atque
739 1266 877 1299 opsoniis,
902 1270 930 1292 ct
952 1266 977 1292 id

196 1315 282 1342 genus
303 1309 363 1336 aliis
383 1316 552 1343 quaecunque
572 1313 720 1343 potuerunt
749 1309 821 1337 intro
848 1313 975 1346 receptis,

196 1355 228 1380 ad
249 1358 341 1388 portas
365 1354 486 1381 ballistas
500 1358 527 1381 et
542 1354 683 1382 machinas
698 1359 864 1389 statuerunt,
878 1358 977 1392 quibus

197 1400 297 1426 milites
315 1399 497 1433 praefecerunt
511 1408 519 1431 ς
533 1399 596 1426 dein
613 1401 645 1427 ad
663 1400 816 1428 lleraclium
832 1403 978 1436 imperato-

197 1452 252 1470 rem
271 1445 421 1471 scribentes
438 1452 517 1479 opem
536 1446 570 1472 ab
589 1445 648 1480 ipso
666 1446 814 1480 petierunt,
834 1447 977 1483 ipsumque

195 1491 339 1517 certiorem
355 1489 479 1517 fecerunt
495 1491 560 1524 quid
577 1490 643 1525 ipsis
659 1491 760 1518 lecerat
774 1492 928 1526 Mansurus,
944 1502 975 1521 ac
991 1511 1011 1541 ε

195 1535 294 1569 quibus
315 1542 379 1569 erga
403 1536 478 1569 ipsos
502 1535 611 1562 insidiis
632 1543 698 1563 usus
724 1537 842 1564 rirorum
860 1544 975 1573 stragem

195 1579 337 1606 edidisset.
360 1579 457 1606 Maban
475 1587 539 1607 vero
562 1580 595 1607 ad
614 1579 768 1609 lleracliutz'.
786 1582 976 1617 imperatoreut

197 1625 287 1652 redire
304 1626 424 1658 veritus,
449 1634 483 1653 ne
499 1626 533 1653 ab
556 1627 616 1661 ipso
634 1629 852 1661 interliceretur,
869 1630 932 1665 fuga
947 1638 977 1657 se

195 1669 222 1696 in
239 1673 358 1696 montem
374 1669 440 1696 Sina
458 1671 604 1705 recipiens,
623 1672 707 1698 vitam
724 1673 900 1700 monasticam
918 1682 976 1700 ain-

196 1714 291 1748 plexus
316 1719 371 1746 est,
394 1715 481 1741 ascito
498 1715 548 1741 sibi
566 1715 676 1742 nomine
696 1717 854 1745 Anastasio.
875 1716 976 1752 Estque

195 1759 252 1793 ipse
276 1763 373 1786 auctor
398 1760 533 1787 sermonis
558 1767 612 1794 quo
637 1760 772 1788 Psalmnm
800 1769 815 1788 e
841 1761 976 1789 Davidicis

196 1809 302 1831 sextum
332 1805 525 1839 interpretatus
550 1811 601 1833 est.
628 1805 677 1834 Ubi
704 1811 792 1833 autent
815 1806 975 1834 Damascum

196 1850 384 1882 pervenissent
403 1849 567 1882 Mosletnini,
585 1857 673 1878 castra
695 1852 786 1886 posuit
801 1851 902 1879 Cbalcd
921 1852 974 1879 Eb-

194 1894 248 1920 nul'
275 1893 379 1926 Walid,
399 1895 432 1922 ad
455 1901 558 1930 portam
584 1895 767 1928 Orientaletu,
791 1896 850 1923 Abu
874 1895 975 1924 Obaida

192 1939 278 1966 Ebuol
290 1939 394 1972 Jarabi,
411 1942 444 1966 ad
461 1948 564 1975 ponam
581 1941 683 1974 .labiaa;
697 1943 796 1969 Amrus
814 1942 898 1969 Ebnol
915 1942 973 1973 Asi.

193 1986 225 2011 ad
251 1991 356 2018 portam
377 1985 503 2017 Tbonne;
525 1985 608 2014 Yazid
633 1987 690 2013 Eho
716 1988 766 2014 Abi
791 1986 912 2022 Sofyau,
941 1989 974 2014 ad

194 2035 299 2065 portatu
316 2038 437 2064 parvam.
460 2038 548 2065 usque
572 2031 605 2058 ad
627 2037 736 2066 portam
758 2032 851 2060 Cisau.
874 2033 974 2060 llrbent

193 2083 257 2109 ergo
272 2074 414 2102 obsidione
432 2075 577 2101 cittxrrunt
593 2083 640 2102 scx
659 2076 809 2108 mensibus,
829 2078 910 2104 unico
925 2085 973 2104 cx-

192 2124 271 2155 cepto
291 2120 352 2152 die.
376 2121 573 2155 prodeuntibus
590 2121 710 2155 quotidie
729 2121 831 2149 Graecis
846 2130 861 2150 e
877 2124 972 2158 portis,

193 2173 338 2200 pugnaque
360 2172 408 2193 eos
431 2166 638 2193 lacessentibus.
664 2166 722 2198 Qua
743 2167 776 2193 de
799 2174 828 2194 re
848 2175 909 2194 cum
926 2175 973 2202 per
989 2174 1012 2202 ο

193 2210 297 2237 litteras
318 2210 449 2238 Omarum
473 2211 559 2238 Ebuol
581 2210 696 2239 Cbetabi
724 2212 867 2239 certiorem
892 2212 974 2240 iecis-

192 2260 266 2288 sent,
283 2256 328 2284 ille
350 2257 491 2291 rescriptis
507 2256 605 2284 litteris
621 2256 766 2284 Chaledum
784 2256 869 2284 Ebnal
885 2257 974 2285 Walid

193 2302 309 2336 imperio
324 2301 473 2335 abdicavit,
497 2303 580 2330 rebus
606 2303 665 2330 Abu
689 2302 820 2330 Obaidam
837 2303 895 2330 Elin
911 2303 973 2330 Jar-

194 2348 250 2373 rabi
268 2347 432 2381 pra-ﬁciens.

226 2393 294 2419 Cum
327 2400 392 2419 vero
423 2393 565 2420 obsidione
593 2398 768 2421 aretarentur
798 2394 971 2426 Damasceui,

191 2439 329 2472 proiectus
349 2438 461 2465 Mausur
482 2437 607 2466 Damasci
622 2440 807 2474 277-279
829 2440 970 2474 prchcctus

191 2483 223 2509 ad
239 2487 344 2516 portam
363 2482 534 2516 orientalem,
549 2483 697 2510 Chalednm
713 2484 771 2511 Ebn
787 2484 874 2512 Walid
889 2493 970 2520 roga.

191 2527 240 2559 vit,
261 2531 290 2553 ut
301 2526 353 2553 sibi
375 2526 497 2561 suisque,
521 2530 549 2554 et
569 2527 614 2562 qui
635 2535 697 2554 cum
725 2528 784 2563 ipso
797 2534 899 2562 essent,
922 2537 972 2556 nec

191 2580 246 2599 non
263 2572 386 2600 Damasci
409 2573 518 2604 incolis,
536 2573 656 2607 exceptis
675 2573 817 2607 Romanis,
835 2575 970 2602 securita-

191 2621 245 2644 tem
263 2617 434 2647 concederet,
448 2617 494 2651 qui
512 2617 564 2652 ipsi
590 2617 712 2646 Damasci
726 2624 818 2653 portas
841 2620 968 2654 aperiret.

189 2662 239 2689 Cui
265 2662 294 2688 in
317 2669 350 2689 eo
360 2662 432 2697 quod
461 2663 539 2697 petiit
566 2670 691 2690 annuens
716 2663 840 2697 Cbaled,
865 2665 970 2692 litteras

190 2706 349 2735 securitatis
367 2707 418 2741 ipsi
434 2707 604 2742 perscripsit,
621 2715 738 2741 quarum
755 2708 806 2735 hoc
823 2713 865 2736 est
879 2717 970 2736 exem-

191 2753 249 2786 plar
262 2761 267 2778 :
281 2751 399 2778 Libellus
412 2752 462 2778 iste
473 2751 577 2787 [datus]
588 2756 630 2779 est
643 2760 657 2778 a
669 2751 788 2780 Cbaledo
800 2753 856 2780 Ebn
868 2753 968 2785 Walid,

192 2798 268 2826 urbis
282 2797 407 2824 Damasci
423 2796 537 2829 incolis;
557 2796 666 2832 [Notum
684 2797 729 2834 sit]
746 2805 787 2826 me
804 2799 878 2827 vobis
894 2806 970 2828 secu-

297 2842 434 2873 PATBOL.
456 2841 514 2870 Gn.
533 2841 607 2872 CXI.

1042 237 1105 264 que,
1121 238 1152 259 ac
1165 239 1239 266 opes,
1256 239 1282 261 cl
1297 236 1426 265 ecclesias
1442 244 1556 272 vostras,
1572 247 1603 266 uc
1614 241 1768 275 diruantur,
1781 247 1821 271 vel

1043 275 1237 312 inltabitentur,
1254 280 1300 307 sed
1315 283 1426 316 paciticc
1439 284 1514 311 vobis
1525 287 1720 313 concedantur.
1733 287 1820 320 Quam

1042 328 1104 348 cttm
1133 323 1260 352 Mansuro
1289 327 1409 355 cbar:am
1436 330 1590 358 tradidisset
1618 332 1675 366 ipse
1701 333 1821 360 (lbalrdo

1041 374 1149 400 portam
1175 370 1333 399 orientalem
1361 375 1523 408 adaperuit,
1559 377 1605 410 qui
1634 385 1699 411 ergo
1725 380 1818 406 urbem

1042 411 1183 446 ingressus
1199 417 1287 444 socios
1304 426 1368 446 suos
1393 419 1560 454 inclamans,
1583 421 1694 450 Gladios
1711 425 1824 458 (inquit)

1043 461 1147 486 vestros
1172 460 1321 490 recondilr‘.
1364 463 1480 498 ingressi
1507 471 1597 492 autem
1625 467 1735 494 Cbalcdi
1764 468 1819 495 Ειιιι

1042 502 1146 531 Waledi
1166 506 1266 534 milites
1288 508 1390 542 urbem,
1414 510 1649 546 Dcumpptimum
1671 514 1819 540 maximum

1040 549 1118 584 [voce
1132 552 1198 589 alta]
1214 555 1395 584 celebrarunt.
1411 558 1509 586 Milites
1527 560 1609 594 igitur
1626 561 1712 588 Graeci
1726 562 1771 596 qui
1785 563 1819 588 ad

1040 600 1132 630 portas
1148 601 1288 628 constituti
1306 601 1423 634 fuerant.
1440 612 1512 637 cum,
1531 606 1622 632 audita
1636 607 1821 634 celebratione

1039 641 1107 674 ista.
1131 650 1241 673 nossrnt
1268 646 1424 676 Mansurum
1447 655 1538 684 aperta
1565 656 1642 685 porta
1665 652 1768 680 Arabes
1793 652 1819 679 iu

1039 688 1132 716 urbem
1158 691 1350 726 intromisissc,
1374 695 1490 722 desertis
1512 697 1598 730 portis
1619 697 1756 732 ingerunt.
1776 698 1820 725 In-

1038 741 1148 768 gressus
1165 742 1205 763 est
1222 745 1288 772 ergo
1304 739 1360 766 Abu
1377 739 1499 768 Obaidab
1514 741 1601 769 Ebuol
1618 742 1707 770 larabi
1724 744 1817 770 urbem

1038 780 1128 813 gladio
1150 783 1245 810 stricto
1267 784 1300 811 ad
1328 791 1433 819 portam
1458 787 1557 822 labize;
1587 789 1658 816 lazid
1684 789 1740 816 Ebn
1766 790 1818 817 Abi

1037 825 1149 861 Soiyan,
1170 829 1260 862 gladio
1279 831 1360 858 etiam
1382 833 1488 867 stricto,
1511 840 1588 868 porta
1613 843 1714 870 parva;
1737 835 1818 862 Omar

1037 870 1123 900 Ebuol
1145 874 1207 907 Asi,
1226 876 1316 910 gladio
1333 878 1445 910 stricto,
1468 884 1545 915 porta
1567 880 1698 908 Tlnnnaz:
1720 882 1765 909 ubi
1784 882 1818 908 ad

1037 921 1143 953 tempus
1176 921 1232 948 acri
1256 930 1343 957 pugna
1367 924 1524 957 dimicavit,
1549 934 1619 958 etcsa
1643 935 1675 954 ex
1702 933 1817 961 utroque.

1035 964 1155 992 exercitu
1172 966 1205 992 ad
1221 971 1326 1001 portam
1344 969 1453 999 'Htonta:
1468 979 1563 1006 inagna
1581 973 1719 1000 hominum
1735 974 1817 1009 280

1036 1009 1221 1043 multitudine,
1241 1020 1290 1039 nec
1306 1013 1446 1045 desierunt
1467 1016 1686 1046 Mohannuedani
1700 1021 1815 1054 caedere,

1034 1060 1062 1081 et
1086 1057 1207 1090 captivos
1241 1057 1338 1086 facere.
1373 1059 1560 1089 Ocettrrerunt
1593 1069 1682 1090 autem
1713 1064 1816 1093 Cbalcd

1035 1100 1132 1129 Ebnol‘
1153 1102 1252 1136 Walid,
1270 1104 1328 1131 Abu
1347 1105 1466 1133 Obaidah
1478 1127 1486 1139 ,
1509 1107 1593 1135 Ebuol
1609 1108 1713 1143 Jarabi,
1735 1111 1815 1140 Yazid

1035 1147 1090 1175 Ebn
1106 1148 1157 1176 Abi
1176 1148 1288 1185 Sofyan,
1304 1155 1329 1177 el
1344 1151 1444 1180 Amrus
1460 1153 1554 1181 Ebuol'
1570 1155 1627 1186 Asi.
1645 1155 1718 1191 [loco
1730 1157 1814 1194 dicto]

1034 1193 1065 1220 Al
1088 1194 1227 1230 Ziyanain.
1257 1195 1373 1231 Fuitque
1399 1199 1425 1225 in
1455 1207 1535 1226 manu
1564 1200 1682 1229 Mansuri
1707 1193 1815 1231 libellus

1033 1247 1181 1274 cxpansus.
1198 1240 1323 1269 Narravit
1338 1250 1403 1278 ergo
1420 1244 1474 1272 illis
1491 1245 1593 1273 Cbaled
1612 1246 1697 1275 Ebnol
1710 1247 1813 1282 Walid,

1038 1292 1118 1318 quam
1141 1285 1340 1322 {Damascenis}
1358 1290 1532 1317 securitatem
1555 1294 1747 1321 concessisset.
1770 1295 1814 1322 Di-

1032 1336 1165 1367 ceuteque
1183 1332 1286 1360 Yazido
1300 1333 1356 1361 Ebn
1376 1335 1425 1362 Abi
1442 1336 1543 1371 Soryan
1561 1346 1567 1364 :
1585 1338 1642 1366 lloc
1657 1341 1813 1368 securitatis

1031 1376 1164 1412 [pactum]
1184 1382 1272 1405 ratum
1295 1387 1348 1406 non
1372 1380 1519 1415 habemus;
1538 1384 1736 1417 responderunt
1752 1386 1810 1413 Ahu

1031 1422 1152 1450 Obaitlab
1177 1430 1204 1451 et
1225 1426 1307 1452 Omar
1328 1426 1421 1454 Ebnol‘
1441 1428 1510 1455 Asi:
1532 1429 1587 1456 Nos
1610 1431 1698 1463 ipsutn
1724 1437 1812 1459 ratntn

1034 1467 1184 1499 habemus,
1210 1469 1356 1497 comitibus
1379 1472 1437 1499 suis
1462 1473 1648 1501 exclamantes
1669 1485 1675 1502 :
1702 1477 1813 1504 Gladios

1030 1511 1187 1545 recondito;
1204 1512 1330 1541 Yazadus
1345 1523 1410 1543 vero
1429 1517 1510 1544 sociis
1527 1518 1585 1545 suis
1599 1527 1606 1545 :
1625 1519 1662 1546 Ne
1678 1523 1812 1550 reconda-

1030 1557 1075 1584 tis.
1097 1558 1168 1585 Dixit
1184 1557 1284 1586 Atnrus
1303 1560 1387 1587 Ebuol
1412 1561 1481 1589 Asi:
1502 1563 1711 1592 Consentiamus
1732 1566 1812 1593 dedi-

1030 1603 1104 1630 tione
1128 1608 1235 1638 captam
1262 1612 1323 1633 esse
1355 1606 1465 1640 urbem;
1493 1609 1564 1642 quod
1592 1616 1652 1635 cutn
1683 1611 1810 1638 omnibus

1029 1648 1165 1682 placeret,
1196 1651 1265 1678 dixit
1294 1651 1348 1679 illis
1377 1652 1509 1680 Mansur:
1539 1653 1596 1681 Iloc
1625 1655 1691 1682 mihi
1718 1658 1809 1684 statim

1030 1698 1157 1724 testatum
1183 1697 1286 1724 facite:
1309 1698 1455 1733 libelloque
1479 1706 1544 1733 ergo
1564 1701 1724 1736 inscriptum
1746 1707 1808 1731 est:

1028 1742 1131 1770 Testati
1155 1747 1235 1774 sunt,
1261 1744 1319 1770 Abu
1339 1743 1460 1772 Obaidab
1483 1744 1569 1772 Ebuol
1595 1747 1697 1780 laralri,
1726 1747 1808 1776 Yazid

1030 1788 1085 1816 Ebn
1102 1789 1152 1816 Abi
1165 1788 1280 1825 Sol‘yan,
1295 1790 1395 1818 Amrus
1410 1789 1497 1818 Ebuol
1510 1792 1567 1824 Asi.
1582 1797 1609 1819 ct
1622 1792 1737 1827 Sariabil
1751 1794 1809 1822 Ebu

1028 1833 1138 1868 llajatne
1162 1844 1168 1862 :
1198 1835 1357 1870 accepitque
1390 1836 1663 1874 Mansur'libcllum.
1693 1839 1807 1868 Militum

1027 1884 1115 1907 autem
1130 1879 1283 1908 Grzrcorum
1295 1886 1429 1916 quotquot
1439 1887 1595 1914 evaserunt,
1607 1885 1640 1910 ad
1652 1884 1806 1913 lleracliutn

1028 1926 1233 1959 imperatorem,
1258 1928 1430 1956 Antiochiam
1455 1935 1639 1958 accesserunt.
1663 1931 1806 1960 lleraclius

1027 1977 1116 1999 autem
1138 1972 1284 2006 imperator
1306 1973 1399 2000 audito
1418 1978 1524 2008 captam
1547 1982 1607 2002 esse
1621 1976 1782 2005 Damascum
1799 1987 1804 2004 :

1028 2015 1092 2043 Vale
1106 2015 1241 2051 (inquit)o
1258 2017 1346 2051 Syria,
1360 2018 1385 2044 id
1401 2023 1451 2051 est,
1474 2017 1548 2051 Vale,
1566 2019 1697 2048 Datnasce
1711 2021 1805 2056 Syria‘,

1026 2060 1289 2096 Constantinopolim
1309 2069 1393 2096 usque
1411 2062 1548 2097 profectus
1567 2069 1619 2094 est.
1637 2065 1716 2101 idque
1733 2074 1806 2094 anno

1026 2106 1171 2133 cbaliiatus
1186 2105 1278 2134 Omari
1296 2106 1372 2134 Ebnil
1399 2108 1511 2136 Cbctabi
1531 2111 1627 2143 tertio;
1648 2111 1804 2140 Mansurntn

1026 2157 1116 2179 autem
1138 2151 1264 2180 Damasci
1286 2153 1441 2184 praefectura
1462 2155 1497 2182 ob
1520 2155 1589 2182 mala
1613 2156 1699 2191 ipsius
1723 2158 1805 2193 facta,

1026 2199 1155 2234 quodque
1172 2199 1272 2227 Graecis
1291 2200 1318 2227 in
1336 2207 1419 2227 causa
1437 2200 1486 2227 fuit
1509 2205 1538 2228 ut
1560 2202 1760 2237 occiderentur,
1782 2212 1809 2233 et

1025 2245 1202 2280 281-283
1233 2245 1466 2273 Mohammedanis
1497 2251 1590 2273 contra
1626 2247 1699 2282 ipsos
1726 2257 1804 2283 opem

1025 2293 1145 2323 tulisset,
1154 2292 1327 2318 anathemate
1339 2296 1532 2326 percusserunt
1542 2300 1637 2320 omnes
1646 2293 1806 2327 patriarcha:

1024 2343 1051 2365 ct
1071 2338 1190 2372 episcopi
1213 2345 1259 2371 per
1284 2337 1441 2365 universum
1463 2342 1596 2365 terrarum
1618 2339 1722 2366 orbem.
1740 2338 1805 2366 Post

1024 2383 1083 2410 d.es
1112 2388 1201 2409 autem
1228 2387 1330 2417 septem
1361 2384 1484 2417 pervenit
1509 2383 1541 2410 ad
1568 2382 1696 2410 Omarum
1725 2385 1803 2412 Ebuil

1025 2427 1139 2454 tlbetabi
1156 2427 1284 2460 nuntius,
1307 2429 1450 2455 certiorem
1473 2428 1560 2462 ipsum
1580 2427 1681 2456 iaciens
1697 2435 1803 2463 captazu

1024 2481 1084 2500 che
1100 2473 1274 2500 Damascum.
1287 2472 1402 2508 Scripsit
1414 2480 1479 2508 ergo
1496 2474 1577 2500 Omar
1591 2473 1677 2501 Ebuol
1692 2475 1804 2503 Cbetabi

1024 2520 1056 2546 ad
1073 2520 1185 2546 Amrum
1205 2519 1291 2546 Ebuol
1305 2520 1361 2551 Asi,
1379 2523 1408 2547 ut
1425 2520 1573 2547 exercitum
1590 2529 1668 2548 suum
1682 2521 1803 2549 Palmsti-

1024 2573 1086 2593 nam
1112 2564 1275 2597 abduceret;
1290 2565 1455 2599 scripsitque
1477 2564 1604 2592 Yazidum
1619 2565 1674 2593 Ebn
1688 2567 1738 2594 Abi
1751 2567 1802 2594 So-

1024 2611 1086 2646 l‘yan
1107 2610 1239 2637 Damasco
1252 2610 1369 2644 praeﬁci;
1390 2610 1550 2644 Serjabilum
1573 2611 1657 2638 lilium
1675 2613 1800 2645 Hasana-,

1023 2657 1168 2685 Oroddano
1189 2656 1304 2692 [regioni
1323 2655 1481 2692 Jordanis];
1500 2657 1561 2684 Abn
1594 2655 1704 2686 Obaidaa
1715 2658 1800 2686 Ebuol

1024 2703 1122 2734 laralti,
1140 2702 1250 2730 llamso.

1059 2748 1198 2776 Profectus
1209 2753 1250 2776 est
1261 2756 1326 2783 ergo
1334 2748 1433 2775 Amrus
1445 2748 1528 2776 Ebuol
1540 2748 1599 2782 Asi,
1612 2749 1779 2778 Palaestinam
1792 2759 1800 2783 ς

1023 2795 1148 2830 Sarjabil.
1174 2794 1349 2822 Oroddanum
1365 2803 1372 2827 ;
1388 2793 1448 2822 Abu
1466 2793 1577 2823 Obaidzr.
1599 2794 1683 2822 Ebuol
1701 2795 1800 2826 lat-abi.

1585 2839 1624 2870 35.
