2014 3082
228 113 296 143 109)

225 214 287 240 dum
302 215 484 246 conditiones,
498 221 564 247 quas
579 213 756 240 Damascenis
771 212 842 246 pacti
857 212 933 243 estis,
951 212 1009 239 sine

222 259 439 285 conlmdirtione
468 259 674 292 amplectimur;
709 265 797 292 quare
829 258 1006 284 securitatem

221 304 288 336 ipsis
301 305 403 338 scripto
418 303 564 330 concessit.
578 303 646 329 Tum
663 302 793 330 llamsum
803 302 941 337 profectus
956 307 1007 333 est,

221 349 300 382 cujus
332 351 414 375 etiam
444 348 539 375 incolae
566 347 695 375 dixerunt
725 357 731 376 :
764 348 796 375 Et
821 356 871 375 nos
899 348 1007 375 easdem

222 395 321 428 quilms
333 401 394 420 cum
412 393 585 420 Damascenis
604 401 697 429 pacem
711 394 823 425 fecistis.
838 394 1007 421 conditiones

223 439 416 473 amplectimur
438 447 445 465 :
463 439 562 473 quibus
583 440 666 467 etiam
691 439 834 475 [libellum]
852 439 1007 466 securitatis

219 485 343 511 scribens
358 485 452 511 urbem
469 485 610 519 ingressus
628 490 679 512 est.
706 485 791 512 Urbis
812 485 894 511 etiam
911 484 1006 512 llalebi

220 530 315 557 incolis
330 529 451 556 libellum
467 531 623 558 securitatis
635 530 765 565 scripsit;
780 537 929 565 Omnesque
942 538 1006 565 pas-

219 577 271 602 sim
299 575 381 602 urbes
410 579 439 602 ut
472 583 502 603 se
529 575 669 603 deditione
697 576 833 610 acciperet
858 575 1004 609 petierunt.

221 621 333 654 Deinde,
351 629 412 649 cum
431 622 465 649 ad
481 621 720 649 Moliauunedanos
736 621 904 656 perveniSset
923 619 1006 655 [nun-

218 667 283 702 tius]
300 667 333 694 de
348 667 441 695 Omari
461 667 540 694 Ebnil
555 667 660 694 Chelab
679 666 809 698 adventu,
825 666 883 693 Abu
896 665 1006 692 Obaidte

216 713 312 741 Ebno’l
336 713 423 740 larahi
449 713 597 740 comitibus
621 713 679 740 suis
703 711 789 747 Aiyad
815 711 872 738 Ebn
899 711 1002 738 Ganam

217 759 358 793 praefecit;
375 757 458 785 Yazid
474 759 532 785 Ebn
552 758 602 785 Abi
620 757 721 793 Sofyan
740 757 799 785 suis
816 758 928 784 iliawian
946 757 1003 784 Ebn

215 804 266 831 Abi
292 804 412 837 Sul’yan:
440 804 537 831 Arnrus
562 803 646 831 tibnol
670 803 717 830 Αςί
743 804 798 830 suis
813 803 899 829 tilium
923 810 1040 857 suum!3

216 849 423 876 Abdollahum:
452 849 503 883 ipsi
538 848 620 884 284
644 848 745 876 Omaro
771 848 852 875 Ebnil
878 848 1003 880 Cltctabi,

212 895 323 926 obviam
336 899 433 921 euntes
454 903 461 920 :
482 898 538 920 tum
563 902 658 921 omnes
680 892 867 928 Hierosolyma
892 893 1004 928 profecti

210 940 361 967 obsidione
375 940 469 966 urbem
487 940 644 966 cinxerunt.
667 939 769 966 Prodiit
785 946 850 973 ergo
868 939 901 965 ad
920 939 1004 966 Oma-

215 994 275 1012 rum
291 985 370 1012 Elmil
384 985 496 1012 Chetabi
513 985 685 1019 Saphrouius
701 985 855 1019 patriarcha
872 984 1004 1012 llicroso-

214 1031 373 1066 lymitantts,
389 1031 432 1058 cui
446 1032 621 1058 securitatem
636 1030 772 1058 concessit
785 1030 879 1062 Omar,
897 1030 1004 1064 ipsique

214 1076 335 1103 libellum
366 1076 489 1110 scripsitI
519 1075 600 1110 cujus
627 1076 678 1103 hoc
704 1076 845 1110 exemplar
876 1081 919 1102 cst
942 1082 950 1101 :
974 1075 1004 1102 ln

214 1122 325 1149 nomine
350 1121 396 1149 Dei
419 1122 615 1154 misericordis.
634 1121 813 1148 miseratoris.
839 1122 880 1148 Ab
903 1121 1004 1148 Omaro

213 1167 292 1195 Εῠιιίι
317 1166 444 1199 Cbetabi,
470 1168 546 1195 urbis
568 1167 648 1195 Attia:
668 1168 779 1195 incolis.
796 1167 916 1194 Securos
943 1167 1002 1194 fore

213 1219 290 1247 ipsos
304 1211 376 1246 quod
392 1212 426 1239 ad
445 1213 514 1239 vitas
532 1219 610 1244 suas,
626 1216 653 1239 et
675 1212 786 1244 liberos,
804 1219 881 1246 opes.
905 1216 933 1238 et
956 1219 1002 1239 ec-

212 1258 312 1284 clesias
335 1264 421 1289 suas;
446 1257 507 1283 illas
532 1257 637 1283 scilicet
663 1263 713 1283 nec
739 1256 858 1283 dirutum
883 1255 928 1288 iri,
953 1263 1003 1284 nec

214 1303 365 1328 habitatum
392 1310 399 1328 :
424 1307 564 1336 testesque
585 1302 723 1328 adhibuit.
748 1301 847 1336 Aperta
865 1308 932 1335 ergo
950 1302 1002 1336 ipsi

215 1352 293 1382 porta
313 1348 406 1374 urbem
425 1347 563 1382 ingressus
585 1347 668 1374 Omar
682 1355 744 1375 cum
767 1347 917 1375 comitibus
932 1348 1001 1381 suis,

214 1393 287 1420 sedit
302 1393 329 1420 in
345 1393 476 1427 penetrali
493 1391 611 1428 [templi]
627 1393 861 1421 Resurrectionis.
877 1392 1002 1429 Cumque

213 1439 323 1466 adesset
348 1443 457 1473 tempus
482 1439 659 1473 precationis,
682 1439 755 1466 dixit
772 1439 929 1474 Sophronio
953 1447 1002 1475 pa-

709 112 859 142 EUTYCH
868 111 895 140 [Ι
913 110 1035 140 ALEXA
1042 110 1181 140 NDRINI
1205 111 1303 140 PATR
1310 131 1316 138 .

222 170 385 197 itaalbccum
415 169 503 205 [cujus
529 169 636 203 inculte]
656 170 705 202 ipsi
720 169 862 195 dixerunt:
880 167 935 194 Nos
947 174 1007 194 eas-
1023 168 1044 194 A
1060 172 1112 191 tant
1143 167 1202 193 caeli
1219 176 1225 198 ;

1783 110 1851 140 lic!)

1253 167 1379 194 l5!‘.tclil.t:
1407 171 1496 193 autem
1520 165 1648 192 Sunium
1677 173 1846 193 sanctorum.

1061 210 1164 245 Estque
1190 213 1246 246 ipsa
1273 212 1299 238 in
1329 216 1409 238 teme
1440 211 1540 243 medio,
1570 210 1673 245 fuitque
1700 211 1849 237 sci-arium

1060 254 1207 288 lsraelitis;
1225 257 1270 290 qui
1289 263 1386 290 magna
1403 255 1530 289 ipsamiu
1547 255 1721 282 veneratione
1738 255 1849 288 habent,

1060 306 1141 335 atque
1156 302 1308 336 ubicunque
1324 302 1434 334 fuerint,
1452 302 1522 329 inter
1538 301 1671 328 orandum
1690 300 1773 328 facies
1787 308 1851 328 suas

1059 347 1092 374 ad
1110 348 1194 381 ipsam
1216 347 1384 380 conversas),
1403 347 1453 374 hac
1470 347 1626 374 conditione
1649 351 1679 374 ut
1700 347 1765 374 mihi
1787 355 1850 382 syn-

1060 392 1192 426 grapham
1208 393 1327 426 scribas,
1350 400 1383 420 ne
1401 393 1471 420 intra
1495 392 1851 427 llierosolyma-exstruatur

1059 442 1158 471 praeter
1176 437 1240 464 illm]
1265 437 1447 465 adoratoriurn
1463 437 1754 473 *[MohammedieumL
1774 438 1849 465 Scri-

1060 483 1113 516 psit
1128 490 1192 518 ergo
1215 483 1300 510 Omar
1316 475 1407 510 Ebuol
1425 482 1537 510 Chetabi
1563 483 1613 509 hac
1627 482 1660 509 de
1683 490 1713 510 re
1735 491 1849 518 syngra-

1057 528 1136 563 pham
1152 536 1231 563 quam
1258 529 1307 563 ipsi
1331 529 1453 556 tradidit.
1489 527 1627 561 Siquidem
1646 535 1707 555 cum
1735 528 1848 556 ltounani

1058 573 1212 608 religionem
1241 574 1422 601 Christianam
1461 574 1575 608 amplexi
1604 578 1706 606 essent,
1730 574 1849 601 adifica-

1060 625 1156 654 rclque
1174 620 1274 648 Helena
1289 620 1458 648 Constantini
1476 625 1572 652 mater,
1596 619 1788 655 Hierosolymis
1804 628 1849 648 ec-

1055 670 1172 701 clesias;
1207 667 1317 694 fuerunt
1343 666 1430 694 Petra:
1458 666 1533 693 locus
1560 666 1666 700 ipsique
1694 667 1846 700 adiacentia

1055 719 1168 746 vastata,
1182 713 1295 748 ideoque
1309 712 1392 747 288
1409 712 1511 740 relicta.
1531 712 1618 739 Petra:
1633 717 1722 739 autem
1749 712 1845 746 pulve-

1055 767 1112 786 rem
1135 759 1284 793 injecerant
1306 758 1373 784 adeo
1397 762 1427 784 ut
1449 765 1529 792 super
1551 757 1636 792 ipsam
1653 757 1755 791 grande
1772 762 1846 784 esset

1055 803 1267 838 sterquilinium,
1291 803 1405 836 ideoque
1431 802 1515 836 ipsam
1534 802 1666 837 nrglcctui
1691 802 1846 829 habuerunt

1058 849 1186 880 Romani,
1209 855 1296 882 neque
1317 849 1367 881 ipsi
1388 855 1449 874 eum
1468 855 1548 882 quem
1567 847 1696 875 solebant
1718 847 1846 875 lsraclitae

1057 894 1185 921 honorem
1202 894 1370 924 detulerunt,
1387 900 1476 928 neque
1491 901 1572 927 supra
1597 894 1682 927 ipsam
1702 894 1845 920 ecclesiam

1055 943 1223 970 struxerunt,
1249 945 1282 964 eo
1303 938 1376 972 quod
1399 938 1502 964 dictum
1524 938 1560 965 sit
1583 946 1597 965 a
1618 938 1732 964 Domi-no
1754 943 1846 965 nostro

1058 983 1168 1010 Christo
1184 982 1211 1009 in
1227 982 1372 1014 Evangelia
1391 987 1503 1010 sancto:
1521 981 1584 1010 Ecce
1601 983 1761 1017 relinquetur
1775 983 1846 1009 vobis

1051 1028 1148 1055 domus
1173 1034 1260 1054 vestra
1284 1027 1387 1054 deserta
1403 1028 1412 1043 ⁸
1435 1037 1442 1061 ;
1465 1035 1513 1055 nec
1528 1035 1592 1058 non,
1610 1028 1667 1054 Non
1681 1029 1845 1062 relinquetur

1054 1075 1095 1101 hic
1106 1075 1173 1107 lapis
1182 1081 1261 1107 super
1271 1074 1385 1108 lapidem
1395 1074 1441 1108 qui
1453 1082 1504 1101 non
1517 1074 1639 1101 (limatur
1650 1083 1681 1100 ac
1693 1080 1809 1101 cauetur
1820 1075 1842 1101 ⁷.

1054 1119 1129 1146 ilanc
1147 1119 1182 1146 ob
1204 1126 1314 1145 causam
1333 1118 1502 1152 reliquerunt
1518 1118 1665 1145 Christiani
1687 1119 1770 1152 ipsam
1795 1119 1844 1146 dc-

1054 1169 1166 1197 sertam,
1184 1163 1257 1190 nulla
1281 1170 1362 1197 super
1388 1163 1473 1197 ipsam
1484 1167 1629 1190 exstructa
1649 1163 1773 1190 ecclesia.
1794 1163 1845 1190 So-

1054 1211 1185 1246 phronius
1210 1217 1276 1244 ergo
1296 1208 1450 1244 patriarcha
1466 1209 1597 1236 Omarum
1622 1209 1709 1236 Ebnol
1726 1209 1842 1236 Clu-tabi

1054 1263 1134 1282 manu
1160 1256 1325 1290 prehensum
1352 1254 1385 1282 ad
1407 1254 1608 1289 sterquiliniom
1624 1254 1745 1282 deduxit.
1759 1255 1845 1282 Omar

1053 1308 1142 1329 autem
1158 1303 1241 1330 vestis
1259 1309 1315 1330 sua:
1336 1309 1383 1328 ora
1405 1301 1539 1335 prehensa
1558 1301 1643 1335 ipsam
1664 1300 1773 1335 pulvere
1789 1301 1843 1326 im-

1053 1348 1144 1384 plevit,
1161 1355 1243 1383 quem
1266 1347 1292 1374 in
1311 1347 1407 1373 vallem
1426 1346 1562 1373 Gebennre
1580 1345 1706 1380 projecit.
1721 1345 1843 1372 Moham-

1053 1393 1161 1421 Inedani
1180 1399 1245 1427 ergo
1261 1392 1461 1426 conspicientes
1476 1391 1606 1418 Omarum
1626 1390 1711 1417 Ebnol
1728 1390 1841 1416 Chetabi

1053 1439 1156 1474 grrmio
1172 1446 1222 1465 suo
1246 1437 1383 1472 pulverem
1400 1442 1531 1471 gestasse,
1559 1436 1608 1470 ipsi
1627 1437 1742 1470 seposita
1767 1443 1843 1462 mora

211 1485 340 1511 trior-clue
360 1493 366 1511 :
385 1486 469 1511 Orare
484 1485 574 1518 cupio.
592 1485 641 1512 Cui
669 1485 823 1519 patriarcha
847 1494 854 1513 :
873 1485 895 1513 Ο
915 1486 1002 1520 impe-
1015 1490 1037 1521 (ς
1054 1493 1148 1514 omnes
1164 1484 1274 1520 gremiis
1290 1484 1371 1511 etiam
1390 1483 1606 1514 suis,-vestibus,
1622 1482 1736 1517 clypcis,
1750 1481 1842 1508 wrbi-

210 1533 286 1555 rator
311 1528 443 1561 fidelium,
464 1535 567 1563 coquo
584 1535 613 1556 es
637 1529 697 1556 loco
718 1537 776 1556 ora.
801 1529 873 1557 Dixit
893 1529 998 1558 Omar:

210 1574 281 1602 Nolo
297 1574 341 1601 hic
355 1581 444 1602 orare.
462 1574 568 1602 Edueto
584 1582 648 1610 ergo
665 1575 699 1602 ad
724 1576 853 1610 templum
869 1576 1001 1604 Constan-

209 1621 258 1647 tini
276 1624 390 1654 tegetem
418 1620 533 1654 projecit
551 1620 578 1647 iu
604 1620 698 1654 templi
715 1622 804 1648 medio
819 1629 827 1654 ;
864 1627 891 1648 at
906 1621 999 1655 Omar,

209 1664 264 1691 Nec
278 1664 334 1694 hic,
352 1665 451 1698 inquit,
467 1672 546 1691 orare
561 1664 632 1691 volo.
647 1665 835 1700 Egressusque
850 1666 882 1693 ad
898 1666 999 1701 gradus

208 1709 255 1743 qui
282 1713 347 1735 sunt
370 1709 404 1734 ad
432 1712 538 1743 portatu
563 1709 685 1743 ecclesia:
711 1710 800 1736 sancti
824 1710 998 1738 Constantini

209 1758 262 1784 qua
275 1750 413 1777 Orientem
433 1751 556 1785 respicit,
573 1751 610 1778 ibi
626 1751 700 1779 solus
717 1759 800 1786 super
816 1753 916 1788 gradus
935 1762 997 1781 ora-

209 1797 247 1822 vit
273 1796 358 1823 :dein
379 1795 522 1824 considens
545 1796 614 1823 dixit
636 1796 790 1832 Sophronio
807 1799 970 1833 patriarchae
989 1809 995 1827 :

207 1841 325 1873 Nostiu',
345 1849 362 1868 o
387 1841 553 1876 patriarcha,
582 1849 667 1877 quare
693 1843 764 1870 intra
788 1844 917 1878 templum
943 1853 997 1873 non

206 1887 340 1913 oraverim
356 1886 367 1913 Ἰ
385 1886 534 1921 Respondit
551 1887 614 1915 ille:
635 1887 713 1915 Ilaud
740 1889 864 1924 cquidetn
888 1890 962 1924 novi,
980 1899 997 1918 ο

205 1936 355 1967 imperator
372 1932 504 1960 fidelium.
522 1933 594 1960 Dixit
610 1934 648 1961 illi
664 1933 767 1962 Omar:
788 1935 815 1962 Si
835 1937 906 1962 intra
925 1940 996 1963 tem-

205 1978 280 2013 plum
300 1985 439 2010 orassem,
456 1979 584 2013 periisset
605 1980 653 2007 tibi
678 1980 754 2012 illud,
779 1988 811 2008 ac
832 1988 848 2008 e
870 1981 996 2009 manibus

209 2024 264 2051 tuis
280 2025 383 2056 exiret,
399 2024 631 2053 Mohammedanis
654 2030 716 2060 post
733 2026 886 2054 discessum
903 2034 993 2054 meutn

205 2070 255 2096 tibi
277 2069 342 2096 illud
358 2070 557 2105 eripientibus;
576 2078 607 2098 ac
624 2072 679 2106 jam
698 2072 877 2107 285—287
893 2072 992 2100 dicturi

203 2120 267 2143 sunt
281 2125 286 2143 :
300 2115 349 2143 Hic
365 2117 453 2144 oravit
469 2115 562 2144 0mar.
582 2117 678 2144 Verum
695 2118 762 2145 atIer
776 2119 842 2145 mihi
858 2120 990 2154 chartam,

203 2169 258 2196 quo
275 2161 323 2188 tibi
339 2163 524 2196 syngrapham
543 2163 672 2190 scribam.
691 2163 805 2198 Scripsit
821 2172 886 2199 ergo
907 2164 991 2193 Omar

202 2207 383 2241 syngrapham
407 2206 472 2242 [qua
498 2207 593 2244 jussit]
611 2215 646 2234 ne
669 2213 760 2235 oraret
787 2207 991 2238 Mohammeda-

202 2259 298 2278 norum
316 2253 413 2287 aliquis
429 2260 511 2287 super
527 2254 641 2287 gradus,
657 2253 710 2281 nisi
726 2253 882 2288 singulatim
898 2262 906 2286 ;
924 2262 991 2284 nere

202 2299 238 2324 ibi
257 2298 289 2324 ad
312 2306 405 2334 preces
428 2299 628 2332 convenirent;
654 2307 743 2335 neque
760 2307 843 2334 super
866 2301 935 2336 ipsis
956 2303 989 2329 ad

201 2350 293 2376 preces
315 2344 446 2377 praeconis
471 2351 536 2371 voce
562 2349 778 2372 convocareutur
796 2354 803 2372 :
823 2345 874 2372 hac
900 2347 932 2373 de
960 2355 989 2374 re

201 2390 381 2422 conscriptam
398 2390 578 2424 syngrapham
595 2390 756 2424 patriarcha:
777 2390 899 2418 tradidit.
919 2391 988 2418 Tum

200 2435 274 2462 etilli
287 2435 354 2462 dixit
368 2434 451 2462 Omar
466 2443 473 2462 :
490 2436 538 2462 Est
552 2436 622 2470 quod
640 2437 703 2463 mihi
720 2443 734 2463 a
753 2440 779 2464 te
795 2436 906 2464 foederis
920 2437 981 2472 jure

200 2481 351 2514 debeatur;
375 2482 463 2508 locmn
490 2488 553 2515 ergo
579 2482 643 2508 mihi
663 2483 780 2509 concede
797 2482 823 2508 in
847 2490 901 2516 quo
917 2487 990 2509 tem-

200 2526 272 2560 plum
285 2532 432 2553 exstruunt.
445 2526 493 2553 Cui
510 2527 664 2561 patriarcha
680 2535 686 2553 :
703 2527 767 2561 Ego,
783 2527 882 2562 inquit,
897 2527 986 2554 locum

201 2571 358 2603 imperatori
390 2571 506 2598 tidelium
533 2572 679 2598 concedam
714 2572 740 2598 in
768 2579 822 2605 quo
855 2571 984 2606 templum

202 2621 322 2644 exstruat
347 2617 405 2652 (cui
434 2619 598 2645 exstruendo
621 2617 779 2645 Graecorum
807 2618 990 2652 imperatores

201 2667 318 2694 unpares
335 2661 455 2693 fuerunt,
471 2661 597 2688 videlicet
612 2666 716 2696 petram
735 2662 761 2688 in
784 2669 837 2695 qua
855 2662 926 2689 Deus
942 2661 988 2689 Ja—

201 2706 296 2733 cobqu
310 2707 441 2735 allocutus
459 2711 510 2740 est,
526 2714 606 2741 qualn
621 2706 764 2741 appellavit
778 2706 896 2735 Iacobus
911 2707 982 2736 Por-

257 2794 375 2822 ‘Malth.
394 2803 471 2828 xxi”,
490 2795 533 2822 58.
574 2794 688 2822 Viriattb.
709 2803 780 2828 xxtv,
797 2795 823 2823 Ξ.

1052 1531 1114 1563 bus,
1129 1536 1212 1566 atque
1236 1530 1326 1557 urceis
1348 1533 1534 1564 asportarunt,
1555 1529 1642 1555 dorice
1664 1528 1793 1554 mundato
1807 1535 1840 1554 ac

1052 1582 1166 1614 purgato
1185 1578 1244 1604 loco
1258 1579 1399 1611 appareret
1416 1580 1503 1609 petra.
1520 1573 1587 1600 Tum
1601 1573 1754 1600 dicentibus
1774 1581 1841 1600 non-

1050 1623 1132 1650 nullis
1157 1628 1166 1652 :
1192 1621 1367 1649 Aidificemus
1398 1621 1527 1655 templum
1559 1619 1595 1646 ita
1623 1624 1651 1645 ut
1678 1624 1780 1652 petram
1806 1618 1840 1644 ad

1049 1669 1149 1696 Keblah
1165 1673 1337 1699 statuamus;
1350 1667 1415 1692 dixit
1430 1665 1512 1693 Omar
1528 1673 1535 1691 :
1549 1663 1734 1699 Nequaquam,
1750 1671 1840 1690 verum

1050 1715 1085 1741 ita
1108 1713 1234 1747 templum
1257 1717 1395 1740 struemus
1411 1715 1440 1738 ut
1458 1716 1559 1746 petram
1577 1711 1609 1737 ad
1627 1715 1730 1745 partem
1751 1710 1839 1743 ipsius

1051 1756 1230 1792 posteriorem
1252 1755 1430 1782 collocemus.
1456 1753 1559 1781 Struxit
1585 1760 1649 1787 ergo
1668 1753 1751 1780 Omar
1769 1758 1839 1780 tem-

1052 1804 1126 1836 pium
1156 1802 1232 1833 cujus
1257 1802 1285 1827 in
1311 1804 1387 1834 parte
1416 1799 1565 1834 pesteriore
1596 1802 1700 1833 petram
1728 1799 1838 1825 statuit.

1050 1847 1153 1876 Deinde
1169 1846 1324 1873 Bethlehem
1343 1845 1377 1872 ad
1393 1852 1452 1872 eam
1464 1844 1601 1872 visendam
1614 1843 1762 1879 profectus,
1777 1852 1838 1871 cum

1049 1894 1158 1920 adesset
1182 1891 1314 1920 orationis
1341 1896 1458 1925 tempus,
1478 1891 1550 1917 intra
1575 1889 1718 1917 ecclesiam
1741 1890 1839 1924 289-

1046 1938 1125 1973 291
1140 1938 1227 1964 oravit
1241 1936 1273 1963 ad
1286 1943 1376 1963 areum
1394 1935 1558 1962 australem.
1575 1933 1640 1961 Erat
1654 1939 1742 1961 autem
1758 1942 1797 1960 art
1806 1943 1839 1961 us

1053 1988 1130 2011 totus
1145 1990 1226 2017 opere
1239 1980 1376 2008 tcssellato
1390 1981 1555 2014 varicgatus.
1574 1979 1742 2014 Scripsitque
1756 1978 1838 2006 Omar

1046 2028 1209 2063 patriarchae
1232 2026 1413 2061 syngrapham
1439 2033 1472 2051 ne
1497 2029 1609 2051 orarent
1634 2024 1694 2052 loco
1714 2025 1764 2051 isto
1781 2023 1837 2050 Mo-

1047 2072 1217 2101 ltammedani
1235 2072 1287 2098 nisi
1310 2070 1424 2106 singuli,
1445 2071 1516 2097 alius
1537 2075 1597 2104 post
1614 2069 1708 2102 alium,
1726 2077 1791 2096 neve
1803 2070 1837 2096 ad

1045 2118 1175 2146 orandum
1203 2117 1238 2144 ibi
1257 2116 1381 2150 .coirent,
1407 2122 1496 2150 neque
1526 2115 1560 2141 ad
1588 2121 1684 2148 preces
1707 2114 1838 2148 pra-eonis

1047 2171 1112 2191 voce
1125 2167 1361 2194 convocarentur;
1381 2168 1468 2195 neque
1489 2163 1640 2186 mutaretur
1661 2159 1686 2185 iu
1701 2165 1733 2185 eo
1757 2158 1838 2191 quil-

1045 2218 1137 2245 quam.
1152 2209 1186 2236 At
1197 2212 1318 2242 tempore
1332 2207 1382 2234 hoc
1396 2211 1487 2233 nostro
1499 2210 1592 2232 contra
1607 2204 1698 2231 icrunt
1712 2203 1836 2230 Mallem-

1045 2254 1152 2281 medani
1170 2252 1261 2280 Omari
1280 2251 1367 2278 Ebnol
1384 2250 1495 2278 Chetabi
1508 2249 1621 2283 scripto.
1635 2247 1702 2274 Nam
1726 2253 1753 2274 et
1769 2249 1836 2275 sub-

1045 2298 1101 2325 lato
1137 2304 1220 2332 opere
1259 2297 1396 2330 variegato
1424 2295 1459 2321 ab
1488 2302 1574 2326 arcu,
1604 2293 1736 2328 quidquid
1771 2293 1837 2328 ipsis

1044 2345 1129 2371 visum
1154 2343 1204 2370 fuit
1223 2341 1323 2369 ibidem
1345 2341 1525 2375 scripserunt,
1542 2343 1570 2366 et
1592 2339 1625 2366 ad
1653 2346 1748 2372 preces
1765 2339 1837 2365 coic-

1043 2395 1119 2421 runt,
1134 2389 1291 2416 hominibus
1303 2388 1436 2423 prreconis
1449 2394 1514 2414 voce
1527 2384 1694 2412 convocatis.
1707 2385 1837 2418 idemque

1045 2436 1166 2463 fecerunt
1182 2436 1263 2462 etiam
1292 2435 1316 2461 in
1344 2433 1474 2468 gradibus
1498 2431 1543 2466 qui
1561 2431 1636 2466 juxta
1665 2435 1770 2465 portam
1789 2437 1837 2456 ec-

1044 2481 1131 2507 clesiae
1145 2479 1317 2507 Constantini
1332 2480 1452 2510 fuerant,
1465 2484 1548 2511 super
1563 2483 1633 2510 quos
1641 2476 1728 2502 oravit
1740 2475 1833 2506 Omar,

1044 2526 1150 2561 sibique
1176 2530 1314 2552 sumentes
1338 2523 1482 2550 dimidium
1510 2521 1635 2548 vestibuli
1661 2519 1783 2547 ecclesiae
1808 2519 1834 2563 in

1045 2572 1102 2606 ipso
1117 2571 1266 2598 oratorium
1281 2571 1483 2600 exstruxerunt,
1494 2566 1566 2601 quod
1579 2565 1726 2593 oratorium
1740 2563 1834 2591 Omatl

1043 2617 1209 2644 vocitarunt.

1077 2661 1161 2689 Porro
1178 2665 1300 2688 mortuus
1316 2665 1355 2688 est
1373 2659 1545 2694 Sophronias
1562 2657 1717 2693 patriarcha
1735 2655 1831 2683 Hiero-

1045 2707 1233 2743 solymitanus,
1256 2710 1397 2742 postquam
1416 2712 1529 2733 munere
1547 2704 1592 2732 illo
1614 2708 1731 2739 quatuor
1753 2701 1832 2729 annis
