2014 3082
188 134 255 167 1101

907 131 1089 163 ANN'ALES.

1747 131 1809 164 112

186 190 295 218 functus
309 193 392 218 esset.
419 189 482 217 Post
503 194 619 218 mortem
644 192 735 216 autem
756 188 842 223 ipsius
865 195 897 215 cx
923 196 977 223 quo
992 190 1012 219 Α
1029 193 1081 222 sel,
1100 189 1136 216 ita
1158 188 1203 216 ille
1221 188 1271 224 ipsi
1293 189 1426 224 scripsit:
1448 189 1533 217 Servo
1554 189 1615 221 Dei,
1641 190 1740 216 0.11am
1756 191 1811 218 Et"

189 236 307 264 decessit
321 240 481 263 manserunt
491 234 679 271 llierosolynta
693 234 797 268 absque
822 233 976 268 patriarcha

187 289 274 308 annos
299 280 392 317 viginti
419 288 528 308 novem.
554 280 639 307 Jussit
667 285 758 306 autem
784 278 866 306 Ornar
892 276 978 306 Ebnol

187 327 235 354 Asi
249 327 353 361 paratis
365 327 450 361 copiis
463 326 610 362 Egyptum
624 325 758 360 proﬁcisci
771 334 777 358 ;
796 324 978 359 praecepitque

189 374 213 400 ei
229 378 257 399 ιιι
273 372 295 399 si
310 380 371 400 eum
391 373 424 400 ad
445 373 532 408 ipsutn
548 371 724 407 pervenirent
738 370 835 398 littera:
851 370 936 405 ipsius
952 370 978 396 in

189 419 292 445 ditione
306 418 390 453 Syria:
406 423 489 450 esset,
507 417 667 445 subsisteret
684 423 734 444 nec
756 416 868 443 ulterius
883 422 977 449 perge-

190 470 245 496 ret;
263 465 304 490 sin
333 464 366 491 ad
382 464 469 499 ipsum
495 463 681 498 perferrentur
701 467 847 497 postquam
867 460 977 496 «Egypti

187 510 259 537 lines
273 510 413 544 ingressus
429 514 513 541 esset,
529 508 748 544 progrederetur.
764 507 834 534 Turn
850 514 978 534 reversus

190 559 233 582 est
247 556 331 581 Omar
344 554 429 582 Ebnol
443 554 555 582 Chetabi
571 554 606 581 ab
624 552 818 587 Hierosolymis
833 551 978 579 Medinam.

190 600 249 627 Abu
267 600 347 634 292
368 599 490 626 Obaidab
506 604 595 626 autem
614 599 697 626 Ebnol
718 597 806 625 larabi
827 597 977 628 llamsum;

191 644 253 671 dein
268 644 368 671 Harnso
382 644 562 671 Kenasrinum
580 643 720 679 profectus
737 648 790 670 est.
808 642 979 677 Scripsitqnc

192 689 224 715 ad
243 689 329 722 ipsum
345 688 490 716 KL‘IIaSI'iIIi
512 689 654 723 patricius,
678 688 731 715 sibi
754 687 836 714 unius
853 686 915 713 anni
939 686 980 712 in-

192 735 288 762 ducias
305 739 410 768 petens,
434 741 488 768 quo
501 734 535 761 ad
553 733 710 761 lleraclium
725 733 918 768 imperatorem
934 739 980 759 ac-

191 779 321 807 cederent
335 780 468 812 ltomines,
480 784 563 815 utque
578 779 625 814 qui
640 779 677 806 ibi
695 782 837 806 manerent
851 778 878 805 in
893 777 980 805 fmdus

192 831 220 852 et
243 830 348 860 pactum
372 826 571 861 reciperentur.
589 825 638 853 Cui
663 831 725 851 cunt
753 823 896 851 annuisset
920 823 979 851 Abu

1030 233 1155 263 Chctabi,
1173 233 1291 261 ﬁdelium
1315 233 1472 267 imperatori
1488 241 1495 266 ;
1516 234 1587 268 quod
1612 242 1682 269 aegre
1701 233 1813 270 [primo]

1031 280 1092 306 tulit
1115 279 1198 307 Ontar
1223 279 1310 307 Ebnol
1337 280 1461 313 Cltetabi,
1491 288 1579 315 neque
1601 281 1721 315 agnovit.
1748 281 1813 308 Dein

1030 326 1099 353 dixit
1115 334 1122 352 :
1141 325 1197 360 Ego
1213 332 1274 352 smn
1291 333 1387 353 servus
1404 325 1463 358 Dei,
1479 332 1529 360 ego
1545 325 1628 352 Ontar
1645 325 1729 352 Ebnol
1746 326 1814 354 Che-

1031 371 1098 404 tal-i,
1112 379 1162 406 ego
1179 371 1294 398 ﬁdelium
1311 372 1479 406 imperator;
1492 378 1583 398 verum
1598 372 1664 398 dixit
1680 373 1711 399 Al
1729 372 1814 407 lllogi-

1030 417 1079 444 rah
1096 417 1154 444 Ebn
1178 416 1300 444 Shaabw.
1322 417 1480 452 Appel'ialus
1490 422 1531 445 est
1546 417 1627 452 296
1648 425 1711 452 ergo
1733 418 1817 445 Ortar

1031 462 1119 490 Elmol
1144 461 1256 489 Cbetabi
1281 462 1385 489 Amirol
1409 462 1566 493 Μιιιιιοηὶιι.
1592 470 1640 490 seu
1670 463 1817 497 imperator

1033 502 1151 534 ﬁdelium
1171 511 1274 541 :alque
1293 514 1325 533 ex
1344 514 1376 534 eo
1395 510 1517 541 tempore
1533 505 1655 541 insigniti
1674 510 1738 534 sunt
1753 507 1817 534 cba~

1032 551 1086 579 lif:c
1098 552 1188 583 titulo,
1205 551 1309 579 Atnirol
1326 551 1476 579 Mumenin.

1015 627 1020 631 _
1068 597 1213 631 Yazdejird
1237 601 1326 625 autettt
1352 598 1496 626 Persarum
1521 606 1568 625 rex
1599 597 1694 625 atnlitu
1717 598 1818 625 certior

1033 643 1119 671 factus
1144 643 1177 670 de
1197 643 1314 670 adventu
1338 643 1417 670 Saadi
1441 643 1496 670 Ebn
1515 643 1565 670 Abi
1587 643 1726 676 \Vabkasi,
1743 643 1820 670 fami-

1032 689 1096 716 liatn
1112 696 1190 716 stram
1207 696 1240 715 ac
1254 688 1398 716 thesauros
1415 688 1442 715 in
1458 688 1549 716 Sinam
1565 688 1703 724 deportari
1718 688 1797 722 jussit
1811 698 1818 720 ;

1032 735 1120 770 copiis
1136 742 1249 762 numero
1265 735 1368 769 paucis,
1393 742 1425 761 ac
1445 735 1620 762 facultatibus
1644 734 1758 762 modicis
1776 743 1819 761 re-

1033 780 1127 813 tentis;
1145 780 1329 814 prafectoquc
1343 780 1375 807 Al
1394 779 1546 815 Madayeno
1564 779 1690 807 Cborado
1705 779 1737 806 Al
1751 779 1818 807 Uzdi

1033 826 1118 853 fratre
1132 824 1264 857 Rostatni,
1283 825 1443 852 Rostamum
1461 825 1534 852 misit
1551 829 1737 861 oppugnatum
1753 825 1820 852 Saa-

192 870 331 903 Obaidalt,
351 871 455 906 rogavit
471 871 600 905 patricius
617 871 674 898 Abu
691 869 822 898 Obaidarn
838 873 867 896 ut
878 869 981 896 colutn-
999 866 1020 894 Β
1034 872 1098 900 dum
1115 871 1173 899 Et)"
1194 871 1245 900 [lbi
1262 871 1402 899 wukkasi,
1424 872 1472 899 me
1493 879 1559 907 ergo
1579 871 1703 899 moesia;
1727 872 1817 899 sedem

194 925 255 944 nam
287 921 421 944 statueret
449 917 521 944 inter
548 916 658 944 Graecos
685 921 713 943 et
740 915 982 943 Mobammedanos

193 967 326 995 erectam,
340 969 422 997 quam
448 969 536 997 neque
554 962 672 989 transire
693 960 926 988 Mobamntedanis
949 961 982 987 ad

193 1007 305 1035 Cra-cos
336 1007 439 1040 liceret,
468 1015 520 1035 nec
542 1007 644 1034 Graecis
672 1007 705 1034 ad
730 1007 982 1038 Mohammedanos,

193 1060 246 1087 qua
282 1052 309 1079 itt
345 1053 471 1080 columna
504 1053 619 1088 efﬁgiem
657 1052 774 1080 llcraclii
812 1052 983 1086 imperatoris

195 1097 321 1133 [throno]
343 1099 416 1133 regio
431 1098 574 1126 insidentis
590 1099 750 1133 pinxerant.
767 1097 844 1130 Quod
861 1102 888 1124 et
903 1105 984 1125 acce-

195 1150 270 1180 pttnn
289 1144 384 1171 habuit
406 1144 464 1172 Abu
479 1143 600 1171 Obaidae.
622 1144 690 1170 Dum
710 1147 800 1170 autem
818 1142 896 1176 equis
917 1150 984 1170 con-

196 1190 304 1218 scettsis
319 1198 333 1216 e
349 1189 580 1217 Mobamnlcdanis
596 1189 704 1224 quidam
721 1188 858 1223 equitandi
881 1193 940 1215 arte
957 1195 986 1215 se

195 1240 363 1266 exercerent,
378 1241 441 1261 erce
459 1234 517 1261 Abu
537 1234 651 1261 llandali
671 1233 728 1260 Ebn
746 1233 821 1260 Anlri
839 1233 918 1268 pleno
936 1233 985 1259 im-

196 1283 259 1314 petu
276 1286 346 1313 equo
362 1287 411 1306 suo
428 1284 532 1310 vectus.
549 1287 631 1306 manu
649 1279 753 1305 hastam
773 1281 868 1305 tenens
881 1277 985 1305 colunt-

197 1331 260 1351 nam
281 1324 359 1352 istam
376 1329 456 1359 atque
473 1325 586 1360 elligietn
604 1323 724 1355 transiit,
742 1323 900 1358 ferrumque
912 1324 984 1358 quod

198 1371 231 1397 ad
248 1369 404 1397 inferiorem
427 1370 512 1397 basta:
528 1377 584 1397 sua:
605 1374 709 1404 partem
731 1373 816 1401 esset,
833 1369 914 1396 oculo
928 1368 986 1396 elli-

198 1416 262 1450 giei,
280 1416 352 1443 haud
370 1416 433 1443 data
454 1423 547 1450 opera.
564 1415 678 1450 inﬁgens
694 1414 746 1450 ipsi
763 1414 873 1442 oculum
891 1412 988 1440 conlo-

200 1460 250 1487 dit.
274 1460 410 1487 Patricius
433 1467 498 1495 ergo
522 1459 665 1486 Kenasrini
690 1461 824 1486 accedens
849 1457 917 1484 duit
937 1457 986 1484 Abi

200 1505 311 1533 Obaida‘.
333 1514 340 1532 :
359 1505 492 1532 Fraudem
509 1505 588 1532 nobis
615 1504 730 1536 fecistis,
754 1510 771 1530 ο
787 1503 864 1531 turba
889 1503 987 1530 hlosle-

202 1558 320 1585 tuorum,
336 1551 437 1578 violata
455 1557 531 1585 pace,
545 1554 629 1585 atque
643 1549 762 1577 induciis
777 1557 837 1584 qua:
852 1549 923 1576 inter
937 1557 987 1577 nos

201 1600 280 1623 erant
301 1596 409 1624 solutis.
435 1596 547 1623 Dicente
571 1595 628 1622 Abu
644 1594 766 1623 Obaidab
782 1604 789 1622 :
806 1594 839 1621 Et
862 1595 987 1629 quisnam

202 1641 290 1677 ipsum
304 1641 439 1669 violavit?
454 1640 605 1676 Respondit
621 1641 756 1668 Patricius
771 1650 778 1668 :
796 1640 842 1667 Ille
857 1640 902 1675 qui
916 1640 989 1675 regis

202 1689 289 1716 nostri
302 1688 411 1715 oculum
438 1688 562 1716 conﬁxit.
579 1687 651 1714 Dixit
676 1688 734 1714 Abu
754 1685 876 1713 Obaidab
894 1695 900 1712 :
919 1685 988 1718 Quid

201 1742 267 1770 ergo
282 1734 385 1762 vultis?
399 1734 611 1769 Responderunt
629 1743 635 1761 :
655 1733 712 1761 Non
728 1734 807 1760 aliter
823 1733 990 1768 placabimur

203 1787 283 1815 quam
310 1781 332 1808 si
356 1781 429 1815 regis
456 1781 538 1809 vestri
566 1780 662 1808 oculus
683 1783 805 1807 eruatur.
831 1778 904 1806 Dixit
931 1778 990 1805 Abu

203 1828 324 1858 Obaidah
339 1836 346 1855 :
364 1828 490 1855 Statuam
505 1833 592 1854 meam
604 1825 697 1860 ponite
709 1825 770 1853 loco
781 1825 878 1858 istius;
893 1824 991 1852 deinde

206 1873 384 1910 293-295
409 1873 473 1906 quid
498 1871 576 1899 vobis
599 1871 711 1899 libuerit
735 1878 768 1898 ac
796 1870 884 1897 visum
910 1869 992 1897 fuerit

204 1921 297 1949 facite.
317 1918 526 1953 Responderunt
544 1926 551 1944 :
570 1916 629 1944 Non
649 1916 703 1944 alia
726 1916 806 1943 nobis
828 1916 917 1950 imago
936 1914 993 1950 pla-

206 1967 279 1994 cebit
293 1973 374 2001 quant
397 1964 469 1999 regis
492 1962 576 1990 vestri
592 1961 714 1993 maximi,
730 1961 758 1988 in
780 1968 836 1995 quo
856 1965 993 1987 annuente

208 2012 276 2046 ipsis
303 2011 361 2038 Abn
391 2009 494 2037 Obaida
521 2016 583 2036 cum
610 2008 740 2036 fecissent
764 2006 850 2034 Graeci
873 2010 993 2033 statuam

208 2057 300 2085 Ornat-i
328 2055 407 2083 Ebnil
434 2054 546 2082 Cltelabi
574 2054 708 2081 accedens
731 2061 765 2080 ex
788 2052 856 2086 ipsis
882 2051 993 2086 quidam

209 2103 287 2130 hasta
307 2101 414 2129 oculunt
432 2100 484 2136 ipsi
502 2100 626 2127 conﬁxit.
644 2099 714 2126 Tum
731 2098 866 2126 Patricius
882 2105 890 2124 :
906 2097 994 2129 Nunc,

210 2147 309 2182 inquit,
322 2147 397 2181 juste
417 2145 561 2172 nobiscum
577 2144 683 2178 egistis.
700 2143 780 2170 Anno
801 2142 885 2177 igitur
898 2146 994 2169 exacto

1035 919 1118 954 ﬁgens
1135 918 1169 946 ibi
1192 918 1353 953 permansit,
1371 919 1457 946 donec
1474 918 1653 946 occideretur.
1673 917 1750 950 Quod
1775 918 1820 944 ubi

1034 963 1194 997 Yazdejirdo
1215 963 1369 990 nuntiatum
1389 968 1472 995 esset,
1487 963 1644 998 videretque
1662 970 1742 998 quam
1757 971 1820 997 erga

1035 1008 1123 1043 ipsum
1145 1009 1247 1044 obliqui
1267 1014 1360 1037 essent
1381 1013 1497 1045 populus
1521 1015 1602 1044 atque
1617 1010 1752 1038 exercitus
1766 1010 1821 1041 sui,

1035 1062 1172 1089 quamque
1186 1055 1365 1090 immorigcri,
1383 1063 1414 1082 ac
1429 1056 1543 1089 periisse
1558 1056 1696 1084 exercitus
1707 1057 1749 1084 sui
1768 1057 1822 1091 pri-

1036 1100 1149 1133 marios,
1175 1104 1258 1134 atque
1288 1100 1359 1127 inter
1383 1101 1458 1135 ipsos
1485 1101 1650 1128 discordiam
1677 1109 1747 1134 esse,
1774 1109 1822 1137 pro
1868 1098 1871 1100 ’

1037 1150 1112 1173 certo
1139 1145 1234 1172 habuit
1257 1150 1330 1172 retro
1356 1145 1395 1172 ire
1420 1152 1533 1180 regnum
1559 1153 1650 1173 suum.
1681 1145 1771 1178 Quare
1795 1147 1821 1173 in

1038 1191 1156 1217 Pet-siam
1174 1189 1312 1223 profectus
1327 1190 1389 1217 inde
1403 1189 1494 1217 Meran
1512 1198 1608 1218 versus
1625 1198 1672 1225 per
1686 1191 1758 1218 viam
1773 1191 1821 1219 Se-

1034 1233 1134 1268 jrstani
1159 1234 1291 1269 perrexit,
1315 1235 1402 1262 donec.
1430 1235 1466 1262 ibi
1493 1236 1713 1267 interﬁceretur;
1736 1243 1824 1271 neque

1039 1287 1157 1314 unquam
1168 1278 1300 1306 bellorum
1314 1284 1342 1307 et
1352 1279 1555 1307 dissensionum
1567 1288 1664 1315 expers
1677 1281 1728 1307 fuit
1739 1289 1824 1316 usque

1037 1325 1101 1352 dtuli
1130 1325 1311 1352 occideretur.
1335 1324 1468 1359 Regnavit
1493 1330 1583 1353 autem
1605 1333 1691 1353 annos
1718 1327 1824 1361 viginti.

1039 1369 1120 1396 Omar
1137 1374 1230 1396 autem
1245 1369 1359 1397 Chelabi
1375 1370 1446 1397 [ilius
1466 1369 1510 1396 tibi
1526 1369 1661 1398 Medinam
1680 1371 1822 1405 pervenis-

1038 1419 1089 1445 sct,
1108 1414 1216 1448 scriptis
1237 1415 1336 1442 litteris
1358 1414 1487 1442 Ornarunl
1503 1415 1590 1443 Ebnol
1608 1417 1654 1443 Asi
1674 1416 1824 1444 Palaestina:

1039 1460 1202 1495 pralectura
1220 1460 1366 1492 abdicavit,
1380 1460 1487 1495 jussnm
1502 1461 1623 1489 collectis
1637 1462 1723 1496 copiis
1738 1462 1823 1498 Egy-

1039 1510 1115 1540 ptutn
1147 1504 1271 1532 tendere.
1300 1504 1441 1532 llloavviam
1473 1513 1537 1532 vero
1563 1506 1619 1532 Ebn
1646 1507 1696 1533 Abi
1722 1507 1823 1542 Solyan

1039 1550 1185 1582 Askclano,
1216 1550 1354 1582 Caesareae,
1381 1554 1409 1577 et
1434 1550 1584 1578 Palaestinae
1610 1552 1748 1586 praefecit,
1777 1554 1824 1587 qui

1039 1596 1190 1623 Caesaream
1211 1599 1237 1622 et
1252 1595 1415 1622 Askelanum
1436 1596 1526 1630 glatlio
1546 1597 1630 1632 cepit,
1654 1597 1735 1632 idque
1753 1606 1826 1626 anno

1040 1641 1184 1668 chalifatus
1204 1640 1296 1668 Olnari
1321 1640 1400 1668 Ebnil
1418 1642 1531 1668 Cbetabi
1552 1643 1677 1677 scptinto.
1696 1644 1763 1671 Turn
1778 1652 1825 1672 ac-

1040 1686 1147 1714 cedenti
1164 1686 1299 1713 Othmano
1314 1685 1392 1714 Ebnil
1406 1687 1521 1721 Aphano
1535 1688 1568 1715 ad
1584 1687 1712 1716 Omarurn
1731 1690 1826 1725 297-

1041 1732 1124 1767 299
1142 1731 1218 1759 Ebnil
1237 1731 1362 1764 Chctabi,
1380 1739 1441 1759 cum
1465 1732 1579 1761 dixisset
1596 1733 1689 1766 Ornar,
1714 1736 1827 1770 scriptis

1041 1778 1074 1805 ad
1092 1778 1205 1805 Amrum
1231 1777 1317 1806 Ebnol
1334 1777 1381 1805 Asi
1402 1777 1501 1805 litteris
1525 1779 1612 1814 ipsum
1637 1779 1779 1808 Palaestina
1799 1787 1829 1808 et

1042 1824 1164 1852 Catsarea
1182 1823 1349 1856 abdicatum,
1365 1822 1512 1859 Egyptum
1528 1825 1603 1852 adire
1616 1825 1697 1860 jussi,
1714 1827 1826 1854 lilo:twia

1042 1868 1102 1896 Ebn
1125 1868 1175 1896 Abi
1197 1868 1296 1903 Sofyan
1314 1868 1464 1896 Palaestinae
1487 1873 1514 1896 et
1539 1870 1668 1898 Ctesarea:
1689 1873 1827 1906 praefecto.

1043 1913 1208 1946 0thmanus,
1235 1913 1312 1941 Nosti
1340 1914 1463 1949 (inquit),
1485 1922 1503 1942 o
1528 1914 1678 1950 imperator
1700 1917 1828 1950 ﬁdelium,

1044 1958 1174 1986 Omarunt
1194 1958 1323 1985 audacem
1338 1966 1407 1991 esse,
1422 1965 1453 1986 ac
1471 1960 1649 1995 praecipitem,
1667 1961 1829 1996 imperiique

1045 2010 1192 2037 amantem,
1207 2008 1298 2031 metuo
1312 2011 1377 2039 ergo
1391 2011 1426 2032 ne
1439 2004 1580 2039 profectus
1597 2005 1657 2034 sine
1674 2006 1708 2034 iis
1728 2007 1830 2042 quibus

1046 2051 1181 2078 conﬁdere
1195 2050 1296 2085 possit,
1312 2050 1354 2077 vel
1377 2050 1438 2078 sine
1451 2050 1548 2085 copiis,
1565 2050 1723 2080 Moslemios
1739 2053 1832 2088 perdi—

1047 2095 1113 2124 tioni
1125 2097 1251 2130 exponat,
1264 2095 1495 2130 opportunitatem
1509 2103 1633 2130 sperans,
1642 2104 1702 2131 qua:
1715 2098 1829 2127 nesciat.

1046 2147 1096 2174 pro
1115 2140 1175 2175 ipso
1200 2147 1234 2166 an
1255 2143 1350 2167 contra
1375 2140 1464 2174 ipsum
1489 2139 1582 2168 faciat.
1610 2140 1742 2170 Poenituit
1766 2150 1831 2177 ergo

211 2200 304 2227 pacem
327 2196 352 2218 el
375 2190 466 2218 fmdus
488 2190 678 2217 observarunt.
697 2187 774 2222 Cepit
795 2191 886 2214 autem
909 2186 994 2222 Aiyad
1013 2197 1034 2224 ι)
1049 2185 1177 2213 Omarum
1191 2184 1413 2218 Eltnoleetabi,
1425 2185 1496 2220 quod
1511 2185 1545 2212 ad
1558 2187 1669 2214 Amrunt
1683 2188 1769 2215 Ebnol
1783 2189 1829 2215 Asi

211 2238 266 2264 Ebe
289 2236 407 2268 Canam,
427 2234 663 2270 Mesopotamiam,
688 2233 809 2260 Rakkam
834 2237 861 2259 et
880 2231 994 2264 Robam,

211 2282 358 2310 securilate
383 2281 450 2316 ipsis
469 2285 495 2308 et
519 2287 586 2315 pace
609 2284 698 2314 pacta.
724 2277 879 2314 Almogirah
905 2282 995 2304 autern

211 2328 404 2362 Aderbijanum
419 2326 509 2361 gladio
522 2325 697 2360 expugnavit.
712 2324 821 2352 Primus
841 2327 930 2351 autem
944 2323 995 2350 fuit

212 2373 370 2408 Altnogiralt
397 2372 443 2407 qui
470 2371 600 2399 Omarum
626 2370 714 2398 Ebnil'
740 2369 864 2402 Cltetabi,
891 2368 995 2395 Antirol

215 2419 372 2450 lilnmenin,
401 2424 449 2444 seu
483 2416 674 2451 imperatorem
700 2414 820 2442 ﬁdelium
841 2414 995 2449 appellavit.

215 2464 344 2492 llomines
366 2461 499 2497 siquidem
525 2465 631 2488 mortuo
656 2459 847 2487 Maltutnntede
867 2460 926 2486 Abu
948 2458 999 2486 Be-

215 2518 304 2544 erum,
325 2508 469 2540 Cbalifaln,
492 2515 541 2535 seu
553 2506 690 2534 'vicariurn
714 2505 803 2532 nuntii
824 2505 870 2531 Dei
895 2505 998 2532 vocita-

216 2558 292 2583 bant.
307 2555 429 2589 Cumque
449 2553 482 2581 ad
499 2553 586 2588 ipsutn
605 2552 756 2579 scriberent
773 2551 859 2586 ipsius
879 2550 997 2585 praefecti

216 2602 337 2629 scribere
360 2600 485 2629 solebant
507 2607 514 2626 :
532 2598 641 2626 Vicario
665 2597 753 2625 nuntii
780 2597 838 2629 Dei,
862 2604 876 2624 a
891 2596 923 2624 Ν.
942 2602 997 2624 etc.

216 2649 284 2675 Cum
298 2654 364 2682 ergo
377 2646 519 2680 imperium
538 2643 702 2671 obtinuisset
717 2642 802 2670 Omar
817 2642 912 2669 Ebnol'
927 2642 998 2669 Che-

217 2693 382 2727 t.lbi,ipsunt
403 2690 535 2718 vicarium
557 2689 652 2717 vicarii
675 2688 762 2716 nuntii
784 2688 832 2715 Dei
854 2687 1000 2721 insignive-

219 2744 282 2767 runt
298 2747 305 2765 :
324 2743 351 2766 et
368 2745 430 2765 cum
446 2737 479 2764 ad
492 2737 580 2772 ipsum
604 2736 710 2763 litteras
723 2734 829 2766 darent,
845 2734 1000 2761 scribebant

218 2785 337 2822 prtuluﬂl
351 2785 436 2819 ipsius
449 2782 576 2811 :Vicario
590 2782 685 2809 vicarii
702 2781 789 2808 nuntii
806 2779 853 2807 Dei
869 2787 883 2806 a
899 2778 930 2806 N.
946 2783 999 2807 etc.

218 2835 252 2858 At
265 2838 326 2859 cum
341 2830 374 2858 Al
387 2829 518 2863 Magiram
533 2828 593 2856 Ebn
607 2827 723 2856 Sllaabae
738 2825 846 2854 Basorac
862 2824 1000 2860 pra-fecis-

1051 2230 1218 2265 scripsisset,
1235 2230 1295 2265 ejus
1310 2230 1383 2264 quod
1403 2231 1510 2257 dixerat
1527 2229 1678 2259 Othrnanus
1696 2236 1832 2259 metuens.

1050 2276 1168 2303 Rursum
1191 2282 1256 2310 ergo
1276 2275 1308 2302 ad
1331 2276 1419 2310 ipsum
1441 2275 1565 2303 scribens
1583 2284 1591 2302 ι
1612 2275 1641 2302 Si
1659 2277 1833 2311 pervenerint

1051 2322 1160 2358 (inquit)
1186 2322 1218 2349 ad
1242 2325 1269 2348 te
1287 2321 1383 2348 litterae
1397 2321 1456 2348 istae
1470 2325 1616 2356 antequam
1630 2321 1739 2357 Aigypti
1753 2322 1802 2350 diti
1815 2335 1834 2346 :-

1050 2375 1113 2394 netn
1137 2367 1278 2403 ingressus
1300 2366 1395 2397 fueris.
1421 2374 1454 2394 eo
1474 2366 1545 2394 unde
1562 2367 1701 2401 profectus
1723 2375 1764 2400 es,
1790 2376 1834 2395 re-

1051 2414 1116 2441 deas
1130 2421 1138 2446 ;
1152 2413 1225 2447 quod
1242 2413 1264 2440 si
1283 2413 1426 2447 ingressus
1440 2411 1536 2445 fueris,
1549 2419 1630 2447 perge
1644 2420 1697 2447 qna
1712 2413 1833 2447 coepisti.
1874 2417 1878 2430 ‘~

1052 2459 1190 2486 Assecutis
1217 2462 1306 2485 autem
1334 2457 1433 2484 litteris
1455 2458 1581 2490 Amrum,
1605 2465 1666 2484 eunt
1693 2457 1834 2493 Raphaelti

1052 2510 1136 2535 esset,
1150 2508 1275 2531 metuens
1296 2502 1341 2530 ille
1360 2510 1394 2529 ne
1415 2502 1438 2530 si
1455 2507 1580 2537 acceptas
1594 2509 1641 2529 eas
1657 2503 1777 2537 aperiret
1795 2505 1836 2530 in-

1053 2550 1157 2578 veniret
1178 2549 1206 2575 in
1231 2548 1296 2584 ipsis
1317 2547 1503 2583 [mandatum]
1525 2547 1670 2581 redeundi,
1695 2548 1798 2575 litteras
1820 2556 1835 2574 a

1053 2595 1151 2622 nuntio
1174 2594 1300 2628 accipere
1321 2600 1451 2625 renuens,
1475 2592 1621 2627 ipsumque
1641 2593 1784 2627 repellens,
1803 2599 1835 2618 eo

1053 2648 1107 2675 quo
1118 2643 1178 2668 erat
1192 2643 1264 2667 statu
1281 2639 1412 2674 perrexit,
1424 2638 1510 2666 donec
1521 2639 1548 2666 in
1564 2638 1624 2666 vico
1633 2638 1750 2673 quodam
1765 2639 1837 2666 inter

1054 2685 1211 2722 Raphacum
1227 2689 1254 2712 et
1270 2684 1396 2711 Arisbam
1413 2687 1503 2711 castra
1516 2687 1639 2718 poneret.
1653 2683 1689 2711 De
1705 2690 1760 2718 quo
1774 2690 1834 2710 curn

1055 2732 1224 2765 interrogans
1248 2735 1409 2764 responsum
1430 2728 1538 2755 tulisset
1552 2736 1560 2755 :
1574 2727 1620 2756 Est
1639 2728 1683 2756 hic
1700 2736 1716 2756 e
1734 2728 1838 2756 ditione

1055 2777 1182 2812 Egypti';
1199 2776 1332 2803 accersito
1345 2774 1442 2801 nuntio
1457 2773 1562 2801 litteras
1577 2774 1611 2800 ab
1628 2775 1688 2808 ipso
1701 2778 1837 2809 acceptas,

1057 2831 1109 2851 una
1128 2831 1189 2851 cum
1207 2822 1240 2850 iis
1255 2821 1300 2851 oui
1318 2828 1410 2848 secum
1430 2820 1543 2848 aderant
1559 2818 1735 2847 Moslrminis.
1754 2819 1840 2854 perle-
