2014 3082
212 121 279 150 1103

690 119 872 150 EUTYCllll
892 120 911 147 Α
917 118 990 148 LEX
997 119 1161 149 ANDRINI
1180 120 1223 149 PA
1229 120 1289 150 TR.

1766 121 1836 153 1104

214 176 262 207 git,
278 174 404 208 dixitque
425 175 457 202 iis
473 183 480 201 :
497 174 536 200 An
560 182 611 200 non
629 174 714 200 nostis
728 173 816 200 vicum
837 173 911 199 hunc
927 180 941 198 e
954 172 995 198 di-
1010 175 1028 201 Α
1045 173 1112 200 dixit
1130 173 1195 207 ipsis
1214 184 1219 201 :
1236 173 1362 202 Pervenit
1380 175 1412 201 ad
1430 174 1532 202 Arabes
1547 176 1691 209 auxilium,
1718 185 1837 211 cumque

211 220 285 246 tione
309 219 418 254 Egypti
439 220 522 247 esse?
541 224 568 245 et
591 219 817 253 respondentibus
834 227 840 243 :
859 217 927 249 lmo,
945 217 997 243 Ιιιι-

210 269 320 299 peralor
337 266 450 300 (inquit)
474 264 590 290 ﬁdelium
613 264 705 298 jussit,
722 263 904 298 prmccpitque
918 263 999 297 300

211 316 241 336 ιιι
257 309 279 336 si
296 313 505 344 assequercntur
519 317 561 336 me
579 309 676 335 litterae
698 309 785 343 ipsius
804 309 924 335 nondum
943 316 998 335 ter-

212 363 268 381 ram
284 354 471 388 Aigyptiacum
498 354 664 388 ingressum,
690 358 858 386 reverterer;
883 353 956 388 quod
975 353 997 380 si

213 407 272 424 eam
288 399 343 431 jam
370 399 534 432 ingressum,
557 405 695 433 pergerem
711 407 718 425 :
738 398 841 433 pergite
856 406 918 432 ergo
936 406 997 426 cum

213 443 402 469 benedictione
427 442 472 469 Dei
504 447 530 469 et
564 443 666 470 auxilio
700 443 797 478 ipsius.
828 443 929 469 Ferunt
953 444 997 470 alii

213 490 334 518 Amrum,
349 496 410 515 cum
438 488 463 514 iu
487 488 630 515 Palaestina
654 492 737 521 esset,
761 488 907 523 (Egyptum
936 497 998 515 eum

212 533 359 560 comitibus
370 533 426 560 suis
441 533 592 567 profectum
611 541 671 560 esse
683 541 735 559 non
750 533 893 567 impetrata
908 533 999 564 venia.

219 578 419 613 scripsisseque
443 579 476 605 ad
503 579 591 613 ipsum
619 578 747 606 Omarum
776 579 861 606 Ebnol
884 579 997 605 Cbctabi

211 631 273 650 cum
290 623 377 650 adhuc
393 625 460 651 citra
480 624 608 652 Arisltum
625 628 719 657 esset;
739 625 827 659 ipsum
845 632 907 651 vero
924 626 998 652 litte-

214 676 256 695 ras
273 668 344 702 apud
365 675 395 695 se
419 673 540 696 retentas
561 677 616 696 non
637 669 735 703 legisse
757 669 844 696 donec
870 670 998 697 Aristium

214 712 382 746 perveniret;
410 719 442 739 ac
463 716 519 739 tum
544 720 590 739 cas
613 713 732 747 legisse;
756 711 783 739 in
809 713 908 747 quibus
932 714 1001 740 seri-

214 761 288 792 ptum
306 757 356 783 fuit
374 765 382 784 :
400 758 440 784 Ab
465 757 566 785 Omaro
584 757 667 784 Ebuol
692 758 805 785 Cltetabi
831 758 863 785 ad
885 758 998 785 Antrum

215 803 298 830 libuoi
317 803 373 830 Asi.
396 803 444 830 llis
460 804 629 839 prazmissis:
651 803 793 831 Profectus
815 811 844 831 cs
871 809 898 831 tu
917 804 998 839 Egy—

214 854 288 883 ptmn
305 857 366 876 cum
390 850 425 877 iis
444 850 488 884 qui
504 854 592 877 tecum
616 855 679 877 sunt
695 859 702 876 :
719 851 745 877 itt
763 859 816 885 qua
842 859 938 884 magna
959 856 1000 878 est

213 903 228 922 e
252 894 435 922 Rotuanortun
456 896 542 929 copiis
566 896 722 927 multitudo,
753 903 815 922 cum
837 901 926 922 terum
950 896 998 921 lto-

214 941 301 967 mincs
317 941 371 966 sint
394 948 508 967 numero
532 941 620 975 pattci.
641 940 667 967 Si
691 949 755 975 ergo
781 941 900 967 nondum
916 941 1000 975 Algy-

214 989 288 1020 ptum
301 985 434 1019 attigeris,
455 984 498 1011 fac
514 986 622 1012 redeas.
645 986 749 1012 Dixisse
765 993 829 1020 ergo
849 986 974 1013 Quarum
991 995 997 1012 :

213 1032 344 1062 Qua‘nam
372 1035 413 1057 est
443 1030 500 1057 lure
525 1031 617 1057 terra?
640 1031 764 1065 Cumque
781 1032 997 1065 responderent:

212 1074 346 1110 (Egyptns
364 1085 372 1102 :
398 1075 548 1109 profecturi]
568 1075 732 1110 perrexisse.
754 1076 805 1102 Alii
824 1080 913 1103 autent
935 1077 999 1102 Aiu-

216 1129 273 1147 runt
289 1128 349 1147 cum
363 1121 483 1147 exercitu
500 1129 550 1147 suo
561 1121 638 1154 juxta
658 1120 811 1148 Caesaream
827 1122 923 1153 fuisse,
946 1129 997 1147 una

213 1173 273 1192 cum
286 1166 392 1192 caeteris
411 1173 471 1200 quae
487 1166 525 1192 ibi
542 1170 634 1192 essent
649 1166 736 1199 cupiis
754 1166 838 1199 ipsam
856 1165 1000 1193 obsidione

213 1211 369 1245 eingcntes;
399 1215 482 1245 atque
510 1209 640 1238 Omarum
671 1210 758 1237 Ebuol
786 1210 922 1241 Cbetabi.
953 1211 1000 1246 qui

213 1256 297 1283 Jabize
316 1261 374 1282 tum
400 1256 460 1288 fuit,
486 1255 557 1281 clam
575 1255 608 1282 ad
636 1255 724 1288 ipsum
750 1254 855 1281 litteras
880 1255 1001 1283 misisse.

214 1301 305 1334 Ipsum
326 1307 391 1333 ergo
415 1299 560 1334 {Egyptum
586 1298 769 1329 contendisse,
796 1305 864 1325 eove
886 1299 998 1333 iubente

214 1347 328 1373 comites
349 1347 435 1380 ipsius
460 1347 598 1381 profectos
615 1352 675 1372 esse
698 1345 786 1372 instar
807 1352 902 1372 earum
924 1346 969 1380 qui
986 1354 1000 1372 a

215 1392 273 1418 loco
298 1392 329 1417 ad
357 1392 447 1418 locant
471 1391 654 1425 propinquum
681 1390 912 1425 proﬁciscuntur,
939 1391 1001 1417 dein

215 1441 296 1462 noctu
323 1435 375 1462 iter
398 1435 506 1462 fecisse.
529 1435 652 1468 Cumque
670 1434 726 1468 iam
754 1434 861 1467 longius
888 1434 972 1469 profet
983 1435 1001 1460 ti

214 1485 315 1512 essent,
332 1487 402 1513 :rgre
417 1480 511 1506 tulisse
525 1479 671 1513 praefectos
685 1480 825 1506 exercitus
843 1480 909 1505 illud
928 1480 1000 1514 quod

1051 219 1120 244 baud
1140 220 1225 246 simus
1241 220 1275 245 iis
1290 221 1492 254 oppugnandis,
1518 223 1608 248 securi
1625 230 1685 249 esse
1701 231 1754 249 non
1772 232 1837 258 pos-

1051 271 1157 296 sumus,
1171 271 1203 290 ue
1217 272 1307 290 arcem
1318 265 1459 299 capientes
1472 273 1522 292 nos
1538 271 1555 292 ti
1565 267 1689 299 ucident;
1706 276 1811 302 quorm
1823 277 1838 296 a

1053 309 1200 336 obstructis
1219 310 1290 337 arcis
1316 311 1412 344 portis,
1438 319 1527 346 pugna
1553 313 1628 346 ipsos
1645 313 1811 341 lacessantns
1831 323 1838 345 ;

1051 359 1134 387 atque
1152 362 1185 382 ex
1199 362 1262 382 arce
1289 355 1315 382 in
1334 356 1451 383 insulam
1471 358 1574 392 egressi
1589 358 1625 385 ibi
1642 359 1838 392 subsistamus,

1051 399 1132 426 niivio
1150 408 1198 427 nos
1216 401 1381 428 munientes.
1399 401 1508 437 Egressi
1523 411 1590 437 ergo
1606 403 1692 431 Gratei
1708 413 1760 432 una
1776 413 1837 432 cum

1051 445 1217 472 lii-.ltaukaso
1244 452 1270 473 et
1298 452 1368 475 coetu
1411 448 1562 481 primorum
1586 450 1775 484 Copbtitarutn
1805 459 1837 478 cx

1050 497 1127 526 porta
1145 493 1256 519 australi
1269 512 1276 524 ,
1290 494 1439 521 comitante
1455 495 1596 522 hominum
1617 497 1698 523 turba
1712 497 1758 530 qui
1773 505 1837 524 eum

1051 537 1186 564 Arabibus
1205 541 1534 573 pugnarenheonscensis
1552 542 1667 568 navibus
1678 542 1705 568 in
1719 543 1838 570 insulam

1051 588 1182 610 venerunt
1197 591 1230 610 eo
1245 585 1306 611 loco
1324 585 1368 612 tibi
1391 591 1434 612 est
1451 586 1530 613 ltodie
1549 586 1751 619 Exclusorium,
1769 596 1835 622 pon—

1051 633 1160 663 temque
1187 630 1357 657 rcacideruut
1371 639 1378 657 :
1391 638 1424 658 eo
1445 637 1535 659 autem
1565 637 1687 666 tempore
1706 633 1758 660 fuit
1782 642 1839 668 quo

1051 674 1154 700 auctior
1170 674 1227 700 fluit
1242 673 1330 702 Nilus.
1339 676 1407 701 Tum
1419 676 1565 703 blttkaukas
1581 677 1613 704 ad
1625 677 1738 704 Autrum
1752 678 1838 705 Ebuol

1052 719 1109 751 Asi,
1126 726 1156 746 ac
1174 719 1260 753 ipsius
1279 721 1393 748 comites
1409 722 1519 749 mittens
1537 731 1545 750 :
1572 722 1626 750 Vos
1643 723 1755 758 (inquit)
1771 732 1838 758 gens

1051 764 1119 792 estis
1128 765 1173 799 qui
1191 766 1328 800 regionem
1341 772 1462 794 nostram
1476 768 1605 801 ingressi,
1621 776 1712 803 pugna
1726 777 1775 796 nos
1791 778 1839 797 ur-

1052 809 1127 836 sistis
1140 809 1241 844 diuque
1252 811 1278 836 iu
1296 814 1368 839 terra
1380 817 1475 839 nostra
1487 813 1662 841 substitistis.
1671 813 1732 842 Jam
1745 820 1836 842 autent

1020 849 1038 874 Β
1055 854 1140 879 cinxit
1154 860 1203 880 vos
1219 854 1297 882 Nilus
1319 855 1381 887 iste,
1405 855 1524 891 factique
1541 857 1608 884 estis
1635 859 1760 892 protinus
1773 867 1838 893 cap—

1053 896 1110 921 tivi.
1125 895 1222 923 Mittite
1237 905 1302 932 ergo
1317 899 1349 925 ad
1366 905 1417 927 nos
1440 899 1551 927 nomine
1577 905 1669 928 vestro
1687 902 1804 937 aliquem
1822 911 1837 930 a

1052 947 1107 972 quo
1132 940 1195 972 quid
1223 941 1320 969 dicatis
1348 943 1507 976 audiamus;
1529 944 1620 972 [orsan
1654 953 1687 973 eo
1716 947 1838 974 recident

1052 985 1124 1012 inter
1141 993 1190 1012 nos
1206 992 1232 1013 et
1256 994 1306 1014 \os
1331 996 1374 1015 res
1393 997 1448 1023 quo
1470 991 1577 1024 utrique
1595 991 1729 1024 velimus;
1756 998 1840 1027 atque

1053 1030 1097 1057 isti
1111 1031 1183 1058 inter
1202 1039 1251 1058 nos
1271 1034 1416 1060 certamini
1434 1034 1496 1062 linis
1513 1035 1679 1070 imponetur.
1691 1037 1758 1063 Cum
1772 1045 1840 1072 ergo

1054 1075 1085 1101 ad
1099 1076 1209 1103 Amrum
1229 1077 1314 1103 Ebuol
1332 1078 1379 1105 Asi
1395 1082 1582 1112 pervenissent
1597 1081 1752 1109 Mokrtttknsi
1765 1091 1839 1109 nun-

1052 1119 1092 1150 tii,
1122 1120 1195 1146 misit
1223 1120 1267 1147 ille
1290 1128 1351 1147 cum
1379 1122 1447 1156 ipsis
1475 1124 1586 1151 Abadalt
1612 1125 1695 1151 Ebuol
1724 1126 1838 1158 Sameti,

1054 1162 1124 1194 (erat
1138 1169 1227 1190 autem
1243 1165 1353 1191 Abatlab
1366 1166 1459 1202 Niger)
1470 1169 1516 1202 qui
1533 1169 1577 1194 tibi
1595 1170 1626 1196 ad
1644 1169 1839 1198 Multaukasum

1054 1207 1195 1241 ingrcssns
1206 1214 1288 1240 esset,
1314 1210 1360 1237 illo
1377 1219 1459 1246 prope
1475 1213 1525 1239 sibi
1543 1214 1638 1241 sedere
1656 1215 1753 1249 jusso:
1767 1216 1839 1248 Quid

1054 1256 1107 1285 est,
1120 1253 1218 1287 inquit,
1233 1254 1305 1288 quod
1320 1263 1334 1281 a
1352 1257 1431 1284 nobis
1447 1258 1548 1285 vultis?
1563 1260 1652 1287 indica
1668 1261 1758 1288 nobis.
1787 1261 1839 1289 Cui

1055 1298 1166 1325 Abadah
1190 1307 1197 1325 :
1221 1298 1280 1326 Non
1310 1305 1352 1328 est
1379 1303 1491 1338 (inquit)
1518 1304 1590 1332 inter
1617 1313 1668 1333 nos
1695 1313 1727 1333 ac
1746 1307 1840 1342 305-

1054 1342 1133 1376 307
1150 1350 1196 1370 vos
1209 1344 1260 1370 nisi
1280 1351 1294 1372 e
1313 1346 1401 1374 tribus
1421 1349 1502 1375 rebus
1524 1357 1588 1382 una,
1617 1358 1733 1385 quarunt
1751 1359 1839 1379 utram

1055 1388 1141 1415 mavis
1154 1389 1240 1423 elige;
1268 1392 1303 1417 ita
1322 1392 1395 1418 enint
1408 1394 1474 1420 mibi
1491 1395 1517 1420 in
1534 1396 1668 1424 mandatis
1681 1397 1757 1424 dedit
1772 1398 1837 1428 dux,

1055 1436 1136 1464 atque
1150 1433 1221 1461 idem
1238 1435 1295 1470 ipse
1311 1437 1344 1464 ab
1361 1437 1526 1473 imperatore
1542 1441 1663 1468 fidelium
1680 1443 1838 1470 mandatum

1055 1479 1176 1513 accepit;
1200 1488 1306 1514 nempe,
1330 1488 1358 1509 nt
1382 1485 1424 1510 vel
1452 1485 1609 1521 religionem
1626 1492 1745 1515 nostram
1776 1489 1841 1516 iste-

215 1526 331 1556 fet-isset,
352 1533 381 1552 se
401 1526 435 1552 ab
455 1525 513 1559 ipso
530 1524 705 1559 301-303
721 1525 850 1559 deceptos
867 1525 1001 1552 videntes.
1016 1519 1039 1548 C
1058 1523 1177 1551 miticam
1196 1527 1409 1561 amplectantini,
1424 1519 1557 1566 atque'ita
1575 1532 1671 1560 fratres
1683 1535 1762 1561 uobis
1777 1542 1840 1562 eva-

215 1569 305 1604 l‘ioque
329 1569 438 1604 cognito
458 1569 491 1595 ad
517 1570 646 1595 Omaruzn
667 1569 754 1595 Ebuol
777 1569 887 1596 Cltetabi
913 1569 1002 1604 ipsum

214 1615 354 1641 detulisse.
368 1614 418 1646 Qui
439 1614 472 1640 ad
489 1615 578 1648 ipsuut
598 1613 710 1648 scripsit
727 1615 811 1640 Antro
839 1615 927 1640 Ebuol
943 1614 1001 1646 Δεῖ,

216 1660 258 1686 bis
280 1659 448 1693 prauuissis:
475 1658 607 1693 Detepisti
626 1666 673 1685 eos
696 1659 741 1693 qui
763 1663 851 1686 tecum
875 1663 962 1692 sunt;
980 1659 1002 1686 si

212 1710 277 1737 ergo
299 1704 472 1737 pervenerint
496 1703 528 1730 ad
554 1708 582 1730 te
607 1704 827 1738 litteraenostra',
856 1710 1001 1739 antequam

214 1748 359 1782 IEgyptum
385 1749 524 1782 ingressus
550 1747 646 1779 fueris.
669 1753 806 1775 revertere
829 1758 836 1777 :
862 1751 904 1777 sin
929 1756 1002 1786 post-

212 1800 293 1827 quam
311 1800 369 1819 eam
393 1793 536 1827 ingressus
560 1793 646 1829 fueris
662 1794 693 1820 ad
712 1799 738 1820 te
757 1794 867 1828 perlatae
890 1795 1000 1826 fuerint,

213 1845 319 1872 pergas,
337 1840 462 1872 sciasque
481 1845 522 1863 me
537 1846 614 1872 opem
633 1839 680 1865 tibi
693 1839 824 1866 laturum.

249 1883 390 1911 Proiectis
413 1890 479 1916 ergo
503 1883 648 1909 Pluinnam
676 1890 772 1916 usque,
804 1891 924 1911 mensem
953 1885 1001 1911 tibi

211 1927 344 1959 substitit,
367 1927 457 1954 donec
476 1927 563 1962 ipsam
580 1927 722 1954 obsidione
737 1929 856 1954 cinctam
879 1934 999 1962 caperet.

213 1972 279 2000 Dein
296 1973 412 2000 Mesrnm
430 1973 581 2008 proiectus,
597 1973 642 2000 ubl
659 1973 774 2000 Routani
791 1981 855 2000 arce
869 1981 899 2000 se
913 1974 1001 2000 muni-

213 2023 316 2048 verant.
339 2025 421 2052 quam
441 2017 522 2044 etiam
545 2017 617 2044 vallo
640 2017 762 2052 undique
788 2019 941 2050 cinxerant,
972 2018 1001 2045 in

213 2062 286 2097 quod
313 2062 405 2089 clavos
439 2062 544 2089 ferreos
574 2063 765 2096 coniecerant;
794 2070 885 2090 arcem
916 2064 998 2091 istam

215 2113 318 2143 septem
344 2108 487 2135 mensibus
510 2107 678 2139 obsidentes,
710 2109 829 2142 graviter
854 2109 930 2143 ipsos
951 2116 999 2143 op-

215 2157 383 2188 pugnarunt.
410 2153 444 2180 At
470 2160 532 2180 cum
555 2152 711 2178 diﬂ‘erretur
738 2153 798 2186 ejus
823 2154 998 2188 expugnatio,

217 2199 329 2233 scriptis
346 2199 445 2225 litteris
461 2198 495 2225 ab
515 2197 614 2224 Omaru
629 2205 707 2231 opem
726 2198 822 2231 petiit,
845 2199 889 2232 qui
905 2203 931 2226 et
949 2199 1001 2233 ipsi

222 2245 250 2271 in
279 2244 409 2270 auxilium
432 2248 529 2276 quater
547 2243 619 2269 mille
645 2243 718 2270 viros
740 2244 824 2277 misit,
851 2248 878 2270 et
903 2245 1003 2279 quibus

213 2295 289 2316 erant
315 2289 450 2316 AlZobair
470 2287 556 2315 Ebuol
572 2289 676 2320 Aranti,
703 2289 814 2316 Abadah
842 2289 928 2316 Ebuol
951 2290 1002 2317 Sa-

213 2335 289 2367 meti,
320 2340 346 2361 et
375 2334 532 2362 Mosalleuta
555 2335 615 2362 Ebn
644 2334 811 2368 Makalladi;
836 2334 1003 2369 fueruntque

211 2380 295 2406 Autro
313 2385 392 2406 antea
409 2385 529 2414 quatuor
548 2380 670 2407 virorum
695 2379 797 2411 millia,
822 2379 890 2407 adeo
906 2380 1001 2414 utjam

209 2426 294 2452 octies
313 2425 388 2452 mille
413 2425 563 2452 evaserint.
589 2424 739 2452 Praefectus
759 2430 850 2453 autem
875 2427 1000 2461 vectigali

210 2470 332 2506 (Egyttti,
357 2471 467 2498 nomine
494 2471 611 2498 Hel-aelii
630 2471 815 2505 imperatoris,
839 2471 890 2498 fuit
909 2472 1000 2498 Almo-

210 2515 323 2549 kaukas,
346 2516 393 2551 qui
410 2522 437 2544 et
450 2516 574 2544 Jacobita
593 2516 653 2549 fuit,
679 2517 790 2544 Graecos
805 2517 868 2544 odio
883 2518 998 2549 habens,

210 2561 262 2588 nisi
278 2562 349 2595 quod
372 2563 535 2589 sententiam
560 2569 638 2589 suam
658 2561 837 2589 Jacobiticam
857 2563 946 2596 palam
961 2562 999 2588 fa-

209 2614 271 2633 cere
286 2608 337 2641 ipsi
355 2608 444 2634 visunt
460 2615 514 2634 non
529 2611 614 2640 esset,
631 2615 665 2634 ne
681 2608 715 2634 ab
731 2608 797 2642 ipsis
812 2608 996 2635 occideretur.

211 2652 282 2684 Quin
298 2657 326 2679 et
350 2652 458 2687 A‘lgypti
477 2652 596 2680 redditus
612 2653 764 2680 detinuerat
778 2661 809 2680 ex
825 2661 878 2687 quo
895 2653 999 2680 obsedit

210 2696 292 2723 Cesra
307 2697 584 2734 Constantinopolim,
609 2699 678 2726 adeo
698 2703 727 2725 ut
745 2699 852 2726 timeret
868 2701 894 2725 in
911 2699 997 2726 Hera-

211 2739 254 2766 clii
269 2741 442 2776 imperatOris
462 2752 560 2771 manus
587 2744 709 2772 incidere
734 2752 769 2771 ne
798 2744 886 2779 ipsum
911 2748 998 2772 morte

211 2785 348 2815 multaret.
376 2788 442 2816 Dolo
462 2790 543 2826 304
567 2790 650 2825 igitur
674 2798 738 2826 erga
757 2790 898 2819 Romanos
917 2798 995 2824 usu3.

1055 1569 1136 1601 datis.
1153 1571 1278 1606 idemque
1290 1581 1337 1608 pro
1353 1575 1430 1602 vobis
1446 1580 1472 1603 et
1487 1584 1536 1611 pro
1557 1578 1645 1611 nobis,
1662 1579 1731 1606 idem
1745 1585 1840 1607 contra

1056 1622 1105 1641 vos
1119 1623 1151 1642 ac
1165 1621 1259 1644 contra
1276 1626 1326 1646 nos
1340 1619 1434 1652 faciat;
1449 1621 1512 1657 [hoc
1525 1623 1616 1658 pacto]
1630 1632 1643 1650 a
1658 1632 1747 1660 pugna
1761 1626 1840 1653 vobis

1054 1659 1195 1688 inferenda
1220 1662 1392 1698 desistemus,
1424 1674 1512 1701 neque
1538 1668 1667 1695 damnum
1690 1659 1768 1697 vobis
1796 1672 1840 1697 itt-

1054 1703 1130 1738 ferri,
1148 1707 1188 1733 vel
1209 1713 1237 1734 ιιι
1249 1710 1310 1742 quis
1322 1709 1348 1736 in
1370 1719 1418 1738 vos
1436 1712 1578 1739 inrursum
1596 1714 1677 1741 faciat
1695 1716 1840 1749 permitte-

1055 1756 1126 1792 mus.
1143 1749 1220 1782 Quod
1232 1752 1254 1778 si
1272 1753 1411 1787 abnuatis,
1436 1755 1568 1782 tributum
1589 1758 1676 1790 nobis,
1698 1760 1769 1792 quod
1787 1767 1840 1787 tto-

1054 1791 1095 1818 bis
1119 1793 1206 1820 visunt
1227 1793 1318 1829 fuerit,
1344 1799 1492 1831 quotannis
1515 1800 1638 1833 pendatis
1665 1791 1840 1835 perpetuum,

1054 1838 1183 1870 quamdiu
1210 1840 1317 1875 utrique
1342 1843 1512 1876 superfuturi
1539 1852 1645 1876 sumus,
1677 1851 1758 1881 atque
1786 1848 1839 1875 hoc

1053 1889 1132 1916 pacto
1149 1891 1196 1911 \os
1208 1886 1242 1912 alt
1255 1887 1382 1915 onmibns
1400 1889 1447 1922 qui
1467 1897 1515 1916 vos
1534 1891 1656 1925 aggressi
1674 1891 1838 1923 fuerint.vel

1053 1929 1098 1961 qui
1117 1931 1189 1963 quod
1207 1931 1232 1957 in
1247 1932 1367 1967 aliquam
1388 1935 1507 1969 regionis
1537 1941 1633 1963 vestraa
1649 1941 1766 1971 partem,
1797 1939 1838 1965 Vl‘l

1053 1973 1122 2000 vitas
1137 1975 1178 2001 vel
1200 1975 1343 2005 facultates
1366 1985 1469 2007 vestras
1491 1980 1621 2008 damnum
1643 1982 1773 2014 intulerit,
1788 1985 1836 2012 de-

1053 2018 1211 2054 fendemus,
1227 2027 1308 2057 atque
1324 2024 1375 2051 hoc
1387 2016 1463 2052 vobis
1477 2027 1627 2060 praestituri
1643 2035 1750 2061 sumus,
1773 2037 1838 2057 cum

1054 2065 1081 2091 in
1100 2064 1187 2094 foedus
1202 2074 1216 2094 a
1235 2068 1315 2095 nobis
1331 2071 1433 2105 recepti
1461 2070 1578 2103 fueritis.
1601 2078 1682 2107 atque
1707 2075 1739 2101 ad
1765 2075 1838 2102 idem.

1054 2114 1131 2145 pacto
1145 2113 1222 2140 vobis
1238 2114 1360 2142 obstricti
1376 2116 1489 2143 erimus.
1517 2117 1545 2144 Si
1562 2118 1613 2145 hoc
1628 2119 1764 2152 abnuatis,
1782 2128 1838 2148 non

1053 2162 1176 2191 superest
1193 2159 1263 2185 inter
1289 2167 1340 2187 nos
1363 2165 1390 2188 et
1411 2169 1458 2188 vos
1476 2166 1574 2197 praeter
1588 2164 1671 2198 gladii
1692 2165 1839 2199 judicium,

1056 2201 1141 2228 donec
1169 2203 1209 2229 vel
1238 2204 1270 2230 ad
1297 2212 1380 2231 unum
1409 2212 1503 2233 omnes
1524 2208 1683 2240 moriamur,
1705 2210 1745 2236 vel
1772 2210 1839 2237 illud

1055 2245 1127 2279 quod
1143 2245 1270 2273 volumus
1281 2255 1492 2282 consequamur.
1508 2250 1558 2276 Cui
1579 2251 1762 2279 Alntokaukas
1782 2261 1789 2279 :
1805 2252 1838 2280 Ut

1056 2289 1211 2324 religionem
1229 2296 1347 2318 vestram
1361 2293 1570 2327 amplectamur,
1596 2295 1647 2321 hoc
1663 2303 1705 2323 res
1719 2301 1762 2323 est
1778 2306 1839 2331 quas

1055 2333 1111 2359 ﬁeri
1128 2334 1231 2368 nequit.
1245 2333 1322 2366 Quod
1336 2336 1369 2362 ad
1393 2336 1482 2365 fuadus
1497 2343 1600 2370 autem,
1619 2339 1686 2366 illud
1714 2342 1785 2373 qttod
1804 2343 1837 2369 ad

1055 2385 1097 2404 me
1111 2382 1137 2405 et
1150 2380 1265 2406 comites
1283 2387 1357 2407 meos
1379 2380 1522 2414 Copbtitas
1535 2403 1543 2416 ,
1567 2391 1710 2419 acceptum
1726 2386 1811 2413 ltabco
1829 2396 1837 2414 :

1053 2424 1205 2450 abnuerunt
1220 2428 1310 2450 autent
1326 2425 1413 2453 Graeci
1438 2427 1532 2455 ftederi
1555 2429 1676 2457 ineundo
1692 2438 1836 2458 assensum

1054 2469 1181 2502 praebere,
1191 2469 1322 2497 dicentes:
1334 2471 1475 2506 Nunquam
1489 2473 1540 2500 hoc
1556 2474 1699 2503 faciemus.
1715 2475 1770 2503 lloc
1785 2483 1837 2503 att-

1053 2518 1106 2540 tcm
1118 2513 1181 2541 fecit
1196 2516 1228 2541 At
1239 2515 1384 2544 Mokaukas
1394 2517 1488 2546 fraude
1504 2527 1535 2546 ac
1547 2520 1620 2553 dolo,
1633 2525 1661 2548 ut
1677 2522 1713 2548 ita
1726 2522 1836 2548 Graccus

1051 2567 1082 2585 ex
1100 2567 1162 2587 arce
1172 2561 1301 2588 educeret
1314 2570 1321 2588 :
1335 2562 1418 2597 308
1441 2565 1503 2591 dein
1520 2573 1613 2598 pacem
1631 2567 1771 2600 amplexus
1782 2572 1835 2598 est,

1051 2613 1104 2638 quo
1126 2613 1192 2640 opes
1210 2614 1278 2641 quas
1301 2615 1482 2642 occupaverat
1508 2610 1559 2637 sibi
1585 2611 1676 2638 salvas
1692 2612 1834 2639 retineret.

1051 2651 1185 2679 Reversus
1201 2659 1266 2687 ergo
1282 2653 1394 2680 Abadalt
1411 2653 1496 2682 Ebuol
1516 2655 1618 2683 Sameti
1635 2657 1718 2683 Amro
1731 2656 1835 2683 indica-

1050 2697 1088 2723 vit
1106 2696 1170 2731 quid
1191 2697 1293 2724 factum
1315 2705 1398 2726 esset.
1425 2699 1491 2726 Dein
1518 2699 1737 2728 Moltammedani
1758 2706 1834 2728 certo

1047 2743 1102 2776 jam
1132 2743 1252 2770 scientes
1278 2750 1380 2777 paucos
1409 2749 1513 2771 tantum
1543 2746 1570 2772 in
1598 2754 1662 2774 arce
1676 2754 1832 2781 superesse,

1049 2787 1135 2822 ipsam
1150 2795 1238 2824 pugna
1257 2790 1377 2824 aggressl
1396 2797 1427 2818 ea
1439 2796 1515 2825 parte
1529 2799 1582 2826 qua
1600 2800 1672 2820 nunc
1693 2798 1735 2820 est
1749 2793 1835 2821 Sukot
