2014 3082
206 175 274 207 11¹5

903 177 1087 209 ANNALES.

1755 177 1820 208 1106

203 230 314 257 llamam
331 229 433 264 [forum
447 229 550 265 Balnei]
571 230 703 257 machinis
722 238 752 256 ac
770 231 886 258 ballistis
903 232 988 265 petic-
1003 240 1026 267 Α
1041 233 1112 265 quod
1135 233 1161 259 iu
1191 232 1282 267 fugam
1311 232 1381 259 versi
1410 236 1581 259 recesserunt
1610 232 1696 259 Graeci
1725 241 1732 258 :
1758 233 1819 260 dein

165 292 171 296 ~
201 280 277 303 runt.
305 275 374 302 Tum
389 275 524 301 AlZabair
542 275 614 302 scala
633 276 709 302 lateri
724 276 796 302 arcis
811 276 931 308 admota,
957 284 988 304 ea

203 329 264 355 quae
278 321 366 347 I'orum
383 320 455 348 istud
471 321 581 354 respicit
602 325 689 355 parte,
713 322 846 353 ascrndit,
866 330 918 349 non
933 322 990 348 ani-

202 365 439 392 ntadvertcntibus
456 365 523 398 ipsis
541 365 628 392 donec
642 370 776 399 occupato
792 366 864 393 arcis
881 365 989 401 fastigio

203 411 369 438 exclamaret
383 419 390 437 :
405 411 484 438 Allah
501 411 599 442 Achar,
615 419 674 442 seu,
689 411 760 438 Deus
775 412 908 438 maximus
922 416 964 438 est
980 421 987 439 :

203 463 264 482 cum
304 457 405 483 scalam
434 457 562 483 certatim
589 456 785 483 seandentihus
820 456 988 487 hominibus.

204 501 289 528 Graeci
303 509 317 528 a
331 509 421 535 pugna
437 501 615 532 desistentcs,
648 501 810 528 conscensis
831 500 948 534 navigiis
962 501 989 527 in

204 546 321 572 insulam
335 545 369 572 ad
386 545 478 572 socios
501 552 567 572 suos
597 552 626 572 se
654 549 817 579 receperunt
831 553 837 571 :
854 549 936 579 atque
953 544 989 571 ita

205 593 433 623 Mahommedani.
451 600 514 619 arce
527 597 618 627 capta,
641 593 758 624 caedere,
781 593 896 624 vincire,
916 592 990 619 diri-

204 645 278 672 pere.
301 637 385 664 Graeci
411 637 504 672 igitur,
528 637 588 664 viso
605 637 670 672 qu'd
693 638 795 664 fecerat
810 636 990 664 Alblokaukas

204 690 322 717 eumque
334 702 341 714 ,
368 683 437 717 ipsis
452 682 549 709 fraude
561 690 594 709 ex
610 690 672 710 arce
700 681 839 714 abductis,
865 682 990 709 eamdem

206 726 440 753 Mahommedanis
466 726 623 758 tradidisse,
660 734 692 753 ex
721 731 797 760 parte
823 727 910 761 ipsius
935 734 991 754 Ine-

204 776 314 799 tuentes
330 770 436 807 navigia
454 772 686 804 conscenderunt,
706 778 786 807 atque
803 772 830 798 in
844 771 941 798 Geram
965 771 990 799 01

204 817 320 844 Shoraik
347 816 487 852 [Shoraiki
503 816 592 852 vinea]
621 825 652 845 se
679 817 707 844 in
723 817 862 844 exercitus
881 817 990 844 modum

205 867 426 896 eounposuerunt.
453 863 634 890 AlMokaukas
660 867 750 890 autem
776 871 837 890 cum
875 863 990 889 Amrum

1042 278 1164 305 Salstano
1239 277 1346 304 obviam
1363 277 1427 304 facti
1439 277 1623 304 novemdecim
1632 277 1730 304 diebus
1740 278 1805 304 dimi
1813 294 1821 298 -

1040 327 1138 349 carunt
1151 343 1158 356 ,
1176 323 1275 350 deinde
1287 327 1314 350 et
1329 323 1361 349 ad
1378 323 1505 357 Ccryaun
1521 323 1573 350 sibi
1588 323 1704 350 invicem
1726 329 1818 349 occur-

1042 372 1134 395 rentes
1149 369 1225 402 gravi
1247 369 1339 402 pra-lio
1353 369 1548 400 canllixerunt,
1573 369 1645 396 unde
1677 369 1702 395 in
1731 368 1821 402 fugam

1041 412 1165 440 conversi
1177 412 1265 440 Graeci
1284 413 1477 440 Alexandriam
1502 421 1532 440 se
1553 417 1724 446 receperunt.
1742 418 1823 446 atque

1042 458 1069 484 in
1085 457 1143 492 ipsa
1157 465 1187 485 se
1201 458 1390 485 muniverunt.
1415 457 1494 485 Unde
1515 458 1641 484 leoninos
1655 459 1762 484 animos
1777 465 1822 483 su-

1042 507 1149 530 mentes
1163 503 1278 535 Arabes,
1295 503 1497 530 Alexandrinos
1509 509 1598 536 pugna
1615 502 1822 533 lacessiverunt,

1043 552 1126 581 atque
1144 547 1200 575 acri
1226 548 1375 575 certamine
1402 549 1474 582 ipsos
1501 548 1621 582 aggressi
1641 551 1715 574 sunt.
1738 547 1822 574 Gratei

1043 596 1133 620 autem
1152 593 1272 628 quotidie
1282 602 1298 620 e
1310 594 1395 628 portis
1414 594 1516 627 egressi
1529 594 1704 624 dimicarunt,
1717 593 1783 619 adeo
1795 597 1824 619 ut

1042 645 1074 665 ex
1089 642 1206 673 utroque
1218 640 1341 667 exercitu
1355 646 1452 674 magna
1463 640 1600 666 occideret
1610 639 1764 666 multitudo.
1778 638 1824 665 Dic

1043 686 1133 708 autent
1145 683 1261 716 quodam
1274 683 1375 710 acriter
1384 683 1452 710 adeo
1464 688 1598 710 certatum
1611 687 1663 714 est,
1681 688 1709 710 ut
1722 684 1825 710 Arabes

1042 731 1137 760 aperta
1151 734 1213 754 arce
1239 727 1426 754 Alexandrina
1449 727 1519 754 intra
1547 728 1633 761 ipsam
1660 728 1734 761 gravi
1763 735 1824 754 cum

1044 771 1110 805 ipsis
1127 779 1217 806 pugna
1244 772 1437 805 conﬂixerint;
1452 772 1515 799 dein
1543 773 1569 798 111
1588 773 1661 807 ipsos
1689 772 1825 799 irruentes

1043 816 1140 848 Grmei,
1151 818 1256 844 creteris
1268 817 1364 851 pulsis,
1375 818 1487 844 Amrum
1501 817 1586 844 Ebnol
1604 818 1661 849 Δεῖ,
1674 816 1823 845 Muslemah

1045 859 1130 887 Ebnol
1160 860 1320 889 Mochalledi
1349 867 1376 889 et
1408 862 1577 889 Wardanum
1606 862 1679 889 Amri
1706 869 1825 891 servum,

205 908 238 935 de
263 907 364 936 foedere
387 909 458 936 inter
479 910 552 943 ipsos
577 909 720 943 pangendo
736 909 861 941 adiisset,
878 909 912 936 de
938 908 990 935 1100
1007 912 1026 940 Β
1043 912 1104 932 eum
1129 905 1182 932 alio
1204 907 1334 940 quodatn,
1359 908 1480 942 captivos
1504 911 1647 940 ceperunt,
1675 907 1826 934 nescientes

206 953 277 981 inter
298 954 371 989 ipsos
384 955 524 986 convenit,
542 959 570 981 ut
586 955 714 982 omnibus
730 954 896 982 Mesrumum
913 961 927 980 a
940 962 987 981 su—

206 1000 304 1032 periori
320 1001 379 1034 ejus
396 1006 472 1035 parte
487 1008 574 1035 usque
592 1001 629 1027 ad
650 1000 810 1028 inferiorem
841 1000 988 1026 incolenti—

205 1043 267 1076 bus,
283 1043 491 1078 imponerentur
507 1045 561 1072 duo
583 1044 657 1072 aurei
672 1053 686 1072 a
713 1044 830 1080 singulis
853 1043 987 1078 pcndcndi

205 1092 259 1114 tam
276 1088 415 1116 nobilibus
425 1097 506 1123 quam
518 1090 640 1124 plebeiis,
665 1090 790 1117 videlicet
807 1093 941 1124 quotquot
955 1089 987 1116 ad

205 1137 313 1160 :etatcm
328 1135 530 1168 pervenissent;
543 1139 570 1162 at
586 1142 636 1162 nec
647 1143 663 1163 a
680 1135 759 1163 senio
776 1135 920 1166 coniectis,
938 1142 988 1162 nec

206 1179 300 1213 pueris
329 1180 535 1208 minorennibus
562 1181 609 1214 qui
640 1188 727 1208 annos
754 1181 906 1216 pubertatis
934 1189 988 1208 non

206 1223 371 1258 attigissent,
389 1225 565 1260 309-311
588 1233 637 1253 nec
654 1233 668 1252 a
685 1226 846 1253 mulieribus
870 1227 990 1260 postula-

207 1274 282 1295 retur
294 1270 456 1304 quidquam.
476 1271 625 1299 Numerum
654 1271 735 1298 etiam
755 1271 877 1299 inierunt
891 1280 986 1300 eorum

206 1323 222 1341 e
234 1315 298 1349 Copi
312 1316 368 1343 titis
384 1317 545 1350 praesertim,
557 1318 602 1352 qui
619 1317 721 1344 tributo
731 1318 871 1352 peudendo
882 1318 990 1347 obnoxii

204 1367 315 1394 essent;
345 1361 510 1396 fueruntque
534 1363 579 1397 qui
599 1363 733 1395 numerati
756 1366 831 1394 sunt,
862 1363 986 1390 homines

205 1407 296 1434 sexies
324 1407 424 1434 millies
454 1408 539 1439 mille,
568 1416 685 1442 quorum
713 1415 812 1436 census
833 1407 983 1436 duodecies

205 1453 306 1479 millies
323 1461 471 1481 aureorum
486 1454 589 1486 millia;
604 1455 681 1482 binos
700 1459 790 1482 autent
818 1461 915 1481 aureos
930 1454 992 1482 istis

205 1497 347 1530 imposuit,
382 1506 433 1533 pro
455 1499 510 1527 illis
538 1499 741 1528 immunitatem
770 1499 837 1532 ipsis
855 1499 992 1533 pollicitus

205 1542 259 1570 ﬁde
276 1543 363 1570 iirma.

1039 950 1150 977 interim
1164 951 1276 985 quinam
1291 957 1394 979 essent.
1409 951 1515 985 Quibus
1528 952 1682 980 Patricius:
1699 951 1770 982 Jam,
1784 951 1826 978 in»

1031 996 1110 1030 .quit,
1139 997 1166 1023 in
1196 997 1324 1024 manibus
1352 998 1455 1025 nostris
1472 998 1571 1032 captivi
1601 998 1684 1030 estis;
1710 997 1824 1024 indicate

1039 1041 1119 1069 nobis
1137 1043 1201 1076 quid
1218 1048 1260 1069 est.
1275 1043 1346 1077 quod
1369 1051 1382 1070 a
1407 1043 1486 1071 nobis
1501 1043 1601 1070 velitis.
1625 1043 1675 1070 Cui
1700 1043 1802 1069 Amrus
1817 1051 1824 1069 :

1039 1087 1214 1122 313-315
1231 1087 1298 1120 iloc,
1314 1088 1364 1119 vel,
1383 1093 1413 1115 ut
1426 1089 1581 1122 religionem
1591 1091 1710 1115 nostram
1726 1088 1824 1123 ample'

1040 1132 1162 1165 ctamini,
1181 1133 1222 1161 vel
1240 1133 1318 1161 nobis
1344 1134 1473 1161 tributum
1501 1135 1642 1169 pendatis;
1671 1135 1738 1162 alias
1753 1141 1824 1161 nun-

1040 1185 1121 1212 quam
1145 1186 1193 1206 vos
1208 1186 1364 1214 oppugnare
1381 1181 1551 1211 desistcutus,
1571 1181 1655 1207 donec
1677 1181 1719 1208 vel
1747 1187 1797 1207 nos
1812 1187 1825 1207 e

1042 1224 1131 1250 medio
1159 1224 1273 1256 tollatis,
1304 1225 1345 1252 vel
1373 1226 1424 1259 ipsi
1450 1226 1559 1260 penitus
1583 1226 1729 1253 tollatuini.
1755 1226 1824 1253 Dixit

1040 1274 1106 1301 ergo
1134 1275 1150 1295 e
1172 1268 1272 1297 Graecis
1301 1269 1410 1304 quidam
1435 1270 1574 1297 Patricio:
1599 1270 1729 1304 Suspicor
1756 1270 1826 1296 hunc

1042 1313 1133 1348 populi
1151 1314 1343 1348 imperatorem
1361 1322 1432 1347 esse,
1450 1315 1549 1342 collum
1575 1323 1640 1350 ergo
1657 1316 1707 1349 ipsi
1734 1316 1828 1350 praeci-

1042 1357 1113 1390 das;
1133 1359 1215 1386 Amro
1230 1359 1334 1386 scilicet
1355 1359 1442 1386 Ehnol
1466 1359 1525 1386 Asi.
1543 1359 1699 1387 Wurdanus
1724 1364 1826 1390 autem,

1043 1402 1106 1436 quid
1135 1403 1238 1430 diceret
1265 1404 1471 1437 animadverso,
1496 1412 1559 1431 eum
1587 1413 1674 1439 graece
1709 1405 1828 1436 calleret,

1044 1446 1095 1480 ipsi
1115 1447 1139 1473 vi
1160 1452 1275 1475 attracto
1298 1449 1444 1483 colaphum
1478 1449 1589 1482 inﬂixit,
1615 1449 1731 1477 dicens:
1758 1449 1828 1483 Quid

1045 1491 1093 1518 tibi
1108 1496 1137 1518 ut
1158 1492 1215 1520 hate
1237 1493 1357 1527 loquaris
1373 1494 1445 1521 inter
1461 1495 1611 1529 principes,
1637 1503 1698 1522 eum
1722 1503 1776 1522 non
1793 1496 1830 1523 sit

1046 1536 1073 1563 in
1088 1537 1210 1564 exercitu
1235 1538 1281 1572 qui
1305 1542 1331 1565 te
1348 1537 1462 1565 inferior
1488 1539 1535 1571 sit,
1561 1539 1602 1565 vel
1619 1539 1723 1571 minor;
1746 1540 1827 1566 alium

240 1588 309 1616 Tum
324 1589 356 1616 ad
369 1589 479 1616 Amrum
492 1589 578 1617 Ebnol
591 1590 636 1618 Asi
650 1590 782 1618 accedens
789 1590 987 1618 AlMokaukas:

1043 1583 1116 1618 loqui
1136 1583 1211 1617 sine;
1225 1588 1320 1618 tu-prte
1336 1584 1437 1612 vilitate
1454 1588 1499 1612 tua
1511 1589 1538 1612 te
1551 1585 1659 1613 cohibe.
1675 1585 1747 1612 Dixit
1763 1593 1830 1621 ergo

203 1634 276 1661 Nihil
296 1634 405 1670 (inquit)
427 1635 492 1662 mihi
520 1640 561 1663 est
590 1643 652 1662 eum
685 1635 798 1668 Graecis,
832 1643 920 1669 neque
942 1634 1011 1684 ea-‘i

203 1679 267 1706 dem
282 1680 349 1706 1111111
364 1688 424 1707 cum
439 1680 491 1708 illis
510 1681 615 1716 religio,
640 1688 726 1714 neque
749 1681 904 1708 communis
928 1688 990 1708 seu-

203 1725 303 1751 tentia.
319 1725 417 1752 Verum
435 1729 509 1752 metu
530 1732 564 1752 ne
597 1725 631 1752 ah
660 1725 728 1760 ipsis
747 1730 834 1753 morte
847 1726 990 1758 multarer,

203 1769 367 1804 religionem
383 1773 411 1797 et
426 1777 513 1796 meam
530 1770 563 1797 dc
579 1769 700 1804 ipsorum
727 1771 857 1804 opinione
879 1775 991 1798 senten-

203 1815 272 1842 tiam
289 1815 386 1847 celavi,
404 1822 435 1842 ac
451 1815 520 1842 clam
535 1815 628 1842 habui.
645 1816 711 1842 Peto
724 1820 815 1843 autent
831 1823 845 1842 a
859 1819 886 1843 te
897 1820 927 1843 ut
941 1817 990 1843 tria

203 1861 273 1887 mihi
291 1861 428 1895 postulata
445 1861 593 1888 concedas.
611 1860 741 1893 Quaenam
757 1861 857 1896 (inquit
880 1861 990 1895 Amrus)

203 1910 271 1932 sunt
284 1905 357 1931 ista?
373 1904 525 1939 Respondit
541 1913 547 1931 :
563 1905 602 1932 Ne
616 1912 658 1932 me
674 1913 690 1932 a
718 1906 836 1939 Coptitis
860 1913 990 1940 separes;

204 1950 253 1977 sed
267 1950 342 1976 mein
351 1957 445 1977 eorum
460 1957 573 1978 numero
585 1950 695 1982 habeas,
706 1951 832 1986 idemque
841 1951 906 1978 mihi
919 1951 990 1986 quod

205 1994 260 2022 illis
284 1995 420 2028 imponas,
436 1994 571 2028 siquidem
599 2002 662 2021 cum
680 1995 748 2029 ipsis
776 2003 881 2027 assero,
908 2000 990 2030 atque

206 2039 261 2066 illis
278 2039 304 2066 in
319 2039 361 2068 iis,
375 2046 435 2073 quzn
448 2039 481 2065 ad
495 2046 538 2065 tne
553 2038 776 2072 spectant,iidem
790 2039 888 2066 habeo.
904 2039 990 2067 Porro

205 2084 320 2118 (ioptitze
337 2084 426 2111 foedus
441 2084 515 2118 quod
542 2091 604 2111 cum
622 2083 690 2117 ipsis
707 2083 792 2111 iniisti
810 2091 844 2111 ae
866 2085 990 2119 pepigisti

205 2129 376 2156 obaervaturi
399 2133 473 2156 sunt.
497 2128 668 2159 Secundum,
686 2132 716 2154 ut
744 2128 767 2155 si
785 2128 900 2162 posthac
921 2136 936 2155 a
965 2133 991 2156 te

207 2175 336 2210 petierint
366 2174 464 2206 Cra-ci,
497 2177 526 2200 ut
545 2181 607 2200 cum
637 2173 693 2200 illis
716 2181 811 2207 pacem
829 2173 926 2206 iacias,
955 2181 991 2201 ne

206 2219 273 2246 illud
289 2219 373 2246 facias
391 2218 478 2245 donec
495 2218 570 2253 ipsos
584 2217 788 2252 disperdidcris,
797 2221 824 2244 et
833 2218 860 2244 in
875 2217 992 2246 servitu—
1009 2237 1030 2264 Β

207 2271 261 2292 tetu
280 2265 415 2300 redegeris
431 2273 437 2291 :
454 2264 587 2299 siquidem
603 2264 655 2291 hoc
668 2264 742 2298 digni
766 2268 840 2291 sunt.
854 2263 988 2296 Tertium,

206 2313 238 2335 ut
264 2309 288 2336 si
322 2308 545 2342 moriar,jubeas
573 2308 647 2342 ipsos
674 2316 717 2334 me
744 2308 770 2334 iu
802 2308 918 2335 ecclesia
942 2309 991 2336 Abi

205 2353 323 2380 Joannis
338 2352 511 2380 Alexandria),
527 2354 655 2387 sepelire.
672 2353 760 2387 Atque
785 2352 842 2380 haec
857 2354 993 2381 concessit

205 2400 232 2426 ei
250 2400 348 2425 Ann-us
364 2401 416 2425 1100
433 2403 526 2432 pacto,
542 2403 571 2424 ut
587 2399 613 2424 in
640 2405 670 2425 se
697 2398 871 2432 susciperent
895 2403 995 2432 pontes

205 2443 278 2470 duos
293 2443 462 2475 reliciendos,
492 2450 524 2469 ac
553 2443 708 2470 diversoria
733 2443 802 2477 ipsis
817 2447 845 2470 et
862 2443 992 2478 hospitia,

205 2494 234 2516 et
250 2489 308 2515 fora
326 2495 360 2515 ac
386 2493 485 2522 pontes
514 2489 617 2523 ubique
636 2489 717 2523 312
743 2490 814 2516 inter
832 2489 992 2516 Pbastatum

204 2540 234 2560 et
250 2534 443 2561 Alexandriam
468 2539 597 2568 pararent
614 2543 622 2561 :
639 2534 711 2568 quod
729 2538 756 2561 et
778 2534 914 2567 fecerunt,
930 2543 994 2570 pro-

204 2580 357 2607 dcuntibus
383 2580 554 2613 Coptitarum
579 2580 744 2613 primoribus
771 2581 804 2606 ad
833 2580 904 2606 viam
941 2581 995 2608 iliis

205 2626 375 2659 parandam;
393 2630 555 2659 pontesque,
570 2632 603 2652 ac
620 2625 677 2652 fora
703 2629 730 2652 et
753 2625 903 2652 divorsoria
927 2626 994 2659 ipsis

204 2671 332 2698 curanda
349 2680 356 2698 :
373 2671 439 2706 quin
454 2674 480 2698 et
497 2671 629 2698 auxilium
652 2672 719 2706 ipsis
740 2671 860 2698 tulerunt
877 2671 994 2706 Coptita:

205 2724 378 2751 quacunque
407 2717 435 2744 in
465 2725 495 2745 re
527 2719 675 2745 voluerunt
703 2717 735 2744 ad
767 2717 877 2744 Graecos
909 2725 995 2752 oppu-

205 2762 346 2797 gnandos.
377 2763 521 2791 Profectus
551 2767 594 2791 est
624 2770 689 2798 ergo
718 2770 780 2790 cum
808 2762 865 2789 suis
894 2763 994 2790 Atnrtts

204 2809 298 2837 donec
313 2809 416 2837 Gratcis
430 2809 563 2837 universis
574 2809 602 2836 in
617 2809 731 2836 Ceramo
762 2808 880 2835 Shoraih
895 2815 993 2835 occur-

206 2858 306 2884 reret:
327 2855 373 2884 uhi
391 2863 437 2888 per
451 2855 571 2884 triduum
598 2863 686 2891 pugna
712 2856 904 2884 dccertarunt;
933 2859 994 2890 post

1044 1627 1116 1662 apud
1130 1635 1160 1655 se
1175 1627 1328 1656 Patricius:
1344 1629 1371 1656 Si
1388 1634 1461 1657 esset
1472 1629 1517 1657 ille
1529 1631 1679 1665 imperator
1692 1631 1827 1666 ipsorum,

1044 1673 1104 1700 ﬁeri
1121 1681 1175 1701 non
1194 1679 1286 1708 posset
1301 1679 1331 1702 ut
1351 1675 1395 1702 hic
1412 1675 1501 1710 ipsum
1518 1676 1570 1704 hoc
1595 1676 1677 1704 modo
1695 1677 1827 1710 traheret,

1044 1725 1077 1745 ac
1093 1719 1219 1754 colaphis
1235 1720 1362 1748 caederet.
1377 1719 1451 1747 Dixit
1465 1719 1614 1748 Muslemah
1631 1721 1688 1749 Ebn
1705 1721 1829 1750 Mocltal-

1042 1763 1116 1791 ledi:
1138 1760 1173 1792 Ιιῖ
1193 1765 1284 1792 animo
1305 1766 1400 1793 [tabuit
1425 1768 1573 1801 imperator
1600 1771 1694 1794 noster
1720 1776 1735 1795 a
1750 1768 1828 1796 vobis

1043 1811 1232 1845 oppugnandis
1247 1812 1387 1844 recedere,
1417 1815 1499 1847 atque
1515 1812 1587 1839 hunc
1604 1813 1630 1840 in
1659 1814 1739 1841 linem
1756 1814 1837 1841 δαί-κ

1042 1855 1096 1890 psit
1120 1856 1152 1882 ad
1181 1856 1270 1890 ipsum
1297 1857 1448 1890 imperator
1474 1856 1604 1889 ﬁdelium,
1632 1856 1716 1884 Omar
1742 1858 1838 1885 Ebnol—

1041 1900 1174 1932 Chetabi;
1194 1900 1277 1935 idque
1293 1902 1367 1936 quod
1382 1906 1515 1929 statuerat
1530 1902 1623 1929 decem
1640 1910 1655 1929 e
1669 1903 1728 1930 suis
1743 1903 1828 1931 dotes

1042 1945 1075 1972 ad
1091 1953 1138 1972 vos
1168 1945 1286 1978 mittere,
1314 1953 1329 1973 e
1353 1946 1499 1981 praecipuis
1530 1946 1635 1974 scilicet
1658 1954 1753 1974 eorum
1782 1950 1828 1982 qui

1043 1991 1161 2018 consilio
1182 1991 1326 2025 pollerent,
1352 1999 1406 2026 quo
1423 1992 1494 2018 inter
1510 1999 1560 2019 vos
1575 1997 1602 2019 et
1628 1992 1702 2026 ipsos
1727 2000 1829 2020 conve-

1043 2034 1114 2061 niret
1130 2035 1164 2062 de
1181 2042 1210 2062 re
1225 2035 1329 2070 aliqua,
1340 2042 1400 2070 quae
1415 2036 1539 2070 utrisque
1552 2040 1629 2071 grata
1649 2040 1734 2068 esset,
1749 2038 1830 2065 adeo-

1043 2087 1095 2113 que
1110 2088 1124 2106 a
1140 2080 1217 2108 vobis
1228 2085 1440 2108 reverteremur.
1457 2081 1485 2108 Si
1501 2089 1567 2117 ergo
1591 2082 1643 2109 hoc
1660 2083 1739 2110 vobis
1761 2084 1829 2110 arri—

1043 2124 1117 2158 deat,
1141 2125 1271 2153 dimittite
1288 2134 1340 2154 nos
1356 2133 1411 2160 quo
1427 2128 1460 2154 ad
1486 2127 1678 2162 imperatorem
1703 2133 1826 2156 nostrum

1049 2174 1213 2201 accedentes
1230 2175 1374 2203 certiorem
1392 2175 1483 2210 ipsum
1510 2175 1643 2203 faciamus
1660 2181 1762 2211 quanta
1778 2185 1846 2205 nos.

1045 2226 1107 2246 cum
1140 2219 1311 2247 humanitate
1337 2221 1536 2254 tractaveritis,
1562 2224 1707 2257 mittatque
1724 2222 1766 2249 ad»
1782 2229 1830 2250 ves

1046 2264 1139 2292 decem
1156 2265 1251 2297 duces,
1267 2269 1349 2300 atque
1365 2266 1403 2293 ita
1419 2267 1573 2301 composito
1586 2267 1657 2294 inter
1673 2272 1767 2294 noset
1782 2275 1844 2294 vos

1047 2310 1169 2345 negotio,
1184 2310 1267 2346 316
1279 2318 1312 2337 eo
1329 2310 1410 2338 modo
1425 2311 1471 2346 qui
1497 2312 1623 2346 utrisque
1638 2316 1732 2347 gratus
1751 2312 1797 2344 sit,
1814 2320 1829 2339 a

1046 2355 1125 2382 vobis
1140 2356 1313 2384 recedamus.
1327 2356 1413 2384 Batus
1426 2356 1563 2384 Patricius
1579 2365 1674 2384 verum
1685 2357 1829 2391 essequod

1048 2401 1165 2431 dixerat,
1191 2401 1294 2428 dimisit
1314 2402 1402 2436 ipsos,
1419 2409 1533 2437 sperans
1557 2410 1718 2430 accessuros
1747 2403 1831 2430 duces

1046 2446 1139 2473 decem
1156 2453 1226 2480 quos
1240 2446 1367 2474 occidere
1396 2451 1497 2481 posset,
1523 2452 1605 2482 atque
1632 2448 1667 2474 ita
1683 2447 1787 2474 Arabes
1804 2447 1831 2474 in

1047 2495 1207 2525 potestatem
1233 2499 1312 2518 suam
1327 2491 1472 2527 redigere:
1490 2491 1566 2519 abire
1581 2499 1647 2526 ergo
1674 2491 1748 2525 ipsos
1771 2499 1831 2525 pcr-

1047 2536 1133 2564 misit.
1151 2537 1192 2563 1111
1208 2544 1273 2563 vero
1290 2537 1334 2564 ubi
1352 2537 1456 2571 egressi
1473 2540 1577 2569 essent,
1596 2536 1665 2563 dixit
1678 2536 1830 2563 MoSlcmab

1047 2582 1131 2608 Antro
1146 2580 1225 2608 Ebnil
1245 2582 1312 2608 Asi:
1341 2580 1414 2608 lleus
1430 2581 1513 2609 Atnre
1532 2581 1538 2608 1
1556 2581 1683 2609 liberavit
1707 2585 1735 2608 te
1750 2581 1830 2607 War-

1047 2626 1110 2653 dani
1141 2626 1285 2660 eolaphus.
1320 2625 1386 2653 Dein
1418 2625 1501 2653 Deum
1533 2625 1681 2652 maximum
1712 2624 1831 2652 cclrhra-

1046 2675 1120 2700 runt.

1081 2718 1188 2745 Noruut
1204 2725 1269 2752 ergo
1286 2717 1402 2745 Romani
1417 2718 1530 2756 Amrnm
1547 2716 1631 2744 fuisse
1645 2716 1690 2749 qui
1708 2715 1830 2750 eaptivus

1048 2763 1138 2790 [iterat
1153 2771 1159 2788 :
1178 2763 1358 2798 pmnituitque
1375 2763 1436 2790 illos
1453 2763 1528 2796 quod
1546 2762 1635 2797 ipSum
1652 2761 1829 2789 dimisissent.

1047 2809 1117 2836 Tum
1134 2809 1332 2836 accedentibus.
1354 2809 1421 2842 ipsis
1437 2815 1469 2835 ac
1485 2807 1622 2835 Romanos
1638 2807 1758 2834 clamore
1769 2814 1831 2834 evo-

1053 2854 1180 2882 cantibus
1199 2854 1273 2884 eravi
1299 2855 1449 2883 certamine
1464 2858 1612 2882 ouenatum
1628 2856 1686 2881 est:
1716 2851 1830 2880 Romani
