2014 3082
211 171 276 202 ili-7

694 175 843 204 EUTYCII
850 175 877 204 ΙΙ
899 175 1164 208 ALEXANURlNl
1187 179 1297 210 PATR.

1758 179 1826 211 1⁸οἦ

208 233 299 254 autent
327 229 354 255 in
372 229 459 263 fugam
485 229 620 260 conversi,
647 229 692 256 alii
723 231 755 257 ad
785 239 859 259 tuare
875 239 905 259 se
920 232 989 259 reci-
1005 235 1026 261 A
1042 233 1114 261 mina
1140 234 1271 262 Phustato
1297 235 1458 262 Kolzamum
1485 233 1654 265 deferebant,
1679 241 1740 268 qua:
1761 235 1824 260 dein

208 275 314 308 pientes
347 276 453 310 navigia
480 276 712 309 conscenderunt,
736 278 780 305 alii
810 287 859 314 per
886 284 985 307 terram

208 320 343 351 abierunt,
359 327 391 347 ac
405 321 518 355 ingressi
537 325 601 348 sunt
615 321 764 350 Moslcmini
781 324 986 355 Alexandriam,

208 368 350 398 postquam
366 364 392 390 in
418 365 503 398 ipsius
517 365 662 393 obsidione
688 375 794 394 menses
819 370 988 403 qualuorde-

206 410 258 435 ciui
276 409 497 444 insumpsisscnt.
523 411 664 446 Captaque
676 413 730 446 jam
747 413 814 441 urbe
830 418 910 449 atque
927 414 987 448 fuga

206 454 319 488 dilapsis
346 455 392 489 qui
416 463 431 482 e
456 455 589 484 Romanis
616 456 752 491 fugerant,
783 460 922 493 profectus
947 465 988 486 est

205 500 305 527 Amrus
319 500 405 528 Ebnol
416 501 463 529 Asi
478 509 526 530 eos
540 503 585 537 qui
600 511 648 538 per
660 508 760 531 terram
777 504 904 540 fugerant
915 513 988 540 quaa-

205 546 299 583 situ_m.
320 546 359 573 llli
376 552 465 574 autem
483 555 514 574 ex
544 548 611 582 ipsis
625 550 672 583 qui
698 557 746 584 per
771 557 844 578 mare
864 550 988 585 fugerant

204 591 398 618 Alexandriam
415 593 526 624 reversi,
544 592 718 621 Mosleminos
731 595 778 629 qui
793 595 820 622 in
838 602 868 622 ea
886 595 986 629 reperti

204 640 270 662 sunt
286 636 457 664 occiderunt.
477 637 617 672 (Eumque,
644 645 676 665 eo
693 639 786 666 audito
801 646 927 666 reversus
943 647 987 666 es-

205 686 247 707 set
262 681 361 709 Amrus
378 683 434 709 acri
452 684 540 717 ipsttm
563 690 652 718 pugna
674 683 751 717 juxta
768 691 858 711 arcem
872 691 987 718 excepe-

204 730 287 758 runt;
305 734 357 761 qua
371 729 404 754 ab
427 728 487 762 ipso
515 733 593 763 capta
618 736 727 755 rursum
743 729 777 756 ad
795 736 878 757 naves
891 728 988 756 confit»

205 776 304 806 gerunt
329 773 454 800 Romani.
468 772 583 808 Scripsit
598 781 662 809 ergo
679 773 777 801 Amrus
795 773 879 801 Ebnol
893 775 936 801 Asi
954 774 987 801 ad

204 817 333 844 Omaruru
357 817 435 845 Ebnil
452 818 586 846 Chetabi:
605 817 705 846 Urbem
731 819 788 853 cepi
806 818 833 845 in
854 827 907 854 qua
924 819 987 853 quid

204 863 309 889 sitnon
332 862 497 896 describam,
522 863 575 891 nisi
600 864 672 898 qttod
697 864 723 890 in
751 864 810 898 ipsa
839 865 985 898 repererim

205 907 305 941 palatia
330 913 425 942 quater
442 908 532 942 mille;
550 909 644 936 balnea
657 913 753 944 quater
772 909 863 941 mille;
879 909 989 936 Juda’o-

204 961 265 979 rum
292 953 339 987 qui
358 953 490 981 tributum
504 954 614 981 solvunt
622 954 800 989 quadraginta
812 953 989 990 317-319

205 997 302 1030 millia,
326 998 418 1026 circos
437 999 528 1033 regios
551 999 777 1034 quadringentos,
805 999 919 1027 olitores
941 1000 988 1034 qui

204 1043 278 1069 olera
291 1044 409 1071 vendunt
420 1044 565 1072 duodecies
582 1045 666 1073 mille.
682 1045 769 1079 Ipsam
795 1052 860 1072 vero
876 1045 902 1072 vi
915 1045 986 1079 cepi,

206 1087 282 1114 nullo
300 1089 368 1115 inito
395 1094 486 1124 pacto.
506 1089 656 1117 Certiorem
685 1090 766 1117 etiam
795 1091 885 1125 ipsum
914 1090 987 1123 fecit,

207 1140 321 1166 poscere
339 1133 516 1162 Moslcminos
531 1135 619 1169 ipsam
644 1135 695 1162 sibi
724 1135 911 1163 dividendam.
937 1136 987 1163 Cui

207 1177 361 1205 rescribcns
378 1178 461 1206 Omar
475 1178 572 1206 Ebnol‘
587 1180 711 1212 Chetabi,
737 1180 885 1207 consilium
901 1180 987 1215 ipsius

206 1223 381 1256 improbavit,
403 1223 539 1257 iussitque
559 1232 594 1251 ne
610 1225 697 1259 ipsum
715 1224 768 1251 illis
792 1223 985 1260 [spoliandam]

207 1267 375 1298 permitteret
393 1272 441 1295 aut
454 1268 601 1300 divideret,
617 1276 712 1296 verum
731 1269 845 1304 vectigal
862 1269 947 1304 ipsius
959 1269 986 1296 in

207 1312 266 1345 ipsa
281 1312 450 1340 Mosleminis
472 1313 649 1347 relinqueret,
666 1321 719 1348 quo
735 1314 859 1342 subsidio
875 1314 944 1349 ipsis
960 1315 986 1341 in

206 1358 395 1392 oppugnandis
422 1359 548 1386 hostibus
569 1363 654 1387 esset.
681 1359 746 1386 Eam
771 1367 836 1395 ergo
861 1367 916 1395 quo
931 1365 988 1387 erat

206 1407 279 1430 statu
294 1403 466 1431 confirmavit
480 1404 593 1436 Amrus,
607 1405 813 1440 numeratisque
828 1406 926 1434 incolis
943 1406 989 1432 tri-

210 1450 303 1476 butum
323 1449 388 1484 ipsis
411 1450 551 1485 imposuit.
571 1451 655 1477 Porro
671 1451 802 1486 Egyptus
818 1451 945 1478 universa
961 1451 988 1478 in

210 1495 297 1522 foedus
314 1500 420 1530 recepta
448 1496 510 1527 fuit,
533 1496 637 1524 tributo
663 1497 789 1524 binorum
813 1504 957 1524 aureorum
973 1504 988 1524 a

206 1541 323 1576 singulis
352 1542 515 1576 pandendo;
542 1550 630 1576 neque
659 1542 777 1577 cuipiam
805 1542 921 1576 amplius
939 1550 988 1577 pro

207 1588 296 1622 capite
310 1594 361 1615 suo
373 1588 531 1615 solvendum
563 1588 755 1623 imponebatur
780 1588 842 1621 (nisi
869 1588 915 1615 ubi
940 1587 989 1614 ad-

206 1633 337 1664 jiceretur
363 1633 479 1668 aliquid,
503 1641 583 1668 etque
610 1634 797 1668 imponeretur
816 1634 921 1661 ratione
936 1638 989 1660 ter-

208 1686 297 1704 rarum
313 1682 340 1704 et
354 1677 462 1712 frugum
475 1685 542 1712 qttas
554 1678 813 1714 liaberel).exceptis
821 1678 990 1706 Alexandria:

210 1724 326 1751 incolis:
346 1723 384 1750 illi
406 1723 480 1751 enim
506 1724 619 1758 vectigal
646 1732 677 1751 ac
694 1725 825 1752 tribututn
853 1725 887 1751 ad
915 1724 990 1751 arbi-

210 1768 291 1795 trium
309 1768 369 1803 ejus
383 1768 428 1802 qni
450 1768 519 1803 ipsis
538 1768 739 1803 pra-ﬁciebatur
756 1769 922 1803 pendebant.
938 1768 991 1796 Ca-

210 1820 254 1848 pta
268 1818 310 1841 est
321 1814 459 1848 siquidem
477 1814 643 1842 Alexandria
658 1815 695 1846 vi,
713 1815 773 1842 sine
790 1815 926 1849 promisso
941 1819 989 1841 aut

209 1862 296 1894 pactis
312 1860 464 1892 conventis,
479 1860 555 1887 nullo
567 1867 630 1887 cum
649 1861 716 1895 ipsis
741 1861 809 1888 inito
823 1860 926 1888 fmdere
943 1865 989 1887 aut

209 1906 370 1940 sponsione.
401 1906 486 1941 Capta
520 1910 610 1934 autem
634 1910 676 1934 est
703 1906 746 1934 die
775 1905 889 1934 Veneris
915 1912 990 1932 meu-

207 1952 246 1978 sis
272 1952 424 1978 llloharram
454 1952 605 1983 novilunio.
631 1959 704 1979 anno
739 1952 827 1979 Heirze
849 1951 989 1984 vicesimo,

209 2004 260 2024 nec
276 2005 331 2024 non
356 1998 463 2032 imperii
476 1998 593 2025 lleraclii
621 1997 762 2029 vicesimo,
780 1997 826 2032 qui
843 1996 990 2024 chalifatus

207 2043 300 2069 Omari
328 2042 414 2070 Ebnol
440 2043 553 2070 Chetabi
580 2048 694 2071 octavus
720 2043 781 2070 fuit.
807 2042 893 2070 Porro
918 2042 991 2069 misit

207 2091 308 2116 Amrus
328 2088 414 2116 Ebnol
430 2089 489 2120 Asi,
506 2088 626 2116 Bokbam
655 2088 711 2116 Ebn
729 2088 832 2122 Naphei
861 2087 989 2114 Zawilam

209 2142 305 2170 usque,
322 2140 404 2169 atque
427 2135 462 2161 ita
480 2134 613 2169 quidquid
639 2134 710 2161 inter
727 2133 842 2159 Barkam
862 2137 889 2160 et
903 2132 991 2159 Zawi-

208 2181 314 2207 lamest
338 2187 421 2214 penes
448 2178 604 2206 Moslemios
630 2178 692 2211 fuit,
709 2185 741 2205 ac
771 2183 834 2205 tunc
859 2178 988 2212 temporis

1043 286 1091 312 per
1117 287 1192 307 tnare
1213 280 1320 307 Salsum
1350 279 1484 306 Mcdinam
1512 278 1715 306 deferebantur.
1748 279 1826 314 Cepit

1042 323 1123 350 etiam
1139 324 1240 352 Amrus
1272 324 1358 351 Ebnol
1388 324 1434 351 Asi
1464 323 1595 357 Tripolim
1626 323 1823 350 occidentalem

1046 374 1119 394 anno
1136 367 1223 395 Heirze
1249 369 1380 396 vicesimo
1405 368 1537 399 secundo,
1566 375 1692 394 necnon
1717 367 1823 402 imperii

1043 411 1159 439 lleraclii
1173 413 1303 440 vicesimo
1317 412 1451 445 secundo,
1469 412 1617 440 chalifatus
1627 412 1720 440 Omari
1736 412 1824 440 Ebnol

1042 456 1154 484 Chetabi
1171 457 1288 485 decimo.
1299 457 1494 492 Exstruxitque
1504 459 1604 485 Amrus
1619 458 1743 485 Phustati
1756 463 1826 485 tem-

1043 502 1116 535 plum
1133 510 1271 536 magnum.
1289 503 1374 530 Porro
1392 503 1553 530 interfectus
1569 508 1612 530 est
1634 503 1717 531 Omar
1739 503 1825 530 Ebuol

1043 547 1159 575 Chetabi
1184 548 1309 579 Medium.
1333 548 1513 576 interﬂciente
1534 549 1621 582 ipsum
1647 548 1705 575 Abu
1732 548 1826 576 Lttluae

1042 601 1121 620 servo
1150 593 1259 629 Mogirae
1290 594 1347 621 Elui
1373 593 1498 621 Shaabm.
1524 593 1597 621 Olliit
1624 593 1668 621 die
1682 594 1723 621 Dii
1740 594 1827 628 llojjaz

1043 639 1175 666 vicesimo
1202 639 1331 673 septimo.
1362 646 1434 666 anno
1461 638 1550 666 Heine
1577 639 1708 666 vicesimo
1733 639 1825 670 tertio.

1045 691 1095 711 nec
1112 691 1164 711 non
1183 684 1289 719 imperii
1305 683 1423 711 lleraclii
1442 685 1572 711 vicesimo
1589 686 1673 711 tertio
1697 691 1758 711 cum
1775 691 1826 710 an-

1042 736 1138 756 norum
1156 733 1228 756 esset
1243 730 1384 764 sexaginta
1399 729 1493 761 trium,
1510 735 1632 763 tempore
1647 728 1825 763 321-323

1042 774 1174 802 orationis
1189 774 1341 802 matutinae.
1363 774 1423 802 Jam
1437 778 1528 801 autem
1554 775 1582 801 in
1600 775 1747 801 consilium
1776 782 1825 800 ve-

1041 820 1143 847 candos
1157 819 1202 855 [de
1226 827 1387 847 successore
1402 819 1539 855 eligendo]
1558 823 1694 847 statuerat
1707 826 1753 846 sex
1770 819 1826 846 Mo-

1043 865 1104 891 bam
1130 865 1255 898 comites,
1267 865 1432 892 Otltmanum
1447 865 1504 891 Ebn
1518 864 1607 896 Atl'an,
1620 865 1689 891 Alitn
1707 864 1762 892 Ebn
1775 864 1825 891 Abi

1007 903 1027 929 Β
1042 910 1146 942 Talebi,
1162 909 1276 937 Talbum
1292 910 1424 937 AlZobair
1449 909 1533 936 Ebnol
1557 910 1651 941 Aram,
1670 908 1825 936 Abdorralt-

1043 962 1105 982 man
1133 954 1192 982 Ebn
1219 954 1286 987 Orfi,
1316 954 1450 982 AlZabari
1475 959 1502 982 et
1520 954 1638 981 Saadum
1673 954 1731 981 Ebn
1763 954 1825 980 Abil

1043 1001 1174 1028 Wakkas.
1193 1000 1288 1028 Oravit
1312 1008 1362 1036 pro
1377 1008 1410 1028 eo
1435 1000 1519 1028 Sahib
1542 999 1679 1027 AlRumi:
1701 1000 1827 1034 sepultus

1041 1051 1084 1075 est.
1100 1046 1192 1074 eadem
1204 1046 1287 1073 domo
1300 1046 1327 1072 in
1340 1053 1393 1080 qua
1407 1046 1530 1080 sepultus
1546 1045 1824 1073 fueratllahommed.

1041 1092 1193 1120 Chalifatus
1210 1091 1296 1125 ipsius
1311 1098 1445 1118 annorum
1469 1095 1529 1118 erat
1543 1091 1649 1122 decem,
1666 1092 1703 1118 ζει
1730 1097 1826 1117 novem

1043 1136 1189 1163 mensium.
1213 1135 1313 1162 Novies
1330 1135 1478 1162 cbalifatus
1502 1135 1544 1162 sui
1562 1140 1684 1169 tempore
1710 1143 1827 1170 peregre

1043 1180 1181 1215 religionis
1191 1187 1256 1214 ergo
1266 1180 1456 1214 peregrinatus
1467 1184 1519 1206 cst.
1531 1179 1636 1206 Fuscus
1645 1185 1715 1211 erat,
1727 1187 1825 1210 sema,

1041 1226 1146 1257 calvus.
1162 1231 1246 1260 caput
1257 1229 1284 1253 et
1300 1225 1411 1252 barbam
1436 1225 1518 1252 binua
1535 1225 1659 1259 tingens:
1674 1224 1826 1258 spiculato-

1043 1279 1103 1298 rum
1127 1272 1179 1305 ipsi
1193 1271 1340 1306 praefectus
1354 1270 1405 1298 fuit
1419 1269 1551 1297 Abdallah
1570 1268 1628 1297 Ebn
1644 1270 1758 1302 Abbasi,
1780 1270 1826 1304 ja—

1043 1317 1116 1343 nitor
1131 1316 1216 1343 Barka
1232 1324 1328 1344 servus
1339 1316 1436 1351 ipsius.

1182 1361 1332 1396 Chalifatus
1354 1362 1480 1389 O'hmam'
1502 1361 1560 1388 Ebu
1584 1362 1683 1396 ΑῙῙαηὶ.

1078 1407 1107 1434 ln
1124 1406 1284 1434 cbalifatum
1307 1407 1439 1434 suffectus
1461 1412 1503 1434 cst
1522 1407 1638 1434 Otbman
1663 1407 1719 1434 Ebn
1737 1406 1825 1433 ΑΠ’ηηί

1043 1454 1101 1482 Ebn
1118 1454 1179 1481 Abil
1190 1454 1249 1486 Asi,
1262 1453 1320 1481 Ebn
1331 1454 1456 1486 Omtuim,
1471 1453 1529 1481 Ebn
1541 1453 1727 1482 Abdisltemsi.
1740 1454 1826 1481 Mater

1043 1499 1095 1533 ipsi
1115 1498 1166 1525 fuit
1182 1498 1325 1526 Ommaiab
1340 1498 1392 1525 ﬁlia
1406 1498 1530 1531 Cubaraa,
1544 1498 1602 1526 Ebn
1620 1497 1723 1530 Rabiaa,
1736 1498 1826 1525 tribtts

1043 1548 1106 1578 post
1126 1542 1219 1571 Omari
1240 1543 1343 1570 obitum
1357 1542 1453 1570 diebus
1467 1542 1576 1571 futieute
1593 1542 1634 1570 Dil
1647 1542 1734 1576 Hojja.
1749 1542 1826 1569 Fuiz-
1872 1559 1876 1562 -

1043 1596 1096 1622 que
1119 1587 1251 1623 [initium]
1275 1587 1421 1615 chalifatus
1443 1587 1503 1622 ejus
1530 1587 1697 1614 norilunium
1723 1587 1826 1615 mensis

1044 1633 1195 1660 IIoltarram
1212 1632 1276 1659 anui
1292 1631 1379 1660 Heiraz
1390 1632 1522 1659 vicesimo
1532 1636 1642 1666 quarto,
1657 1632 1738 1666 idque
1753 1639 1825 1658 anno

1043 1677 1149 1713 imperii
1167 1678 1284 1704 Heraclii
1304 1678 1477 1712 imperatoris
1491 1677 1678 1704 Romanorum
1697 1677 1826 1704 vicesimo

1042 1727 1151 1758 quarto.
1167 1722 1332 1750 Cbalifatum
1348 1722 1465 1750 obtinuit
1477 1724 1559 1750 annis
1573 1723 1728 1750 duodecim.
1745 1723 1826 1749 Anno

1042 1768 1190 1796 chalifalus
1206 1767 1266 1800 ejus
1288 1768 1369 1795 tertio
1384 1768 1554 1795 constitutus
1579 1773 1623 1795 est
1649 1767 1755 1794 laribus
1778 1775 1827 1802 pa-

1043 1813 1163 1840 triarcha
1177 1812 1378 1845 Antiochenus,
1395 1813 1442 1847 qui
1464 1813 1593 1840 Maronita
1612 1813 1672 1841 fttit.
1693 1812 1826 1840 Constan-

1043 1857 1157 1891 tinopoli
1178 1860 1267 1884 autem
1285 1856 1321 1891 [ei
1334 1856 1453 1892 muneri]
1465 1857 1609 1890 pra‘fectus
1624 1861 1675 1888 est,
1689 1856 1769 1892 324
1778 1856 1824 1883 ubi

1042 1903 1165 1939 quinque
1182 1909 1269 1930 annos
1286 1903 1421 1934 substitit,
1440 1911 1527 1938 neque
1542 1902 1714 1930 Antiochiam
1731 1910 1826 1937 perve-

1043 1949 1094 1975 uit.
1110 1948 1233 1976 Mortuus
1249 1953 1338 1975 autem
1354 1952 1395 1976 est
1413 1948 1663 1984 Constantinopoli,
1678 1949 1769 1984 ibique
1781 1957 1826 1976 se-

1043 1995 1144 2028 pultus.
1160 1995 1240 2021 Anno
1258 1994 1404 2021 chalifatus
1418 1994 1541 2029 ejusdem
1557 1995 1665 2022 decituo
1681 1995 1769 2022 factus
1784 1999 1827 2021 est

1043 2039 1179 2067 Macarius
1195 2039 1349 2074 patriarcha
1365 2039 1564 2071 Antiochenus,
1590 2041 1636 2074 qui
1651 2043 1678 2067 et
1691 2040 1826 2067 Maronita

1044 2085 1105 2112 fuit.
1135 2084 1185 2112 llic
1209 2085 1291 2112 etiam
1307 2084 1543 2120 Constantinopoli
1562 2091 1682 2117 creatus,
1705 2092 1768 2112 cum
1788 2085 1825 2111 ibi

1042 2134 1105 2157 orto
1120 2137 1209 2157 annos
1223 2130 1430 2164 permansisset,
1445 2137 1532 2164 neque
1546 2130 1717 2157 Antiochiam
1732 2137 1826 2157 acces-

1043 2178 1135 2209 sisset,
1154 2180 1278 2204 mortuus
1302 2180 1355 2208 est,
1377 2176 1468 2211 ibique
1495 2177 1628 2211 sepultus.
1644 2176 1723 2202 Anno
1742 2175 1828 2202 chali-

206 2225 288 2260 320
304 2232 356 2252 non
373 2225 578 2260 iugrediebatur
592 2223 707 2251 Barkam
722 2223 769 2258 qui
788 2223 918 2250 tributum
934 2223 988 2250 eti-
1003 2229 1028 2258 ι)
1044 2222 1114 2249 fatus
1125 2222 1245 2256 ejusdem
1257 2229 1328 2248 nono
1337 2222 1500 2248 constitutus
1511 2226 1550 2248 est
1560 2220 1658 2247 Petrus
1672 2219 1827 2254 patriarcha

206 2273 294 2303 geret,
311 2275 403 2295 verum
422 2272 542 2302 tempore
568 2268 722 2302 praestituto
738 2267 872 2294 tributum
900 2267 989 2295 mitte-

208 2314 282 2341 bant.
300 2313 449 2347 Occupavit
465 2317 557 2340 autem
574 2313 697 2340 homines
723 2313 865 2340 calamitas
893 2320 990 2347 magna

206 2360 321 2387 Mudinae
337 2367 391 2393 prae
419 2366 534 2386 annona:
557 2359 682 2386 caritate.
699 2359 814 2393 Scripsit
827 2366 893 2393 ergo
908 2358 991 2385 Omar

206 2405 293 2432 Ehnol
309 2404 423 2432 Chetabi
437 2405 469 2432 ad
485 2405 599 2432 Amrum
618 2404 705 2432 Ebnol
721 2404 767 2432 Asi
784 2404 929 2432 certiorem
949 2403 991 2438 ip-

205 2456 266 2475 sum
285 2448 389 2475 faciens
403 2452 505 2482 quanta
519 2452 709 2482 premerentur
725 2448 852 2476 homines
866 2448 990 2483 angustia

205 2501 238 2519 ac
257 2500 374 2521 annona;
389 2493 515 2521 caritate.
535 2493 664 2528 Misitque
680 2493 781 2521 Amrus
807 2494 927 2521 camelos
941 2494 991 2520 tri-

205 2540 259 2566 tico
275 2544 399 2571 onustos,
414 2546 531 2573 quoruut
554 2538 634 2572 primi
651 2539 786 2566 Medinam
804 2539 988 2574 pertigeruut,

205 2585 268 2611 dum
285 2585 374 2612 ultimi
391 2584 480 2612 adhuc
495 2584 523 2611 in
551 2583 670 2620 Egypto
692 2588 794 2617 essent,
820 2584 890 2611 serie
904 2585 991 2612 conti-

207 2639 271 2658 nua.
288 2630 402 2666 Scripsit
421 2637 484 2665 ergo
498 2631 582 2658 Omar
595 2630 681 2657 Ebuol
699 2630 812 2658 Chetabi
829 2630 862 2657 ad
876 2631 989 2656 Amrqu

208 2675 293 2703 Ebnol
310 2676 356 2703 Asi
375 2680 404 2702 ut
427 2675 584 2703 fodiendum
605 2680 714 2702 curaret
743 2675 848 2702 alveum
863 2675 907 2708 qui
925 2674 991 2701 Κοι-

207 2728 314 2747 zatnum
332 2720 508 2755 pertingeret,
526 2727 580 2755 quo
603 2720 709 2747 facilius
726 2725 915 2755 apportarctur
932 2719 991 2746 fru-

207 2770 340 2793 mentum.
357 2765 439 2792 Fodit
455 2773 521 2800 ergo
538 2766 639 2793 Amrus
653 2765 753 2793 flumen
769 2765 834 2793 illud
850 2766 924 2801 quod
941 2765 990 2793 sub

207 2815 288 2844 ponte
302 2816 353 2842 est,
369 2810 442 2845 quod
462 2810 573 2838 Flumen
586 2811 754 2845 imperatoris
767 2811 886 2839 fidelium
900 2812 990 2846 appel-

207 2856 279 2882 latur
296 2863 300 2869 ·
332 2862 378 2884 per
393 2854 464 2889 quod
481 2862 563 2882 navcs
580 2855 712 2889 triticum,
730 2855 860 2883 hordeum
877 2860 903 2883 ct
916 2856 991 2891 legu-

1041 2266 1377 2301 Constantinopolitanus,
1393 2266 1438 2300 qui
1456 2272 1483 2293 et
1498 2266 1630 2292 Maronita
1648 2265 1717 2292 fuit:
1739 2272 1827 2291 annos

1042 2320 1088 2339 se:
1103 2313 1184 2344 sedit,
1202 2312 1266 2339 dein
1281 2315 1405 2338 mortuus
1422 2316 1474 2339 est.
1496 2311 1575 2338 Anno
1589 2310 1736 2337 chalifatus
1753 2310 1828 2343 ejus-

1041 2358 1103 2385 dem
1120 2362 1218 2391 quarto
1233 2361 1343 2385 creatus
1359 2361 1401 2384 est
1422 2356 1520 2384 Petrus
1538 2356 1692 2391 patriarcha
1712 2356 1828 2382 Alexan-

1041 2404 1152 2435 drinus;
1168 2402 1300 2429 Maronita
1317 2402 1385 2434 fuit;
1400 2409 1462 2428 cum
1480 2409 1567 2429 annos
1586 2408 1681 2427 novem
1698 2401 1827 2435 sedisset,

1043 2453 1166 2476 mortuus
1184 2452 1236 2475 est.
1265 2448 1345 2475 Anno
1366 2447 1488 2482 ejusdem
1511 2452 1609 2475 octavo
1634 2452 1759 2474 mortuus
1785 2452 1828 2474 est

1043 2494 1181 2521 llonorius
1197 2493 1351 2528 patriarcha
1367 2493 1519 2525 Romanus,
1544 2493 1589 2527 qui
1610 2493 1691 2520 etiam
1708 2492 1828 2520 Maronis

1042 2540 1195 2567 doctrinam
1215 2539 1357 2573 amplexus
1375 2538 1439 2570 fuit,
1459 2543 1540 2573 atque
1564 2546 1613 2574 per
1628 2538 1717 2572 ipsum
1741 2537 1828 2565 divisa

1042 2590 1084 2612 est
1102 2585 1228 2612 Ecclesia:
1242 2584 1388 2611 sententia.
1407 2584 1472 2611 Post
1495 2584 1582 2618 ipsius
1604 2583 1708 2610 obitum
1725 2583 1827 2610 electus

1043 2635 1086 2657 est
1100 2629 1210 2664 quidam
1230 2629 1339 2656 nomine
1355 2628 1515 2660 Severinus,
1538 2629 1584 2663 qui
1603 2628 1696 2655 Roma:
1713 2628 1828 2661 patriar-

1043 2677 1092 2703 cha
1113 2675 1288 2707 constitutus,
1306 2675 1352 2701 ttbi
1373 2682 1421 2702 sex
1439 2681 1547 2701 menses
1565 2674 1693 2706 sedissm,
1704 2677 1828 2700 mortuus

1043 2725 1095 2747 cst.
1112 2720 1175 2746 Post
1194 2727 1275 2754 quem
1299 2719 1404 2746 electus
1424 2725 1468 2747 est
1492 2720 1534 2746 vir
1556 2722 1701 2753 prastans.
1718 2718 1828 2744 nomine

1043 2765 1172 2796 Joannes,
1188 2765 1222 2791 ad
1244 2771 1324 2799 quem
1344 2771 1406 2791 cum
1426 2764 1516 2791 delata
1543 2763 1615 2791 es'sct
1643 2763 1723 2790 istius
1752 2762 1827 2790 dubit

1043 2818 1143 2841 causa,
1168 2810 1320 2845 imperante
1345 2813 1410 2838 tunc
1433 2810 1566 2844 temporis
1588 2808 1825 2841 Constantinopoli

1044 2857 1169 2885 lleraclio
1188 2864 1249 2884 cum
1269 2856 1351 2884 fratre
1367 2864 1417 2884 suo
1431 2856 1623 2888 Constantino,
1643 2855 1751 2888 scripsit
1768 2855 1825 2888 ipse
