2014 3082
183 188 255 220 1109

877 189 926 218 AN
932 188 1063 218 NALES.

1752 188 1816 221 1110

181 248 214 274 ad
235 247 297 274 illos
311 246 457 281 epistolam
476 245 502 272 in
518 252 571 280 qua
585 245 661 273 dubii
677 245 758 273 istius
773 253 882 272 causam
907 245 975 281 [ex-
991 250 1012 277 Α
1029 244 1099 279 pori'
1112 244 1220 272 Domini
1248 245 1335 272 nostri
1360 245 1462 273 Christi
1486 253 1540 272 non
1557 245 1643 273 fuisse
1665 246 1817 273 voluntates

182 292 299 328 posuit,]
328 292 481 327 apologiam
511 292 594 319 edens
621 299 669 326 pro
695 291 896 325 prmdeccssore
925 298 976 318 suo

182 339 305 366 llonorio
321 338 476 373 patriarcha
496 337 630 366 Romano.
657 337 785 372 Epistolas
809 342 899 364 autem
925 337 977 363 ini-

181 387 250 412 tiutn
278 385 314 412 ila
342 393 372 413 se
397 384 516 411 habuit:
535 383 557 410 A
581 382 686 410 Joanne
712 391 791 418 papa,
821 384 975 418 patriarcha

184 429 320 462 Rurixano,
347 430 380 457 ad
411 428 564 456 lleracliutn
588 432 616 455 et
639 427 851 456 Canstantinum
878 428 976 454 fratres

183 477 364 510 imperatores
394 475 594 510 325—327
626 475 729 509 quibus
755 474 912 502 concredita
935 478 976 500 est

183 522 304 549 Ecclesia
328 522 430 548 Christi
457 521 506 548 Dei
531 520 608 554 veri,
636 520 716 555 cujus
738 520 783 547 lux
808 521 976 548 intenebris

183 568 341 602 splenduit;
370 567 417 601 qui
443 574 493 594 nos
517 574 532 593 a
558 570 694 601 potestate
719 566 892 593 tenebrarum
917 566 977 594 luce

184 622 232 641 Sua
261 614 330 641 mira
355 613 492 644 liberavit,
519 613 580 640 luce
598 612 723 640 vera-cui
745 612 828 639 nullae
852 612 976 639 admista:

185 664 250 688 sunt
271 659 410 691 tenebrat;
434 659 481 694 qui
510 659 642 694 sanguine
675 659 769 686 crucis
799 665 855 684 suae
881 665 975 692 pacem

186 705 252 732 fecit
270 705 341 732 inter
355 705 454 731 t'mlnm
474 707 501 730 et
516 707 637 735 terram;
665 702 710 736 qui
730 701 859 729 Ecclesia:
879 701 976 728 faciem

187 758 297 784 semper
313 750 445 777 intuetur.
462 749 512 776 llle
530 754 573 776 est
596 748 643 783 qui
661 747 740 775 vobis
766 748 836 774 hanc
861 747 976 782 gratiam

186 793 262 825 fecit.
283 802 299 821 0
316 793 506 828 imperatores.
525 797 557 819 ut
575 792 720 827 opiniones
738 792 855 826 optimas
873 799 904 819 ac
928 798 978 818 no-

186 839 338 867 bilissimas
354 840 380 866 in
399 839 524 866 Ecclesia
541 838 753 873 proﬁteremini,
771 838 904 872 iidemtpte
915 846 977 873 per-

185 885 364 912 fectissimam
397 891 430 912 ac
461 885 512 919 ipsi
546 884 697 918 proximam
733 883 974 918 amplccteremini.

186 930 293 958 Accidit
311 931 354 958 hic
371 938 416 957 res
437 937 497 964 qua:
523 929 681 956 necessario
706 929 844 956 narranda
871 933 923 960 est,
949 933 978 956 ut
994 920 1014 948 Β

188 975 274 1008 imm
295 975 448 1010 intelligant
464 975 511 1008 qui
531 975 689 1009 aequitatem
715 974 820 1005 colunt,
847 978 929 1008 atque
951 975 976 1000 in

187 1022 273 1055 ipsum
290 1020 445 1055 inquirunt,
461 1027 518 1055 quo
535 1020 636 1048 veritas
648 1020 775 1055 superior
787 1020 902 1052 evadat;
916 1026 977 1046 cum

187 1067 221 1092 ad
249 1074 291 1094 mc
319 1066 472 1101 pervenerit
502 1073 627 1100 qua'natn
645 1065 701 1093 sint
720 1065 793 1100 apud
821 1064 978 1092 Occidentis

186 1109 271 1135 etiam
302 1109 405 1136 incolas
435 1108 627 1143 discrepantia:
660 1114 688 1136 et
716 1109 810 1140 dubia,
830 1114 913 1144 atque
941 1109 975 1136 ad

189 1162 234 1180 me
264 1155 396 1188 perlatum
425 1155 461 1182 sit
490 1154 556 1181 illud
584 1162 636 1181 una
669 1162 731 1182 cuin
764 1155 857 1182 fratris
890 1155 975 1182 nostri

190 1200 288 1235 Pyrrhi
305 1201 465 1235 patriarcha:
478 1200 789 1236 Constantinopolitani,
803 1203 976 1237 aliorumque

189 1247 298 1273 litteris.
327 1246 443 1274 Necesse
460 1251 501 1274 est
530 1254 595 1281 ergo
621 1251 649 1273 ut
664 1247 815 1281 explicetur
841 1256 884 1276 res
911 1249 974 1280 ista,

188 1299 244 1326 quo
273 1296 327 1319 tota
356 1292 540 1327 dignoscatur.
571 1292 679 1319 luitium
702 1293 788 1327 ipsius
811 1293 852 1320 sic
873 1301 902 1321 se
926 1294 975 1321 ha-

188 1338 252 1371 let,
273 1339 344 1372 quod
371 1343 433 1365 ante
455 1346 540 1366 annos
568 1339 676 1366 circiter
697 1339 847 1366 octodecim
869 1340 976 1367 dicatur

187 1384 276 1418 Cyrus
301 1385 454 1419 patriarcha
480 1385 682 1412 Alexandrinus
712 1384 833 1412 Maronis
863 1390 973 1412 senten-

189 1430 254 1456 tiam
277 1430 416 1464 amplexus
438 1437 446 1456 :
472 1429 619 1462 videlicet,
643 1429 758 1458 Domino
779 1429 889 1457 Christo
916 1437 976 1458 esse

189 1479 304 1502 naturas
334 1477 413 1506 duas,
443 1475 611 1502 voluntatem
640 1483 733 1508 unam,
769 1480 851 1510 atque
877 1483 976 1511 opera-

188 1524 293 1550 tionem
312 1531 405 1550 unam.
435 1523 513 1556 Quod
539 1532 601 1550 cum
622 1524 773 1551 audivisset
805 1524 977 1559 Sophronias

186 1570 237 1604 qui
259 1569 415 1602 patriarcha
446 1570 713 1605 Hierosolymitanus
739 1570 800 1602 fuit,
831 1578 892 1597 cum
918 1571 977 1605 ipso
993 1582 1014 1611 ο

187 1615 335 1648 disputans
360 1615 528 1648 argumentis
554 1615 642 1649 ipsum
661 1616 735 1643 vicit.
755 1615 823 1643 Tum
852 1616 976 1651 Sophro-

188 1660 255 1687 nius
265 1660 298 1686 ad
313 1659 436 1695 Sergium
448 1661 630 1695 patriarcham
641 1662 976 1697 Constantinopolitanum

190 1707 344 1742 profectus,
371 1714 434 1734 cum
463 1707 552 1741 ipsttm
584 1707 655 1735 idem
685 1715 747 1735 cum
775 1709 848 1743 Cyro
878 1709 977 1737 docere

190 1753 337 1787 reperiret,
354 1758 437 1787 atque
460 1753 560 1786 dicere,
577 1753 728 1782 Honorium
756 1755 838 1782 etiam
857 1756 977 1790 patriar-

189 1799 272 1827 chain
304 1799 457 1827 Romanum
491 1800 561 1827 idem
589 1800 724 1828 aiilrmare
752 1800 836 1836 328
855 1809 869 1828 a
902 1801 977 1829 Con-

190 1846 371 1880 stantinopoli
400 1845 589 1880 Hierosolyma
621 1854 747 1875 reversus
772 1853 825 1876 est.
853 1847 978 1883 Cumque

189 1892 348 1924 patriarcha
372 1896 447 1919 esset
476 1892 550 1925 (eum
576 1891 724 1926 siquidem,
747 1898 857 1928 propter
882 1895 977 1921 ortho-

190 1933 301 1960 doxiam
315 1933 402 1967 ipsius
418 1939 571 1968 acceptum,
586 1933 782 1969 Hierosolymis
797 1933 980 1968 patriarcham

190 1978 384 2013 praefecerunt,
413 1979 491 2006 urbis
517 1979 576 2013 ejus
603 1979 727 2014 incolae).
747 1979 846 2007 librum
872 1980 906 2007 de
930 1980 982 2008 (ide

190 2023 313 2058 scripsit.
333 2031 413 2058 quem
430 2025 514 2050 totius
539 2025 633 2051 mundi
658 2025 753 2052 incola:
773 2030 915 2060 acceptum
933 2025 982 2053 ha-

191 2070 323 2096 buerunt.
354 2068 411 2096 Hoc
427 2077 490 2096 cum
516 2070 643 2097 seirisset
665 2069 803 2097 Ilonorius
827 2072 981 2105 patriarcha

191 2114 345 2147 liotnanus,
364 2122 415 2141 nec
434 2121 487 2141 non
507 2114 633 2149 Sergium
647 2115 831 2147 patriarcham
847 2116 982 2143 Constan-

193 2160 411 2194 tinopolitanum
425 2160 496 2188 l‘also
508 2159 611 2187 dixisse
624 2160 714 2195 ipsum
734 2161 896 2188 Maronitam
910 2169 981 2195 esse,

191 2206 293 2233 librum
311 2205 421 2239 scripsit
439 2205 465 2232 in
484 2213 538 2239 quo
554 2206 661 2237 asserit,
682 2205 827 2232 Dotninum
855 2210 980 2234 nostrum

1030 291 1100 318 duas
1128 291 1282 318 contrarias
1307 299 1394 326 neque
1424 291 1625 319 contradixisse
1649 292 1815 319 voluntatem

1030 337 1185 364 intellectus
1211 336 1297 371 ipsius
1326 337 1458 364 voluntati
1483 336 1661 372 329-331
1682 337 1816 372 corporis.

1031 390 1119 416 neque
1136 383 1222 410 fuisse
1239 388 1380 417 peccatum
1401 383 1437 410 illi
1467 383 1512 418 qui
1540 384 1624 415 venit,
1654 389 1682 411 ιιι
1711 386 1815 412 tolleret

1029 434 1169 463 peceatum
1186 429 1278 456 mundi
1296 430 1394 463 (absit!
1425 429 1482 456 ﬁeri
1503 436 1558 456 non
1585 430 1695 465 potest).
1724 430 1817 464 Neque

1032 474 1115 502 fuisse
1133 475 1248 503 Domino
1264 480 1359 502 nostro
1376 475 1489 502 Christo
1505 479 1646 510 peccatum
1664 474 1705 502 vel
1720 483 1816 505 unum.

1028 529 1118 555 neque
1134 522 1161 549 in
1177 522 1265 556 ipsius
1293 521 1450 553 nativitate,
1477 529 1566 556 neque
1589 527 1816 556 temperamento.

1029 565 1130 593 Verum
1146 567 1262 594 dit-imus
1279 566 1391 602 (inquit)
1407 575 1438 594 ac
1463 568 1626 595 confitemur
1649 568 1816 595 voluntatem

1030 619 1125 638 unam-
1141 619 1195 646 qua
1220 611 1386 647 dirigerctur
1408 613 1495 648 ipsius
1521 613 1678 640 humanitas
1700 618 1817 640 sancta:

1030 665 1092 684 DOI‘I'
1112 661 1204 684 autem
1222 659 1372 686 HSSCl'in'HlS
1397 659 1552 686 voluntates
1569 660 1638 686 duas
1651 659 1817 689 contrarias,

1029 703 1268 738 quaeintellectui
1298 704 1384 738 ipsius
1413 708 1441 731 et
1468 704 1576 738 corpori
1610 703 1724 732 fuerint.
1763 703 1817 730 lluc

1029 750 1140 784 scripsit
1155 749 1294 777 Honorius
1312 750 1466 785 patriarcha
1480 749 1622 777 Romanus
1640 750 1671 776 ad
1691 749 1816 784 Sergium

1030 795 1211 830 patriarcham
1231 795 1578 830 Constantinopolitannm.
1612 795 1666 823 Nos
1682 795 1817 830 siquidem

1030 841 1193 870 conﬁtemur
1217 842 1286 869 duas
1310 842 1465 869 voluntates
1480 842 1648 873 contrarias,
1666 842 1818 869 intellectus

1031 892 1057 914 et
1073 887 1197 922 corporis
1213 895 1220 914 :
1239 887 1311 922 quod
1327 888 1523 916 transferentes
1548 886 1670 914 nonnulli
1696 887 1729 914 ad
1754 894 1817 913 scn-

1029 933 1129 961 tentias
1159 941 1225 960 suas
1248 933 1345 966 falsas,
1371 938 1501 968 putarunt
1531 932 1681 960 Honorium
1704 933 1808 967 patriar

1029 980 1108 1006 cham
1130 979 1282 1007 Romanum
1306 980 1460 1007 asseruisse
1488 979 1658 1006 voluntatem
1687 986 1768 1005 uuam
1791 978 1818 1005 in

1029 1024 1137 1052 Domini
1164 1025 1249 1052 nostri
1277 1023 1379 1053 Christi
1406 1025 1549 1052 divinitate
1571 1028 1599 1051 et
1624 1024 1818 1051 humanitate:

1029 1069 1103 1103 quod
1122 1070 1169 1104 qui
1185 1074 1342 1102 autumant,
1362 1078 1492 1105 rogarem
1512 1078 1574 1103 ego,
1600 1070 1627 1097 in
1646 1077 1698 1104 qua
1722 1074 1818 1096 natura

1029 1112 1124 1140 dicunt
1141 1121 1221 1142 unam
1238 1121 1300 1142 esse
1323 1114 1437 1142 Christo
1454 1115 1508 1142 Deo
1531 1115 1723 1143 voluntatem?
1744 1115 1772 1141 Si
1791 1115 1818 1141 in

1029 1159 1174 1187 divinitate
1199 1164 1327 1192 tantum,
1355 1165 1412 1187 tum
1441 1168 1494 1187 non
1520 1165 1562 1187 est
1592 1162 1621 1187 in
1649 1159 1819 1186 humanitate

1030 1203 1117 1238 ipsius
1141 1204 1279 1238 voluntas,
1304 1212 1336 1233 ac
1354 1205 1469 1240 proinde
1500 1212 1555 1232 non
1582 1209 1623 1232 est
1646 1205 1730 1232 homo
1757 1212 1819 1240 per.

1030 1249 1129 1278 fectus.
1159 1249 1208 1277 Sin
1236 1250 1356 1278 dixerint
1378 1251 1405 1278 in
1434 1250 1605 1277 humanitate
1628 1250 1729 1278 Christi
1759 1256 1819 1276 esse

1031 1296 1100 1322 hanc
1113 1295 1294 1328 voluntatem,
1307 1295 1425 1324 dicimus
1434 1295 1502 1330 ipsis
1515 1305 1522 1323 z
1533 1296 1676 1329 Quomodo
1683 1295 1736 1323 erit
1749 1295 1819 1321 Deus

1030 1341 1185 1375 perfectus?
1212 1341 1328 1375 Quodsi,
1343 1342 1450 1370 duabus
1463 1342 1569 1369 naturis
1581 1349 1642 1373 esse
1652 1342 1818 1369 voluntatem

1031 1395 1129 1420 unam;
1151 1388 1205 1415 hoc
1217 1393 1259 1416 est
1274 1390 1346 1423 quod
1364 1389 1423 1417 ﬁeri
1440 1397 1494 1417 non
1521 1394 1619 1424 potest.
1638 1389 1737 1417 Verum
1752 1397 1819 1417 con-

1032 1433 1141 1460 iitemttr
1157 1433 1375 1461 incarnationem
1392 1434 1496 1462 Christi
1512 1435 1605 1468 unius,
1630 1434 1747 1469 ideoque
1769 1442 1821 1461 nec

1032 1485 1164 1512 negamus
1177 1477 1247 1505 duas
1259 1479 1414 1505 voluntates
1428 1486 1489 1513 quae
1503 1483 1567 1506 sunt
1580 1478 1687 1505 duabus
1700 1478 1818 1508 naturis,

1032 1529 1066 1547 ne
1080 1521 1265 1556 proprietates
1285 1522 1407 1556 ipsarum
1422 1529 1642 1556 corrumpamus.
1662 1521 1762 1548 Verum
1777 1521 1820 1548 di-

1031 1567 1120 1595 cimus
1138 1567 1248 1601 utrique
1265 1567 1382 1594 duarum
1401 1570 1561 1594 naturarum
1576 1566 1656 1601 332
1672 1565 1775 1593 Christi
1790 1566 1819 1592 in

1032 1613 1224 1640 incarnatione
1247 1620 1372 1648 persona:
1389 1612 1483 1644 unius.
1501 1620 1562 1640 esse
1579 1613 1768 1644 voluntatem;
1791 1616 1819 1638 at

1032 1665 1086 1685 non
1112 1666 1173 1686 esse
1188 1659 1257 1686 duas
1276 1665 1416 1694 personas.
1438 1657 1670 1693 quemadmodmn
1695 1656 1818 1693 [asserit]

1032 1703 1175 1731 Nestorius
1202 1704 1377 1732 maledictus.
1405 1703 1456 1737 Qui
1481 1708 1573 1731 autem
1599 1706 1727 1731 asserunt
1749 1702 1819 1730 duas

1030 1757 1091 1777 esse
1131 1755 1245 1778 naturas
1285 1754 1313 1778 et
1351 1750 1518 1778 voluntatem
1555 1757 1638 1777 unam
1679 1748 1817 1776 divinitati

1030 1794 1134 1823 Christi
1151 1802 1177 1822 et
1192 1796 1357 1823 humanitati
1374 1796 1471 1830 ipsius,
1487 1802 1537 1824 nec
1561 1802 1616 1822 non
1629 1794 1817 1829 operationem

1034 1848 1130 1874 unam,
1149 1846 1242 1870 errant
1256 1841 1295 1869 illi
1307 1841 1394 1869 instar
1409 1840 1530 1869 Maronis
1545 1840 1684 1867 maledicti
1699 1849 1707 1867 :
1723 1844 1750 1867 et
1770 1839 1816 1873 qui

1033 1887 1120 1919 aiunt,
1147 1894 1228 1914 unam
1250 1891 1388 1919 naturam,
1405 1886 1570 1913 voluntatetn
1589 1893 1669 1912 unam
1699 1889 1727 1912 et
1753 1892 1817 1918 ope~

1031 1933 1165 1960 rationem
1190 1939 1282 1965 unam,
1303 1935 1416 1966 peccant
1445 1931 1531 1959 instar
1555 1930 1681 1965 Eutychii
1706 1934 1733 1956 et
1755 1929 1818 1956 Dio-

1031 1979 1103 2008 scori
1115 1983 1141 2006 et
1149 1977 1242 2006 Severi
1252 1977 1443 2005 haereticorum
1455 1985 1461 2003 :
1471 1981 1554 2010 atque
1566 1977 1622 2003 ha'c
1630 1979 1672 2003 est
1683 1975 1818 2002 sententia

1032 2022 1232 2051 Jacobitarum.
1253 2022 1352 2050 Vertnn
1377 2022 1502 2050 doctrina
1521 2029 1585 2048 sana
1601 2025 1628 2048 ct
1641 2020 1742 2048 veritas
1762 2027 1819 2046 tna-

1032 2069 1131 2097 nifesta
1140 2069 1186 2096 illa
1197 2073 1327 2104 estquam
1338 2069 1512 2103 protulerunt
1522 2067 1658 2098 doctores.
1677 2065 1817 2096 videlicet:

1032 2116 1100 2143 Esse
1124 2115 1243 2142 Domino
1271 2120 1366 2142 nostro
1389 2114 1500 2142 Christo
1522 2114 1591 2141 duas
1611 2118 1735 2145 naturas,
1750 2111 1819 2141 duas

1033 2161 1199 2193 voluntates,
1225 2161 1401 2195 operationes
1415 2159 1485 2187 duas
1499 2162 1526 2186 et
1545 2165 1690 2194 personam
1715 2165 1816 2184 unam:

1032 2213 1095 2233 cum
1111 2205 1280 2240 impossibile
1298 2205 1335 2233 sit
1349 2212 1379 2233 ut
1393 2205 1429 2233 sit
1444 2204 1550 2232 duabus
1569 2204 1674 2231 naturis
1690 2203 1818 2230 voluntas

191 2250 344 2282 Christum,
361 2250 464 2285 quiest
484 2251 611 2285 princeps
628 2251 699 2283 vitae,
720 2255 811 2278 natum
834 2258 896 2279 esse
918 2252 977 2280 sine
993 2257 1015 2284 ι)
1030 2258 1102 2279 una:
1118 2251 1192 2286 quod
1205 2251 1316 2279 siunam
1329 2251 1441 2278 haberet
1455 2250 1722 2282 voluntatemLunam
1734 2249 1816 2275 etiam

191 2300 316 2332 peccato.
331 2295 472 2331 Siquidem
484 2295 601 2323 Verbum
614 2304 661 2330 per
673 2297 745 2330 quod
759 2295 866 2324 fuerunt
877 2297 980 2331 omnia,

190 2349 253 2369 cum
266 2349 281 2369 e
294 2341 364 2368 ccelo
378 2341 565 2374 descenderet,
578 2341 767 2376 assumpsisse
781 2342 813 2369 de
828 2341 911 2369 Maria
925 2343 981 2369 vir-

189 2388 253 2424 gine
269 2394 379 2420 corpus.
401 2393 433 2414 ac
452 2390 549 2413 natura
574 2387 653 2414 nobis
676 2387 764 2414 simile
780 2387 882 2416 factum
900 2395 979 2421 esse,

142 2440 143 2443 ‘
190 2441 363 2468 nequaquam
379 2437 470 2459 autem
486 2433 627 2459 voluntate
648 2433 764 2466 peccati.
792 2433 886 2461 Dicere
905 2433 978 2460 enim

190 2479 319 2510 l'aulum,
346 2477 486 2512 accepisse
501 2477 590 2511 ipsum
619 2477 825 2505 similitudinem
852 2483 977 2506 nostrum

192 2529 385 2558 peccatorum;
400 2530 497 2556 nempe
507 2530 608 2557 corpus
620 2523 678 2550 sine
690 2527 802 2558 peccato
814 2532 876 2551 etttn
890 2525 979 2551 anima

190 2569 333 2601 rationali,
349 2568 540 2599 intellectuali.
554 2573 637 2603 atque
657 2568 694 2595 ita
712 2577 793 2596 unam
812 2570 979 2597 voluntatem

189 2615 244 2647 ipsi
260 2615 349 2641 visum
365 2621 426 2640 esse
441 2621 595 2645 assunwre,
618 2622 678 2648 quze
702 2615 866 2642 litnnanilati
894 2616 981 2650 ipsius

187 2665 275 2691 esset,
290 2668 344 2686 non
359 2659 432 2686 sicut
458 2667 508 2687 nos
525 2660 630 2687 scimus
651 2660 732 2687 nobis
753 2668 814 2688 esse
838 2661 906 2688 duas
931 2670 980 2689 vo-

187 2706 312 2731 luntates
338 2704 513 2736 contrarias,
544 2712 659 2738 quarum
695 2705 864 2732 voluntatum
893 2707 980 2733 altera

189 2751 315 2784 plantala
329 2750 363 2777 sit
382 2750 409 2778 in
428 2750 579 2782 intellectu,
596 2750 683 2777 altera
706 2751 732 2778 in
758 2759 884 2786 corpore,
909 2753 980 2779 sint-

189 2804 245 2830 que
275 2797 346 2823 inter
373 2803 403 2823 se
429 2797 592 2827 contrarite;
630 2796 703 2830 quod
732 2797 860 2824 universo
887 2798 979 2832 generi

190 2842 313 2875 humano
336 2840 490 2876 contingit,
518 2848 580 2868 cutn
601 2840 653 2867 sub
679 2837 791 2875 peccato
807 2842 854 2872 sit,
879 2849 931 2868 nec
945 2841 980 2868 sit

190 2888 328 2924 quispiam
347 2895 361 2915 a
387 2890 500 2923 peccato
518 2886 674 2916 rebellionis
699 2886 851 2916 immunis:
868 2894 895 2916 at
919 2896 981 2916 cor-

1034 2297 1148 2324 haberct
1161 2301 1304 2329 naturam;
1317 2304 1377 2324 cum
1391 2302 1482 2325 autem
1498 2298 1567 2324 duas
1583 2296 1679 2322 haheat
1694 2299 1818 2325 naturas,
1836 2322 1838 2329 ι

1033 2343 1102 2370 duas
1121 2343 1203 2370 etiam
1224 2343 1307 2370 habet
1335 2343 1499 2370 voluntates.
1522 2341 1663 2377 Rogamus
1686 2347 1752 2374 ergo
1771 2332 1838 2366 vos'

1034 2393 1063 2415 ut
1086 2387 1208 2423 jubeatis
1235 2388 1361 2415 comburi
1381 2389 1504 2415 chartam
1527 2394 1589 2421 qua:
1611 2385 1762 2412 calumnias
1792 2383 1818 2410 in

1033 2434 1151 2461 Leonem
1171 2434 1352 2468 patriarcham
1369 2433 1522 2460 Romanqu
1543 2431 1676 2463 continet,
1694 2438 1744 2457 nec
1763 2437 1818 2456 non

1033 2481 1060 2507 in
1078 2481 1225 2508 concilium
1242 2480 1475 2512 Chalcedonense,
1500 2486 1534 2506 ne
1557 2479 1664 2514 legatur
1680 2481 1707 2504 et
1722 2476 1756 2503 ab
1777 2477 1820 2503 in-

1033 2526 1143 2553 tellectu
1160 2526 1250 2553 minus
1270 2525 1426 2553 valentibus
1438 2525 1579 2559 probetur,
1597 2523 1732 2557 iidemque
1745 2522 1818 2557 ipso—

1032 2579 1092 2598 rum
1110 2576 1271 2606 corrumpat
1290 2580 1297 2598 :
1330 2578 1512 2606 rogamusqne
1530 2569 1674 2596 Dominum
1693 2574 1817 2595 nostrum

1032 2617 1171 2644 Christutn
1192 2623 1221 2643 ut
1245 2624 1294 2644 vos
1324 2625 1386 2644 cum
1419 2616 1628 2648 misericordia,
1656 2615 1817 2647 clementia,

1032 2667 1114 2696 atque
1131 2662 1233 2688 auxilio
1259 2662 1402 2697 respiciat,
1427 2661 1579 2696 subdatque
1595 2660 1710 2695 imperio
1724 2664 1816 2687 vestro

1031 2712 1125 2740 gentes
1137 2707 1258 2741 potentia
1274 2706 1362 2741 ipsius
1380 2706 1571 2741 insuperabili.
1586 2705 1735 2739 Epistolam
1747 2704 1818 2732 hanc

1032 2759 1094 2778 cum
1122 2752 1285 2779 absolvisset
1315 2751 1434 2779 Joannes
1470 2751 1623 2786 patriarcha
1655 2751 1818 2782 Romanus,

1033 2797 1119 2831 ipsam
1136 2798 1209 2825 misit
1231 2805 1280 2832 per
1303 2797 1392 2824 virum
1411 2801 1596 2832 przcstantem,
1623 2797 1731 2823 nomine
1753 2796 1820 2823 Bar-

1035 2843 1132 2875 sicam,
1154 2843 1283 2870 Ecclesiaz
1309 2843 1438 2870 Romamn
1463 2843 1700 2873 archidiaconum,
1720 2842 1766 2876 qui
1785 2842 1819 2870 ad

1033 2887 1186 2917 lleracliuxn
1209 2889 1384 2921 333-335
1410 2893 1435 2916 ct
1468 2888 1679 2916 Constantinum
1703 2887 1820 2923 impera,-
