2014 3082
255 169 318 201 illi

731 174 915 206 EUTYCHII
934 176 1200 208 ALEXANDIHNI
1219 180 1326 209 PATR.

1811 178 1873 211 ΓΗ

254 231 327 253 tores
341 226 491 260 perferens,
505 228 606 254 inrenit
619 228 828 256 Constantinum
841 230 910 257 diem
926 231 1038 264 obiisse,
1054 240 1075 265 Α
1091 235 1162 263 scias
1179 236 1259 263 iidem
1276 243 1365 263 veram
1389 235 1566 262 orthodoxam
1593 235 1711 262 fructum
1742 242 1805 261 csSo
1829 244 1859 268 pn

255 278 306 298 ttce
325 279 378 298 non
413 271 564 299 lleraclium
583 280 596 299 a
627 274 800 308 consiliariis,
819 276 864 310 qtti
894 276 920 303 in
947 277 1036 311 ipstttu

255 315 386 350 itnpetunt
411 316 542 349 fecerant,
563 319 703 350 occisum;
724 320 795 354 quod
821 321 925 349 scilicet
946 323 1034 357 ipsum

256 369 305 394 pro
318 361 489 395 inauspicato
504 362 646 396 haberent,
667 372 729 392 cum
752 366 885 401 {Egyptus
909 371 936 394 et
960 367 1037 402 Syria

257 406 325 439 ipsis
363 411 462 440 ereptae
492 412 595 441 essent,
623 411 750 444 quodque
780 412 912 439 Maronita
941 417 1035 443 esset;

257 451 385 485 ipsosque
401 452 514 486 imperio
527 454 682 488 prtel'ecisse
694 456 785 484 fratris
796 457 854 492 ejus
866 457 1037 485 Constantini

256 495 390 523 demortui
416 497 511 530 filium,
529 506 608 533 quem
636 505 663 527 et
690 501 723 528 de
755 503 863 529 nomine
889 502 971 537 patris
997 502 1039 529 sui

257 542 466 569 Constantinum
482 545 663 579 appellarunt.

293 587 354 614 Fuit
370 593 459 616 autem
479 590 673 619 Constantinus
690 593 741 619 isle
758 593 904 626 imperator
916 593 986 627 pius,
996 590 1040 619 cui

258 639 318 658 cum
336 632 446 659 Barsika
467 635 580 662 nuntitts
599 636 742 670 epistolam
763 644 823 671 qua:
838 645 852 663 a
870 637 975 664 Joanne
993 645 1041 671 pa-

257 678 376 704 triarcha
392 678 516 707 Romano
534 680 566 707 ad
583 681 772 715 imperatorem
801 683 884 709 missa
911 683 960 709 iuit
987 687 1042 709 tra-

257 721 383 756 didisset,
403 723 460 757 ipse
490 728 628 759 acceptant
661 725 786 760 perlegit,
822 734 853 753 ac
880 727 1042 762 patriarchae

259 768 430 795 intellectum
448 769 574 802 miratus,
593 771 706 798 rescribi
721 771 804 806 jussit
817 779 991 806 responsum,
1009 772 1042 799 ad

260 814 332 840 hunc
349 813 458 841 modttm
475 823 482 841 :
500 815 672 850 Accepintus,
693 820 787 843 sancte
801 817 947 849 excellens,
965 825 1044 844 matt-

258 858 349 884 datum
377 864 464 886 tuum.
489 860 543 887 Nos
566 866 656 888 autem
679 862 840 888 confitemur
855 869 886 888 ac
906 862 1043 889 credimus

259 910 372 932 natttras
389 905 468 937 duas,
489 906 643 933 voluntates
668 907 746 938 duas,
770 912 850 942 atque
867 908 1041 942 operatione-3
1058 904 1076 930 Β

259 949 328 976 duas
344 950 456 977 Domino
470 950 579 978 Christo
594 959 668 984 esse,
693 960 724 980 ac
739 960 881 986 personam
900 961 992 986 unam,
1016 958 1042 980 ct

260 996 306 1029 qui
327 996 369 1023 his
385 997 581 1024 contradixerit
600 998 872 1026 anathematizamus.
897 998 1041 1027 Credimus

259 1042 341 1068 etiam
373 1041 439 1069 illud
466 1043 537 1078 qttod
566 1048 743 1072 asseruerunt
773 1045 893 1079 episcopi
920 1045 1041 1072 sexcenti

260 1086 371 1121 triginta
396 1087 442 1121 qui
468 1087 495 1114 in
520 1088 588 1116 urbe
613 1089 829 1117 Chalcedonensi
845 1094 1040 1122 convenerunt,

260 1137 287 1158 ct
304 1131 476 1159 anathemate
490 1133 653 1161 tlcvovemus
678 1135 740 1162 illos
765 1135 810 1170 qui
837 1135 902 1162 illud
927 1135 1042 1162 anatheu

261 1181 333 1204 mate
343 1177 487 1205 devovent.
502 1179 589 1213 Alqtte
606 1179 671 1207 illud
681 1180 752 1215 quod
772 1181 803 1208 de
819 1180 910 1208 charta
926 1180 1039 1208 combu-

261 1222 356 1255 renda,
376 1223 402 1250 in
420 1231 473 1258 qua
490 1224 635 1252 calumnia:
649 1230 742 1252 essent
757 1226 783 1251 in
797 1225 913 1252 Leonem
930 1225 1044 1259 patriar-

261 1268 340 1294 cltattt
359 1267 511 1296 Romanum
527 1274 664 1303 sanctum,
682 1275 708 1298 et
724 1271 750 1297 in
770 1270 915 1298 concilium
930 1270 1043 1298 Chalce-

263 1314 393 1346 donense,
408 1318 497 1340 ratutn
515 1315 672 1348 habuimus,
696 1320 723 1343 et
738 1316 824 1350 ipsam
850 1317 904 1351 igni
933 1317 1045 1344 tradidi-

264 1366 333 1386 mus.
350 1358 406 1386 Nos
433 1364 523 1386 autem
542 1360 695 1389 doctrinam
724 1367 809 1394 tuam,
835 1370 897 1397 qua:
920 1363 1045 1390 doctrina

263 1412 327 1432 vera
341 1409 394 1437 est,
410 1405 523 1435 ﬁrmiter
540 1409 688 1435 retinemus
705 1417 712 1435 :
725 1416 909 1444 rogamusque
923 1416 953 1437 ut
967 1410 1045 1438 nobis

264 1452 356 1478 pacem
383 1447 520 1480 preceris,
543 1452 624 1481 atque
648 1448 730 1483 336
759 1451 792 1476 ab
815 1451 942 1478 ontnibus
967 1451 1044 1479 malis

263 1490 413 1518 incolumes
425 1499 577 1519 serremur.
595 1493 705 1521 Barsika
720 1495 810 1527 igitur,
828 1496 946 1530 acceptis
961 1496 1044 1531 impe-

1092 281 1195 313 radisi,
1225 281 1328 315 tibique
1353 281 1510 308 incumbere
1536 284 1566 307 ut
1601 281 1686 314 ipsam
1717 280 1822 307 tuearis
1843 288 1874 307 ac

1094 334 1261 362 propugncs,
1279 335 1395 361 eamque
1409 327 1565 354 hominibus
1578 332 1668 354 notam
1686 327 1783 354 facias.
1797 325 1872 354 Chri-

1092 377 1163 401 stum
1177 378 1268 400 autem
1285 373 1429 400 Dominum
1449 381 1593 407 precantur
1607 377 1636 400 ut
1653 373 1701 400 tibi
1717 373 1744 399 in
1763 373 1814 399 hoc
1828 380 1874 406 pro

1094 419 1216 445 bonitate
1235 425 1285 446 sua
1309 418 1440 445 auxilium
1470 417 1549 445 ferat.
1570 417 1716 452 Epistolam
1740 417 1812 444 hanc
1827 417 1872 442 oh-

1092 464 1230 498 signatant
1251 464 1324 491 misit
1339 464 1500 492 Theodorus
1515 465 1668 499 patriarcha
1691 464 1725 490 ad
1744 463 1874 490 Constan-

1093 510 1178 536 tinum
1199 511 1403 544 imperatorem,
1427 509 1460 536 ad
1486 510 1588 536 litteras
1605 516 1672 543 quas
1685 508 1720 535 ad
1743 507 1872 535 Joannem

1094 554 1277 588 patriarcham
1305 554 1457 580 ltomanutn
1477 553 1598 581 miserat.
1622 559 1796 586 responsum.
1813 552 1874 582 Qua:

1095 600 1139 626 ubi
1157 599 1190 626 ad
1209 598 1422 626 Constantinum
1440 598 1561 633 pervenit
1582 597 1672 623 dolore
1697 596 1813 623 amotus
1836 599 1874 622 est

1094 644 1130 671 ob
1153 643 1267 670 Joannis
1293 647 1422 673 mortem,
1447 643 1549 677 apertis
1571 646 1659 668 autem
1689 642 1790 668 litteris
1810 641 1874 666 mire

1099 691 1200 724 placuit
1216 690 1268 724 ipsi
1285 689 1393 717 bonitas
1411 688 1536 722 responsi
1560 688 1632 721 quod
1652 687 1703 721 ipsi
1722 686 1872 714 reddiderat

1097 735 1257 762 Theodorus
1271 734 1425 769 patriarcha
1440 734 1496 760 \ire
1506 732 1630 764 Joannis,
1648 733 1692 766 qui
1712 736 1777 758 ante
1791 731 1873 764 ipsum

1095 780 1265 812 decesserat;
1290 779 1426 814 jussilque
1452 778 1535 805 scribi
1558 785 1732 812 responsum.
1756 777 1789 803 At
1816 783 1875 802 cum

1097 826 1211 853 Romam
1231 825 1387 860 perveniret
1402 825 1516 851 ntmtius
1535 823 1726 857 imperatoris,
1752 821 1874 848 Theodo-

1097 879 1155 899 rum
1184 871 1265 899 etiam
1291 874 1425 898 tnortumn
1452 869 1566 900 invenit,
1596 872 1656 902 post
1679 875 1762 902 quem
1789 867 1875 893 Romae

1096 917 1240 952 prml'eclus
1255 920 1298 943 est
1320 915 1460 942 Martinus.

1130 963 1216 990 Porro
1239 966 1362 996 tempore
1385 961 1510 988 Othmani
1527 960 1584 986 Ehn
1604 959 1690 986 Atinii
1714 959 1789 985 misit
1808 957 1871 982 Cttn-

1095 1009 1236 1037 stantinns
1262 1008 1411 1042 imperator
1445 1013 1553 1033 set-vum
1579 1006 1724 1039 quemdam
1767 1003 1875 1030 nomine

1095 1054 1246 1081 Manuelem
1270 1052 1443 1084 eunuchum,
1473 1059 1535 1078 cum
1558 1050 1680 1078 exercitu
1710 1049 1814 1084 ingenti
1832 1055 1876 1082 per

1095 1107 1180 1130 mare,
1199 1098 1245 1132 qui
1266 1097 1455 1124 Alexandriam
1472 1097 1554 1130 cepit.
1570 1094 1686 1129 Fuitquc
1704 1102 1739 1122 eo
1752 1098 1870 1127 tempere

1095 1145 1122 1172 in
1144 1143 1259 1179 Egypto
1277 1144 1378 1170 Amrus
1401 1141 1486 1170 Ebnnl
1507 1142 1565 1169 Asi.
1582 1142 1682 1169 Contra
1702 1141 1793 1175 ipsunt
1809 1145 1870 1171 ergo

1095 1189 1235 1224 profectus
1255 1188 1354 1214 Amrus
1374 1195 1426 1214 una
1443 1195 1503 1213 ctnn
1529 1186 1609 1213 Mesri
1636 1185 1737 1212 incolis
1760 1183 1872 1217 Coptitis

1098 1235 1225 1270 aliisque.
1252 1234 1400 1261 comitanle
1416 1231 1497 1268 350
1516 1232 1597 1259 etiam
1621 1229 1814 1257 Atnokaukaso
1831 1227 1874 1262 qui

1097 1281 1170 1315 ipsos
1185 1279 1296 1314 opibus,
1313 1278 1441 1312 hospitio,
1465 1282 1492 1304 et
1510 1277 1609 1303 viatico
1626 1275 1772 1306 instruxit,
1787 1281 1872 1309 pugna

1096 1326 1170 1361 ipsos
1188 1324 1263 1360 gravi
1276 1324 1385 1358 excepit
1397 1324 1429 1350 ad
1446 1329 1551 1358 portam
1566 1320 1740 1349 Alexandriae
1753 1328 1760 1351 ;
1775 1327 1832 1353 quae
1849 1321 1874 1344 ct

1095 1379 1143 1407 per
1158 1370 1216 1398 dies
1232 1370 1334 1404 aliquot
1347 1369 1503 1396 continuata
1512 1373 1570 1399 cst;
1585 1369 1646 1396 dein
1662 1368 1689 1394 ‘m
1706 1367 1798 1401 fugant
1810 1372 1872 1391 cou-

1096 1425 1191 1445 versus
1203 1421 1244 1443 est
1257 1414 1511 1442 Manuelennuchns
1522 1421 1583 1441 cutn
1602 1413 1732 1440 omnibus
1752 1412 1796 1446 qui
1813 1417 1871 1437 euut

1096 1464 1155 1499 ipso
1167 1464 1273 1490 fuerant
1284 1460 1423 1491 Romanis,
1434 1460 1478 1494 qui
1488 1459 1647 1486 conscensis
1662 1459 1780 1485 navibus
1804 1457 1873 1483 Con-

1096 1508 1299 1542 stantinopolint
1316 1506 1413 1533 reversi
1437 1510 1510 1532 sunt.
1527 1504 1625 1531 Diebus
1645 1504 1731 1531 etiam
1748 1500 1871 1530 Othtnani

264 1535 364 1586 ratoris
375 1535 546 1565 Constantini
564 1538 672 1570 litteris.
689 1547 750 1566 cum
760 1539 795 1567 iis
807 1540 943 1575 profectus
954 1547 996 1569 est
1009 1542 1041 1569 ad
1057 1559 1077 1585 ο
1097 1535 1152 1582 Eb"
1162 1535 1250 1581 Αιγηήί
1262 1557 1344 1586 capta,
1354 1555 1417 1579 sum,
1429 1551 1530 1581 Μιιίοιι,
1542 1550 1668 1577 Armenia
1678 1553 1706 1576 et
1717 1549 1867 1576 Chorasntt-

261 1579 395 1608 Joannem
410 1583 593 1616 patriarcham
611 1583 773 1617 Romanum,
790 1585 823 1612 ad
845 1585 924 1620 cujus
939 1587 1042 1614 litteras

263 1633 424 1660 responsum
437 1628 625 1656 continebant.
643 1631 677 1656 At
692 1638 754 1657 cum
770 1630 883 1658 Romam
897 1631 1043 1666 appelleret

264 1671 369 1698 invenit
384 1672 517 1701 Joannem
534 1675 716 1709 patriarcham
735 1681 871 1704 mortuunt
886 1685 955 1704 esse.
980 1678 1043 1705 l'ost

263 1724 342 1750 quem
357 1717 426 1744 sedit
440 1718 481 1744 vir
492 1719 602 1753 quidaut
612 1720 735 1754 egregius
749 1722 859 1749 nomine
872 1721 1042 1755 Theodorus,

263 1763 296 1790 ad
312 1772 393 1798 quem
420 1765 553 1793 accedens
580 1766 700 1798 liarsika,
728 1768 870 1795 certiorem
897 1776 958 1796 eum
981 1769 1045 1797 fecit

263 1809 328 1842 quid
345 1809 396 1844 ipsi
413 1809 529 1838 dixistset
543 1811 704 1846 imperator,
723 1820 859 1847 qttamque
873 1814 1043 1842 orthodoxus

262 1858 355 1887 esset,
383 1862 491 1890 unaque
515 1856 566 1891 ipsi
601 1857 705 1886 litteras
733 1857 843 1885 tradidit
870 1859 1042 1894 imperatoris

261 1900 433 1927 Constantini
450 1901 484 1928 ad
506 1902 648 1936 eplstolatn
667 1903 790 1936 Joannis,
805 1911 886 1940 quam
910 1905 943 1933 ad
959 1905 1044 1940 impe-

262 1951 369 1973 ratores
394 1947 554 1981 scripserat,
579 1949 766 1982 respottsorias
793 1958 800 1975 :
827 1958 894 1984 quas
917 1956 1043 1985 acceptas

262 1993 329 2026 legit
343 1992 504 2021 Theodorus
521 1994 689 2028 patriarcha,
707 2000 735 2023 et
750 1995 938 2024 orthodoxiam
954 1996 1043 2032 ipsius

263 2039 378 2064 miratus
401 2045 562 2072 responsum
588 2039 622 2067 ad
647 2040 719 2074 ipsas
742 2041 794 2068 hoc
816 2043 896 2069 modo
909 2043 1040 2075 scripsit:

260 2082 301 2109 Ad
314 2082 524 2110 Constantinum
543 2084 732 2119 imperatorem
755 2086 815 2113 tidei
834 2087 947 2114 sincerae
969 2087 1043 2122 [pro-

260 2128 405 2164 frssorent]
420 2129 529 2156 unicum
541 2137 551 2157 ξ
562 2136 576 2156 a
587 2129 729 2158 Theodoro
741 2131 896 2166 patriarcha
908 2131 1040 2160 Romano.

260 2173 436 2202 Gratiticatus
451 2179 493 2202 est
506 2174 587 2203 nobis
603 2175 732 2202 Dominus
759 2176 829 2204 Deus
853 2179 1040 2210 omnipotens,

1095 1600 1204 1628 Pro-fuit
1221 1599 1362 1629 Datnasco,
1381 1597 1488 1624 nomine
1500 1595 1653 1626 Othmanis,
1669 1594 1798 1621 Moawias
1816 1591 1871 1617 Ehn

1095 1647 1153 1681 Aby
1169 1645 1281 1681 Sol'yan.
1296 1643 1426 1670 Moawias
1441 1643 1492 1670 iste
1504 1649 1564 1668 cum
1579 1641 1657 1676 Cypri
1669 1641 1770 1667 incolis
1788 1637 1873 1665 {tellus

1095 1692 1195 1727 pepigit
1219 1697 1291 1716 anno
1315 1689 1402 1716 [Icim
1419 1687 1547 1715 viresimo
1571 1690 1679 1718 octavo,
1702 1685 1784 1719 idque
1804 1689 1872 1709 anno

1094 1737 1240 1764 chalil‘atus
1259 1735 1387 1762 Othmani
1409 1738 1518 1767 quarto.
1541 1732 1645 1759 tributo
1670 1737 1815 1758 aureorum
1831 1736 1871 1754 sr-

1094 1783 1163 1816 plies
1178 1780 1252 1808 mille
1269 1780 1449 1806 ducentorum
1469 1777 1614 1813 quotannis
1629 1777 1663 1803 ab
1685 1776 1752 1810 ipsis
1770 1775 1795 1801 in
1807 1780 1871 1807 per-

1096 1832 1206 1861 petuum
1219 1824 1387 1852 Mosleminis
1404 1824 1558 1858 pendendo.
1575 1829 1607 1849 ac
1623 1827 1698 1849 tanto
1722 1821 1802 1848 etiam
1818 1818 1871 1845 Ro-

1096 1879 1239 1900 manorum
1256 1870 1427 1906 imperatori.
1439 1868 1525 1897 Porro
1539 1867 1648 1903 collegit
1665 1865 1782 1895 Othman
1794 1863 1871 1892 Ailto-

1095 1926 1202 1949 renum.
1217 1917 1296 1950 longa
1319 1916 1420 1951 longis.
1436 1915 1528 1943 brevia
1545 1914 1673 1941 brevibus
1684 1915 1868 1945 componens:

1094 1968 1176 1998 atque
1201 1963 1252 1990 hoc
1269 1962 1346 1989 libris
1361 1966 1465 1996 septem
1488 1960 1562 1991 fecit,
1578 1959 1689 1986 abolitis
1703 1956 1810 1985 caeteris
1824 1961 1870 1980 alt-

1094 2016 1128 2034 no
1148 2007 1234 2035 lleira:
1252 2007 1390 2034 tricesimo
1406 2005 1536 2033 secundo.
1560 2004 1625 2032 Dein
1652 2000 1869 2030 discordantibus

1092 2060 1154 2080 cum
1178 2053 1238 2087 ipso
1256 2052 1412 2079 hominibus
1428 2050 1589 2078 interfectus
1604 2053 1647 2077 est
1670 2050 1784 2075 Othman
1811 2043 1865 2090 Eho

1093 2097 1192 2125 Atlani.
1216 2096 1417 2123 lnterl‘ccerunt
1438 2095 1526 2129 ipsum
1550 2093 1719 2122 Maltommed
1740 2092 1797 2119 Ebn
1816 2089 1864 2115 ΑΜ

1093 2143 1171 2170 Becri
1185 2142 1298 2168 Amntar
1313 2140 1369 2167 Ebn
1385 2139 1493 2171 Yaseri,
1507 2143 1533 2166 et
1548 2139 1659 2166 Canana
1673 2137 1730 2164 Ebn
1748 2132 1867 2163 Bashari.

1093 2188 1136 2214 die
1156 2186 1199 2214 Dil
1215 2185 1300 2220 llajjae
1326 2189 1423 2212 octavo
1448 2184 1500 2218 (vel
1518 2184 1667 2211 secundum
1689 2182 1760 2210 aliud
1781 2185 1868 2207 exem-

259 2219 305 2252 qni
324 2218 472 2247 Ecclesiam
489 2227 564 2247 suam
580 2221 766 2248 moderamine
784 2222 974 2250 misericordia:
986 2231 1042 2251 sua-
1059 2230 1080 2256 ι)
1096 2233 1164 2267 μιν,
1176 2218 1282 2259 άεείηῇ)
1293 2230 1418 2265 octavo);
1433 2237 1504 2257 anno
1515 2229 1603 2257 Ηρίιιω
1616 2230 1753 2256 tricesimo
1765 2227 1865 2262 quittlo.

261 2264 372 2298 respicit
394 2265 425 2291 in»
442 2265 542 2297 pietate
559 2268 605 2292 tua
618 2285 626 2298 ,
650 2265 778 2299 deditque
807 2267 886 2294 nobis
909 2268 998 2295 locum
1017 2274 1043 2296 te

259 2308 414 2343 alloquendi
432 2316 494 2336 eum
511 2309 608 2344 gaudio
628 2314 655 2336 et
679 2310 826 2342 hilaritate,
849 2318 904 2346 quo
929 2312 1041 2345 gratiam

260 2354 331 2382 ltattc
356 2354 445 2389 palam
470 2354 614 2381 faciamus.
642 2354 694 2382 Vos
718 2355 851 2389 siquidem
880 2361 1041 2391 potestatem

260 2405 379 2427 vestram
397 2399 542 2434 accepistis
559 2401 618 2428 vice
634 2401 822 2435 apostolorum
841 2406 996 2429 sanctorum
1012 2407 1042 2430 ut

260 2446 340 2473 Iidem
357 2446 536 2473 orthodoxam
553 2448 739 2481 propugnetis,
764 2453 790 2474 et
814 2448 971 2483 religionetn
992 2457 1040 2476 ve-

260 2499 316 2518 ram
333 2491 514 2519 manilestetis
528 2499 605 2518 anon
622 2499 652 2518 ut
666 2492 817 2524 lleraclius,
835 2494 880 2527 qui
897 2493 931 2520 ob
946 2493 1040 2520 inlidu-

259 2538 361 2565 litatem
377 2545 455 2565 suam
468 2538 596 2572 quodque
610 2538 750 2565 veritatem
768 2538 930 2569 deseruerit,
941 2539 1040 2574 dignus

259 2591 312 2609 ttott
329 2587 370 2610 est
386 2583 432 2617 qui
449 2591 495 2610 rex
508 2584 676 2617 appelletur;
692 2592 740 2611 nec
758 2589 786 2611 ut
803 2584 926 2619 Sergius,
948 2584 1039 2611 Hono-

259 2629 326 2661 rius,
344 2628 454 2660 Paulus,
472 2633 500 2656 et
517 2629 616 2657 PetrUs
631 2630 794 2664 patriarcha
808 2628 1039 2663 Constantinopo-

257 2673 345 2705 litani,
376 2674 456 2708 337
472 2674 553 2709 339
578 2675 625 2709 qui
655 2675 761 2702 veritati
790 2674 1013 2702 contradixerunt
1029 2694 1037 2707 ,

257 2723 340 2753 atque
354 2720 526 2747 anathemate
542 2722 613 2756 digni
632 2726 713 2753 sunt,
735 2722 836 2757 quique
855 2722 888 2750 de
909 2723 1037 2750 Ecclesia:

257 2765 341 2798 gradu
366 2765 529 2798 dejiciantur
551 2767 586 2793 ob
606 2769 803 2794 sententiarum
828 2776 938 2795 suarum
964 2769 1036 2796 falsi-

257 2813 351 2841 tatem,
371 2818 473 2844 cosque
489 2818 558 2845 qttos
581 2813 607 2839 in
630 2812 768 2839 hominum
785 2812 912 2849 [animas]
934 2814 1033 2848 injecc~

257 2859 321 2882 runt
347 2856 504 2890 St'lllpuios.
528 2856 566 2882 Tu
592 2863 700 2890 autem,
726 2858 949 2892 praeSIatttissitnc
976 2868 1030 2895 tu,

1094 2283 1181 2303 annos
1196 2279 1252 2302 tum
1263 2280 1355 2301 natum
1375 2274 1515 2308 octoginta
1533 2274 1618 2306 duos;
1636 2281 1682 2308 per
1697 2272 1815 2299 triduum
1829 2269 1867 2294 in-

1093 2321 1218 2356 sepultus
1240 2319 1349 2346 tnansit.
1375 2319 1438 2345 Fuit
1465 2317 1598 2354 [staturae]
1627 2318 1776 2353 quadratur,
1802 2312 1866 2341 facie

1095 2366 1210 2400 pulchra
1220 2386 1228 2398 ,
1243 2365 1346 2397 fuscus,
1367 2364 1449 2391 barba
1463 2365 1551 2398 ampla
1568 2371 1648 2398 quam
1661 2364 1787 2397 plieabat,
1804 2361 1867 2386 dett-

1095 2418 1134 2438 tes
1154 2418 1222 2438 auro
1239 2409 1454 2444 constringebat.
1476 2409 1625 2436 Plurimum
1658 2416 1719 2436 cum
1734 2415 1766 2434 co
1785 2403 1866 2439 potuil

1090 2455 1265 2491 341-353
1283 2455 1399 2482 Merwan
1412 2455 1469 2481 Ebn
1485 2453 1604 2487 llacem;
1621 2453 1742 2487 septtltus
1761 2454 1802 2478 est
1815 2447 1866 2474 Me-

1092 2501 1163 2526 (lina:
1179 2499 1239 2526 loco
1256 2498 1329 2525 dicto
1347 2497 1424 2535 lasar
1443 2498 1555 2526 Caucab
1576 2497 1658 2533 [pons
1673 2495 1768 2530 stellae]
1787 2502 1793 2520 :
1816 2492 1863 2519 Sa-

1092 2545 1206 2571 tellilttm
1230 2536 1357 2579 princeps
1381 2545 1431 2579 ipsi
1461 2544 1513 2571 fuit
1532 2543 1666 2571 Abdallalt
1689 2543 1745 2570 Ebu
1776 2534 1863 2566 Phaltd

1092 2591 1265 2618 Adawensis.
1278 2590 1397 2623 Janitor,
1420 2589 1579 2617 Hamdanus
1594 2589 1681 2623 ipsius
1694 2594 1798 2615 servus.

1245 2636 1397 2669 Chalifatus
1413 2635 1469 2662 Alis
1482 2635 1539 2662 Ebn
1552 2634 1602 2662 Abi
1617 2634 1714 2661 Talebi.

1125 2680 1291 2708 Chalifatutn
1317 2687 1378 2716 post
1392 2681 1557 2708 Othmanum
1577 2681 1694 2708 obtinuit
1710 2679 1749 2705 Ali
1762 2676 1815 2703 Elin
1830 2670 1865 2697 Μ)

1087 2725 1191 2758 Talcbi,
1219 2726 1286 2761 (Ebn
1303 2727 1381 2753 Aldil
1403 2726 1549 2758 Motallabi,
1565 2725 1623 2752 Elin
1640 2723 1776 2754 llashetni,
1801 2719 1862 2746 ΕΙιηί

1086 2772 1166 2798 ΛιγάἱΙ
1193 2771 1334 2806 Manaphi;
1352 2772 1395 2798 etti
1416 2777 1501 2798 tnater
1522 2771 1670 2798 Phatnmab
1703 2771 1754 2797 lilia
1776 2763 1861 2794 Asadi.

1087 2818 1143 2844 Ebn
1181 2817 1318 2849 llashcmi,
1351 2817 1408 2844 Ebn
1439 2817 1518 2844 ΛΜΗ
1547 2817 1685 2852 Manaphi)
1712 2820 1799 2843 tncnse
1823 2807 1861 2834 Dii

1086 2863 1168 2898 llujjae
1181 2863 1243 2891 anni
1265 2862 1353 2891 lleiru:
1368 2864 1497 2891 tricesimi
1512 2865 1610 2897 quinti,
1628 2865 1707 2894 idem:
1725 2868 1791 2890 anno
1811 2858 1859 2885 itu-
