2014 3082
195 182 268 212 lli“)

922 182 1102 214 ANNALES.

1765 181 1830 212 illi

194 239 266 272 perii
280 237 450 264 Constantini
470 237 516 264 lihi
537 237 710 264 Constantini
728 241 835 272 quarto.
854 237 979 264 Profecto
1002 240 1024 269 Α
1042 240 1121 267 istius
1147 239 1290 266 sententia:
1314 248 1373 272 qua:
1388 239 1516 266 Ecclesia:
1538 237 1673 265 contraria
1701 241 1784 268 esset,
1803 243 1830 264 et

194 289 231 308 co
247 281 356 308 Basram
373 281 422 308 fuit
435 282 556 316 pineliutn
567 282 668 309 Cameli
683 282 798 314 ;deinde
812 289 874 308 cum
889 281 986 308 Cul‘am

195 326 330 360 petensiu
349 327 454 361 Syriam
472 327 605 359 tenderet,
618 327 794 354 commissum
808 332 848 353 est
866 327 986 362 prtelium

195 373 385 400 Choruziense
400 373 425 399 in
447 373 612 399 Nabrawan.
641 372 707 399 lit-in
723 372 817 399 Cuiam
836 372 924 403 rediit,
939 373 986 399 ubi

196 417 289 450 ipstnn
304 416 440 443 interiecit
454 417 661 444 Abdorrahman
680 417 738 444 Ehn
759 417 878 443 Mdhami
898 417 988 444 Alina-

197 461 348 493 zadiensis,
363 461 457 488 decem
481 466 545 489 ante
568 462 674 488 ﬁnitum
702 469 824 489 mensem
856 462 988 487 llatuada-

199 514 265 532 num
281 506 388 538 diebus,
405 514 477 533 attito
496 506 584 534 lleira:
597 506 822 541 quadragesimo.
839 506 902 532 Erat
925 514 987 532 cum

198 552 372 578 occideretur
387 559 524 578 annorum
541 552 682 581 sexaginta
707 552 802 578 trium.
825 551 919 579 Oravit
939 559 987 582 pro

201 597 261 629 ipso
276 597 347 624 illius
358 597 445 631 ipsius
465 596 566 623 llasan.
584 596 646 624 Fuit
661 597 808 624 chalil‘atus
823 597 908 631 ipsius
939 605 985 623 au-

200 648 299 667 norum
325 647 445 675 quatuor
461 646 487 668 et
507 641 600 668 decem
627 642 773 669 mensium.
796 641 902 669 Fuscus
926 641 987 673 fuit.

198 687 482 721 v.uitri-prominente,
494 687 577 714 barba
587 686 721 721 promissa
731 687 799 714 adeo
809 692 930 713 uttotum
938 687 988 721 ipsi

202 736 297 765 pectus
309 731 439 766 operiret.
453 731 588 758 Canitient
600 739 677 758 suam
689 740 742 759 non
757 731 989 765 :ntttabat.Srpul«

202 781 245 804 tus
259 776 335 803 estin
349 776 493 812 Gurriyan,
508 777 549 804 vel
559 777 708 805 secundum
722 777 867 804 nonnullos
880 778 905 802 in
918 775 989 802 Τιω-

203 822 284 848 wialt.
296 821 507 850 Coutroversum
524 823 596 850 enim
608 828 650 850 est
665 824 698 850 de
712 824 771 850 loco
785 823 934 857 sepultura!
948 822 989 855 ip-

203 867 271 894 sius.
283 867 436 894 Satellitum
447 868 497 902 ipsi
509 868 654 902 praal'ectus
671 867 753 903 3M
765 868 813 894 fuit
824 867 916 894 Maaka
931 866 988 893 Ebn

211 911 269 937 Kisi
284 912 316 937 Al
327 912 499 946 Zabajensis.
519 913 637 945 Janitor,
655 912 765 939 Kanbar
779 921 876 940 servus
891 912 988 946 ipsius.

351 956 500 989 Cltulifatus
522 957 640 984 Moowim
656 958 705 983 Αὺί
724 958 836 992 Sofyan.

239 997 380 1026 Profectus
411 999 540 1028 Moawias
561 1000 619 1027 Ebu
648 1001 699 1028 Abi
726 1001 826 1037 Sofyan
859 1001 991 1030 Damaseo

204 1043 333 1076 limitum,
345 1044 380 1071 ibi
393 1045 697 1080 prmstitisjuratncntis
707 1047 804 1074 chalifa
817 1049 989 1076 renuntiatus

202 1093 260 1122 est;
278 1097 377 1116 nomen
394 1090 443 1124 ipsi
462 1089 513 1117 l'uit
528 1090 614 1117 Sachr
628 1091 685 1118 Ebn
701 1091 782 1119 llarbi
799 1092 855 1119 Ebn
872 1092 987 1120 Omntite

204 1134 260 1160 l-Zhu
285 1135 352 1161 Abdi
373 1135 499 1168 Shctnsi;
521 1140 608 1162 mater
623 1136 708 1170 ipsius
725 1137 818 1164 llenda
843 1138 896 1165 lilia
912 1139 989 1166 Alba:

204 1175 261 1203 liba
289 1177 391 1212 Rabia‘,
419 1177 474 1205 lihn
498 1180 555 1204 Ahd
593 1177 713 1206 Shamsi.
745 1179 923 1214 lnaugttratus
951 1187 994 1209 esi.

203 1229 297 1248 tnense
319 1222 413 1250 “abite
432 1223 543 1258 prioris,
566 1231 639 1250 anno
665 1224 750 1252 lleirre
783 1227 992 1262 quadragesimo

203 1267 302 1301 primo.
316 1268 360 1302 qui
382 1270 432 1296 fuit
446 1269 550 1304 imperii
563 1269 737 1298 Constantini
757 1271 803 1298 lihi
818 1272 992 1301 Constantini

202 1312 372 1346 impetatoris
397 1312 582 1341 Romanorum
605 1315 748 1350 decimus;
773 1317 882 1351 praefuit
904 1326 992 1346 annos

202 1359 387 1386 novcmdecim
410 1363 437 1386 et
450 1360 569 1394 quinque
588 1367 707 1388 menses.
736 1362 814 1389 Anno
833 1362 989 1390 Chalifatus

200 1405 262 1436 ejus
284 1405 404 1431 secundo
427 1405 591 1432 constitutus
610 1411 652 1433 est
671 1405 805 1441 Georgius
831 1408 987 1442 patriarcha

204 1449 524 1484 Constantinopolitanus
540 1459 547 1477 z
563 1451 608 1485 qui
624 1458 711 1478 annos
725 1451 817 1479 decem
830 1452 914 1485 sedit,
927 1453 988 1480 dein

202 1499 270 1520 litor!
278 1502 327 1521 lllls
337 1500 388 1521 est.
401 1495 466 1529 Ejus
474 1495 640 1530 prazl'ectura‘
652 1503 724 1523 anno
734 1497 855 1524 secundo
864 1496 915 1523 fuit
925 1505 990 1524 con-

201 1539 295 1565 cilium
312 1544 430 1573 sextum,
446 1540 549 1575 fuitque
572 1546 627 1567 tum
641 1540 735 1568 Roma:
752 1541 907 1576 patriarcha
920 1542 991 1568 illar-

201 1586 286 1612 tinus.
313 1585 468 1614 Occidentis
491 1591 582 1613 autem
607 1586 753 1620 praefectus
781 1587 891 1614 nomine
917 1587 990 1614 Cott-

206 1631 319 1658 stantini
337 1632 509 1666 imperatoris
520 1637 579 1660 erat
589 1633 699 1668 quidam
718 1634 829 1661 nomine
842 1633 989 1665 Constans,

201 1677 247 1711 qui
277 1685 338 1704 cum
363 1677 497 1705 Maronita
519 1685 602 1711 esset,
633 1679 779 1706 Martinum
806 1680 962 1714 patriarcha
975 1689 989 1705 u

200 1723 354 1750 llomanutn
362 1723 446 1756 jussit
455 1724 577 1752 eamdem
588 1725 710 1759 proﬁteri
727 1725 902 1758 sententiam;
913 1733 974 1752 cum
983 1739 992 1746 -

201 1776 254 1802 que
267 1769 360 1800 nollet,
377 1769 467 1803 ipsutn
483 1770 518 1797 ad
535 1771 630 1798 urbem
647 1771 796 1806 quamdam
814 1771 990 1806 longinquam

201 1815 339 1850 relegavit.
377 1814 443 1843 Erat
473 1821 562 1843 autem
590 1821 656 1844 tunc
683 1817 813 1852 temporis
841 1817 992 1844 monachus

201 1860 310 1892 quidam
319 1865 431 1889 sanctus
448 1862 558 1889 nomine
570 1861 714 1895 Maximus,
727 1863 770 1889 cui
782 1862 837 1889 duo
847 1867 925 1889 erant
936 1862 993 1889 dis-

201 1906 296 1941 cipuli.
306 1906 354 1935 llic
361 1908 394 1935 ad
403 1908 580 1936 Constantem
592 1908 748 1938 orrefectum
761 1908 894 1935 accedeus
903 1909 992 1942 ipsum

201 1955 236 1982 ob
250 1954 392 1982 sententia:
417 1962 473 1981 suae
486 1959 511 1981 et
525 1954 615 1981 cultus
629 1954 798 1988 pravitatem,
816 1953 993 1989 355-357

203 1999 409 2027 heterodoxiant
423 2003 504 2033 atque
515 2006 623 2034 gravem
636 1999 822 2027 iulldclitatem
839 2000 990 2033 redarguit.

203 2044 289 2072 Iussit
305 2052 369 2080 ergo
386 2044 523 2072 Constans
533 2044 765 2071 Maximo‘manns
782 2052 815 2072 ac
832 2045 915 2079 pedes
932 2052 992 2071 arn-

201 2089 303 2124 putari,
322 2089 494 2124 linguamque
510 2089 627 2121 extrahi,
647 2095 728 2124 atque
743 2091 834 2124 ipsum
855 2091 881 2118 in
903 2091 991 2118 loctnn

201 2135 378 2169 longinquum
403 2135 546 2168 ablegavit.
571 2133 658 2162 limit
680 2135 761 2162 etiam
789 2135 990 2170 discipulorqu

201 2179 287 2213 ipsius
310 2179 426 2206 alterum
445 2179 587 2213 prehendi,
604 2179 730 2215 idemque
751 2180 803 2214 ipsi
824 2180 881 2207 lieri
898 2188 906 2207 :
923 2172 991 2207 alter

201 2225 290 2259 llagris
303 2232 390 2252 caesus
401 2229 462 2252 est:
476 2224 538 2252 dein
552 2230 697 2259 utrumque
713 2226 739 2253 in
754 2226 844 2253 locum
857 2226 891 2252 ah
905 2226 990 2253 altero

201 2269 280 2304 longe
302 2274 437 2296 retnotum
458 2270 572 2304 expulit.
596 2270 720 2305 Curaque
741 2271 858 2298 Martini)
877 2271 992 2306 patriar-

200 2315 268 2348 chae,
285 2323 317 2343 ac
339 2316 457 2343 Maximo
472 2317 669 2352 diseipulisque
691 2318 779 2352 ipsius
803 2318 909 2346 duobus
937 2317 990 2344 lto:

202 2361 307 2388 iecisset
335 2362 482 2395 Constans,
513 2362 606 2390 Roma:
637 2363 818 2397 patriarcham
845 2362 990 2390 constituit

201 2407 288 2434 virum
310 2408 452 2442 quemdam
477 2408 606 2435 eximium
632 2409 741 2435 nomine
761 2408 904 2443 Diyauum.
921 2407 990 2434 Ctttn

201 2457 292 2479 autent
312 2453 412 2480 certior
434 2453 521 2480 iactus
535 2458 609 2481 esset
621 2453 818 2481 Constantinus
840 2455 990 2488 imperator

199 2495 287 2524 ﬁdelis
315 2497 350 2523 de
362 2498 435 2523 obitu
447 2497 583 2524 Theodori
599 2498 759 2531 patriarchae
772 2497 896 2529 Romani,
908 2497 988 2531 quiil-

199 2549 252 2575 que
269 2542 379 2569 fecisset
395 2542 530 2570 Constans
546 2541 663 2569 alat-tino
676 2543 837 2577 patriarcha:
853 2542 989 2568 Maximo-

199 2595 251 2622 que
270 2589 404 2615 monacho
426 2593 451 2615 et
467 2588 553 2622 ipsius
575 2589 728 2623 discipulis.
752 2588 841 2615 consti
856 2594 988 2622 utumqne

199 2641 260 2660 esse
284 2634 415 2668 Diyanum
444 2634 625 2668 patriarchaat
651 2634 813 2664 Romanum.
830 2643 900 2669 aegre
927 2636 984 2662 Inec

199 2679 270 2709 tulit,
286 2679 450 2713 scripsitque
463 2679 496 2705 ad
517 2679 605 2714 ipsum
622 2679 726 2706 litteras
740 2688 802 2706 eum
827 2681 986 2714 diplomate.

198 2730 298 2758 rogans
317 2729 347 2751 ut
363 2731 378 2751 e
392 2724 634 2758 prtestantissitnis,
655 2725 702 2759 qui
728 2725 762 2752 ad
785 2727 873 2752 altare
899 2725 986 2760 ipsius

199 2768 454 2804 [coinmtuticarent]
481 2771 617 2804 episcopis
641 2771 673 2797 ad
698 2771 786 2804 ipstnn
805 2771 936 2804 mitteret,
955 2771 987 2798 ῆι

198 2814 258 2840 dum
275 2815 325 2848 ipsi
342 2815 444 2842 facietis
458 2823 490 2842 ne
507 2816 615 2843 timeret
627 2816 787 2850 quidquam,
801 2824 895 2843 verum
912 2816 987 2852 [esse

199 2857 261 2889 hoc]
286 2867 340 2888 ouo
368 2861 450 2888 sciret
478 2861 674 2889 Constantinus
697 2870 807 2889 causam
835 2867 984 2893 pra-textus

1041 285 1105 319 quid
1130 285 1238 312 initiqu
1267 286 1318 319 ipsi
1344 285 1476 313 dederat:
1496 289 1525 311 ut
1544 284 1570 310 in
1585 283 1700 310 concilio
1720 282 1830 309 Patrum

1039 335 1195 358 sanctorum
1211 332 1353 358 anathema
1378 331 1515 357 dit-eretur
1531 329 1557 356 in
1574 329 1650 356 illutn
1671 328 1718 362 qui
1739 336 1771 354 eo
1790 328 1832 354 tli-

1040 382 1109 407 gnns
1124 379 1206 402 esset.
1233 374 1395 401 Pervenieus
1417 379 1507 400 autem
1529 374 1633 406 legatus
1658 372 1832 405 imperatoris

1040 419 1165 450 Romam,
1186 419 1318 455 Diyanttnt
1340 420 1442 446 obiisse
1467 419 1578 452 reperit.
1596 417 1627 443 Et
1647 417 1830 451 patriarchattt

1042 471 1101 499 post
1119 466 1204 499 ipsum
1232 465 1325 492 Roma:
1341 465 1518 492 constitutum
1535 471 1597 490 esse
1611 463 1743 497 Agabium
1764 471 1770 488 :
1787 461 1831 488 cui

1041 519 1103 536 cum
1119 510 1223 537 litteras
1239 511 1408 541 tradidisset.
1420 510 1503 545 348
1517 509 1561 535 ille
1575 513 1706 543 qnotqttot
1719 506 1833 533 aderant

1040 554 1185 587 episcopos
1198 553 1370 585 convocavit,
1383 554 1428 587 qui
1446 560 1559 579 nurnero
1571 555 1650 579 erant
1664 555 1772 577 centum
1788 551 1830 576 vl-

1040 597 1108 631 ginti
1123 602 1251 631 quatuor,
1272 605 1333 624 cutn
1354 597 1442 624 tribus
1458 596 1592 628 diaconis,
1616 603 1647 622 ex
1673 595 1705 621 iis
1725 594 1770 628 qtti
1797 594 1830 620 ad

1040 643 1126 669 altare
1139 642 1227 677 ipsius
1243 642 1487 675 communicarent,
1510 649 1614 676 eosque
1637 648 1690 668 una
1708 648 1769 667 cum
1789 641 1831 667 Ic-

1041 687 1112 721 gatis
1127 686 1304 720 imperatoris
1321 686 1404 713 misit.
1424 686 1490 713 Cutn
1509 693 1575 719 ergo
1595 685 1830 718 Constantinopo-

1042 732 1087 757 l’nn
1112 731 1299 764 pervenissent
1319 731 1451 766 episcopi,
1466 731 1498 758 ad
1515 731 1724 758 Constantinum
1746 730 1830 764 impe-

1041 776 1308 811 ratoretrfgiugressi,
1335 777 1387 810 ipsi
1413 776 1528 803 salutem
1556 783 1588 802 ac
1613 775 1830 802 benedictionem

1041 817 1206 856 comprecati
1237 827 1311 849 sunt.
1337 822 1533 849 Constantinus
1562 826 1652 848 autetn
1682 822 1831 854 imperator

1041 869 1184 903 episcopos
1201 872 1309 896 centum
1327 869 1467 903 sexaginta
1483 873 1544 896 octo
1560 868 1733 899 convocavit,
1752 868 1786 894 ita
1803 872 1831 892 nt

1039 914 1096 948 jam
1113 920 1225 940 numero
1239 918 1334 941 essent
1347 914 1459 940 ducenti
1478 913 1624 947 nonaginta
1641 913 1706 943 duo,
1721 917 1748 938 at
1763 912 1832 946 reje-

1043 959 1094 986 ctis
1111 959 1197 986 tribus
1222 959 1356 991 diaconis,
1372 959 1417 993 qtti
1436 959 1470 985 ah
1487 958 1589 993 Agahio
1605 958 1756 991 patriarcha
1777 957 1833 983 Rn-

1044 1011 1125 1031 tuano
1145 1004 1223 1031 missi
1245 1003 1364 1035 fuerant.
1391 1008 1553 1030 manserunt
1579 1003 1697 1037 epiScopi
1723 1004 1832 1030 ducenti

1042 1050 1178 1083 octoginta
1198 1057 1294 1076 novem
1310 1057 1316 1076 :
1334 1053 1416 1083 atque
1433 1049 1469 1075 ita
1487 1049 1514 1075 iu
1541 1049 1672 1083 diptycho
1688 1056 1833 1076 recensen-

1044 1099 1096 1121 tur.
1113 1093 1236 1121 Bouitate
1249 1101 1315 1128 ergo
1335 1093 1429 1121 auxilii
1447 1093 1544 1124 divini,
1560 1101 1591 1119 ac
1615 1093 1833 1119 mansuetudinis

1043 1136 1215 1164 Constantini
1229 1137 1400 1171 imperatoris
1415 1138 1500 1164 ﬁdelis
1511 1138 1678 1171 praestantia,
1691 1143 1829 1172 peractum

1043 1187 1085 1210 est
1100 1184 1152 1210 hoc
1166 1184 1302 1218 negotium
1318 1192 1372 1218 qtto
1395 1183 1421 1210 in
1438 1185 1520 1210 utrius
1541 1183 1690 1210 voluntatis
1711 1187 1832 1210 asserto-

1045 1236 1087 1255 tes
1114 1233 1248 1255 Siﬂlllllllll
1265 1234 1318 1260 ρει,
1333 1237 1403 1263 quos
1424 1229 1594 1256 anathemate
1612 1232 1807 1264 percusserunt.
1825 1237 1832 1254 ζ

1044 1274 1147 1308 fuitque
1178 1273 1257 1306 hujus
1276 1274 1384 1300 concilii
1405 1274 1474 1300 sexti
1501 1281 1601 1308 praeses
1629 1275 1762 1307 Georgius
1788 1281 1835 1308 pa-

1044 1320 1162 1347 triarcha
1182 1319 1512 1353 Constautinopolitanns,
1539 1323 1565 1345 et
1583 1319 1764 1352 Theophanes
1785 1326 1831 1353 pa-

1044 1366 1161 1391 triarcha
1181 1366 1368 1392 Antiocheam
1384 1374 1390 1391 :
1409 1370 1502 1399 utpote
1513 1365 1559 1399 qtti
1581 1365 1605 1390 itt
1622 1365 1680 1398 ipso
1695 1366 1746 1392 hoc
1770 1373 1835 1391 cott-

1043 1410 1105 1436 cutio
1117 1410 1270 1443 patriarcha
1288 1410 1462 1436 renuntiatus
1480 1414 1534 1442 est,
1551 1417 1612 1436 eum
1628 1409 1775 1440 Macarius,
1787 1410 1832 1444 qui

1042 1458 1105 1481 a;.te
1127 1455 1214 1488 ipsum
1246 1455 1308 1486 fuit,
1332 1455 1358 1481 in
1375 1463 1408 1481 co
1423 1456 1598 1482 anathemate
1615 1463 1760 1488 percussus
1776 1460 1828 1482 est.

1045 1500 1214 1527 Alexandria:
1238 1505 1329 1527 autem
1345 1505 1372 1526 et
1389 1500 1585 1535 Hierosolymis
1599 1500 1753 1535 patriarcha
1770 1505 1835 1528 tunc

1045 1546 1174 1580 temporis
1188 1553 1242 1573 non
1256 1545 1315 1577 fuit,
1330 1550 1447 1581 utraque
1464 1546 1527 1572 sedc
1543 1551 1667 1572 vacante.
1681 1546 1832 1572 Anathvma

1047 1600 1111 1625 (rgo
1119 1592 1248 1618 dixerunt
1257 1591 1284 1617 in
1296 1590 1455 1623 Macarium,
1474 1589 1659 1617 Manedouium
1671 1597 1697 1616 et
1707 1588 1834 1623 Chazjum

1042 1638 1212 1671 patriarchas
1235 1636 1419 1664 Atztiochcnos
1436 1656 1443 1667 ,
1473 1635 1697 1670 Steplianttmque
1726 1634 1833 1661 Macarii

1042 1683 1224 1718 discipulum;
1247 1691 1297 1710 nec
1320 1690 1372 1709 non
1381 1682 1541 1717 Cyrrum,et
1551 1682 1656 1708 Petrum
1667 1680 1835 1715 patriarchas

1042 1728 1252 1760 Alexandrinos,
1275 1727 1454 1763 359-351
1484 1731 1512 1753 et
1541 1725 1691 1752 Htmorium
1717 1725 1834 1760 patriar-

1042 1775 1122 1801 cham
1145 1773 1308 1806 Romanum,
1332 1773 1561 1807 Theodorumque
1587 1771 1714 1803 Paulum,
1730 1775 1757 1797 et
1785 1769 1834 1796 Pe-

1045 1828 1114 1847 ltum
1131 1820 1299 1854 patriarchas
1315 1819 1638 1853 Constantinopolitanos
1655 1825 1663 1844 :
1682 1817 1832 1850 quinetiam

1045 1867 1071 1892 in
1085 1865 1269 1896 Theodorum,
1286 1863 1384 1891 l‘araui
1409 1864 1580 1898 episcopum.
1599 1867 1626 1889 et
1649 1862 1832 1889 llochroniunt

1045 1911 1092 1945 qui
1109 1909 1202 1936 Simon
1226 1909 1545 1944 lllaguS'Cognominatus
1556 1911 1610 1935 est.

1080 1953 1142 1982 Fuit
1179 1954 1223 1981 hic
1254 1954 1390 1988 siquidem
1435 1953 1565 1980 sacerdos
1603 1953 1688 1987 Syrus
1727 1951 1838 1978 hetero-

1045 2002 1145 2033 dorus,
1174 2001 1219 2035 qui
1236 2001 1390 2028 autumavit
1405 2000 1544 2028 Christum
1557 2000 1608 2034 ipsi
1626 2000 1652 2025 in
1671 2005 1769 2026 somno
1782 2006 1832 2032 ap«

1048 2051 1187 2082 parentem
1202 2046 1352 2079 iudicasse,
1368 2048 1484 2073 istorum
1507 2045 1552 2080 qui
1570 2051 1651 2071 unatn
1665 2043 1832 2071 voluntatem

1049 2096 1206 2120 assererem
1218 2099 1309 2119 veram
1324 2099 1385 2119 esse
1408 2092 1586 2118 sententiam.
1605 2089 1838 2123 Constantinopo-

1047 2138 1093 2164 lim
1116 2145 1182 2172 (ξι-κο
1207 2137 1343 2165 accedens
1362 2142 1506 2172 postquam
1530 2139 1627 2162 contra
1653 2133 1838 2161 lteterodoxos

1047 2185 1180 2208 statutum
1196 2184 1269 2208 esset
1281 2179 1436 2211 decretum,
1455 2179 1511 2206 haec
1527 2185 1643 2205 narrans
1660 2181 1775 2204 conatus
1794 2179 1838 2203 est

1010 2234 1031 2260 ι)
1048 2226 1119 2253 tueri
1145 2225 1311 2253 sententiam
1348 2224 1609 2252 Mouothelitarum:
1631 2230 1717 2256 quare
1746 2222 1836 2255 ipsum

1049 2271 1223 2298 anathemate
1243 2271 1410 2298 devoverunt
1433 2277 1486 2297 una
1503 2277 1564 2298 cum
1592 2269 1677 2296 sociis
1702 2268 1789 2302 ipsius
1808 2271 1838 2294 et

1047 2315 1209 2342 sententiam
1227 2315 1286 2349 ejus
1302 2314 1400 2341 falsam
1426 2314 1592 2347 rejecerunt,
1606 2311 1836 2346 appellaruntqne

1049 2362 1137 2394 ipsum
1173 2361 1299 2388 homines
1323 2360 1462 2388 Simonem
1490 2350 1609 2394 Magum.
1633 2358 1757 2391 Cumque
1777 2357 1835 2390 jam

1048 2407 1224 2433 anathemate
1245 2406 1441 2433 Monothclitas
1462 2405 1579 2432 feriendi
1597 2405 1678 2430 linem
1696 2403 1835 2435 fecissent,

1048 2452 1244 2485 consederunt,
1275 2457 1304 2478 ut
1329 2452 1390 2479 lidei
1413 2451 1571 2486 Symbolum
1597 2454 1714 2480 recttnn,
1739 2449 1834 2475 ortho-

1045 2498 1162 2528 doxnm,
1183 2497 1333 2527 sincerum.
1349 2496 1519 2530 inculpatum
1545 2495 1595 2530 ipsi
1620 2497 1834 2528 componerent;

1046 2542 1231 2576 dixeruntque
1247 2551 1253 2568 :
1270 2541 1414 2568 Credimus
1427 2548 1506 2567 unam
1519 2547 1533 2565 e
1544 2538 1694 2574 [personis]
1715 2537 1835 2565 Trinita-

1048 2588 1082 2614 tis
1096 2595 1157 2614 c550
1175 2587 1272 2613 Filium
1290 2586 1399 2614 unicum
1415 2587 1460 2620 qui
1477 2590 1517 2612 est
1533 2585 1648 2612 Verbum
1671 2584 1814 2618 antiqnttm
1826 2603 1834 2614 ,

1042 2638 1184 2665 retentum,
1195 2633 1267 2659 Patri
1277 2632 1397 2666 :rqualis,
1413 2632 1485 2658 Deus
1496 2631 1520 2657 iu
1535 2638 1650 2664 persona
1665 2637 1717 2656 una
1743 2634 1771 2655 et
1784 2629 1834 2662 hy-

1043 2679 1146 2714 postasi
1162 2686 1214 2705 una
1229 2687 1236 2710 ;
1252 2678 1295 2712 qui
1310 2678 1467 2712 agnoscitur
1480 2677 1614 2711 perfectus
1633 2683 1693 2702 esse
1707 2674 1780 2709 quod
1801 2673 1834 2700 ad

1045 2726 1243 2752 lnnnanitatem
1258 2732 1347 2755 suam,
1367 2728 1394 2750 et
1410 2723 1547 2756 perlectus
1569 2721 1642 2756 quod
1659 2721 1691 2748 ad
1705 2719 1834 2747 divinita-

1045 2777 1111 2802 tem,
1125 2771 1152 2798 in
1170 2779 1200 2797 ea
1219 2770 1371 2797 substantia
1392 2777 1452 2803 qua:
1468 2773 1507 2795 cst
1528 2768 1657 2794 Dominus
1679 2771 1772 2793 noster
1789 2765 1834 2791 Je-

1044 2826 1091 2844 sns
1109 2817 1246 2849 Christus,
1261 2816 1330 2842 duas
1346 2815 1449 2842 habens
1471 2819 1583 2840 nutritas
1599 2813 1731 2848 periectas
1744 2831 1752 2844 ,
1766 2811 1834 2838 duas

1042 2862 1228 2893 out-rationes.
1256 2865 1282 2888 ct
1309 2861 1377 2888 duas
1402 2860 1556 2887 voluntates
1577 2859 1603 2886 in
1626 2865 1741 2893 persona
1767 2864 1829 2883 una.
