2014 3082
218 154 285 187 1115

212 256 336 283 videlicet
354 257 436 284 Deum
461 257 560 285 Filium
576 261 678 287 ultimis
701 264 870 296 temporibus
886 274 993 294 assum-

212 301 300 334 psisse
313 310 343 327 ex
363 301 481 336 Virgine.
501 303 613 331 Domina
625 305 705 340 352
724 308 804 334 ‘llaria
820 315 919 336 sancta
930 320 994 338 cor—

211 353 262 379 pus
276 347 421 373 humanum
439 355 498 374 cum
518 350 607 377 anitna
631 354 753 379 rationali
770 374 776 384 ,
803 355 965 383 ἰιιιιεινιιξίιιῑνιι
981 367 988 386 :

210 389 290 423 idque
315 399 345 417 ev
372 392 560 421 misericordia
590 395 635 422 Dei
663 397 688 423 in
714 398 838 426 homines
863 402 989 435 propitii:

209 442 296 468 neque
323 436 373 463 hoc
401 442 480 472 pacto
495 441 642 474 contigisse
658 443 708 476 ipsi
723 445 921 479 conflts’onem,
938 456 988 475 nec

206 480 419 513 corruptionem,
433 491 481 509 nec
502 485 711 518 separationem,
734 496 785 515 nec
803 489 988 526 divisionem;

206 525 252 550 sed
268 533 328 552 esse
341 526 427 557 ipsum
441 536 522 555 unum
543 530 698 561 faciente-It.
714 540 774 567 quze
791 533 928 562 hominem
948 537 987 564 l'a-

204 577 266 596 cere
288 571 374 602 decet,
391 572 417 598 in
440 578 534 600 natura
558 575 653 609 ipsius,
670 582 696 603 et
726 586 785 612 qua:
807 580 887 606 Deum
912 581 986 609 face-

203 622 232 642 re
255 615 332 643 decet
350 617 377 643 in
394 623 490 644 natura
519 620 620 654 ipsius,
647 623 693 656 Qui
708 628 749 650 est
774 624 859 650 Filius
877 627 986 659 unicus,

205 660 319 687 Verbum
334 663 542 697 sempiternum,
561 666 774 701 incorporatum,
793 671 864 704 quod
890 679 981 699 revera

202 706 302 733 factum
319 712 361 735 est
377 716 441 735 caro
454 729 461 741 ,
484 711 556 738 sicut
572 712 637 739 dicit
654 713 826 746 livangeliutn
838 722 980 744 sancttru:

200 751 234 776 ita
259 751 366 778 interim
389 757 418 779 ut
442 762 495 780 non
514 757 622 783 recedat
647 765 661 783 a
684 757 767 791 gloria
795 766 844 786 sua
868 766 980 793 aeterna,

199 803 289 828 neque
304 797 389 830 ipsatn
404 803 503 831 mutet,
523 809 615 827 verum
632 802 668 829 sit
687 810 747 829 cum
761 804 866 832 duabus
881 813 979 840 opera—

199 840 328 874 tionibus,
345 842 450 870 duabus
465 845 662 880 voluntatibus,
678 853 704 876 ct
726 849 834 877 duabus
861 852 979 882 naturis.

199 884 271 913 Deus
285 892 311 913 et
329 887 422 921 homo,
445 890 545 924 quibus
570 894 709 927 perﬁcitur
723 902 812 922 sermo
834 904 914 923 verus
929 905 935 924 :
953 903 980 924 et
997 891 1016 918 Β

199 936 346 967 utramque
366 940 492 962 naturam
508 937 613 970 operari
639 947 700 966 Clllll
726 942 917 969 communium
937 943 977 969 al-

196 977 292 1009 terius,
317 978 424 1006 duabus
449 981 635 1010 voluntatibus
654 984 764 1012 minime
780 986 853 1012 inter
873 995 901 1014 se
917 995 978 1014 con~

196 1023 298 1054 trariis,
311 1027 359 1049 aut
375 1027 570 1059 pugnantibus,
583 1028 668 1055 altera
686 1030 756 1057 aliud
773 1031 976 1065 amplectente;

195 1075 289 1094 Verum
311 1077 420 1096 manere
437 1072 601 1099 voluntatem
624 1074 770 1102 humanam
793 1077 818 1103 in
842 1077 978 1106 voluntate

194 1113 288 1140 divina
305 1116 503 1150 omnipotente.
529 1117 607 1150 Quod
624 1120 676 1147 nisi
693 1120 810 1148 Verbum
828 1121 887 1153 Dei.
913 1131 975 1150 cum

193 1156 382 1188 descenderet,
399 1161 597 1194 assumpsisset
614 1163 751 1190 hominem
772 1165 894 1200 undique
913 1174 976 1200 per.

192 1199 304 1233 fctltttn,
323 1202 420 1230 luisset
449 1205 522 1232 salus
539 1211 631 1233 nostra
657 1208 746 1242 imago
773 1214 799 1236 et
822 1211 974 1244 phantasia.

191 1244 335 1274 Quomodo
361 1251 450 1273 autem
471 1250 633 1277 conveniret
662 1252 870 1279 beneﬁcentiam
906 1262 976 1288 prae-

191 1289 283 1320 s‘anti,
305 1290 350 1322 qui
369 1295 410 1318 est
433 1292 555 1320 medicus
575 1295 704 1328 sapiens,
719 1304 810 1323 revera
831 1298 973 1326 sanitatem

191 1335 259 1360 dans
277 1336 435 1368 (serundum
461 1338 525 1365 illud
553 1341 625 1374 quod
655 1341 721 1368 dicit
751 1342 895 1372 Malachias
911 1353 974 1379 pro-

190 1378 270 1412 pheta
285 1379 408 1406 :()rielur
420 1380 465 1408 Sol
476 1382 599 1415 justitim,
615 1385 695 1419 cujus
714 1393 810 1414 nomen
827 1378 971 1419 timebunt,

189 1423 236 1457 qui
252 1425 359 1452 sanabit
374 1425 457 1460 ipsos,
474 1429 648 1463 gestabitque
662 1430 735 1466 ipsos
745 1431 795 1459 alis
806 1432 886 1468 suis),
905 1433 970 1461 illud

188 1476 329 1497 assumere
355 1471 380 1497 in
394 1479 447 1506 quo
464 1480 597 1501 creatura:
618 1477 769 1511 antiquitus
787 1478 968 1515 353-355

187 1521 257 1541 uola
268 1516 328 1548 t'uil,
343 1522 451 1545 utesset
463 1527 601 1553 peceatum
619 1523 734 1556 primum
753 1524 779 1550 in
799 1525 906 1552 homine
920 1534 966 1560 pe-

186 1567 235 1585 nes
249 1561 404 1595 arbitrium,
428 1564 610 1598 voluntatem,
629 1573 655 1594 et
677 1573 837 1602 potestatem
862 1579 939 1598 suam
957 1573 968 1599 ?

185 1605 223 1630 Ac
234 1607 370 1638 quomodo
385 1616 437 1634 non
454 1614 525 1636 esset
542 1611 593 1637 hoc
607 1615 816 1641 necessarium?
831 1615 898 1642 Cum
918 1617 969 1643 do-

183 1650 273 1674 cuerit
287 1657 336 1677 nos
353 1651 494 1685 Dominus,
508 1655 612 1688 quiest
629 1657 654 1683 in
675 1657 737 1684 sinu
759 1658 858 1691 Patris,
880 1660 966 1688 Filius

184 1694 230 1727 qui
250 1695 327 1721 solus
355 1701 396 1723 est
424 1697 502 1730 liber,
525 1707 578 1726 non
606 1707 713 1733 servus,
729 1711 821 1731 verum
847 1706 968 1740 seipsum

184 1745 293 1763 senum
312 1739 374 1765 fecit
393 1745 504 1775 propter
522 1745 638 1771 salutent
655 1751 796 1780 nostram,
812 1739 969 1784 dederitque

184 1781 266 1807 nobis
285 1783 430 1810 victoriam
451 1786 477 1812 in
492 1786 551 1814 illos
566 1789 612 1822 qui
632 1789 773 1823 loquentes
788 1793 879 1820 dicant
895 1781 967 1821 Ada-

183 1832 257 1852 mum
279 1829 433 1855 necessario
447 1838 583 1865 peccasse;
597 1841 629 1860 ac
646 1834 730 1863 fuisse
746 1842 886 1871 peccatum
905 1839 964 1867 abs-

181 1878 234 1904 que
271 1872 410 1901 voluntate
449 1876 556 1910 ipsius,
591 1887 678 1914 neqtte
703 1881 788 1910 fuisse
813 1883 838 1910 in
868 1889 965 1912 natura

181 1915 267 1949 ipsius
283 1922 444 1951 potestatem
464 1921 588 1954 liberam.
601 1932 654 1958 qua
669 1933 683 1952 a
701 1926 776 1960 lapsu
788 1935 885 1955 cavere
897 1937 960 1963 pos-

181 1965 232 1987 set.
257 1962 316 1994 Quo
339 1964 459 1996 ipsarum
478 1967 551 1994 dicto
574 1969 677 1997 crimen
702 1976 728 1998 et
755 1962 902 2000 defectum
916 1974 964 2000 im-

180 2006 295 2040 pingunt
310 2008 433 2035 Creatori
447 2030 453 2040 .
478 2011 523 2045 qui
545 2013 624 2047 longe
645 2022 727 2049 supra
745 2017 801 2044 hmc
816 2022 868 2048 est,
882 2024 963 2054 atque

180 2051 312 2078 Adamnm
332 2053 358 2079 in
374 2057 512 2087 peccando
529 2063 674 2086 excusant.
696 2060 754 2087 Jam
781 2069 844 2090 vero
860 2064 883 2090 vi
900 2072 962 2091 sen-

179 2097 270 2123 tentia:
282 2105 376 2124 eorum
390 2101 527 2133 prmcipue
541 2104 587 2137 qui
605 2104 656 2131 hoc
671 2112 809 2139 asserunt,
823 2110 961 2136 omnium-

178 2148 232 2174 que
248 2143 293 2176 qui
324 2143 356 2170 iis
378 2151 522 2172 assensum
548 2148 691 2183 praebent,
713 2154 872 2180 necessario
884 2162 960 2181 cont-

177 2187 244 2220 petit
267 2193 407 2222 peceatum
433 2191 481 2217 toti
497 2191 637 2220 hominum
655 2197 762 2229 generi.
785 2197 840 2225 Nos
867 2205 957 2226 autem

176 2232 294 2260 dicimus
319 2234 346 2260 in
369 2239 503 2268 potestate
523 2238 619 2266 Adami
651 2240 735 2269 tuisse
764 2247 794 2269 ut
820 2243 958 2273 Creatoris

177 2279 335 2306 mandatum
353 2286 485 2313 servaret,
502 2291 551 2310 nec
563 2292 616 2311 non
636 2290 665 2312 ut
680 2288 824 2315 consilium
838 2291 957 2318 mulieris

176 2323 320 2357 rejieeret;
342 2333 434 2352 verum
460 2335 513 2354 non
542 2329 576 2355 ita
594 2331 720 2363 voluisse,
740 2333 787 2359 sed
809 2334 900 2361 cibum
924 2343 955 2362 ex

174 2368 271 2395 arbore
286 2375 312 2396 et
326 2377 341 2396 e
355 2378 435 2398 manu
458 2372 581 2400 mulieris
600 2376 750 2409 ιιω-ρίεεο,
779 2380 957 2412 quemadmo-

175 2414 239 2439 dum
252 2418 278 2440 et
293 2415 392 2442 mulier
406 2417 550 2445 consilium
569 2422 706 2453 serpentis
723 2428 816 2450 secuta
833 2428 884 2456 est,
902 2432 955 2452 non

175 2459 338 2487 necessitate
359 2465 461 2488 naturae
474 2481 481 2492 ,
503 2465 549 2490 sed
569 2464 753 2494 imbecillitate
776 2468 954 2496 intellectus:

172 2503 278 2538 [ﬁtque
293 2505 343 2532 hoc
365 2507 451 2540 prima
469 2508 607 2536 voluntate
623 2515 812 2540 creaturarum
830 2514 956 2542 videlicet

173 2549 268 2576 Adami
291 2554 318 2577 et
344 2550 417 2583 Erte,
434 2554 504 2580 unde
520 2562 683 2589 acceperunt
707 2557 812 2593 plagam
835 2560 956 2587 doloriﬁ-

173 2602 245 2627 eam,
260 2600 342 2630 atque
357 2598 429 2625 unde
443 2599 526 2626 etiam
544 2601 687 2630 medelam.
705 2603 844 2638 Siquidem
863 2605 956 2632 Domi-

173 2647 225 2667 tms
241 2646 334 2669 noster
355 2642 436 2671 Ji-sus
458 2645 584 2674 Christus
600 2648 710 2676 tnorbos
733 2654 843 2678 nostros
868 2656 894 2678 et
906 2651 955 2678 do-

172 2686 360 2716 loresuostros
369 2691 501 2725 suscepit,
524 2694 595 2720 sicut
613 2693 681 2720 dixit
703 2695 786 2723 Isaias
804 2698 952 2731 propheta:

172 2732 333 2766 Aspevimus
350 2742 412 2761 eum
433 2744 483 2764 nec
512 2738 594 2774 356
617 2740 665 2767 fuit
689 2742 739 2775 ipst
759 2743 874 2777 species,
905 2752 954 2771 nec

170 2776 364 2810 pulchritudo,
392 2780 498 2815 fuitque
521 2786 745 2820 contemptibilis,
769 2788 847 2823 cujus
880 2790 952 2816 nulla

171 2821 265 2849 habita
281 2827 322 2850 est
340 2825 419 2853 ratio.
434 2825 493 2855 lose
513 2834 553 2856 est
571 2831 617 2859 cui
634 2833 753 2862 portavit
774 2821 883 2862 morbos
902 2843 951 2863 ηο-

702 162 883 193 EUTYCIIII
902 166 1169 200 ALEXANDIHNI
1188 173 1297 204 I‘ATR.

214 210 340 246 Idemque
352 213 466 247 professi
482 219 545 242 sunt
558 223 618 242 cum
629 217 747 244 concilio
765 218 993 254 Cbalredonensi,
1008 225 1032 253 Α
1050 230 1134 259 stros,

1763 180 1838 212 1116‘

1158 232 1184 255 et
1205 229 1313 257 dolores
1333 236 1443 259 nostros
1464 234 1598 268 suscepit;
1625 235 1702 269 cujus
1719 237 1831 264 vulnere

1043 278 1139 300 omnes
1163 275 1252 300 sanati
1274 283 1378 304 sttmtts.
1394 277 1456 304 Fuit
1471 279 1543 306 enim
1559 285 1587 306 ut
1601 281 1660 307 ovis
1672 290 1732 315 qum
1746 283 1827 310 dueta

1043 324 1084 344 est
1102 318 1134 344 ad
1152 321 1344 348 tuaetationem
1357 343 1364 355 ,
1387 329 1413 351 et
1436 330 1465 351 ut
1488 333 1574 360 agnus
1591 327 1636 361 qui
1654 335 1745 354 coram
1768 334 1828 356 ton-

1041 363 1123 389 dente
1139 364 1228 398 ipsum
1246 368 1364 399 tacebat,
1389 369 1425 395 ita
1438 378 1489 397 nec
1507 379 1537 398 os
1555 374 1671 405 aperuit.
1689 373 1716 400 In
1735 374 1826 401 humi-

1042 407 1152 436 liatione
1164 410 1249 443 ipsius
1260 413 1397 440 sublatum
1409 421 1447 442 est
1459 416 1589 449 judicium
1602 417 1670 450 ejus.
1689 417 1748 445 Jatn
1762 428 1828 447 vero

1039 453 1192 487 intelligant
1219 457 1265 482 tilii
1283 457 1412 486 Ecclesia;
1429 461 1474 488 Dei
1493 461 1536 496 pie
1552 462 1668 498 [ipsum]
1688 464 1823 498 colentes,

1037 497 1101 524 Jesu
1121 499 1230 528 Clit-isto
1246 502 1361 530 Domino
1381 510 1409 532 et
1434 505 1486 532 Deo
1505 511 1598 534 nostro
1612 497 1672 536 esse
1688 509 1757 537 dttas
1776 519 1826 537 na-

1040 549 1116 572 turas
1130 547 1274 581 perfectas,
1292 549 1361 577 duas
1379 551 1536 579 voluntates
1559 558 1586 580 et
1602 553 1669 581 duas
1685 556 1826 588 operatio-

1038 597 1086 616 ncs
1107 599 1212 624 revera,
1230 601 1374 626 personam
1397 601 1489 623 autem
1502 606 1592 625 unam.
1614 598 1670 626 Hoc
1682 605 1724 626 est
1743 602 1824 628 testi-

1037 635 1155 662 monium
1182 642 1207 664 et
1229 638 1295 666 ﬁdes
1311 641 1419 668 concilii
1446 643 1516 670 sexti
1548 644 1648 671 sancti.
1672 645 1824 673 Cenﬁrma-

1035 684 1099 705 runt
1114 681 1194 707 etiam
1210 684 1280 716 quod
1300 685 1531 714 conﬁrmaverunt
1555 688 1676 723 quinque
1701 693 1816 718 concilia

1035 727 1129 748 saneta
1144 724 1252 757 priora:
1268 728 1478 756 et-aoathcmate
1495 730 1665 759 devoverunt
1681 734 1727 768 qui
1749 735 1831 762 illudi

1033 767 1287 801 mtathematizaret,
1305 776 1331 798 et
1344 773 1496 806 reiecerunt
1514 776 1666 811 qui-ipsum
1678 778 1812 811 rejiceret.

1032 811 1185 843 Quinetiam
1198 814 1276 841 ﬁdem
1289 815 1431 850 Sophronii
1444 820 1604 853 patriarcha
1620 822 1800 859 lileromlymi
1809 838 1819 845 -

1032 857 1088 883 tani
1108 858 1143 884 in,
1153 859 1268 886 medium
1283 862 1414 895 prolatam
1429 871 1591 900 receperunt.
1613 873 1640 894 et
1672 870 1818 896 conﬁrmas

1032 907 1105 929 runt.
1135 903 1245 932 Peracta
1264 911 1328 933 sunt
1354 914 1445 936 autem
1466 911 1523 938 haec
1543 914 1649 947 negotia
1669 915 1823 941 auvillante

1032 947 1096 978 Deo,
1114 953 1139 974 et
1157 956 1288 982 praesente
1299 951 1482 980 Constantino
1499 956 1660 990 imperatore
1673 959 1756 992 ﬁdeli,
1771 961 1814 987 cui

1030 992 1098 1019 bene
1112 995 1213 1027 precati
1231 997 1328 1023 reversi
1345 1003 1407 1024 sum
1422 999 1454 1025 ad
1474 1000 1531 1027 loca
1541 1009 1595 1028 sua
1611 1011 1618 1034 ;
1632 1003 1712 1036 idque
1731 1004 1818 1038 impc-

1030 1037 1061 1064 Iii
1094 1039 1264 1066 Constantini
1291 1049 1364 1069 anno
1401 1043 1508 1072 decimo
1535 1048 1636 1078 tertio,
1667 1049 1814 1078 ehalifatus

1029 1081 1149 1110 Moawiaa
1163 1084 1218 1111 Eho
1235 1086 1284 1112 Abi
1301 1087 1413 1123 Sofyani
1430 1096 1539 1124 quarto.
1557 1092 1577 1118 A
1593 1094 1711 1120 concilio
1723 1099 1828 1121 autent--

1028 1129 1127 1162 quinto
1153 1131 1343 1165 episcoporum
1379 1141 1488 1162 centum
1509 1139 1653 1172 sexaginta
1683 1146 1812 1174 qttaltlol‘.

1029 1175 1075 1208 qui
1109 1175 1343 1210 Constantinopoli
1367 1187 1565 1209 convenerunt"
1580 1187 1702 1219 tempore
1725 1185 1812 1212 Justi-

1027 1219 1100 1245 niani
1134 1221 1537 1259 irruperatoris‘Romanorum,
1568 1229 1600 1255 ad
1626 1235 1731 1256 sextum
1758 1230 1822 1258 hoc-

1025 1264 1204 1292 ducentorum
1228 1269 1367 1303 octoginta
1398 1279 1493 1299 novem
1524 1274 1734 1308 episcoporum,
1762 1276 1823 1310 qui-

1026 1310 1123 1336 ibidetn
1150 1319 1337 1341 convenerunt
1355 1320 1473 1350 tempore
1486 1319 1663 1355 357-359
1677 1322 1811 1348 Constan-

1025 1355 1072 1382 tini
1098 1355 1287 1390 imperatoris,
1299 1364 1407 1387 centum
1430 1367 1495 1389 sunt
1508 1365 1583 1391 anni.
1600 1365 1724 1397 Cumque
1746 1374 1810 1400 per—

1024 1406 1113 1428 aetum
1137 1401 1218 1430 fuerit
1243 1404 1294 1431 hoc
1317 1407 1475 1440 negotium,
1500 1413 1621 1443 tempore
1653 1411 1748 1445 Agabii
1763 1419 1811 1445 pa-

1025 1446 1152 1473 triarchae
1174 1447 1288 1476 Romani
1311 1451 1413 1482 sancti,
1435 1453 1598 1480 mentionem
1616 1454 1738 1482 fecerunt
1755 1457 1808 1485 Da-

1024 1491 1106 1518 masci
1122 1496 1148 1519 et
1165 1492 1273 1528 [Egypti
1287 1494 1382 1522 incolae
1399 1497 1517 1524 nominis
1531 1498 1623 1532 Agabii
1639 1501 1803 1534 patriarcha:

1023 1535 1136 1563 Romani
1153 1537 1178 1564 io
1197 1539 1336 1574 diptycho,
1355 1541 1390 1567 ab
1406 1549 1438 1568 eo
1451 1543 1483 1569 ad
1503 1543 1553 1570 hoc
1583 1552 1670 1580 usque
1682 1549 1805 1580 tempus.

1058 1582 1180 1610 Mortuus
1195 1589 1236 1611 est
1257 1590 1347 1613 autem
1362 1587 1557 1616 Constantinus
1573 1589 1722 1624 imperator
1739 1592 1804 1619 lide-

1020 1628 1055 1655 lis
1080 1634 1224 1663 postquam
1241 1631 1378 1659 sexdecim
1396 1641 1481 1661 annos
1495 1642 1578 1669 regno
1592 1636 1694 1669 potitus
1713 1642 1803 1670 εδει-ις

1020 1674 1200 1708 regum-itque
1227 1680 1289 1708 post
1311 1677 1399 1710 ipsum
1418 1679 1444 1705 in
1463 1678 1601 1707 Romanos
1623 1680 1695 1709 ﬁlius
1716 1683 1803 1717 ipsius

1019 1717 1193 1745 Justinianus
1211 1727 1298 1747 annos
1313 1722 1457 1750 duoderim
1473 1734 1477 1750 :
1504 1726 1585 1759 idque
1601 1734 1674 1754 anno
1687 1728 1802 1756 citalifr

1019 1766 1062 1788 tus
1079 1762 1197 1791 Moawiaa
1214 1763 1271 1790 libo
1287 1763 1346 1799 Aby
1361 1765 1460 1799 Sol'yau
1476 1772 1583 1796 octavo.

1053 1807 1323 1836 Accedeutes-autem
1341 1810 1452 1844 quidam
1466 1811 1499 1838 ad
1515 1811 1700 1841 .lttslinianum
1715 1815 1802 1852 impe-

1018 1857 1135 1879 ratorem
1149 1853 1300 1880 notuanum
1314 1855 1443 1882 dixerunt
1458 1865 1465 1883 :
1487 1857 1557 1884 Sunt
1574 1867 1594 1886 θ
1605 1859 1800 1889 Constantino-

1016 1897 1144 1930 politanis
1173 1899 1284 1934 quidam
1311 1901 1357 1935 qui
1390 1903 1537 1929 concilium
1567 1910 1696 1937 sextum,
1725 1908 1798 1940 quod

1016 1942 1065 1968 fuit
1080 1947 1202 1978 tetnpore
1221 1946 1306 1979 patris
1323 1946 1360 1972 tui
1376 1946 1550 1975 Constantini
1561 1970 1568 1981 ,
1584 1950 1746 1985 vituperant.
1765 1954 1798 1980 ad

1016 1986 1113 2015 falsum
1128 1989 1372 2026 (conﬁrmandum)
1391 1993 1554 2021 convenisse
1569 2002 1615 2022 eos
1630 2003 1797 2026 asserentes.

1013 2032 1122 2060 Mittens
1158 2043 1222 2070 ergo
1249 2035 1424 2065 Justinianus
1465 2038 1615 2073 imperator
1652 2044 1797 2077 episcopos

1012 2082 1123 2105 centum
1141 2079 1250 2112 triginta
1266 2082 1439 2114 convocavit,
1454 2083 1499 2116 qui
1517 2085 1626 2112 concilii
1642 2087 1710 2113 sexti
1733 2096 1796 2115 sen-

1013 2122 1126 2149 tentiam
1142 2125 1352 2158 conﬁrmarunt,
1366 2129 1393 2152 et
1411 2126 1478 2154 diris
1492 2135 1539 2154 eos
1556 2128 1735 2162 devoverunt,
1749 2133 1794 2165 qui

1013 2165 1065 2200 ipsi
1096 2167 1300 2201 tnaledicerenl,
1333 2171 1374 2196 vel
1404 2172 1644 2207 contradicerent;
1669 2183 1718 2202 nec
1742 2184 1795 2204 non

976 2220 997 2248 ι)
1012 2214 1175 2240 sententiam
1200 2215 1321 2250 quinque
1346 2217 1526 2244 coriciliornm
1552 2220 1673 2253 priorum
1697 2221 1795 2248 conﬁr-

1013 2262 1133 2289 marunt,
1158 2263 1184 2286 et
1198 2259 1224 2286 in
1241 2267 1287 2286 eos
1310 2261 1355 2294 qui
1377 2268 1408 2288 ea
1437 2263 1713 2297 anathematizarent,
1729 2273 1794 2293 ana-

1009 2301 1100 2330 thema
1118 2303 1255 2337 dixerunt,
1273 2305 1334 2332 dein
1350 2307 1452 2333 reversi
1462 2312 1537 2335 sunt.

1053 2345 1137 2374 Porro
1163 2355 1234 2374 anno
1261 2348 1415 2376 cbalit‘atns
1436 2349 1557 2378 Moawia:
1580 2353 1696 2387 septimo
1728 2362 1793 2382 con-

1012 2391 1124 2418 stitutus
1139 2397 1179 2418 est
1199 2392 1318 2420 Joannes
1343 2395 1497 2427 patriarcha
1513 2396 1792 2433 Hierosolymitamts,

1009 2436 1055 2470 qui
1077 2444 1163 2464 annos
1182 2439 1360 2474 quadraginta
1391 2442 1472 2473 sedit,
1497 2442 1559 2469 dein
1591 2450 1716 2472 mortuus
1739 2452 1791 2474 est.

1008 2479 1145 2507 Manserat
1162 2486 1252 2509 atttctn
1275 2483 1354 2511 sedes
1371 2483 1617 2520 Hierosolymilana
1634 2494 1697 2522 post
1720 2498 1792 2517 mor-

1007 2529 1060 2552 tctn
1086 2526 1230 2559 Sophronii
1263 2529 1435 2562 usquedum
1470 2531 1641 2560 suﬁiceretur
1673 2534 1793 2564 Joannes

1007 2569 1066 2597 sine
1080 2573 1232 2603 patriarcha
1245 2573 1327 2608 360
1338 2582 1423 2602 annos
1436 2576 1529 2610 viginti
1544 2585 1654 2606 novetn.
1667 2579 1794 2608 Mortuus

1006 2619 1048 2642 est
1073 2617 1153 2643 ctiam
1182 2617 1315 2654 Georgius
1336 2621 1491 2653 patriarcha
1509 2622 1789 2659 Constantinopolim.-

1006 2668 1068 2695 IIIIS,
1082 2669 1142 2688 Clilll
1165 2671 1250 2690 annos
1275 2665 1368 2692 decem
1382 2673 1415 2692 (:0
1436 2675 1546 2694 munere
1573 2668 1682 2697 functus
1703 2676 1794 2698 θεεοιι

1005 2704 1083 2731 Λιιηο
1108 2706 1251 2733 chaliiatns
1272 2707 1390 2735 Moawiaa
1419 2709 1582 2737 duodectrno
1618 2719 1726 2741 creatus
1746 2719 1788 2742 est

1006 2748 1124 2776 Thomas
1150 2752 1303 2785 patriarcha
1327 2753 1657 2788 Constantinopolitanus,
1676 2759 1722 2791 qui
1740 2767 1787 2785 an.

1005 2801 1056 2820 nos
1077 2793 1168 2821 decem
1190 2796 1259 2822 sedit
1295 2796 1347 2831 (vel
1370 2797 1448 2832 juxta
1469 2798 1542 2825 aliud
1564 2802 1723 2835 exemplar,
1747 2803 1785 2828 vi-

1006 2838 1093 2871 ginti),
1119 2839 1180 2867 dein
1203 2845 1325 2869 mortuus
1347 2847 1397 2870 est.
1413 2844 1490 2871 Anno
1503 2845 1648 2874 chalifatus
1662 2847 1782 2877 eiusdem
