  <div class='ocr_page' id='page_1' title='image "/cluster/home/n/w/nwhite01/storage/ocr_20150623/111/njp.32101077772943/631.png"; bbox 0 0 2014 3082; ppageno 0'>
   <div class='ocr_carea' id='block_1_1' title="bbox 220 164 286 194">
    <p class='ocr_par' dir='ltr' id='par_1_1' title="bbox 220 164 286 194">
     <span class='ocr_line' id='line_1_1' title="bbox 220 164 286 194; baseline -0.015 0"><span class='ocrx_word' id='word_1_1' title='bbox 220 164 286 194; x_wconf 72' lang='lat'><strong>11.9</strong></span> 
     </span>
    </p>
   </div>
   <div class='ocr_carea' id='block_1_2' title="bbox 718 159 1318 192">
    <p class='ocr_par' dir='ltr' id='par_1_2' title="bbox 718 159 1318 192">
     <span class='ocr_line' id='line_1_2' title="bbox 718 159 1318 192; baseline -0.007 0"><span class='ocrx_word' id='word_1_2' title='bbox 718 162 898 192; x_wconf 65' lang='lat' dir='ltr'><strong>EU&#39;l‘YCIllI</strong></span> <span class='ocrx_word' id='word_1_3' title='bbox 925 160 1191 190; x_wconf 68' lang='lat' dir='ltr'><strong>ALEXANDRINI</strong></span> <span class='ocrx_word' id='word_1_4' title='bbox 1213 159 1318 189; x_wconf 70' lang='lat' dir='ltr'><strong>PATR.</strong></span> 
     </span>
    </p>
   </div>
   <div class='ocr_carea' id='block_1_3' title="bbox 1767 156 1834 187">
    <p class='ocr_par' dir='ltr' id='par_1_3' title="bbox 1767 156 1834 187">
     <span class='ocr_line' id='line_1_3' title="bbox 1767 156 1834 187; baseline 0.015 -1"><span class='ocrx_word' id='word_1_5' title='bbox 1767 156 1834 187; x_wconf 69' lang='grc' dir='ltr'><strong>ῙΞΞΟ</strong></span> 
     </span>
    </p>
   </div>
   <div class='ocr_carea' id='block_1_4' title="bbox 219 213 1836 253">
    <p class='ocr_par' dir='ltr' id='par_1_4' title="bbox 219 213 1836 253">
     <span class='ocr_line' id='line_1_4' title="bbox 219 213 1836 253; baseline -0.003 -8"><span class='ocrx_word' id='word_1_6' title='bbox 219 219 316 245; x_wconf 75' lang='lat' dir='ltr'><strong>ih&#39;ulcm</strong></span> <span class='ocrx_word' id='word_1_7' title='bbox 335 219 487 245; x_wconf 89' lang='lat' dir='ltr'><strong>columnam</strong></span> <span class='ocrx_word' id='word_1_8' title='bbox 501 227 553 253; x_wconf 87' lang='lat' dir='ltr'><strong>qua</strong></span> <span class='ocrx_word' id='word_1_9' title='bbox 570 223 741 245; x_wconf 87' lang='lat' dir='ltr'><strong>tucnsuratur</strong></span> <span class='ocrx_word' id='word_1_10' title='bbox 756 226 833 251; x_wconf 71' lang='lat' dir='ltr'><strong>aqua:</strong></span> <span class='ocrx_word' id='word_1_11' title='bbox 852 218 900 244; x_wconf 66' lang='lat' dir='ltr'><strong>Nili</strong></span> <span class='ocrx_word' id='word_1_12' title='bbox 915 217 999 252; x_wconf 57' lang='grc' dir='ltr'><strong>Ᾰῖςγ-</strong></span> <span class='ocrx_word' id='word_1_13' title='bbox 1017 217 1036 244; x_wconf 83' lang='grc' dir='ltr'><strong>Α</strong></span> <span class='ocrx_word' id='word_1_14' title='bbox 1053 225 1178 251; x_wconf 74' lang='lat' dir='ltr'><strong>magnum</strong></span> <span class='ocrx_word' id='word_1_15' title='bbox 1193 221 1278 244; x_wconf 87' lang='lat' dir='ltr'><strong>totum</strong></span> <span class='ocrx_word' id='word_1_16' title='bbox 1294 216 1387 246; x_wconf 89' lang='lat' dir='ltr'><strong>diruit,</strong></span> <span class='ocrx_word' id='word_1_17' title='bbox 1400 220 1479 249; x_wconf 85' lang='lat' dir='ltr'><strong>atquc</strong></span> <span class='ocrx_word' id='word_1_18' title='bbox 1494 214 1669 250; x_wconf 81' lang='lat'><strong>373-375</strong></span> <span class='ocrx_word' id='word_1_19' title='bbox 1681 214 1750 240; x_wconf 77' lang='lat' dir='ltr'><strong>illud</strong></span> <span class='ocrx_word' id='word_1_20' title='bbox 1760 213 1836 247; x_wconf 81' lang='lat' dir='ltr'><strong>quod</strong></span> 
     </span>
    </p>
   </div>
   <div class='ocr_carea' id='block_1_5' title="bbox 220 264 1001 297">
    <p class='ocr_par' dir='ltr' id='par_1_5' title="bbox 220 264 1001 297">
     <span class='ocr_line' id='line_1_5' title="bbox 220 264 1001 297; baseline 0.001 -8"><span class='ocrx_word' id='word_1_21' title='bbox 220 264 506 296; x_wconf 74' lang='lat' dir='ltr'><strong>ptiaciincrementum</strong></span> <span class='ocrx_word' id='word_1_22' title='bbox 530 264 649 290; x_wconf 74' lang='lat' dir='ltr'><strong>Fuerunt</strong></span> <span class='ocrx_word' id='word_1_23' title='bbox 659 268 747 290; x_wconf 84' lang='lat' dir='ltr'><strong>autem</strong></span> <span class='ocrx_word' id='word_1_24' title='bbox 757 264 806 297; x_wconf 55' lang='lat' dir='ltr'><strong>ipsi</strong></span> <span class='ocrx_word' id='word_1_25' title='bbox 821 264 874 290; x_wconf 91' lang='lat' dir='ltr'><strong>duo</strong></span> <span class='ocrx_word' id='word_1_26' title='bbox 887 264 1001 290; x_wconf 78' lang='lat' dir='ltr'><strong>cubicu-</strong></span> 
     </span>
    </p>
   </div>
   <div class='ocr_carea' id='block_1_6' title="bbox 221 307 999 342">
    <p class='ocr_par' dir='ltr' id='par_1_6' title="bbox 221 307 999 342">
     <span class='ocr_line' id='line_1_6' title="bbox 221 307 999 342; baseline 0.003 -10"><span class='ocrx_word' id='word_1_27' title='bbox 221 308 281 334; x_wconf 78' lang='lat' dir='ltr'><strong>larii</strong></span> <span class='ocrx_word' id='word_1_28' title='bbox 296 307 445 334; x_wconf 76' lang='lat' dir='ltr'><strong>Christiani</strong></span> <span class='ocrx_word' id='word_1_29' title='bbox 465 308 605 338; x_wconf 75' lang='lat' dir='ltr'><strong>Mclcltittc.</strong></span> <span class='ocrx_word' id='word_1_30' title='bbox 622 308 720 340; x_wconf 80' lang='lat' dir='ltr'><strong>quibus</strong></span> <span class='ocrx_word' id='word_1_31' title='bbox 738 308 892 342; x_wconf 85' lang='lat' dir='ltr'><strong>pelcn&#39;ibus</strong></span> <span class='ocrx_word' id='word_1_32' title='bbox 906 313 933 334; x_wconf 91' lang='lat' dir='ltr'><strong>ut</strong></span> <span class='ocrx_word' id='word_1_33' title='bbox 948 308 999 335; x_wconf 82' lang='lat' dir='ltr'><strong>sibi</strong></span> 
     </span>
    </p>
   </div>
   <div class='ocr_carea' id='block_1_7' title="bbox 219 353 1000 387">
    <p class='ocr_par' dir='ltr' id='par_1_7' title="bbox 219 353 1000 387">
     <span class='ocr_line' id='line_1_7' title="bbox 219 353 1000 387; baseline -0.001 -7"><span class='ocrx_word' id='word_1_34' title='bbox 219 354 391 380; x_wconf 72' lang='lat' dir='ltr'><strong>exstrttcmlm</strong></span> <span class='ocrx_word' id='word_1_35' title='bbox 408 354 530 380; x_wconf 77' lang='lat' dir='ltr'><strong>ecclesia:</strong></span> <span class='ocrx_word' id='word_1_36' title='bbox 548 354 652 387; x_wconf 75' lang='lat' dir='ltr'><strong>capiam</strong></span> <span class='ocrx_word' id='word_1_37' title='bbox 673 355 785 384; x_wconf 79' lang='lat' dir='ltr'><strong>faceret,</strong></span> <span class='ocrx_word' id='word_1_38' title='bbox 805 353 868 380; x_wconf 87' lang='lat' dir='ltr'><strong>ilhtd</strong></span> <span class='ocrx_word' id='word_1_39' title='bbox 885 361 1000 380; x_wconf 85' lang='lat' dir='ltr'><strong>conces-</strong></span> 
     </span>
    </p>
   </div>
   <div class='ocr_carea' id='block_1_8' title="bbox 219 398 1001 433">
    <p class='ocr_par' dir='ltr' id='par_1_8' title="bbox 219 398 1001 433">
     <span class='ocr_line' id='line_1_8' title="bbox 219 398 1001 433; baseline 0.004 -11"><span class='ocrx_word' id='word_1_40' title='bbox 219 405 232 422; x_wconf 82' lang='lat' dir='ltr'><strong>s</strong></span> <span class='ocrx_word' id='word_1_41' title='bbox 245 402 264 423; x_wconf 91' lang='lat' dir='ltr'><strong>t.</strong></span> <span class='ocrx_word' id='word_1_42' title='bbox 282 398 444 424; x_wconf 60' lang='lat' dir='ltr'><strong>H‘truxcrunt</strong></span> <span class='ocrx_word' id='word_1_43' title='bbox 457 407 520 433; x_wconf 74' lang='lat' dir='ltr'><strong>crgu</strong></span> <span class='ocrx_word' id='word_1_44' title='bbox 540 400 654 426; x_wconf 82' lang='lat' dir='ltr'><strong>ecclesia</strong></span> <span class='ocrx_word' id='word_1_45' title='bbox 667 408 681 423; x_wconf 78' lang='grc' dir='ltr'><strong>ιι</strong></span> <span class='ocrx_word' id='word_1_46' title='bbox 693 399 785 425; x_wconf 75' lang='lat' dir='ltr'><strong>Sancti</strong></span> <span class='ocrx_word' id='word_1_47' title='bbox 801 399 925 431; x_wconf 77' lang='lat' dir='ltr'><strong>Joannis,</strong></span> <span class='ocrx_word' id='word_1_48' title='bbox 940 399 1001 425; x_wconf 73' lang='grc' dir='ltr'><strong>Ποι-</strong></span> 
     </span>
    </p>
   </div>
   <div class='ocr_carea' id='block_1_9' title="bbox 219 441 1001 477">
    <p class='ocr_par' dir='ltr' id='par_1_9' title="bbox 219 441 1001 477">
     <span class='ocr_line' id='line_1_9' title="bbox 219 441 1001 477; baseline 0.005 -11"><span class='ocrx_word' id='word_1_49' title='bbox 219 441 304 473; x_wconf 79' lang='lat' dir='ltr'><strong>wani;</strong></span> <span class='ocrx_word' id='word_1_50' title='bbox 324 450 384 476; x_wconf 76' lang='lat' dir='ltr'><strong>qua:</strong></span> <span class='ocrx_word' id='word_1_51' title='bbox 403 444 516 470; x_wconf 79' lang='lat' dir='ltr'><strong>ecclesia</strong></span> <span class='ocrx_word' id='word_1_52' title='bbox 534 451 615 477; x_wconf 82' lang='lat' dir='ltr'><strong>parva</strong></span> <span class='ocrx_word' id='word_1_53' title='bbox 629 448 688 476; x_wconf 72' lang='lat' dir='ltr'><strong>est,</strong></span> <span class='ocrx_word' id='word_1_54' title='bbox 704 448 785 477; x_wconf 78' lang='lat' dir='ltr'><strong>atque</strong></span> <span class='ocrx_word' id='word_1_55' title='bbox 800 444 932 476; x_wconf 77' lang='lat' dir='ltr'><strong>appellata</strong></span> <span class='ocrx_word' id='word_1_56' title='bbox 951 443 1001 470; x_wconf 76' lang='lat' dir='ltr'><strong>fuit</strong></span> 
     </span>
    </p>
   </div>
   <div class='ocr_carea' id='block_1_10' title="bbox 218 487 1000 516">
    <p class='ocr_par' dir='ltr' id='par_1_10' title="bbox 218 487 1000 516">
     <span class='ocr_line' id='line_1_10' title="bbox 218 487 1000 516; baseline 0.004 -4"><span class='ocrx_word' id='word_1_57' title='bbox 218 487 332 513; x_wconf 78' lang='lat' dir='ltr'><strong>ecclcsia</strong></span> <span class='ocrx_word' id='word_1_58' title='bbox 355 489 471 514; x_wconf 76' lang='lat' dir='ltr'><strong>Duorum</strong></span> <span class='ocrx_word' id='word_1_59' title='bbox 493 489 737 516; x_wconf 81' lang='lat' dir='ltr'><strong>Cubiculariornm.</strong></span> <span class='ocrx_word' id='word_1_60' title='bbox 755 489 856 515; x_wconf 84' lang='lat' dir='ltr'><strong>Statuit</strong></span> <span class='ocrx_word' id='word_1_61' title='bbox 883 490 952 515; x_wconf 81' lang='lat' dir='ltr'><strong>idem</strong></span> <span class='ocrx_word' id='word_1_62' title='bbox 970 494 1000 515; x_wconf 90' lang='lat' dir='ltr'><strong>ut</strong></span> 
     </span>
    </p>
   </div>
   <div class='ocr_carea' id='block_1_11' title="bbox 218 531 999 569">
    <p class='ocr_par' dir='ltr' id='par_1_11' title="bbox 218 531 999 569">
     <span class='ocr_line' id='line_1_11' title="bbox 218 531 999 569; baseline 0.005 -11"><span class='ocrx_word' id='word_1_63' title='bbox 218 531 327 566; x_wconf 61' lang='lat' dir='ltr'><strong>Egypti</strong></span> <span class='ocrx_word' id='word_1_64' title='bbox 359 533 536 568; x_wconf 71' lang='lat'><strong>369371</strong></span> <span class='ocrx_word' id='word_1_65' title='bbox 571 534 701 560; x_wconf 77' lang='lat' dir='ltr'><strong>tril-ulum</strong></span> <span class='ocrx_word' id='word_1_66' title='bbox 729 533 868 569; x_wconf 74' lang='lat' dir='ltr'><strong>[diversis]</strong></span> <span class='ocrx_word' id='word_1_67' title='bbox 894 534 999 562; x_wconf 83' lang='lat' dir='ltr'><strong>vicibus</strong></span> 
     </span>
    </p>
   </div>
   <div class='ocr_carea' id='block_1_12' title="bbox 222 579 999 614">
    <p class='ocr_par' dir='ltr' id='par_1_12' title="bbox 222 579 999 614">
     <span class='ocr_line' id='line_1_12' title="bbox 222 579 999 614; baseline 0.005 -11"><span class='ocrx_word' id='word_1_68' title='bbox 222 579 397 612; x_wconf 73' lang='lat' dir='ltr'><strong>penderetur.</strong></span> <span class='ocrx_word' id='word_1_69' title='bbox 417 580 531 612; x_wconf 70' lang='lat' dir='ltr'><strong>singulis</strong></span> <span class='ocrx_word' id='word_1_70' title='bbox 552 579 654 606; x_wconf 78' lang='lat' dir='ltr'><strong>scilicet</strong></span> <span class='ocrx_word' id='word_1_71' title='bbox 671 579 766 607; x_wconf 72' lang='lat' dir='ltr'><strong>diebus</strong></span> <span class='ocrx_word' id='word_1_72' title='bbox 783 580 896 607; x_wconf 76' lang='lat' dir='ltr'><strong>Veneris</strong></span> <span class='ocrx_word' id='word_1_73' title='bbox 925 588 999 614; x_wconf 72' lang='lat' dir='ltr'><strong>pars,</strong></span> 
     </span>
    </p>
   </div>
   <div class='ocr_carea' id='block_1_13' title="bbox 221 625 1000 662">
    <p class='ocr_par' dir='ltr' id='par_1_13' title="bbox 221 625 1000 662">
     <span class='ocr_line' id='line_1_13' title="bbox 221 625 1000 662; baseline 0.009 -13"><span class='ocrx_word' id='word_1_74' title='bbox 221 629 292 650; x_wconf 86' lang='lat' dir='ltr'><strong>ntclu</strong></span> <span class='ocrx_word' id='word_1_75' title='bbox 311 632 345 650; x_wconf 87' lang='lat' dir='ltr'><strong>ne</strong></span> <span class='ocrx_word' id='word_1_76' title='bbox 362 625 407 650; x_wconf 75' lang='lat' dir='ltr'><strong>lite</strong></span> <span class='ocrx_word' id='word_1_77' title='bbox 423 625 511 658; x_wconf 79' lang='lat' dir='ltr'><strong>aliqua</strong></span> <span class='ocrx_word' id='word_1_78' title='bbox 531 626 686 652; x_wconf 81' lang='lat' dir='ltr'><strong>suboricnte</strong></span> <span class='ocrx_word' id='word_1_79' title='bbox 709 626 764 659; x_wconf 73' lang='lat' dir='ltr'><strong>rogi</strong></span> <span class='ocrx_word' id='word_1_80' title='bbox 791 628 913 660; x_wconf 73' lang='lat' dir='ltr'><strong>pecuniis</strong></span> <span class='ocrx_word' id='word_1_81' title='bbox 931 635 1000 662; x_wconf 84' lang='lat' dir='ltr'><strong>opus</strong></span> 
     </span>
    </p>
   </div>
   <div class='ocr_carea' id='block_1_14' title="bbox 221 670 998 702">
    <p class='ocr_par' dir='ltr' id='par_1_14' title="bbox 221 670 998 702">
     <span class='ocr_line' id='line_1_14' title="bbox 221 670 998 702; baseline 0.008 -8"><span class='ocrx_word' id='word_1_82' title='bbox 221 673 307 699; x_wconf 81' lang='lat' dir='ltr'><strong>rsset;</strong></span> <span class='ocrx_word' id='word_1_83' title='bbox 327 677 412 702; x_wconf 83' lang='lat' dir='ltr'><strong>neque</strong></span> <span class='ocrx_word' id='word_1_84' title='bbox 427 671 462 696; x_wconf 86' lang='lat' dir='ltr'><strong>ita</strong></span> <span class='ocrx_word' id='word_1_85' title='bbox 480 670 567 696; x_wconf 79' lang='lat' dir='ltr'><strong>lacere</strong></span> <span class='ocrx_word' id='word_1_86' title='bbox 581 670 684 696; x_wconf 76' lang='lat' dir='ltr'><strong>destitit</strong></span> <span class='ocrx_word' id='word_1_87' title='bbox 697 670 780 697; x_wconf 77' lang='lat' dir='ltr'><strong>donec</strong></span> <span class='ocrx_word' id='word_1_88' title='bbox 799 672 998 700; x_wconf 75' lang='lat' dir='ltr'><strong>interﬁceretur</strong></span> 
     </span>
    </p>
   </div>
   <div class='ocr_carea' id='block_1_15' title="bbox 221 714 1000 747">
    <p class='ocr_par' dir='ltr' id='par_1_15' title="bbox 221 714 1000 747">
     <span class='ocr_line' id='line_1_15' title="bbox 221 714 1000 747; baseline 0.009 -8"><span class='ocrx_word' id='word_1_89' title='bbox 221 714 352 740; x_wconf 56' lang='lat' dir='ltr'><strong>Alulullah</strong></span> <span class='ocrx_word' id='word_1_90' title='bbox 375 714 459 741; x_wconf 79' lang='lat' dir='ltr'><strong>Elutol</strong></span> <span class='ocrx_word' id='word_1_91' title='bbox 487 716 595 747; x_wconf 76' lang='lat' dir='ltr'><strong>Zubair,</strong></span> <span class='ocrx_word' id='word_1_92' title='bbox 614 721 640 744; x_wconf 81' lang='lat' dir='ltr'><strong>et</strong></span> <span class='ocrx_word' id='word_1_93' title='bbox 658 717 811 744; x_wconf 88' lang='lat' dir='ltr'><strong>absolutum</strong></span> <span class='ocrx_word' id='word_1_94' title='bbox 836 724 908 745; x_wconf 84' lang='lat' dir='ltr'><strong>cssct</strong></span> <span class='ocrx_word' id='word_1_95' title='bbox 922 720 1000 747; x_wconf 76' lang='lat' dir='ltr'><strong>Abdil</strong></span> 
     </span>
    </p>
   </div>
   <div class='ocr_carea' id='block_1_16' title="bbox 223 759 999 796">
    <p class='ocr_par' dir='ltr' id='par_1_16' title="bbox 223 759 999 796">
     <span class='ocr_line' id='line_1_16' title="bbox 223 759 999 796; baseline 0.005 -10"><span class='ocrx_word' id='word_1_96' title='bbox 223 759 325 787; x_wconf 80' lang='lat' dir='ltr'><strong>Malcco</strong></span> <span class='ocrx_word' id='word_1_97' title='bbox 350 760 406 787; x_wconf 84' lang='lat' dir='ltr'><strong>Ehu</strong></span> <span class='ocrx_word' id='word_1_98' title='bbox 433 761 560 788; x_wconf 79' lang='lat' dir='ltr'><strong>Mcrwani</strong></span> <span class='ocrx_word' id='word_1_99' title='bbox 577 763 732 796; x_wconf 80' lang='lat' dir='ltr'><strong>imperium.</strong></span> <span class='ocrx_word' id='word_1_100' title='bbox 749 763 890 790; x_wconf 63' lang='lat' dir='ltr'><strong>Prol&#39;cctm~</strong></span> <span class='ocrx_word' id='word_1_101' title='bbox 910 770 999 792; x_wconf 78' lang='lat' dir='ltr'><strong>autem</strong></span> 
     </span>
    </p>
   </div>
   <div class='ocr_carea' id='block_1_17' title="bbox 221 806 1000 844">
    <p class='ocr_par' dir='ltr' id='par_1_17' title="bbox 221 806 1000 844">
     <span class='ocr_line' id='line_1_17' title="bbox 221 806 1000 844; baseline 0.006 -12"><span class='ocrx_word' id='word_1_102' title='bbox 221 806 309 833; x_wconf 88' lang='lat' dir='ltr'><strong>Abdol</strong></span> <span class='ocrx_word' id='word_1_103' title='bbox 343 806 406 833; x_wconf 78' lang='lat' dir='ltr'><strong>Aziz</strong></span> <span class='ocrx_word' id='word_1_104' title='bbox 454 807 644 834; x_wconf 82' lang='lat' dir='ltr'><strong>A&#39;exandtiaut</strong></span> <span class='ocrx_word' id='word_1_105' title='bbox 692 816 764 835; x_wconf 89' lang='lat' dir='ltr'><strong>anno</strong></span> <span class='ocrx_word' id='word_1_106' title='bbox 802 811 1000 844; x_wconf 68' lang='lat' dir='ltr'><strong>septuagesimo</strong></span> 
     </span>
    </p>
   </div>
   <div class='ocr_carea' id='block_1_18' title="bbox 221 853 1001 890">
    <p class='ocr_par' dir='ltr' id='par_1_18' title="bbox 221 853 1001 890">
     <span class='ocr_line' id='line_1_18' title="bbox 221 853 1001 890; baseline 0.009 -14"><span class='ocrx_word' id='word_1_107' title='bbox 221 853 417 882; x_wconf 56' lang='lat' dir='ltr'><strong>«,uartoJiros</strong></span> <span class='ocrx_word' id='word_1_108' title='bbox 433 853 550 888; x_wconf 80' lang='lat' dir='ltr'><strong>regionis</strong></span> <span class='ocrx_word' id='word_1_109' title='bbox 577 854 655 880; x_wconf 84' lang='lat' dir='ltr'><strong>istius</strong></span> <span class='ocrx_word' id='word_1_110' title='bbox 679 854 825 888; x_wconf 77' lang='lat' dir='ltr'><strong>primarius</strong></span> <span class='ocrx_word' id='word_1_111' title='bbox 851 856 1001 890; x_wconf 73' lang='lat' dir='ltr'><strong>prehensas</strong></span> 
     </span>
    </p>
   </div>
   <div class='ocr_carea' id='block_1_19' title="bbox 221 897 1001 935">
    <p class='ocr_par' dir='ltr' id='par_1_19' title="bbox 221 897 1001 935">
     <span class='ocr_line' id='line_1_19' title="bbox 221 897 1001 935; baseline 0.009 -13"><span class='ocrx_word' id='word_1_112' title='bbox 221 897 246 922; x_wconf 90' lang='lat' dir='ltr'><strong>in</strong></span> <span class='ocrx_word' id='word_1_113' title='bbox 263 897 336 924; x_wconf 84' lang='lat' dir='ltr'><strong>vicos</strong></span> <span class='ocrx_word' id='word_1_114' title='bbox 353 901 379 924; x_wconf 87' lang='lat' dir='ltr'><strong>et</strong></span> <span class='ocrx_word' id='word_1_115' title='bbox 399 899 475 925; x_wconf 85' lang='lat' dir='ltr'><strong>villas</strong></span> <span class='ocrx_word' id='word_1_116' title='bbox 502 899 657 931; x_wconf 87' lang='lat' dir='ltr'><strong>distribuit;</strong></span> <span class='ocrx_word' id='word_1_117' title='bbox 689 900 836 935; x_wconf 91' lang='lat' dir='ltr'><strong>unicuique</strong></span> <span class='ocrx_word' id='word_1_118' title='bbox 851 901 921 928; x_wconf 59' lang='lat' dir='ltr'><strong>villa!</strong></span> <span class='ocrx_word' id='word_1_119' title='bbox 935 922 941 932; x_wconf 84' lang='lat'><strong>.</strong></span> <span class='ocrx_word' id='word_1_120' title='bbox 959 910 1001 929; x_wconf 88' lang='lat' dir='ltr'><strong>se-</strong></span> 
     </span>
    </p>
   </div>
   <div class='ocr_carea' id='block_1_20' title="bbox 221 943 1000 980">
    <p class='ocr_par' dir='ltr' id='par_1_20' title="bbox 221 943 1000 980">
     <span class='ocr_line' id='line_1_20' title="bbox 221 943 1000 980; baseline 0.008 -12"><span class='ocrx_word' id='word_1_121' title='bbox 221 943 338 969; x_wconf 87' lang='lat' dir='ltr'><strong>cttnduttt</strong></span> <span class='ocrx_word' id='word_1_122' title='bbox 356 944 487 971; x_wconf 85' lang='lat' dir='ltr'><strong>rationem</strong></span> <span class='ocrx_word' id='word_1_123' title='bbox 501 945 599 971; x_wconf 80' lang='lat' dir='ltr'><strong>:cdium</strong></span> <span class='ocrx_word' id='word_1_124' title='bbox 617 952 647 972; x_wconf 88' lang='lat' dir='ltr'><strong>ac</strong></span> <span class='ocrx_word' id='word_1_125' title='bbox 660 945 809 978; x_wconf 79' lang='lat' dir='ltr'><strong>vinearum,</strong></span> <span class='ocrx_word' id='word_1_126' title='bbox 827 953 858 974; x_wconf 84' lang='lat' dir='ltr'><strong>ac</strong></span> <span class='ocrx_word' id='word_1_127' title='bbox 873 955 1000 980; x_wconf 74' lang='lat' dir='ltr'><strong>generum</strong></span> 
     </span>
    </p>
   </div>
   <div class='ocr_carea' id='block_1_21' title="bbox 220 987 1003 1026">
    <p class='ocr_par' dir='ltr' id='par_1_21' title="bbox 220 987 1003 1026">
     <span class='ocr_line' id='line_1_21' title="bbox 220 987 1003 1026; baseline 0.01 -13"><span class='ocrx_word' id='word_1_128' title='bbox 220 987 337 1022; x_wconf 76' lang='lat' dir='ltr'><strong>frugum.</strong></span> <span class='ocrx_word' id='word_1_129' title='bbox 360 993 461 1015; x_wconf 72' lang='lat' dir='ltr'><strong>certam</strong></span> <span class='ocrx_word' id='word_1_130' title='bbox 484 991 604 1024; x_wconf 58' lang='lat' dir='ltr'><strong>pecunias</strong></span> <span class='ocrx_word' id='word_1_131' title='bbox 617 998 749 1018; x_wconf 83' lang='lat' dir='ltr'><strong>summam</strong></span> <span class='ocrx_word' id='word_1_132' title='bbox 764 995 916 1026; x_wconf 82' lang='lat' dir='ltr'><strong>imponens.</strong></span> <span class='ocrx_word' id='word_1_133' title='bbox 930 993 1003 1020; x_wconf 81' lang='lat' dir='ltr'><strong>Pon-</strong></span> 
     </span>
    </p>
   </div>
   <div class='ocr_carea' id='block_1_22' title="bbox 220 1034 1002 1071">
    <p class='ocr_par' dir='ltr' id='par_1_22' title="bbox 220 1034 1002 1071">
     <span class='ocr_line' id='line_1_22' title="bbox 220 1034 1002 1071; baseline 0.005 -11"><span class='ocrx_word' id='word_1_134' title='bbox 220 1038 273 1061; x_wconf 88' lang='lat' dir='ltr'><strong>tcttt</strong></span> <span class='ocrx_word' id='word_1_135' title='bbox 291 1034 372 1061; x_wconf 83' lang='lat' dir='ltr'><strong>etiam</strong></span> <span class='ocrx_word' id='word_1_136' title='bbox 387 1037 520 1062; x_wconf 82' lang='lat' dir='ltr'><strong>exstruxit</strong></span> <span class='ocrx_word' id='word_1_137' title='bbox 534 1036 579 1070; x_wconf 86' lang='lat' dir='ltr'><strong>qui</strong></span> <span class='ocrx_word' id='word_1_138' title='bbox 605 1044 686 1071; x_wconf 81' lang='lat' dir='ltr'><strong>supra</strong></span> <span class='ocrx_word' id='word_1_139' title='bbox 708 1037 795 1064; x_wconf 67' lang='lat' dir='ltr'><strong>rivum</strong></span> <span class='ocrx_word' id='word_1_140' title='bbox 822 1038 917 1064; x_wconf 82' lang='lat' dir='ltr'><strong>Atniril</strong></span> <span class='ocrx_word' id='word_1_141' title='bbox 942 1038 1002 1065; x_wconf 84' lang='lat' dir='ltr'><strong>Mu-</strong></span> 
     </span>
    </p>
   </div>
   <div class='ocr_carea' id='block_1_23' title="bbox 221 1080 1002 1118">
    <p class='ocr_par' dir='ltr' id='par_1_23' title="bbox 221 1080 1002 1118">
     <span class='ocr_line' id='line_1_23' title="bbox 221 1080 1002 1118; baseline 0.005 -12"><span class='ocrx_word' id='word_1_142' title='bbox 221 1080 312 1107; x_wconf 84' lang='lat' dir='ltr'><strong>tnenin</strong></span> <span class='ocrx_word' id='word_1_143' title='bbox 339 1081 523 1115; x_wconf 78' lang='lat' dir='ltr'><strong>[imperatoris</strong></span> <span class='ocrx_word' id='word_1_144' title='bbox 541 1082 672 1118; x_wconf 71' lang='lat' dir='ltr'><strong>ﬁdelium}</strong></span> <span class='ocrx_word' id='word_1_145' title='bbox 702 1084 866 1110; x_wconf 74' lang='lat' dir='ltr'><strong>extenditur.</strong></span> <span class='ocrx_word' id='word_1_146' title='bbox 889 1084 1002 1118; x_wconf 84' lang='lat' dir='ltr'><strong>Fuitquc</strong></span> 
     </span>
    </p>
   </div>
   <div class='ocr_carea' id='block_1_24' title="bbox 219 1125 1000 1162">
    <p class='ocr_par' dir='ltr' id='par_1_24' title="bbox 219 1125 1000 1162">
     <span class='ocr_line' id='line_1_24' title="bbox 219 1125 1000 1162; baseline 0.005 -12"><span class='ocrx_word' id='word_1_147' title='bbox 219 1125 258 1151; x_wconf 90' lang='lat' dir='ltr'><strong>illi</strong></span> <span class='ocrx_word' id='word_1_148' title='bbox 278 1125 305 1151; x_wconf 92' lang='lat' dir='ltr'><strong>in</strong></span> <span class='ocrx_word' id='word_1_149' title='bbox 321 1127 411 1153; x_wconf 89' lang='lat' dir='ltr'><strong>animo</strong></span> <span class='ocrx_word' id='word_1_150' title='bbox 429 1132 508 1158; x_wconf 86' lang='lat' dir='ltr'><strong>ponte</strong></span> <span class='ocrx_word' id='word_1_151' title='bbox 527 1128 572 1162; x_wconf 88' lang='lat' dir='ltr'><strong>qtti</strong></span> <span class='ocrx_word' id='word_1_152' title='bbox 591 1127 714 1155; x_wconf 79' lang='lat' dir='ltr'><strong>Phustati</strong></span> <span class='ocrx_word' id='word_1_153' title='bbox 730 1132 772 1154; x_wconf 81' lang='lat' dir='ltr'><strong>est</strong></span> <span class='ocrx_word' id='word_1_154' title='bbox 795 1128 883 1155; x_wconf 87' lang='lat' dir='ltr'><strong>inutili</strong></span> <span class='ocrx_word' id='word_1_155' title='bbox 896 1129 1000 1156; x_wconf 66' lang='lat' dir='ltr'><strong>rcdzlito</strong></span> 
     </span>
    </p>
   </div>
   <div class='ocr_carea' id='block_1_25' title="bbox 219 1170 1000 1207">
    <p class='ocr_par' dir='ltr' id='par_1_25' title="bbox 219 1170 1000 1207">
     <span class='ocr_line' id='line_1_25' title="bbox 219 1170 1000 1207; baseline 0.004 -10"><span class='ocrx_word' id='word_1_156' title='bbox 219 1170 310 1197; x_wconf 61' lang='lat' dir='ltr'><strong>illnnt&#39;</strong></span> <span class='ocrx_word' id='word_1_157' title='bbox 330 1171 452 1198; x_wconf 83' lang='lat' dir='ltr'><strong>llulwani</strong></span> <span class='ocrx_word' id='word_1_158' title='bbox 476 1173 566 1207; x_wconf 71' lang='lat' dir='ltr'><strong>ﬁgere.</strong></span> <span class='ocrx_word' id='word_1_159' title='bbox 593 1172 690 1200; x_wconf 82' lang='lat' dir='ltr'><strong>Portus</strong></span> <span class='ocrx_word' id='word_1_160' title='bbox 716 1174 798 1200; x_wconf 89' lang='lat' dir='ltr'><strong>ctiam</strong></span> <span class='ocrx_word' id='word_1_161' title='bbox 821 1174 936 1201; x_wconf 85' lang='lat' dir='ltr'><strong>abolitos</strong></span> <span class='ocrx_word' id='word_1_162' title='bbox 968 1183 1000 1200; x_wconf 84' lang='lat' dir='ltr'><strong>co</strong></span> 
     </span>
    </p>
   </div>
   <div class='ocr_carea' id='block_1_26' title="bbox 219 1217 1002 1253">
    <p class='ocr_par' dir='ltr' id='par_1_26' title="bbox 219 1217 1002 1253">
     <span class='ocr_line' id='line_1_26' title="bbox 219 1217 1002 1253; baseline 0.003 -11"><span class='ocrx_word' id='word_1_163' title='bbox 219 1217 376 1247; x_wconf 76' lang='lat' dir='ltr'><strong>transferre,</strong></span> <span class='ocrx_word' id='word_1_164' title='bbox 396 1226 445 1244; x_wconf 88' lang='lat' dir='ltr'><strong>nec</strong></span> <span class='ocrx_word' id='word_1_165' title='bbox 457 1226 508 1245; x_wconf 87' lang='lat' dir='ltr'><strong>non</strong></span> <span class='ocrx_word' id='word_1_166' title='bbox 519 1219 576 1245; x_wconf 90' lang='lat' dir='ltr'><strong>l&#39;ora</strong></span> <span class='ocrx_word' id='word_1_167' title='bbox 589 1223 615 1245; x_wconf 90' lang='lat' dir='ltr'><strong>et</strong></span> <span class='ocrx_word' id='word_1_168' title='bbox 629 1223 802 1250; x_wconf 80' lang='lat' dir='ltr'><strong>mercatores,</strong></span> <span class='ocrx_word' id='word_1_169' title='bbox 815 1227 869 1253; x_wconf 90' lang='lat' dir='ltr'><strong>quo</strong></span> <span class='ocrx_word' id='word_1_170' title='bbox 887 1218 1002 1245; x_wconf 82' lang='lat' dir='ltr'><strong>Phusta-</strong></span> 
     </span>
    </p>
   </div>
   <div class='ocr_carea' id='block_1_27' title="bbox 219 1261 999 1296">
    <p class='ocr_par' dir='ltr' id='par_1_27' title="bbox 219 1261 999 1296">
     <span class='ocr_line' id='line_1_27' title="bbox 219 1261 999 1296; baseline 0.004 -10"><span class='ocrx_word' id='word_1_171' title='bbox 219 1261 374 1287; x_wconf 38' lang='lat' dir='ltr'><strong>Iumrnihili</strong></span> <span class='ocrx_word' id='word_1_172' title='bbox 396 1262 540 1293; x_wconf 75' lang='lat' dir='ltr'><strong>redderet;</strong></span> <span class='ocrx_word' id='word_1_173' title='bbox 568 1263 640 1296; x_wconf 89' lang='lat' dir='ltr'><strong>quod</strong></span> <span class='ocrx_word' id='word_1_174' title='bbox 669 1267 757 1289; x_wconf 85' lang='lat' dir='ltr'><strong>tamen</strong></span> <span class='ocrx_word' id='word_1_175' title='bbox 788 1263 916 1296; x_wconf 84' lang='lat' dir='ltr'><strong>perlicere</strong></span> <span class='ocrx_word' id='word_1_176' title='bbox 946 1271 999 1290; x_wconf 94' lang='lat' dir='ltr'><strong>non</strong></span> 
     </span>
    </p>
   </div>
   <div class='ocr_carea' id='block_1_28' title="bbox 219 1305 1001 1340">
    <p class='ocr_par' dir='ltr' id='par_1_28' title="bbox 219 1305 1001 1340">
     <span class='ocr_line' id='line_1_28' title="bbox 219 1305 1001 1340; baseline 0.009 -11"><span class='ocrx_word' id='word_1_177' title='bbox 219 1306 317 1338; x_wconf 77' lang='lat' dir='ltr'><strong>pottrt.</strong></span> <span class='ocrx_word' id='word_1_178' title='bbox 336 1305 431 1332; x_wconf 77' lang='lat' dir='ltr'><strong>Scriba</strong></span> <span class='ocrx_word' id='word_1_179' title='bbox 452 1307 502 1340; x_wconf 75' lang='lat' dir='ltr'><strong>ipsi</strong></span> <span class='ocrx_word' id='word_1_180' title='bbox 531 1306 582 1332; x_wconf 81' lang='lat' dir='ltr'><strong>fuit</strong></span> <span class='ocrx_word' id='word_1_181' title='bbox 606 1306 729 1333; x_wconf 81' lang='lat' dir='ltr'><strong>Jacobila</strong></span> <span class='ocrx_word' id='word_1_182' title='bbox 755 1307 865 1340; x_wconf 85' lang='lat' dir='ltr'><strong>quidam</strong></span> <span class='ocrx_word' id='word_1_183' title='bbox 892 1309 1001 1336; x_wconf 86' lang='lat' dir='ltr'><strong>nomine</strong></span> 
     </span>
    </p>
   </div>
   <div class='ocr_carea' id='block_1_29' title="bbox 218 1350 1001 1386">
    <p class='ocr_par' dir='ltr' id='par_1_29' title="bbox 218 1350 1001 1386">
     <span class='ocr_line' id='line_1_29' title="bbox 218 1350 1001 1386; baseline 0.005 -10"><span class='ocrx_word' id='word_1_184' title='bbox 218 1350 394 1383; x_wconf 74' lang='lat' dir='ltr'><strong>Athanasius,</strong></span> <span class='ocrx_word' id='word_1_185' title='bbox 418 1352 462 1378; x_wconf 92' lang='lat' dir='ltr'><strong>eui</strong></span> <span class='ocrx_word' id='word_1_186' title='bbox 488 1352 592 1386; x_wconf 75' lang='lat' dir='ltr'><strong>roganti</strong></span> <span class='ocrx_word' id='word_1_187' title='bbox 618 1356 647 1378; x_wconf 93' lang='lat' dir='ltr'><strong>ut</strong></span> <span class='ocrx_word' id='word_1_188' title='bbox 671 1352 758 1385; x_wconf 72' lang='lat' dir='ltr'><strong>ipsum</strong></span> <span class='ocrx_word' id='word_1_189' title='bbox 783 1353 926 1380; x_wconf 80' lang='lat' dir='ltr'><strong>ecclesiam</strong></span> <span class='ocrx_word' id='word_1_190' title='bbox 955 1362 1001 1380; x_wconf 88' lang='lat' dir='ltr'><strong>ex-</strong></span> 
     </span>
    </p>
   </div>
   <div class='ocr_carea' id='block_1_30' title="bbox 219 1396 997 1433">
    <p class='ocr_par' dir='ltr' id='par_1_30' title="bbox 219 1396 997 1433">
     <span class='ocr_line' id='line_1_30' title="bbox 219 1396 997 1433; baseline 0.004 -10"><span class='ocrx_word' id='word_1_191' title='bbox 219 1400 324 1423; x_wconf 77' lang='lat' dir='ltr'><strong>struere</strong></span> <span class='ocrx_word' id='word_1_192' title='bbox 340 1396 366 1422; x_wconf 89' lang='lat' dir='ltr'><strong>itt</strong></span> <span class='ocrx_word' id='word_1_193' title='bbox 381 1397 467 1423; x_wconf 82' lang='lat' dir='ltr'><strong>Kasril</strong></span> <span class='ocrx_word' id='word_1_194' title='bbox 487 1397 603 1424; x_wconf 85' lang='lat' dir='ltr'><strong>Shamaa</strong></span> <span class='ocrx_word' id='word_1_195' title='bbox 618 1397 693 1433; x_wconf 89' lang='lat' dir='ltr'><strong>[arce</strong></span> <span class='ocrx_word' id='word_1_196' title='bbox 707 1398 836 1433; x_wconf 69' lang='lat' dir='ltr'><strong>candelae]</strong></span> <span class='ocrx_word' id='word_1_197' title='bbox 858 1400 997 1432; x_wconf 86' lang='lat' dir='ltr'><strong>permitte-</strong></span> 
     </span>
    </p>
   </div>
   <div class='ocr_carea' id='block_1_31' title="bbox 218 1443 1000 1480">
    <p class='ocr_par' dir='ltr' id='par_1_31' title="bbox 218 1443 1000 1480">
     <span class='ocr_line' id='line_1_31' title="bbox 218 1443 1000 1480; baseline 0.005 -12"><span class='ocrx_word' id='word_1_198' title='bbox 218 1446 269 1472; x_wconf 76' lang='grc' dir='ltr'><strong>ποι.</strong></span> <span class='ocrx_word' id='word_1_199' title='bbox 282 1443 385 1469; x_wconf 81' lang='lat' dir='ltr'><strong>annuit.</strong></span> <span class='ocrx_word' id='word_1_200' title='bbox 409 1443 547 1470; x_wconf 84' lang='lat' dir='ltr'><strong>Exstruxit</strong></span> <span class='ocrx_word' id='word_1_201' title='bbox 557 1451 620 1476; x_wconf 71' lang='lat' dir='ltr'><strong>ergo</strong></span> <span class='ocrx_word' id='word_1_202' title='bbox 628 1443 767 1470; x_wconf 84' lang='lat' dir='ltr'><strong>ecclesiam</strong></span> <span class='ocrx_word' id='word_1_203' title='bbox 779 1443 872 1471; x_wconf 78' lang='lat' dir='ltr'><strong>Sancti</strong></span> <span class='ocrx_word' id='word_1_204' title='bbox 881 1444 1000 1480; x_wconf 61' lang='lat' dir='ltr'><strong>Georgii.</strong></span> 
     </span>
    </p>
   </div>
   <div class='ocr_carea' id='block_1_32' title="bbox 218 1487 999 1521">
    <p class='ocr_par' dir='ltr' id='par_1_32' title="bbox 218 1487 999 1521">
     <span class='ocr_line' id='line_1_32' title="bbox 218 1487 999 1521; baseline 0.005 -9"><span class='ocrx_word' id='word_1_205' title='bbox 218 1495 267 1512; x_wconf 80' lang='lat' dir='ltr'><strong>tce</strong></span> <span class='ocrx_word' id='word_1_206' title='bbox 283 1495 335 1512; x_wconf 89' lang='lat' dir='ltr'><strong>nott</strong></span> <span class='ocrx_word' id='word_1_207' title='bbox 353 1488 494 1514; x_wconf 71' lang='lat' dir='ltr'><strong>ecclesiam</strong></span> <span class='ocrx_word' id='word_1_208' title='bbox 512 1487 623 1514; x_wconf 79' lang='lat' dir='ltr'><strong>Abukiri</strong></span> <span class='ocrx_word' id='word_1_209' title='bbox 652 1495 712 1521; x_wconf 61' lang='lat' dir='ltr'><strong>quae</strong></span> <span class='ocrx_word' id='word_1_210' title='bbox 737 1488 805 1514; x_wconf 88' lang='lat' dir='ltr'><strong>itttra</strong></span> <span class='ocrx_word' id='word_1_211' title='bbox 832 1496 921 1515; x_wconf 77' lang='lat' dir='ltr'><strong>arcent</strong></span> <span class='ocrx_word' id='word_1_212' title='bbox 947 1495 999 1520; x_wconf 82' lang='lat' dir='ltr'><strong>est.</strong></span> 
     </span>
    </p>
   </div>
   <div class='ocr_carea' id='block_1_33' title="bbox 1050 261 1834 297">
    <p class='ocr_par' dir='ltr' id='par_1_33' title="bbox 1050 261 1834 297">
     <span class='ocr_line' id='line_1_33' title="bbox 1050 261 1834 297; baseline -0.004 -7"><span class='ocrx_word' id='word_1_213' title='bbox 1050 264 1106 297; x_wconf 85' lang='lat' dir='ltr'><strong>jatn</strong></span> <span class='ocrx_word' id='word_1_214' title='bbox 1124 264 1159 290; x_wconf 89' lang='lat' dir='ltr'><strong>ibi</strong></span> <span class='ocrx_word' id='word_1_215' title='bbox 1177 267 1215 290; x_wconf 88' lang='lat' dir='ltr'><strong>est</strong></span> <span class='ocrx_word' id='word_1_216' title='bbox 1231 263 1368 290; x_wconf 71' lang='lat' dir='ltr'><strong>exstruxit</strong></span> <span class='ocrx_word' id='word_1_217' title='bbox 1384 266 1432 288; x_wconf 90' lang='lat' dir='ltr'><strong>attt</strong></span> <span class='ocrx_word' id='word_1_218' title='bbox 1446 262 1572 293; x_wconf 81' lang='lat' dir='ltr'><strong>ornavit;</strong></span> <span class='ocrx_word' id='word_1_219' title='bbox 1590 261 1834 293; x_wconf 76' lang='lat' dir='ltr'><strong>columnarumque</strong></span> 
     </span>
    </p>
   </div>
   <div class='ocr_carea' id='block_1_34' title="bbox 1051 306 1834 341">
    <p class='ocr_par' dir='ltr' id='par_1_34' title="bbox 1051 306 1834 341">
     <span class='ocr_line' id='line_1_34' title="bbox 1051 306 1834 341; baseline -0.004 -8"><span class='ocrx_word' id='word_1_220' title='bbox 1051 316 1112 341; x_wconf 80' lang='lat' dir='ltr'><strong>qtne</strong></span> <span class='ocrx_word' id='word_1_221' title='bbox 1125 309 1151 334; x_wconf 92' lang='lat' dir='ltr'><strong>in</strong></span> <span class='ocrx_word' id='word_1_222' title='bbox 1166 315 1296 335; x_wconf 69' lang='lat' dir='ltr'><strong>consessu</strong></span> <span class='ocrx_word' id='word_1_223' title='bbox 1311 307 1384 334; x_wconf 77' lang='lat' dir='ltr'><strong>liaisi</strong></span> <span class='ocrx_word' id='word_1_224' title='bbox 1399 311 1462 334; x_wconf 85' lang='lat' dir='ltr'><strong>sunt</strong></span> <span class='ocrx_word' id='word_1_225' title='bbox 1478 307 1564 341; x_wconf 84' lang='lat' dir='ltr'><strong>capita</strong></span> <span class='ocrx_word' id='word_1_226' title='bbox 1579 306 1729 333; x_wconf 85' lang='lat' dir='ltr'><strong>deauravit:</strong></span> <span class='ocrx_word' id='word_1_227' title='bbox 1746 312 1834 339; x_wconf 83' lang='lat' dir='ltr'><strong>neque</strong></span> 
     </span>
    </p>
   </div>
   <div class='ocr_carea' id='block_1_35' title="bbox 1051 350 1831 387">
    <p class='ocr_par' dir='ltr' id='par_1_35' title="bbox 1051 350 1831 387">
     <span class='ocr_line' id='line_1_35' title="bbox 1051 350 1831 387; baseline -0.006 -6"><span class='ocrx_word' id='word_1_228' title='bbox 1051 355 1135 381; x_wconf 77' lang='lat' dir='ltr'><strong>estin</strong></span> <span class='ocrx_word' id='word_1_229' title='bbox 1155 355 1256 387; x_wconf 80' lang='lat' dir='ltr'><strong>templo</strong></span> <span class='ocrx_word' id='word_1_230' title='bbox 1272 354 1397 380; x_wconf 85' lang='lat' dir='ltr'><strong>columna</strong></span> <span class='ocrx_word' id='word_1_231' title='bbox 1416 353 1505 386; x_wconf 84' lang='lat' dir='ltr'><strong>aliqua</strong></span> <span class='ocrx_word' id='word_1_232' title='bbox 1525 352 1613 386; x_wconf 85' lang='lat' dir='ltr'><strong>capite</strong></span> <span class='ocrx_word' id='word_1_233' title='bbox 1629 351 1760 378; x_wconf 84' lang='lat' dir='ltr'><strong>deaurato</strong></span> <span class='ocrx_word' id='word_1_234' title='bbox 1779 350 1831 377; x_wconf 85' lang='lat' dir='ltr'><strong>nisi</strong></span> 
     </span>
    </p>
   </div>
   <div class='ocr_carea' id='block_1_36' title="bbox 1052 396 1833 430">
    <p class='ocr_par' dir='ltr' id='par_1_36' title="bbox 1052 396 1833 430">
     <span class='ocr_line' id='line_1_36' title="bbox 1052 396 1833 430; baseline -0.005 -4"><span class='ocrx_word' id='word_1_235' title='bbox 1052 401 1078 427; x_wconf 89' lang='lat' dir='ltr'><strong>in</strong></span> <span class='ocrx_word' id='word_1_236' title='bbox 1096 400 1156 426; x_wconf 72' lang='lat' dir='ltr'><strong>loco</strong></span> <span class='ocrx_word' id='word_1_237' title='bbox 1172 401 1234 426; x_wconf 85' lang='lat' dir='ltr'><strong>isto.</strong></span> <span class='ocrx_word' id='word_1_238' title='bbox 1250 399 1399 426; x_wconf 81' lang='lat' dir='ltr'><strong>Transtulit</strong></span> <span class='ocrx_word' id='word_1_239' title='bbox 1417 399 1495 425; x_wconf 76' lang='lat' dir='ltr'><strong>ctiam</strong></span> <span class='ocrx_word' id='word_1_240' title='bbox 1514 401 1671 430; x_wconf 70' lang='lat' dir='ltr'><strong>suggestum</strong></span> <span class='ocrx_word' id='word_1_241' title='bbox 1687 396 1749 422; x_wconf 89' lang='lat' dir='ltr'><strong>dum</strong></span> <span class='ocrx_word' id='word_1_242' title='bbox 1766 400 1833 422; x_wconf 68' lang='lat' dir='ltr'><strong>tctn&lt;</strong></span> 
     </span>
    </p>
   </div>
   <div class='ocr_carea' id='block_1_37' title="bbox 1052 442 1833 480">
    <p class='ocr_par' dir='ltr' id='par_1_37' title="bbox 1052 442 1833 480">
     <span class='ocr_line' id='line_1_37' title="bbox 1052 442 1833 480; baseline -0.005 -9"><span class='ocrx_word' id='word_1_243' title='bbox 1052 445 1124 479; x_wconf 88' lang='lat' dir='ltr'><strong>plum</strong></span> <span class='ocrx_word' id='word_1_244' title='bbox 1141 445 1271 477; x_wconf 81' lang='lat' dir='ltr'><strong>dirucrct,</strong></span> <span class='ocrx_word' id='word_1_245' title='bbox 1287 445 1313 471; x_wconf 95' lang='lat' dir='ltr'><strong>in</strong></span> <span class='ocrx_word' id='word_1_246' title='bbox 1329 445 1428 480; x_wconf 86' lang='lat' dir='ltr'><strong>[locum</strong></span> <span class='ocrx_word' id='word_1_247' title='bbox 1442 443 1555 478; x_wconf 87' lang='lat' dir='ltr'><strong>dictum]</strong></span> <span class='ocrx_word' id='word_1_248' title='bbox 1573 442 1732 469; x_wconf 79' lang='lat' dir='ltr'><strong>Kaisariatol</strong></span> <span class='ocrx_word' id='word_1_249' title='bbox 1749 442 1833 470; x_wconf 70' lang='lat' dir='ltr'><strong>‘Asal.</strong></span> 
     </span>
    </p>
   </div>
   <div class='ocr_carea' id='block_1_38' title="bbox 1053 487 1836 524">
    <p class='ocr_par' dir='ltr' id='par_1_38' title="bbox 1053 487 1836 524">
     <span class='ocr_line' id='line_1_38' title="bbox 1053 487 1836 524; baseline -0.005 -8"><span class='ocrx_word' id='word_1_250' title='bbox 1053 490 1142 524; x_wconf 83' lang='lat' dir='ltr'><strong>ibique</strong></span> <span class='ocrx_word' id='word_1_251' title='bbox 1152 491 1268 517; x_wconf 84' lang='lat' dir='ltr'><strong>orabant</strong></span> <span class='ocrx_word' id='word_1_252' title='bbox 1283 490 1417 521; x_wconf 79' lang='lat' dir='ltr'><strong>homines.</strong></span> <span class='ocrx_word' id='word_1_253' title='bbox 1430 489 1520 523; x_wconf 85' lang='lat' dir='ltr'><strong>ibique</strong></span> <span class='ocrx_word' id='word_1_254' title='bbox 1535 488 1630 515; x_wconf 79' lang='lat' dir='ltr'><strong>diclml</strong></span> <span class='ocrx_word' id='word_1_255' title='bbox 1643 487 1755 514; x_wconf 74' lang='lat' dir='ltr'><strong>Veneris</strong></span> <span class='ocrx_word' id='word_1_256' title='bbox 1768 495 1836 513; x_wconf 78' lang='lat' dir='ltr'><strong>cou-</strong></span> 
     </span>
    </p>
   </div>
   <div class='ocr_carea' id='block_1_39' title="bbox 1052 533 1834 566">
    <p class='ocr_par' dir='ltr' id='par_1_39' title="bbox 1052 533 1834 566">
     <span class='ocr_line' id='line_1_39' title="bbox 1052 533 1834 566; baseline -0.004 -4"><span class='ocrx_word' id='word_1_257' title='bbox 1052 537 1212 566; x_wconf 78' lang='lat' dir='ltr'><strong>vcniehant.</strong></span> <span class='ocrx_word' id='word_1_258' title='bbox 1230 535 1318 561; x_wconf 86' lang='lat' dir='ltr'><strong>donec</strong></span> <span class='ocrx_word' id='word_1_259' title='bbox 1334 535 1463 562; x_wconf 81' lang='lat' dir='ltr'><strong>fabricam</strong></span> <span class='ocrx_word' id='word_1_260' title='bbox 1482 541 1558 561; x_wconf 88' lang='lat' dir='ltr'><strong>suam</strong></span> <span class='ocrx_word' id='word_1_261' title='bbox 1575 533 1734 566; x_wconf 65' lang='lat' dir='ltr'><strong>perfecisset</strong></span> <span class='ocrx_word' id='word_1_262' title='bbox 1750 541 1757 559; x_wconf 93' lang='lat'>:</span> <span class='ocrx_word' id='word_1_263' title='bbox 1774 541 1834 560; x_wconf 85' lang='lat' dir='ltr'><strong>ma-</strong></span> 
     </span>
    </p>
   </div>
   <div class='ocr_carea' id='block_1_40' title="bbox 1053 580 1834 613">
    <p class='ocr_par' dir='ltr' id='par_1_40' title="bbox 1053 580 1834 613">
     <span class='ocr_line' id='line_1_40' title="bbox 1053 580 1834 613; baseline 0 -6"><span class='ocrx_word' id='word_1_264' title='bbox 1053 587 1097 608; x_wconf 84' lang='lat' dir='ltr'><strong>nct</strong></span> <span class='ocrx_word' id='word_1_265' title='bbox 1117 586 1206 607; x_wconf 83' lang='lat' dir='ltr'><strong>autem</strong></span> <span class='ocrx_word' id='word_1_266' title='bbox 1225 581 1331 608; x_wconf 79' lang='lat' dir='ltr'><strong>testudo</strong></span> <span class='ocrx_word' id='word_1_267' title='bbox 1348 581 1373 607; x_wconf 93' lang='lat' dir='ltr'><strong>in</strong></span> <span class='ocrx_word' id='word_1_268' title='bbox 1389 580 1513 607; x_wconf 69' lang='lat' dir='ltr'><strong>Knisaria</strong></span> <span class='ocrx_word' id='word_1_269' title='bbox 1525 581 1551 607; x_wconf 88' lang='lat' dir='ltr'><strong>itt</strong></span> <span class='ocrx_word' id='word_1_270' title='bbox 1567 581 1639 607; x_wconf 78' lang='lat' dir='ltr'><strong>hunc</strong></span> <span class='ocrx_word' id='word_1_271' title='bbox 1650 587 1737 613; x_wconf 86' lang='lat' dir='ltr'><strong>usque</strong></span> <span class='ocrx_word' id='word_1_272' title='bbox 1749 580 1834 607; x_wconf 84' lang='lat' dir='ltr'><strong>diem.</strong></span> 
     </span>
    </p>
   </div>
   <div class='ocr_carea' id='block_1_41' title="bbox 1051 626 1835 661">
    <p class='ocr_par' dir='ltr' id='par_1_41' title="bbox 1051 626 1835 661">
     <span class='ocr_line' id='line_1_41' title="bbox 1051 626 1835 661; baseline -0.001 -8"><span class='ocrx_word' id='word_1_273' title='bbox 1051 627 1144 654; x_wconf 80' lang='lat' dir='ltr'><strong>Voluit</strong></span> <span class='ocrx_word' id='word_1_274' title='bbox 1160 629 1241 653; x_wconf 80' lang='lat' dir='ltr'><strong>etiam</strong></span> <span class='ocrx_word' id='word_1_275' title='bbox 1256 626 1345 653; x_wconf 85' lang='lat' dir='ltr'><strong>Walid</strong></span> <span class='ocrx_word' id='word_1_276' title='bbox 1359 631 1386 652; x_wconf 82' lang='lat' dir='ltr'><strong>te</strong></span> <span class='ocrx_word' id='word_1_277' title='bbox 1399 636 1402 649; x_wconf 67' lang='grc' dir='ltr'><em>ε</em></span> <span class='ocrx_word' id='word_1_278' title='bbox 1418 627 1489 661; x_wconf 89' lang='lat' dir='ltr'><strong>phtnt</strong></span> <span class='ocrx_word' id='word_1_279' title='bbox 1503 626 1575 659; x_wconf 86' lang='lat' dir='ltr'><strong>quod</strong></span> <span class='ocrx_word' id='word_1_280' title='bbox 1596 626 1717 654; x_wconf 80' lang='lat' dir='ltr'><strong>Damasci</strong></span> <span class='ocrx_word' id='word_1_281' title='bbox 1733 631 1774 653; x_wconf 87' lang='lat' dir='ltr'><strong>est</strong></span> <span class='ocrx_word' id='word_1_282' title='bbox 1788 634 1835 652; x_wconf 68' lang='lat' dir='ltr'><strong>ex.—</strong></span> 
     </span>
    </p>
   </div>
   <div class='ocr_carea' id='block_1_42' title="bbox 1052 672 1835 706">
    <p class='ocr_par' dir='ltr' id='par_1_42' title="bbox 1052 672 1835 706">
     <span class='ocr_line' id='line_1_42' title="bbox 1052 672 1835 706; baseline -0.004 -7"><span class='ocrx_word' id='word_1_283' title='bbox 1052 678 1176 704; x_wconf 82' lang='lat' dir='ltr'><strong>struere;</strong></span> <span class='ocrx_word' id='word_1_284' title='bbox 1195 672 1358 699; x_wconf 65' lang='lat' dir='ltr'><strong>Christianis</strong></span> <span class='ocrx_word' id='word_1_285' title='bbox 1369 679 1432 706; x_wconf 71' lang='grc' dir='ltr'><strong>ει·εο</strong></span> <span class='ocrx_word' id='word_1_286' title='bbox 1445 672 1585 699; x_wconf 77' lang='lat' dir='ltr'><strong>accersitis</strong></span> <span class='ocrx_word' id='word_1_287' title='bbox 1602 672 1670 698; x_wconf 89' lang='lat' dir='ltr'><strong>dixit</strong></span> <span class='ocrx_word' id='word_1_288' title='bbox 1684 681 1691 698; x_wconf 91' lang='lat'>:</span> <span class='ocrx_word' id='word_1_289' title='bbox 1703 672 1730 698; x_wconf 87' lang='lat' dir='ltr'><strong>lu</strong></span> <span class='ocrx_word' id='word_1_290' title='bbox 1743 672 1835 698; x_wconf 78' lang='lat' dir='ltr'><strong>animo</strong></span> 
     </span>
    </p>
   </div>
   <div class='ocr_carea' id='block_1_43' title="bbox 1053 716 1834 751">
    <p class='ocr_par' dir='ltr' id='par_1_43' title="bbox 1053 716 1834 751">
     <span class='ocr_line' id='line_1_43' title="bbox 1053 716 1834 751; baseline -0.001 -8"><span class='ocrx_word' id='word_1_291' title='bbox 1053 717 1132 744; x_wconf 86' lang='lat' dir='ltr'><strong>nnhis</strong></span> <span class='ocrx_word' id='word_1_292' title='bbox 1147 721 1190 744; x_wconf 85' lang='lat' dir='ltr'><strong>est</strong></span> <span class='ocrx_word' id='word_1_293' title='bbox 1207 717 1306 751; x_wconf 84' lang='lat' dir='ltr'><strong>templo</strong></span> <span class='ocrx_word' id='word_1_294' title='bbox 1333 721 1428 744; x_wconf 87' lang='lat' dir='ltr'><strong>nostro</strong></span> <span class='ocrx_word' id='word_1_295' title='bbox 1453 717 1552 743; x_wconf 80' lang='lat' dir='ltr'><strong>addere</strong></span> <span class='ocrx_word' id='word_1_296' title='bbox 1576 716 1720 743; x_wconf 79' lang='lat' dir='ltr'><strong>ecclesiam</strong></span> <span class='ocrx_word' id='word_1_297' title='bbox 1747 716 1834 746; x_wconf 86' lang='lat' dir='ltr'><strong>hanc.</strong></span> 
     </span>
    </p>
   </div>
   <div class='ocr_carea' id='block_1_44' title="bbox 1053 759 1833 795">
    <p class='ocr_par' dir='ltr' id='par_1_44' title="bbox 1053 759 1833 795">
     <span class='ocr_line' id='line_1_44' title="bbox 1053 759 1833 795; baseline -0.001 -8"><span class='ocrx_word' id='word_1_298' title='bbox 1053 760 1144 788; x_wconf 80' lang='lat' dir='ltr'><strong>Sancti</strong></span> <span class='ocrx_word' id='word_1_299' title='bbox 1162 760 1277 788; x_wconf 78' lang='lat' dir='ltr'><strong>Joannis</strong></span> <span class='ocrx_word' id='word_1_300' title='bbox 1301 762 1404 788; x_wconf 77' lang='lat' dir='ltr'><strong>scilicet</strong></span> <span class='ocrx_word' id='word_1_301' title='bbox 1422 761 1490 795; x_wconf 78' lang='lat' dir='ltr'><strong>(erat</strong></span> <span class='ocrx_word' id='word_1_302' title='bbox 1507 765 1595 787; x_wconf 90' lang='lat' dir='ltr'><strong>autem</strong></span> <span class='ocrx_word' id='word_1_303' title='bbox 1615 761 1729 787; x_wconf 83' lang='lat' dir='ltr'><strong>ecclesia</strong></span> <span class='ocrx_word' id='word_1_304' title='bbox 1754 759 1833 786; x_wconf 64' lang='lat' dir='ltr'><strong>Valde</strong></span> 
     </span>
    </p>
   </div>
   <div class='ocr_carea' id='block_1_45' title="bbox 1052 807 1836 841">
    <p class='ocr_par' dir='ltr' id='par_1_45' title="bbox 1052 807 1836 841">
     <span class='ocr_line' id='line_1_45' title="bbox 1052 807 1836 841; baseline -0.004 -6"><span class='ocrx_word' id='word_1_305' title='bbox 1052 808 1174 841; x_wconf 85' lang='lat' dir='ltr'><strong>pulchra.</strong></span> <span class='ocrx_word' id='word_1_306' title='bbox 1188 808 1230 835; x_wconf 92' lang='lat' dir='ltr'><strong>cui</strong></span> <span class='ocrx_word' id='word_1_307' title='bbox 1247 808 1273 835; x_wconf 92' lang='lat' dir='ltr'><strong>in</strong></span> <span class='ocrx_word' id='word_1_308' title='bbox 1290 812 1346 835; x_wconf 89' lang='lat' dir='ltr'><strong>tota</strong></span> <span class='ocrx_word' id='word_1_309' title='bbox 1359 808 1460 835; x_wconf 88' lang='lat' dir='ltr'><strong>ditioue</strong></span> <span class='ocrx_word' id='word_1_310' title='bbox 1474 807 1639 834; x_wconf 78' lang='lat' dir='ltr'><strong>Damascena</strong></span> <span class='ocrx_word' id='word_1_311' title='bbox 1653 814 1702 841; x_wconf 84' lang='lat' dir='ltr'><strong>par</strong></span> <span class='ocrx_word' id='word_1_312' title='bbox 1717 807 1768 833; x_wconf 88' lang='lat' dir='ltr'><strong>alia</strong></span> <span class='ocrx_word' id='word_1_313' title='bbox 1781 814 1836 832; x_wconf 84' lang='lat' dir='ltr'><strong>non</strong></span> 
     </span>
    </p>
   </div>
   <div class='ocr_carea' id='block_1_46' title="bbox 1053 851 1836 888">
    <p class='ocr_par' dir='ltr' id='par_1_46' title="bbox 1053 851 1836 888">
     <span class='ocr_line' id='line_1_46' title="bbox 1053 851 1836 888; baseline -0.005 -8"><span class='ocrx_word' id='word_1_314' title='bbox 1053 854 1126 885; x_wconf 68' lang='lat' dir='ltr'><strong>fuit).</strong></span> <span class='ocrx_word' id='word_1_315' title='bbox 1142 854 1220 881; x_wconf 84' lang='lat' dir='ltr'><strong>vobis</strong></span> <span class='ocrx_word' id='word_1_316' title='bbox 1246 857 1337 881; x_wconf 87' lang='lat' dir='ltr'><strong>autem</strong></span> <span class='ocrx_word' id='word_1_317' title='bbox 1362 854 1504 888; x_wconf 79' lang='lat' dir='ltr'><strong>pecuniam</strong></span> <span class='ocrx_word' id='word_1_318' title='bbox 1528 853 1655 880; x_wconf 83' lang='lat' dir='ltr'><strong>dabimus</strong></span> <span class='ocrx_word' id='word_1_319' title='bbox 1678 860 1732 886; x_wconf 88' lang='lat' dir='ltr'><strong>qtta</strong></span> <span class='ocrx_word' id='word_1_320' title='bbox 1753 851 1836 878; x_wconf 84' lang='lat' dir='ltr'><strong>etiam</strong></span> 
     </span>
    </p>
   </div>
   <div class='ocr_carea' id='block_1_47' title="bbox 1054 897 1836 933">
    <p class='ocr_par' dir='ltr' id='par_1_47' title="bbox 1054 897 1836 933">
     <span class='ocr_line' id='line_1_47' title="bbox 1054 897 1836 933; baseline -0.003 -8"><span class='ocrx_word' id='word_1_321' title='bbox 1054 899 1104 933; x_wconf 91' lang='lat' dir='ltr'><strong>ipsi</strong></span> <span class='ocrx_word' id='word_1_322' title='bbox 1122 898 1237 926; x_wconf 84' lang='lat' dir='ltr'><strong>similem</strong></span> <span class='ocrx_word' id='word_1_323' title='bbox 1254 899 1411 933; x_wconf 82' lang='lat' dir='ltr'><strong>ubicunque</strong></span> <span class='ocrx_word' id='word_1_324' title='bbox 1425 898 1515 925; x_wconf 82' lang='lat' dir='ltr'><strong>velitis</strong></span> <span class='ocrx_word' id='word_1_325' title='bbox 1529 898 1664 924; x_wconf 75' lang='lat' dir='ltr'><strong>aediﬁcare</strong></span> <span class='ocrx_word' id='word_1_326' title='bbox 1690 897 1802 930; x_wconf 72' lang='lat' dir='ltr'><strong>possitis</strong></span> <span class='ocrx_word' id='word_1_327' title='bbox 1827 904 1836 923; x_wconf 85' lang='lat'><strong>:</strong></span> 
     </span>
    </p>
   </div>
   <div class='ocr_carea' id='block_1_48' title="bbox 1053 941 1833 978">
    <p class='ocr_par' dir='ltr' id='par_1_48' title="bbox 1053 941 1833 978">
     <span class='ocr_line' id='line_1_48' title="bbox 1053 941 1833 978; baseline 0 -9"><span class='ocrx_word' id='word_1_328' title='bbox 1053 943 1106 973; x_wconf 88' lang='lat' dir='ltr'><strong>vel.</strong></span> <span class='ocrx_word' id='word_1_329' title='bbox 1124 943 1146 970; x_wconf 86' lang='lat' dir='ltr'><strong>si</strong></span> <span class='ocrx_word' id='word_1_330' title='bbox 1167 943 1268 975; x_wconf 80' lang='lat' dir='ltr'><strong>velitis,</strong></span> <span class='ocrx_word' id='word_1_331' title='bbox 1285 943 1400 978; x_wconf 85' lang='lat' dir='ltr'><strong>pretium</strong></span> <span class='ocrx_word' id='word_1_332' title='bbox 1429 943 1489 977; x_wconf 85' lang='lat' dir='ltr'><strong>ejus</strong></span> <span class='ocrx_word' id='word_1_333' title='bbox 1513 942 1590 969; x_wconf 83' lang='lat' dir='ltr'><strong>vobis</strong></span> <span class='ocrx_word' id='word_1_334' title='bbox 1607 941 1811 969; x_wconf 83' lang='lat' dir='ltr'><strong>numerabimus</strong></span> <span class='ocrx_word' id='word_1_335' title='bbox 1827 950 1833 969; x_wconf 70' lang='grc' dir='ltr'><em>τ</em></span> 
     </span>
    </p>
   </div>
   <div class='ocr_carea' id='block_1_49' title="bbox 1052 986 1846 1023">
    <p class='ocr_par' dir='ltr' id='par_1_49' title="bbox 1052 986 1846 1023">
     <span class='ocr_line' id='line_1_49' title="bbox 1052 986 1846 1023; baseline -0.001 -9"><span class='ocrx_word' id='word_1_336' title='bbox 1052 988 1203 1022; x_wconf 83' lang='lat' dir='ltr'><strong>obtulitque</strong></span> <span class='ocrx_word' id='word_1_337' title='bbox 1217 988 1283 1023; x_wconf 90' lang='lat' dir='ltr'><strong>ipsis</strong></span> <span class='ocrx_word' id='word_1_338' title='bbox 1297 987 1461 1022; x_wconf 79' lang='lat' dir='ltr'><strong>quadragies</strong></span> <span class='ocrx_word' id='word_1_339' title='bbox 1476 988 1548 1014; x_wconf 82' lang='lat' dir='ltr'><strong>mille</strong></span> <span class='ocrx_word' id='word_1_340' title='bbox 1562 995 1670 1014; x_wconf 84' lang='lat' dir='ltr'><strong>aureos.</strong></span> <span class='ocrx_word' id='word_1_341' title='bbox 1689 986 1729 1013; x_wconf 89' lang='lat' dir='ltr'><strong>Illi</strong></span> <span class='ocrx_word' id='word_1_342' title='bbox 1744 991 1846 1013; x_wconf 42' lang='lat' dir='ltr'><strong>autem.</strong></span> 
     </span>
    </p>
   </div>
   <div class='ocr_carea' id='block_1_50' title="bbox 1053 1032 1838 1068">
    <p class='ocr_par' dir='ltr' id='par_1_50' title="bbox 1053 1032 1838 1068">
     <span class='ocr_line' id='line_1_50' title="bbox 1053 1032 1838 1068; baseline -0.003 -8"><span class='ocrx_word' id='word_1_343' title='bbox 1053 1034 1204 1060; x_wconf 82' lang='lat' dir='ltr'><strong>abnuentes</strong></span> <span class='ocrx_word' id='word_1_344' title='bbox 1237 1033 1367 1061; x_wconf 89' lang='lat' dir='ltr'><strong>dixeruttt</strong></span> <span class='ocrx_word' id='word_1_345' title='bbox 1381 1043 1389 1061; x_wconf 88' lang='lat'><strong>:</strong></span> <span class='ocrx_word' id='word_1_346' title='bbox 1404 1033 1487 1061; x_wconf 88' lang='lat' dir='ltr'><strong>Nobis</strong></span> <span class='ocrx_word' id='word_1_347' title='bbox 1504 1037 1612 1068; x_wconf 85' lang='lat' dir='ltr'><strong>pactum</strong></span> <span class='ocrx_word' id='word_1_348' title='bbox 1635 1036 1695 1065; x_wconf 86' lang='lat' dir='ltr'><strong>est;</strong></span> <span class='ocrx_word' id='word_1_349' title='bbox 1717 1039 1749 1060; x_wconf 87' lang='lat' dir='ltr'><strong>ac</strong></span> <span class='ocrx_word' id='word_1_350' title='bbox 1764 1032 1838 1059; x_wconf 87' lang='lat' dir='ltr'><strong>Cha-</strong></span> 
     </span>
    </p>
   </div>
   <div class='ocr_carea' id='block_1_51' title="bbox 1053 1079 1835 1113">
    <p class='ocr_par' dir='ltr' id='par_1_51' title="bbox 1053 1079 1835 1113">
     <span class='ocr_line' id='line_1_51' title="bbox 1053 1079 1835 1113; baseline -0.001 -8"><span class='ocrx_word' id='word_1_351' title='bbox 1053 1079 1106 1106; x_wconf 86' lang='lat' dir='ltr'><strong>lcdi</strong></span> <span class='ocrx_word' id='word_1_352' title='bbox 1127 1079 1184 1106; x_wconf 86' lang='lat' dir='ltr'><strong>Ebn</strong></span> <span class='ocrx_word' id='word_1_353' title='bbox 1198 1079 1296 1106; x_wconf 88' lang='lat' dir='ltr'><strong>Walidi</strong></span> <span class='ocrx_word' id='word_1_354' title='bbox 1322 1079 1441 1106; x_wconf 76' lang='lat' dir='ltr'><strong>libellum</strong></span> <span class='ocrx_word' id='word_1_355' title='bbox 1466 1079 1493 1105; x_wconf 91' lang='lat' dir='ltr'><strong>in</strong></span> <span class='ocrx_word' id='word_1_356' title='bbox 1517 1079 1635 1106; x_wconf 87' lang='lat' dir='ltr'><strong>medium</strong></span> <span class='ocrx_word' id='word_1_357' title='bbox 1653 1079 1835 1113; x_wconf 88' lang='lat' dir='ltr'><strong>protulerunt.</strong></span> 
     </span>
    </p>
   </div>
   <div class='ocr_carea' id='block_1_52' title="bbox 1053 1124 1838 1159">
    <p class='ocr_par' dir='ltr' id='par_1_52' title="bbox 1053 1124 1838 1159">
     <span class='ocr_line' id='line_1_52' title="bbox 1053 1124 1838 1159; baseline -0.001 -9"><span class='ocrx_word' id='word_1_358' title='bbox 1053 1125 1233 1157; x_wconf 84' lang='lat' dir='ltr'><strong>Quamobrem</strong></span> <span class='ocrx_word' id='word_1_359' title='bbox 1244 1125 1329 1151; x_wconf 86' lang='lat' dir='ltr'><strong>iratus</strong></span> <span class='ocrx_word' id='word_1_360' title='bbox 1337 1125 1427 1152; x_wconf 87' lang='lat' dir='ltr'><strong>Walid</strong></span> <span class='ocrx_word' id='word_1_361' title='bbox 1439 1125 1496 1159; x_wconf 83' lang='lat' dir='ltr'><strong>ipse</strong></span> <span class='ocrx_word' id='word_1_362' title='bbox 1509 1131 1622 1158; x_wconf 78' lang='lat' dir='ltr'><strong>surgens</strong></span> <span class='ocrx_word' id='word_1_363' title='bbox 1634 1124 1735 1151; x_wconf 79' lang='lat' dir='ltr'><strong>trabctn</strong></span> <span class='ocrx_word' id='word_1_364' title='bbox 1755 1131 1838 1150; x_wconf 87' lang='lat' dir='ltr'><strong>manu</strong></span> 
     </span>
    </p>
   </div>
   <div class='ocr_carea' id='block_1_53' title="bbox 1054 1169 1838 1203">
    <p class='ocr_par' dir='ltr' id='par_1_53' title="bbox 1054 1169 1838 1203">
     <span class='ocr_line' id='line_1_53' title="bbox 1054 1169 1838 1203; baseline -0.005 -5"><span class='ocrx_word' id='word_1_365' title='bbox 1054 1178 1102 1198; x_wconf 80' lang='lat' dir='ltr'><strong>sua</strong></span> <span class='ocrx_word' id='word_1_366' title='bbox 1119 1171 1238 1202; x_wconf 86' lang='lat' dir='ltr'><strong>rescidit.</strong></span> <span class='ocrx_word' id='word_1_367' title='bbox 1266 1178 1315 1198; x_wconf 86' lang='lat' dir='ltr'><strong>nec</strong></span> <span class='ocrx_word' id='word_1_368' title='bbox 1338 1179 1392 1198; x_wconf 92' lang='lat' dir='ltr'><strong>non</strong></span> <span class='ocrx_word' id='word_1_369' title='bbox 1419 1171 1528 1197; x_wconf 82' lang='lat' dir='ltr'><strong>laterem</strong></span> <span class='ocrx_word' id='word_1_370' title='bbox 1545 1189 1553 1201; x_wconf 78' lang='lat'><em>,</em></span> <span class='ocrx_word' id='word_1_371' title='bbox 1570 1177 1680 1203; x_wconf 82' lang='lat' dir='ltr'><strong>unaque</strong></span> <span class='ocrx_word' id='word_1_372' title='bbox 1695 1177 1754 1195; x_wconf 82' lang='lat' dir='ltr'><strong>cum</strong></span> <span class='ocrx_word' id='word_1_373' title='bbox 1778 1169 1838 1202; x_wconf 86' lang='lat' dir='ltr'><strong>ipso</strong></span> 
     </span>
    </p>
   </div>
   <div class='ocr_carea' id='block_1_54' title="bbox 1053 1214 1837 1252">
    <p class='ocr_par' dir='ltr' id='par_1_54' title="bbox 1053 1214 1837 1252">
     <span class='ocr_line' id='line_1_54' title="bbox 1053 1214 1837 1252; baseline -0.005 -9"><span class='ocrx_word' id='word_1_374' title='bbox 1053 1215 1198 1252; x_wconf 70' lang='lat' dir='ltr'><strong>[ecclesiae]</strong></span> <span class='ocrx_word' id='word_1_375' title='bbox 1230 1216 1370 1244; x_wconf 72' lang='lat' dir='ltr'><strong>diruendze</strong></span> <span class='ocrx_word' id='word_1_376' title='bbox 1400 1223 1510 1250; x_wconf 85' lang='lat' dir='ltr'><strong>operam</strong></span> <span class='ocrx_word' id='word_1_377' title='bbox 1538 1215 1671 1242; x_wconf 85' lang='lat' dir='ltr'><strong>dederunt</strong></span> <span class='ocrx_word' id='word_1_378' title='bbox 1687 1222 1694 1240; x_wconf 74' lang='grc' dir='ltr'><strong>ι</strong></span> <span class='ocrx_word' id='word_1_379' title='bbox 1711 1214 1803 1248; x_wconf 81' lang='lat' dir='ltr'><strong>itaque</strong></span> <span class='ocrx_word' id='word_1_380' title='bbox 1823 1220 1837 1239; x_wconf 87' lang='lat' dir='ltr'><strong>a</strong></span> 
     </span>
    </p>
   </div>
   <div class='ocr_carea' id='block_1_55' title="bbox 1052 1261 1838 1297">
    <p class='ocr_par' dir='ltr' id='par_1_55' title="bbox 1052 1261 1838 1297">
     <span class='ocr_line' id='line_1_55' title="bbox 1052 1261 1838 1297; baseline -0.001 -10"><span class='ocrx_word' id='word_1_381' title='bbox 1052 1266 1129 1295; x_wconf 86' lang='lat' dir='ltr'><strong>parte</strong></span> <span class='ocrx_word' id='word_1_382' title='bbox 1145 1262 1272 1289; x_wconf 79' lang='lat' dir='ltr'><strong>orientali</strong></span> <span class='ocrx_word' id='word_1_383' title='bbox 1300 1262 1430 1296; x_wconf 88' lang='lat' dir='ltr'><strong>templum</strong></span> <span class='ocrx_word' id='word_1_384' title='bbox 1457 1266 1484 1289; x_wconf 82' lang='lat' dir='ltr'><strong>et</strong></span> <span class='ocrx_word' id='word_1_385' title='bbox 1511 1261 1621 1297; x_wconf 84' lang='lat' dir='ltr'><strong>adytum</strong></span> <span class='ocrx_word' id='word_1_386' title='bbox 1646 1264 1732 1288; x_wconf 87' lang='lat' dir='ltr'><strong>totum</strong></span> <span class='ocrx_word' id='word_1_387' title='bbox 1759 1262 1838 1287; x_wconf 80' lang='lat' dir='ltr'><strong>auxit</strong></span> 
     </span>
    </p>
   </div>
   <div class='ocr_carea' id='block_1_56' title="bbox 1053 1305 1838 1342">
    <p class='ocr_par' dir='ltr' id='par_1_56' title="bbox 1053 1305 1838 1342">
     <span class='ocr_line' id='line_1_56' title="bbox 1053 1305 1838 1342; baseline 0 -10"><span class='ocrx_word' id='word_1_388' title='bbox 1053 1305 1150 1342; x_wconf 77' lang='lat' dir='ltr'><strong>[parte]</strong></span> <span class='ocrx_word' id='word_1_389' title='bbox 1169 1307 1291 1335; x_wconf 60' lang='lat' dir='ltr'><strong>ecclesiae</strong></span> <span class='ocrx_word' id='word_1_390' title='bbox 1315 1308 1435 1342; x_wconf 90' lang='lat' dir='ltr'><strong>ipsorum</strong></span> <span class='ocrx_word' id='word_1_391' title='bbox 1452 1327 1459 1339; x_wconf 84' lang='grc'><em>,</em></span> <span class='ocrx_word' id='word_1_392' title='bbox 1477 1315 1509 1335; x_wconf 88' lang='lat' dir='ltr'><strong>eo</strong></span> <span class='ocrx_word' id='word_1_393' title='bbox 1526 1315 1580 1341; x_wconf 88' lang='lat' dir='ltr'><strong>quo</strong></span> <span class='ocrx_word' id='word_1_394' title='bbox 1598 1314 1627 1334; x_wconf 85' lang='lat' dir='ltr'><strong>se</strong></span> <span class='ocrx_word' id='word_1_395' title='bbox 1645 1307 1727 1333; x_wconf 83' lang='lat' dir='ltr'><strong>habet</strong></span> <span class='ocrx_word' id='word_1_396' title='bbox 1745 1306 1838 1332; x_wconf 82' lang='lat' dir='ltr'><strong>modo.</strong></span> 
     </span>
    </p>
   </div>
   <div class='ocr_carea' id='block_1_57' title="bbox 1052 1351 1838 1386">
    <p class='ocr_par' dir='ltr' id='par_1_57' title="bbox 1052 1351 1838 1386">
     <span class='ocr_line' id='line_1_57' title="bbox 1052 1351 1838 1386; baseline 0 -8"><span class='ocrx_word' id='word_1_397' title='bbox 1052 1353 1132 1379; x_wconf 78' lang='lat' dir='ltr'><strong>Anno</strong></span> <span class='ocrx_word' id='word_1_398' title='bbox 1149 1352 1296 1380; x_wconf 86' lang='lat' dir='ltr'><strong>chalil&#39;atus</strong></span> <span class='ocrx_word' id='word_1_399' title='bbox 1310 1353 1397 1386; x_wconf 83' lang='lat' dir='ltr'><strong>ipsius</strong></span> <span class='ocrx_word' id='word_1_400' title='bbox 1413 1354 1492 1379; x_wconf 88' lang='lat' dir='ltr'><strong>tertio</strong></span> <span class='ocrx_word' id='word_1_401' title='bbox 1506 1353 1675 1380; x_wconf 84' lang='lat' dir='ltr'><strong>constitutus</strong></span> <span class='ocrx_word' id='word_1_402' title='bbox 1689 1357 1731 1378; x_wconf 86' lang='lat' dir='ltr'><strong>est</strong></span> <span class='ocrx_word' id='word_1_403' title='bbox 1748 1351 1838 1378; x_wconf 76' lang='lat' dir='ltr'><strong>Theo-</strong></span> 
     </span>
    </p>
   </div>
   <div class='ocr_carea' id='block_1_58' title="bbox 1053 1396 1839 1432">
    <p class='ocr_par' dir='ltr' id='par_1_58' title="bbox 1053 1396 1839 1432">
     <span class='ocr_line' id='line_1_58' title="bbox 1053 1396 1839 1432; baseline 0 -9"><span class='ocrx_word' id='word_1_404' title='bbox 1053 1397 1137 1424; x_wconf 77' lang='lat' dir='ltr'><strong>dorus</strong></span> <span class='ocrx_word' id='word_1_405' title='bbox 1162 1397 1316 1432; x_wconf 78' lang='lat' dir='ltr'><strong>patriarcha</strong></span> <span class='ocrx_word' id='word_1_406' title='bbox 1338 1397 1623 1431; x_wconf 80' lang='lat' dir='ltr'><strong>Hierosolymitanus;</strong></span> <span class='ocrx_word' id='word_1_407' title='bbox 1649 1404 1736 1423; x_wconf 86' lang='lat' dir='ltr'><strong>annos</strong></span> <span class='ocrx_word' id='word_1_408' title='bbox 1757 1396 1839 1430; x_wconf 76' lang='lat'><strong>376</strong></span> 
     </span>
    </p>
   </div>
   <div class='ocr_carea' id='block_1_59' title="bbox 1054 1441 1839 1476">
    <p class='ocr_par' dir='ltr' id='par_1_59' title="bbox 1054 1441 1839 1476">
     <span class='ocr_line' id='line_1_59' title="bbox 1054 1441 1839 1476; baseline -0.003 -7"><span class='ocrx_word' id='word_1_409' title='bbox 1054 1443 1167 1476; x_wconf 79' lang='lat' dir='ltr'><strong>triginta</strong></span> <span class='ocrx_word' id='word_1_410' title='bbox 1184 1442 1303 1476; x_wconf 89' lang='lat' dir='ltr'><strong>qttiuque</strong></span> <span class='ocrx_word' id='word_1_411' title='bbox 1321 1442 1401 1474; x_wconf 83' lang='lat' dir='ltr'><strong>sedit,</strong></span> <span class='ocrx_word' id='word_1_412' title='bbox 1417 1442 1479 1470; x_wconf 83' lang='lat' dir='ltr'><strong>dein</strong></span> <span class='ocrx_word' id='word_1_413' title='bbox 1497 1449 1620 1469; x_wconf 88' lang='lat' dir='ltr'><strong>mortuus</strong></span> <span class='ocrx_word' id='word_1_414' title='bbox 1635 1445 1686 1468; x_wconf 85' lang='lat' dir='ltr'><strong>cst.</strong></span> <span class='ocrx_word' id='word_1_415' title='bbox 1711 1441 1751 1468; x_wconf 86' lang='lat' dir='ltr'><strong>Eo</strong></span> <span class='ocrx_word' id='word_1_416' title='bbox 1769 1446 1839 1467; x_wconf 82' lang='lat' dir='ltr'><strong>lem-</strong></span> 
     </span>
    </p>
   </div>
   <div class='ocr_carea' id='block_1_60' title="bbox 1054 1486 1839 1522">
    <p class='ocr_par' dir='ltr' id='par_1_60' title="bbox 1054 1486 1839 1522">
     <span class='ocr_line' id='line_1_60' title="bbox 1054 1486 1839 1522; baseline -0.003 -7"><span class='ocrx_word' id='word_1_417' title='bbox 1054 1496 1120 1522; x_wconf 87' lang='lat' dir='ltr'><strong>pore</strong></span> <span class='ocrx_word' id='word_1_418' title='bbox 1137 1488 1281 1522; x_wconf 81' lang='lat' dir='ltr'><strong>imperavit</strong></span> <span class='ocrx_word' id='word_1_419' title='bbox 1296 1487 1427 1515; x_wconf 77' lang='lat' dir='ltr'><strong>Romanis</strong></span> <span class='ocrx_word' id='word_1_420' title='bbox 1443 1487 1625 1517; x_wconf 82' lang='lat' dir='ltr'><strong>Justinianus.</strong></span> <span class='ocrx_word' id='word_1_421' title='bbox 1641 1486 1688 1520; x_wconf 89' lang='lat' dir='ltr'><strong>qui</strong></span> <span class='ocrx_word' id='word_1_422' title='bbox 1713 1494 1774 1513; x_wconf 93' lang='lat' dir='ltr'><strong>cum</strong></span> <span class='ocrx_word' id='word_1_423' title='bbox 1791 1494 1839 1513; x_wconf 76' lang='lat' dir='ltr'><strong>scx</strong></span> 
     </span>
    </p>
   </div>
   <div class='ocr_carea' id='block_1_61' title="bbox 216 1531 1838 1570">
    <p class='ocr_par' dir='ltr' id='par_1_61' title="bbox 216 1531 1838 1570">
     <span class='ocr_line' id='line_1_61' title="bbox 216 1531 1838 1570; baseline 0.001 -14"><span class='ocrx_word' id='word_1_424' title='bbox 216 1531 291 1563; x_wconf 86' lang='lat' dir='ltr'><strong>juxta</strong></span> <span class='ocrx_word' id='word_1_425' title='bbox 310 1531 427 1560; x_wconf 81' lang='lat' dir='ltr'><strong>Ashahol</strong></span> <span class='ocrx_word' id='word_1_426' title='bbox 455 1532 550 1559; x_wconf 77' lang='lat' dir='ltr'><strong>Rab?at</strong></span> <span class='ocrx_word' id='word_1_427' title='bbox 567 1533 613 1568; x_wconf 78' lang='lat' dir='ltr'><strong>[:tl.</strong></span> <span class='ocrx_word' id='word_1_428' title='bbox 638 1532 747 1568; x_wconf 76' lang='lat' dir='ltr'><strong>llchal].</strong></span> <span class='ocrx_word' id='word_1_429' title='bbox 772 1533 867 1560; x_wconf 81' lang='lat' dir='ltr'><strong>Fertur</strong></span> <span class='ocrx_word' id='word_1_430' title='bbox 889 1535 1003 1562; x_wconf 78' lang='lat' dir='ltr'><strong>ecclesia</strong></span> <span class='ocrx_word' id='word_1_431' title='bbox 1018 1532 1039 1560; x_wconf 72' lang='grc' dir='ltr'><strong>ϐ</strong></span> <span class='ocrx_word' id='word_1_432' title='bbox 1057 1540 1144 1560; x_wconf 82' lang='lat' dir='ltr'><strong>annos</strong></span> <span class='ocrx_word' id='word_1_433' title='bbox 1162 1538 1312 1570; x_wconf 62' lang='lat' dir='ltr'><strong>regnasset,</strong></span> <span class='ocrx_word' id='word_1_434' title='bbox 1329 1538 1450 1560; x_wconf 83' lang='lat' dir='ltr'><strong>mortuus</strong></span> <span class='ocrx_word' id='word_1_435' title='bbox 1463 1537 1514 1560; x_wconf 80' lang='lat' dir='ltr'><strong>est.</strong></span> <span class='ocrx_word' id='word_1_436' title='bbox 1530 1533 1659 1566; x_wconf 86' lang='lat' dir='ltr'><strong>Obiitque</strong></span> <span class='ocrx_word' id='word_1_437' title='bbox 1675 1531 1765 1558; x_wconf 81' lang='lat' dir='ltr'><strong>Walid</strong></span> <span class='ocrx_word' id='word_1_438' title='bbox 1780 1532 1838 1558; x_wconf 85' lang='lat' dir='ltr'><strong>Ehn</strong></span> 
     </span>
    </p>
   </div>
   <div class='ocr_carea' id='block_1_62' title="bbox 216 1575 999 1612">
    <p class='ocr_par' dir='ltr' id='par_1_62' title="bbox 216 1575 999 1612">
     <span class='ocr_line' id='line_1_62' title="bbox 216 1575 999 1612; baseline 0.005 -10"><span class='ocrx_word' id='word_1_439' title='bbox 216 1575 339 1607; x_wconf 77' lang='lat' dir='ltr'><strong>Ahultiri,</strong></span> <span class='ocrx_word' id='word_1_440' title='bbox 353 1577 473 1610; x_wconf 83' lang='lat' dir='ltr'><strong>reliquiis</strong></span> <span class='ocrx_word' id='word_1_441' title='bbox 485 1577 605 1604; x_wconf 69' lang='lat' dir='ltr'><strong>ecclesize</strong></span> <span class='ocrx_word' id='word_1_442' title='bbox 617 1578 708 1605; x_wconf 68' lang='lat' dir='ltr'><strong>bancti</strong></span> <span class='ocrx_word' id='word_1_443' title='bbox 724 1577 830 1612; x_wconf 75' lang='lat' dir='ltr'><strong>Georgii</strong></span> <span class='ocrx_word' id='word_1_444' title='bbox 851 1584 999 1607; x_wconf 81' lang='lat' dir='ltr'><strong>exstructa.</strong></span> 
     </span>
    </p>
   </div>
   <div class='ocr_carea' id='block_1_63' title="bbox 217 1621 1001 1658">
    <p class='ocr_par' dir='ltr' id='par_1_63' title="bbox 217 1621 1001 1658">
     <span class='ocr_line' id='line_1_63' title="bbox 217 1621 1001 1658; baseline 0.005 -11"><span class='ocrx_word' id='word_1_445' title='bbox 217 1621 289 1647; x_wconf 81' lang='lat' dir='ltr'><strong>Obiit</strong></span> <span class='ocrx_word' id='word_1_446' title='bbox 307 1625 396 1647; x_wconf 89' lang='lat' dir='ltr'><strong>autem</strong></span> <span class='ocrx_word' id='word_1_447' title='bbox 412 1629 444 1648; x_wconf 82' lang='lat' dir='ltr'><strong>eo</strong></span> <span class='ocrx_word' id='word_1_448' title='bbox 460 1627 580 1655; x_wconf 85' lang='lat' dir='ltr'><strong>tempore</strong></span> <span class='ocrx_word' id='word_1_449' title='bbox 595 1622 680 1649; x_wconf 85' lang='lat' dir='ltr'><strong>Ahdol</strong></span> <span class='ocrx_word' id='word_1_450' title='bbox 696 1623 759 1650; x_wconf 82' lang='lat' dir='ltr'><strong>Aziz</strong></span> <span class='ocrx_word' id='word_1_451' title='bbox 777 1623 1001 1658; x_wconf 55' lang='lat' dir='ltr'><strong>Plutstathatque</strong></span> 
     </span>
    </p>
   </div>
   <div class='ocr_carea' id='block_1_64' title="bbox 218 1667 1002 1704">
    <p class='ocr_par' dir='ltr' id='par_1_64' title="bbox 218 1667 1002 1704">
     <span class='ocr_line' id='line_1_64' title="bbox 218 1667 1002 1704; baseline 0.008 -12"><span class='ocrx_word' id='word_1_452' title='bbox 218 1667 244 1692; x_wconf 90' lang='lat' dir='ltr'><strong>in</strong></span> <span class='ocrx_word' id='word_1_453' title='bbox 259 1674 289 1692; x_wconf 88' lang='lat' dir='ltr'><strong>ea</strong></span> <span class='ocrx_word' id='word_1_454' title='bbox 308 1667 430 1699; x_wconf 76' lang='lat' dir='ltr'><strong>sepultus</strong></span> <span class='ocrx_word' id='word_1_455' title='bbox 447 1672 488 1694; x_wconf 80' lang='lat' dir='ltr'><strong>cst</strong></span> <span class='ocrx_word' id='word_1_456' title='bbox 500 1667 543 1695; x_wconf 84' lang='lat' dir='ltr'><strong>die</strong></span> <span class='ocrx_word' id='word_1_457' title='bbox 561 1667 630 1694; x_wconf 78' lang='lat' dir='ltr'><strong>lunte</strong></span> <span class='ocrx_word' id='word_1_458' title='bbox 647 1669 748 1696; x_wconf 87' lang='lat' dir='ltr'><strong>mensis</strong></span> <span class='ocrx_word' id='word_1_459' title='bbox 768 1669 885 1696; x_wconf 68' lang='lat' dir='ltr'><strong>lamadar</strong></span> <span class='ocrx_word' id='word_1_460' title='bbox 902 1670 1002 1704; x_wconf 82' lang='lat' dir='ltr'><strong>prioris</strong></span> 
     </span>
    </p>
   </div>
   <div class='ocr_carea' id='block_1_65' title="bbox 218 1711 997 1746">
    <p class='ocr_par' dir='ltr' id='par_1_65' title="bbox 218 1711 997 1746">
     <span class='ocr_line' id='line_1_65' title="bbox 218 1711 997 1746; baseline 0.008 -9"><span class='ocrx_word' id='word_1_461' title='bbox 218 1711 392 1743; x_wconf 77' lang='lat' dir='ltr'><strong>duodecimo,</strong></span> <span class='ocrx_word' id='word_1_462' title='bbox 407 1713 469 1737; x_wconf 91' lang='lat' dir='ltr'><strong>anni</strong></span> <span class='ocrx_word' id='word_1_463' title='bbox 487 1714 645 1746; x_wconf 68' lang='lat' dir='ltr'><strong>octngesimi</strong></span> <span class='ocrx_word' id='word_1_464' title='bbox 664 1714 743 1745; x_wconf 83' lang='lat' dir='ltr'><strong>sexti,</strong></span> <span class='ocrx_word' id='word_1_465' title='bbox 765 1722 851 1742; x_wconf 76' lang='lat' dir='ltr'><strong>annos</strong></span> <span class='ocrx_word' id='word_1_466' title='bbox 866 1719 945 1743; x_wconf 82' lang='lat' dir='ltr'><strong>natus</strong></span> <span class='ocrx_word' id='word_1_467' title='bbox 958 1716 997 1742; x_wconf 88' lang='lat' dir='ltr'><strong>vi-</strong></span> 
     </span>
    </p>
   </div>
   <div class='ocr_carea' id='block_1_66' title="bbox 219 1755 998 1794">
    <p class='ocr_par' dir='ltr' id='par_1_66' title="bbox 219 1755 998 1794">
     <span class='ocr_line' id='line_1_66' title="bbox 219 1755 998 1794; baseline 0.01 -14"><span class='ocrx_word' id='word_1_468' title='bbox 219 1756 284 1789; x_wconf 70' lang='lat' dir='ltr'><strong>gitti.)</strong></span> <span class='ocrx_word' id='word_1_469' title='bbox 308 1756 387 1782; x_wconf 87' lang='lat' dir='ltr'><strong>duos.</strong></span> <span class='ocrx_word' id='word_1_470' title='bbox 416 1755 489 1782; x_wconf 87' lang='lat' dir='ltr'><strong>Obiit</strong></span> <span class='ocrx_word' id='word_1_471' title='bbox 516 1763 606 1783; x_wconf 84' lang='lat' dir='ltr'><strong>autem</strong></span> <span class='ocrx_word' id='word_1_472' title='bbox 630 1757 761 1784; x_wconf 83' lang='lat' dir='ltr'><strong>Abdollalt</strong></span> <span class='ocrx_word' id='word_1_473' title='bbox 787 1758 844 1786; x_wconf 80' lang='lat' dir='ltr'><strong>Ehn</strong></span> <span class='ocrx_word' id='word_1_474' title='bbox 867 1760 998 1794; x_wconf 81' lang='lat' dir='ltr'><strong>Merwan,</strong></span> 
     </span>
    </p>
   </div>
   <div class='ocr_carea' id='block_1_67' title="bbox 220 1800 1002 1840">
    <p class='ocr_par' dir='ltr' id='par_1_67' title="bbox 220 1800 1002 1840">
     <span class='ocr_line' id='line_1_67' title="bbox 220 1800 1002 1840; baseline 0.012 -15"><span class='ocrx_word' id='word_1_475' title='bbox 220 1801 301 1834; x_wconf 77' lang='lat'><strong>372</strong></span> <span class='ocrx_word' id='word_1_476' title='bbox 319 1800 422 1827; x_wconf 85' lang='lat' dir='ltr'><strong>mcnsis</strong></span> <span class='ocrx_word' id='word_1_477' title='bbox 439 1800 555 1828; x_wconf 88' lang='lat' dir='ltr'><strong>Shawali</strong></span> <span class='ocrx_word' id='word_1_478' title='bbox 571 1801 676 1829; x_wconf 87' lang='lat' dir='ltr'><strong>decimo</strong></span> <span class='ocrx_word' id='word_1_479' title='bbox 687 1823 695 1835; x_wconf 89' lang='lat'><strong><em>,</em></strong></span> <span class='ocrx_word' id='word_1_480' title='bbox 711 1804 774 1831; x_wconf 89' lang='lat' dir='ltr'><strong>anni</strong></span> <span class='ocrx_word' id='word_1_481' title='bbox 792 1804 878 1833; x_wconf 71' lang='lat' dir='ltr'><strong>llcira:</strong></span> <span class='ocrx_word' id='word_1_482' title='bbox 893 1812 1002 1840; x_wconf 76' lang='lat' dir='ltr'><strong>octoge-</strong></span> 
     </span>
    </p>
   </div>
   <div class='ocr_carea' id='block_1_68' title="bbox 218 1847 1001 1880">
    <p class='ocr_par' dir='ltr' id='par_1_68' title="bbox 218 1847 1001 1880">
     <span class='ocr_line' id='line_1_68' title="bbox 218 1847 1001 1880; baseline 0.01 -9"><span class='ocrx_word' id='word_1_483' title='bbox 218 1847 289 1872; x_wconf 86' lang='lat' dir='ltr'><strong>simo</strong></span> <span class='ocrx_word' id='word_1_484' title='bbox 330 1851 416 1877; x_wconf 70' lang='lat' dir='ltr'><strong>sexto.</strong></span> <span class='ocrx_word' id='word_1_485' title='bbox 434 1854 519 1874; x_wconf 88' lang='lat' dir='ltr'><strong>annos</strong></span> <span class='ocrx_word' id='word_1_486' title='bbox 533 1852 614 1874; x_wconf 86' lang='lat' dir='ltr'><strong>natus</strong></span> <span class='ocrx_word' id='word_1_487' title='bbox 629 1849 767 1880; x_wconf 70' lang='lat' dir='ltr'><strong>sexaginta</strong></span> <span class='ocrx_word' id='word_1_488' title='bbox 785 1851 865 1877; x_wconf 89' lang='lat' dir='ltr'><strong>duos.</strong></span> <span class='ocrx_word' id='word_1_489' title='bbox 884 1852 1001 1879; x_wconf 75' lang='lat' dir='ltr'><strong>Chalih-</strong></span> 
     </span>
    </p>
   </div>
   <div class='ocr_carea' id='block_1_69' title="bbox 218 1891 999 1927">
    <p class='ocr_par' dir='ltr' id='par_1_69' title="bbox 218 1891 999 1927">
     <span class='ocr_line' id='line_1_69' title="bbox 218 1891 999 1927; baseline 0.012 -12"><span class='ocrx_word' id='word_1_490' title='bbox 218 1896 262 1918; x_wconf 84' lang='lat' dir='ltr'><strong>tus</strong></span> <span class='ocrx_word' id='word_1_491' title='bbox 278 1891 364 1925; x_wconf 87' lang='lat' dir='ltr'><strong>ipsius</strong></span> <span class='ocrx_word' id='word_1_492' title='bbox 386 1899 516 1918; x_wconf 79' lang='lat' dir='ltr'><strong>annorum</strong></span> <span class='ocrx_word' id='word_1_493' title='bbox 542 1891 592 1918; x_wconf 78' lang='lat' dir='ltr'><strong>fuit</strong></span> <span class='ocrx_word' id='word_1_494' title='bbox 610 1893 714 1927; x_wconf 78' lang='lat' dir='ltr'><strong>viginti.</strong></span> <span class='ocrx_word' id='word_1_495' title='bbox 733 1893 837 1923; x_wconf 77' lang='lat' dir='ltr'><strong>Fuscus</strong></span> <span class='ocrx_word' id='word_1_496' title='bbox 859 1896 919 1927; x_wconf 79' lang='lat' dir='ltr'><strong>fuit.</strong></span> <span class='ocrx_word' id='word_1_497' title='bbox 941 1902 999 1924; x_wconf 79' lang='lat' dir='ltr'><strong>sta-</strong></span> 
     </span>
    </p>
   </div>
   <div class='ocr_carea' id='block_1_70' title="bbox 217 1937 998 1974">
    <p class='ocr_par' dir='ltr' id='par_1_70' title="bbox 217 1937 998 1974">
     <span class='ocr_line' id='line_1_70' title="bbox 217 1937 998 1974; baseline 0.009 -12"><span class='ocrx_word' id='word_1_498' title='bbox 217 1942 285 1963; x_wconf 69' lang='lat' dir='ltr'><strong>turae</strong></span> <span class='ocrx_word' id='word_1_499' title='bbox 301 1937 447 1970; x_wconf 75' lang='lat' dir='ltr'><strong>quadratte,</strong></span> <span class='ocrx_word' id='word_1_500' title='bbox 466 1937 546 1964; x_wconf 87' lang='lat' dir='ltr'><strong>barba</strong></span> <span class='ocrx_word' id='word_1_501' title='bbox 572 1938 687 1972; x_wconf 73' lang='lat' dir='ltr'><strong>prolixa,</strong></span> <span class='ocrx_word' id='word_1_502' title='bbox 710 1947 804 1967; x_wconf 87' lang='lat' dir='ltr'><strong>ventre</strong></span> <span class='ocrx_word' id='word_1_503' title='bbox 822 1941 998 1974; x_wconf 83' lang='lat' dir='ltr'><strong>prominenti.</strong></span> 
     </span>
    </p>
   </div>
   <div class='ocr_carea' id='block_1_71' title="bbox 217 1982 1000 2018">
    <p class='ocr_par' dir='ltr' id='par_1_71' title="bbox 217 1982 1000 2018">
     <span class='ocr_line' id='line_1_71' title="bbox 217 1982 1000 2018; baseline 0.009 -10"><span class='ocrx_word' id='word_1_504' title='bbox 217 1982 345 2017; x_wconf 76' lang='lat' dir='ltr'><strong>Sepultus</strong></span> <span class='ocrx_word' id='word_1_505' title='bbox 358 1988 396 2009; x_wconf 85' lang='lat' dir='ltr'><strong>cst</strong></span> <span class='ocrx_word' id='word_1_506' title='bbox 410 1983 542 2010; x_wconf 84' lang='lat' dir='ltr'><strong>Damasci.</strong></span> <span class='ocrx_word' id='word_1_507' title='bbox 555 1983 705 2011; x_wconf 85' lang='lat' dir='ltr'><strong>Satellitum</strong></span> <span class='ocrx_word' id='word_1_508' title='bbox 721 1985 770 2018; x_wconf 90' lang='lat' dir='ltr'><strong>ipsi</strong></span> <span class='ocrx_word' id='word_1_509' title='bbox 786 1986 929 2018; x_wconf 80' lang='lat' dir='ltr'><strong>prrcfectus</strong></span> <span class='ocrx_word' id='word_1_510' title='bbox 949 1987 1000 2015; x_wconf 79' lang='lat' dir='ltr'><strong>fuit</strong></span> 
     </span>
    </p>
   </div>
   <div class='ocr_carea' id='block_1_72' title="bbox 216 2027 1000 2061">
    <p class='ocr_par' dir='ltr' id='par_1_72' title="bbox 216 2027 1000 2061">
     <span class='ocr_line' id='line_1_72' title="bbox 216 2027 1000 2061; baseline 0.01 -8"><span class='ocrx_word' id='word_1_511' title='bbox 216 2027 300 2054; x_wconf 75' lang='lat' dir='ltr'><strong>Yazid</strong></span> <span class='ocrx_word' id='word_1_512' title='bbox 318 2027 374 2054; x_wconf 78' lang='lat' dir='ltr'><strong>Ebn</strong></span> <span class='ocrx_word' id='word_1_513' title='bbox 399 2028 448 2054; x_wconf 82' lang='lat' dir='ltr'><strong>Abi</strong></span> <span class='ocrx_word' id='word_1_514' title='bbox 473 2029 554 2056; x_wconf 75' lang='lat' dir='ltr'><strong>Jalsat</strong></span> <span class='ocrx_word' id='word_1_515' title='bbox 582 2029 761 2057; x_wconf 77' lang='lat' dir='ltr'><strong>Sacsaccncis</strong></span> <span class='ocrx_word' id='word_1_516' title='bbox 779 2039 786 2057; x_wconf 87' lang='lat'><strong>:</strong></span> <span class='ocrx_word' id='word_1_517' title='bbox 802 2031 864 2058; x_wconf 88' lang='lat' dir='ltr'><strong>dein</strong></span> <span class='ocrx_word' id='word_1_518' title='bbox 886 2031 1000 2061; x_wconf 82' lang='lat' dir='ltr'><strong>Abdolol</strong></span> 
     </span>
    </p>
   </div>
   <div class='ocr_carea' id='block_1_73' title="bbox 211 2068 1000 2113">
    <p class='ocr_par' dir='ltr' id='par_1_73' title="bbox 211 2068 1000 2113">
     <span class='ocr_line' id='line_1_73' title="bbox 211 2068 1000 2113; baseline 0.009 -14"><span class='ocrx_word' id='word_1_519' title='bbox 211 2068 274 2100; x_wconf 70' lang='grc' dir='ltr'><strong>ΔΕῐιιι</strong></span> <span class='ocrx_word' id='word_1_520' title='bbox 293 2073 374 2099; x_wconf 78' lang='lat' dir='ltr'><strong>Yazid</strong></span> <span class='ocrx_word' id='word_1_521' title='bbox 403 2073 590 2101; x_wconf 82' lang='lat' dir='ltr'><strong>llaccmencis.</strong></span> <span class='ocrx_word' id='word_1_522' title='bbox 615 2074 731 2108; x_wconf 82' lang='lat' dir='ltr'><strong>Jauitor,</strong></span> <span class='ocrx_word' id='word_1_523' title='bbox 757 2076 826 2104; x_wconf 78' lang='lat' dir='ltr'><strong>Abul</strong></span> <span class='ocrx_word' id='word_1_524' title='bbox 850 2077 1000 2113; x_wconf 76' lang='lat' dir='ltr'><strong>Rogairaga</strong></span> 
     </span>
    </p>
   </div>
   <div class='ocr_carea' id='block_1_74' title="bbox 215 2117 424 2150">
    <p class='ocr_par' dir='ltr' id='par_1_74' title="bbox 215 2117 424 2150">
     <span class='ocr_line' id='line_1_74' title="bbox 215 2117 424 2150; baseline 0.005 -7"><span class='ocrx_word' id='word_1_525' title='bbox 215 2124 311 2144; x_wconf 72' lang='lat' dir='ltr'><strong>servus</strong></span> <span class='ocrx_word' id='word_1_526' title='bbox 328 2117 424 2150; x_wconf 85' lang='lat' dir='ltr'><strong>ipsius.</strong></span> 
     </span>
    </p>
   </div>
   <div class='ocr_carea' id='block_1_75' title="bbox 320 2162 890 2197">
    <p class='ocr_par' dir='ltr' id='par_1_75' title="bbox 320 2162 890 2197">
     <span class='ocr_line' id='line_1_75' title="bbox 320 2162 890 2197; baseline 0.007 -7"><span class='ocrx_word' id='word_1_527' title='bbox 320 2162 469 2197; x_wconf 71' lang='lat' dir='ltr'><strong>Cltalifatua</strong></span> <span class='ocrx_word' id='word_1_528' title='bbox 483 2163 515 2195; x_wconf 72' lang='grc' dir='ltr'><strong>ΑΙ</strong></span> <span class='ocrx_word' id='word_1_529' title='bbox 528 2163 616 2190; x_wconf 79' lang='lat' dir='ltr'><strong>Walid</strong></span> <span class='ocrx_word' id='word_1_530' title='bbox 635 2165 690 2191; x_wconf 77' lang='lat' dir='ltr'><strong>Elm</strong></span> <span class='ocrx_word' id='word_1_531' title='bbox 711 2165 787 2192; x_wconf 80' lang='lat' dir='ltr'><strong>Abdil</strong></span> <span class='ocrx_word' id='word_1_532' title='bbox 800 2167 890 2195; x_wconf 70' lang='lat' dir='ltr'><strong>Malae.</strong></span> 
     </span>
    </p>
   </div>
   <div class='ocr_carea' id='block_1_76' title="bbox 1054 1578 1840 1612">
    <p class='ocr_par' dir='ltr' id='par_1_76' title="bbox 1054 1578 1840 1612">
     <span class='ocr_line' id='line_1_76' title="bbox 1054 1578 1840 1612; baseline -0.003 -7"><span class='ocrx_word' id='word_1_533' title='bbox 1054 1579 1133 1606; x_wconf 85' lang='lat' dir='ltr'><strong>Abdil</strong></span> <span class='ocrx_word' id='word_1_534' title='bbox 1154 1579 1240 1606; x_wconf 77' lang='lat' dir='ltr'><strong>Maleo</strong></span> <span class='ocrx_word' id='word_1_535' title='bbox 1261 1587 1354 1606; x_wconf 85' lang='lat' dir='ltr'><strong>mense</strong></span> <span class='ocrx_word' id='word_1_536' title='bbox 1368 1579 1477 1606; x_wconf 83' lang='lat' dir='ltr'><strong>lomada</strong></span> <span class='ocrx_word' id='word_1_537' title='bbox 1503 1578 1647 1612; x_wconf 83' lang='lat' dir='ltr'><strong>posteriori</strong></span> <span class='ocrx_word' id='word_1_538' title='bbox 1671 1578 1734 1604; x_wconf 82' lang='lat' dir='ltr'><strong>anni</strong></span> <span class='ocrx_word' id='word_1_539' title='bbox 1754 1585 1840 1604; x_wconf 91' lang='lat' dir='ltr'><strong>nona-</strong></span> 
     </span>
    </p>
   </div>
   <div class='ocr_carea' id='block_1_77' title="bbox 1057 1623 1838 1658">
    <p class='ocr_par' dir='ltr' id='par_1_77' title="bbox 1057 1623 1838 1658">
     <span class='ocr_line' id='line_1_77' title="bbox 1057 1623 1838 1658; baseline -0.001 -8"><span class='ocrx_word' id='word_1_540' title='bbox 1057 1624 1151 1656; x_wconf 66' lang='lat' dir='ltr'><strong>gesimi</strong></span> <span class='ocrx_word' id='word_1_541' title='bbox 1171 1624 1241 1651; x_wconf 80' lang='lat' dir='ltr'><strong>sexti</strong></span> <span class='ocrx_word' id='word_1_542' title='bbox 1260 1623 1358 1655; x_wconf 77' lang='lat' dir='ltr'><strong>Heirae,</strong></span> <span class='ocrx_word' id='word_1_543' title='bbox 1379 1631 1465 1652; x_wconf 88' lang='lat' dir='ltr'><strong>annos</strong></span> <span class='ocrx_word' id='word_1_544' title='bbox 1481 1627 1562 1650; x_wconf 84' lang='lat' dir='ltr'><strong>natus</strong></span> <span class='ocrx_word' id='word_1_545' title='bbox 1578 1623 1754 1658; x_wconf 77' lang='lat' dir='ltr'><strong>quadraginta</strong></span> <span class='ocrx_word' id='word_1_546' title='bbox 1771 1627 1838 1649; x_wconf 78' lang='lat' dir='ltr'><strong>tres.</strong></span> 
     </span>
    </p>
   </div>
   <div class='ocr_carea' id='block_1_78' title="bbox 1052 1668 1838 1704">
    <p class='ocr_par' dir='ltr' id='par_1_78' title="bbox 1052 1668 1838 1704">
     <span class='ocr_line' id='line_1_78' title="bbox 1052 1668 1838 1704; baseline -0.001 -9"><span class='ocrx_word' id='word_1_547' title='bbox 1052 1668 1182 1702; x_wconf 84' lang='lat' dir='ltr'><strong>Corporis</strong></span> <span class='ocrx_word' id='word_1_548' title='bbox 1198 1668 1329 1704; x_wconf 73' lang='lat' dir='ltr'><strong>[statura]</strong></span> <span class='ocrx_word' id='word_1_549' title='bbox 1346 1669 1465 1703; x_wconf 76' lang='lat' dir='ltr'><strong>perfecta</strong></span> <span class='ocrx_word' id='word_1_550' title='bbox 1486 1669 1547 1701; x_wconf 80' lang='lat' dir='ltr'><strong>fuit,</strong></span> <span class='ocrx_word' id='word_1_551' title='bbox 1564 1669 1647 1695; x_wconf 84' lang='lat' dir='ltr'><strong>barba</strong></span> <span class='ocrx_word' id='word_1_552' title='bbox 1667 1668 1774 1702; x_wconf 70' lang='lat' dir='ltr'><strong>grandi.</strong></span> <span class='ocrx_word' id='word_1_553' title='bbox 1792 1668 1838 1694; x_wconf 90' lang='lat' dir='ltr'><strong>cui</strong></span> 
     </span>
    </p>
   </div>
   <div class='ocr_carea' id='block_1_79' title="bbox 1057 1712 1840 1748">
    <p class='ocr_par' dir='ltr' id='par_1_79' title="bbox 1057 1712 1840 1748">
     <span class='ocr_line' id='line_1_79' title="bbox 1057 1712 1840 1748; baseline -0.004 -7"><span class='ocrx_word' id='word_1_554' title='bbox 1057 1714 1117 1741; x_wconf 87' lang='lat' dir='ltr'><strong>cani</strong></span> <span class='ocrx_word' id='word_1_555' title='bbox 1135 1713 1244 1740; x_wconf 83' lang='lat' dir='ltr'><strong>admisti</strong></span> <span class='ocrx_word' id='word_1_556' title='bbox 1262 1718 1342 1741; x_wconf 86' lang='lat' dir='ltr'><strong>erant</strong></span> <span class='ocrx_word' id='word_1_557' title='bbox 1358 1722 1365 1739; x_wconf 89' lang='lat'><strong>:</strong></span> <span class='ocrx_word' id='word_1_558' title='bbox 1387 1714 1512 1748; x_wconf 85' lang='lat' dir='ltr'><strong>sepultus</strong></span> <span class='ocrx_word' id='word_1_559' title='bbox 1532 1717 1576 1740; x_wconf 87' lang='lat' dir='ltr'><strong>est</strong></span> <span class='ocrx_word' id='word_1_560' title='bbox 1593 1713 1728 1740; x_wconf 84' lang='lat' dir='ltr'><strong>Damasci.</strong></span> <span class='ocrx_word' id='word_1_561' title='bbox 1751 1712 1840 1739; x_wconf 78' lang='lat' dir='ltr'><strong>Satel—</strong></span> 
     </span>
    </p>
   </div>
   <div class='ocr_carea' id='block_1_80' title="bbox 1053 1758 1840 1793">
    <p class='ocr_par' dir='ltr' id='par_1_80' title="bbox 1053 1758 1840 1793">
     <span class='ocr_line' id='line_1_80' title="bbox 1053 1758 1840 1793; baseline -0.003 -7"><span class='ocrx_word' id='word_1_562' title='bbox 1053 1759 1131 1786; x_wconf 90' lang='lat' dir='ltr'><strong>litum</strong></span> <span class='ocrx_word' id='word_1_563' title='bbox 1149 1759 1200 1792; x_wconf 87' lang='lat' dir='ltr'><strong>ipsi</strong></span> <span class='ocrx_word' id='word_1_564' title='bbox 1220 1759 1363 1793; x_wconf 69' lang='lat' dir='ltr'><strong>prmfectus</strong></span> <span class='ocrx_word' id='word_1_565' title='bbox 1380 1759 1432 1786; x_wconf 81' lang='lat' dir='ltr'><strong>fuit</strong></span> <span class='ocrx_word' id='word_1_566' title='bbox 1449 1760 1522 1786; x_wconf 83' lang='lat' dir='ltr'><strong>Caab</strong></span> <span class='ocrx_word' id='word_1_567' title='bbox 1537 1759 1596 1786; x_wconf 89' lang='lat' dir='ltr'><strong>Ebn</strong></span> <span class='ocrx_word' id='word_1_568' title='bbox 1612 1758 1701 1785; x_wconf 80' lang='lat' dir='ltr'><strong>Hazcn</strong></span> <span class='ocrx_word' id='word_1_569' title='bbox 1715 1758 1840 1785; x_wconf 80' lang='lat' dir='ltr'><strong>Abasca-</strong></span> 
     </span>
    </p>
   </div>
   <div class='ocr_carea' id='block_1_81' title="bbox 1054 1803 1574 1838">
    <p class='ocr_par' dir='ltr' id='par_1_81' title="bbox 1054 1803 1574 1838">
     <span class='ocr_line' id='line_1_81' title="bbox 1054 1803 1574 1838; baseline -0.002 -6"><span class='ocrx_word' id='word_1_570' title='bbox 1054 1805 1103 1832; x_wconf 83' lang='lat' dir='ltr'><strong>sis.</strong></span> <span class='ocrx_word' id='word_1_571' title='bbox 1119 1803 1235 1834; x_wconf 79' lang='lat' dir='ltr'><strong>Jauitor,</strong></span> <span class='ocrx_word' id='word_1_572' title='bbox 1253 1804 1322 1831; x_wconf 87' lang='lat' dir='ltr'><strong>Saad</strong></span> <span class='ocrx_word' id='word_1_573' title='bbox 1343 1805 1458 1831; x_wconf 86' lang='lat' dir='ltr'><strong>libertus</strong></span> <span class='ocrx_word' id='word_1_574' title='bbox 1477 1804 1574 1838; x_wconf 87' lang='lat' dir='ltr'><strong>ipsius.</strong></span> 
     </span>
    </p>
   </div>
   <div class='ocr_carea' id='block_1_82' title="bbox 1137 1847 1739 1881">
    <p class='ocr_par' dir='ltr' id='par_1_82' title="bbox 1137 1847 1739 1881">
     <span class='ocr_line' id='line_1_82' title="bbox 1137 1847 1739 1881; baseline -0.002 -6"><span class='ocrx_word' id='word_1_575' title='bbox 1137 1848 1295 1881; x_wconf 75' lang='lat' dir='ltr'><strong>ZClmlifalus</strong></span> <span class='ocrx_word' id='word_1_576' title='bbox 1309 1848 1442 1875; x_wconf 75' lang='lat' dir='ltr'><strong>Solimani</strong></span> <span class='ocrx_word' id='word_1_577' title='bbox 1461 1848 1518 1875; x_wconf 78' lang='lat' dir='ltr'><strong>Ebtt</strong></span> <span class='ocrx_word' id='word_1_578' title='bbox 1532 1848 1610 1874; x_wconf 79' lang='lat' dir='ltr'><strong>Abdil</strong></span> <span class='ocrx_word' id='word_1_579' title='bbox 1625 1847 1739 1874; x_wconf 77' lang='lat' dir='ltr'><strong>Malech.</strong></span> 
     </span>
    </p>
   </div>
   <div class='ocr_carea' id='block_1_83' title="bbox 1087 1893 1839 1928">
    <p class='ocr_par' dir='ltr' id='par_1_83' title="bbox 1087 1893 1839 1928">
     <span class='ocr_line' id='line_1_83' title="bbox 1087 1893 1839 1928; baseline -0.001 -7"><span class='ocrx_word' id='word_1_580' title='bbox 1087 1895 1266 1928; x_wconf 78' lang='lat' dir='ltr'><strong>luauguratus</strong></span> <span class='ocrx_word' id='word_1_581' title='bbox 1298 1893 1420 1921; x_wconf 88' lang='lat' dir='ltr'><strong>Soliman</strong></span> <span class='ocrx_word' id='word_1_582' title='bbox 1447 1894 1504 1921; x_wconf 87' lang='lat' dir='ltr'><strong>Ebn</strong></span> <span class='ocrx_word' id='word_1_583' title='bbox 1536 1893 1616 1920; x_wconf 88' lang='lat' dir='ltr'><strong>Abdil</strong></span> <span class='ocrx_word' id='word_1_584' title='bbox 1649 1893 1750 1920; x_wconf 83' lang='lat' dir='ltr'><strong>Maleeh</strong></span> <span class='ocrx_word' id='word_1_585' title='bbox 1780 1893 1839 1920; x_wconf 84' lang='lat' dir='ltr'><strong>Ehu</strong></span> 
     </span>
    </p>
   </div>
   <div class='ocr_carea' id='block_1_84' title="bbox 1051 1938 1838 1970">
    <p class='ocr_par' dir='ltr' id='par_1_84' title="bbox 1051 1938 1838 1970">
     <span class='ocr_line' id='line_1_84' title="bbox 1051 1938 1838 1970; baseline -0.004 -4"><span class='ocrx_word' id='word_1_586' title='bbox 1051 1939 1189 1970; x_wconf 76' lang='lat' dir='ltr'><strong>Merwan,</strong></span> <span class='ocrx_word' id='word_1_587' title='bbox 1207 1939 1250 1966; x_wconf 89' lang='lat' dir='ltr'><strong>cui</strong></span> <span class='ocrx_word' id='word_1_588' title='bbox 1276 1943 1363 1966; x_wconf 78' lang='lat' dir='ltr'><strong>mater</strong></span> <span class='ocrx_word' id='word_1_589' title='bbox 1379 1938 1512 1965; x_wconf 86' lang='lat' dir='ltr'><strong>Waladalt</strong></span> <span class='ocrx_word' id='word_1_590' title='bbox 1537 1939 1590 1965; x_wconf 85' lang='lat' dir='ltr'><strong>ﬁlia</strong></span> <span class='ocrx_word' id='word_1_591' title='bbox 1616 1938 1647 1964; x_wconf 83' lang='lat' dir='ltr'><strong>Al</strong></span> <span class='ocrx_word' id='word_1_592' title='bbox 1675 1938 1755 1964; x_wconf 80' lang='lat' dir='ltr'><strong>Ahasi</strong></span> <span class='ocrx_word' id='word_1_593' title='bbox 1780 1938 1838 1964; x_wconf 71' lang='lat' dir='ltr'><strong>liba</strong></span> 
     </span>
    </p>
   </div>
   <div class='ocr_carea' id='block_1_85' title="bbox 1051 1983 1832 2018">
    <p class='ocr_par' dir='ltr' id='par_1_85' title="bbox 1051 1983 1832 2018">
     <span class='ocr_line' id='line_1_85' title="bbox 1051 1983 1832 2018; baseline -0.001 -8"><span class='ocrx_word' id='word_1_594' title='bbox 1051 1985 1145 2012; x_wconf 71' lang='lat' dir='ltr'><strong>Bahrte</strong></span> <span class='ocrx_word' id='word_1_595' title='bbox 1173 1985 1320 2012; x_wconf 83' lang='lat' dir='ltr'><strong>Ahasensis</strong></span> <span class='ocrx_word' id='word_1_596' title='bbox 1346 1992 1438 2012; x_wconf 85' lang='lat' dir='ltr'><strong>mense</strong></span> <span class='ocrx_word' id='word_1_597' title='bbox 1457 1983 1568 2010; x_wconf 86' lang='lat' dir='ltr'><strong>lomada</strong></span> <span class='ocrx_word' id='word_1_598' title='bbox 1595 1983 1745 2018; x_wconf 79' lang='lat' dir='ltr'><strong>posteriore</strong></span> <span class='ocrx_word' id='word_1_599' title='bbox 1768 1984 1832 2010; x_wconf 84' lang='lat' dir='ltr'><strong>anni</strong></span> 
     </span>
    </p>
   </div>
   <div class='ocr_carea' id='block_1_86' title="bbox 1051 2029 1838 2065">
    <p class='ocr_par' dir='ltr' id='par_1_86' title="bbox 1051 2029 1838 2065">
     <span class='ocr_line' id='line_1_86' title="bbox 1051 2029 1838 2065; baseline -0.001 -9"><span class='ocrx_word' id='word_1_600' title='bbox 1051 2029 1140 2058; x_wconf 71' lang='lat' dir='ltr'><strong>lleiras</strong></span> <span class='ocrx_word' id='word_1_601' title='bbox 1165 2030 1335 2065; x_wconf 75' lang='lat' dir='ltr'><strong>nonagesimi</strong></span> <span class='ocrx_word' id='word_1_602' title='bbox 1352 2030 1432 2057; x_wconf 83' lang='lat' dir='ltr'><strong>sexti.</strong></span> <span class='ocrx_word' id='word_1_603' title='bbox 1451 2029 1567 2063; x_wconf 84' lang='lat' dir='ltr'><strong>Fuitque</strong></span> <span class='ocrx_word' id='word_1_604' title='bbox 1585 2029 1730 2063; x_wconf 89' lang='lat' dir='ltr'><strong>imperium</strong></span> <span class='ocrx_word' id='word_1_605' title='bbox 1750 2029 1838 2063; x_wconf 82' lang='lat' dir='ltr'><strong>ipsius</strong></span> 
     </span>
    </p>
   </div>
   <div class='ocr_carea' id='block_1_87' title="bbox 1051 2074 1840 2109">
    <p class='ocr_par' dir='ltr' id='par_1_87' title="bbox 1051 2074 1840 2109">
     <span class='ocr_line' id='line_1_87' title="bbox 1051 2074 1840 2109; baseline -0.003 -6"><span class='ocrx_word' id='word_1_606' title='bbox 1051 2084 1184 2104; x_wconf 83' lang='lat' dir='ltr'><strong>annorum</strong></span> <span class='ocrx_word' id='word_1_607' title='bbox 1203 2076 1319 2103; x_wconf 83' lang='lat' dir='ltr'><strong>duorum</strong></span> <span class='ocrx_word' id='word_1_608' title='bbox 1335 2080 1363 2102; x_wconf 89' lang='lat' dir='ltr'><strong>et</strong></span> <span class='ocrx_word' id='word_1_609' title='bbox 1384 2083 1431 2103; x_wconf 88' lang='lat' dir='ltr'><strong>sex</strong></span> <span class='ocrx_word' id='word_1_610' title='bbox 1459 2074 1604 2102; x_wconf 86' lang='lat' dir='ltr'><strong>mensium.</strong></span> <span class='ocrx_word' id='word_1_611' title='bbox 1631 2074 1695 2109; x_wconf 86' lang='lat' dir='ltr'><strong>Ejus</strong></span> <span class='ocrx_word' id='word_1_612' title='bbox 1719 2077 1840 2106; x_wconf 78' lang='lat' dir='ltr'><strong>tempore</strong></span> 
     </span>
    </p>
   </div>
   <div class='ocr_carea' id='block_1_88' title="bbox 1051 2119 1839 2155">
    <p class='ocr_par' dir='ltr' id='par_1_88' title="bbox 1051 2119 1839 2155">
     <span class='ocr_line' id='line_1_88' title="bbox 1051 2119 1839 2155; baseline -0.006 -6"><span class='ocrx_word' id='word_1_613' title='bbox 1051 2122 1102 2149; x_wconf 76' lang='lat' dir='ltr'><strong>l‘uit</strong></span> <span class='ocrx_word' id='word_1_614' title='bbox 1128 2121 1270 2155; x_wconf 84' lang='lat' dir='ltr'><strong>Philippus</strong></span> <span class='ocrx_word' id='word_1_615' title='bbox 1294 2122 1439 2155; x_wconf 88' lang='lat' dir='ltr'><strong>imperator</strong></span> <span class='ocrx_word' id='word_1_616' title='bbox 1457 2119 1652 2151; x_wconf 77' lang='lat' dir='ltr'><strong>Romanorum,</strong></span> <span class='ocrx_word' id='word_1_617' title='bbox 1667 2120 1713 2154; x_wconf 89' lang='lat' dir='ltr'><strong>qui</strong></span> <span class='ocrx_word' id='word_1_618' title='bbox 1748 2119 1839 2146; x_wconf 82' lang='lat' dir='ltr'><strong>Marn-</strong></span> 
     </span>
    </p>
   </div>
   <div class='ocr_carea' id='block_1_89' title="bbox 1053 2165 1838 2199">
    <p class='ocr_par' dir='ltr' id='par_1_89' title="bbox 1053 2165 1838 2199">
     <span class='ocr_line' id='line_1_89' title="bbox 1053 2165 1838 2199; baseline -0.004 -5"><span class='ocrx_word' id='word_1_619' title='bbox 1053 2168 1109 2194; x_wconf 88' lang='lat' dir='ltr'><strong>nita</strong></span> <span class='ocrx_word' id='word_1_620' title='bbox 1131 2167 1192 2194; x_wconf 81' lang='lat' dir='ltr'><strong>fuit.</strong></span> <span class='ocrx_word' id='word_1_621' title='bbox 1218 2167 1312 2193; x_wconf 80' lang='lat' dir='ltr'><strong>Annos</strong></span> <span class='ocrx_word' id='word_1_622' title='bbox 1331 2166 1401 2193; x_wconf 89' lang='lat' dir='ltr'><strong>dttos</strong></span> <span class='ocrx_word' id='word_1_623' title='bbox 1417 2173 1478 2193; x_wconf 83' lang='lat' dir='ltr'><strong>eum</strong></span> <span class='ocrx_word' id='word_1_624' title='bbox 1496 2165 1610 2191; x_wconf 89' lang='lat' dir='ltr'><strong>dimidio</strong></span> <span class='ocrx_word' id='word_1_625' title='bbox 1637 2165 1788 2199; x_wconf 85' lang='lat' dir='ltr'><strong>imperavit.</strong></span> <span class='ocrx_word' id='word_1_626' title='bbox 1808 2165 1838 2191; x_wconf 79' lang='lat' dir='ltr'><strong>In</strong></span> 
     </span>
    </p>
   </div>
   <div class='ocr_carea' id='block_1_90' title="bbox 251 2207 1838 2248">
    <p class='ocr_par' dir='ltr' id='par_1_90' title="bbox 251 2207 1838 2248">
     <span class='ocr_line' id='line_1_90' title="bbox 251 2207 1838 2248; baseline 0.001 -14"><span class='ocrx_word' id='word_1_627' title='bbox 251 2208 417 2235; x_wconf 85' lang='lat' dir='ltr'><strong>Juratnentis</strong></span> <span class='ocrx_word' id='word_1_628' title='bbox 429 2209 467 2236; x_wconf 92' lang='lat' dir='ltr'><strong>illi</strong></span> <span class='ocrx_word' id='word_1_629' title='bbox 484 2209 611 2243; x_wconf 77' lang='lat' dir='ltr'><strong>prteslitis</strong></span> <span class='ocrx_word' id='word_1_630' title='bbox 626 2209 803 2244; x_wconf 77' lang='lat' dir='ltr'><strong>inauguratus</strong></span> <span class='ocrx_word' id='word_1_631' title='bbox 816 2217 857 2239; x_wconf 79' lang='lat' dir='ltr'><strong>est</strong></span> <span class='ocrx_word' id='word_1_632' title='bbox 870 2213 900 2239; x_wconf 83' lang='lat' dir='ltr'><strong>Al</strong></span> <span class='ocrx_word' id='word_1_633' title='bbox 913 2214 1000 2242; x_wconf 91' lang='lat' dir='ltr'><strong>Walid</strong></span> <span class='ocrx_word' id='word_1_634' title='bbox 1018 2207 1039 2234; x_wconf 74' lang='grc' dir='ltr'><strong>Ι)</strong></span> <span class='ocrx_word' id='word_1_635' title='bbox 1054 2213 1172 2248; x_wconf 63' lang='lat' dir='ltr'><strong>Egypto</strong></span> <span class='ocrx_word' id='word_1_636' title='bbox 1188 2213 1324 2246; x_wconf 72' lang='lat' dir='ltr'><strong>vectigali,</strong></span> <span class='ocrx_word' id='word_1_637' title='bbox 1347 2211 1454 2239; x_wconf 87' lang='lat' dir='ltr'><strong>nomine</strong></span> <span class='ocrx_word' id='word_1_638' title='bbox 1469 2210 1597 2238; x_wconf 88' lang='lat' dir='ltr'><strong>Solintani</strong></span> <span class='ocrx_word' id='word_1_639' title='bbox 1614 2210 1669 2236; x_wconf 85' lang='lat' dir='ltr'><strong>Ehn</strong></span> <span class='ocrx_word' id='word_1_640' title='bbox 1688 2210 1765 2237; x_wconf 82' lang='lat' dir='ltr'><strong>Abdil</strong></span> <span class='ocrx_word' id='word_1_641' title='bbox 1783 2209 1838 2236; x_wconf 81' lang='lat' dir='ltr'><strong>Ma-</strong></span> 
     </span>
    </p>
   </div>
   <div class='ocr_carea' id='block_1_91' title="bbox 215 2253 1001 2288">
    <p class='ocr_par' dir='ltr' id='par_1_91' title="bbox 215 2253 1001 2288">
     <span class='ocr_line' id='line_1_91' title="bbox 215 2253 1001 2288; baseline 0.008 -8"><span class='ocrx_word' id='word_1_642' title='bbox 215 2254 272 2280; x_wconf 79' lang='lat' dir='ltr'><strong>Ehn</strong></span> <span class='ocrx_word' id='word_1_643' title='bbox 291 2253 369 2280; x_wconf 78' lang='lat' dir='ltr'><strong>AbIlil</strong></span> <span class='ocrx_word' id='word_1_644' title='bbox 387 2254 471 2281; x_wconf 64' lang='lat' dir='ltr'><strong>hlalec</strong></span> <span class='ocrx_word' id='word_1_645' title='bbox 484 2253 540 2281; x_wconf 73' lang='lat' dir='ltr'><strong>El)“</strong></span> <span class='ocrx_word' id='word_1_646' title='bbox 555 2254 689 2288; x_wconf 75' lang='lat' dir='ltr'><strong>Mcrwau;</strong></span> <span class='ocrx_word' id='word_1_647' title='bbox 704 2257 747 2283; x_wconf 89' lang='lat' dir='ltr'><strong>cui</strong></span> <span class='ocrx_word' id='word_1_648' title='bbox 766 2261 852 2284; x_wconf 87' lang='lat' dir='ltr'><strong>mater</strong></span> <span class='ocrx_word' id='word_1_649' title='bbox 868 2259 918 2285; x_wconf 82' lang='lat' dir='ltr'><strong>fuit</strong></span> <span class='ocrx_word' id='word_1_650' title='bbox 933 2258 1001 2286; x_wconf 80' lang='lat' dir='ltr'><strong>Wa-</strong></span> 
     </span>
    </p>
   </div>
   <div class='ocr_carea' id='block_1_92' title="bbox 214 2299 998 2338">
    <p class='ocr_par' dir='ltr' id='par_1_92' title="bbox 214 2299 998 2338">
     <span class='ocr_line' id='line_1_92' title="bbox 214 2299 998 2338; baseline 0.008 -13"><span class='ocrx_word' id='word_1_651' title='bbox 214 2299 293 2326; x_wconf 89' lang='lat' dir='ltr'><strong>ladalt</strong></span> <span class='ocrx_word' id='word_1_652' title='bbox 309 2299 361 2326; x_wconf 80' lang='lat' dir='ltr'><strong>ﬁlia</strong></span> <span class='ocrx_word' id='word_1_653' title='bbox 371 2300 470 2327; x_wconf 80' lang='lat' dir='ltr'><strong>Abbasi</strong></span> <span class='ocrx_word' id='word_1_654' title='bbox 482 2301 539 2327; x_wconf 81' lang='lat' dir='ltr'><strong>F.th</strong></span> <span class='ocrx_word' id='word_1_655' title='bbox 556 2301 663 2333; x_wconf 68' lang='lat' dir='ltr'><strong>llarbw,</strong></span> <span class='ocrx_word' id='word_1_656' title='bbox 678 2301 735 2328; x_wconf 86' lang='lat' dir='ltr'><strong>Ebn</strong></span> <span class='ocrx_word' id='word_1_657' title='bbox 754 2302 853 2330; x_wconf 82' lang='lat' dir='ltr'><strong>llarctlt</strong></span> <span class='ocrx_word' id='word_1_658' title='bbox 873 2305 998 2338; x_wconf 84' lang='lat' dir='ltr'><strong>Abasita,</strong></span> 
     </span>
    </p>
   </div>
   <div class='ocr_carea' id='block_1_93' title="bbox 214 2345 999 2380">
    <p class='ocr_par' dir='ltr' id='par_1_93' title="bbox 214 2345 999 2380">
     <span class='ocr_line' id='line_1_93' title="bbox 214 2345 999 2380; baseline 0.008 -9"><span class='ocrx_word' id='word_1_659' title='bbox 214 2353 248 2372; x_wconf 91' lang='lat' dir='ltr'><strong>co</strong></span> <span class='ocrx_word' id='word_1_660' title='bbox 265 2349 386 2379; x_wconf 82' lang='lat' dir='ltr'><strong>tempore</strong></span> <span class='ocrx_word' id='word_1_661' title='bbox 405 2354 460 2380; x_wconf 87' lang='lat' dir='ltr'><strong>quo</strong></span> <span class='ocrx_word' id='word_1_662' title='bbox 476 2345 594 2374; x_wconf 83' lang='lat' dir='ltr'><strong>decessit</strong></span> <span class='ocrx_word' id='word_1_663' title='bbox 609 2346 724 2374; x_wconf 84' lang='lat' dir='ltr'><strong>Abdolol</strong></span> <span class='ocrx_word' id='word_1_664' title='bbox 749 2348 832 2375; x_wconf 81' lang='lat' dir='ltr'><strong>Mulec</strong></span> <span class='ocrx_word' id='word_1_665' title='bbox 854 2349 910 2376; x_wconf 89' lang='lat' dir='ltr'><strong>Ebn</strong></span> <span class='ocrx_word' id='word_1_666' title='bbox 929 2349 999 2377; x_wconf 79' lang='lat' dir='ltr'><strong>Mcr-</strong></span> 
     </span>
    </p>
   </div>
   <div class='ocr_carea' id='block_1_94' title="bbox 214 2391 1000 2424">
    <p class='ocr_par' dir='ltr' id='par_1_94' title="bbox 214 2391 1000 2424">
     <span class='ocr_line' id='line_1_94' title="bbox 214 2391 1000 2424; baseline 0.008 -7"><span class='ocrx_word' id='word_1_667' title='bbox 214 2391 284 2418; x_wconf 79' lang='lat' dir='ltr'><strong>wani</strong></span> <span class='ocrx_word' id='word_1_668' title='bbox 299 2399 306 2417; x_wconf 91' lang='lat'><strong>:</strong></span> <span class='ocrx_word' id='word_1_669' title='bbox 323 2391 519 2424; x_wconf 86' lang='lat' dir='ltr'><strong>imperavitque</strong></span> <span class='ocrx_word' id='word_1_670' title='bbox 534 2399 620 2418; x_wconf 84' lang='lat' dir='ltr'><strong>annos</strong></span> <span class='ocrx_word' id='word_1_671' title='bbox 643 2399 741 2420; x_wconf 79' lang='lat' dir='ltr'><strong>novem</strong></span> <span class='ocrx_word' id='word_1_672' title='bbox 762 2397 790 2420; x_wconf 87' lang='lat' dir='ltr'><strong>et</strong></span> <span class='ocrx_word' id='word_1_673' title='bbox 819 2402 925 2422; x_wconf 87' lang='lat' dir='ltr'><strong>ntenscs</strong></span> <span class='ocrx_word' id='word_1_674' title='bbox 951 2403 1000 2423; x_wconf 90' lang='lat' dir='ltr'><strong>n0—</strong></span> 
     </span>
    </p>
   </div>
   <div class='ocr_carea' id='block_1_95' title="bbox 214 2435 998 2476">
    <p class='ocr_par' dir='ltr' id='par_1_95' title="bbox 214 2435 998 2476">
     <span class='ocr_line' id='line_1_95' title="bbox 214 2435 998 2476; baseline 0.006 -14"><span class='ocrx_word' id='word_1_675' title='bbox 214 2445 285 2463; x_wconf 82' lang='lat' dir='ltr'><strong>vcnt.</strong></span> <span class='ocrx_word' id='word_1_676' title='bbox 301 2435 409 2464; x_wconf 82' lang='lat' dir='ltr'><strong>lllittcns</strong></span> <span class='ocrx_word' id='word_1_677' title='bbox 429 2436 472 2464; x_wconf 91' lang='lat' dir='ltr'><strong>hic</strong></span> <span class='ocrx_word' id='word_1_678' title='bbox 495 2437 679 2472; x_wconf 76' lang='lat' dir='ltr'><strong>Hierosolyma</strong></span> <span class='ocrx_word' id='word_1_679' title='bbox 697 2439 825 2473; x_wconf 86' lang='lat' dir='ltr'><strong>templum</strong></span> <span class='ocrx_word' id='word_1_680' title='bbox 843 2439 998 2476; x_wconf 84' lang='lat' dir='ltr'><strong>Hierosoly-</strong></span> 
     </span>
    </p>
   </div>
   <div class='ocr_carea' id='block_1_96' title="bbox 214 2482 996 2520">
    <p class='ocr_par' dir='ltr' id='par_1_96' title="bbox 214 2482 996 2520">
     <span class='ocr_line' id='line_1_96' title="bbox 214 2482 996 2520; baseline 0.008 -13"><span class='ocrx_word' id='word_1_681' title='bbox 214 2482 347 2508; x_wconf 87' lang='lat' dir='ltr'><strong>tnitanum</strong></span> <span class='ocrx_word' id='word_1_682' title='bbox 365 2482 500 2510; x_wconf 81' lang='lat' dir='ltr'><strong>exstruxit</strong></span> <span class='ocrx_word' id='word_1_683' title='bbox 512 2503 520 2514; x_wconf 84' lang='grc'><em>,</em></span> <span class='ocrx_word' id='word_1_684' title='bbox 538 2487 619 2518; x_wconf 84' lang='lat' dir='ltr'><strong>atque</strong></span> <span class='ocrx_word' id='word_1_685' title='bbox 642 2492 724 2517; x_wconf 85' lang='lat' dir='ltr'><strong>opere</strong></span> <span class='ocrx_word' id='word_1_686' title='bbox 745 2485 850 2513; x_wconf 86' lang='lat' dir='ltr'><strong>albario</strong></span> <span class='ocrx_word' id='word_1_687' title='bbox 868 2488 996 2520; x_wconf 86' lang='lat' dir='ltr'><strong>ornavit,</strong></span> 
     </span>
    </p>
   </div>
   <div class='ocr_carea' id='block_1_97' title="bbox 215 2527 997 2562">
    <p class='ocr_par' dir='ltr' id='par_1_97' title="bbox 215 2527 997 2562">
     <span class='ocr_line' id='line_1_97' title="bbox 215 2527 997 2562; baseline 0.008 -10"><span class='ocrx_word' id='word_1_688' title='bbox 215 2531 289 2560; x_wconf 87' lang='lat' dir='ltr'><strong>petra</strong></span> <span class='ocrx_word' id='word_1_689' title='bbox 308 2527 332 2554; x_wconf 91' lang='lat' dir='ltr'><strong>in</strong></span> <span class='ocrx_word' id='word_1_690' title='bbox 347 2528 435 2555; x_wconf 88' lang='lat' dir='ltr'><strong>medio</strong></span> <span class='ocrx_word' id='word_1_691' title='bbox 452 2529 544 2562; x_wconf 78' lang='lat' dir='ltr'><strong>templi</strong></span> <span class='ocrx_word' id='word_1_692' title='bbox 560 2528 702 2560; x_wconf 80' lang='lat' dir='ltr'><strong>collocata,</strong></span> <span class='ocrx_word' id='word_1_693' title='bbox 716 2537 796 2562; x_wconf 86' lang='lat' dir='ltr'><strong>quam</strong></span> <span class='ocrx_word' id='word_1_694' title='bbox 813 2531 895 2557; x_wconf 86' lang='lat' dir='ltr'><strong>etiam</strong></span> <span class='ocrx_word' id='word_1_695' title='bbox 913 2532 997 2558; x_wconf 73' lang='lat' dir='ltr'><strong>aedili-</strong></span> 
     </span>
    </p>
   </div>
   <div class='ocr_carea' id='block_1_98' title="bbox 213 2573 997 2610">
    <p class='ocr_par' dir='ltr' id='par_1_98' title="bbox 213 2573 997 2610">
     <span class='ocr_line' id='line_1_98' title="bbox 213 2573 997 2610; baseline 0.006 -11"><span class='ocrx_word' id='word_1_696' title='bbox 213 2573 257 2600; x_wconf 82' lang='lat' dir='ltr'><strong>cio</strong></span> <span class='ocrx_word' id='word_1_697' title='bbox 274 2573 370 2606; x_wconf 83' lang='lat' dir='ltr'><strong>cinxit,</strong></span> <span class='ocrx_word' id='word_1_698' title='bbox 389 2575 460 2609; x_wconf 88' lang='lat' dir='ltr'><strong>qttod</strong></span> <span class='ocrx_word' id='word_1_699' title='bbox 486 2581 621 2602; x_wconf 88' lang='lat' dir='ltr'><strong>tuarnt0rc</strong></span> <span class='ocrx_word' id='word_1_700' title='bbox 637 2575 814 2608; x_wconf 87' lang='lat' dir='ltr'><strong>incrustavit;</strong></span> <span class='ocrx_word' id='word_1_701' title='bbox 833 2577 897 2610; x_wconf 88' lang='lat' dir='ltr'><strong>quin</strong></span> <span class='ocrx_word' id='word_1_702' title='bbox 918 2581 944 2604; x_wconf 86' lang='lat' dir='ltr'><strong>ct</strong></span> <span class='ocrx_word' id='word_1_703' title='bbox 959 2583 997 2604; x_wconf 86' lang='lat' dir='ltr'><strong>tc-</strong></span> 
     </span>
    </p>
   </div>
   <div class='ocr_carea' id='block_1_99' title="bbox 213 2619 996 2657">
    <p class='ocr_par' dir='ltr' id='par_1_99' title="bbox 213 2619 996 2657">
     <span class='ocr_line' id='line_1_99' title="bbox 213 2619 996 2657; baseline 0.006 -13"><span class='ocrx_word' id='word_1_704' title='bbox 213 2619 360 2652; x_wconf 64' lang='lat' dir='ltr'><strong>s‘udincm,</strong></span> <span class='ocrx_word' id='word_1_705' title='bbox 379 2628 438 2655; x_wconf 68' lang='lat' dir='ltr'><strong>qua:</strong></span> <span class='ocrx_word' id='word_1_706' title='bbox 454 2620 617 2648; x_wconf 77' lang='lat' dir='ltr'><strong>Christianis</strong></span> <span class='ocrx_word' id='word_1_707' title='bbox 641 2626 701 2648; x_wconf 78' lang='lat' dir='ltr'><strong>erat</strong></span> <span class='ocrx_word' id='word_1_708' title='bbox 724 2621 750 2648; x_wconf 90' lang='lat' dir='ltr'><strong>in</strong></span> <span class='ocrx_word' id='word_1_709' title='bbox 776 2622 891 2649; x_wconf 83' lang='lat' dir='ltr'><strong>ecclesia</strong></span> <span class='ocrx_word' id='word_1_710' title='bbox 915 2630 996 2657; x_wconf 83' lang='lat' dir='ltr'><strong>quam</strong></span> 
     </span>
    </p>
   </div>
   <div class='ocr_carea' id='block_1_100' title="bbox 213 2663 997 2696">
    <p class='ocr_par' dir='ltr' id='par_1_100' title="bbox 213 2663 997 2696">
     <span class='ocr_line' id='line_1_100' title="bbox 213 2663 997 2696; baseline 0.006 -7"><span class='ocrx_word' id='word_1_711' title='bbox 213 2663 278 2690; x_wconf 78' lang='lat' dir='ltr'><strong>Bnal</strong></span> <span class='ocrx_word' id='word_1_712' title='bbox 291 2663 353 2691; x_wconf 67' lang='grc' dir='ltr'><strong>Περὶ</strong></span> <span class='ocrx_word' id='word_1_713' title='bbox 367 2665 519 2692; x_wconf 76' lang='lat' dir='ltr'><strong>habuerunt</strong></span> <span class='ocrx_word' id='word_1_714' title='bbox 532 2671 558 2692; x_wconf 89' lang='lat' dir='ltr'><strong>et</strong></span> <span class='ocrx_word' id='word_1_715' title='bbox 570 2674 601 2693; x_wconf 94' lang='lat' dir='ltr'><strong>cx</strong></span> <span class='ocrx_word' id='word_1_716' title='bbox 617 2673 669 2693; x_wconf 72' lang='lat' dir='ltr'><strong>tere</strong></span> <span class='ocrx_word' id='word_1_717' title='bbox 681 2666 807 2696; x_wconf 82' lang='lat' dir='ltr'><strong>conﬂata.</strong></span> <span class='ocrx_word' id='word_1_718' title='bbox 821 2674 852 2694; x_wconf 86' lang='lat' dir='ltr'><strong>ac</strong></span> <span class='ocrx_word' id='word_1_719' title='bbox 867 2667 997 2695; x_wconf 82' lang='lat' dir='ltr'><strong>deaurata</strong></span> 
     </span>
    </p>
   </div>
   <div class='ocr_carea' id='block_1_101' title="bbox 212 2710 997 2748">
    <p class='ocr_par' dir='ltr' id='par_1_101' title="bbox 212 2710 997 2748">
     <span class='ocr_line' id='line_1_101' title="bbox 212 2710 997 2748; baseline 0.006 -13"><span class='ocrx_word' id='word_1_720' title='bbox 212 2713 282 2740; x_wconf 80' lang='lat' dir='ltr'><strong>erat.</strong></span> <span class='ocrx_word' id='word_1_721' title='bbox 301 2710 419 2737; x_wconf 77' lang='lat' dir='ltr'><strong>dirutam</strong></span> <span class='ocrx_word' id='word_1_722' title='bbox 437 2715 519 2743; x_wconf 63' lang='lat' dir='ltr'><strong>petrae</strong></span> <span class='ocrx_word' id='word_1_723' title='bbox 535 2712 759 2747; x_wconf 83' lang='lat' dir='ltr'><strong>superitnposuit;</strong></span> <span class='ocrx_word' id='word_1_724' title='bbox 776 2712 807 2739; x_wconf 84' lang='lat' dir='ltr'><strong>ad</strong></span> <span class='ocrx_word' id='word_1_725' title='bbox 830 2717 932 2747; x_wconf 87' lang='lat' dir='ltr'><strong>petram</strong></span> <span class='ocrx_word' id='word_1_726' title='bbox 952 2722 997 2748; x_wconf 90' lang='lat' dir='ltr'><strong>pe-</strong></span> 
     </span>
    </p>
   </div>
   <div class='ocr_carea' id='block_1_102' title="bbox 214 2755 996 2793">
    <p class='ocr_par' dir='ltr' id='par_1_102' title="bbox 214 2755 996 2793">
     <span class='ocr_line' id='line_1_102' title="bbox 214 2755 996 2793; baseline 0.006 -12"><span class='ocrx_word' id='word_1_727' title='bbox 214 2755 410 2787; x_wconf 64' lang='lat' dir='ltr'><strong>regrinationes</strong></span> <span class='ocrx_word' id='word_1_728' title='bbox 424 2757 456 2783; x_wconf 88' lang='lat' dir='ltr'><strong>ab</strong></span> <span class='ocrx_word' id='word_1_729' title='bbox 475 2757 631 2785; x_wconf 89' lang='lat' dir='ltr'><strong>ltontinibns</strong></span> <span class='ocrx_word' id='word_1_730' title='bbox 647 2759 753 2786; x_wconf 88' lang='lat' dir='ltr'><strong>institui</strong></span> <span class='ocrx_word' id='word_1_731' title='bbox 775 2758 868 2793; x_wconf 84' lang='lat' dir='ltr'><strong>jussit.</strong></span> <span class='ocrx_word' id='word_1_732' title='bbox 887 2759 996 2786; x_wconf 79' lang='lat' dir='ltr'><strong>Mittens</strong></span> 
     </span>
    </p>
   </div>
   <div class='ocr_carea' id='block_1_103' title="bbox 212 2801 995 2838">
    <p class='ocr_par' dir='ltr' id='par_1_103' title="bbox 212 2801 995 2838">
     <span class='ocr_line' id='line_1_103' title="bbox 212 2801 995 2838; baseline 0.006 -12"><span class='ocrx_word' id='word_1_733' title='bbox 212 2801 294 2826; x_wconf 76' lang='lat' dir='ltr'><strong>ctiam</strong></span> <span class='ocrx_word' id='word_1_734' title='bbox 308 2802 339 2827; x_wconf 81' lang='lat' dir='ltr'><strong>ad</strong></span> <span class='ocrx_word' id='word_1_735' title='bbox 352 2803 467 2828; x_wconf 86' lang='lat' dir='ltr'><strong>Korram</strong></span> <span class='ocrx_word' id='word_1_736' title='bbox 483 2802 537 2828; x_wconf 80' lang='lat' dir='ltr'><strong>Ebn</strong></span> <span class='ocrx_word' id='word_1_737' title='bbox 550 2803 669 2835; x_wconf 86' lang='lat' dir='ltr'><strong>Shehah,</strong></span> <span class='ocrx_word' id='word_1_738' title='bbox 682 2804 857 2834; x_wconf 83' lang='lat' dir='ltr'><strong>Abbasidam.</strong></span> <span class='ocrx_word' id='word_1_739' title='bbox 868 2804 913 2838; x_wconf 89' lang='lat' dir='ltr'><strong>qui</strong></span> <span class='ocrx_word' id='word_1_740' title='bbox 931 2809 995 2832; x_wconf 88' lang='lat' dir='ltr'><strong>tuttc</strong></span> 
     </span>
    </p>
   </div>
   <div class='ocr_carea' id='block_1_104' title="bbox 216 2839 993 2884">
    <p class='ocr_par' dir='ltr' id='par_1_104' title="bbox 216 2839 993 2884">
     <span class='ocr_line' id='line_1_104' title="bbox 216 2839 993 2884; baseline 0.005 -12"><span class='ocrx_word' id='word_1_741' title='bbox 216 2846 345 2880; x_wconf 78' lang='lat' dir='ltr'><strong>temporis</strong></span> <span class='ocrx_word' id='word_1_742' title='bbox 360 2845 445 2880; x_wconf 80' lang='lat' dir='ltr'><strong>ipsius</strong></span> <span class='ocrx_word' id='word_1_743' title='bbox 462 2846 571 2874; x_wconf 63' lang='lat' dir='ltr'><strong>nomine</strong></span> <span class='ocrx_word' id='word_1_744' title='bbox 587 2847 702 2882; x_wconf 65' lang='lat' dir='ltr'><strong>.lC;_\&#39;pto</strong></span> <span class='ocrx_word' id='word_1_745' title='bbox 719 2848 824 2883; x_wconf 62' lang='lat' dir='ltr'><strong>prtcl&#39;uii</strong></span> <span class='ocrx_word' id='word_1_746' title='bbox 839 2868 846 2881; x_wconf 93' lang='lat'><strong>,</strong></span> <span class='ocrx_word' id='word_1_747' title='bbox 866 2839 993 2884; x_wconf 63' lang='lat' dir='ltr'><strong>tctupluin</strong></span> 
     </span>
    </p>
   </div>
   <div class='ocr_carea' id='block_1_105' title="bbox 1051 2255 1840 2292">
    <p class='ocr_par' dir='ltr' id='par_1_105' title="bbox 1051 2255 1840 2292">
     <span class='ocr_line' id='line_1_105' title="bbox 1051 2255 1840 2292; baseline -0.004 -7"><span class='ocrx_word' id='word_1_748' title='bbox 1051 2259 1113 2287; x_wconf 88' lang='lat' dir='ltr'><strong>leci.</strong></span> <span class='ocrx_word' id='word_1_749' title='bbox 1126 2258 1272 2292; x_wconf 63' lang='lat' dir='ltr'><strong>praeit-ctus</strong></span> <span class='ocrx_word' id='word_1_750' title='bbox 1288 2257 1337 2284; x_wconf 77' lang='lat' dir='ltr'><strong>fuit</strong></span> <span class='ocrx_word' id='word_1_751' title='bbox 1358 2256 1474 2284; x_wconf 82' lang='lat' dir='ltr'><strong>Asamalt</strong></span> <span class='ocrx_word' id='word_1_752' title='bbox 1493 2256 1550 2283; x_wconf 87' lang='lat' dir='ltr'><strong>Ebn</strong></span> <span class='ocrx_word' id='word_1_753' title='bbox 1567 2255 1631 2282; x_wconf 85' lang='lat' dir='ltr'><strong>Zaid</strong></span> <span class='ocrx_word' id='word_1_754' title='bbox 1647 2255 1840 2282; x_wconf 87' lang='lat' dir='ltr'><strong>Tannuchien-</strong></span> 
     </span>
    </p>
   </div>
   <div class='ocr_carea' id='block_1_106' title="bbox 1051 2300 1838 2335">
    <p class='ocr_par' dir='ltr' id='par_1_106' title="bbox 1051 2300 1838 2335">
     <span class='ocr_line' id='line_1_106' title="bbox 1051 2300 1838 2335; baseline -0.008 -3"><span class='ocrx_word' id='word_1_755' title='bbox 1051 2304 1102 2332; x_wconf 86' lang='lat' dir='ltr'><strong>sis.</strong></span> <span class='ocrx_word' id='word_1_756' title='bbox 1119 2303 1169 2331; x_wconf 79' lang='lat' dir='ltr'><strong>llic</strong></span> <span class='ocrx_word' id='word_1_757' title='bbox 1184 2304 1217 2330; x_wconf 88' lang='lat' dir='ltr'><strong>ad</strong></span> <span class='ocrx_word' id='word_1_758' title='bbox 1232 2302 1401 2329; x_wconf 86' lang='lat' dir='ltr'><strong>Solimanum</strong></span> <span class='ocrx_word' id='word_1_759' title='bbox 1427 2302 1563 2334; x_wconf 86' lang='lat' dir='ltr'><strong>scribens,</strong></span> <span class='ocrx_word' id='word_1_760' title='bbox 1578 2300 1720 2328; x_wconf 87' lang='lat' dir='ltr'><strong>certiorem</strong></span> <span class='ocrx_word' id='word_1_761' title='bbox 1749 2301 1838 2335; x_wconf 79' lang='lat' dir='ltr'><strong>ipsum</strong></span> 
     </span>
    </p>
   </div>
   <div class='ocr_carea' id='block_1_107' title="bbox 1051 2345 1835 2380">
    <p class='ocr_par' dir='ltr' id='par_1_107' title="bbox 1051 2345 1835 2380">
     <span class='ocr_line' id='line_1_107' title="bbox 1051 2345 1835 2380; baseline -0.004 -5"><span class='ocrx_word' id='word_1_762' title='bbox 1051 2349 1117 2376; x_wconf 81' lang='lat' dir='ltr'><strong>fecit</strong></span> <span class='ocrx_word' id='word_1_763' title='bbox 1139 2349 1294 2375; x_wconf 85' lang='lat' dir='ltr'><strong>columnam</strong></span> <span class='ocrx_word' id='word_1_764' title='bbox 1309 2346 1500 2374; x_wconf 66' lang='lat' dir='ltr'><strong>mensuranda:</strong></span> <span class='ocrx_word' id='word_1_765' title='bbox 1515 2353 1592 2380; x_wconf 67' lang='lat' dir='ltr'><strong>aqua:</strong></span> <span class='ocrx_word' id='word_1_766' title='bbox 1607 2353 1687 2380; x_wconf 87' lang='lat' dir='ltr'><strong>quam</strong></span> <span class='ocrx_word' id='word_1_767' title='bbox 1712 2345 1835 2372; x_wconf 81' lang='lat' dir='ltr'><strong>Ilolwmi</strong></span> 
     </span>
    </p>
   </div>
   <div class='ocr_carea' id='block_1_108' title="bbox 1049 2391 1838 2422">
    <p class='ocr_par' dir='ltr' id='par_1_108' title="bbox 1049 2391 1838 2422">
     <span class='ocr_line' id='line_1_108' title="bbox 1049 2391 1838 2422; baseline -0.006 -1"><span class='ocrx_word' id='word_1_768' title='bbox 1049 2398 1172 2422; x_wconf 84' lang='lat' dir='ltr'><strong>erexerat</strong></span> <span class='ocrx_word' id='word_1_769' title='bbox 1183 2393 1280 2421; x_wconf 79' lang='lat' dir='ltr'><strong>Abdol.</strong></span> <span class='ocrx_word' id='word_1_770' title='bbox 1300 2392 1364 2420; x_wconf 82' lang='lat' dir='ltr'><strong>Aziz</strong></span> <span class='ocrx_word' id='word_1_771' title='bbox 1377 2392 1434 2419; x_wconf 86' lang='lat' dir='ltr'><strong>Ebn</strong></span> <span class='ocrx_word' id='word_1_772' title='bbox 1452 2391 1569 2418; x_wconf 81' lang='lat' dir='ltr'><strong>Merwan</strong></span> <span class='ocrx_word' id='word_1_773' title='bbox 1586 2391 1651 2418; x_wconf 90' lang='lat' dir='ltr'><strong>nulli</strong></span> <span class='ocrx_word' id='word_1_774' title='bbox 1668 2391 1730 2418; x_wconf 85' lang='lat' dir='ltr'><strong>usui</strong></span> <span class='ocrx_word' id='word_1_775' title='bbox 1747 2391 1838 2417; x_wconf 84' lang='lat' dir='ltr'><strong>inscr-</strong></span> 
     </span>
    </p>
   </div>
   <div class='ocr_carea' id='block_1_109' title="bbox 1049 2436 1838 2473">
    <p class='ocr_par' dir='ltr' id='par_1_109' title="bbox 1049 2436 1838 2473">
     <span class='ocr_line' id='line_1_109' title="bbox 1049 2436 1838 2473; baseline -0.006 -7"><span class='ocrx_word' id='word_1_776' title='bbox 1049 2439 1116 2471; x_wconf 87' lang='lat' dir='ltr'><strong>vire;</strong></span> <span class='ocrx_word' id='word_1_777' title='bbox 1130 2439 1163 2466; x_wconf 90' lang='lat' dir='ltr'><strong>ad</strong></span> <span class='ocrx_word' id='word_1_778' title='bbox 1174 2446 1253 2473; x_wconf 84' lang='lat' dir='ltr'><strong>quem</strong></span> <span class='ocrx_word' id='word_1_779' title='bbox 1262 2446 1326 2472; x_wconf 79' lang='lat' dir='ltr'><strong>ergo</strong></span> <span class='ocrx_word' id='word_1_780' title='bbox 1334 2437 1575 2471; x_wconf 83' lang='lat' dir='ltr'><strong>rescribensjussit</strong></span> <span class='ocrx_word' id='word_1_781' title='bbox 1585 2437 1674 2471; x_wconf 90' lang='lat' dir='ltr'><strong>ipsum</strong></span> <span class='ocrx_word' id='word_1_782' title='bbox 1684 2436 1838 2462; x_wconf 79' lang='lat' dir='ltr'><strong>columnam</strong></span> 
     </span>
    </p>
   </div>
   <div class='ocr_carea' id='block_1_110' title="bbox 1049 2480 1842 2518">
    <p class='ocr_par' dir='ltr' id='par_1_110' title="bbox 1049 2480 1842 2518">
     <span class='ocr_line' id='line_1_110' title="bbox 1049 2480 1842 2518; baseline -0.006 -7"><span class='ocrx_word' id='word_1_783' title='bbox 1049 2489 1189 2511; x_wconf 75' lang='lat' dir='ltr'><strong>exstruere</strong></span> <span class='ocrx_word' id='word_1_784' title='bbox 1209 2484 1236 2510; x_wconf 91' lang='lat' dir='ltr'><strong>in</strong></span> <span class='ocrx_word' id='word_1_785' title='bbox 1252 2484 1342 2511; x_wconf 84' lang='lat' dir='ltr'><strong>insula</strong></span> <span class='ocrx_word' id='word_1_786' title='bbox 1357 2490 1416 2518; x_wconf 63' lang='lat' dir='ltr'><strong>quae</strong></span> <span class='ocrx_word' id='word_1_787' title='bbox 1430 2482 1618 2509; x_wconf 84' lang='lat' dir='ltr'><strong>intcrlluvium</strong></span> <span class='ocrx_word' id='word_1_788' title='bbox 1632 2480 1735 2508; x_wconf 80' lang='lat' dir='ltr'><strong>Fustati</strong></span> <span class='ocrx_word' id='word_1_789' title='bbox 1749 2486 1776 2508; x_wconf 84' lang='lat' dir='ltr'><strong>et</strong></span> <span class='ocrx_word' id='word_1_790' title='bbox 1791 2480 1842 2507; x_wconf 84' lang='lat' dir='ltr'><strong>llu-</strong></span> 
     </span>
    </p>
   </div>
   <div class='ocr_carea' id='block_1_111' title="bbox 1049 2527 1841 2564">
    <p class='ocr_par' dir='ltr' id='par_1_111' title="bbox 1049 2527 1841 2564">
     <span class='ocr_line' id='line_1_111' title="bbox 1049 2527 1841 2564; baseline -0.006 -8"><span class='ocrx_word' id='word_1_791' title='bbox 1049 2530 1121 2556; x_wconf 85' lang='lat' dir='ltr'><strong>vium</strong></span> <span class='ocrx_word' id='word_1_792' title='bbox 1139 2530 1232 2556; x_wconf 71' lang='lat' dir='ltr'><strong>Alliza:</strong></span> <span class='ocrx_word' id='word_1_793' title='bbox 1243 2529 1397 2564; x_wconf 88' lang='lat' dir='ltr'><strong>intcrjaeet.</strong></span> <span class='ocrx_word' id='word_1_794' title='bbox 1409 2527 1550 2555; x_wconf 86' lang='lat' dir='ltr'><strong>Exstruxit</strong></span> <span class='ocrx_word' id='word_1_795' title='bbox 1560 2535 1624 2560; x_wconf 74' lang='lat' dir='ltr'><strong>ergo</strong></span> <span class='ocrx_word' id='word_1_796' title='bbox 1640 2527 1755 2554; x_wconf 74' lang='lat' dir='ltr'><strong>Asamah</strong></span> <span class='ocrx_word' id='word_1_797' title='bbox 1769 2534 1841 2552; x_wconf 89' lang='lat' dir='ltr'><strong>anno</strong></span> 
     </span>
    </p>
   </div>
   <div class='ocr_carea' id='block_1_112' title="bbox 1049 2573 1840 2610">
    <p class='ocr_par' dir='ltr' id='par_1_112' title="bbox 1049 2573 1840 2610">
     <span class='ocr_line' id='line_1_112' title="bbox 1049 2573 1840 2610; baseline -0.006 -7"><span class='ocrx_word' id='word_1_798' title='bbox 1049 2576 1227 2608; x_wconf 71' lang='lat' dir='ltr'><strong>nonagesimo</strong></span> <span class='ocrx_word' id='word_1_799' title='bbox 1248 2576 1363 2610; x_wconf 78' lang='lat' dir='ltr'><strong>septimo</strong></span> <span class='ocrx_word' id='word_1_800' title='bbox 1386 2575 1540 2602; x_wconf 87' lang='lat' dir='ltr'><strong>columnam</strong></span> <span class='ocrx_word' id='word_1_801' title='bbox 1564 2582 1624 2607; x_wconf 73' lang='lat' dir='ltr'><strong>qua:</strong></span> <span class='ocrx_word' id='word_1_802' title='bbox 1642 2573 1674 2599; x_wconf 89' lang='lat' dir='ltr'><strong>ad</strong></span> <span class='ocrx_word' id='word_1_803' title='bbox 1699 2574 1840 2600; x_wconf 88' lang='lat' dir='ltr'><strong>introitum</strong></span> 
     </span>
    </p>
   </div>
   <div class='ocr_carea' id='block_1_113' title="bbox 1047 2619 1839 2655">
    <p class='ocr_par' dir='ltr' id='par_1_113' title="bbox 1047 2619 1839 2655">
     <span class='ocr_line' id='line_1_113' title="bbox 1047 2619 1839 2655; baseline -0.006 -7"><span class='ocrx_word' id='word_1_804' title='bbox 1047 2621 1226 2655; x_wconf 80' lang='lat'><strong>317-379</strong></span> <span class='ocrx_word' id='word_1_805' title='bbox 1238 2621 1288 2648; x_wconf 84' lang='lat' dir='ltr'><strong>Jizi</strong></span> <span class='ocrx_word' id='word_1_806' title='bbox 1302 2626 1354 2652; x_wconf 85' lang='lat' dir='ltr'><strong>est,</strong></span> <span class='ocrx_word' id='word_1_807' title='bbox 1369 2627 1422 2654; x_wconf 86' lang='lat' dir='ltr'><strong>qua</strong></span> <span class='ocrx_word' id='word_1_808' title='bbox 1436 2619 1518 2646; x_wconf 86' lang='lat' dir='ltr'><strong>hodie</strong></span> <span class='ocrx_word' id='word_1_809' title='bbox 1530 2619 1689 2650; x_wconf 79' lang='lat' dir='ltr'><strong>metiuntur,</strong></span> <span class='ocrx_word' id='word_1_810' title='bbox 1709 2623 1839 2645; x_wconf 84' lang='lat' dir='ltr'><strong>vocatur-</strong></span> 
     </span>
    </p>
   </div>
   <div class='ocr_carea' id='block_1_114' title="bbox 1047 2664 1841 2702">
    <p class='ocr_par' dir='ltr' id='par_1_114' title="bbox 1047 2664 1841 2702">
     <span class='ocr_line' id='line_1_114' title="bbox 1047 2664 1841 2702; baseline -0.004 -10"><span class='ocrx_word' id='word_1_811' title='bbox 1047 2675 1099 2701; x_wconf 88' lang='lat' dir='ltr'><strong>que</strong></span> <span class='ocrx_word' id='word_1_812' title='bbox 1114 2667 1234 2694; x_wconf 79' lang='lat' dir='ltr'><strong>Alkadim</strong></span> <span class='ocrx_word' id='word_1_813' title='bbox 1246 2666 1392 2702; x_wconf 87' lang='lat' dir='ltr'><strong>[antiqua].</strong></span> <span class='ocrx_word' id='word_1_814' title='bbox 1404 2666 1482 2692; x_wconf 80' lang='lat' dir='ltr'><strong>Anno</strong></span> <span class='ocrx_word' id='word_1_815' title='bbox 1492 2665 1636 2693; x_wconf 83' lang='lat' dir='ltr'><strong>chalil&#39;atus</strong></span> <span class='ocrx_word' id='word_1_816' title='bbox 1646 2664 1775 2690; x_wconf 84' lang='lat' dir='ltr'><strong>Solimani</strong></span> <span class='ocrx_word' id='word_1_817' title='bbox 1785 2668 1841 2690; x_wconf 88' lang='lat' dir='ltr'><strong>ter-</strong></span> 
     </span>
    </p>
   </div>
   <div class='ocr_carea' id='block_1_115' title="bbox 1048 2709 1842 2747">
    <p class='ocr_par' dir='ltr' id='par_1_115' title="bbox 1048 2709 1842 2747">
     <span class='ocr_line' id='line_1_115' title="bbox 1048 2709 1842 2747; baseline -0.004 -9"><span class='ocrx_word' id='word_1_818' title='bbox 1048 2713 1085 2738; x_wconf 87' lang='lat' dir='ltr'><strong>tio</strong></span> <span class='ocrx_word' id='word_1_819' title='bbox 1097 2713 1260 2740; x_wconf 86' lang='lat' dir='ltr'><strong>constitutus</strong></span> <span class='ocrx_word' id='word_1_820' title='bbox 1271 2717 1311 2740; x_wconf 87' lang='lat' dir='ltr'><strong>est</strong></span> <span class='ocrx_word' id='word_1_821' title='bbox 1321 2712 1475 2747; x_wconf 79' lang='lat' dir='ltr'><strong>Stephanus</strong></span> <span class='ocrx_word' id='word_1_822' title='bbox 1483 2711 1633 2744; x_wconf 83' lang='lat' dir='ltr'><strong>patriarcha</strong></span> <span class='ocrx_word' id='word_1_823' title='bbox 1643 2709 1842 2736; x_wconf 74' lang='lat' dir='ltr'><strong>Antiochenus-</strong></span> 
     </span>
    </p>
   </div>
   <div class='ocr_carea' id='block_1_116' title="bbox 1046 2755 1841 2794">
    <p class='ocr_par' dir='ltr' id='par_1_116' title="bbox 1046 2755 1841 2794">
     <span class='ocr_line' id='line_1_116' title="bbox 1046 2755 1841 2794; baseline -0.006 -9"><span class='ocrx_word' id='word_1_824' title='bbox 1046 2758 1091 2790; x_wconf 84' lang='lat' dir='ltr'><strong>qui</strong></span> <span class='ocrx_word' id='word_1_825' title='bbox 1110 2765 1197 2785; x_wconf 88' lang='lat' dir='ltr'><strong>annos</strong></span> <span class='ocrx_word' id='word_1_826' title='bbox 1215 2758 1322 2794; x_wconf 77' lang='lat' dir='ltr'><strong>triginta</strong></span> <span class='ocrx_word' id='word_1_827' title='bbox 1337 2762 1439 2792; x_wconf 88' lang='lat' dir='ltr'><strong>septem</strong></span> <span class='ocrx_word' id='word_1_828' title='bbox 1463 2756 1544 2787; x_wconf 86' lang='lat' dir='ltr'><strong>sedit,</strong></span> <span class='ocrx_word' id='word_1_829' title='bbox 1570 2755 1632 2782; x_wconf 79' lang='lat' dir='ltr'><strong>dein</strong></span> <span class='ocrx_word' id='word_1_830' title='bbox 1653 2759 1778 2781; x_wconf 86' lang='lat' dir='ltr'><strong>mortuus</strong></span> <span class='ocrx_word' id='word_1_831' title='bbox 1790 2757 1841 2780; x_wconf 83' lang='lat' dir='ltr'><strong>est.</strong></span> 
     </span>
    </p>
   </div>
   <div class='ocr_carea' id='block_1_117' title="bbox 1046 2798 1841 2830">
    <p class='ocr_par' dir='ltr' id='par_1_117' title="bbox 1046 2798 1841 2830">
     <span class='ocr_line' id='line_1_117' title="bbox 1046 2798 1841 2830; baseline -0.004 -1"><span class='ocrx_word' id='word_1_832' title='bbox 1046 2802 1118 2830; x_wconf 91' lang='lat' dir='ltr'><strong>Obiit</strong></span> <span class='ocrx_word' id='word_1_833' title='bbox 1127 2808 1215 2830; x_wconf 77' lang='lat' dir='ltr'><strong>autem</strong></span> <span class='ocrx_word' id='word_1_834' title='bbox 1227 2803 1347 2830; x_wconf 89' lang='lat' dir='ltr'><strong>Soliman</strong></span> <span class='ocrx_word' id='word_1_835' title='bbox 1358 2804 1415 2830; x_wconf 83' lang='lat' dir='ltr'><strong>Ehn</strong></span> <span class='ocrx_word' id='word_1_836' title='bbox 1427 2802 1486 2829; x_wconf 84' lang='lat' dir='ltr'><strong>Adil</strong></span> <span class='ocrx_word' id='word_1_837' title='bbox 1495 2801 1578 2828; x_wconf 79' lang='lat' dir='ltr'><strong>Malcc</strong></span> <span class='ocrx_word' id='word_1_838' title='bbox 1590 2809 1681 2827; x_wconf 80' lang='lat' dir='ltr'><strong>mense</strong></span> <span class='ocrx_word' id='word_1_839' title='bbox 1692 2798 1841 2826; x_wconf 76' lang='lat' dir='ltr'><strong>Safarannl</strong></span> 
     </span>
    </p>
   </div>
   <div class='ocr_carea' id='block_1_118' title="bbox 1046 2846 1841 2884">
    <p class='ocr_par' dir='ltr' id='par_1_118' title="bbox 1046 2846 1841 2884">
     <span class='ocr_line' id='line_1_118' title="bbox 1046 2846 1841 2884; baseline -0.006 -8"><span class='ocrx_word' id='word_1_840' title='bbox 1046 2849 1132 2878; x_wconf 70' lang='lat' dir='ltr'><strong>“clm:</strong></span> <span class='ocrx_word' id='word_1_841' title='bbox 1144 2849 1310 2884; x_wconf 73' lang='lat' dir='ltr'><strong>tmnagcsimi</strong></span> <span class='ocrx_word' id='word_1_842' title='bbox 1323 2849 1397 2878; x_wconf 84' lang='lat' dir='ltr'><strong>noni.</strong></span> <span class='ocrx_word' id='word_1_843' title='bbox 1408 2856 1493 2877; x_wconf 87' lang='lat' dir='ltr'><strong>annos</strong></span> <span class='ocrx_word' id='word_1_844' title='bbox 1502 2852 1583 2876; x_wconf 85' lang='lat' dir='ltr'><strong>natus</strong></span> <span class='ocrx_word' id='word_1_845' title='bbox 1598 2846 1708 2881; x_wconf 80' lang='lat' dir='ltr'><strong>triginta</strong></span> <span class='ocrx_word' id='word_1_846' title='bbox 1722 2851 1819 2873; x_wconf 72' lang='lat' dir='ltr'><strong>novent</strong></span> <span class='ocrx_word' id='word_1_847' title='bbox 1834 2852 1841 2872; x_wconf 87' lang='lat'><strong>:</strong></span> 
     </span>
    </p>
   </div>
  </div>
