2014 3082
186 136 250 164 1121

895 135 940 158 ΛΝ
949 135 967 159 Ν
974 135 994 159 [ἰ
1001 134 1079 160 libb.

1724 134 1789 164 “22

188 189 354 214 usu-mento
367 185 508 220 imperium
518 185 785 220 lcgavilUerolibn
801 185 876 212 Abdil
893 185 968 211 Aziz.
983 189 1006 216 Α
1022 184 1070 218 ipsi
1089 185 1113 210 in
1130 183 1217 211 fronte
1233 185 1494 213 cicatrix.Tradcnte
1505 187 1651 222 exemplari
1667 195 1721 221 quo
1733 191 1797 220 iam,

185 232 242 258 Fuit
261 232 383 266 pulcher,
400 231 515 265 pinguis,
529 232 610 258 barba
634 232 720 265 nigra.
738 231 888 258 Satellitum
901 239 968 264 prae-

186 278 274 304 fectus
287 277 337 310 ipsi
352 276 400 303 luit
413 277 484 303 (Iaab
500 275 556 302 Elui
569 276 684 308 Chaled,
694 276 968 308 Abasc115is;.lanitor

185 324 243 349 Abu
258 323 376 354 Ubadite,
390 323 500 350 libertus
522 323 617 357 ipsius.

315 370 463 404 Chalifalus
479 370 569 396 Omaii
587 370 644 397 Ebn
660 370 744 396 Abdil‘
765 369 841 396 Aziz.

218 416 398 448 lnauguratus
414 420 456 442 est
472 415 554 442 Omar
573 415 630 442 Ebn
648 415 724 442 Abdil
745 415 808 441 Aziz
824 414 881 441 Ebn
896 413 968 440 Mer-

185 469 257 493 wan,
279 462 333 487 Ehn
353 461 463 487 llacemi
478 481 485 493 ,
504 462 546 487 cui
567 466 652 487 mater
669 461 719 487 fuit
741 461 840 487 Omuto
865 460 966 493 Asemi,

187 507 240 533 tilia
255 507 301 532 Asi
319 507 374 532 Ebu
389 506 472 533 Omar
484 506 541 532 Elui
554 506 676 538 (lltetabi,
694 513 785 532 mense
807 504 885 532 Safar
902 505 965 531 anni

188 552 355 587 nonagesimi
373 553 446 578 noni.
468 551 517 578 llic
540 552 608 578 laeta
627 552 734 578 familia:
749 559 805 578 suae
827 557 967 578 aversatus

187 602 246 627 est;
265 602 345 631 atque
363 597 405 623 Ali
420 597 470 622 Abi
486 596 579 623 Talehi
593 597 769 624 maledicendi
786 597 813 623 in
830 597 965 631 suggestis

187 641 445 676 [consuetudinem]
480 642 600 668 sustulit.
629 642 768 676 Siquidem
797 649 812 669 a
839 641 967 668 chalifatu

186 687 305 713 Moawia:
324 687 380 713 Ebn
405 687 456 713 Abi
482 687 604 722 Sol’yan,
630 695 716 722 usque
741 688 774 713 ad
805 687 963 713 chalit‘atum

186 729 277 757 Omari
295 731 352 757 Ebn
368 731 418 757 Abi
436 732 514 757 Abdil
537 732 601 758 Azlz
615 752 622 764 ,
638 732 761 759 solebant
782 731 887 758 cbalifa:
902 730 968 758 0m-

187 777 283 803 Inaidze
311 777 352 802 Ali
378 776 434 803 Elin
460 776 554 804 Talebi
578 778 603 803 in
632 777 766 812 suggestis
794 777 968 808 maledicere,

186 821 275 855 ipsum
287 821 344 847 Aba
354 821 445 848 Torab
459 820 573 856 [patrem
590 821 721 857 pulveris]
732 823 965 857 cognominantes.

1021 231 1144 265 sepultus
1169 237 1210 258 est
1234 232 1260 258 in
1288 233 1453 259 Inonastetio
1480 233 1616 260 Simeonis
1643 234 1669 260 in
1699 234 1802 260 ditionc

1023 275 1265 311 llems[Emissa:].
1286 276 1437 304 Satellitum
1461 277 1546 310 ipsius
1578 277 1721 312 prtcli-ctus
1751 279 1803 306 fuit

1021 320 1156 347 ltawalius
1174 322 1229 348 Ebn
1249 321 1343 353 Yuzid,
1362 321 1545 349 Saccaseusis.
1559 322 1664 350 Janitor
1685 323 1803 350 llobaish

1021 365 1135 393 libertus
1150 367 1246 401 ipsius.

1134 412 1283 447 Chalifulua
1303 412 1396 440 l’uzidi
1415 413 1470 439 Ebu
1488 414 1566 440 ΛΜΗ
1583 414 1689 442 ,ναίει-ἱ.

1055 455 1234 492 lnauguratus
1257 463 1298 485 est
1322 457 1407 485 Yazid
1433 460 1491 485 Ebu
1517 460 1596 486 Abdil
1624 460 1716 486 lllaleei
1744 461 1801 487 liba

1020 499 1155 534 Mcrwan,
1178 503 1235 529 Ebn
1256 502 1422 535 ol‘llaccnii,
1449 504 1492 530 cui
1514 508 1600 531 mater
1623 506 1722 532 Alecah
1749 507 1803 532 ﬁlia

1020 546 1112 573 Yazidi
1134 547 1191 574 Elin
1213 547 1352 580 Moawiae;
1378 552 1496 582 quatuor
1520 557 1607 576 annos
1631 555 1656 576 et
1681 558 1801 577 mensem

1020 591 1173 626 imperavit.
1204 593 1310 621 Primus
1330 594 1373 620 hic
1389 593 1550 621 chaerum
1574 596 1690 630 puellam
1708 600 1804 623 canta-

1020 637 1114 664 tricem
1130 638 1181 664 sibi
1198 639 1359 672 assumpsit.
1377 638 1439 666 Fuit
1455 640 1500 666 illa
1517 641 1603 674 puella
1622 642 1730 667 nomine
1749 643 1803 666 Hu-

1021 683 1109 710 babah
1123 683 1272 711 admodum
1289 685 1340 718 ipsi
1356 685 1449 717 chara,
1465 693 1524 720 quae
1541 686 1683 720 pra‘l'ectos
1699 687 1805 721 injussu

1019 727 1107 763 ipsius
1127 731 1327 763 constitueret,
1345 735 1372 758 et
1389 732 1449 758 loco
1469 736 1601 759 moveret.
1624 732 1698 759 Obiit
1714 740 1806 759 mense

1015 774 1358 804 Schabananniccntesimi
1381 777 1488 810 quinti,
1508 777 1592 812 384
1613 785 1700 804 annos
1724 785 1806 804 naeus

1020 819 1129 853 triginta
1146 827 1250 852 unum;
1267 821 1307 847 vel
1325 819 1480 848 secundum
1498 822 1570 848 aliud
1588 822 1737 855 exeinplar,
1755 822 1805 848 tri-

185 866 249 893 Erat
261 867 404 893 'chalilatus
420 867 506 901 ipsius
523 868 655 894 mensium
672 868 794 902 triginta.
820 867 881 894 Fuit
898 873 965 895 tem-
984 858 1007 887 Β
1021 865 1095 898 ginta
1119 869 1243 898 septem;
1272 866 1397 900 sepultus
1419 871 1462 893 est
1488 865 1624 893 Damasci.
1652 867 1806 893 Satellitum

185 919 252 946 pore
265 911 350 946 ipsius
365 911 551 940 Romanorum
571 913 717 947 imperator
731 914 903 946 Anastasius,
920 914 966 948 qui

184 964 286 984 annutn
306 965 367 984 cum
387 958 498 985 dimidio
519 958 671 993 imperavit.
687 958 784 986 Nolunt
810 964 902 986 autem
922 960 964 986 I'c—

184 1008 282 1030 cerunt
295 1003 442 1030 Christiani
456 1003 555 1031 Omaro
569 1003 626 1030 Ebu
644 1004 722 1031 Abdil
736 1005 811 1037 Aziz,
829 1005 892 1039 quid
912 1006 965 1032 illis

185 1047 354 1082 pae10380
369 1047 505 1074 ﬁrmatum
520 1048 607 1075 fuerat
617 1049 688 1082 quod
703 1049 735 1076 ad
749 1050 879 1076 ecclesias
903 1057 968 1076 suas

188 1101 223 1120 ne
248 1093 288 1119 vel
315 1093 498 1125 diruerentur,
528 1094 570 1121 vel
598 1094 804 1127 habilarcnlur;
836 1095 966 1129 scriptum

184 1139 294 1166 Ctialedi
316 1139 372 1166 Ebn
384 1139 489 1166 Walcdi
502 1139 685 1174 proferentes.
701 1141 803 1168 Obtulit
819 1149 883 1175 ergo
900 1142 967 1175 ipsis

184 1184 268 1211 Omar
285 1185 463 1219 quadraginta
482 1192 627 1212 aureorum
645 1186 739 1218 millia,
755 1193 854 1220 rogans
872 1191 900 1212 ut
921 1195 967 1212 ac-

184 1234 266 1264 cepta
295 1230 409 1264 pecunia
425 1230 566 1257 ecclesiam
583 1231 770 1263 dimitterent,
789 1237 870 1265 atque
888 1232 967 1258 aliam

181 1277 245 1306 ejus
262 1274 320 1302 vice
334 1275 489 1306 ecclesiam,
513 1283 564 1309 qua
589 1275 687 1303 vellent
719 1276 841 1303 Damasci
870 1283 966 1310 partel

182 1325 356 1347 exstruerem
373 1319 465 1355 :quod
492 1321 682 1348 teettsantibus
699 1322 776 1356 ipsis,
800 1330 832 1349 eo
860 1323 968 1349 devenit

183 1373 242 1397 res,
262 1370 290 1392 ut
306 1365 465 1393 redderetur
479 1366 545 1399 ipsis
560 1367 675 1394 ecclesia
690 1375 739 1393 sua
755 1374 816 1394 cum
835 1368 968 1395 limitibus

182 1411 283 1446 ipsius,
303 1418 359 1446 quo
383 1419 442 1438 eam
465 1416 662 1440 restaurarent.
682 1413 737 1440 lloc
760 1418 848 1440 autem
868 1413 969 1439 Moste-

181 1456 248 1482 tuiis
263 1464 343 1491 grave
358 1457 445 1484 visunt
462 1461 513 1488 est,
528 1457 713 1492 dixeruntque
738 1466 744 1484 :
765 1457 876 1484 'l‘raditu
891 1467 904 1483 n
923 1463 963 1485 est

183 1501 241 1527 illis
256 1501 385 1535 tetnplum
404 1506 537 1532 nostrum.
557 1502 583 1528 in
600 1510 655 1536 quo
672 1503 705 1529 ad
723 1503 816 1536 preces
835 1511 971 1529 convoca-

180 1547 284 1578 vimus,
299 1550 379 1580 atquc
397 1547 535 1574 oravimus
552 1568 558 1578 ,
577 1555 725 1581 precesque
747 1548 799 1573 Deo
822 1549 872 1574 rite
896 1549 969 1575 fudi-

180 1598 259 1622 mus,
279 1596 307 1617 ut
322 1592 456 1623 diruatur,
476 1598 698 1627 restaureturque
725 1595 850 1621 ecclesia.
884 1595 969 1626 Quiu-

179 1638 267 1662 etiam
282 1636 349 1662 dixit
362 1638 420 1663 Ahu
436 1638 512 1664 lidiis
526 1637 720 1666 llolwanensis:
734 1639 800 1666 Cum
812 1640 946 1666 Christian
959 1648 972 1668 s

179 1681 309 1715 equidem
329 1682 418 1709 fmdus
435 1683 530 1710 initum
546 1689 587 1711 est
601 1685 671 1718 quod
688 1685 721 1711 ud
738 1685 880 1711 dimidium
899 1686 972 1713 urbis

181 1727 369 1758 Datttascettw,
383 1732 420 1760 et,
436 1736 495 1762 qute
513 1729 539 1755 in
565 1730 624 1764 ipso
650 1735 712 1756 sunt
737 1730 800 1762 illis,
817 1730 946 1757 ecclesias
962 1739 970 1757 :

184 1772 261 1807 quod
277 1773 308 1798 ad
324 1773 436 1799 alteram
449 1781 515 1800 vero
531 1774 589 1808 cjus
602 1778 717 1808 partem,
729 1775 816 1808 gladio
830 1779 907 1809 capta
919 1780 971 1808 est;

179 1816 333 1850 eodemque
350 1818 430 1844 modo
446 1819 516 1852 quod
534 1819 606 1846 circa
626 1819 786 1846 Ilatnascum
811 1824 851 1846 est
868 1828 882 1846 e
898 1820 969 1847 valle

181 1861 305 1892 Goutah,
322 1870 436 1896 quasque
451 1863 477 1889 in
494 1872 524 1890 ea
539 1868 601 1891 sunt
618 1865 779 1891 monasteria
791 1870 818 1891 et
832 1865 928 1892 ccciesi
941 1874 971 1898 .s;

182 1914 246 1941 qua:
261 1914 325 1941 ergo
346 1908 437 1935 omnia
466 1909 673 1935 Moscminorum
696 1914 769 1940 sunt,
796 1918 856 1936 cum
883 1910 972 1944 gladio

185 1956 268 1985 capta
285 1952 338 1978 sint
355 1960 362 1978 :
377 1953 398 1979 si
417 1960 481 1987 ergo
496 1954 580 1980 velint
596 1954 742 1981 Christiani
759 1959 787 1981 ut
802 1955 868 1989 ipsis
884 1957 967 1983 eccle-

185 1997 254 2022 siam
281 1995 352 2023 hauc
382 2004 459 2023 suam
486 1998 640 2029 reddamus,
665 1999 809 2026 reddemus
834 2001 917 2032 ipsatn
937 2009 969 2027 ea

187 2040 346 2068 conditione
365 2046 393 2067 ut
413 2041 546 2069 ecclesias
568 2044 687 2077 reliquas
707 2043 733 2070 in
759 2045 872 2071 dimidia
895 2045 972 2072 urbis

187 2085 361 2112 Damasceme
377 2091 465 2120 parte.
483 2094 530 2112 nec
546 2094 599 2113 non
613 2088 743 2114 ecclesias
758 2093 786 2115 ct
808 2089 970 2116 monasteria

1019 907 1070 942 ipsi
1094 909 1238 943 praefectus
1262 910 1310 937 fuit
1332 911 1405 938 Caab
1422 910 1479 937 Ebn
1502 911 1619 942 Chaled,
1644 911 1795 938 Abasensis

1018 952 1124 980 Janitor
1137 954 1238 981 Chaled
1253 955 1371 983 libertus
1385 956 1483 990 ipsius.

1117 998 1269 1033 Clmlifutus
1286 1000 1413 1027 Ilesliami
1428 1001 1487 1027 Eb"
1505 1002 1585 1028 ΛΜΗ
1600 1002 1705 1029 Malui.

1055 1043 1239 1079 Inauguratus
1259 1050 1301 1072 est
1322 1045 1437 1072 Heshaut
1457 1047 1514 1073 Ebn
1530 1047 1609 1074 Abdil
1631 1047 1730 1078 Maleo,
1746 1047 1805 1074 Ebn

1019 1088 1148 1121 Meiwan,
1161 1089 1258 1116 Ebuol‘
1269 1089 1389 1122 llacemi,
1402 1091 1446 1118 cui
1461 1096 1547 1118 mater
1556 1091 1652 1120 Ommo
1667 1092 1806 1123 llasbemi,

1024 1135 1078 1161 ﬁlia
1099 1134 1243 1167 llasltenti,
1267 1136 1324 1163 Ebn
1341 1137 1456 1169 lsntael,
1475 1137 1533 1164 Ebn
1550 1139 1697 1169 llashemi,
1720 1138 1805 1165 Ebnot

1028 1181 1133 1208 Waledi
1145 1201 1152 1212 ,
1172 1182 1256 1208 Ebuol
1272 1182 1396 1218 blagaira:
1407 1202 1415 1213 .
1431 1183 1660 1211 Machzumensis.
1676 1184 1738 1211 Fuit
1754 1185 1806 1211 im-

1024 1227 1130 1260 perium
1155 1227 1241 1260 ipsius
1269 1235 1405 1255 annorum
1433 1230 1621 1256 uovennlecim
1649 1235 1675 1257 et
1703 1234 1806 1265 septem

1021 1271 1168 1299 mensium.
1200 1271 1267 1307 Ejus
1294 1278 1414 1307 tetnpore
1442 1273 1627 1301 Romanorum
1656 1276 1805 1310 imperator

1022 1315 1074 1342 fuit
1088 1316 1271 1348 Theodosius.
1288 1318 1334 1352 qui
1349 1325 1412 1344 cum
1429 1325 1531 1344 annum
1549 1324 1576 1346 et
1593 1320 1735 1346 dimidium
1755 1319 1803 1345 im-

1022 1367 1156 1395 perassel,
1173 1368 1297 1389 mortuus
1317 1368 1375 1395 est;
1398 1363 1550 1398 imperante
1570 1371 1631 1400 post
1645 1365 1733 1399 ipsum
1754 1365 1807 1391 llo-

1022 1408 1111 1434 manis
1124 1408 1213 1434 Leone
1227 1415 1313 1435 annos
1330 1409 1422 1443 viginti
1436 1415 1565 1444 quatuor,
1576 1415 1637 1445 post
1650 1418 1718 1444 quos
1734 1418 1804 1437 tuor-

1021 1457 1084 1480 tuus
1103 1458 1156 1480 est.
1174 1454 1253 1480 Anno
1269 1454 1349 1481 ter.io
1364 1455 1510 1481 ehalifatus
1526 1455 1654 1482 lleshatni
1671 1457 1806 1482 constitu-

1024 1504 1068 1526 tus
1084 1504 1126 1526 est
1139 1499 1337 1526 Constantinus
1352 1501 1504 1534 patriarcha
1520 1501 1804 1535 Constantinopolita-

1024 1553 1091 1577 nus,
1113 1545 1159 1579 qui
1181 1553 1269 1572 annos
1286 1545 1381 1580 viginti
1406 1550 1468 1571 octo
1490 1547 1575 1577 sedit,
1598 1547 1660 1573 dein
1684 1551 1807 1574 mortuus

1023 1596 1076 1618 est.
1093 1592 1172 1618 Anno
1186 1590 1334 1618 chalil‘atus
1352 1591 1474 1625 ejusdem
1491 1592 1620 1626 septimo,
1638 1592 1805 1619 constitutus

1024 1642 1065 1663 est
1089 1636 1192 1664 Kozma
1219 1636 1374 1670 patriarcha
1400 1637 1621 1669 Alexandrinus,
1646 1637 1693 1671 qui
1719 1644 1806 1664 annos

1024 1683 1120 1716 viginti
1141 1687 1203 1708 octo
1221 1682 1302 1708 sedit.
1320 1681 1438 1708 Orabam
1461 1687 1552 1708 autem
1574 1682 1724 1709 Christiani
1741 1682 1807 1709 Mcl-

1024 1727 1103 1754 chizm
1129 1727 1299 1754 Alexandria:
1322 1728 1349 1754 in
1374 1728 1489 1755 ecclesia
1513 1727 1607 1754 Sancti
1629 1727 1722 1759 Sabae,
1745 1736 1808 1755 eum

1023 1771 1153 1799 Jacobitze
1166 1772 1222 1806 jam
1238 1780 1332 1799 omnes
1347 1773 1480 1799 ecclesias
1493 1777 1672 1807 occupassent
1686 1781 1692 1798 :
1707 1772 1806 1799 Kozuta

1024 1823 1113 1844 autem
1131 1818 1176 1852 qui
1194 1819 1350 1852 patriarcha
1369 1819 1537 1845 constitultts
1569 1823 1621 1850 est,
1648 1819 1729 1845 idiota
1746 1819 1806 1850 fuit,

1023 1864 1067 1898 qui
1098 1871 1147 1891 nec
1176 1864 1263 1898 legere
1288 1868 1380 1897 posset
1406 1871 1455 1890 nec
1478 1864 1597 1891 scribere
1625 1872 1686 1891 cum
1705 1872 1750 1891 ars
1768 1865 1806 1892 illi

1023 1914 1096 1936 esset
1121 1915 1187 1935 acus
1215 1908 1361 1935 conﬁcere.
1393 1907 1462 1934 iluic
1490 1916 1551 1934 eum
1586 1908 1744 1935 Damascum
1774 1909 1806 1935 ad

1024 1954 1187 1981 llesliamum
1201 1953 1282 1988 385
1305 1953 1385 1988 387
1400 1953 1456 1979 Ebn
1473 1954 1551 1980 Abdil
1568 1953 1653 1981 Malec
1669 1955 1806 1988 profectus

1023 2004 1114 2031 esset,
1131 2007 1269 2026 concessu:
1283 2005 1346 2025 sunt
1363 2007 1413 2033 ope
1429 1999 1597 2026 eruditorum
1616 2001 1806 2034 quorumdam,

1023 2045 1145 2073 ecclesia:
1161 2052 1230 2079 quas
1247 2048 1448 2079 occupaverant
1469 2044 1620 2072 Jacobitae:
1643 2045 1806 2079 scripsitque

1024 2089 1179 2117 lleshamus
1203 2089 1236 2116 ad
1260 2089 1416 2124 praefectum
1443 2089 1553 2125 Egypli
1569 2098 1668 2122 suum,
1694 2091 1741 2124 qui
1757 2090 1806 2117 fuit

185 2138 246 2165 qua
262 2136 335 2157 extra
354 2131 446 2158 urbem
462 2132 488 2157 in
505 2131 610 2158 Goutah
627 2136 701 2164 sunt,
715 2133 855 2160 diruemus
871 2141 877 2159 :
896 2134 968 2167 quod
987 2134 1009 2164 Ι)
1022 2135 1155 2162 Abdollah
1170 2135 1256 2162 Ebuol
1274 2135 1354 2169 lljani
1371 2134 1537 2167 Sacwensis,
1555 2139 1584 2162 ut
1601 2135 1732 2163 ecclesias
1747 2144 1806 2170 quia

186 2177 208 2202 si
233 2176 301 2202 hanc
317 2176 397 2203 nobis
413 2177 555 2204 ecclesiam
577 2177 767 2212 permiserint,
798 2178 850 2204 ista
877 2178 968 2205 omnia

186 2221 240 2247 iliis
252 2221 443 2254 concedetnus,
453 2223 585 2256 siquidem
599 2223 729 2250 ecclesias
740 2223 815 2249 vallis
825 2223 928 2250 Goutah
942 2228 969 2251 et

186 2266 382 2292 moaasteriutn
399 2267 494 2293 Moran
508 2267 684 2300 possederant
699 2267 860 2299 Hoslemini,
874 2267 970 2302 381—

185 2310 267 2344 383
281 2318 365 2344 eaque
383 2312 561 2338 incoluerant.
575 2312 726 2339 Metuentes
741 2320 805 2347 ergo
821 2312 969 2340 Christiani

186 2364 219 2381 ne
235 2356 411 2382 dit-uerentur
428 2357 548 2385 ecclesia:
571 2362 598 2384 et
621 2359 785 2385 monasteria
799 2379 806 2390 ,
827 2359 972 2386 ecclesiam

184 2401 240 2428 illis
257 2402 441 2436 reliquerunt.
463 2402 633 2438 Seripsilquc
648 2405 717 2438 ipsis
739 2403 821 2431 Omar
836 2405 953 2439 diploma
966 2425 974 2438 ,

183 2453 298 2474 securos
312 2447 369 2474 fore
386 2448 459 2482 ipsos
477 2448 549 2483 quod
564 2448 596 2475 ad
612 2449 741 2477 ecclesias
756 2457 818 2477 sitas
831 2457 890 2484 quae
902 2450 971 2476 intra

183 2491 346 2520 Damascum
360 2498 461 2527 essent,
479 2502 530 2522 nec
545 2502 597 2522 non
615 2496 747 2523 ecclesias
762 2499 789 2522 et
805 2497 968 2523 monasteria

181 2546 246 2571 qua:
266 2544 341 2566 extra
360 2539 523 2568 Damascum
542 2541 568 2568 in
585 2542 709 2574 Goutali,
737 2549 770 2569 ne
795 2541 972 2568 diruereutur

183 2583 226 2610 vel
251 2584 447 2614 habitarentur.
471 2593 538 2612 neve
554 2585 774 2613 Mosleminorum
800 2587 916 2622 cuipiam
946 2589 971 2614 in

183 2628 245 2662 ipsa
263 2634 380 2663 potestas
394 2636 468 2657 esset
484 2640 490 2657 :
511 2631 636 2665 idemque
654 2631 784 2658 adhibitis
798 2632 914 2659 testibus
936 2632 970 2660 iis

182 2673 367 2701 conﬁrmavit.
394 2674 479 2703 Porro
505 2682 627 2703 mortuus
651 2681 692 2704 est
718 2676 801 2704 Omar
818 2678 873 2704 Ειηι
890 2678 969 2704 Abdil

182 2717 251 2745 Aziz
269 2728 361 2748 ntettsc
375 2720 460 2756 Rajeb
473 2722 535 2749 anui
552 2722 638 2750 lleirte
654 2724 794 2751 ceutesimi
811 2724 900 2758 primi,
919 2733 968 2751 nn-

185 2772 238 2791 nos
257 2770 337 2794 natus
351 2767 463 2801 triginta
479 2776 585 2796 novem.
610 2770 719 2796 Statura
745 2770 878 2804 quadrata
896 2770 944 2796 fuit
960 2790 968 2802 ,

184 2816 300 2844 corpore
311 2816 336 2840 et
350 2811 417 2840 facie
433 2813 564 2847 pulchris,
581 2816 682 2843 canitie
705 2822 844 2847 aspersus,
870 2814 975 2848 fuitque

1024 2181 1051 2208 in
1074 2188 1156 2207 tnanu
1178 2180 1364 2208 Jacobitarum
1381 2185 1461 2208 erant
1484 2182 1613 2215 repetitas
1633 2181 1742 2208 Kozmte
1763 2189 1806 2215 pa-

1024 2228 1150 2254 triarcha:
1173 2227 1308 2258 traderet,
1331 2230 1358 2254 ct
1380 2227 1563 2261 quodcunque
1587 2234 1678 2253 earum
1699 2228 1806 2254 nomine

1024 2272 1310 2306 comprehenderetur.
1324 2271 1433 2305 Accepit
1452 2279 1515 2306 ergo
1531 2271 1632 2298 Kozma
1652 2272 1808 2306 patriarcha

1025 2324 1039 2344 a
1055 2316 1187 2344 iacebitis
1203 2317 1341 2343 ecclesias
1352 2336 1359 2348 ,
1376 2321 1458 2350 atque
1475 2316 1559 2353 [inter
1576 2317 1700 2352 caeteras]
1721 2318 1807 2344 cecle-

1025 2363 1093 2390 siam
1109 2363 1141 2389 Al
1156 2363 1300 2389 Kaisariue.
1317 2362 1454 2396 Siquidem
1468 2369 1500 2388 ex
1517 2370 1569 2397 qtto
1586 2367 1708 2397 tempore
1725 2363 1809 2390 Geor-

1025 2409 1086 2442 gius
1102 2408 1254 2442 patriarcha
1270 2406 1434 2434 Alexandria
1450 2407 1712 2442 Constantinopolim
1730 2408 1810 2443 fugit,

1025 2460 1096 2479 anno
1111 2452 1192 2479 tertio
1206 2452 1353 2479 chalifatus
1368 2451 1460 2478 Omari
1477 2451 1562 2479 Ebuol
1577 2453 1701 2482 Chetabi.
1721 2454 1808 2480 donec

1026 2498 1238 2524 constitueretur
1251 2497 1352 2524 Kozma
1371 2497 1541 2524 Alexandria:
1556 2498 1722 2532 patriarcha,
1734 2506 1809 2525 atino

1026 2544 1143 2576 septimo
1159 2542 1303 2568 chaldatus
1318 2541 1457 2573 lleshaml,
1477 2541 1528 2568 fuit
1544 2542 1672 2569 cathedra
1689 2543 1807 2569 Alexan-

1026 2587 1104 2614 drina
1132 2587 1237 2621 absque
1263 2587 1418 2622 patriarcha
1434 2587 1575 2620 Melchila,
1600 2588 1688 2622 spatio
1704 2588 1808 2615 sciliet

1028 2639 1161 2659 annorum
1183 2633 1330 2667 nonaginta
1349 2637 1470 2667 septem;
1490 2638 1742 2667 coettpaverantquc
1761 2633 1808 2660 Ja-

1025 2679 1122 2705 cobitai
1143 2685 1239 2705 omnes
1258 2678 1388 2705 ecclesias
1405 2683 1459 2705 tam
1480 2678 1587 2714 [Egypti
1600 2686 1681 2713 quam
1693 2680 1807 2705 Alexatr

1026 2724 1102 2750 dnte.
1116 2723 1239 2758 Cumque
1253 2731 1321 2758 opus
1338 2723 1559 2752 haberentNubii
1573 2724 1719 2759 episcopis,
1733 2725 1807 2751 ordi-

1029 2769 1104 2796 navit
1139 2769 1294 2804 patriarcha
1326 2768 1511 2797 Jacobitarum
1545 2770 1612 2804 ipsis
1644 2770 1807 2804 episcopos:

1029 2818 1109 2848 atque
1125 2822 1159 2843 ex
1181 2822 1213 2843 eo
1228 2819 1350 2849 tempore
1369 2814 1552 2844 Jacobitarum
1569 2815 1731 2844 sententiam
1749 2822 1809 2842 ain-
