2014 3082
199 148 266 178 ΗΞ3

706 144 855 175 EUTYCii
863 144 870 172 l
879 143 890 171 Ι
913 146 932 170 Α
938 141 1060 171 LEXAN
1068 139 1132 171 Dii]
1139 142 1178 171 NI
1196 141 1303 172 PATR.

1756 131 1825 164 Ηει

199 203 276 237 ρῑμκπ
302 205 343 228 cst
366 201 469 233 Nubia;
495 206 518 227 et
548 199 761 233 quotiescunque
786 203 938 225 moreretur
958 197 984 223 itt
1002 200 1021 226 Α
1038 198 1146 225 llaecmi
1164 197 1222 224 Ειηι
1240 194 1379 222 Armenihi
1408 192 1462 228 (cui
1480 196 1565 219 mater
1577 196 1637 219 erat
1654 192 1746 224 Arina,
1763 200 1825 226 quae

203 247 293 280 aliqua
311 246 420 280 [Egypti
443 246 508 271 ttrbc
526 245 680 278 cpiscopus,
702 245 784 270 altum
803 244 867 278 ipsis
885 243 988 270 consti-

201 291 295 317 tuebat
310 290 496 316 Jacobitarum
514 290 677 322 patriarcha.
695 289 822 324 Adeoque
853 289 921 315 facta
948 291 989 314 est

184 336 333 371 gfgypttts
357 339 410 361 tam
435 336 559 367 superior
580 342 662 368 quam
686 335 799 361 inferior
824 333 986 365 Jacohilica,

187 378 313 414 Eexcepta
329 380 445 407 ecclesia
465 379 604 407 Michaelis
616 401 623 412 ,
648 388 708 414 quae
726 380 751 405 iu
768 379 856 406 Kasril
875 378 986 405 Silamai

202 426 285 461 [\rce
329 424 459 461 candela’]
495 425 554 452 fuit.
582 426 655 452 lllatn
687 425 791 452 scilicet
822 425 990 451 retinuerunt

201 470 344 502 Melchitm,
360 475 442 505 atque
460 470 485 496 iu
500 478 530 497 ea
548 470 673 497 orabant.
691 470 815 504 Cumque
831 474 983 496 moreretur

203 517 269 550 ipsis
283 517 437 551 episcopus,
452 516 485 542 ad
501 516 584 550 388
599 515 661 550 Tyri
681 515 880 548 metropolitani
900 515 990 541 mitte-

206 563 272 589 bant
290 562 336 596 qui
358 562 424 594 ipsis
444 561 602 595 episcopum
623 561 773 587 ordinaret.
794 559 886 593 Neque
905 560 940 585 ita
962 566 991 586 sc

205 607 306 634 habere
319 607 399 634 desiit
413 606 601 633 Melehitarum
616 605 641 632 in
656 605 774 640 Λεπριο
786 610 811 631 et
826 604 989 631 Alexandria

205 655 294 679 status
309 659 395 685 usque
410 652 442 677 ad
460 651 589 677 Koztuam
606 650 800 684 patriarcham.
818 649 903 675 Porro
919 655 991 675 anno

208 696 353 724 chalifalus
372 696 499 723 llesltami
515 696 621 722 decimo
635 695 751 730 septimo
768 694 935 722 constituttts
949 698 991 720 est

207 743 280 770 Elias
302 741 456 776 patriarcha
471 741 757 776 llierosolymitanus,
779 740 824 767 ubi
839 747 925 766 annos
943 739 993 766 tri-

207 789 282 823 ginta
298 792 415 822 quatuor
428 787 509 820 sedit,
527 788 588 814 dein
607 792 729 814 mortuus
744 791 796 814 est.
811 786 884 813 Obiit
898 790 988 812 autem

209 834 362 860 lleshamus
392 840 484 860 mense
513 832 598 859 Rabia
631 832 776 867 posteriori
808 831 872 858 anni
903 830 991 864 llujtaa

207 878 349 906 centesimi
377 878 498 905 vicesimi
524 877 633 912 quinti.
662 885 724 904 eum
754 884 887 903 annortuu
919 880 992 902 esset

208 923 406 958 quinquaginta
422 922 504 948 triutn
520 922 661 956 :sepulttts
672 927 714 949 est
726 921 834 948 Rosafze
848 921 875 947 in
891 921 993 947 ditione

209 969 242 995 Al
274 967 384 995 llakkr.
413 967 501 994 ltul‘us
530 967 591 999 fuit,
618 968 744 999 stralms,
770 967 840 994 faeie
866 965 992 998 deformi,

209 1012 308 1040 indolis
326 1020 432 1047 pravae,
453 1019 563 1044 avarus,
585 1019 666 1046 opum
687 1019 824 1039 corrasor.
843 1011 994 1038 Satellittnu

210 1059 296 1093 ipaius
319 1058 461 1093 pra-fectus
488 1058 538 1084 fuit
562 1058 635 1085 Caab
658 1057 714 1084 Ebn
739 1057 851 1084 llamed.
875 1056 996 1087 .lanitor,

211 1104 314 1136 (λιιι-ι),
338 1104 451 1131 libertus
477 1103 573 1136 ipsius.
595 1102 647 1135 Qui
671 1103 787 1129 maxima
809 1102 879 1136 apud
908 1101 995 1135 ipsum

212 1150 298 1183 gratia
317 1149 435 1183 pollebat
453 1148 516 1175 Said
534 1148 619 1175 Ebnol
635 1147 724 1174 Walid
744 1148 773 1174 Al
792 1147 897 1174 Abraslt
910 1168 916 1178 ,
934 1146 998 1173 Cal-

214 1195 316 1221 bens’s.
335 1194 442 1226 Scriba,
460 1194 549 1222 Salem
570 1193 626 1220 Ebu
644 1194 725 1221 Abdil
741 1195 816 1221 Aziz.

354 1249 505 1283 Cltalt'futua
524 1249 650 1275 Alwalidt’
669 1248 726 1274 Ebn
754 1248 858 1275 Yazitli.

249 1295 429 1328 luauguratus
445 1298 486 1320 est
500 1293 531 1319 Al
545 1293 634 1319 Walid
648 1293 705 1319 Ebn
723 1291 828 1323 Yazidi,
845 1293 900 1319 Ebn
913 1291 1000 1319 abdi!-

213 1339 309 1371 Malee,
324 1339 381 1365 Ebn
398 1337 527 1369 Merwan,
545 1338 588 1364 cui
604 1342 690 1364 mater
703 1337 818 1364 Ommol‘
834 1336 933 1371 liajaji,
947 1337 999 1363 lilia

214 1385 412 1412 ltlohammedis
431 1384 487 1410 Elui
504 1383 600 1414 Yusef,
618 1383 713 1410 Ebnol'
735 1381 855 1414 llucemi,
875 1382 931 1408 Ebn
949 1381 999 1408 Abi

214 1430 304 1462 Okail,
318 1429 507 1456 Thaltafeusis.
529 1428 591 1455 Fuit
608 1428 651 1455 hic
666 1427 792 1458 stolidus,
810 1427 910 1459 fatuus,
928 1427 999 1454 lusui

214 1475 342 1502 deditus:
368 1474 512 1509 imperavit
540 1481 641 1500 annum
665 1476 692 1500 el.
717 1477 772 1500 tres
799 1480 915 1504 Ilienses,
938 1472 1000 1499 dein

215 1519 412 1547 cout‘euientcs
431 1518 555 1545 homines
577 1518 621 1552 qtli
645 1517 717 1544 facta
736 1517 795 1551 ejus
815 1517 1001 1551 itnprobarent

215 1565 305 1599 ipsum
322 1563 518 1591 interfecerunt
534 1562 649 1588 Jomada
665 1562 890 1596 posteriori,anni
907 1568 999 1589 cente-

185 1614 187 1617 '
215 1610 276 1637 simi
304 1609 424 1636 vicesimi
455 1608 545 1639 sexti;
566 1608 757 1642 proiectusque
783 1608 867 1634 estin
885 1606 1000 1634 Boltaira

215 1654 324 1689 regione
333 1653 518 1685 Damaseeua;
532 1652 709 1686 389-391
723 1659 856 1678 annorum
872 1650 921 1678 fuit
931 1659 1001 1686 qna-

217 1698 354 1732 dragiuta.
370 1697 474 1724 Accidit
487 1705 553 1730 ergo
568 1697 594 1723 in
611 1697 690 1731 Syria
705 1697 844 1724 contentio
858 1699 885 1724 et
900 1702 1000 1723 motus.

215 1743 294 1770 Facie
309 1746 367 1770 erat
383 1743 508 1777 pulchra,
527 1743 620 1776 lingua
636 1742 785 1775 eloquenti.
796 1746 902 1769 statura
914 1741 1002 1777 νει-[ε-

214 1795 267 1816 cta.
280 1788 431 1815 Satellitutn
448 1787 499 1822 ipsi
513 1787 658 1822 praefectus
668 1787 718 1813 fuit.
728 1786 935 1814 Abdorralnuan
946 1787 1002 1814 Ebu

216 1832 509 1866 llontaidi,Calbens§s.
533 1831 650 1864 Jauitor,
666 1832 764 1859 Katrus
775 1832 887 1860 libertus
907 1833 1002 1868 ipsius.

356 1879 507 1912 Chalifutua
526 1877 621 1904 Yazt'dt'
638 1876 732 1905 Ebuol‘
751 1876 862 1905 Walitlt'.

253 1926 434 1959 lnauguratus
465 1928 507 1951 est
533 1923 616 1950 Y..zid
643 1923 737 1950 Ebnol‘
758 1922 847 1950 Walid
874 1923 1003 1955 Alnakcs,

216 1971 262 2005 qui
288 1974 330 1997 est
345 1969 428 1996 Yazid
443 1969 526 1996 Ebuol
548 1968 637 1995 Walid
659 1969 716 1995 Ebn
731 1968 810 1996 Abdil
825 1968 919 2001 Maleo,
944 1969 1002 1996 Ebn

215 2016 355 2048 Illerwan;
371 2015 415 2041 cui
429 2018 516 2041 mater
532 2014 616 2041 Persa
634 2013 695 2045 fuit,
712 2014 840 2041 videlicet
857 2014 1000 2046 Shahkud,

216 2063 271 2089 lilia
286 2061 395 2089 Pltirttzi
409 2060 500 2088 Cesrte
515 2061 585 2095 regis
603 2060 758 2092 Persarum,
771 2061 817 2087 filii
831 2059 1002 2096 Yazdejerdi,

218 2108 264 2135 lilii
280 2107 464 2139 Shariar;cui
480 2107 539 2133 avia
554 2106 605 2132 fuit
619 2106 673 2132 ﬁlia
690 2106 809 2132 Mauricii
827 2107 1003 2141 imperatoris

219 2153 404 2180 Romanorum
423 2161 429 2178 :
448 2157 531 2186 atque
548 2152 583 2178 ita
604 2152 695 2178 dicere
716 2151 842 2178 solebat:
867 2152 933 2179 Sunt
952 2160 1003 2188 ego

1011 859 1029 884 ii

1016 1526 1036 1554 Ε

1041 251 1109 270 uxor
1125 243 1214 269 fuerat
1229 240 1333 268 Mosabi
1353 239 1430 266 Eiinil
1448 238 1557 270 Zobair,
1575 242 1600 263 at
1616 241 1761 272 postquam
1778 238 1826 264 illo

1040 289 1238 316 interficeretur
1263 285 1443 315 illohammcdi
1471 285 1528 312 Ebn
1559 284 1710 315 Merwani,
1743 283 1823 310 Ebuil

1040 334 1174 369 Ilacemi).
1200 333 1354 360 Mcrwauus
1374 331 1425 358 iste
1447 338 1509 357 cum
1530 330 1556 356 in
1581 329 1686 364 Syriam
1705 329 1826 356 venisset

1039 382 1224 415 juramentum
1238 379 1375 405 fidelitalis
1390 377 1440 411 ipsi
1453 376 1638 410 prmstiterunt
1648 382 1664 401 e
1679 374 1827 401 Damasce—

1041 427 1083 454 nis
1098 425 1219 460 quidam,
1234 424 1440 451 contradicente
1456 421 1597 448 Solimauo
1610 419 1668 446 Ebn
1682 418 1826 449 Heshami,

1041 473 1099 499 Ebn
1125 471 1206 499 Abdil
1235 469 1338 502 Maleo,
1366 469 1483 503 aliisque
1507 466 1724 494 Ommaidarum.
1754 464 1826 490 ’l‘utn

1042 517 1214 552 congregatis
1229 520 1324 543 contra
1344 515 1433 549 ipsum
1451 513 1536 549 Syriae
1552 512 1649 539 incolis
1661 531 1669 542 ,
1688 515 1717 538 et
1732 510 1829 545 pleris-

1042 571 1096 596 que
1112 571 1207 589 eorum
1224 561 1270 596 qui
1287 562 1320 588 ab
1338 559 1566 587 llashemidarum
1582 557 1708 592 partibus
1722 560 1827 582 starent

1043 609 1070 635 in
1098 608 1272 639 Chorasano,
1304 606 1432 640 fugerunt
1462 603 1549 638 ipsius
1576 602 1681 636 copia‘,
1710 601 1829 633 caesique

1043 657 1107 682 sttnt
1120 652 1258 680 exercitus
1274 651 1344 686 ejus,
1366 648 1595 676 interlicientibus
1616 645 1768 673 tihorasaui
1785 644 1829 670 iu-

1044 700 1113 726 colis
1130 705 1256 732 magnam
1270 705 1284 724 e
1300 696 1386 731 Syria:
1398 695 1573 722 Damascenaa
1595 696 1622 719 et
1636 691 1715 718 Eraki
1729 691 1829 717 lnrolis

1044 743 1257 773 multitudinem,
1274 741 1392 774 quorum
1406 743 1433 767 et
1453 746 1517 773 opes
1533 737 1718 772 diripuerunt,
1735 735 1830 761 mulie-

1045 798 1142 824 resque
1169 796 1201 815 ac
1227 788 1326 814 liberos
1352 785 1474 820 captivos
1503 784 1653 810 duxerunt.
1682 780 1830 815 Imperavit

1046 835 1164 861 Met-won
1179 840 1265 860 annos
1280 831 1402 866 quinque
1421 838 1427 856 :
1446 829 1524 856 hellis
1539 828 1658 859 interim,
1672 833 1831 861 Oppugnan-

1045 882 1117 908 tibus
1130 879 1249 914 undique
1259 878 1347 913 ipsutu
1360 876 1500 911 regionum
1513 871 1707 909 [diversarum]
1721 871 1829 902 incolis,

1045 932 1172 954 vexatus.
1190 925 1301 955 Deinde,
1322 930 1383 950 cum
1399 922 1432 948 ab
1449 922 1479 947 Al
1495 920 1551 946 Zab
1566 919 1690 946 inlusilam
1712 917 1828 952 fugeret,

1046 967 1109 1001 inde
1121 974 1147 1000 in
1160 971 1396 1005 Mesopotamiam,
1405 967 1501 996 deinde
1512 975 1558 1002 per
1565 966 1671 1002 Syriam
1681 964 1829 997 transiens,

1046 1019 1133 1046 donec
1156 1019 1184 1044 in
1209 1016 1354 1051 Egyptum
1379 1013 1543 1048 perveniret,
1563 1010 1639 1037 missi
1664 1014 1726 1044 post
1741 1010 1830 1042 ipsum

1047 1064 1159 1091 Saiduat
1195 1069 1282 1096 usque
1316 1058 1544 1087 llasltemidarum
1577 1055 1714 1082 exercitus
1740 1054 1830 1088 ipsum

1048 1109 1192 1144 qumsituut
1223 1106 1340 1134 assecuti
1373 1108 1439 1132 sunt
1468 1110 1530 1129 eunt
1564 1102 1591 1128 in
1624 1101 1684 1128 vico
1713 1099 1831 1133 quodam

1049 1154 1194 1185 Ashmuri,
1213 1153 1257 1180 cui
1279 1158 1376 1178 nomen
1397 1149 1476 1176 Busir
1490 1147 1643 1176 Kurindes.
1660 1145 1705 1172 ubi
1724 1145 1833 1170 occisus

1049 1205 1102 1232 est,
1121 1207 1184 1226 eum
1205 1204 1339 1224 annorum
1360 1199 1433 1222 esset
1453 1193 1594 1227 sexaginta
1615 1197 1721 1218 novem.
1744 1189 1834 1216 Credis

1050 1245 1138 1279 ipsius
1153 1251 1219 1271 cura
1234 1241 1379 1269 commissa
1397 1239 1448 1267 fuit
1464 1239 1563 1266 Amero
1584 1236 1640 1263 Ebn
1659 1234 1753 1262 lsmael
1771 1233 1835 1258 Sal-

1051 1278 1163 1314 titettsis.
1178 1285 1356 1321 393-395
1370 1283 1586 1318 Coguomiuatus
1603 1283 1693 1307 autem
1709 1283 1751 1305 est
1765 1278 1835 1304 Mer-

1050 1342 1110 1361 wan
1125 1333 1157 1360 Al
1169 1333 1257 1364 Jaatli,
1273 1333 1335 1366 quia
1351 1332 1379 1358 in
1395 1330 1483 1364 ipsum
1496 1334 1593 1361 resque
1610 1325 1696 1360 ipsius
1714 1328 1836 1358 potesta-

1051 1384 1104 1406 tem
1120 1379 1257 1413 praecipue
1273 1377 1363 1403 habuit
1382 1376 1412 1402 Al
1427 1374 1493 1401 Jaad
1511 1373 1568 1399 Ebn
1587 1369 1726 1398 Darbami.
1744 1368 1835 1396 Satel-

1052 1425 1111 1451 litio
1135 1423 1221 1457 ipsius
1248 1421 1356 1456 praefuit
1380 1420 1411 1446 Al
1437 1418 1557 1445 Cauthar
1582 1416 1639 1443 Ebn
1668 1415 1699 1442 ΔΙ
1724 1413 1836 1445 Aswad,

1052 1469 1222 1498 Anawcnsis.
1253 1467 1358 1495 Jauitor
1388 1465 1448 1500 ejus
1480 1464 1553 1496 fuit,
1574 1462 1593 1490 S
1611 1462 1674 1490 klab
1707 1461 1834 1488 libertus.

1299 1512 1412 1546 Cltalifrc
1437 1510 1588 1541 Abbaridcr,

1088 1560 1236 1588 Chalifatus
1253 1558 1321 1584 Altil'
1346 1557 1436 1583 Abbas
1453 1553 1600 1582 AlSaiialti.
1618 1553 1737 1588 l-‘uitque
1754 1553 1834 1586 jura-

1053 1612 1173 1633 mentum
1187 1603 1327 1631 fidelitatis
1340 1601 1491 1637 praestitum
1507 1599 1578 1626 Altil'
1590 1598 1700 1625 Abbaso
1719 1598 1775 1632 (qui
1795 1600 1838 1623 est

1052 1651 1183 1678 Alnlollah
1196 1650 1252 1677 Ebn
1269 1647 1450 1677 Moliammetl.
1465 1646 1523 1673 Ebtt
1535 1646 1589 1676 Ali.
1605 1644 1663 1670 Ei)"
1680 1642 1838 1674 Abdollahi,

1053 1697 1139 1723 ΕΙ)ηοί
1167 1694 1278 1726 Abbasi,
1308 1694 1366 1720 EI)“
1392 1691 1472 1719 Abdil
1501 1690 1653 1722 Motallalﬁ,
1681 1689 1724 1716 cui
1749 1693 1838 1714 mater

1053 1741 1157 1768 Ratliah
1188 1740 1241 1766 filia
1268 1737 1423 1768 Abdollahi,
1449 1737 1506 1763 Ebn
1534 1734 1728 1766 Obaidollahi,
1757 1732 1838 1759 anil

1054 1787 1165 1819 Abbasi,
1193 1785 1251 1812 Ebn
1271 1784 1351 1812 Abdil
1369 1783 1505 1813 Maddcni,
1525 1781 1604 1809 Ebuil
1627 1780 1733 1810 Daiani,
1753 1778 1840 1805 Hare-

1054 1832 1182 1867 tltcnsis),
1195 1830 1278 1858 (Iuste
1296 1829 1340 1856 die
1354 1827 1492 1859 Mercurii,
1510 1825 1655 1854 undecimo
1669 1823 1772 1851 mensis
1785 1823 1839 1850 lia-

1054 1879 1105 1906 bim
1120 1877 1280 1914 posterioris
1303 1876 1365 1902 anni
1384 1873 1471 1908 llejrat
1487 1871 1630 1899 centesimi
1647 1868 1777 1897 tricesimi
1792 1876 1838 1895 se-

1054 1924 1147 1952 cundi.
1173 1922 1224 1949 Hic
1240 1928 1311 1956 equo
1327 1920 1360 1947 ad
1384 1919 1514 1954 templum
1540 1923 1633 1945 vectus
1657 1915 1701 1942 die
1722 1914 1840 1942 Venetis

1054 1970 1087 1997 ad
1106 1968 1244 2000 homines,
1261 1966 1375 2000 pedibus
1392 1969 1468 1992 stans
1487 1969 1640 1991 sermonem
1657 1959 1762 1991 habuit,
1775 1967 1838 1986 cum

1055 2013 1204 2041 Ummaidaz
1218 2012 1344 2040 sedentes
1359 2009 1498 2037 orationes
1515 2015 1580 2035 suas
1590 2006 1692 2033 habere
1707 2004 1839 2032 solerent.

1054 2061 1127 2088 illisit
1142 2060 1185 2086 hic
1201 2058 1340 2085 exercitus
1354 2059 1450 2083 contra
1462 2053 1594 2080 Yazidum
1611 2051 1668 2077 Elin
1683 2050 1766 2078 Omar
1780 2048 1839 2075 Elm

1055 2105 1104 2132 Abi
1132 2104 1254 2131 Horatii-ae
1282 2102 1424 2129 Wasetum
1447 2108 1454 2126 :
1484 2099 1559 2126 misit.
1594 2098 1678 2124 etiam
1711 2099 1839 2130 patruum

1055 2159 1134 2178 suum
1149 2149 1330 2177 Abdollahum
1350 2147 1406 2174 Ebn
1421 2145 1462 2173 Ali
1483 2149 1578 2172 contra
1599 2143 1762 2170 Merwanem
1782 2140 1841 2167 Elm

219 2199 290 2225 filius
305 2198 395 2225 [ἔθει-ω
410 2201 437 2224 et
453 2185 524 2224 ﬁlius
545 2196 684 2228 Merwatti,
708 2197 828 2231 tuihique
843 2205 910 2225 avus
926 2185 1004 2224 Mau-
1020 2185 1041 2212 Ῑ)
1058 2194 1238 2227 Multammed,
1254 2201 1334 2228 quem
1364 2193 1391 2218 in
1413 2191 1502 2225 fugam
1520 2189 1594 2216 dedit
1608 2208 1615 2220 ,
1634 2188 1720 2214 donec
1749 2187 1841 2220 ipsum

218 2245 322 2276 ricius,
350 2248 377 2271 et
399 2251 466 2270 avus
493 2242 592 2270 Sasan.
619 2243 770 2270 Praefectus
797 2243 912 2278 imperio
940 2244 1002 2276 fuit,

218 2299 314 2319 mense
331 2290 428 2323 Rajeb,
446 2290 642 2325 impcravitque
665 2297 772 2316 tnenscs
794 2290 923 2324 quinque,
940 2290 1002 2317 dein

219 2342 343 2364 mortuus
358 2341 399 2363 est
414 2339 466 2363 liue
483 2336 583 2362 mensis
600 2334 743 2362 llulkaadu
757 2335 821 2361 anni
837 2334 923 2368 ilejrze
939 2343 1004 2362 cen-

219 2383 307 2410 tesinti
322 2382 442 2409 vicesimi
459 2382 540 2411 sexti.
554 2388 641 2407 annus
655 2381 756 2407 habens
769 2380 896 2414 triginta;
913 2381 1004 2415 sepul-

221 2435 262 2456 tus
288 2434 329 2456 est
354 2427 490 2454 Damasci.
520 2425 672 2452 Satellttum
703 2424 754 2459 ipsi
784 2425 930 2459 praefectus
955 2426 1006 2453 fuit

219 2472 303 2499 Yazitl
323 2471 416 2499 Ebnol‘
437 2469 595 2505 Sainmadjy
611 2469 773 2497 cli-tensis:
795 2467 901 2496 Janitur
914 2469 1004 2496 Salatn

219 2520 332 2547 libertus
348 2518 445 2552 ipsius.

248 2563 399 2598 Clm’ifalus
421 2560 548 2588 Μινωαηί
565 2560 620 2587 Ebn
643 2560 807 2587 Illo/tammed
837 2560 983 2597 [cogitanti-

502 2609 558 2634 nati
574 2607 608 2633 ΑΙ
617 2606 722 2642 laudi].

254 2655 360 2682 Mortuo
387 2654 491 2682 Yazido
515 2654 655 2685 Alnakes.
681 2654 839 2687 juramento
869 2652 1006 2679 fidelitatis

220 2702 339 2733 ιιι-ωεὶὶιο
354 2699 495 2736 [ehalil‘am
513 2698 716 2734 renuntiarunt]
731 2699 856 2725 homines
872 2699 898 2725 in
918 2698 999 2733 392

221 2744 298 2779 Syria
326 2745 507 2772 Abrahitnum
538 2745 622 2772 lilium
651 2744 684 2771 Al
711 2743 809 2770 Walidi
836 2743 893 2770 Elin
924 2743 1003 2770 Abltl

222 2788 330 2823 lllaleci;
345 2796 372 2818 at.
381 2798 444 2818 cum
458 2796 577 2824 quatuor
589 2797 696 2817 menses
710 2789 882 2822 imperasset,
896 2789 1010 2823 imperio

224 2839 367 2863 exuerunt.
382 2834 514 2868 Venitque
527 2835 645 2863 Merwan
657 2835 713 2862 Ebn
728 2834 909 2865 illoltammctl,
924 2834 1008 2862 [ῦῡειοι

1059 2239 1254 2275 Mesopotamia
1277 2243 1304 2265 et
1329 2237 1408 2272 Syria
1433 2235 1594 2270 expelleret.
1615 2233 1683 2260 Tum
1711 2231 1841 2258 Saleltunt

1059 2286 1119 2312 Ebn
1134 2284 1175 2310 Ali
1193 2283 1277 2313 misit,
1294 2282 1340 2316 qui
1354 2280 1479 2307 eumdem
1498 2279 1524 2306 in
1540 2278 1687 2313 Aigyptum
1703 2278 1750 2304 iusl
1761 2280 1844 2303 cutus

1057 2334 1108 2359 est,
1134 2326 1227 2362 prima:
1243 2325 1302 2359 ejus
1319 2323 1387 2350 aciei
1407 2323 1538 2357 praefecto
1563 2323 1623 2348 Abu
1646 2322 1737 2352 Auno,
1754 2320 1844 2347 donec

1060 2375 1149 2408 ipsum
1180 2371 1375 2398 interfecisset.
1396 2369 1512 2396 Romani
1539 2373 1628 2395 autem
1646 2374 1709 2393 cum
1734 2369 1845 2393 mortuo

1060 2419 1227 2452 imperatore
1252 2416 1343 2443 Leone
1366 2416 1442 2442 multi
1459 2415 1542 2450 396
1563 2414 1624 2440 illos
1644 2413 1715 2439 male
1739 2416 1845 2438 tracta-

1061 2468 1132 2497 rent,
1151 2471 1182 2490 ac
1197 2463 1312 2490 turbata:
1332 2465 1424 2489 essent
1443 2461 1529 2495 ipsius
1545 2459 1653 2494 itnperii
1680 2466 1735 2489 res,
1754 2457 1844 2484 virum

1060 2509 1208 2546 quemdam
1239 2516 1254 2535 e
1277 2507 1394 2534 lllnrashi
1413 2507 1512 2534 incolis
1542 2505 1653 2532 nomine
1679 2503 1844 2530 Artabatum

1062 2557 1115 2584 sibi
1139 2553 1339 2589 prtefccerunt,
1364 2552 1442 2586 cujus
1457 2551 1603 2585 imperium
1631 2549 1718 2576 turbis
1733 2551 1845 2582 plenum

1061 2603 1113 2630 fuit
1127 2604 1153 2628 te
1166 2607 1249 2634 upore
1263 2598 1325 2625 Abil
1338 2598 1439 2625 Abbasi
1455 2601 1481 2624 et
1495 2596 1638 2623 Mausoris.
1652 2593 1781 2621 Condidit
1797 2601 1853 2620 au»

1062 2653 1115 2675 tem
1136 2645 1205 2673 Aliul
1225 2645 1317 2672 Abbas
1339 2645 1366 2670 in
1383 2643 1492 2669 Anbaro
1514 2641 1608 2668 urbem
1634 2647 1715 2674 quam
1741 2639 1846 2666 llashe—

1063 2694 1144 2720 n-iam
1174 2690 1332 2726 appellavit.
1351 2688 1414 2716 Fuit
1427 2687 1572 2716 chalifalus
1597 2686 1684 2720 ipsius
1708 2692 1845 2712 annorum

1058 2743 1185 2774 quatuor,
1199 2740 1226 2762 et
1241 2743 1336 2762 n0vem
1353 2734 1488 2762 mensium
1504 2742 1512 2760 :
1532 2737 1657 2760 mortuus
1680 2735 1722 2758 est
1741 2731 1767 2757 in
1791 2731 1849 2757 An—

1059 2786 1137 2816 baro,
1152 2783 1195 2810 die
1213 2781 1367 2813 Dominiuo,
1386 2780 1488 2808 mensis
1502 2779 1542 2805 Dil
1563 2777 1651 2812 llujjte
1665 2777 1845 2809 duodecimo,

1061 2831 1123 2858 anni
1141 2827 1228 2862 llcjrte
1246 2826 1388 2854 centesimi
1411 2825 1541 2854 tricesimi
1562 2824 1644 2853 sexti.
1671 2822 1792 2856 sepultus
1815 2822 1844 2848 in
