2014 3082
197 170 266 205 ΗΞ)

915 164 1096 197 ANNALES.

1751 163 1818 196 lim)

194 217 251 245 Ebn
282 217 389 248 Mahan,
414 216 514 242 bellum
542 213 694 241 Alilamuni
726 213 848 245 illatum;
883 211 972 238 Mamn
996 214 1019 241 Α
1046 211 1078 236 ad
1095 210 1143 236 Abi
1162 210 1194 236 Ν.
1210 210 1243 236 ab
1260 210 1292 236 N.
1308 209 1367 236 Ebn
1383 208 1429 240 N.,
1455 208 1514 236 sine
1529 208 1582 235 ulla
1598 208 1624 234 in
1642 209 1725 235 titulis
1742 218 1818 236 com-

194 271 258 290 νει-ο
275 263 372 289 Marwa
391 262 465 288 misit
480 261 655 287 Tdhahcrum
680 259 767 286 Ehuol
795 258 895 284 Hosain
921 257 978 283 Elin

194 309 267 335 Saab
278 308 480 342 AlBusjeusem.
497 307 543 341 qui
561 306 602 332 Ali
622 305 678 330 Ebn
696 304 743 330 ISte
758 311 840 335 caeso,
856 302 979 329 Moliam-

194 354 283 381 medis
298 352 421 379 ΔΙΑιηίῃῆ
434 352 527 386 copias
543 351 569 377 in
585 351 676 384 fugam
694 349 794 379 vertit;
811 348 980 382 Bagdadum-

194 406 248 432 que
264 397 403 432 prolectus
430 396 643 430 adjungeutibus
667 402 696 421 se
720 395 743 420 ei
766 393 895 420 llazimal)
924 393 981 419 Ebn

201 443 287 478 Ayoni
314 447 339 468 et
369 440 503 468 llomaido
522 439 579 467 Elm
609 439 696 466 Abdil‘
725 440 823 466 Hamid
849 439 978 466 Tuseusi.

167 506 170 509 η
195 488 391 522 Salutatusque
416 492 458 514 est
475 485 722 514 Allllamunchalil'a
738 485 889 512 Chorasani
910 491 983 510 anno

195 534 348 566 centesimo
372 532 549 567 nonagesimo
566 535 653 563 sexto,
670 539 702 558 ac
729 531 898 565 pertingente
925 530 982 556 dis-

197 580 327 607 sensione
343 579 498 614 Bagdadum
520 585 606 612 usque
628 577 735 604 occisus
750 580 792 604 est
808 577 843 603 ibi
862 576 984 603 Moham-

195 624 255 650 med
268 623 381 649 AIAmin
396 623 440 649 die
455 622 577 652 Sabbati,
600 622 696 655 quinto
711 626 774 647 ante
789 622 893 648 linittuu
909 629 984 647 men-

196 675 253 694 sem
287 667 479 693 Alllloharram
516 675 590 693 anno
623 667 775 694 centesimo
806 666 984 701 nonagesimo

195 716 304 739 octavo.
331 711 392 739 Fuit
426 712 573 739 cltalil'atus
597 712 683 746 ipsius
709 719 796 745 usque
822 712 855 737 ad
883 711 984 738 caedem

196 757 284 792 ipsius
309 765 444 784 annorum
471 763 590 792 quatuor
615 765 677 784 cum
704 762 767 783 octo
793 757 933 784 mensibus
952 764 984 782 ac

196 810 243 830 sex
257 802 365 829 diebus.
391 803 486 829 Annos
512 808 579 829 tunc
608 807 688 828 natus
716 802 766 828 fuit
792 802 886 836 viginti
913 807 986 829 octo.

196 846 281 874 Porro
299 853 423 874 mortuus
447 847 530 882 416
546 851 587 873 est
603 847 774 881 Niecphorus
789 846 932 874 Estabraki
957 848 987 873 li-

195 893 250 920 lius
270 892 458 919 Romanorum
485 894 643 927 imperator,
673 893 826 927 imperante
854 897 918 927 pnst
946 893 988 926 ip-

197 946 257 965 sum
274 938 404 966 Romanis
422 938 571 965 Estabrako
585 938 740 972 Nicephori,
771 938 818 964 lilii
836 938 990 969 Estabraki,

197 984 265 1011 ﬁlio.
283 984 363 1011 Auno
380 984 527 1011 chalil'atus
544 983 742 1011 Mohammedis
760 983 884 1011 AlAmini
908 985 990 1011 tertio

197 1030 365 1056 constitutus
378 1034 420 1056 est
436 1029 557 1056 Thomas
573 1029 629 1063 (cui
648 1035 800 1063 cognomen
830 1028 990 1061 Tamrikus)

198 1076 353 1110 patriarcha
384 1075 672 1110 Ilierosolymitanus;
704 1075 750 1103 ubi
780 1082 867 1102 annos
895 1075 989 1102 decem

198 1123 278 1149 sedit.
295 1121 357 1148 Fuit
373 1120 546 1148 Mohammed
565 1121 681 1148 AlAmin
699 1121 769 1148 facie
782 1121 909 1154 pulchra,
925 1128 989 1148 cor-

198 1176 264 1202 pore
295 1168 413 1202 integro,
446 1167 539 1193 colore
567 1166 697 1196 candido,
728 1166 847 1201 pinguis,
877 1173 991 1200 corpore

198 1214 322 1245 robusto,
348 1213 440 1247 digitis
463 1212 649 1246 elegantibus.
668 1212 814 1246 Sepultum
833 1217 875 1239 est
890 1219 990 1246 corpus

198 1258 285 1289 ipsius
296 1258 424 1293 Bagdadi,
436 1262 516 1291 caput
529 1262 619 1284 autent
631 1257 825 1284 Chorosnnum
841 1256 990 1291 perlatum.

199 1304 368 1332 Satellitibus
395 1303 482 1338 ipsius
498 1303 606 1337 prmfuit
635 1303 675 1328 Ali
695 1301 753 1328 Ebn
770 1302 831 1333 l~a-,
859 1301 916 1328 Ebn
933 1301 988 1327 Ma-

199 1347 484 1383 IIanJanitoripsius,
500 1344 634 1374 AlFadlus
649 1346 734 1373 Ebuol
752 1345 860 1375 liabim;
874 1346 992 1372 maxima

199 1395 272 1431 apud
288 1395 374 1430 ipsum
393 1394 478 1429 gratia
493 1393 611 1427 pollebat
625 1391 759 1418 AlFadlus
775 1391 857 1418 Elmol
875 1390 976 1417 Babae.

412 1438 566 1472 Cltalifalus
599 1436 781 1464 AlMamunis.

238 1485 368 1513 Prmstitis
381 1484 547 1519 juramentis
561 1483 662 1510 chalila
678 1483 853 1509 renuntiatus
882 1486 923 1507 cst
946 1481 991 1506 Al-

1036 255 1201 290 precatione,
1214 262 1301 288 usque
1316 254 1350 281 ad
1365 254 1464 281 caedem
1472 252 1670 281 ‘Mohammedis
1680 254 1820 288 AlAmini;

1037 300 1215 334 meminitque
1231 307 1373 327 cursorum
1399 299 1519 334 Bagdadi
1541 299 1698 334 prteteetum
1715 301 1820 328 litteras

1037 348 1068 373 ad
1087 347 1174 380 ipsum
1193 354 1206 373 a
1223 346 1271 373 Dil'
1289 347 1456 381 ltiyasataiui
1482 347 1563 382 (duos
1579 348 1748 382 principatus
1774 349 1823 374 ha-

1036 391 1126 427 bente]
1143 391 1279 418 A‘iPhadlo
1294 399 1407 419 curasse
1422 392 1462 419 sic
1478 393 1626 427 inscriptas
1640 400 1647 419 :
1664 393 1714 419 Abi
1727 394 1822 420 l~aaco

1037 445 1117 472 quem
1143 442 1286 464 conservet
1311 438 1381 464 Deus
1411 438 1536 465 excelsus
1567 438 1600 466 ab
1625 438 1674 465 Abi
1703 439 1823 466 Abbaso.

1038 483 1158 515 Quarum
1185 483 1292 517 (inquit
1314 483 1373 510 Abu
1404 479 1489 515 Isaac)
1505 483 1588 518 420
1606 484 1650 510 ubi
1668 483 1825 518 inscriptio-

1039 536 1100 555 ucm
1116 529 1247 560 viderem,
1262 528 1335 563 ipsas
1351 529 1383 555 ad
1401 534 1528 564 patruum
1548 537 1637 555 meum
1652 529 1825 556 Solimanum

1041 573 1116 604 misi,
1129 580 1183 607 quo
1199 573 1249 608 ipsi
1266 578 1294 599 ut
1311 567 1409 600 novum
1425 574 1489 608 quid
1507 573 1692 607 ostenderem,
1707 581 1825 608 cumque

1039 620 1072 645 ad
1091 621 1178 654 ipsum
1207 619 1396 653 pervenissent
1422 619 1520 646 littera:
1543 627 1621 651 meae,
1636 620 1726 647 attulit
1758 621 1823 647 mihi

1037 665 1141 699 janitor
1163 665 1248 699 ipsius
1263 665 1332 692 alias
1348 672 1361 691 a
1378 665 1596 700 Dil-Riyasatain
1613 665 1647 692 ad
1660 666 1748 699 ipsum
1762 666 1830 693 mis-

1040 717 1097 742 sas,
1113 711 1264 744 eodemque
1282 711 1364 738 modo
1380 718 1435 745 quo
1451 718 1520 745 quas
1538 711 1571 738 ad
1595 719 1637 737 me
1655 711 1767 737 dederat
1784 711 1828 736 in-

1040 757 1168 790 scriptas.
1189 756 1277 791 Atque.
1300 764 1331 784 ex
1348 764 1381 784 eo
1394 761 1518 791 tempore
1544 757 1570 783 in
1605 757 1830 790 inscriptionibus

1039 802 1191 829 litterarum
1209 810 1320 829 suarum
1345 803 1582 837 comprecationes
1611 802 1741 829 adhibere
1765 810 1831 829 cond

1041 853 1199 876 sueverunt.
1215 848 1303 876 Porro
1319 849 1345 875 in
1373 849 1491 884 Egypto
1519 849 1571 875 fuit
1589 848 1761 875 Mohammed
1779 848 1833 874 Eh-

1040 894 1085 921 nol
1106 894 1185 926 Sarii,
1203 894 1289 921 Ehno‘.
1307 894 1428 926 Hacemi,
1449 895 1495 929 qui
1527 895 1639 922 rebellis
1669 894 1769 926 factus,
1789 902 1833 921 se-

1043 948 1097 973 que
1112 940 1146 967 ai)
1164 940 1333 968 AlMamunis
1345 940 1480 975 obsequio
1496 940 1663 972 subducens,
1687 939 1831 974 {Egyptum

1047 986 1205 1020 occupavit,
1224 993 1306 1020 quam
1324 990 1351 1012 et
1368 989 1432 1012 ante
1451 986 1540 1020 ipsum
1556 989 1740 1019 occupaverat
1755 990 1832 1019 pater

1045 1032 1132 1065 ipsius
1148 1030 1279 1059 AlSarius
1294 1041 1300 1058 :
1319 1031 1394 1058 misit
1409 1039 1475 1065 ergo
1498 1031 1654 1062 Alilamun,
1671 1030 1827 1057 Obaidalla-

1041 1078 1107 1104 hum
1124 1076 1335 1104 Ebquhaheri
1363 1077 1390 1103 in
1419 1075 1587 1111 Egyptum;
1607 1076 1652 1109 qui
1678 1083 1711 1101 co
1737 1083 1834 1110 perve-

1043 1123 1122 1150 niens
1138 1123 1226 1150 Elmol
1244 1122 1353 1149 Sarium
1381 1122 1523 1154 salutavit,
1541 1125 1634 1155 utpote
1649 1122 1695 1155 qui
1712 1129 1745 1148 eo
1761 1126 1834 1148 tem—

1043 1177 1108 1203 pore
1124 1177 1178 1203 quo
1193 1168 1340 1203 Egyptum
1359 1169 1500 1202 ingressus
1516 1172 1558 1194 est
1575 1168 1746 1199 Obaidallah,
1761 1175 1833 1201 prae’

1049 1213 1138 1240 fectus
1156 1214 1255 1240 fuerat.
1277 1212 1326 1240 Hic
1343 1221 1408 1248 ergo
1436 1212 1585 1247 [Egyplum
1613 1213 1756 1246 ingressus
1771 1213 1836 1239 col—

1047 1262 1129 1287 lectas
1147 1267 1211 1294 opes
1238 1259 1395 1294 Bagdadum
1422 1258 1456 1285 ad
1487 1258 1683 1284 Allilamunem
1709 1258 1834 1284 abduxit.

1047 1302 1186 1340 Idemque,
1205 1305 1282 1340 copia
1300 1313 1349 1339 per
1367 1304 1472 1331 litteras
1487 1304 1521 1331 ab
1538 1304 1698 1331 AlMamune
1712 1304 1834 1337 scriptas

1042 1352 1094 1385 ipsi
1111 1359 1255 1381 concessa.
1276 1350 1407 1384 templum
1434 1357 1580 1377 commune
1596 1350 1668 1384 quod
1689 1349 1769 1376 Mcsri
1784 1355 1836 1380 est.

1045 1394 1170 1430 [palatio]
1202 1395 1282 1422 llaril‘
1300 1395 1389 1422 Ramli
1414 1401 1471 1422 toto
1490 1395 1575 1426 auxit,
1602 1399 1726 1429 excepta,
1754 1402 1836 1429 quam

1049 1442 1171 1476 reliquit,
1200 1443 1414 1469 monetariorum
1447 1442 1540 1468 domn.
1575 1442 1663 1468 Porro
1697 1441 1836 1468 vacillavit

1047 1487 1242 1522 Hierosolymis
1256 1487 1379 1514 ecclesiae
1396 1487 1618 1514 Resurrectionis
1630 1487 1750 1516 testudo.
1767 1488 1838 1513 adeo

202 1532 310 1560 Manum
330 1532 356 1557 in
375 1531 515 1558 Chorasan
544 1529 653 1563 (estque
681 1529 738 1562 ipse
765 1527 909 1559 Abdollah,
936 1526 992 1552 Elm
1007 1537 1028 1565 ο
1047 1537 1076 1560 ιη
1093 1541 1189 1567 parum
1217 1533 1327 1560 abest,“
1344 1533 1410 1566 quin
1430 1532 1581 1559 πείθει-ει,
1610 1532 1718 1558 Αερίιῃι
1746 1536 1839 1558 aulam

205 1578 298 1604 liaruu
314 1576 474 1608 AlBashidi,
492 1575 550 1602 Ebn
575 1575 745 1601 Mohammcd
772 1573 909 1602 AlMohdi.
935 1571 991 1599 Ebn

202 1623 349 1653 Abdollah,
379 1621 436 1648 Ebn
453 1621 558 1652 Harun,
575 1620 660 1646 Ebnol
690 1619 812 1650 Mansur,
840 1619 883 1645 cui
908 1622 994 1643 mater

204 1670 254 1696 fuit
271 1667 381 1702 Marajel
396 1665 633 1700 AlBadegisensis)
666 1672 737 1691 anno
751 1663 899 1690 centesimo
913 1670 996 1689 nona-

207 1715 408 1749 gcsimoscxlo.
419 1711 581 1739 Interfectus
596 1715 638 1737 est
648 1715 738 1736 autem
754 1708 924 1735 Mohammed
939 1708 994 1734 Mi-

207 1761 299 1792 Amin,
313 1760 396 1786 frater
407 1757 576 1785 AlMamunis
585 1756 705 1791 Bagdadi
715 1757 766 1782 sub
777 1755 829 1781 liuc
841 1762 916 1781 mens
929 1763 941 1781 s
952 1755 995 1780 Al-

206 1807 374 1834 moharram.
393 1811 465 1831 anno
478 1802 629 1829 centesimo
643 1801 821 1835 nonagesimo
843 1805 939 1826 octavo
956 1807 999 1826 oc-

205 1856 323 1886 cupante
335 1850 479 1877 Tdhaltero
490 1848 576 1875 Ebuol
590 1847 689 1874 llosain
705 1847 778 1873 urbis
794 1849 896 1880 partem
913 1845 1001 1871 orien-

205 1895 297 1927 talem,
318 1894 448 1922 Homima
460 1893 664 1920 occidentalem.
682 1895 763 1924 atque
796 1890 928 1916 llomaido
946 1888 1002 1915 Elm

206 1939 510 1968 AbdilllamidTusorsi
537 1943 652 1972 quatuor
668 1937 701 1963 ab
727 1936 820 1962 eadem
845 1935 1003 1970 patasangis

207 1985 327 2011 sedente.
357 1982 536 2018 417-419
567 1981 769 2014 Pnrfectusque
797 1984 838 2007 est
869 1979 1002 2007 AlHosain

208 2029 266 2056 Ebn
278 2029 339 2056 Sabl
351 2028 449 2059 Erako,
465 2028 491 2054 in
505 2027 583 2062 cujus
600 2031 760 2061 potestatem
773 2030 904 2053 venerunt
923 2023 1003 2053 Eraki

209 2075 326 2102 titiones
351 2081 458 2108 unaque
477 2073 546 2099 alite.
564 2072 683 2099 Fuerunt
699 2078 786 2098 autem
803 2072 928 2106 regiones
947 2079 1006 2098 om-

210 2129 260 2148 ncs
283 2120 406 2147 dissidiis
422 2119 518 2153 plenae,
533 2125 593 2144 cum
611 2118 638 2144 in
655 2117 770 2150 singulis
786 2121 877 2143 essent
892 2117 937 2150 qui
953 2117 1006 2143 sibi

211 2165 356 2200 imperium
390 2163 565 2189 vendit-arent
585 2166 637 2188 tam
654 2168 685 2188 ex
704 2161 746 2186 Ali
766 2160 907 2194 prognatis
922 2167 1003 2194 quam

211 2211 282 2237 aliis.
299 2209 446 2236 Discedens
464 2213 552 2234 autem
576 2206 717 2233 AlMamun
735 2213 750 2233 e
763 2205 922 2232 Cliorasano
937 2205 1004 2241 Bag-

1048 1578 1073 1604 in
1088 1578 1230 1605 Palaestina
1247 1581 1328 1611 atque
1339 1576 1538 1611 Hierosolymis
1552 1576 1638 1603 fames
1652 1576 1756 1610 gravis,
1776 1582 1839 1601 cum

1048 1625 1217 1651 locustarum
1245 1622 1434 1653 multitudine,
1463 1621 1531 1648 adeo
1559 1625 1589 1647 ut
1616 1621 1686 1647 l'ame
1718 1620 1840 1654 perirent

1050 1669 1184 1699 homines.
1201 1668 1380 1703 fugerentque
1396 1667 1550 1694 Moslemini
1568 1665 1766 1700 Hierosolymis
1784 1672 1839 1697 pne

1054 1722 1170 1741 annonae
1195 1713 1320 1744 caritate,
1346 1719 1436 1746 neque
1454 1719 1549 1738 eorum
1574 1711 1672 1738 ibidem
1689 1710 1772 1744 aliqui
1793 1717 1840 1736 su-

1050 1757 1382 1793 peressent421-423
1411 1756 1505 1791 paucis
1531 1756 1678 1783 admodum
1706 1755 1840 1788 exceptis.

1052 1805 1171 1831 Thomas
1188 1811 1254 1838 ergo
1273 1803 1431 1838 patriarcha
1461 1802 1520 1836 (qui
1545 1801 1655 1828 Tamrik
1681 1801 1767 1835 audit)
1793 1809 1842 1835 op-

1055 1850 1251 1885 portunitatem
1275 1850 1356 1877 hanc.
1383 1856 1436 1882 qua
1463 1847 1630 1874 Moslemniis
1656 1854 1740 1873 vacua
1769 1850 1841 1872 esset

1055 1896 1131 1927 urbs,
1147 1896 1282 1925 lucratus,
1296 1894 1415 1928 Cyprum
1442 1893 1554 1920 mittens
1572 1892 1639 1919 caedi
1666 1892 1769 1919 curavit
1795 1900 1842 1918 ce-

1055 1943 1165 1970 drorum
1183 1946 1210 1968 et
1227 1941 1347 1967 abietum
1364 1939 1564 1974 quinquaginta
1592 1942 1717 1970 truncos,
1739 1945 1842 1972 eosque

1055 1987 1245 2021 Hierosolyma
1260 1984 1370 2012 adduci.
1388 1983 1508 2018 Fuitque
1530 1983 1572 2010 vir
1587 1982 1699 2017 quidam
1717 1989 1749 2009 ex
1765 1982 1843 2009 Bura:

1056 2033 1215 2067 in1Egypto
1244 2031 1347 2058 incolis
1374 2030 1488 2056 nomine
1514 2029 1613 2056 Bocam
1640 2029 1738 2062 opibus
1754 2028 1843 2055 abun-

1054 2082 1133 2110 dans,
1152 2078 1201 2104 ΙΙἰο
1216 2078 1250 2104 ad
1276 2077 1409 2104 Thomam
1427 2074 1617 2111 patriarcham
1643 2073 1845 2110 Hierosolymi»

1053 2130 1148 2151 tanum
1167 2131 1293 2157 magnam
1322 2122 1445 2157 pecuniae
1459 2121 1514 2148 vim
1541 2121 1664 2152 mittens,
1682 2129 1736 2156 qua
1756 2125 1844 2148 testu-

1053 2171 1144 2197 dinem
1185 2169 1362 2199 instauraret,
1397 2167 1477 2202 jussit
1501 2175 1516 2194 a
1546 2167 1654 2194 nemine
1685 2166 1842 2192 mortalium

1057 2216 1204 2251 quidquam
1223 2215 1367 2254 accipere:
1396 2213 1468 2248 quod
1499 2213 1521 2240 si
1541 2212 1664 2246 pluribus
1680 2211 1768 2238 adhuc
1797 2219 1844 2245 pc-

212 2257 312 2283 dadum
335 2254 466 2289 pet-venit,
504 2260 597 2280 mense
623 2252 730 2286 Saphar
745 2251 808 2277 anui
826 2250 1005 2277 ducentesilui
1022 2253 1044 2280 ο
1059 2250 1149 2289 (ξυηίίε
1163 2269 1233 2296 opus
1251 2250 1374 2296 hab'ere,’
1399 2267 1427 2287 se
1444 2259 1476 2286 ad
1493 2259 1583 2293 ipsum
1601 2265 1662 2286 esse
1683 2258 1842 2284 missumn,_

1256 2295 1266 2304 ο

213 2303 316 2338 quarti,
327 2301 489 2328 satellitibus
498 2300 553 2327 suis
564 2301 690 2333 praefecto
700 2298 843 2325 Tdhahero
856 2297 941 2324 Ebnol
952 2296 1008 2324 Ho-

215 2349 285 2380 sain,
297 2347 476 2381 hominesque
484 2346 517 2372 ad
528 2353 611 2372 unum
621 2352 714 2371 omnes
723 2351 834 2371 securos
844 2350 905 2370 esse
913 2343 1005 2377 jussit.

216 2393 363 2428 Superavit
388 2393 469 2419 etiam
483 2391 661 2418 Abrahimum
677 2388 761 2417 Ebnol
777 2390 878 2422 Mohdi,
890 2389 936 2424 qui
948 2389 1005 2417 Ebu

218 2438 338 2466 Shaklah
365 2437 462 2469 audiit,
477 2436 524 2471 qui
555 2436 699 2470 imperium
725 2435 775 2462 sibi
809 2435 1005 2466 vindicaverat,

217 2489 299 2519 atjuc
336 2484 485 2518 imperator
513 2481 631 2509 fidelium
668 2482 824 2516 appellatus
851 2482 950 2508 fuerat.
977 2480 1004 2507 In

218 2535 329 2558 czrtcras
343 2531 423 2556 etiam
443 2529 568 2563 regiones
593 2535 656 2554 cum
673 2528 765 2562 copias
793 2527 922 2558 mitteret,
941 2526 1006 2553 sub-

217 2577 316 2611 jugatte
334 2579 398 2602 sunt
425 2574 543 2600 ditioncs
571 2581 676 2605 omnes,
693 2580 780 2607 eoque
798 2573 891 2599 audito
909 2580 1005 2599 manus

219 2622 355 2648 dederunt
370 2624 504 2654 quotquot
518 2619 570 2646 sibi
586 2623 746 2652 potestatem
766 2619 952 2653 arripuerant,
979 2623 1007 2646 et

220 2666 404 2693 seditionibus
422 2665 484 2692 ﬁliis
511 2665 656 2698 impositus
672 2669 724 2692 est.
743 2664 816 2691 Dixit
843 2665 902 2691 Abu
930 2663 1007 2691 Isaac

220 2713 349 2739 Abraliim
369 2713 426 2739 Ebn
443 2712 469 2738 ol
486 2710 588 2742 Moluli,
606 2711 651 2745 qui
681 2711 738 2737 Ebn
755 2710 871 2737 Shaelah
889 2711 1009 2745 appella-

221 2763 267 2784 tus
283 2762 335 2784 est.
351 2757 409 2784 Non
426 2757 567 2784 desierunt
579 2756 700 2791 epistolm
728 2756 798 2783 inter
817 2756 941 2783 homines
959 2757 1008 2783 hac

222 2803 309 2830 fomta
328 2803 454 2835 inscribi,
472 2803 512 2829 Al)
530 2801 563 2829 N.
582 2802 638 2828 Ebn
663 2801 696 2828 N.
716 2801 749 2828 ad
769 2801 800 2828 Ν.
828 2801 884 2828 Ebn
910 2801 942 2828 N.
962 2806 1009 2828 aut

224 2850 258 2878 ab
277 2849 326 2876 Abi
343 2848 375 2876 Ν.
398 2849 431 2876 ad
453 2849 503 2877 Abi
519 2847 551 2874 N.
571 2852 617 2875 aut
633 2848 666 2874 ad
686 2848 736 2875 Αὶιί
754 2847 785 2875 Ν.
803 2848 835 2875 ab
849 2848 897 2875 Abi
917 2848 949 2874 N.
962 2852 1008 2875 aut

388 2899 522 2928 Ριτιιοι..
543 2898 602 2928 Gn.
619 2894 709 2927 CXL'

1057 2307 1177 2334 Thomas
1195 2303 1260 2341 ergo
1284 2305 1440 2340 patriarcha
1458 2303 1624 2332 testudinem
1651 2303 1781 2338 paulatim
1801 2303 1843 2330 di—

1057 2360 1151 2385 ruens,
1167 2352 1250 2387 lignis
1276 2351 1335 2378 istis
1361 2350 1530 2378 intromissis
1557 2349 1752 2384 superstruxit.
1769 2348 1844 2375 Vidit

1057 2406 1146 2426 autem
1175 2398 1202 2425 in
1233 2397 1380 2428 insomnio.
1398 2405 1414 2424 e
1442 2397 1571 2424 colmnna
1600 2396 1717 2430 quadam
1746 2403 1779 2422 ex
1809 2394 1844 2421 iis

1055 2442 1374 2479 quibus'sustentabatur
1391 2442 1498 2469 testudo
1517 2439 1635 2476 [templi]
1652 2439 1845 2467 Resurrcctio-

1058 2489 1101 2517 nis
1115 2489 1284 2524 prodeuntes
1307 2487 1486 2522 quadraginta
1505 2487 1581 2513 viros
1604 2485 1651 2520 qui
1675 2485 1840 2512 testudinem

1056 2535 1235 2565 sustinerent,
1257 2541 1292 2560 ne
1303 2533 1424 2565 caderet,
1443 2532 1493 2569 [θ]
1517 2532 1646 2560 columna
1662 2531 1767 2559 scilicet
1781 2538 1843 2565 qua:

1056 2579 1148 2606 domui
1163 2579 1304 2613 supposita
1318 2582 1360 2605 est
1373 2587 1379 2605 :
1393 2581 1570 2612 experrectus
1585 2584 1650 2612 ergo
1665 2577 1733 2604 dixit
1746 2585 1754 2604 ε
1774 2576 1846 2603 Sunt

1056 2624 1237 2659 quadraginta
1253 2623 1290 2650 illi
1310 2623 1355 2657 qui
1373 2622 1538 2650 testudinem
1556 2623 1704 2655 sustinent,
1725 2621 1845 2655 quadra-

1058 2670 1131 2704 ginta
1147 2674 1300 2704 martyres:
1317 2668 1496 2703 quadraginta
1511 2676 1575 2703 ergo
1588 2670 1662 2703 tigna
1680 2668 1707 2694 in
1725 2666 1843 2694 testudi-

1058 2722 1119 2741 nem
1135 2714 1260 2745 immisit,
1282 2720 1397 2747 quorum
1414 2713 1628 2747 unumqttquue
1645 2713 1708 2740 sinu
1725 2711 1846 2745 comple-

1058 2764 1177 2788 cteretur
1195 2761 1275 2787 homo
1290 2760 1322 2787 ad
1336 2767 1477 2787 nmnerum
1491 2759 1672 2793 quadraginta
1685 2762 1844 2792 martyrum.

1065 2805 1166 2839 Estque
1190 2805 1316 2831 coiunma
1334 2805 1386 2832 ista
1409 2813 1470 2839 qua:
1498 2805 1549 2831 sita
1566 2809 1636 2832 este
1657 2804 1767 2837 regione
1791 2802 1850 2837 pul-

1061 2849 1108 2884 piti
1133 2856 1212 2876 secus
1235 2849 1320 2875 altare
1350 2849 1383 2876 ad
1403 2849 1474 2877 latus
1506 2848 1635 2880 australe,
1650 2848 1726 2882 juxta
1753 2855 1847 2882 quam,

1652 2895 1688 2924 36
