2014 3082
189 154 254 186 1131

705 152 885 182 Ευτὶνειιιι
907 151 1173 182 ALEXANDRINI
1193 152 1302 182 PATR.

1744 150 1812 183 1131’.

186 212 293 245 quoties
322 209 404 237 fuerit
421 208 520 235 festum
549 208 728 242 quadraginta
758 211 919 241 martyrum,
937 206 1161 241 l'e-Aqnispiam
1188 215 1241 233 ttua
1261 213 1374 241 excepta
1399 207 1464 240 tilia,
1493 215 1575 242 quam
1601 209 1730 235 demenso
1757 209 1810 236 isto

184 261 256 282 stum
280 255 313 281 iis
330 254 480 281 celebrant.
506 252 630 288 Cumque
646 253 701 287 jattt
721 252 882 287 perfecisset
897 251 972 277 Tho-

185 309 244 328 mas
270 300 426 334 patriarcha
455 299 684 326 instaurationem
711 298 794 334 424
824 296 972 325 testudinis

185 344 342 381 [immissis]
368 345 461 378 tignis,
489 351 607 378 eamque
624 348 650 371 et
670 345 796 379 superius
814 347 840 370 et
856 342 971 370 inferius

185 391 377 421 incrustasset,
398 388 542 416 aediﬁcavit
570 395 654 424 supra
671 388 835 416 testudinem
861 388 942 414 istaut
957 395 972 414 e

182 435 264 469 lignis
279 439 306 461 et
322 434 413 467 aliam,
444 441 478 461 eo
494 435 565 461 inter
583 435 656 469 ipsas
684 434 778 461 relicto
803 433 893 468 spatio
917 439 972 467 quo

181 481 307 508 incedere
321 479 384 515 quis
402 480 501 515 possit.

216 527 284 553 Cum
304 532 370 558 ergo
385 532 416 552 ex
441 525 559 561 Egyplo
586 530 771 553 reverteretur
787 523 872 552 Obaid
890 524 969 550 Allalt

180 572 239 598 Elin
270 571 400 599 Tdhalter
429 570 587 605 Bagdadunt
617 569 744 600 tendens.
770 569 908 603 querelam
935 568 967 594 ad

179 618 269 652 ipsum
293 617 451 646 detulerunt
469 616 632 649 Moslemini,
646 615 818 643 Christianos
832 619 967 648 trangres-

178 671 236 695 sos,
255 663 323 690 illud
339 663 411 698 quod
438 670 490 689 non
517 662 613 689 liceret
629 661 696 696 ipsis
715 660 825 690 fecisse,
855 659 967 686 testudi-

178 717 241 736 nem
269 709 394 736 ecclesize
423 707 644 735 Resurreetionis
672 707 832 739 diruentes;
851 711 967 739 eantque

177 761 239 781 cum
256 762 338 788 parva
362 758 447 785 esset,
465 758 613 788 augentes,
630 753 698 780 adeo
727 757 755 779 ut
779 759 860 786 quam
886 754 965 777 antea

177 800 267 826 fuerat
286 799 373 833 major
400 799 527 827 evaderet
545 806 572 825 et
586 799 752 825 testudinem
771 797 858 824 Petra:
874 796 966 823 altitu-

175 845 241 872 dine
258 850 412 880 superaret.
433 844 595 872 Obaidallah
623 852 690 879 ergo
710 844 875 871 accersitum
892 841 965 869 Tito-

175 898 248 917 mam
274 891 470 925 patriarcham,
500 891 626 924 aliosque
651 898 712 918 cunt
740 897 773 917 eo
800 889 911 921 multos,
937 888 965 915 in

175 943 313 962 carcerein
332 936 460 970 conjecit,
479 935 549 963 hanc
568 936 595 962 in
613 943 668 962 rem
686 935 880 970 inquisiturus,
897 939 926 960 ut
941 933 965 961 si

174 991 270 1010 verum
288 985 489 1018 comperiretur
515 983 582 1010 illud
607 982 688 1016 cujus
713 981 864 1009 insitttulati
889 985 964 1013 sunt,

174 1028 267 1063 ﬂagris
284 1029 358 1063 ipsos
374 1029 503 1056 caederet.
528 1028 569 1055 Ad
582 1035 652 1063 quos
669 1036 734 1062 ergo
750 1035 862 1054 carcere
878 1026 966 1053 inclu-

174 1082 221 1102 sns
239 1079 322 1101 noctu
339 1074 473 1102 accedens
492 1081 576 1102 senex
604 1073 716 1108 quidam
743 1072 964 1103 Moltantmedita,

175 1118 286 1146 Tltoma:
301 1119 465 1154 patriarchae
479 1119 519 1146 sic
533 1119 624 1146 dixit:
647 1118 704 1153 Ego
728 1119 878 1146 educturus
901 1125 961 1145 sum

175 1169 201 1191 te
228 1169 432 1200 argumentum,
460 1172 515 1200 quo
529 1168 555 1191 ct
582 1168 609 1191 tu
626 1169 653 1191 et
669 1165 784 1191 comites
800 1165 839 1191 tui
856 1163 962 1191 evasuri

174 1211 251 1241 estis.
268 1210 419 1237 auxiliante
435 1210 501 1244 Deo,
528 1218 579 1238 nec
607 1218 660 1237 tton
677 1215 703 1237 et
719 1211 845 1242 testudo;
869 1216 901 1236 co
915 1216 963 1243 pa-

174 1262 229 1289 cto,
247 1258 270 1284 si
285 1258 352 1284 ntilti
368 1258 504 1291 spondeas
526 1257 655 1284 daturum
680 1263 705 1284 te
723 1257 788 1283 tttilti
815 1256 890 1282 mille
913 1263 963 1283 au-

174 1310 246 1334 reos,
261 1303 383 1337 mihique
406 1307 433 1330 et
445 1303 537 1330 liberis
560 1303 628 1330 meis
641 1302 844 1336 liberorumque
862 1301 964 1333 liberis,

179 1347 268 1374 donec
305 1347 449 1378 deﬁciant.
483 1348 510 1374 in
544 1352 705 1382 perpetuum
741 1347 894 1374 exltibitaut
931 1347 964 1373 iri

173 1392 331 1420 demensum
362 1401 395 1420 ex
421 1392 502 1427 hujus
527 1393 672 1420 testudinis
695 1393 837 1423 reditibus,
869 1400 963 1427 quern-

176 1437 321 1464 adntodnnt
368 1438 558 1466 sacerdotibus
585 1443 612 1465 ct
650 1438 785 1464 diaconis.
829 1436 962 1464 Promisit

172 1490 237 1517 ergo
255 1483 306 1517 ipsi
337 1482 458 1511 Thomas
485 1483 641 1518 patriarcha
668 1484 759 1511 omnia
784 1490 844 1517 qua:
870 1483 957 1517 petiit,

1023 252 1138 284 privavit
1155 252 1227 279 Elias
1243 251 1300 278 Ebn
1317 251 1428 279 Mansur
1442 253 1597 287 patriarcha
1614 253 1809 288 Hierosolymi-
1852 286 1855 288 η

1023 301 1113 323 tanus.
1134 296 1240 324 Mortuo
1257 302 1345 324 autent
1358 297 1462 324 Thoma
1479 298 1645 330 patriarcha,
1665 298 1810 332 praafertns

1021 347 1063 368 est
1079 346 1140 376 post
1167 343 1254 376 ipsum
1279 343 1431 377 discipulus
1449 344 1546 377 ipsius,
1565 345 1674 371 nomine
1692 344 1810 376 Basilah,

1021 385 1217 421 Hierosolymis
1243 387 1421 421 patriarcha:
1455 388 1536 422 idque
1563 396 1636 415 attno
1663 389 1810 416 cltaltfatns

1021 430 1192 459 AlMatnunis
1217 433 1353 466 septimo;
1370 433 1527 459 cathedram
1555 437 1645 461 autem
1664 435 1810 468 occupavit

1022 475 1132 503 Basilalt
1149 484 1237 504 annos
1253 478 1347 512 viginti
1373 478 1507 513 quinque,
1534 479 1596 506 dein
1622 480 1701 506 obiit.
1729 481 1809 506 Anno

1019 521 1108 554 primo
1127 521 1272 549 cltalifatus
1297 522 1466 551 AlMamunis
1479 524 1643 552 constitutus
1659 525 1706 551 Ioh
1723 525 1806 559 patri-

1017 565 1100 592 archa
1118 566 1314 599 Antiocltenus,
1333 569 1378 602 qui
1390 577 1477 596 annos
1492 571 1602 604 triginta
1615 578 1700 597 unum
1723 572 1809 598 sedit.

1055 609 1192 639 Reversus
1209 618 1298 639 autem
1312 613 1471 641 Obaidollah
1486 615 1543 642 Ebn
1556 615 1694 643 letaheti
1708 616 1804 651 Bagda-

1019 658 1093 690 dum,
1121 658 1154 685 ad
1176 659 1379 692 Almautunem,
1405 662 1542 695 quontodo
1563 669 1592 689 se
1611 663 1742 690 haberent
1766 672 1810 691 res

1015 703 1043 730 itt
1062 703 1190 739 Egypto,
1205 705 1324 740 qttidqttc
1343 706 1378 732 ibi
1405 708 1509 741 egisset
1525 716 1580 742 qtto
1604 716 1664 735 eam
1690 709 1717 735 itt
1733 709 1810 735 ordi-

1014 758 1076 778 nem
1095 751 1248 786 redigeret,
1267 753 1317 786 ipsi
1336 753 1477 781 indicavit.
1495 754 1560 782 Post
1580 755 1636 782 hac
1651 757 1810 785 tunmltuati

1017 802 1083 825 surtt
1096 798 1127 824 Al
1143 798 1271 825 Dimaidm
1281 819 1288 830 ,
1311 805 1340 826 ut
1353 800 1506 835 Cophtitice
1519 800 1660 833 dicuntur,
1674 802 1752 836 cujus
1770 803 1810 829 in-

1019 844 1177 878 terpretatio
1193 849 1234 871 est
1247 843 1396 878 Progenies
1407 847 1656 881 quadragenorum,
1673 848 1806 882 siquidem

1017 885 1132 915 Romani
1157 896 1218 916 cuin
1244 888 1364 925 (Egypto
1378 891 1550 918 discederent
1576 898 1731 927 occupa-tte
1746 901 1806 920 cant

1015 934 1148 968 religione
1163 934 1392 968 lloltutttmedica,
1417 936 1505 964 relicti
1521 942 1585 964 sunt
1607 946 1640 965 ex
1665 939 1734 972 ipsis
1755 937 1806 965 viri

1016 979 1208 1014 quadraginta,
1219 981 1264 1016 qtti
1280 981 1372 1009 liberis
1386 982 1421 1009 ibi
1435 983 1532 1016 genitis
1547 984 1718 1019 multiplicati
1732 991 1807 1016 sunt;

1015 1031 1098 1060 atque
1116 1026 1141 1052 in
1157 1025 1286 1054 inferiore
1304 1031 1384 1054 terrae
1402 1027 1570 1064 Egyptiacae
1587 1035 1664 1064 parte
1675 1032 1808 1065 progenie

1015 1071 1100 1103 aucti,
1120 1072 1245 1106 appellati
1261 1077 1326 1100 sunt
1343 1073 1440 1106 Bintai,
1467 1075 1493 1100 id
1510 1079 1552 1102 est
1566 1075 1749 1111 Quadraginta
1768 1077 1805 1103 vi—

1017 1124 1110 1144 rorum
1127 1119 1278 1152 progenies.
1299 1119 1332 1145 lli
1355 1119 1438 1153 igitur
1464 1120 1579 1148 rebelles
1600 1120 1664 1148 facti
1688 1121 1807 1156 vectigal

1013 1167 1039 1189 et
1052 1163 1182 1189 tributum
1201 1164 1318 1198 pendere
1345 1166 1501 1192 noluerunt.
1518 1166 1596 1199 Quod
1617 1174 1680 1193 cuin
1696 1167 1727 1194 Al
1745 1167 1802 1193 Bla-

1018 1209 1094 1235 muui
1122 1210 1274 1236 nuntiatum
1288 1215 1371 1244 ('SScl,
1387 1211 1461 1238 misit
1477 1212 1522 1239 ille
1534 1213 1746 1240 Almotasemunt
1762 1220 1808 1239 co-

1013 1254 1064 1287 piis
1078 1255 1242 1281 instructum
1266 1256 1291 1282 in
1307 1255 1467 1292 Egyptum,
1479 1265 1561 1292 quem
1587 1266 1676 1293 pugna
1691 1266 1806 1292 excepeo

1016 1303 1079 1325 runt
1094 1299 1126 1325 Al
1139 1299 1276 1332 Bimaidze,
1294 1307 1323 1328 ut
1346 1306 1373 1329 et
1397 1302 1455 1336 ipse
1472 1302 1552 1336 illos;
1572 1311 1640 1337 quos
1663 1309 1689 1329 et
1707 1310 1805 1337 magna

1016 1343 1137 1377 ipsorum
1160 1349 1252 1380 strage
1267 1346 1340 1373 edita
1369 1347 1395 1374 in
1422 1347 1512 1382 fugant
1535 1348 1609 1376 dedit
1636 1349 1806 1383 feminasque

1014 1388 1149 1423 ipsorum,
1175 1395 1201 1417 et
1219 1391 1320 1418 liberos
1347 1391 1504 1427 Bagdadum
1532 1395 1655 1428 captivos
1679 1395 1805 1427 abduxit,

1016 1441 1071 1468 quo
1085 1434 1259 1471 429-531
1272 1445 1395 1464 reversus
1407 1441 1448 1464 cst
1462 1443 1605 1472 postquam
1619 1438 1764 1474 Egyptum
1777 1442 1804 1467 in

1013 1482 1135 1508 ordinent
1155 1483 1303 1517 redegerat.
1329 1482 1397 1510 Tum
1414 1487 1441 1510 et
1460 1483 1517 1518 ipse
1542 1484 1574 1511 Al
1591 1483 1699 1512 Mantun
1715 1487 1803 1513 conti-

171 1528 298 1562 idetttqtte
313 1529 416 1564 scripto
433 1537 485 1557 suo
502 1529 554 1564 ipsi
585 1534 705 1556 testatus
722 1534 772 1556 est.
791 1529 863 1556 Dixit
879 1529 960 1564 igitur
975 1536 998 1567 ο
1013 1531 1089 1555 tante
1114 1527 1147 1554 Al
1172 1527 1321 1555 Motasemo
1347 1529 1373 1554 itt
1402 1527 1550 1563 Egyptum
1576 1529 1716 1564 profectus
1742 1537 1803 1565 cst,

170 1573 207 1600 illi
223 1583 229 1600 :
254 1573 305 1601 Ubi
332 1579 358 1602 te
372 1575 570 1602 accersiverint
587 1582 618 1602 ac
635 1575 795 1602 testimonia
809 1579 907 1602 contra
930 1579 957 1601 te

170 1619 344 1652 protulerint,
368 1619 548 1655 ﬁas-427
574 1621 615 1647 sic
639 1620 732 1648 dicas:
767 1619 862 1648 Servet
887 1620 958 1647 Deus

171 1666 377 1699 imperatorem.
395 1670 468 1693 certe
487 1667 662 1700 reparatione
679 1674 749 1700 opus
765 1667 863 1693 habuit
881 1666 958 1694 locus

172 1709 282 1743 quidam
300 1710 326 1736 itt
354 1710 500 1741 testudine,
522 1719 626 1745 egoque
648 1719 711 1738 eum
741 1712 904 1744 instauravi,
921 1712 958 1738 ita

172 1759 201 1780 ttt
234 1755 302 1781 nihil
331 1755 440 1782 interim
465 1755 612 1788 diruerim,
630 1757 696 1783 nihil
727 1757 890 1784 addiderint.
917 1757 956 1784 Illi

170 1805 260 1827 autent
280 1802 326 1835 qui
346 1802 534 1829 testintonium
561 1802 706 1837 perhibent
723 1808 818 1830 contra
847 1811 890 1830 tlte
916 1808 956 1830 le-

170 1851 277 1874 stantur
308 1847 471 1874 testudinem
500 1848 631 1876 minorem
661 1848 748 1876 fuisse
773 1856 856 1884 quam
883 1856 956 1877 nunc

169 1896 220 1924 est,
239 1899 335 1926 ntequc
350 1892 373 1918 ei
387 1892 524 1920 addidisse
541 1901 549 1926 ;
565 1894 714 1929 interroget
729 1901 793 1929 ergo
815 1895 890 1929 ipsos
906 1895 955 1921 int-

169 1944 287 1971 perator,
304 1942 404 1972 quanta
423 1937 505 1965 fuerit
528 1938 674 1966 testudinis
695 1947 785 1974 parvae
799 1946 891 1974 quam,
914 1940 954 1966 uti

169 1988 321 2016 autumant,
338 1983 422 2017 dirui,
439 1985 578 2012 crassities
595 1990 751 2019 quantaque
767 1985 848 2019 hujus
872 1992 954 2020 quant

168 2030 289 2057 exstruxi
311 2035 394 2064 atque
419 2031 578 2065 ampliorem
594 2029 658 2062 feci.
681 2039 736 2066 quo
750 2032 819 2058 sciat
835 2031 954 2065 impera-

169 2081 211 2102 tor
228 2080 359 2110 quantum
384 2077 419 2103 sit
443 2076 513 2104 inter
539 2080 682 2111 utramque
709 2085 724 2104 a
750 2084 793 2105 me
820 2077 952 2104 additum.

167 2123 260 2158 Neque
277 2125 348 2150 enim
367 2132 486 2159 unquam
512 2127 564 2152 huc
580 2125 651 2152 scire
668 2129 795 2159 possunt.
824 2124 872 2152 Die
889 2132 953 2159 ergo

168 2170 288 2196 etastino
302 2169 443 2196 aeaersitis
458 2169 564 2197 'I‘Itonta
584 2171 742 2205 patriarcha
764 2175 791 2198 et
805 2170 953 2197 comitibus

1013 1581 1128 1609 eamque
1142 1574 1285 1608 ingressus
1296 1575 1339 1602 die
1351 1574 1476 1606 Veneris.
1493 1577 1594 1603 mensis
1607 1577 1638 1603 Al
1649 1577 1803 1604 Maharram

1012 1627 1096 1650 nono,
1114 1626 1185 1646 anno
1206 1619 1292 1653 llejra:
1305 1620 1492 1648 ducentesimo
1507 1621 1613 1649 decinto
1628 1623 1752 1656 septimo,
1770 1631 1802 1650 ac

1013 1663 1101 1697 primo
1113 1664 1216 1690 mensis
1232 1663 1339 1698 Saphar
1353 1665 1385 1691 ad
1401 1664 1582 1692 Al'Bimaidas
1596 1666 1732 1700 profectus
1746 1672 1800 1699 est;

1013 1708 1073 1736 dein
1093 1708 1126 1736 ab
1143 1709 1209 1743 ipsis
1226 1717 1353 1737 reversus
1382 1710 1510 1738 ﬂctsrant
1535 1717 1562 1738 et
1578 1711 1739 1739 Pitustatmn
1758 1713 1801 1739 in—

1011 1762 1122 1789 gressus
1149 1761 1191 1782 est
1215 1755 1260 1782 die.
1286 1755 1410 1788 Sabbali,
1428 1757 1530 1784 mensis
1559 1758 1666 1792 Saphar
1691 1759 1800 1786 decimo

1011 1805 1120 1832 quarto,
1135 1805 1216 1836 atque
1233 1809 1265 1828 cx
1284 1800 1400 1836 ,ἄξω-βω
1417 1802 1548 1831 discessit
1561 1812 1654 1831 mense
1669 1805 1700 1831 ΔΙ
1714 1804 1798 1832 [labia

1009 1847 1093 1881 priori
1108 1847 1228 1880 ejusdem
1252 1848 1328 1874 anni.
1343 1847 1412 1874 Cum
1431 1854 1522 1876 autem
1540 1849 1566 1876 in
1591 1849 1736 1884 Egypt-nn
1754 1859 1799 1878 ve-

1011 1892 1095 1919 nisset
1114 1893 1144 1918 Al
1168 1892 1290 1925 Mantun,
1312 1894 1408 1920 turrim
1428 1894 1481 1921 sibi
1499 1895 1636 1922 exstruxit
1654 1896 1681 1922 itt
1707 1899 1798 1923 monte

1009 1937 1040 1963 Al
1055 1937 1213 1969 Mokattam,
1231 1938 1257 1964 itt
1274 1946 1327 1973 qua
1352 1939 1432 1970 sedit,
1450 1940 1640 1975 appellataque
1660 1945 1702 1968 est
1725 1941 1797 1967 Koh-

1008 1982 1082 2010 batol
1103 1983 1186 2011 llawa
1212 1983 1309 2020 [turris
1328 1984 1481 2020 desiderii].
1507 1986 1627 2013 Aderant
1651 1992 1740 2013 autem
1765 1987 1797 2014 Al

1007 2029 1128 2057 Mantuui
1144 2030 1307 2058 cubicularii
1322 2031 1377 2057 duo
1397 2031 1557 2063 Christiani,
1576 2033 1623 2067 qtti
1641 2039 1702 2060 Cum
1717 2034 1797 2068 longe

1007 2075 1136 2103 abessent
1165 2076 1290 2104 ecclesia:
1301 2084 1362 2111 qua:
1379 2077 1406 2103 irt
1423 2077 1524 2111 palatio
1539 2083 1628 2111 erant,
1644 2079 1749 2114 copiam
1763 2080 1797 2107 ab

1006 2120 1038 2147 Al
1055 2119 1179 2148 Mamune
1195 2121 1375 2155 impetrarunt
1390 2122 1533 2150 ecclesiam
1550 2124 1576 2150 in
1589 2131 1641 2158 qua
1656 2132 1734 2152 orare
1747 2133 1797 2160 po-

1006 2170 1110 2197 terant,
1135 2166 1299 2199 :edificandi,
1325 2175 1386 2202 quae
1411 2175 1426 2194 a
1449 2167 1576 2196 Kobbatil
1602 2169 1683 2197 llawa
1713 2179 1799 2206 prope

168 2215 266 2249 ipsius,
295 2215 408 2242 aderant
436 2215 518 2243 etiam
549 2215 692 2249 Moslctnii,
712 2216 757 2250 qui
776 2217 866 2244 testati
895 2220 958 2243 sunt

1011 2211 1116 2238 abesset
1132 2220 1139 2238 :
1154 2212 1228 2246 quod
1248 2212 1294 2239 illo
1311 2213 1378 2247 ipsis
1399 2214 1576 2247 concedente,
1601 2220 1797 2244 exstruxerunt

169 2266 276 2288 auctam
296 2261 381 2288 fuisse
398 2263 574 2294 testudinem,
592 2267 685 2289 contra
701 2270 770 2296 quos
784 2269 816 2289 eo
829 2270 894 2288 usus
914 2267 956 2289 est

168 2309 331 2340 argumento
348 2305 477 2334 Thomas.
508 2305 582 2333 Dixit
605 2307 687 2341 igitur
706 2307 773 2342 ipsis
790 2307 953 2335 Obaidollalt

168 2350 224 2377 Enn
250 2349 404 2378 letaheri:
420 2351 519 2379 Verum
537 2358 580 2380 est
606 2353 677 2387 quod
704 2353 858 2388 pretendit,
879 2355 951 2387 quod

166 2401 256 2423 etnos
274 2397 325 2431 ipsi
352 2396 584 2426 confirmabimus.
616 2398 735 2426 lndicate
762 2399 827 2426 ntilti
854 2404 955 2433 quanta

166 2446 226 2469 erat
244 2442 391 2470 testudinis
411 2447 556 2478 antequan
582 2444 672 2471 diruta
699 2443 762 2475 fuit,
789 2446 955 2473 erassities?

165 2493 321 2522 quantaque
359 2488 410 2515 hoc
435 2489 580 2522 tempore?
607 2488 845 2524 Respondentibus
866 2491 953 2524 ipsis:

167 2534 288 2561 anhoc
303 2533 519 2568 explorabimus,
547 2533 699 2562 dissolutus
726 2539 768 2561 est
795 2542 951 2566 consessus.

164 2579 361 2614 profectusque
376 2584 417 2607 est
432 2578 592 2607 Obaidallalt
611 2579 668 2606 Ebn
696 2579 825 2607 letaher
854 2580 952 2607 Dama-

165 2633 240 2653 scum
254 2634 262 2653 :
280 2624 401 2653 Thomas
414 2630 504 2652 autem
517 2626 684 2661 patriarcha,
697 2630 724 2653 et
737 2626 850 2653 comites
867 2626 951 2660 ipsius

165 2671 353 2708 Hierosolyma
394 2672 499 2700 reversi
530 2676 593 2699 suttt
625 2672 724 2706 gaudio
747 2671 847 2699 affecti.
874 2672 951 2699 Dedit

164 2723 229 2751 ergo
247 2716 366 2745 Thomas
382 2717 537 2752 patriarcha
559 2718 628 2751 [seni
653 2717 698 2744 isti
725 2717 950 2745 Moltammedatto

164 2761 237 2787 mille
254 2769 368 2794 aureos;
387 2770 437 2790 nec
452 2762 592 2790 desierunt
606 2762 729 2790 exhiberi
754 2762 806 2797 ipsi
822 2762 950 2790 demensa

164 2811 193 2833 et
214 2811 276 2841 post
304 2807 393 2841 ipsum
417 2807 509 2835 liberis
534 2808 630 2843 ipsius,
658 2816 708 2836 nec
724 2815 779 2835 non
800 2808 948 2835 liberorum

162 2851 268 2885 liberis,
301 2852 389 2880 donec
418 2852 491 2880 haud
523 2859 680 2888 superesset
711 2861 744 2881 ex
779 2854 847 2889 ipsis
865 2853 948 2889 428

1004 2257 1148 2285 ecclesiam
1168 2257 1275 2285 Sancta:
1296 2258 1398 2291 Mariae,
1427 2268 1488 2294 (μιν
1506 2261 1582 2294 juxta
1607 2267 1716 2296 pontem
1737 2268 1792 2294 est,

1004 2308 1086 2337 atque
1100 2303 1180 2330 hodie
1196 2304 1349 2338 appellatur
1363 2305 1485 2332 Ecclesia
1506 2305 1706 2340 Romanorum,
1731 2317 1793 2336 cum

1003 2354 1082 2375 antea
1104 2355 1248 2376 vocaretur
1271 2349 1393 2377 Ecclesia
1412 2351 1528 2378 duorum
1547 2352 1794 2381 cubiculariorum.

1001 2394 1100 2421 Fertur
1116 2395 1189 2428 ipsos
1203 2402 1262 2422 eam
1277 2397 1448 2424 exstruxisse
1464 2397 1588 2432 reliquiis
1600 2398 1707 2425 aedificii
1722 2399 1795 2426 Koh—

1004 2440 1071 2467 batil
1099 2439 1194 2467 llawa.
1223 2439 1365 2468 Exstruxit
1392 2442 1473 2469 etiam
1494 2443 1643 2470 AlMamun
1674 2445 1700 2472 in
1727 2446 1792 2472 Said

1002 2486 1113 2521 regione
1126 2485 1286 2521 Egyptiaca
1301 2487 1467 2520 enlumnam,
1484 2496 1538 2523 quo
1551 2489 1730 2524 dignuseatnr
1741 2491 1791 2518 Nili

1001 2533 1213 2565 incrementum,
1231 2533 1295 2559 loco
1319 2534 1365 2567 qtti
1385 2532 1486 2561 Slturat
1511 2537 1664 2570 appellatur
1689 2537 1715 2564 itt
1733 2538 1794 2565 tico

1005 2577 1172 2605 Babanudah
1194 2578 1278 2605 dicto.
1303 2578 1469 2607 instauravit
1499 2580 1570 2608 idem
1594 2589 1750 2610 mensuram
1766 2584 1792 2610 itt

1004 2623 1140 2651 Achmitn.
1163 2623 1203 2651 Ad
1218 2624 1249 2651 Al
1263 2624 1418 2653 Mantunem
1431 2625 1512 2661 432
1529 2632 1621 2654 autem
1646 2629 1792 2663 accedente,

1005 2670 1137 2698 Boeamus
1151 2670 1352 2699 Christianuse
1370 2671 1448 2700 Bura:
1462 2673 1571 2707 incolis,
1590 2674 1634 2701 ille
1649 2675 1695 2709 qui
1711 2683 1791 2702 nunt-

1006 2724 1066 2744 ntos
1083 2717 1157 2744 tnisit
1170 2717 1203 2745 ad
1218 2718 1423 2746 instaurandam
1439 2719 1586 2747 ecclesiam
1603 2720 1794 2748 Resurrectio-

1003 2762 1056 2794 nis,
1070 2763 1104 2790 ab
1114 2763 1159 2790 illo
1175 2765 1252 2798 petiit
1267 2769 1296 2791 ttt
1311 2764 1389 2792 Bura
1401 2767 1583 2800 prmficeretur
1597 2767 1685 2796 (dives
1701 2773 1791 2795 autem

1002 2809 1147 2836 admodum
1162 2809 1235 2844 fuit),
1249 2811 1292 2837 cui
1311 2811 1343 2837 Al
1356 2810 1478 2844 Mamun,
1497 2811 1662 2848 Religionem
1679 2814 1790 2849 (inquit)

1002 2853 1243 2884 Moltammcdicam
1259 2857 1433 2892 amplectere,
1459 2858 1569 2894 erisque
1587 2860 1654 2887 mihi
1679 2867 1692 2887 s
1710 2866 1786 2892 rvus,
