2014 3082
281 129 348 162 113ὶ

999 128 1181 158 ANNALES.

1822 134 1891 165 1134

278 193 310 212 ac
330 189 356 212 te
375 184 539 219 prarliciam;
564 185 709 218 respondet
726 183 868 216 Bocamus,
895 184 1054 218 Imperatori
1069 186 1095 215 Α
1109 187 1293 220 pendentibus
1314 195 1329 213 e
1353 186 1468 214 ducibus
1493 187 1525 214 Al
1540 186 1676 216 Mamunis
1701 190 1840 218 nonnullis
1858 192 1891 218 ad

277 231 398 258 fidelium
424 237 565 258 servorum
584 229 871 256 Mohammedanorum
890 230 990 263 myrias
1004 234 1056 262 est,

274 283 365 303 annon
379 275 431 303 erit
449 282 519 302 unus
538 282 635 302 servus
651 274 843 302 Christianus?
867 273 969 301 Ridens
994 281 1058 309 ergo

277 321 318 355 ΛΙΙ
329 320 436 347 Mamun
452 320 502 354 ipsi
523 319 711 354 praefecturam
734 319 813 347 Bura;
828 323 856 346 et
874 319 993 347 locorum
1010 321 1059 347 ad-

273 365 420 400 iacentium
435 365 582 392 commisit.

318 410 521 444 Condiditergo
535 409 612 436 Burze
634 409 734 436 multas
762 408 891 436 ecclesias
916 408 1056 443 pulchras.

274 454 354 482 Juxta
371 455 483 489 januam
507 458 598 481 autem
618 453 716 480 a-dium
742 454 827 488 ipsius
843 459 902 481 erat
928 454 1058 489 templum

274 499 543 537 [Mohammedtcum]
567 507 722 527 commune.
747 499 820 526 Dixit
835 506 900 534 ergo
915 499 993 527 Bura;
1017 500 1060 526 in-

273 547 342 574 colis
365 545 621 572 Mohammedanis:
644 544 796 572 Ediﬁcabo
821 546 899 573 vobis
928 546 1058 579 templum

274 599 418 619 commune
443 590 525 623 aliud,
548 590 570 618 si
592 591 721 624 templum
744 590 812 622 hoc,
829 591 902 625 quod
925 591 1057 625 jnxlaja-

274 645 356 664 nuam
371 636 470 664 domus
493 643 558 662 meae
571 640 624 667 est.
637 635 788 663 dirueritis.
812 635 862 662 Cui
879 636 1034 663 Moslemini
1050 643 1057 661 :

274 681 392 708 Exstrue
406 680 536 715 templum
552 681 636 712 aliud,
653 688 702 708 nos
723 680 858 716 [interim]
880 681 932 708 hoc
950 681 977 708 in
994 686 1061 708 lem-

275 727 320 761 plo
335 726 489 756 orabimus,
503 730 528 751 at
541 733 602 751 cum
619 725 750 759 templum
771 725 836 752 illud
853 725 1015 758 absolveris,
1031 726 1059 752 in

277 779 310 798 eo
325 771 477 803 orabimus,
493 776 575 804 atque
593 770 643 797 hoc
665 771 815 797 diruemus.
840 770 980 797 Exstrnxit
995 778 1059 805 ergo

277 816 405 849 templum
429 823 569 850 magnum,
597 815 756 850 pulchrum;
781 815 853 850 quod
881 823 943 842 cum
968 816 1058 843 absol-

275 860 368 892 visset,
392 860 484 887 dixit:
502 860 604 887 Solvite
627 860 693 887 mihi
719 861 791 894 qttod
814 861 1000 895 promisistis,
1029 869 1062 890 ac

276 906 404 939 templum
428 905 500 940 quod
518 905 551 932 ad
569 905 680 940 januam
698 913 785 933 meam
804 912 857 938 est,
883 907 984 934 diruite
996 916 1004 934 :
1018 907 1062 935 cui

277 950 426 979 illizﬂaud
444 951 605 986 permissum
630 956 673 978 est
698 951 778 978 nobis
802 952 934 987 religione
958 958 1063 986 nostra,

277 1002 305 1023 ut
322 997 449 1032 templum
468 997 494 1024 in
517 1005 572 1032 quo
595 998 751 1030 oravimus,
769 999 802 1025 ad
821 1006 915 1033 preces
932 1006 1063 1027 convoca-

274 1043 375 1074 vimus,
392 1048 419 1069 et
432 1043 622 1075 convenimus,
640 1043 797 1076 diruarnns,
816 1051 986 1078 nequaquam
1011 1045 1062 1072 hoc

274 1089 407 1124 permittit
429 1088 526 1123 religio
552 1094 669 1115 nostra:
694 1096 726 1115 eo
751 1097 816 1124 ergo
844 1097 899 1124 quo
922 1098 952 1117 se
969 1090 1062 1118 habuit

273 1139 345 1161 statu
361 1134 484 1162 relictum
500 1139 542 1161 est
565 1133 745 1170 433-535
764 1135 908 1170 templum;
926 1139 1007 1170 atque
1024 1137 1061 1163 ita

273 1179 353 1206 Bura:
378 1179 432 1207 duo
447 1179 557 1207 fuerunt
578 1181 676 1214 templa
702 1180 729 1207 in
751 1181 850 1215 quibus
866 1182 1058 1215 convenirent;

274 1233 390 1260 quorum
411 1226 439 1252 in
461 1225 513 1252 hoc
530 1233 583 1252 una
596 1225 641 1252 die
656 1225 780 1257 Veneris,
796 1226 822 1252 in
839 1226 884 1253 illo
901 1226 984 1254 altera
996 1234 1058 1254 ora.-

274 1273 348 1298 bant.
366 1271 500 1297 Bncamus
517 1277 593 1301 vero,
605 1277 666 1297 cum
680 1274 751 1297 esset
765 1270 823 1298 dies
837 1267 958 1303 Veneris,
972 1272 1057 1299 vesti-

275 1317 326 1344 bus
351 1317 435 1351 nigris
459 1316 593 1346 indutus,
619 1316 763 1350 gladioque
785 1324 818 1343 ac
842 1317 932 1344 balteo
952 1317 1060 1345 cinctus

274 1370 344 1396 equo
364 1363 526 1394 vehebatur,
545 1362 692 1388 comitibus
717 1362 773 1388 suis
800 1362 927 1396 stipatus,
942 1370 1060 1397 cumque

274 1409 306 1435 ad
324 1409 450 1442 templum
466 1408 586 1435 venisset
600 1408 635 1434 ibi
652 1407 815 1440 sustinebat,
831 1408 998 1442 ingrediente
1011 1409 1060 1436 de-

275 1460 368 1488 putato
388 1454 484 1489 ipsius,
509 1454 554 1488 qui
585 1453 828 1481 Mohammcdanus
853 1454 914 1485 fuit,
942 1458 972 1481 ut
996 1461 1059 1481 cum

275 1500 376 1534 populo
399 1504 502 1530 oraret,
519 1504 546 1526 et
563 1499 670 1526 chalil'a:
694 1500 804 1527 nomine
826 1504 977 1527 memorato
992 1507 1060 1527 con-

274 1547 380 1572 cionem
392 1545 518 1577 haberet;
534 1553 564 1572 ac
575 1549 631 1572 tum
647 1546 681 1573 ad
693 1546 780 1580 ipsum
792 1545 957 1581 egrediente.
970 1546 1064 1581 Neque

275 1593 414 1619 desierunt
426 1591 571 1619 Christiani
592 1597 680 1625 vestes
693 1593 786 1628 nigras
798 1593 922 1625 induere,
939 1601 970 1620 ac
985 1595 1063 1629 equis

274 1637 347 1669 vehi,
366 1645 452 1671 usque
465 1637 496 1664 ad
514 1642 621 1672 tempus
636 1638 668 1669 Al_
683 1637 877 1666 ilotawacceli.
909 1639 1062 1667 Reversus-

274 1691 330 1717 que
343 1688 385 1710 est
396 1683 427 1710 Al
441 1683 548 1709 Mamun
569 1683 736 1718 Bagdadum.
748 1683 946 1712 Constantinus
956 1689 1060 1719 autem,

275 1728 458 1762 Nicephorum
484 1728 626 1755 Estabraki
653 1728 738 1755 tilium
761 1735 920 1764 superatum
947 1737 1008 1757 cum
1031 1730 1058 1756 in

276 1778 435 1808 potestatem
459 1782 535 1801 suam
562 1774 730 1809 redegisset,
756 1773 886 1802 Romanis
907 1775 1060 1809 imperavit.

274 1819 360 1846 Porro
375 1820 406 1845 Al
418 1819 539 1852 Mamun,
556 1824 611 1847 tres
628 1819 655 1845 in
684 1821 777 1847 hostes
797 1819 986 1854 expeditiones
1002 1828 1064 1847 sus-

275 1865 355 1899 cepit,
371 1872 486 1899 quarum
500 1865 593 1891 ultima
609 1864 661 1891 fuit
672 1873 746 1892 anno
756 1865 943 1892 ducentesimo
957 1866 1064 1893 decimo

274 1916 382 1941 octavo.
393 1915 490 1937 etcum
501 1910 725 1937 Albadandunam
738 1910 916 1945 pervenisset,
931 1910 966 1937 ibi
978 1918 1067 1945 aegro-

277 1957 354 1987 tavit,
378 1956 503 1990 diemque
519 1955 598 1982 obiit.
616 1956 744 1983 Gestatus
757 1961 800 1983 est
821 1963 886 1990 ergo
906 1963 938 1983 ac
954 1956 979 1983 in
997 1956 1064 1983 urbe

276 1999 362 2027 Tarso
376 2001 509 2034 sepultus.
528 2000 681 2028 Chalifatus
691 2001 752 2035 ejus
765 2008 797 2028 ex
816 2008 871 2035 quo
885 2002 911 2027 in
924 2001 1065 2029 Chorasan

276 2046 374 2072 chalil’a
388 2046 524 2073 salutatus
540 2050 582 2072 cst
598 2053 731 2074 annorum
751 2047 801 2073 fuit
816 2047 911 2081 viginti
928 2047 1064 2073 duorum:

277 2092 345 2119 obiit
360 2100 447 2119 annos
465 2097 546 2119 natus
560 2092 739 2126 quadraginta
755 2097 828 2125 octo,
854 2100 947 2119 mensc
965 2092 1062 2128 Rajeb,

276 2146 348 2164 anno
371 2138 560 2165 ducentesimo
584 2138 689 2165 decimo
707 2143 816 2166 octavo.
840 2138 981 2166 Candidus
1002 2142 1062 2166 erat

277 2182 393 2209 admista
413 2182 565 2212 ﬂavedine.
592 2182 661 2209 facie
679 2187 808 2215 Venusta,
831 2182 914 2210 barba
927 2183 1062 2217 promissa

277 2235 309 2255 ac
322 2228 436 2255 multtnn
454 2233 626 2256 canescente.
637 2229 808 2256 Satellitibus
823 2229 910 2263 ipsius
920 2228 1063 2263 praefectus

277 2273 327 2301 fuit
343 2273 440 2301 'Lobair
457 2273 513 2300 Ehn
525 2273 662 2311 Masaiyeb
676 2274 839 2301 Dobbensis.
859 2273 960 2301 Deinde
974 2273 1063 2301 Tdha-

277 2319 325 2345 her
341 2318 427 2345 Ehnol
439 2318 557 2351 llosain;
574 2319 601 2346 in
622 2327 669 2347 eos
689 2319 771 2346 ctiam
787 2323 952 2353 potestatem
967 2319 1062 2346 habuit

275 2363 358 2399 436
373 2363 448 2391 lsaac
463 2365 522 2392 Enn
545 2365 690 2392 Abrahim.
707 2364 813 2392 Janitor
829 2366 915 2400 ipsius
938 2366 989 2393 fuit
1000 2374 1061 2393 cum

277 2408 305 2435 in
318 2410 474 2435 Chorasano
489 2413 571 2441 esset,
590 2409 734 2437 Alllosain
754 2410 813 2436 Ebn
833 2411 884 2437 Abi
910 2410 984 2442 Said,
1005 2415 1062 2438 tum

278 2454 321 2480 Ali
343 2453 400 2480 Ebu
417 2455 468 2481 Abi
493 2454 585 2481 Salehi
600 2453 691 2482 Saheb
716 2455 748 2481 Al
763 2455 892 2482 Mosailtc.
912 2456 1063 2483 Plurimum

278 2500 347 2533 apud
363 2507 424 2526 eum
437 2501 536 2534 potuit,
553 2500 631 2527 initio
644 2500 792 2528 chalilatus
806 2501 903 2535 ipsius,
916 2501 965 2528 Dul
981 2501 1064 2536 Biya-

278 2545 366 2571 satain
377 2546 409 2572 Al
421 2545 539 2573 Phadlus
550 2545 608 2572 Ebn
625 2545 728 2573 Sahali.
743 2546 811 2572 Tum
824 2551 882 2581 post
895 2554 957 2573 eum
975 2546 1063 2579 multi,

277 2598 293 2617 e
306 2590 417 2624 quibus,
434 2591 465 2617 Al
478 2591 580 2618 llosain
599 2592 657 2618 Ehn
677 2592 780 2625 Saltali,
795 2592 878 2618 Omar
903 2590 961 2618 Ehn
979 2591 1064 2624 Saidi,

279 2640 307 2663 et
322 2637 425 2664 Abmed
443 2637 500 2664 Ebn
520 2638 568 2664 Abi
585 2638 710 2665 Chaledi.

491 2683 639 2717 (.‘ltulifalus
655 2683 687 2709 Al
706 2683 857 2710 Molaremi.

316 2728 420 2756 Chaiil'a
445 2730 614 2756 renuntiatus
639 2735 680 2757 est
699 2729 729 2756 Al
747 2729 897 2762 Motasem,
920 2730 966 2764 qui
994 2730 1064 2757 idem

280 2779 323 2799 est
353 2774 411 2800 Aha
436 2774 512 2801 Isaac
538 2774 709 2802 Mohamtned
733 2775 790 2802 Ebn
815 2776 918 2802 llaruui
934 2775 1065 2803 ‘lliashidi

281 2819 337 2852 (cui
352 2824 439 2846 mater
450 2819 603 2847 concubina
612 2820 722 2847 nomine
733 2819 882 2855 lllarcdah),
899 2820 988 2854 Tarsi,
1005 2827 1066 2856 pro-

1076 850 1097 877 Β

1080 2202 1102 2229 l)

1110 231 1161 257 hoc
1177 236 1207 258 ut
1223 231 1254 257 Al
1270 231 1407 258 Abbasum
1425 232 1456 258 Al
1469 231 1604 260 Mamunis
1621 233 1705 261 tilium
1724 235 1756 261 ad
1779 235 1893 262 chalifa-

1111 280 1164 300 tum
1191 276 1379 309 proveherent.
1398 276 1432 302 At
1448 284 1508 303 cum
1531 276 1564 303 ad
1585 278 1744 313 obsequium
1769 279 1841 306 illius
1863 287 1892 307 se

1111 319 1162 346 {ide
1177 320 1239 346 data
1259 321 1446 348 obstrinxerat
1463 321 1495 348 Al
1511 322 1612 355 Ahhas,
1633 324 1702 351 idem
1720 324 1802 351 etiam
1822 333 1892 359 pra:-

1109 366 1236 392 stiterunt
1251 366 1345 400 reliqui
1364 367 1467 400 duces;
1485 367 1641 402 pet-lataque
1657 373 1698 396 cst
1720 370 1895 404 inauguratio

1109 409 1273 444 Bagdadum,
1303 411 1347 438 ubi
1374 411 1453 438 iidem
1470 413 1493 438 ei
1523 414 1661 447 pollicitus
1676 419 1716 441 est
1739 414 1799 442 Abu
1821 416 1895 443 lsaae

1109 456 1237 483 Abrahim
1253 456 1339 483 Ehnol
1355 457 1466 488 Hosain.
1482 458 1540 485 Ehn
1554 458 1674 486 M0saabi
1689 460 1735 494 qui
1746 465 1810 487 tunc
1828 465 1897 487 tem-

1110 503 1185 536 poris
1210 501 1328 537 Bagdadi
1349 503 1410 536 fuit,
1436 512 1485 530 nec
1507 512 1562 531 non
1588 506 1751 540 quicunque
1775 506 1894 541 Bagdadi

1109 551 1187 573 erant
1207 546 1378 575 llashemidze
1402 556 1433 575 ac
1448 548 1543 576 duces.
1569 550 1608 577 Ad
1634 550 1796 584 obsequium
1811 552 1896 578 etiam

1107 593 1202 628 ejusse
1221 593 1369 620 obstrinxit
1382 594 1519 621 Abdollah
1538 595 1596 622 Ebu
1621 595 1757 623 Tdhaheri
1775 597 1802 623 in
1818 597 1894 623 Cito-

1110 645 1219 670 rasano,
1234 646 1351 673 eumque
1368 640 1399 665 Al
1415 639 1593 667 Motasmnnm
1618 642 1776 676 appellavit.
1798 641 1898 670 Perve-

1111 683 1255 710 nitautetn
1285 685 1316 710 Al
1343 684 1472 712 Motasem
1502 685 1658 720 Bagdadttm
1683 687 1767 714 initio
1795 688 1897 715 mensis

1111 728 1272 762 Ramadani,
1298 738 1371 757 anno
1393 730 1581 759 ducentesimo
1607 733 1713 760 decimo
1739 738 1856 764 octavo,
1881 741 1897 760 a

1111 782 1163 808 qua
1176 783 1228 802 non
1250 775 1378 804 discessit
1399 784 1486 811 usque
1506 777 1539 804 ad
1555 785 1658 805 annum
1675 778 1897 805 ducentesimum

1110 822 1289 858 437-539
1308 824 1476 851 tricesimum
1499 825 1661 852 secundum.
1677 825 1744 851 Tum
1769 825 1899 852 Sarmen-

1117 869 1202 895 raiam
1228 869 1365 903 profectus
1393 877 1452 897 eam
1482 878 1561 897 muro
1591 870 1696 903 cinxit,
1721 870 1814 904 ibique
1836 877 1899 897 cum

1116 913 1282 941 exercitibus
1295 915 1353 942 suis
1369 915 1460 942 sedem
1475 914 1550 947 lixit;
1570 916 1654 943 misso
1670 916 1812 950 Aplishino
1827 916 1901 943 Con—

1116 958 1200 986 darao
1227 959 1286 987 Ebn
1313 960 1394 987 Causi
1420 964 1516 987 contra
1544 960 1680 988 Tabacum
1708 961 1899 988 lormensem:

1116 1004 1195 1039 cujus
1212 1005 1278 1032 urbe
1302 1010 1454 1041 expugnata
1484 1006 1573 1040 ipsum
1591 1006 1711 1034 vinctum
1730 1015 1791 1034 cum
1818 1007 1900 1034 sociis

1115 1051 1173 1079 suis
1190 1051 1314 1079 abduxit.
1338 1051 1400 1078 Fuit
1420 1051 1587 1086 expugnatio
1611 1053 1662 1079 ista
1686 1059 1779 1079 mense
1799 1052 1900 1079 Rama-

1115 1096 1258 1123 danoanni
1271 1096 1449 1124 ducentesimi
1462 1096 1582 1124 vicesimi
1597 1097 1720 1124 secundi.
1733 1097 1807 1125 Misit
1818 1098 1900 1125 etiam

1114 1141 1214 1176 Ajil'um
1231 1141 1289 1168 Ehn
1312 1141 1428 1168 Anbasze
1444 1145 1539 1168 contra
1572 1141 1605 1167 Al
1619 1141 1724 1175 Zottos,
1750 1143 1795 1177 qui
1818 1142 1845 1169 in
1867 1142 1901 1169 Al

1114 1186 1231 1221 Batayeh
1246 1185 1401 1223 [paludibus
1414 1187 1485 1215 inter
1493 1187 1588 1215 Waset
1600 1192 1627 1214 et
1642 1187 1764 1224 Basram]
1780 1189 1900 1222 fuerunt,

1115 1239 1183 1266 quos
1197 1233 1320 1267 captivos
1336 1240 1430 1260 secum
1455 1233 1580 1260 abduxit.
1600 1233 1746 1260 AlMaziad
1775 1234 1858 1261 etiam
1875 1235 1900 1261 ri

1114 1278 1258 1312 occupavit
1280 1277 1510 1306 Taharestanum.
1532 1279 1602 1306 lilisit
1631 1286 1696 1313 ergo
1718 1279 1900 1307 Abdollahutn

1114 1324 1171 1351 Ehn
1197 1324 1333 1352 Tdhaheri
1358 1332 1420 1351 cum
1444 1329 1544 1360 patruo
1567 1332 1619 1353 suo
1645 1325 1678 1351 Al
1694 1324 1782 1352 llasen
1815 1325 1901 1351 Ebnol

1115 1369 1227 1401 Ilosain,
1244 1370 1291 1404 qui
1306 1370 1395 1404 ipsum
1412 1370 1590 1404 compedibus
1605 1369 1727 1396 vinctum
1753 1370 1786 1396 ad
1804 1369 1903 1395 AlMo-

1115 1421 1248 1443 tasemum
1269 1416 1392 1443 adduxit.
1416 1415 1531 1442 Intravit
1545 1416 1628 1443 etiam
1654 1416 1686 1442 Al
1699 1415 1829 1442 Motascm
1847 1415 1902 1440 lla-

1114 1469 1256 1487 manorum
1284 1461 1408 1495 legiones
1433 1461 1506 1495 ipsas
1529 1465 1727 1495 expugnatum,
1752 1467 1902 1494 secumque

1115 1506 1227 1534 abduxtt
1242 1506 1334 1533 lobum
1347 1506 1497 1532 AnllOCllliL'
1511 1506 1705 1539 patriarcham,
1722 1511 1748 1532 et
1759 1506 1902 1533 obsidione

1117 1549 1201 1576 cinxit
1216 1549 1310 1576 urbem
1326 1549 1481 1583 Ancyram;
1497 1548 1543 1576 ubi
1559 1549 1640 1576 lobus
1664 1548 1821 1582 patriarcha
1846 1548 1903 1575 lio-

1117 1603 1212 1623 manos
1229 1595 1320 1630 lingua
1342 1595 1466 1621 Romana
1482 1595 1636 1622 allocutus:
1655 1593 1781 1625 Obedite,
1801 1594 1901 1628 inquit.

1115 1641 1184 1675 regi,
1214 1641 1321 1676 ipsique
1347 1641 1479 1668 tributum
1508 1641 1631 1675 pendite.
1661 1640 1758 1668 Melius
1785 1641 1837 1667 hoc
1859 1643 1902 1667 est

1114 1694 1194 1721 quam
1213 1690 1241 1712 ut
1256 1685 1431 1716 occidamini,
1448 1690 1474 1712 et
1488 1684 1587 1719 captivi
1604 1684 1688 1711 liatis.
1708 1683 1824 1710 Romani
1838 1691 1903 1717 ergo

1117 1730 1248 1758 conviciis
1262 1730 1350 1764 ipsum
1365 1737 1396 1756 ac
1408 1729 1545 1764 lapidibus
1558 1730 1708 1764 petierunt.
1724 1729 1755 1756 Al
1770 1728 1902 1756 Motasem

1116 1780 1207 1803 autem
1222 1780 1328 1809 captam
1345 1775 1437 1801 urbem
1446 1774 1578 1808 Ancyram
1589 1774 1721 1802 incendit.
1736 1773 1803 1801 Tum
1816 1774 1900 1800 Amu-

1116 1821 1184 1848 riam
1211 1820 1367 1854 profectus.
1392 1820 1477 1854 ipsam
1499 1819 1582 1846 etiam
1605 1819 1709 1846 mensis
1732 1818 1822 1853 spatio
1845 1818 1903 1853 (vel

1114 1865 1262 1893 secundum
1284 1865 1357 1892 aliud
1375 1865 1525 1899 exemplar,
1548 1864 1674 1899 pluribus
1692 1865 1844 1898 mensibus)
1856 1865 1904 1890 ob-

1115 1911 1194 1939 sedit.
1210 1910 1291 1938 lobus
1308 1914 1399 1936 autent
1424 1910 1579 1945 patriarcha
1603 1910 1728 1944 quotidie
1748 1909 1782 1937 ad
1810 1916 1902 1936 arcem

1117 1957 1191 1984 solus
1204 1956 1337 1983 accedens
1354 1954 1492 1983 Romanos
1506 1955 1597 1990 lingua
1612 1956 1734 1982 Romana
1750 1956 1899 1984 allocutus.

1117 2008 1217 2030 metum
1244 2002 1298 2030 illis
1323 2002 1446 2029 incutere
1472 2008 1504 2028 ac
1531 2009 1638 2035 rogare,
1664 2005 1694 2027 ut
1713 2002 1843 2027 tributum
1870 2002 1903 2026 Al

1117 2044 1265 2072 Motasemo
1279 2045 1361 2080 440
1378 2044 1474 2072 darent
1498 2052 1554 2079 quo
1568 2046 1602 2072 ab
1619 2045 1684 2079 ipsis
1700 2046 1855 2076 recederet;
1874 2050 1902 2071 ει

1115 2089 1154 2116 illi
1170 2094 1197 2117 et
1214 2091 1338 2117 convicia
1354 2095 1381 2117 et
1404 2090 1507 2125 lapides
1523 2091 1550 2117 in
1575 2090 1663 2125 ipsum
1679 2091 1780 2124 jacere.
1807 2090 1900 2125 Neque

1116 2135 1151 2162 ita
1181 2134 1269 2163 facere
1295 2136 1477 2168 destiterunt,
1503 2135 1590 2163 donec
1617 2135 1792 2163 AlMotaseru
1820 2140 1900 2170 capta

1117 2181 1228 2208 Amuria
1257 2181 1357 2208 multos
1380 2181 1405 2207 in
1425 2183 1481 2215 ipsa
1507 2181 1674 2214 trucidaret;
1697 2182 1781 2215 idque
1806 2189 1901 2207 mense

1117 2225 1276 2253 Radamano
1299 2234 1370 2253 anno
1388 2226 1575 2254 ducentesimo
1592 2227 1720 2254 vicesimo
1734 2228 1825 2254 tertio.
1851 2227 1902 2254 Re-

1117 2280 1264 2306 versusque
1279 2276 1321 2300 est
1341 2272 1373 2299 Al
1387 2272 1515 2300 Motasem
1530 2277 1674 2308 postquam
1696 2273 1837 2300 Atnuriam
1858 2281 1902 2300 ce-

1117 2318 1219 2353 pisset;
1247 2322 1329 2352 atque
1354 2317 1426 2345 inter
1454 2318 1623 2345 redeundum
1651 2323 1776 2345 mortuus
1802 2324 1842 2346 est
1867 2318 1901 2345 Al

1115 2363 1205 2390 Abbas
1221 2364 1252 2390 Al
1264 2363 1399 2390 Mamunis
1414 2363 1494 2391 ﬁlius.
1506 2363 1576 2390 Iram
1592 2364 1673 2391 etiam
1688 2364 1715 2391 in
1737 2364 1768 2391 Al
1778 2364 1901 2398 Aphshin

1113 2409 1323 2443 concepitanno
1339 2408 1529 2435 ducentesimo
1547 2409 1676 2435 vicesimo
1689 2408 1798 2443 quinto.
1814 2407 1901 2434 Porro

1114 2458 1239 2481 mortuus
1254 2459 1296 2481 cst
1310 2453 1507 2481 Constantinus
1532 2454 1722 2481 Romanorum
1738 2454 1898 2487 imperator,

1113 2497 1213 2531 quibus
1239 2504 1299 2532 post
1324 2498 1413 2532 ipsum
1443 2499 1590 2533 imperavit
1611 2499 1792 2534 Theophilus.
1819 2499 1899 2526 Anno

1113 2543 1259 2571 chalifatus
1275 2543 1458 2571 AlMotasemi
1476 2550 1576 2579 quarto
1599 2546 1765 2573 constitutus
1784 2549 1827 2572 est
1849 2544 1901 2572 So-

1117 2590 1249 2624 phronius
1266 2590 1420 2624 patriarcha
1436 2590 1646 2623 Alexandrinus,
1663 2592 1710 2626 qui
1737 2598 1824 2618 annos
1845 2595 1901 2617 tre-

1117 2634 1204 2661 decim
1234 2634 1320 2666 scdit;
1343 2635 1523 2669 philosophus
1550 2635 1603 2663 fuit
1623 2643 1654 2663 ac
1676 2636 1798 2671 sapiens.
1820 2637 1900 2662 Anno

1116 2680 1263 2708 chalil'atus
1287 2680 1407 2713 ejusdem
1417 2681 1535 2715 septituo
1552 2683 1719 2710 constitutus
1728 2686 1769 2709 est
1782 2680 1902 2708 Joannes

1116 2727 1270 2762 patriarcha
1298 2726 1582 2762 Hierosolymitanus;
1617 2733 1711 2756 contra
1739 2735 1820 2764 quem
1859 2727 1902 2756 in:

1115 2778 1259 2807 surgentes
1290 2773 1529 2808 Hierosolyinitani
1561 2773 1595 2801 de
1622 2775 1681 2809 ipso
1705 2774 1797 2801 omnia
1831 2773 1901 2800 mala

1116 2819 1242 2846 dixerunt
1259 2828 1265 2846 :
1285 2827 1370 2855 quare
1385 2819 1417 2847 ab
1431 2819 1497 2855 ipsis
1510 2825 1643 2854 metuens,
1657 2820 1816 2855 scriptoque
1833 2818 1898 2854 ipsis
