2014 3082
127 93 194 123 11.25

642 96 824 126 EU'l‘YCIilI
844 99 1107 132 ALEXANDRINI
1133 103 1242 134 PATR.

1681 107 1748 140 H36

123 150 279 181 obsignato,
300 149 456 177 cathedram
474 151 594 185 reliquit.
617 151 701 179 Porro
722 153 789 180 obiit
804 154 835 180 Al
857 154 911 180 Mo-
925 157 948 185 Α
965 158 1019 184 Ιίὶιιι
1036 160 1084 186 Abi
1103 160 1220 188 Iiawoud
1232 181 1238 193 ,
1256 166 1282 189 et
1299 161 1469 189 Mohammcd
1485 162 1543 189 Ebn
1565 163 1647 190 Abdil
1663 164 1745 194 Maleo

122 198 207 220 tasem
227 201 320 221 mense
337 194 421 223 Rabia
436 196 530 230 priori,
544 204 616 223 anno
633 197 819 225 ducentesimo
835 200 909 227 vice-

121 238 190 264 simo
206 239 332 272 septimo,
359 248 420 267 cum
443 241 571 268 cbalil‘atu
597 242 707 270 functus
732 249 806 270 esset
829 246 909 273 annis

121 287 182 310 octo
204 288 230 311 et
248 285 390 313 mensibus
412 290 484 314 octo.
510 287 584 314 Obiit
610 293 701 315 autem
727 297 815 318 annos
828 296 907 318 natus

122 329 303 365 quadraginta
337 335 409 358 octo.
443 331 571 367 Sepultus
609 338 651 361 est
699 334 909 365 Saramanraiae.

122 374 185 402 Fuit
199 383 316 411 corpore
337 376 450 409 decoro,
469 377 536 405 I'aeie
560 378 684 413 pulchra,
708 385 818 413 pectore
841 381 908 414 lato,

122 421 269 453 robustus,
294 421 377 449 barba
404 422 539 456 promissa
561 431 676 459 quaeque
700 425 828 452 canitiem
855 433 908 453 non

123 470 306 494 contraxerat.
327 465 498 494 Satellitibus
511 468 597 501 ipsius
622 469 730 503 praefuit
752 469 830 497 Isaae
853 469 912 498 Ebn

121 511 262 538 Abrahim.
283 511 389 539 Ianitor
404 513 489 548 ipsius
515 513 566 541 fuit
581 514 689 542 Simaus
715 515 817 549 Turca,
831 516 912 544 liber-

120 558 274 591 tnsipsius;
296 565 345 584 nrc
367 565 421 584 non
451 558 629 595 bal-M3
648 559 797 595 Wasipbus
817 561 906 589 Turca

119 602 231 628 libertus
252 603 348 636 ipsius,
368 608 394 630 et
420 603 527 639 Bagaus
547 606 646 632 Turca.
670 605 808 634 Ianitores
832 607 906 634 ordi-

119 647 186 673 narii
199 647 368 675 Mobammed
383 649 437 676 Ehn
451 651 530 677 Asem
546 651 725 685 Hanacensis,
739 653 824 680 Jacob
846 653 903 681 Ebu

118 692 256 723 Abrahim,
272 692 342 720 Atab
357 693 413 721 Ebn
429 695 520 726 Atabi,
533 701 560 722 et
570 696 739 724 Mohammed
755 697 810 724 Ebn
825 697 905 725 llam-

117 736 178 762 mad
196 735 253 762 Ebn
269 736 417 764 Dankasbi.
432 738 582 765 Plurimum
596 740 666 774 apud
682 747 742 767 eum
757 745 904 774 potuerunt

116 781 219 808 Ahmed
236 781 292 808 Ebn
319 783 369 810 Abi
397 784 515 810 anoud
530 785 615 817 judex
641 792 776 817 summus,
795 791 821 812 et
845 785 903 813 Mo-

116 827 240 853 hatnmcd
260 827 316 853 Ebn
340 827 378 855 lia
392 829 483 860 mnad,
501 829 557 855 Elin
575 830 656 856 Abdil
683 828 812 857 Malec‘Al
827 830 907 867 Ziyat

115 872 257 908 [olearius]
275 874 376 900 scriba.

353 918 503 952 Chalifutus
528 919 691 947 AIWathcki.

150 964 336 999 lnauguratus
378 970 420 992 est
455 964 609 992 AlWathek
640 966 778 1001 (videlicet
812 967 904 994 llarun

115 1011 201 1038 Ebnol
232 1011 385 1044 lilotasemi,
415 1012 459 1039 cui
492 1018 580 1040 mater
608 1015 762 1042 concubina
793 1016 904 1043 nomine

113 1056 244 1088 Karatisl,
262 1058 356 1084 eodem
378 1058 423 1085 die
440 1066 494 1093 quo
508 1059 578 1085 obiit
597 1054 773 1087 Alblotasem.
789 1060 839 1088 [lic
860 1069 904 1088 res

112 1103 208 1128 eodem
234 1106 306 1129 statu
338 1103 471 1131 stabilivit
498 1111 552 1139 quo
571 1104 680 1132 fuerant
708 1110 832 1141 tempore
858 1107 900 1133 Al-

112 1147 264 1180 Motasemi,
277 1153 302 1174 et
320 1148 428 1175 condita
440 1157 503 1176 arce
524 1157 604 1183 quam
623 1151 654 1176 Al
674 1149 776 1178 Haruni
789 1156 901 1183 vorant,

111 1199 144 1218 eo
174 1200 204 1219 se
232 1193 345 1228 recepit.
365 1193 491 1220 Asseruit
516 1193 667 1221 AlWathek
693 1201 816 1222 creatum
843 1204 904 1224 esse

111 1236 290 1268 Alcorauum,
309 1245 390 1271 quam
411 1239 578 1265 sententiam
605 1239 657 1273 ipsi
684 1240 902 1267 commendatam

111 1281 286 1309 reddiderunt
300 1283 406 1309 Ahmed
426 1283 483 1310 Ebn
509 1285 559 1311 Abi
578 1284 716 1316 Dwaoud,
730 1290 757 1312 et
781 1285 905 1312 Mobam-

111 1326 172 1353 med
199 1327 255 1354 Ebn
283 1327 452 1355 AbdilMelec
479 1328 621 1363 AlZaiyat,
650 1329 697 1364 qui
726 1330 903 1357 consiliarius

120 1372 206 1405 ipsius
224 1371 285 1399 fuit.
304 1371 419 1407 Scripsn
433 1380 498 1408 ergo
522 1374 674 1402 AlWathek
691 1375 717 1401 in
736 1383 830 1403 omnes
842 1383 903 1411 pas-

112 1417 163 1444 sim
181 1418 352 1452 provincias,
373 1423 403 1446 ut
424 1424 590 1454 cogerentur
618 1420 751 1448 Moslemii
782 1427 901 1449 creatum
915 1432 937 1462 ρ

109 1463 274 1490 Alcoranum
304 1463 447 1499 proﬁteri,
482 1465 608 1500 idemque
640 1467 748 1500 templis
776 1468 899 1496 inscribi.

109 1506 187 1538 Quod
203 1514 263 1534 cum
278 1508 345 1542 ipsis
362 1517 444 1543 grave
461 1509 607 1536 admodum
627 1518 658 1537 ac
682 1511 780 1538 durum
797 1513 901 1539 \idere-

108 1557 162 1583 tur,
181 1560 293 1587 prorsus
309 1554 398 1587 ipsum
418 1555 587 1583 abnuerunt.
617 1556 717 1584 Eorum
745 1563 834 1585 autem
854 1560 900 1594 qui

107 1600 274 1626 sententiam
303 1600 383 1627 istum
411 1601 573 1633 abnuerent,
607 1605 694 1636 neque
720 1604 843 1637 ampleCIi
870 1612 901 1631 ac

108 1644 229 1678 profiteri
249 1645 362 1677 vellent,
383 1646 427 1671 alii
444 1646 537 1680 flagris
554 1647 617 1673 ca-si
635 1652 708 1680 sunt,
727 1649 772 1675 alii
795 1649 821 1675 in
839 1657 901 1675 car-

110 1697 199 1716 cerum
217 1690 345 1724 conjecti,
360 1690 405 1716 alii
421 1691 563 1717 trucidati.
580 1691 642 1718 Fuit
657 1694 803 1720 cbalifatus
814 1695 899 1729 ipsius

107 1743 240 1762 annorum
269 1735 352 1771 444,
381 1735 522 1770 quinque,
554 1738 689 1764 mensium
719 1744 842 1773 septem,
874 1745 901 1767 et

108 1781 215 1808 dierum
232 1780 377 1807 tredecim.
408 1780 492 1808 Porro
517 1781 583 1808 obiit
608 1781 776 1816 Theophilus
800 1783 900 1810 Itoma-

109 1833 206 1853 norum
231 1826 392 1860 imperator,
417 1826 468 1861 ipsi
492 1827 517 1853 in
548 1835 632 1862 regno
655 1829 818 1856 succedente
843 1829 900 1857 ﬁlio

106 1873 195 1908 ipsius
212 1872 355 1901 liliehaele.
379 1873 459 1900 Anno
487 1873 633 1901 chalifatus
660 1874 823 1903 AlWatheki
854 1884 899 1903 se-

107 1919 210 1950 cundo.
223 1919 388 1946 constitutus
400 1919 649 1954 estSergins(tilius
661 1919 796 1948 Mansoris
813 1922 897 1954 illius,

104 1966 151 1999 qui
166 1964 335 1992 Mosleminis
367 1965 393 1991 in
422 1964 553 2000 capienda
569 1965 702 1992 Damasco
727 1974 804 2000 opem
823 1967 894 1999 tulit,

105 2009 221 2044 ideoque
238 2010 263 2036 in
280 2009 408 2036 omnibus
424 2010 580 2044 regionibus
592 2011 766 2038 anathemate
780 2011 894 2038 devotus

106 2056 166 2089 fuit)
193 2056 350 2091 patriarcha
363 2055 645 2091 Hierosolymilanus,
662 2057 707 2084 ubi
730 2065 790 2084 cum
807 2065 893 2085 annos

959 204 1094 239 Muli-vat.

997 251 1175 288 445-447
1197 252 1348 287 Chalifams
1371 253 1477 287 laafari
1489 254 1713 282 Almotawucceli.

995 299 1178 333 lnaugurntus
1209 304 1251 326 est
1280 299 1370 325 laafar
1404 299 1629 332 Almotawaccel,
1663 300 1743 327 Mota-

961 345 1027 371 senti
1051 345 1122 371 titius
1138 344 1195 379 (qui
1209 351 1323 371 matrem
1343 344 1441 371 habuit
1467 345 1652 372 concubinam
1681 345 1747 372 Sha-

958 392 1014 426 jam
1044 390 1352 426 Cbowarezmiensem),
1386 391 1482 418 eodem
1513 391 1556 418 die
1575 398 1631 425 quo
1654 398 1669 418 e
1695 391 1749 416 vita

961 438 1084 466 discessit
1099 438 1250 465 Alwathrk.
1279 437 1327 464 llic
1358 437 1420 464 illos
1441 437 1488 472 qui
1515 437 1550 463 ob
1567 437 1748 472 quazstiOnem

960 483 993 510 de
1009 482 1147 509 creatione
1161 482 1298 509 AlKorani
1313 483 1341 510 in
1352 490 1492 510 carcerem
1503 482 1620 517 coniecti
1639 482 1750 509 fuerant

962 528 1079 560 dimisit,
1094 533 1178 562 atque
1195 528 1282 555 iratus
1304 534 1345 556 est
1372 528 1553 556 Mohammedi
1578 529 1638 556 Ebn
1668 528 1749 556 Abdil

961 574 1075 607 Maleco,
1105 575 1280 603 Almotasemi
1301 575 1464 602 consiliario
1482 583 1489 601 :
1510 575 1635 610 maleque
1664 575 1750 602 sensit

956 620 990 647 de
1006 621 1192 648 Almotasemo
1217 625 1244 647 et
1268 620 1440 651 Alwatbeko.
1468 628 1576 647 necnon
1595 621 1629 647 de
1646 619 1749 647 Omaro

953 666 1013 694 Elm
1042 666 1190 701 Alpharajo
1233 665 1387 701 Zajajensi,
1433 671 1459 693 et
1485 666 1564 694 ltalto
1594 665 1695 698 Turea,
1722 670 1748 693 et

953 712 1075 739 Ahmede
1096 710 1153 739 Ebn
1180 712 1230 739 Abi
1258 712 1377 739 Dawoud
1399 711 1491 746 judice
1517 719 1636 738 summo.
1663 714 1746 746 Atque

958 758 1085 785 homines
1110 757 1144 784 ad
1174 758 1257 784 trium
1279 765 1294 784 e
1326 757 1391 784 ﬁliis
1421 756 1509 792 ipsius
1527 757 1693 792 obsequium
1713 764 1744 784 se

924 811 944 839 Β
960 805 1131 839 obstringere
1149 803 1225 836 fecit,
1249 803 1378 830 videlicet
1404 802 1600 830 Mobammedis
1625 802 1746 830 Ahnota-

959 851 1013 878 seri
1034 850 1140 882 billabi,
1156 849 1306 876 Abrahami
1335 849 1486 884 Almoayad
1517 848 1625 880 billahi,
1640 853 1667 875 et
1696 848 1747 875 Abi

957 896 1102 923 Abdollahi
1143 895 1292 923 Almotazzi
1328 895 1445 927 billabi,
1477 903 1558 929 quem
1591 895 1746 922 testamenti

955 947 1145 970 exsecutorem
1167 942 1228 968 fecit
1240 941 1319 968 initio
1334 941 1397 967 anni
1425 940 1603 967 ducentesimi
1619 939 1741 966 vicesimi

954 988 1041 1021 sexti;
1059 995 1140 1022 atque
1156 988 1191 1014 ita
1209 987 1371 1021 composita:
1384 991 1446 1013 sunt
1469 993 1526 1018 res,
1548 985 1695 1019 previncize
1719 985 1747 1011 in

957 1035 1079 1062 ordinetur
1112 1034 1237 1065 redactae,
1264 1034 1366 1067 viaeque
1382 1039 1487 1059 secura:
1513 1031 1603 1058 factae.
1628 1030 1745 1057 Nuntia-

954 1086 1009 1106 tum
1023 1086 1063 1106 cst
1080 1087 1172 1106 amem
1194 1077 1433 1108 Almotawaccelo,
1451 1077 1606 1104 columnam
1631 1076 1702 1102 illam
1717 1075 1745 1102 in

955 1127 1046 1159 insula
1061 1125 1185 1152 I‘bostad
1201 1124 1370 1159 Egyptiaca:
1388 1130 1441 1157 qua
1466 1122 1621 1149 mensurari
1639 1121 1744 1149 solebat

954 1171 1044 1202 Nilus,
1070 1179 1151 1206 quam
1182 1171 1286 1198 exstrui
1311 1169 1394 1204 jussit
1422 1169 1544 1195 Solituau
1573 1168 1632 1195 Ebn
1665 1168 1745 1194 Abdil

955 1217 1042 1243 Malec
1056 1217 1113 1243 Elin
1133 1216 1262 1247 Merwau,
1295 1215 1390 1242 vitium
1413 1215 1587 1242 contraxisse
1604 1224 1612 1247 ;
1632 1221 1744 1249 geome-

956 1270 1026 1292 tram
1041 1273 1105 1298 ergo
1122 1272 1136 1290 a
1150 1263 1340 1290 Mobammede
1362 1262 1420 1289 Ebn
1438 1261 1515 1288 Musa
1536 1262 1673 1295 astrologo
1694 1261 1743 1288 de-

957 1311 1057 1337 lectum
1074 1311 1107 1335 ab
1126 1309 1213 1336 Eiaeo
1229 1309 1314 1341 misit,
1327 1309 1373 1342 qui
1390 1308 1414 1333 in
1427 1307 1575 1342 [Egyptum
1588 1307 1653 1337 iret;
1667 1310 1694 1331 et
1709 1305 1745 1331 ad

956 1365 1034 1392 opem
1051 1357 1103 1391 ipsi
1120 1356 1170 1382 hac
1189 1355 1215 1382 in
1234 1362 1262 1381 re
1294 1354 1432 1381 ferendam
1460 1352 1590 1379 Yasidum
1610 1351 1667 1379 Ebn
1688 1351 1743 1378 Ab«

957 1404 1058 1430 dollahi
1080 1402 1135 1428 Enn
1163 1401 1254 1427 Badan
1284 1399 1341 1426 Ehu
1362 1399 1493 1430 Pharahi,
1509 1403 1536 1425 et
1557 1398 1589 1424 ad
1616 1403 1743 1431 sumptus

956 1449 1096 1476 faciendos
1114 1449 1283 1474 Soliluanum
1302 1445 1384 1481 448
1401 1445 1458 1471 Ebn
1479 1444 1595 1470 Wahab.
1614 1443 1663 1469 llic
1676 1451 1743 1476 ergo

953 1503 1107 1523 mensuram
1127 1495 1152 1521 in
1166 1494 1238 1520 lizah
1258 1492 1420 1528 Egyptiaca
1438 1490 1580 1518 fabricavit
1608 1497 1680 1516 anno
1692 1490 1742 1515 du-

952 1543 1102 1569 centesimo
1127 1541 1339 1575 quadragesimo
1368 1538 1483 1573 quinto,
1515 1544 1575 1571 qua:
1612 1542 1741 1562 mensura

952 1598 1020 1616 nova
1035 1589 1170 1623 appellata
1184 1593 1237 1619 est,
1256 1594 1306 1613 nec
1325 1586 1371 1612 ulli
1397 1585 1514 1619 amplius
1533 1583 1594 1609 usui
1616 1582 1742 1609 adhibita

952 1640 1098 1663 estretus.
1127 1635 1256 1661 Condidit
1287 1633 1369 1660 etiam
1401 1628 1615 1658 Almotawaccel
1645 1629 1740 1656 urbem

953 1689 1034 1716 quant
1061 1680 1262 1714 Allaapbariam
1284 1679 1442 1714 appellavit.
1466 1677 1539 1704 Idem
1566 1675 1740 1702 Bachtishuze

953 1729 1059 1756 medico
1085 1728 1171 1754 iratus
1199 1727 1226 1753 in
1251 1733 1347 1752 omnes
1374 1725 1531 1759 provincias
1560 1722 1682 1756 scripsit,
1711 1725 1740 1747 ut

952 1775 1180 1810 compciiereulur
1213 1771 1363 1799 Christiani
1403 1770 1514 1796 zonaria
1550 1769 1679 1799 induere,
1712 1772 1738 1794 ct

952 1823 1071 1849 vestibus
1090 1821 1148 1847 suis
1163 1825 1316 1854 paunortnn
1332 1820 1473 1851 segmenta
1491 1822 1613 1846 assuere,
1629 1822 1642 1840 a
1662 1818 1738 1848 parte

951 1867 1080 1894 anteriori
1111 1865 1237 1896 alterunt,
1267 1863 1382 1890 alterum
1410 1870 1424 1887 a
1457 1860 1620 1895 posteriori;
1657 1865 1738 1893 atque

949 1913 1026 1948 equis
1042 1913 1103 1939 vehi
1123 1911 1344 1946 prohiberentur,
1363 1912 1389 1935 et
1405 1908 1430 1934 in
1443 1907 1518 1935 sellis
1531 1907 1588 1934 suis
1605 1907 1737 1933 haberent

951 1959 1039 1989 funes,
1060 1964 1091 1983 ac
1105 1955 1263 1990 stapcdibus
1287 1953 1384 1989 ligneis
1401 1957 1554 1984 uterentur,
1579 1950 1734 1984 aediumque

947 2003 1070 2038 ipsorum
1083 2003 1169 2036 portis
1182 2001 1395 2036 appingerentur
1413 1998 1583 2025 diabolorum
1599 1997 1732 2030 imagines

948 2050 1013 2084 (vel,
1033 2047 1183 2076 secundum
1205 2046 1278 2072 aliud
1301 2044 1452 2078 exemplar,
1482 2050 1627 2077 porcorum
1651 2047 1677 2068 et
1697 2041 1736 2067 si-

105 2102 244 2129 scxdecim
258 2102 385 2134 sedisset,
409 2106 535 2130 mortuus
553 2106 605 2129 est.
637 2104 716 2130 Anno
745 2103 892 2130 chalifatus

956 2094 1084 2127 miorum)
1104 2103 1111 2120 :
1126 2093 1200 2128 quod
1219 2091 1310 2126 magni
1326 2090 1491 2118 Christianis
1506 2089 1662 2115 detrimenti
1679 2088 1736 2114 do~

105 2148 228 2182 ejusdem
246 2152 324 2175 sexto
339 2148 508 2175 constitutus
524 2151 566 2174 est
591 2147 720 2176 Nicolaus
739 2149 893 2183 patriarcha

104 2194 302 2223 Antiochenus,
329 2194 374 2228 qui
399 2201 486 2220 annos
511 2193 606 2227 viginti
634 2197 690 2221 tres
718 2194 798 2226 sedit,
833 2195 893 2221 dein

104 2240 182 2267 obiit.
201 2239 323 2266 Mortuus
338 2244 380 2266 est
393 2245 484 2266 autem
502 2238 654 2266 AlWathck
677 2239 720 2266 die
747 2239 887 2274 Mercurii,

104 2293 150 2312 sex
165 2289 228 2312 ante
246 2285 352 2312 finitum
371 2292 493 2312 mensem
522 2284 662 2318 Dilllajjah
683 2285 789 2318 diebus,
820 2293 893 2312 anno

102 2331 291 2358 ducentesimo
305 2331 447 2358 tricesimo
465 2330 597 2364 secundo,
614 2338 702 2357 annos
719 2331 821 2358 habens
842 2332 891 2357 tri-

102 2378 176 2411 ginta
201 2381 328 2411 quatuor.
360 2375 421 2403 Fuit
452 2380 564 2403 statura:
595 2376 745 2410 quadrat:e,
779 2384 894 2410 corpore

103 2422 230 2456 eleganti,
245 2423 300 2448 lato
315 2427 437 2454 pectore,
461 2422 544 2449 barba
577 2423 678 2456 spissa,
707 2423 734 2448 in
761 2423 840 2449 oculo
857 2422 894 2448 al-

102 2468 229 2502 bugineiu
246 2468 360 2495 habens.
381 2467 541 2494 Satcltitum
561 2468 649 2501 ipsius
681 2468 826 2501 praefectus
843 2467 894 2494 fuit

103 2514 178 2540 Isaac
195 2511 252 2538 E‘ur
270 2513 398 2540 Abrahim
412 2522 420 2545 ς
434 2512 540 2540 Janitor
557 2514 624 2545 Itah,
641 2512 729 2539 'l‘urra
741 2533 747 2543 ,
779 2513 891 2540 libertus

103 2559 189 2591 ipsius
208 2568 214 2585 :
234 2558 295 2585 dein
315 2559 385 2594 Baga
403 2559 506 2591 'l'urca,
523 2567 618 2586 servus
645 2559 749 2593 ipsius;
777 2558 890 2593 “'asiph

106 2603 204 2635 Turca.
223 2605 339 2632 libertus
356 2605 460 2640 ipsius;
481 2604 652 2631 .‘ilohammed
679 2604 736 2631 Ebn
759 2604 890 2631 Hammad

103 2647 159 2674 libn
185 2649 333 2682 Baukas‘hi,
361 2654 387 2677 et.
416 2649 584 2676 Mohammed
603 2649 658 2676 Elin
684 2649 778 2682 Asam,
807 2650 890 2676 Jahn-

103 2692 185 2720 lensis
204 2703 210 2720 :
226 2695 353 2729 janitoris
371 2696 451 2723 etiam
480 2696 610 2722 ordinarii
652 2703 763 2722 munere
798 2696 885 2722 functi

105 2742 167 2764 Hllll
187 2739 272 2765 Jacob
301 2739 356 2767 Ebu
375 2741 503 2767 Abrahim
522 2740 676 2772 Kausaruh,
690 2745 715 2767 ct
736 2741 804 2766 Atab
833 2741 887 2768 litin

109 2784 186 2811 Atab.
205 2785 323 2812 Maxilua
342 2787 411 2820 apud
425 2786 512 2820 ipsum
527 2787 611 2821 gratia
625 2787 759 2821 pallebant
777 2787 888 2814 Alunedi

950 2142 1071 2174 lorisque
1099 2144 1126 2166 et
1155 2138 1304 2165 anxietatis
1330 2144 1415 2164 causa
1448 2136 1509 2162 fuit.
1548 2134 1634 2161 Porro
1667 2132 1735 2159 obiit

945 2188 1060 2215 Michael
1079 2186 1222 2221 Theophili
1256 2185 1328 2212 filius
1354 2184 1540 2210 Romanorum
1572 2182 1733 2215 imperator,

945 2236 1108 2263 succedente
1139 2234 1190 2268 ipsi
1218 2231 1369 2265 TheOpbilo
1401 2228 1590 2255 Romanorum
1617 2227 1734 2259 irrupera-

944 2287 1022 2312 ture;
1041 2281 1085 2315 qui
1103 2288 1134 2306 ex
1164 2278 1289 2306 ccclesiis
1313 2276 1446 2310 imagines
1467 2281 1597 2301 amovens
1624 2271 1733 2299 easdem

944 2328 1056 2357 delevit,
1072 2333 1179 2352 necnon
1201 2323 1290 2358 fregit,
1304 2323 1404 2356 jubens
1419 2325 1448 2347 ut
1474 2319 1546 2346 nulla
1570 2318 1680 2345 omnino
1706 2317 1732 2342 iu

945 2374 1036 2408 aliqua
1064 2372 1182 2400 eeeiesia
1208 2373 1281 2397 esset
1308 2370 1411 2404 imago.
1436 2367 1525 2395 Causa
1555 2371 1644 2392 autem
1673 2379 1734 2403 qua,

945 2421 1033 2454 ipsum
1050 2418 1158 2453 impulit
1177 2417 1210 2444 ad
1227 2416 1360 2451 imagines
1385 2424 1418 2442 ex
1441 2416 1567 2443 ecclesiis
1585 2415 1731 2447 tollendas,

945 2467 1002 2493 hinc
1016 2465 1077 2494 fuit.
1098 2463 1171 2498 quod
1193 2463 1243 2497 ipsi
1269 2471 1283 2489 a
1311 2462 1471 2489 consiliario
1500 2462 1584 2495 ipsius
1612 2461 1732 2496 quodam

945 2515 1086 2539 narratum
1112 2513 1196 2542 esset,
1221 2509 1325 2537 essein
1354 2509 1413 2536 loco
1434 2509 1550 2542 quodam
1575 2508 1601 2535 in
1630 2508 1732 2535 ditionc

947 2557 1133 2584 Romanorum
1151 2556 1295 2583 ecclesiam
1320 2560 1422 2582 sanctae
1439 2554 1531 2582 Maria:
1555 2562 1673 2586 sacram,
1692 2555 1732 2582 in-

945 2611 998 2638 que
1016 2603 1075 2637 ipsa
1092 2603 1236 2636 imaginem
1251 2610 1265 2629 e
1283 2602 1361 2636 cujus
1379 2601 1521 2633 uberibus,
1538 2609 1598 2628 cum
1613 2601 1732 2628 Celebra-

945 2655 1021 2676 retur
1043 2649 1143 2675 festum
1170 2648 1253 2679 illius,
1282 2647 1361 2674 lactis
1385 2651 1461 2682 gutta
1494 2647 1620 2674 stillaret.
1652 2647 1730 2680 Quod

943 2703 1004 2722 cum
1035 2694 1186 2729 Theophila
1215 2693 1287 2719 haud
1304 2693 1436 2720 credibile
1457 2694 1605 2723 videretur,
1621 2693 1647 2720 in
1674 2700 1730 2730 rem

944 2741 1086 2776 inquirens
1101 2739 1279 2776 449-45ι
1307 2739 1411 2766 invenit
1433 2739 1574 2771 :edituum,
1599 2738 1670 2765 factu
1704 2740 1729 2765 iu

946 2787 1060 2821 pariete,
1073 2793 1086 2812 a
1105 2790 1178 2821 lrrgo
1195 2785 1331 2820 imaginis,
1353 2785 1486 2813 foramine
1506 2784 1577 2820 quod
1596 2792 1681 2819 usque
1698 2784 1730 2810 ad
