2014 3082
287 204 354 238 1137

1006 201 1184 233 ANNALES.

1833 205 1898 238 1128

286 262 369 288 ubera
386 261 561 295 pertingeret,
586 260 665 294 eique
683 259 776 287 tubulo
792 259 919 294 plumbeo
932 259 1004 286 tenui
1033 266 1064 286 ac
1078 257 1103 286 Δ
1118 263 1192 286 tutus
1208 263 1250 286 est
1273 258 1385 286 Saltnun
1407 258 1527 286 Zarkuni
1545 260 1614 287 filius
1629 261 1783 294 patriarcha
1806 260 1902 290 Hiero-

285 306 380 342 gracili
399 306 534 338 immisso,
552 305 643 332 locum
661 305 719 332 luto
735 312 767 332 ac
786 305 862 332 calce
875 313 909 332 ne
927 308 1070 339 appareret

289 351 448 382 obduxisse,
465 358 580 385 cumque
601 350 710 377 adesset
733 349 832 377 festum
854 354 955 377 sancite
970 349 1070 382 Marim,

288 396 418 423 foramini
435 396 479 422 isti
500 397 541 423 lac
568 395 714 423 infundere
731 395 851 427 solitum,
866 395 944 429 cujus
967 395 1071 429 guttula

287 448 303 468 c
322 447 440 466 mamma
470 440 597 474 imaginis
614 439 764 466 destillaret
782 447 790 466 :
808 446 894 473 quare
916 441 1070 473 peregrina-

284 484 374 512 tiones
386 485 420 511 ad
434 485 581 512 ecclesiam
607 484 687 511 istam
717 484 924 511 instituentibus
951 483 1070 512 homini-

285 530 348 562 bus,
374 531 489 557 multum
506 530 629 564 pecunia:
653 530 776 557 lucratus
801 535 842 557 est
867 530 917 556 hac
932 531 965 557 de
988 537 1071 557 causa

283 576 413 604 aedituus.
431 576 542 604 Mittens
556 584 620 611 ergo
637 576 806 611 Theophilus
825 577 976 610 imperator
1001 577 1071 603 ima-

286 622 351 656 gine
378 623 429 650 ista
455 623 545 649 diruta
572 623 662 650 locum
691 622 796 655 refecit,
818 622 955 657 jussitque
983 622 1071 649 nullas

284 670 396 695 omnino
422 668 448 695 iu
470 669 594 696 ecclesiis
618 668 751 703 imagines
774 667 896 696 retineri.
928 667 1068 695 Edituum

284 718 376 740 autent
391 714 516 742 ecclesiae
533 715 613 742 istius
629 715 719 748 capite
733 714 868 741 truncavit
886 719 913 740 et
927 721 960 740 ex
983 714 1069 741 eccle-

284 759 334 786 siis
365 760 496 794 imagines
522 760 652 791 sustulit,
677 759 782 793 dicens,
813 760 946 795 imagines
978 761 1065 787 instar

286 804 421 831 idolorum
437 813 513 838 esse;
533 811 560 832 et
575 805 622 839 qui
638 806 783 840 imaginem
809 807 936 838 coluerit,
958 808 1070 841 perinde

283 856 346 875 esse
359 856 391 875 ac
407 849 429 876 si
446 849 517 877 idola
535 850 648 877 coleret.
675 849 744 878 Hinc
760 855 850 878 ortum
865 857 907 879 est
924 852 994 879 inter
1011 852 1066 880 Ro-

284 901 381 920 manos
398 893 542 921 dissidium
560 896 586 921 in
601 894 635 921 iis
651 902 711 929 quae
727 895 758 921 ad
786 896 917 930 imagines
929 902 1064 931 spectant.

283 939 351 965 adeo
366 944 394 966 ut
408 939 452 966 alii
471 940 538 967 alios
551 940 720 968 inﬁdelitatis
737 941 919 973 damnarent,
947 943 1064 970 dicenti-

284 987 336 1014 bus
355 987 415 1014 aliis
431 996 438 1015 :
453 987 504 1020 Qui
523 988 670 1023 imaginem
692 988 806 1016 coluerit
821 989 988 1018 inﬁdelitatis
1004 999 1066 1018 rcus

282 1037 341 1065 est;
358 1034 418 1060 aliis
434 1043 441 1060 :
454 1033 504 1066 Qui
515 1041 562 1060 eas
577 1041 632 1061 non
649 1034 776 1066 coluerit,
790 1035 909 1063 inﬁdelis
921 1040 973 1063 est.
987 1037 1065 1070 Quod

282 1086 343 1105 cum
359 1078 480 1105 audisset
493 1078 665 1113 Sophronias
679 1079 833 1114 patriarcha
849 1080 1062 1114 Alexandrinus,

281 1123 431 1150 orationem
447 1123 552 1157 longam
565 1125 674 1159 scripsit
687 1125 713 1151 in
730 1132 782 1160 qua
800 1126 947 1159 imaginum
962 1128 1065 1154 cultum

282 1167 412 1199 defendit,
430 1167 481 1194 hoc
499 1168 525 1195 in
539 1176 569 1195 ea
583 1174 741 1204 argumento
759 1177 835 1201 usus,
851 1169 963 1198 dicens:
982 1171 1065 1204 Deus,

281 1212 361 1246 cujus
392 1212 463 1240 fama
493 1214 622 1247 gloriosa,
649 1218 676 1240 et
704 1221 802 1241 nomen
833 1220 970 1244 sanctum.
1001 1216 1064 1244 Mosi

281 1259 407 1292 pra-cepit
437 1262 464 1284 ut
496 1259 522 1286 in
560 1260 735 1287 tabernaculo
764 1261 893 1295 temporis
932 1261 1064 1296 imagines

280 1304 501 1331 Cherubinorutn
518 1312 617 1332 aureas
646 1304 787 1337 formaret,
811 1313 879 1339 quas
906 1306 976 1333 intra
1003 1315 1065 1334 sau-

279 1349 416 1375 ctuarium
445 1353 586 1380 statueret,
614 1348 720 1380 deinde,
742 1348 813 1380 quod
843 1348 923 1384 452
954 1339 1065 1377 Salonio

280 1393 393 1421 Davidis
422 1394 492 1420 illius
517 1401 579 1421 cum
609 1394 739 1428 templum
768 1399 934 1429 exstrueret,
963 1396 989 1422 in
1008 1397 1066 1429 ipso

280 1438 414 1472 imagines
426 1438 645 1466 Cherubinorum
660 1447 758 1466 aureas
775 1440 943 1473 reposuerit.
968 1441 1065 1468 lticuns

278 1483 392 1518 Insuper
407 1493 414 1510 :
431 1484 498 1511 Cum
514 1485 624 1518 perlatae
652 1483 754 1511 fuerint
779 1491 794 1510 a
822 1492 885 1519 rege
910 1485 1006 1513 littera:
1030 1488 1062 1513 ad

280 1530 438 1563 praefectum
466 1530 552 1564 ipsius
580 1530 698 1564 aliquem
729 1531 819 1565 sigillo
843 1532 916 1565 regio
941 1531 1064 1567 signatm,

1122 303 1315 338 solytnitanus.
1338 304 1382 330 ubi
1404 311 1490 331 annos
1506 304 1626 338 quinque
1642 305 1722 336 sedit,
1743 305 1805 332 dein
1831 315 1899 334 mor-

1121 353 1184 376 tuus
1210 354 1262 376 est.
1288 349 1450 376 Interfectus
1473 354 1514 376 est
1538 354 1628 377 autem
1641 350 1858 379 Alllilotawacccl
1875 354 1902 380 in

1121 395 1221 428 palatio
1234 403 1284 422 suo
1313 396 1339 421 in
1362 396 1427 422 urbe
1442 403 1522 430 quant
1555 396 1724 428 condiderat,
1756 397 1902 425 Allaafaria

1122 439 1264 472 appellata.
1294 439 1356 467 Fuit
1377 441 1464 467 cmdes
1494 440 1579 474 ipsius
1603 440 1646 467 die
1676 440 1770 468 Martis
1801 443 1902 470 mensis

1122 483 1240 510 Shawali
1267 485 1366 516 tertio,
1391 493 1463 512 anno
1490 485 1679 512 ducentesimo
1696 486 1903 521 quadragesimo

1120 527 1248 559 septimo,
1274 535 1336 554 cum
1368 535 1502 556 annorum
1533 533 1608 555 esset
1628 529 1808 564 quadraginta
1832 538 1902 564 qua-

1120 576 1203 600 tuor:
1219 573 1396 608 sepultusque
1412 579 1454 601 est
1470 574 1604 602 laafarize.
1619 575 1680 602 Fuit
1691 576 1795 609 fuscus,
1808 577 1901 604 colore

1120 618 1153 644 ad
1168 617 1329 645 liavedinem
1347 625 1485 654 vergente,
1503 620 1571 648 facie
1588 626 1715 654 venusta,
1732 623 1902 657 mystacibus

1122 664 1201 696 raris,
1220 665 1308 691 oculis
1324 665 1528 700 grandioribus.
1546 667 1700 695 Satellitum
1726 669 1812 702 ipsius
1833 676 1902 703 prae.—

1119 709 1206 737 fecttts
1220 710 1270 736 fuit
1282 710 1358 738 Isaac
1374 711 1430 738 Ebn
1450 712 1602 746 Abraltim;
1623 721 1708 748 eoque
1724 719 1833 741 monuo
1856 721 1901 742 ac-

1119 756 1216 783 cedens
1232 755 1401 784 Mohammed
1418 758 1474 785 Ebn
1490 759 1644 792 Abdollahi,
1661 760 1719 787 Ebn
1735 759 1873 792 Tdhaher,
1886 768 1903 788 e

1120 800 1291 834 Chorasano,
1316 802 1412 830 iisdem
1438 803 1582 838 praefectus
1607 810 1659 833 est.
1678 804 1784 833 Janitor
1814 806 1902 840 ipsius

1122 846 1308 874 WasifTurca
1322 857 1329 880 ;
1347 856 1377 876 ac
1396 854 1455 883 post
1471 849 1559 884 ipsum
1576 850 1640 877 Said
1657 850 1716 878 Ebu
1732 851 1813 879 Saleh
1827 861 1834 884 ;
1849 860 1899 879 nec

1121 900 1174 919 non
1199 893 1305 927 Bagaus
1325 893 1427 922 Turca.
1444 893 1551 922 Janitor
1570 896 1726 923 ordinarius
1744 896 1827 924 Jacob
1841 897 1899 924 Ebn

1119 937 1266 965 Abrahim:
1282 938 1381 965 deinde
1407 939 1560 971 Kausarah,
1584 944 1610 966 et
1636 939 1706 966 Atab
1732 940 1789 967 Ebn
1817 941 1901 969 Atab.

1115 983 1264 1010 Plurimum
1290 985 1360 1018 apttd
1377 993 1438 1012 eum
1464 989 1573 1019 poterat
1587 986 1727 1013 AlPltatah
1756 987 1811 1013 Ebu
1829 983 1900 1014 Cha-

1115 1029 1177 1062 kan,
1195 1034 1222 1056 et
1239 1028 1324 1056 Obaid
1353 1030 1428 1057 Allab
1445 1031 1502 1057 Ebn
1519 1031 1620 1065 Yahyze
1644 1031 1702 1058 Ebn
1720 1031 1831 1059 Cltakan
1855 1040 1900 1060 se-

1115 1075 1257 1102 cretarins.

1221 1120 1304 1156 456
1317 1120 1464 1155 Cltalifatus
1481 1121 1665 1149 AlMonlaseri
1684 1122 1793 1149 Billu/ti.

1151 1166 1332 1201 lnanguratus
1351 1172 1394 1194 est
1414 1167 1589 1195 AlMontasar
1603 1169 1700 1196 Billahi
1729 1169 1899 1196 Moltammed

1117 1211 1200 1238 Ebnol
1219 1212 1400 1239 lllotawacceli
1417 1212 1471 1247 (cui
1496 1218 1584 1241 mater
1605 1214 1654 1241 fuit
1667 1214 1831 1246 concubina,
1848 1221 1900 1241 no-

1115 1257 1189 1284 mine
1216 1257 1380 1292 llabasbiab)
1403 1259 1498 1286 eodem
1523 1259 1566 1286 die
1584 1267 1639 1293 quo
1663 1260 1770 1287 occisus
1788 1264 1830 1287 est
1852 1260 1900 1286 Al-

1115 1303 1312 1331 Ilotawacccl:
1339 1304 1435 1338 quinto
1461 1309 1606 1339 postquam
1629 1305 1728 1332 chalifa
1761 1307 1902 1332 renuntia-

1116 1353 1158 1376 tus
1175 1355 1215 1377 est
1237 1350 1280 1376 die
1296 1358 1311 1376 e
1326 1350 1440 1377 laafaria
1456 1358 1485 1377 se
1512 1349 1749 1377 Sarramanraiam
1773 1351 1902 1384 contulit,

1114 1395 1252 1428 diruitque
1271 1394 1412 1421 laafariam
1436 1399 1464 1422 et
1491 1395 1670 1423 Allausakum
1682 1395 1814 1423 deseruit.
1836 1395 1901 1422 Fra-

1113 1445 1169 1466 tres
1183 1440 1262 1466 eliam
1274 1447 1337 1466 suos
1353 1440 1410 1466 Abu
1420 1439 1460 1466 Ab
1472 1440 1599 1467 Iollalnun
1611 1440 1734 1467 Alllotaz
1748 1441 1856 1472 Billahi,
1866 1445 1893 1467 et

1113 1486 1290 1512 Abrahimunt
1301 1485 1449 1519 Al.\loayad
1460 1486 1553 1512 billabi
1566 1486 1802 1520 ltmreditatisjure
1813 1487 1898 1520 exuit,

1119 1538 1149 1557 ea
1169 1532 1201 1556 de
1215 1538 1242 1556 re
1258 1530 1356 1557 littoris
1375 1530 1474 1564 passim
1498 1531 1525 1556 in
1544 1531 1701 1564 provincias
1717 1532 1818 1558 missis.
1837 1531 1900 1559 Fuit

279 1575 439 1608 dictumque
452 1575 535 1601 fuerit
546 1575 570 1602 id
587 1576 683 1602 scienti
695 1584 702 1602 :
714 1575 762 1602 Est
776 1576 827 1603 hoc
839 1577 957 1611 sigillum
973 1579 1064 1612 regis:
1082 1572 1100 1596 (τ
1119 1575 1264 1602 cbalifatus
1277 1575 1363 1609 ipsius
1379 1575 1556 1607 unius,anni,
1567 1575 1804 1608 sexmcnsium,et
1818 1576 1900 1603 trium

280 1620 419 1655 liazipsius
440 1621 538 1646 litterae
559 1630 566 1647 :
587 1627 678 1648 ann0n
701 1628 850 1656 assurgens
873 1622 956 1649 stabit
978 1623 1065 1649 donec

280 1666 388 1693 litteras
405 1673 484 1692 manu
499 1670 625 1700 acceptas
641 1667 783 1694 osculatus
798 1667 893 1699 fuerit,
904 1668 1067 1703 easdemque

280 1711 364 1746 capiti
390 1715 418 1738 et
444 1711 532 1738 oculis
550 1711 609 1739 suis
637 1712 809 1739 admoverit?
837 1720 925 1746 neque
955 1713 1064 1740 interim

280 1756 341 1784 ideo
358 1757 477 1790 assurgit
495 1762 542 1783 aut
555 1757 662 1784 litteras
678 1757 833 1790 osculatur,
853 1758 926 1792 quod
943 1759 1064 1786 chartam

279 1806 435 1834 veneretur,
456 1806 503 1828 aut
520 1809 610 1829 ceram
622 1802 724 1829 chartae
739 1801 897 1834 obductam,
925 1808 972 1830 aut
992 1809 1066 1830 atra-

279 1852 400 1875 mentum
413 1848 485 1875 intra
503 1849 636 1881 chartam,
649 1853 695 1876 aut
711 1850 783 1883 quod
802 1849 900 1878 litteris
937 1855 1063 1885 assurgat

278 1900 381 1928 easque
406 1898 563 1920 veneretur.
584 1894 653 1924 Non.
672 1901 720 1928 per
744 1894 825 1920 vitam
847 1902 944 1928 meam,
970 1896 1004 1923 ob
1022 1904 1064 1924 re-

278 1946 339 1965 rum
353 1939 466 1966 istarum
478 1939 596 1973 aliquam
608 1958 615 1970 ,
632 1945 725 1965 verum
738 1938 800 1966 inde
815 1939 866 1966 hoc
878 1945 919 1967 est
934 1941 1006 1975 quod
1022 1949 1063 1968 re-

279 1991 339 2017 gem
353 1987 509 2016 veneretur,
524 1983 638 2018 ejusque
663 1991 774 2015 nomen,
802 1991 865 2011 cum
894 1985 980 2019 ipsius
1009 1986 1064 2013 sint

279 2028 377 2056 litterae
394 2029 462 2056 istae.
479 2027 537 2055 Hac
554 2029 636 2062 igitur
650 2035 683 2055 ex
702 2033 779 2063 parte
799 2029 877 2056 decet
894 2037 944 2056 nos
968 2031 1064 2065 imagi-

278 2081 340 2102 nem
366 2075 447 2101 istam
470 2074 624 2101 deosculari
647 2081 678 2100 ac
705 2075 842 2107 venerari,
869 2082 921 2102 non
939 2076 1011 2110 quod
1029 2077 1065 2103 ita

277 2127 337 2146 eam
351 2120 511 2147 osculamur
532 2127 562 2146 ac
580 2119 651 2146 idola
673 2119 726 2147 coli
752 2120 870 2152 soleant,
895 2128 988 2147 verum
1014 2121 1065 2148 hoc

278 2165 308 2192 ﬁt
334 2165 406 2200 quod
438 2165 613 2192 veneratione
634 2169 717 2200 atque
745 2165 850 2192 honore
872 2167 1065 2200 prosequimur

278 2218 377 2237 nomen
402 2210 530 2244 martyris
567 2209 770 2243 istius,rcujus
801 2209 892 2244 imago
925 2210 1064 2238 coloribus

277 2255 339 2283 istis
379 2255 537 2290 depingitur
550 2274 557 2281 .

277 2309 368 2335 regem
383 2300 564 2335 Theophilum
582 2300 666 2333 misit,
692 2307 746 2335 qua
771 2305 881 2334 accepta
901 2300 1008 2328 laetatus
1025 2306 1066 2328 est

278 2346 335 2378 ille,
355 2349 437 2379 atque
464 2345 499 2372 ab
524 2352 558 2371 eo
572 2352 629 2380 quo
655 2345 788 2379 imagines
815 2350 977 2379 prosecutus
1004 2350 1062 2373 erat

277 2391 341 2419 odio
358 2398 508 2418 c0nversus
524 2395 574 2418 est.
606 2389 669 2417 Fuit
691 2391 772 2417 etiam
797 2390 856 2417 Abu
881 2391 977 2418 Korrae
994 2391 1066 2419 inter

277 2445 325 2464 eos
343 2437 390 2471 qui
403 2436 551 2470 imaginum
574 2435 679 2462 cultum
709 2435 900 2468 defenderunt.
929 2443 1014 2470 eaque
1031 2437 1065 2464 de

276 2491 307 2510 re
325 2483 423 2509 librum
439 2481 560 2515 scripsit,
576 2488 655 2515 quem
673 2481 838 2515 appellavit:
857 2480 1002 2509 Sermones
1026 2481 1059 2509 de

277 2529 352 2555 cultu
369 2526 530 2561 imaginum.
546 2525 619 2553 Obiit
636 2530 727 2553 autem
754 2525 926 2560 Sophronias
941 2527 1060 2561 patriar-

277 2574 327 2601 cha
359 2571 560 2599 Alexandrinus
588 2570 728 2606 hydropisi
760 2570 874 2598 allectus
901 2570 948 2606 (ob
977 2580 1059 2606 quam

277 2617 452 2654 553455
471 2625 533 2645 cum
549 2618 590 2644 lae
611 2616 798 2650 mandragorae
813 2616 937 2648 bibisset,
954 2617 1021 2643 nihil
1035 2618 1060 2644 ei

279 2664 402 2699 profuit),
412 2672 484 2691 anno
496 2663 686 2691 ducentesimo
702 2662 842 2690 tricesimo
857 2663 949 2695 tertio,
961 2663 1063 2689 consti-

254 2719 257 2723 -
277 2713 339 2736 tuto
354 2714 415 2744 post
433 2709 520 2742 ipsum
535 2708 692 2743 patriarcha
710 2706 896 2734 Alexandrino
917 2706 1060 2740 Miclnele,

277 2755 322 2789 qui
350 2762 437 2782 annos
459 2755 554 2789 viginti
572 2758 692 2788 quatuor
714 2753 794 2780 sedit.
815 2751 877 2779 Fuit
895 2752 939 2779 ille
962 2760 977 2779 e
1002 2752 1064 2780 ﬁliis

277 2798 396 2830 Bacami,
412 2798 552 2825 Burensis.
568 2797 652 2825 Porro
663 2798 714 2824 fuit
725 2796 873 2824 chalifatus
883 2795 1062 2823 AlMotawac-

277 2843 327 2870 ccli
355 2851 489 2870 annorum
507 2843 727 2878 quatuordecim,
752 2849 849 2870 novem
871 2841 1018 2872 mensium.
1034 2844 1062 2868 et

279 2897 375 2919 norem
393 2890 508 2917 dierum.
521 2889 600 2916 Auno
611 2888 756 2916 cltalifatus
770 2888 830 2922 ejus
840 2887 946 2915 decimo
956 2887 1060 2914 consti-

1116 1622 1232 1648 dierum.
1259 1620 1334 1647 Obiit
1362 1628 1448 1647 annos
1474 1625 1554 1648 natus
1576 1621 1671 1655 viginti
1712 1626 1783 1648 octo.
1802 1621 1899 1656 Sepul-

1116 1673 1214 1701 tusque
1229 1671 1270 1693 est
1293 1665 1528 1699 Sarramanraize;
1556 1666 1711 1700 sepulcrum
1735 1667 1794 1701 ejus
1819 1674 1901 1701 opere

1116 1713 1221 1740 albario
1239 1712 1346 1739 ornavit
1362 1716 1449 1738 mater
1463 1712 1548 1746 ipsius
1562 1731 1569 1744 ,
1584 1719 1637 1746 quo
1662 1719 1716 1738 non
1740 1715 1819 1738 antea
1840 1712 1900 1739 cui-

1117 1761 1186 1793 piam
1213 1758 1374 1786 chalifarum
1395 1757 1551 1791 sepulcrum
1574 1758 1724 1785 obductum
1749 1758 1809 1786 fuit.
1838 1758 1900 1785 Fuit

1118 1803 1288 1831 AlMontascr
1318 1807 1432 1830 staturae
1458 1802 1609 1836 quadratae,
1643 1810 1760 1837 corpore
1787 1803 1899 1836 decoro,

1119 1848 1224 1881 fuscus,
1252 1848 1372 1883 pinguis.
1397 1846 1551 1873 Satellilum
1576 1847 1663 1881 ipsius
1690 1848 1833 1882 praefectus
1850 1848 1901 1875 fuit

1117 1894 1286 1922 Moltammed
1311 1893 1369 1920 Ebn
1385 1893 1518 1920 Abdollah
1542 1892 1599 1919 Ebn
1625 1892 1763 1920 letalter.
1792 1892 1898 1920 Janitor

1117 1941 1176 1968 Abu
1189 1939 1273 1967 Nascr
1286 1939 1375 1966 Turea
1400 1947 1450 1966 nec
1467 1947 1520 1967 non
1533 1939 1638 1965 Ahmed
1656 1938 1713 1966 Ebn
1729 1938 1846 1966 Cltasab.

1335 1985 1486 2020 Chalifatuc
1503 1984 1677 2013 AlMostaim‘.

1150 2031 1350 2059 Convenientes
1391 2031 1542 2058 Turcarum
1571 2030 1656 2058 duces
1683 2030 1716 2057 ad
1744 2030 1898 2065 eligendum

1114 2085 1194 2112 quem
1210 2076 1336 2104 chalifam
1363 2077 1565 2110 renuntiarent,
1578 2077 1735 2103 abnuerunt
1750 2083 1782 2103 ex
1808 2076 1900 2104 AlMo-

1115 2123 1254 2150 tawacceli
1281 2122 1343 2149 ﬁliis
1357 2122 1476 2157 cuipiam
1489 2122 1650 2157 obsequium
1666 2121 1777 2156 pacisci.
1796 2121 1900 2149 Cecidit

1114 2166 1292 2202 457-559
1305 2173 1369 2200 ergo
1383 2167 1482 2193 electio
1499 2167 1618 2201 ipsorum
1634 2167 1661 2193 in
1674 2166 1823 2194 Ahmedem
1839 2166 1899 2194 Ebn

1117 2211 1315 2237 Mobammedis
1347 2210 1539 2243 AlMotasami,
1567 2211 1609 2238 cui
1634 2215 1722 2238 mater
1746 2212 1899 2238 concubina

600 2254 689 2289 Atque
731 2254 801 2281 hanc
844 2255 985 2289 epistolam
1028 2256 1061 2283 ad
1082 2256 1106 2285 D
1120 2255 1170 2282 fuit
1184 2255 1295 2282 nomine
1317 2254 1497 2288 Machareek;
1526 2262 1606 2289 quem
1627 2255 1755 2282 chalifatn
1773 2255 1823 2283 ﬁde
1847 2255 1899 2290 ipsi

1115 2301 1179 2327 data
1202 2300 1382 2328 constitutum
1393 2320 1401 2334 ,
1418 2300 1570 2327 Almostain
1587 2300 1683 2327 billahi
1704 2301 1896 2328 nominarunt.

1116 2345 1185 2372 Tum
1201 2350 1262 2372 orto
1280 2345 1306 2371 in
1332 2344 1454 2371 exercitu
1475 2344 1601 2377 dissidio,
1619 2348 1701 2378 atque
1728 2345 1798 2371 inter
1815 2345 1898 2371 liber-

1116 2393 1159 2416 tos
1179 2389 1310 2420 tumultu,
1324 2388 1392 2423 fugit
1408 2389 1557 2416 Almostain
1569 2389 1596 2415 in
1614 2389 1750 2421 navicula,
1762 2389 1898 2416 comitan-

1116 2435 1189 2462 tibus
1205 2434 1293 2469 ipsum
1311 2433 1444 2468 Wasipho
1457 2438 1485 2461 et
1498 2433 1586 2468 Bagoa
1602 2433 1711 2465 Turcis,
1728 2434 1898 2469 Bagdadum.

1115 2479 1191 2507 Servi
1208 2483 1299 2506 autem
1323 2484 1352 2507 et
1367 2480 1516 2511 exercitus,
1533 2480 1580 2514 qui
1601 2480 1815 2507 Sarramanraiae
1838 2480 1896 2507 fue-

1113 2530 1188 2558 runt,
1211 2525 1272 2552 Abu
1303 2526 1436 2552 Ahdallah
1463 2525 1676 2552 Ebnol‘Motazzi
1699 2525 1785 2552 Elmol
1810 2525 1896 2553 Mota-

1113 2570 1235 2602 wacceli,
1257 2570 1299 2597 cui
1315 2576 1402 2597 mater
1420 2571 1472 2598 fuit
1496 2572 1650 2598 concubina
1678 2571 1788 2598 nomine
1810 2571 1896 2598 Kabi—

1113 2614 1177 2647 hab,
1193 2615 1291 2641 throno
1304 2615 1469 2643 collocantes
1486 2615 1615 2643 ehalifatu
1635 2616 1799 2647 salutarunt,
1816 2615 1896 2642 initio

1114 2660 1217 2688 mensis
1242 2660 1397 2687 Moharram
1426 2662 1490 2688 anni
1518 2661 1701 2689 ducentesimi
1726 2661 1897 2696 quinquage-

1113 2705 1185 2732 simi.
1201 2705 1319 2739 Fuilque
1335 2707 1477 2733 contentio
1495 2710 1521 2733 et
1534 2705 1634 2733 bellum
1651 2706 1721 2732 inter
1733 2705 1898 2733 Almostaini

1112 2754 1140 2776 et
1155 2750 1301 2776 Almotazzi
1329 2751 1458 2778 asseclas.
1483 2750 1538 2777 lies
1563 2756 1652 2777 autem
1677 2751 1790 2778 bellicas
1804 2752 1897 2777 Almo-

1114 2794 1181 2821 tazzi
1209 2795 1319 2822 nomine
1349 2795 1561 2822 administrabat
1589 2796 1648 2822 Abu
1674 2796 1778 2823 Alimed
1810 2796 1897 2824 Ebnol

1117 2839 1299 2873 Motawaccel,
1314 2848 1403 2875 neque
1418 2845 1562 2868 cessarunt
1579 2840 1648 2868 bella
1664 2848 1792 2868 exercere
1810 2849 1898 2874 usque

1117 2885 1154 2914 ad
1169 2886 1275 2913 initium
1297 2887 1399 2914 Iliensis
1416 2885 1602 2914 Albloharram
1632 2887 1695 2914 anni
1717 2885 1899 2915 ducentosimi
