2014 3082
142 191 210 222 1139

654 186 833 218 EUTYCHII
855 185 1116 216 ALEXANDRINI
1138 187 1244 216 PATR.

1684 177 1752 210 tuo

140 244 359 280 quinquagesimi
385 243 497 271 secundi
516 246 594 270 :tum
621 243 693 270 enim
714 243 773 269 loco
789 249 817 268 se
833 240 912 268 abdi-
930 242 949 270 Α
966 241 1012 276 qui
1029 241 1179 268 Ahmedem
1199 240 1256 267 Ebn
1279 239 1368 265 Tolun
1390 237 1548 271 deputatum
1576 235 1627 261 sibi
1648 235 1754 261 cunsti--
1794 238 1798 241 '

139 295 218 316 caute
237 288 413 320 Almostaino,
440 288 509 315 facta
536 292 578 315 est
594 295 658 322 pax,
674 287 784 321 scriptis
801 290 919 312 testante

137 333 307 360 Athlostaino
329 340 359 359 se
383 333 433 359 hoc
458 336 554 366 sponte
579 333 685 364 facere,
713 336 739 358 et
762 331 920 358 securitatis

138 378 258 404 libellum
274 377 311 403 illi
328 377 464 404 scribente
477 375 632 403 Allllotazzo
648 375 778 402 adhibitis
793 374 918 401 testibus.

136 422 240 449 Deinde
266 420 409 448 Wasetum
439 420 520 448 Eraki
549 422 643 448 urbem
678 420 831 447 descendit.
858 419 919 447 Fuit

136 466 284 494 chalil'atus
303 466 401 500 ipsius,
419 466 505 493 donec
528 473 557 493 se
575 466 662 500 ipsum
678 466 792 500 imperio
808 465 919 492 abdica-

135 513 190 544 vit,
213 519 346 538 annorum
368 512 449 538 trium
479 519 539 538 cum
565 516 626 538 octo
651 511 802 539 mensibus.
828 510 919 537 Primo

135 557 283 584 chalil'atus
301 557 388 591 ipsius
412 564 484 584 anno
502 558 666 584 constitutus
695 561 736 583 est
759 556 916 583 Theodorus

136 602 192 637 (qui
207 601 348 629 AlMoklati
366 602 452 636 audit)
470 603 623 636 patriarcha
645 601 914 636 Hierosolymitanus,

135 649 182 682 qui
208 655 296 675 annos
315 647 501 674 novemdecim
524 647 605 678 sedit,
627 646 690 673 dein
715 650 838 672 mortuus
861 648 913 672 est.

134 692 197 720 Fuit
222 697 311 719 autem
340 692 526 719 Almostainus
554 692 673 726 pinguis,
699 691 780 726 560
803 697 916 723 corpore

136 742 261 769 vrnuslo,
277 737 362 764 barba
381 738 477 771 nigra;
496 738 641 764 satellitum
668 737 752 770 ipsius
773 735 916 770 praefectus

136 782 187 808 l'nit
205 781 376 807 Mohatnmed
393 780 449 806 Ebn
467 781 596 811 Abdolhc.
610 780 667 806 Ebn
683 779 827 806 'l‘dhalteri.
844 778 918 805 Juni-

137 831 212 854 tores
227 825 322 860 ipsius,
335 825 426 852 Wasil‘
436 829 462 852 et
479 825 562 860 Boga,
577 825 684 851 Ttircm.

360 870 509 905 Chalifalus
533 870 693 897 “Notaui.

171 916 273 944 Omnes
301 916 347 951 qui
369 916 581 943 Sarramantaiaa
608 916 718 942 luerunt
745 919 799 942 tam
823 914 918 941 Turcze

136 970 218 997 quam
235 962 293 994 alii,
308 961 491 988 AlMotazzam
509 961 637 988 chalil'am
656 961 708 988 lide
721 961 784 987 data
805 961 920 994 inaugu-

134 1011 242 1039 rarunt,
259 1013 353 1034 mense
368 1006 555 1033 AlMoharram
570 1007 634 1033 anni
648 1006 826 1033 dueentesimi
839 1005 920 1039 quin-

136 1052 288 1087 quagesimi
314 1052 406 1086 primi,
432 1059 494 1078 cum
520 1057 594 1079 esset
612 1051 761 1078 AlMoslain
788 1049 920 1084 Bagdadi,

136 1105 169 1124 ac
202 1098 347 1131 provinciae
371 1097 505 1128 turbatae,
524 1096 620 1130 majori
638 1096 778 1123 hominum
798 1100 873 1130 parte
889 1095 921 1121 Al

136 1142 271 1169 Mostaino
286 1141 494 1169 adhtBt‘enlibns.
509 1142 542 1167 At
559 1148 661 1169 cumse
678 1140 793 1174 imperio
807 1140 919 1167 abdica-

136 1192 213 1215 verat
235 1189 265 1223 ΑΙ
282 1187 399 1215 Mostain
418 1188 495 1215 initio
518 1188 620 1215 mensis
639 1186 839 1218 AlMoharram,
857 1186 920 1214 anni

136 1231 318 1259 ducentesimi
345 1233 563 1267 quinquagesimi
592 1232 717 1263 secundi,
749 1231 800 1258 hoc
826 1231 920 1258 audito

137 1278 263 1305 homines
287 1278 410 1305 obsecuti
437 1283 511 1305 sunt.
540 1277 718 1304 AlMotazzus
745 1282 834 1304 autem
860 1283 920 1303 cum

137 1322 323 1348 successionis
336 1322 382 1356 jus
396 1322 548 1349 Abrahimo
564 1322 596 1348 Al
608 1321 718 1356 Moayad
733 1321 826 1348 billahi
841 1321 919 1348 resti-

137 1365 256 1396 tuisset,
276 1365 370 1391 eodem
398 1373 493 1392 rursus
521 1365 609 1399 ipsum
633 1365 725 1397 exuit,
752 1364 798 1399 qui
821 1363 920 1391 deinde

136 1413 262 1437 mortuus
282 1414 323 1437 est
340 1418 347 1437 :
367 1410 439 1444 quod
459 1417 519 1436 cum
536 1417 607 1444 azgre
633 1409 715 1436 ferret
732 1409 792 1436 Abu
815 1409 922 1436 Ahmed

136 1455 215 1481 fratri
231 1462 281 1482 suo
296 1454 440 1486 accidisse,
463 1455 550 1489 ipsum
573 1455 703 1481 Basoram
722 1454 850 1488 relegavit
875 1453 922 1480 Al-

135 1500 274 1527 Motazzus
288 1509 295 1527 :
313 1500 446 1527 interiecti
459 1505 522 1527 sunt
536 1501 618 1527 etiam
630 1499 779 1533 Wasiphus
793 1504 818 1526 et
832 1498 917 1532 Boga.

968 291 1058 318 tuens,
1078 287 1167 321 ipsum
1194 286 1220 312 in
1246 284 1391 318 Egyptum
1412 283 1496 309 misit.
1525 280 1663 306 Bacbacus
1687 286 1749 305 vere

967 334 1048 370 464
1067 332 1180 359 Ahmedi
1197 331 1254 357 Ehn
1273 329 1370 356 Toluni
1392 329 1472 355 liliam
1496 334 1571 354 sttam
1594 326 1620 351 in
1639 332 1752 351 uxorem

968 379 1089 406 dederat.
1105 377 1249 412 Ingressus
1264 379 1306 402 est
1332 380 1421 401 autem
1449 371 1553 399 Ahmed
1581 371 1637 397 Ebn
1663 370 1751 396 Tolnu

968 424 1114 459 Egyptum
1144 430 1237 449 mense
1271 420 1428 447 Ramatlano
1462 425 1534 444 anno
1564 416 1755 444 ducentesimo

969 468 1198 504 quinquagesimo
1222 471 1331 501 quarto.
1363 464 1491 491 Turlnatze
1511 466 1574 490 sunt
1591 465 1682 488 autem
1710 467 1755 487 res

968 515 1039 542 inter
1052 513 1233 540 AlMotazznm
1249 517 1275 538 et
1295 511 1420 538 libertos.
1436 509 1564 541 Obiitqne
1580 507 1756 532 Almotazzus

968 560 1010 587 die
1024 559 1116 586 Martis
1131 558 1211 584 tertio
1228 561 1290 583 ante
1308 556 1412 582 linitmn
1434 561 1554 580 mensem
1571 551 1666 585 llajeb.
1683 557 1755 577 anno

968 603 1154 631 ducentesimo
1166 601 1393 636 quinquagesimo
1410 600 1515 633 quinto.
1533 597 1596 624 Fuit
1608 596 1755 623 chalil‘atus

967 649 1053 684 ipsius
1066 652 1125 681 post
1135 646 1295 673 AlMostaini
1315 643 1514 671 abdicationem
1527 649 1659 668 annorum
1672 640 1755 667 trium

965 702 1025 721 cum
1041 692 1180 720 mensibus
1198 698 1306 721 novem,
1326 689 1422 716 diebus
1437 692 1510 715 octo.
1526 687 1601 718 Erat,
1617 693 1679 712 cum
1697 694 1757 713 mo-

965 744 1085 770 reretur,
1112 744 1247 764 annorum
1275 734 1370 769 viginti
1397 734 1524 761 duorum.
1558 731 1688 766 Sepultus
1711 736 1754 758 est

967 785 1052 812 Sarra
1080 782 1208 809 Manraiae
1233 789 1241 807 z
1269 782 1426 814 sepulcrum
1453 778 1514 812 ejus
1543 784 1624 810 opere
1651 776 1756 803 albario

969 828 1078 856 ornavit
1096 831 1182 854 mater
1198 826 1285 861 ipsius
1298 825 1375 860 juxta
1390 825 1544 859 sepulcrum
1561 821 1754 850 Alllontasari.

970 875 1033 902 Fuit
1050 873 1241 901 AlMontazzus
1261 871 1406 902 candidus,
1431 869 1501 896 facie
1526 868 1652 903 pulchra.
1678 874 1756 893 coma

970 921 1097 956 eleganti,
1122 925 1238 952 carpore
1262 917 1372 948 decoro,
1391 915 1458 942 adeo
1482 917 1510 940 ut
1536 913 1608 939 haud
1634 911 1686 946 ipsi
1709 919 1756 944 par

971 966 1060 993 forma
1090 969 1116 991 et
1146 961 1347 998 pulchritudine
1377 959 1556 994 reperiretur.
1587 956 1758 983 Satellitibus

971 1012 1057 1046 ipsius
1091 1007 1236 1044 praefectus
1261 1006 1310 1032 luit
1333 1003 1503 1032 Mohammed
1527 1002 1583 1028 Ebn
1609 1000 1758 1031 Alnlillahi,

970 1057 1028 1085 Ebn
1050 1053 1187 1083 Tdhaheri
1205 1062 1212 1080 :
1231 1052 1306 1082 dein,’
1332 1058 1364 1077 eo
1385 1054 1503 1079 murtuo,
1524 1046 1680 1074 Obaidalluh
1698 1046 1758 1072 Ebn

970 1100 1118 1131 Abdillahi,
1149 1098 1206 1125 Ebn
1236 1096 1353 1124 Tdaheri
1371 1103 1377 1122 :
1394 1099 1451 1121 tum
1471 1093 1567 1120 iisdem
1592 1091 1758 1126 prmpositus

969 1151 1010 1175 est
1042 1146 1162 1174 Soliman
1190 1143 1246 1169 Ebn
1278 1141 1416 1169 Ahdillahi
1444 1140 1501 1166 Ebn
1531 1137 1683 1165 Tdhaheri,
1711 1136 1757 1169 qui

970 1191 1107 1228 [munus]
1126 1189 1191 1216 illud
1213 1188 1340 1217 obtinuit,
1360 1186 1432 1219 quod
1461 1185 1559 1211 deinde
1585 1181 1760 1209 Obaidallahi

971 1226 1029 1264 libn
1052 1235 1203 1266 Abdillahi,
1223 1233 1280 1260 Ebn
1298 1230 1435 1259 Tdhahcri
1461 1228 1598 1256 redditum
1614 1231 1666 1254 est.
1682 1226 1760 1253 Jani-

972 1286 1046 1309 tores
1061 1280 1148 1315 ipsius
1162 1279 1273 1305 fuerunt
1289 1277 1410 1310 VVaslplt
1431 1279 1457 1301 et
1475 1274 1546 1308 Boga
1563 1282 1570 1300 :
1587 1272 1686 1299 deinde
1709 1271 1759 1298 Sa-

969 1328 1046 1354 lehus
1064 1326 1090 1353 in
1108 1325 1196 1352 locum
1213 1323 1298 1358 patris
1314 1322 1357 1348 sui
1371 1320 1502 1349 sullectus
1514 1322 1573 1351 est;
1588 1321 1615 1344 et
1629 1317 1655 1343 in
1668 1316 1753 1343 locum

969 1373 1061 1408 Bogai,
1078 1370 1182 1397 Bacbac
1199 1368 1299 1395 Turca.

1295 1411 1445 1445 Chalifalus
1469 1409 1634 1435 Almohladi.

1009 1461 1192 1495 lnauguratus
1207 1462 1249 1485 est
1265 1455 1431 1487 Almohtatli,
1447 1455 1572 1481 videlicet
1586 1453 1760 1479 Mohammed

973 1507 1030 1534 Ehn
1049 1506 1142 1533 Harun
1165 1503 1305 1531 Alwathek
1322 1502 1428 1532 billahi,
1447 1499 1540 1527 Ebnol’
1553 1499 1683 1525 Mntasam
1706 1498 1759 1523 bil-

135 1546 313 1579 Mortuusque
338 1549 380 1572 est
408 1544 580 1571 Mohaltnned
605 1543 662 1570 Ebn
682 1542 843 1574 Abdollabi,
860 1541 919 1569 Ebn

973 1552 1040 1584 lahi,
1056 1552 1101 1579 cui
1118 1555 1204 1577 mater
1219 1549 1267 1576 fuit
1286 1547 1438 1574 cnncubina
1457 1545 1567 1572 nomine
1584 1544 1668 1570 Korb.
1695 1542 1758 1569 Fuit

136 1591 276 1618 Tdhaheri
299 1590 444 1618 satellitum
470 1590 624 1624 praefectus.
647 1588 855 1616 AlMostainum
872 1595 920 1614 au-

137 1641 191 1662 tem
212 1635 324 1662 Waseto
342 1635 504 1662 accersitum
517 1654 524 1666 ,
550 1641 610 1661 cum
626 1634 769 1661 salutasset
784 1633 847 1661 Said
861 1632 921 1659 Ebn

137 1680 218 1708 Saleh
247 1680 360 1714 janitor,
389 1680 476 1714 ipsum
502 1679 648 1706 interfecit.
680 1680 766 1707 Porro
799 1683 923 1706 mortuus

137 1730 178 1752 est
198 1725 364 1758 Theophilus
386 1724 526 1751 Michaelis
552 1724 599 1750 lilii
623 1723 766 1757 Theophili
784 1724 855 1751 illius
869 1722 924 1750 Ro-

136 1771 290 1803 manorum}
305 1768 470 1801 imperator,
499 1767 662 1794 succedente
683 1767 735 1801 ipsi
759 1767 786 1794 in
807 1767 921 1800 imperio

137 1813 192 1839 ﬁlio
214 1813 301 1847 ipsius
316 1812 446 1840 Michaele
458 1812 612 1846 Theophili,
638 1812 685 1840 lilii
701 1811 840 1838 Michaelis
855 1811 920 1838 lilio.

136 1859 198 1886 Fuit
217 1863 306 1885 autem
323 1858 376 1885 dux
393 1859 502 1892 quidam
518 1857 693 1893 ἀει-463
710 1857 821 1884 nomine
842 1856 920 1884 Basi-

135 1903 189 1930 lius
206 1910 285 1938 quem
302 1903 466 1930 accersitum
484 1903 611 1929 omnibus
633 1902 750 1930 ducibus
774 1909 806 1929 ac
833 1902 918 1929 comi-

138 1949 212 1975 tibus
230 1949 288 1976 suis
302 1948 474 1983 praclecerat.
490 1948 537 1975 Die
553 1952 642 1974 autem
661 1947 792 1982 quodam,
814 1955 877 1974 cum
891 1954 921 1974 se

137 1993 295 2020 oblectandi
312 1993 399 2027 gratia
417 1993 563 2028 prodiisset
582 1992 696 2020 Michael
718 1993 869 2027 imperator
891 1992 919 2018 in

141 2039 260 2066 insulam
278 2039 435 2073 quamdam,
451 2046 511 2072 qua;
523 2047 538 2066 e
558 2039 667 2073 regione
682 2038 919 2072 Constantinopoli

138 2084 191 2111 sita
211 2088 253 2111 est
267 2085 295 2110 in
316 2084 386 2110 mari
406 2085 477 2118 quod
496 2083 600 2110 Pontus
624 2083 789 2118 appellatur,
810 2083 919 2111 irruens

138 2129 166 2155 in
191 2129 281 2163 ipsum
304 2128 420 2156 Basilius
439 2129 515 2161 dux,
543 2129 614 2154 intra
642 2127 786 2154 ecclesiam
815 2134 876 2162 quas
893 2128 919 2155 in

969 1597 1142 1633 inauguratio
1150 1596 1235 1630 ipsius
1243 1595 1284 1621 die
1294 1593 1478 1625 Martis,tertio
1491 1595 1553 1618 ante
1567 1590 1671 1616 [initum
1682 1596 1759 1615 men-

970 1651 1026 1672 sem
1036 1642 1130 1676 llajeb,
1139 1648 1210 1668 anno
1220 1639 1406 1666 ducentesimo
1415 1635 1640 1671 quinquagesimo
1651 1634 1757 1668 quinto.

971 1689 1036 1716 Erat
1051 1687 1199 1715 cbalilatus
1215 1685 1301 1720 ipsius
1322 1683 1387 1710 anni
1406 1683 1500 1709 unius.
1530 1680 1694 1708 Trncidatns
1717 1683 1758 1706 est

972 1742 1034 1762 cum
1054 1739 1189 1760 annorum
1209 1734 1282 1757 esset
1299 1729 1409 1763 triginta
1436 1734 1532 1754 novem
1551 1735 1558 1752 :
1581 1725 1703 1759 sepultus
1716 1728 1759 1751 est

975 1778 1199 1808 Sarramanraiae.
1215 1776 1279 1802 Fuit
1296 1779 1400 1801 statura
1418 1773 1517 1805 media,
1544 1771 1612 1797 t'acie
1633 1769 1759 1804 pulchra,

973 1830 1089 1858 corpore
1105 1819 1233 1856 eleganti,
1251 1819 1336 1845 barba
1366 1817 1485 1852 implexa
1503 1819 1530 1842 et
1544 1816 1630 1849 nigra.
1649 1813 1758 1841 Satelli-

974 1871 1031 1895 tum
1047 1867 1133 1901 ipsius
1155 1864 1300 1900 prmlectus
1327 1862 1376 1889 luit
1401 1860 1572 1888 Obaidollahi
1591 1859 1647 1885 Ebn
1665 1857 1759 1884 Abdil-

973 1911 1041 1939 lahi.
1053 1911 1159 1938 Janitor
1172 1908 1253 1936 Saleh
1270 1907 1329 1934 Ebn
1345 1906 1456 1940 Wasiph
1470 1914 1477 1937 ;
1503 1909 1573 1936 tum,
1596 1903 1688 1930 occiso
1709 1901 1759 1928 Sa.

973 1957 1046 1990 leho,
1063 1956 1147 1983 Tacin
1164 1954 1265 1981 Turca.

1121 1998 1274 2032 Chalifatus
1295 1994 1491 2023 Almotammed
1514 1992 1618 2019 billaln'.

1007 2047 1189 2080 inauguratus
1213 2048 1255 2070 est
1284 2040 1480 2069 Almotammed
1506 2038 1598 2066 billahi
1627 2040 1756 2071 (nempe,

975 2091 1078 2120 Ahmed
1095 2091 1153 2117 Ebn
1167 2088 1269 2116 Jaalari
1286 2084 1520 2115 Almotawacceli,
1534 2084 1577 2110 cui
1595 2087 1682 2109 mater
1696 2090 1761 2109 con-

974 2137 1073 2165 cubina
1099 2135 1150 2162 fuit
1174 2133 1285 2160 nomine
1300 2131 1414 2167 Knyai),
1445 2136 1538 2156 mense
1562 2128 1660 2161 Bajeb,
1687 2135 1760 2154 anno

138 2174 225 2201 insula
238 2178 289 2206 est,
303 2174 439 2201 interfecit
452 2193 460 2206 ,
482 2181 532 2201 nec
550 2181 603 2200 non
623 2177 650 2200 et
664 2180 711 2200 eos
728 2173 776 2208 qui
791 2173 818 2201 in
833 2165 925 2201 insula.
937 2179 960 2207 ι)
975 2182 1162 2212 ducemesimo
1188 2165 1415 2214 quinquagesimo
1444 2179 1531 2207 sexto.
1564 2174 1759 2201 Consiliarium

138 2224 228 2251 erant,
248 2224 277 2246 et
295 2220 436 2254 imperium
464 2220 490 2246 in
522 2223 685 2254 potestatem
710 2226 785 2246 suam
808 2219 923 2253 redegit,

139 2270 202 2290 cum
218 2272 270 2291 non
283 2269 355 2291 esset
367 2264 425 2298 ipse
437 2272 451 2290 e
462 2264 543 2298 stirpe
558 2264 641 2297 regia,
658 2267 752 2297 utpote
767 2263 813 2298 qui
826 2271 924 2299 genere

139 2308 263 2335 Siciliota
290 2309 350 2335 l‘uit.
370 2309 492 2343 Cumque
523 2309 577 2342 ipsi
602 2309 706 2336 dictum
735 2313 811 2336 esset
828 2318 835 2336 :
851 2308 924 2341 Quid

139 2357 181 2381 est
197 2353 267 2388 quod
290 2354 482 2387 imperatorem
507 2353 633 2380 occidere
656 2353 698 2380 fas
724 2353 773 2380 tibi
801 2353 925 2381 duxisti?

138 2399 280 2433 respondit
301 2408 307 2425 :
329 2398 442 2425 Michael
467 2406 528 2426 cum
549 2398 691 2426 mulierem
707 2398 856 2432 deperiret,
881 2406 924 2426 me

139 2452 199 2472 eam
216 2443 318 2471 ducere
333 2444 423 2478 jussit,
442 2444 474 2470 ad
497 2444 583 2478 ipsam
599 2448 691 2470 tamen
707 2451 759 2470 non
775 2443 923 2476 accedere;

139 2496 170 2517 ut
194 2490 304 2517 nomine
325 2489 391 2516 mihi
414 2494 487 2516 esset
507 2490 604 2515 mulier
627 2489 697 2521 ista,
722 2488 766 2515 ille
786 2495 849 2515 vero
865 2496 925 2515 eum

140 2536 199 2570 ipsa
220 2535 350 2568 cubaret;
377 2539 451 2562 metu
476 2533 581 2561 scilicet
599 2534 694 2560 uxoris
719 2541 786 2566 suae,
815 2541 849 2561 ne
869 2533 926 2568 ipsa

140 2580 207 2606 illud
226 2580 351 2612 resciret,
373 2584 400 2607 et
413 2580 487 2615 quod
504 2587 558 2606 non
574 2579 669 2606 liceret
681 2579 733 2614 ipsi
750 2579 830 2606 aliam
856 2580 927 2606 ultra

140 2632 253 2651 uxorem
268 2631 345 2652 suam
362 2625 463 2653 ducere
481 2633 489 2652 :
505 2625 575 2660 quod
599 2632 660 2652 cum
680 2624 817 2658 fecissem,
831 2630 927 2660 postea

142 2669 291 2702 pcenitenia
314 2670 425 2702 ductus,
450 2670 536 2697 Deum
552 2670 630 2697 timui
646 2680 655 2697 ε
671 2670 743 2697 caede
760 2677 825 2704 ergo
840 2671 927 2704 ipsum

141 2713 238 2739 tollere
255 2714 296 2742 l'as
314 2715 379 2743 duxi
394 2723 401 2743 :
419 2715 589 2751 retinuitque
603 2715 720 2743 Basilius
734 2715 876 2750 imperium
899 2717 926 2743 in

141 2756 289 2785 Romanos.

195 2802 346 2837 Lhalifalus
367 2805 399 2832 ΑΙ
415 2805 532 2833 Molazzi
556 2811 579 2832 et
598 2806 750 2833 Almohladi
764 2811 789 2833 et
812 2814 873 2840 pars

361 2851 504 2885 chnlifalus
529 2853 712 2880 Almolamedr'.

179 2893 302 2922 Praciecit
313 2895 484 2923 Alllotazzus
503 2896 653 2924 Bacbacum
665 2896 782 2924 Turcam
795 2897 924 2933 Egypto,

972 2235 1053 2254 suum
1068 2225 1212 2253 constituit
1226 2221 1409 2251 Abdollahum
1423 2218 1480 2246 Ebn
1496 2219 1597 2252 Yahyre
1613 2218 1669 2244 Ebn
1687 2217 1761 2244 Cha-

972 2280 1034 2304 can,
1049 2271 1096 2306 qui
1118 2267 1304 2296 Motawacceli
1335 2265 1514 2294 consiliarius
1541 2263 1640 2290 fuerat.
1665 2263 1759 2289 Conti-

972 2317 1064 2346 nuatis
1081 2319 1171 2343 autem
1189 2313 1270 2341 bellis
1298 2316 1325 2340 et
1350 2311 1476 2339 dissidiis
1497 2310 1610 2336 turbatae
1631 2313 1696 2334 sunt
1717 2315 1760 2334 re-

973 2364 1066 2398 giones
1089 2365 1115 2388 et
1142 2358 1311 2394 provinciae;
1339 2361 1366 2384 et
1391 2357 1493 2391 ubique
1522 2361 1653 2382 terrarum
1682 2352 1759 2380 multi

974 2409 1026 2436 sibi
1045 2407 1189 2441 imperium
1205 2404 1402 2435 vindicarunt,
1431 2402 1499 2428 adeo
1523 2405 1552 2427 ut
1569 2405 1654 2426 totum
1675 2398 1761 2425 chali—

975 2454 1047 2480 fatus
1067 2452 1154 2486 ipsius
1178 2455 1285 2483 tempus
1315 2448 1438 2475 dissidiis
1462 2446 1602 2481 perpetuis
1630 2448 1657 2470 et
1682 2443 1760 2470 bellis

975 2496 1117 2526 continuis
1132 2494 1214 2530 468
1228 2495 1336 2529 plenum
1355 2492 1446 2519 fuerit.
1466 2491 1566 2517 Rerum
1580 2489 1761 2523 gerendarum

976 2550 1068 2571 curam
1093 2541 1186 2567 habuit
1204 2540 1262 2566 Abu
1285 2538 1387 2565 Ahmed
1402 2533 1576 2563 Almowall'ek
1593 2533 1696 2564 billahi,
1714 2533 1762 2558 Al—

978 2586 1152 2615 molamtnedi
1180 2585 1275 2611 frater.
1313 2581 1512 2610 Almotammed
1543 2587 1606 2605 vero
1637 2578 1762 2605 homines

977 2633 1033 2659 lilio
1056 2639 1106 2658 suo
1129 2631 1246 2661 laal'aro,
1279 2633 1307 2655 nt
1332 2626 1484 2655 successori
1512 2632 1563 2652 suo
1587 2624 1665 2650 iidem
1696 2622 1761 2648 dare

977 2677 1079 2710 adt-git,
1100 2675 1151 2709 ipsi
1178 2682 1277 2701 nomen
1302 2670 1497 2706 Almophawed
1524 2668 1649 2695 Allallahi
1675 2668 1762 2700 impo-

976 2729 1064 2752 ncus;
1081 2727 1113 2746 ac
1130 2723 1190 2754 post
1208 2726 1270 2746 eum
1287 2718 1345 2744 Abn
1361 2715 1475 2742 Ahmedi
1493 2713 1572 2740 Ebnil
1590 2710 1763 2739 Motawaccel

978 2765 1056 2792 fratri
1086 2753 1154 2797 suo;
1182 2771 1262 2797 quem
1290 2760 1463 2788 Altnowaﬂec
1491 2759 1585 2786 hillahi
1606 2753 1769 2792 appellavit.‘

978 2811 1037 2837 Abu
1054 2810 1157 2837 Ahmed
1176 2813 1266 2835 autem
1281 2808 1338 2841 ipse
1351 2807 1420 2834 bella
1433 2812 1539 2840 gerere,
1554 2808 1636 2838 atque
1653 2803 1680 2828 in
1698 2807 1763 2836 prec

979 2856 1083 2884 vincias
1109 2854 1255 2890 proﬁcisci,
1273 2860 1357 2887 seque
1381 2852 1454 2879 curis
1478 2858 1509 2878 ac
1532 2848 1670 2877 laboribus
1683 2853 1764 2874 exer-
