2014 3082
256 138 322 172 illi

975 141 1160 172 ANNALES.

1815 143 1882 174 illi

254 202 327 226 cere,
346 194 410 221 dum
429 194 630 222 Almotammed
652 194 840 229 voluptatibus
863 200 890 221 et
915 195 987 222 lusui
1003 195 1046 222 in-
1059 195 1084 224 Α
1099 195 1223 230 hylonica
1243 195 1316 222 mille
1326 195 1734 230 quadringentiquinquaginta.
1747 196 1768 222 A
1781 196 1882 224 Davide

254 240 396 274 dulgeret;
413 245 508 267 contra
523 247 603 275 quem
620 241 773 273 rebellavit,
793 241 910 273 Basorte,
926 241 968 268 Ali
982 242 1041 269 Ebn

255 285 445 318 Mohammed,
472 285 532 313 Ebn
550 286 666 320 Ahmcd,
696 286 753 313 Ebn
775 287 829 318 Ali,
857 287 914 313 Ebn
943 286 1041 320 Yazid,

258 330 317 357 Ebn
332 329 384 360 Ali.
403 329 500 357 Ebnol‘
521 329 635 363 llosain,
652 331 710 358 Ebn
727 331 780 364 Ali,
805 331 863 358 Ebn
881 331 932 359 Abi
947 331 1042 364 Talcb,

257 376 301 403 die
324 375 408 407 lunae,
426 375 534 403 duobus
551 380 614 404 ante
632 376 738 404 ﬁnitum
758 384 880 405 mensem
903 377 1044 405 Ramadan

254 421 373 454 diebus;
389 428 420 448 ac
445 421 523 449 casis
545 422 674 450 omnibus
702 423 812 451 Basorze
840 424 949 456 incolis,
976 432 1041 459 opes

257 467 380 502 ipsorum
398 467 525 501 diripuit,
549 469 679 497 mulieres
694 473 721 497 et
741 470 842 498 liberos
858 471 982 505 captivos
995 471 1042 497 ab-

257 513 346 545 duxit,
378 513 552 545 mulieribus,
578 515 683 548 pneris,
713 519 741 543 et
769 515 866 551 puellis
891 520 918 543 et
942 516 1042 551 opibus

258 557 376 584 Nabechi
400 559 515 586 arbitrio
543 560 697 594 permissis,
725 568 757 588 ac
782 564 890 588 vastata
921 561 1042 594 Basora,

258 603 398 630 territoria
414 607 441 631 et
461 604 579 633 ditiones
602 605 662 640 ejus
678 607 832 641 occupavit.
851 607 950 634 Contra
963 615 1043 642 quem

257 649 387 676 Basoram
415 649 552 685 protectus
578 655 620 679 est
637 652 696 680 Abu
720 653 822 680 Ahmed
851 653 1044 687 Ahnowail‘ec;

257 701 344 729 neque
364 695 436 722 inter
452 704 499 724 eos
515 697 583 724 bella
598 698 654 732 geri
676 698 821 726 desierunt
839 699 1046 733 quatuordecim

258 740 348 767 annis.
369 741 463 768 Caesus
487 747 528 769 est
545 747 635 770 autem
661 743 781 770 Alicnsis
806 743 857 771 iste
880 744 987 771 Basorae
1011 745 1047 771 ad

258 786 370 812 tluvium
395 787 446 814 Abi
474 787 586 823 Sofyan,
611 797 682 824 pone
707 789 819 816 ﬂuvium
844 789 906 817 Abil
928 790 1046 823 Chasib,

255 831 331 858 Illum
352 833 536 868 nempejuxta
552 842 633 869 quem
658 835 752 862 urbem
779 842 869 866 suam,
895 843 976 870 quam
1000 835 1047 863 Al-

258 878 418 905 mochtarah
430 880 570 911 vocitavit,
583 880 754 914 condiderat,
768 881 811 908 die
826 880 951 908 Mercurii
965 889 1049 916 prope

1093 241 1166 268 mille
1181 240 1309 275 nongenti
1324 240 1417 274 viginti
1430 245 1542 274 septem.
1555 241 1596 267 Ab
1607 241 1681 268 exitu
1695 240 1880 269 Israelitarum

1093 296 1126 314 ex
1154 287 1270 322 Egypto
1287 285 1330 313 bis
1355 286 1430 313 mille
1450 286 1591 320 quingenti
1621 287 1732 321 triginta
1758 292 1822 315 tres.
1842 289 1883 316 Ab

1093 332 1251 360 Abrahamo
1272 336 1312 360 ter
1337 332 1412 359 mille
1433 332 1624 366 quadraginta.
1650 334 1672 359 A
1698 333 1816 360 Pbaluko
1843 338 1884 360 tor

1095 379 1169 406 mille
1191 378 1334 413 quingenti
1361 378 1499 413 octoginta
1516 386 1598 406 unus.
1626 379 1646 404 A
1665 378 1769 406 diluvio
1787 384 1884 414 quater

1096 423 1169 451 inille
1189 427 1298 451 centum
1325 423 1480 449 duodecim.
1507 422 1547 449 Ab
1572 422 1676 449 Adamo
1702 424 1792 451 sexies
1813 423 1886 449 mille

1092 470 1207 496 trecenti
1227 468 1368 503 sexaginta
1384 472 1458 496 octo.
1474 468 1599 502 Cumque
1623 476 1711 495 annos
1732 468 1785 500 iam
1803 476 1885 496 sexa-

1093 514 1167 549 ginta
1198 519 1278 540 natus
1313 519 1397 544 esset.
1434 513 1602 541 constitutus
1637 512 1689 540 luit
1730 513 1886 548 patriarcha

1094 559 1310 591 Alexandrinus,
1335 564 1418 593 atque
1443 559 1518 586 Anba
1546 559 1696 594 Eutychins
1723 559 1886 593 appellatus.

1096 605 1200 631 Ahmed
1231 608 1320 631 autem
1350 605 1408 631 Ehn
1436 604 1535 638 Tolun,
1567 609 1648 639 capta
1678 604 1841 637 Antiochia,
1861 605 1887 631 in

1098 649 1247 685 Egyptum
1273 657 1403 678 reversus
1429 654 1489 682 est,
1514 650 1560 677 ubi
1589 650 1719 684 templum
1743 657 1890 677 commune

1096 695 1235 722 exstruxit
1261 695 1330 722 illud
1356 694 1427 729 quod
1450 696 1562 730 piscinae
1592 695 1726 726 imminet,
1758 702 1808 721 nec
1833 702 1888 721 non

1097 739 1301 768 Nosocomium.
1315 740 1442 768 Canalem
1467 741 1547 768 etiam
1566 741 1708 768 fabricavit
1725 741 1751 767 in
1764 747 1818 774 quo
1831 739 1890 767 ﬁuit

1098 794 1168 821 aqua
1190 794 1204 813 a
1231 786 1335 821 piscina
1351 794 1412 822 qua:
1434 786 1577 814 Alllabash
1597 785 1820 822 [Abyssinarum]
1840 793 1889 820 ap-

1102 833 1220 867 pellatur
1237 832 1270 859 ad
1292 832 1445 867 Amaaphe.
1463 832 1559 860 Morbo
1575 837 1666 860 antem
1689 836 1841 866 correptus,
1857 839 1890 858 co

1100 885 1156 912 quo
1184 882 1309 905 mortuus
1330 883 1390 910 est,
1415 878 1542 905 videlicet
1568 878 1621 905 alvi
1647 877 1791 912 proﬂuvio,
1805 878 1891 910 jussit

258 930 411 956 vesperam,
429 924 531 952 mensis
550 925 630 952 Safar
642 929 752 960 quarto,
772 933 844 953 anno
861 926 1050 954 ducentesimo
1100 922 1278 958 E73'475
1310 923 1488 951 Mosleminos
1518 930 1573 950 tum
1593 923 1767 950 Christianos
1789 927 1815 950 et
1841 922 1890 949 Ju-

259 969 473 1004 septuagesimo.
490 970 588 1009 Totutn
613 975 704 999 autem
730 975 838 1006 tempus
862 979 894 999 ex
916 980 983 1006 quo,
1009 972 1051 999 in-
1100 968 1183 1000 deos,
1216 973 1310 996 monte
1335 969 1381 1004 qui
1413 968 1596 996 Almokattam
1631 968 1792 1003 appellatur,
1820 975 1889 995 con-

259 1018 391 1048 surgente
407 1015 477 1049 ipso,
495 1011 614 1043 erectum
639 1021 682 1045 est
708 1017 838 1044 vexillum
855 1016 941 1052 ipsius
965 1025 1052 1052 usque
1101 1021 1211 1046 scenso,
1225 1021 1320 1048 preces
1336 1022 1384 1048 pro
1400 1015 1460 1049 ipso
1477 1015 1593 1042 fundere
1607 1022 1614 1041 :
1628 1014 1702 1048 quod
1714 1019 1740 1041 et
1753 1013 1890 1046 fecerunt,

257 1061 289 1086 ad
305 1060 485 1097 469-571
503 1062 574 1089 diem
601 1070 656 1097 quo
683 1063 793 1091 occisus
819 1067 873 1096 est,
901 1063 965 1090 anni
988 1068 1053 1091 sunt
1103 1062 1222 1085 montem
1251 1058 1277 1085 in
1309 1059 1412 1086 classes
1437 1066 1504 1086 suas
1530 1058 1671 1086 distributi
1699 1058 1890 1088 ascendentes,

258 1107 481 1140 quatuordecim,
499 1112 617 1142 quatuor
633 1117 742 1137 menses
765 1113 793 1136 et
812 1117 859 1137 sex
885 1109 953 1137 dies.
979 1109 1050 1143 Quin

258 1157 285 1179 et
307 1153 411 1181 Ahmcd
427 1153 483 1180 Ebn
497 1154 585 1182 Tolun
603 1154 752 1190 Egyptum
775 1159 802 1183 et
826 1155 988 1182 Damascum
1005 1163 1053 1182 oc-

260 1197 382 1230 cupavit,
400 1201 478 1232 capta
493 1199 574 1224 etiam
588 1199 744 1232 Antiochia,
761 1207 775 1226 a
791 1208 846 1235 quo
859 1200 987 1228 detentus
1001 1200 1051 1228 fuit

259 1243 363 1271 Ahmed
378 1244 554 1273 Almowaﬂ‘ec
570 1246 671 1274 bellum
685 1251 782 1274 contra
794 1247 929 1275 Aliensem
941 1248 1051 1276 Basorac

260 1289 390 1322 gerendo.
423 1291 504 1318 Anno
534 1291 682 1320 chalil‘atus
715 1293 930 1322 Almotammedi
963 1294 1053 1329 primo

259 1336 426 1364 constitutus
442 1342 486 1365 est
502 1337 659 1373 Stephanus
677 1339 834 1373 patriarcha
847 1339 1049 1373 Antiochenus,

259 1381 306 1414 qui
327 1388 381 1408 uno
400 1385 505 1408 tantum
521 1383 567 1410 die
594 1383 676 1415 sedit,
702 1384 797 1411 eodem
821 1388 848 1411 et
875 1390 1053 1413 consecratus

260 1430 286 1451 et
304 1432 441 1459 mortuus,
463 1429 617 1455 constituto
639 1432 700 1462 post
716 1429 808 1463 ipsum
825 1430 936 1457 Taduso
952 1430 1053 1458 ibidem

261 1472 431 1505 patriarcha,
454 1473 501 1507 qui
519 1481 606 1501 annos
630 1474 725 1509 viginti
749 1476 830 1509 sedit,
847 1476 910 1503 dein
927 1481 1052 1504 mortuus

1101 1108 1184 1138 atque
1201 1111 1252 1138 pro
1267 1111 1300 1131 eo
1318 1108 1442 1132 orantes.
1468 1104 1592 1131 Mortuus
1616 1108 1658 1132 est
1687 1108 1777 1131 autem
1796 1103 1892 1130 morbo

1102 1149 1155 1176 isto
1171 1149 1216 1176 die
1239 1149 1382 1177 Dominico
1410 1151 1520 1179 decimo
1544 1156 1608 1179 ante
1635 1150 1740 1178 ﬁnitum
1769 1157 1891 1176 mensem

1100 1193 1231 1221 Dilkaada
1259 1202 1333 1221 anno
1349 1196 1540 1223 ducentesimo
1565 1194 1778 1230 septuagesimo.
1795 1193 1892 1228 Sepul-

1101 1244 1199 1273 tusque
1215 1243 1257 1267 est
1274 1240 1300 1267 in
1314 1240 1509 1268 Almokattam.

1136 1285 1339 1314 Convenientes
1358 1294 1423 1321 ergo
1442 1288 1538 1319 duces.
1563 1287 1619 1314 tilio
1634 1287 1720 1322 ipsius
1739 1286 1892 1319 AlAbbaso,

1101 1332 1148 1366 qui
1168 1336 1232 1358 natu
1257 1332 1395 1359 maximus
1423 1333 1484 1364 fuit,
1508 1333 1611 1365 occiso,
1636 1332 1688 1359 sibi
1704 1332 1788 1358 ﬁlium
1807 1331 1894 1366 ipsius

1101 1381 1168 1403 natu
1185 1377 1318 1404 minorem
1338 1378 1594 1405 Chamarawaihum
1621 1377 1678 1404 Ebn
1705 1376 1810 1403 Ahmed
1835 1375 1893 1403 Ebn

1103 1421 1189 1448 Tolun
1212 1423 1406 1456 praefecerunt.
1432 1431 1520 1451 annos
1545 1423 1691 1450 habentem
1714 1422 1822 1456 viginti.
1846 1421 1894 1448 llic

1105 1474 1167 1494 cttm
1186 1468 1213 1494 in
1228 1467 1335 1503 Syriam
1351 1468 1548 1496 Damascenam
1561 1468 1655 1503 copias
1667 1468 1799 1498 duxisset,
1812 1472 1895 1501 atque

261 1521 313 1542 est.
333 1518 413 1544 Anno
439 1518 587 1549 chamaws
615 1520 738 1553 ejusdem
758 1521 866 1548 decimo
884 1522 1052 1549 ροηειίιηιυε
1066 1527 1088 1557 c
1106 1513 1131 1539 in
1148 1520 1294 1540 occursum
1321 1513 1373 1546 ipsi
1399 1513 1546 1547 prodiisset
1570 1513 1631 1540 Abu
1649 1513 1781 1540 AlAbbas
1806 1512 1894 1539 Ebnol

259 1567 302 1589 est
327 1562 412 1594 Elias,
437 1563 558 1592 Mansuri
588 1566 645 1601 (qui
675 1566 844 1594 Mosleminis
862 1567 891 1594 in
920 1568 1053 1603 capienda

264 1605 396 1633 Damasco
412 1614 491 1641 opem
518 1609 591 1640 tulit,
609 1609 725 1645 ideoque
748 1618 796 1645 per
810 1615 896 1639 totum
920 1613 1053 1640 mundum

262 1652 329 1680 diris
356 1655 477 1680 devotus
496 1654 550 1690 est)
570 1655 653 1688 ﬁlius,
674 1656 829 1690 patriarcha
853 1656 1051 1694 Hierosolymi-

263 1703 360 1730 tanus;
384 1699 429 1726 ubi
460 1706 522 1726 cum
549 1707 637 1728 annos
667 1701 762 1734 viginti
788 1709 884 1729 novem
918 1704 1054 1736 sedisset,

263 1750 387 1773 mortuus
404 1750 457 1773 est.
476 1745 562 1774 Porro
574 1747 641 1774 obiit
657 1747 770 1775 Michael
782 1747 887 1776 Bicami
904 1749 987 1783 ﬁlius,
1006 1758 1056 1784 pa-

265 1792 384 1819 triarcha
403 1792 608 1821 Alexandrinus
629 1801 702 1821 anno
714 1794 905 1822 ducentesimo
918 1795 1056 1830 quinqua-

263 1838 370 1870 gesimo
389 1842 480 1871 sexto,
508 1844 591 1874 atque
613 1839 641 1866 in
661 1839 728 1866 urbe
745 1838 836 1866 Burab
863 1840 986 1874 sepultus
1001 1846 1054 1868 est.

260 1882 438 1911 Constitutus
464 1889 505 1912 est
524 1888 587 1919 post
609 1884 699 1917 ipsum
725 1883 840 1911 Michael
865 1885 976 1913 natione
999 1885 1056 1914 Ro-

264 1934 363 1954 manus
385 1928 443 1962 (vel
472 1928 625 1955 secundum
644 1928 717 1955 aliud
737 1929 878 1963 exemplar
903 1929 1055 1965 Azzensis)

263 1972 418 2007 patriarcha
431 1973 645 2006 Alexandrinus,
658 1983 731 2002 anno
747 1975 893 2003 chalifatus
905 1976 1054 2003 Almotam-

265 2018 336 2045 medi
351 2019 444 2050 tertio,
462 2020 508 2053 qui
527 2023 569 2047 est
585 2019 792 2048 ducentesimus
808 2022 1055 2056 quinquagesimus

263 2068 377 2091 octavus
394 2072 401 2090 :
420 2072 508 2091 annos
526 2065 638 2099 triginta
657 2069 777 2100 quatuor
793 2067 873 2099 sedit,
897 2068 960 2095 dein
976 2069 1054 2100 obiit,

265 2109 391 2136 ridelict-t
413 2117 486 2137 anno
503 2110 693 2138 ducentesimo
717 2113 896 2147 nonagesimo
922 2114 1054 2145 secundo,

263 2159 345 2188 atque
361 2155 532 2185 Alexandria
545 2156 681 2191 sepultus.

1104 1557 1268 1590 Mowalleki,
1288 1558 1467 1586 commissum
1484 1563 1526 1586 est
1550 1558 1620 1585 inter
1634 1558 1708 1593 ipsos
1724 1559 1848 1593 praelium
1866 1558 1893 1585 in

1103 1603 1295 1631 AlT'aw;uhaiu
1320 1611 1335 1631 e
1358 1604 1463 1631 ditione
1489 1604 1653 1636 Palmstinae,
1678 1604 1723 1631 ubi
1749 1604 1775 1631 in
1803 1604 1893 1636 rugam

1104 1657 1199 1677 versus
1224 1649 1467 1677 Chamarawaibus
1494 1650 1553 1677 Ebn
1581 1650 1689 1677 Ahmed
1715 1650 1774 1677 Ebn
1802 1649 1893 1677 Tolun

1105 1695 1181 1723 solus
1199 1695 1224 1722 in
1242 1695 1388 1731 Egyptum
1416 1703 1543 1723 reversus
1570 1699 1630 1729 est,
1659 1695 1770 1723 lassatis
1796 1696 1824 1723 in
1850 1697 1892 1722 via

1106 1741 1228 1776 quinqtte
1254 1741 1401 1775 jumentis,
1432 1749 1528 1777 magna
1553 1745 1646 1770 autem
1670 1741 1809 1770 sociorqu
1834 1742 1894 1774 ejus

1106 1791 1213 1821 strages
1227 1787 1300 1814 edita
1316 1791 1369 1819 est,
1383 1787 1470 1822 potito
1484 1787 1554 1814 Abul
1567 1787 1677 1814 Abbaso
1693 1786 1821 1813 omnibus
1834 1793 1894 1819 quae

1105 1833 1239 1860 exercitui
1256 1833 1316 1867 ejus
1342 1833 1464 1860 fuerunt.
1489 1832 1612 1860 Fuerunt
1633 1835 1724 1859 autem
1746 1832 1895 1858 Chamara-

1107 1878 1196 1905 waiho
1211 1878 1311 1905 milites
1337 1878 1364 1904 in
1392 1877 1500 1905 insidiis
1523 1877 1604 1912 positi
1623 1877 1670 1911 qui
1689 1876 1759 1911 fugat
1779 1882 1895 1904 Caetero-

1106 1932 1167 1951 rum
1183 1924 1268 1951 nescii
1281 1928 1369 1951 erant.
1390 1923 1493 1951 Horum
1510 1924 1555 1951 ubi
1572 1923 1649 1958 signa
1662 1927 1847 1958 apparuerunt
1860 1923 1894 1950 iis

1106 1971 1264 2005 conspectis
1278 1970 1349 1998 Abul
1370 1970 1462 1998 Abbas
1479 1975 1504 1997 et
1521 1970 1606 2004 ipsius
1621 1971 1747 2001 comites,
1765 1969 1894 1996 omnibus

1107 2024 1168 2051 quae
1187 2016 1329 2044 consecuti
1351 2016 1460 2043 fuerant
1477 2016 1591 2048 relictis,
1617 2016 1645 2043 in
1661 2016 1751 2050 fugam
1769 2022 1799 2042 se
1814 2015 1895 2042 dede-

1106 2068 1169 2090 runt
1197 2067 1278 2098 atque
1307 2064 1376 2091 inter
1399 2063 1560 2097 fugiendqu
1588 2062 1665 2089 tnulti
1690 2068 1724 2089 ex
1749 2061 1783 2088 iis
1808 2061 1892 2088 caesi:

1105 2117 1191 2142 quare
1208 2109 1388 2136 redeuntibus
1413 2107 1635 2136 Chamarawaihi
1662 2106 1747 2135 sociis
1773 2106 1894 2134 collectas

1108 2159 1173 2181 sunt
1188 2155 1250 2181 item
1267 2155 1352 2189 copiae
1367 2159 1449 2189 atque
1476 2155 1502 2182 in
1522 2154 1669 2189 Egyptum
1688 2161 1814 2184 reversae,
1831 2160 1892 2180 cum

299 2199 424 2228 Mortuus
444 2205 486 2228 est
511 2201 593 2228 etiam
614 2200 732 2228 Basilius
760 2201 944 2230 Romanorum
968 2204 1051 2238 intpe-
1071 2191 1094 2220 D
1108 2199 1336 2227 Chamarawaiho
1358 2200 1553 2228 substiterunt.
1578 2200 1671 2227 Rediit
1691 2199 1775 2235 476
1802 2203 1893 2226 autem

267 2250 351 2278 rator,
368 2246 533 2274 surcedente
552 2247 601 2281 ipsi
623 2246 680 2274 ﬁlio
710 2247 796 2281 ipsius
818 2247 917 2280 Leone,
942 2250 988 2283 qui
1013 2258 1057 2276 sa-

268 2290 344 2325 piens
369 2292 420 2319 l’uit
436 2295 464 2319 et
485 2293 677 2327 philosophus.
703 2293 790 2320 Porro
818 2302 890 2321 anno
909 2294 1056 2322 chalifatus

267 2337 475 2366 Almotammedi
493 2343 600 2370 octavo,
628 2343 712 2366 natus
736 2343 779 2366 est
802 2338 884 2374 472
908 2339 972 2367 Said
998 2341 1055 2367 Ebn

265 2383 370 2416 Batrik,
386 2384 520 2415 medicus,
536 2384 581 2411 die
596 2383 747 2411 Dominico.
763 2386 845 2411 tertio
862 2391 926 2412 ante
947 2386 1054 2412 ﬁnitum

268 2437 388 2456 mensem
408 2429 449 2456 Dii
463 2429 548 2463 Hajjm
561 2436 634 2457 anno
647 2429 758 2466 [Hejrae]
772 2430 961 2458 ducentesimo
975 2439 1053 2458 sexa-

265 2474 368 2508 gesimo
384 2474 465 2502 tertio
481 2474 580 2502 lunari.
603 2475 644 2502 Ab
661 2474 738 2510 Hejra
755 2475 838 2509 igitur
854 2476 889 2503 ad
901 2477 986 2511 ipsius
1004 2485 1053 2504 na-

266 2520 348 2546 talem
377 2520 441 2547 anni
473 2524 539 2547 sunt
567 2520 679 2547 ducenti
710 2521 909 2556 quinquaginta
938 2527 1052 2554 quatuor

266 2565 371 2591 solares
388 2565 433 2600 (iis
457 2569 546 2591 autern
569 2564 596 2591 in
614 2565 729 2592 historia
744 2570 868 2600 tempora
887 2568 1050 2601 computat).

266 2608 288 2635 A
305 2607 474 2635 Diocletiano
491 2616 556 2636 vero
574 2608 607 2636 ad
631 2609 754 2644 ejusdem
772 2611 846 2638 Saidi
868 2611 926 2638 Ebn
949 2611 1051 2639 Batriki

268 2653 365 2680 ntedici
385 2654 499 2681 natalem
515 2654 578 2681 anni
603 2655 743 2690 quingenti
760 2656 900 2690 sexaginta
924 2663 986 2684 octo
1003 2657 1056 2692 (vel

267 2699 419 2726 secundum
456 2699 528 2726 aliud
559 2701 702 2735 exemplar
738 2701 880 2736 quingenti
910 2703 1057 2737 nonaginta

268 2743 348 2779 duo).
368 2745 390 2770 Δ
405 2745 520 2772 Domino
539 2750 636 2773 nostro
659 2746 725 2774 Jesu
749 2746 858 2775 Christo
873 2750 906 2774 ad
929 2748 1055 2775 eumdem

267 2795 363 2817 natnnt
393 2792 541 2826 octingenti
568 2792 710 2826 sexaginta
738 2796 810 2820 octo.
833 2793 874 2820 Ab
901 2793 1056 2820 Alexandro

268 2835 343 2862 inille
371 2842 480 2863 ct-ntnm
502 2837 639 2866 octoginta
663 2845 771 2865 novem.
791 2838 812 2864 A
827 2839 985 2869 captivitate
1003 2838 1051 2865 Ba-

1106 2245 1177 2272 Abul
1195 2245 1288 2272 Abbas
1309 2245 1468 2280 Bagdadum
1483 2245 1606 2281 l‘ugiens,
1623 2251 1705 2280 atque
1721 2253 1736 2272 a
1753 2250 1830 2280 patre
1843 2253 1894 2272 suo

1105 2291 1300 2318 Almowaﬂeko
1320 2291 1353 2318 ob
1380 2291 1449 2318 illud
1475 2293 1547 2326 quod
1573 2292 1674 2319 fecerat
1693 2292 1820 2326 culpatus
1839 2296 1892 2318 est.

1105 2336 1193 2364 Fuere
1208 2341 1297 2363 autem
1313 2336 1538 2364 Chamarawaiho
1554 2338 1680 2364 Damasci
1690 2338 1776 2373 copias
1791 2338 1892 2364 multae.

1106 2382 1192 2409 Porro
1204 2390 1278 2409 anno
1288 2382 1434 2410 chalifatus
1445 2381 1654 2410 Allilotatnntedi
1664 2383 1773 2410 decimo
1784 2387 1892 2415 octavo,

1107 2429 1151 2463 qui
1166 2428 1253 2462 Hejrae
1265 2429 1473 2456 ducentesimus
1487 2429 1708 2464 septuagesimns
1720 2428 1781 2462 fuit,
1795 2429 1895 2456 accidit

1107 2475 1134 2501 in
1152 2474 1271 2509 Egypto
1299 2478 1378 2502 terrae
1405 2479 1496 2503 motus
1521 2475 1628 2510 ingens.
1655 2475 1723 2502 adeo
1749 2480 1779 2502 ut
1803 2475 1894 2502 multa:

1106 2525 1267 2548 corruerent
1290 2520 1372 2554 aedes,
1399 2526 1426 2548 ct
1452 2529 1548 2556 magna
1576 2521 1716 2548 hominum
1745 2521 1895 2548 multitudo

1107 2566 1218 2600 periret.
1250 2566 1349 2593 Eodem
1387 2573 1459 2593 anno
1493 2567 1566 2594 venit
1603 2566 1733 2594 l‘rumenti
1764 2574 1893 2594 mensura

1107 2611 1225 2647 [Macuc]
1244 2619 1356 2638 nunnno
1378 2618 1473 2643 aureo,
1500 2611 1654 2645 mortuique
1674 2615 1738 2638 sunt
1767 2611 1894 2637 homines

1108 2658 1179 2684 tame
1195 2665 1249 2691 pra:
1269 2664 1386 2684 annonae
1403 2657 1529 2687 caritate,
1544 2657 1613 2684 adeo
1630 2661 1659 2684 ut
1675 2656 1723 2683 lini
1741 2664 1832 2684 semen
1849 2665 1894 2683 co-

1107 2701 1266 2734 medcrcnt,
1290 2701 1523 2736 itnplerenturque
1540 2701 1621 2730 Mesri
1643 2701 1738 2736 plateae
1765 2702 1892 2734 mortuis,

1106 2755 1175 2782 quos
1188 2747 1300 2774 camelis
1321 2746 1483 2776 avehebant.
1507 2750 1569 2774 octo
1586 2746 1701 2781 singulis
1718 2747 1829 2774 camelis
1843 2746 1893 2772 im-

1107 2793 1222 2827 positos,
1238 2799 1391 2827 magnaque
1409 2791 1475 2826 ipsis
1490 2791 1567 2819 fovea
1581 2791 1680 2820 eﬂossa
1696 2792 1722 2819 in
1746 2792 1831 2827 ipsam
1846 2798 1893 2817 eos

1107 2838 1284 2869 conLiccrcnt.
1301 2839 1314 2865 'l
1326 2845 1369 2864 um
1387 2837 1593 2865 Chamorawaih
1614 2838 1707 2865 audito
1721 2838 1892 2866 illohamntc-
