2014 3082
140 117 207 152 3143

647 127 827 158 EU'l'Ytlllll
851 130 1116 163 ALEXANDRINI
1134 136 1242 165 ΡΑἸἪ.

1689 134 1762 170 litt

137 177 197 202 dem
216 176 272 202 libn
291 176 393 204 Diudad
418 180 473 214 (qui
500 180 570 207 idem
597 181 704 217 Abalsaj
733 184 844 219 dicitur)
873 185 908 211 lia

978 188 1057 216 waihi
1074 190 1154 222 illius,
1171 192 1216 226 qui
1234 191 1366 220 Damasco
1391 193 1417 220 in
1442 193 1588 229 Egyptum
1613 201 1739 221 reversus
1753 212 1760 223 ι

137 228 259 248 Inascum
287 228 349 248 cum
378 225 496 250 exercitu
522 226 616 260 grandi
642 228 810 260 pervenisse,
838 230 924 262 copiis

135 267 194 294 suis
211 267 335 295 collectis
352 268 460 295 obviam
483 270 534 304 ipsi
553 271 692 305 proiectus
710 277 770 306 est,
796 275 923 302 commis-

135 320 250 346 sumque
263 317 305 339 est
319 313 388 340 inter
404 315 476 349 ipsos
499 317 620 349 praelium
647 325 729 352 grave
757 319 818 346 loco
845 320 919 346 dicto

136 355 262 389 Bathnia,
280 358 391 385 ditionis
411 359 602 394 Damascenaz;
621 364 743 397 atquein
767 364 857 399 fugam
877 365 924 392 da-

135 406 180 429 tus
193 401 364 430 Mobammed
382 404 468 432 Elmol
486 406 603 440 Diudad,
628 409 706 437 ca‘sis
730 410 815 444 ipsius
836 412 923 439 comi-

134 447 219 478 tibus,
237 455 353 481 quorum
379 450 501 486 plerique
518 454 695 480 securitatem
712 455 849 489 petierunt
863 465 923 491 per-

133 493 257 527 rexitque
270 493 476 524 Cbamarawaih
499 498 587 525 donec
603 499 636 526 ad
653 499 815 534 Euphratem
829 511 922 536 perve-

132 539 215 571 niret,
233 540 407 576 ingressique
433 548 497 570 sunt
523 544 637 571 comites
657 545 740 579 ipsius
757 546 920 581 Alﬂaecam,

132 584 160 610 iu
177 585 272 612 eadem
289 594 411 615 ementes
427 596 460 616 ac
476 591 635 623 rendeutcs,
650 591 716 619 adeo
731 598 760 620 ut
771 594 804 619 ab
818 601 851 620 co
866 602 919 621 me-

132 635 220 656 tuerct
234 631 423 660 Almowail'ek.
443 635 580 662 Reversus
597 641 638 664 est
659 642 749 665 autem
772 638 920 665 Chomara-

130 676 237 703 waibus
263 678 289 705 in
314 678 476 714 (Emptum,
502 682 645 716 imperium
660 683 716 717 jam
735 683 864 711 obtinens
887 685 920 710 ab

136 721 275 755 Euphrate
306 732 395 760 usque
412 727 445 753 ad
467 727 605 758 regionem
629 727 735 761 Nubiae,
756 729 784 756 in
806 730 922 765 singulis

129 768 312 805 4.77-5.79
329 772 478 805 provinciis
497 773 656 807 deputatum
669 782 683 801 e
699 776 846 803 comitibus
859 776 917 803 suis

129 816 248 849 aliquem
279 817 468 850 constituens;
510 818 591 853 idque
622 827 694 847 anno
729 821 917 848 ducentesimo

129 863 334 896 septuagesimo
347 868 433 890 sexto.
446 864 520 891 Obiit
533 869 623 892 autem
636 867 813 894 Almowat‘fek
824 875 917 895 mense

129 907 220 939 Safar,
250 915 323 935 anno
355 909 545 937 ducentesian
574 913 777 946 septuagesimo
808 918 916 945 octavo,

128 954 203 980 vices
218 961 264 980 eas
280 953 426 989 supplente
444 955 498 982 lilio
522 956 608 990 ipsius
632 957 703 984 Abul
727 958 846 990 Abbaso,
871 959 917 993 qui

127 1007 155 1027 et
170 1001 197 1035 in
209 1001 341 1028 cbalifatu
365 1010 513 1030 successor
527 1006 702 1032 renuntiatus
718 1010 771 1038 est,
791 1006 918 1032 abdicato

128 1043 234 1073 laafaro
253 1046 339 1074 Ebnol
355 1048 519 1076 Motammed
537 1056 568 1076 ea
588 1049 729 1083 dignitate.
747 1050 837 1077 liebus
852 1058 917 1084 ergo

128 1091 255 1125 gerendis
268 1093 412 1127 praefectus
424 1099 466 1121 est
476 1095 546 1122 Abul
561 1095 654 1122 Abbas
668 1095 753 1122 Ebnol
766 1096 916 1129 Mowaﬂ'ek,

129 1143 210 1171 atque
238 1139 390 1172 appellatus
415 1139 588 1167 AiMotadad.
620 1141 749 1175 Obiitque
775 1141 917 1169 AlMotam-

129 1183 189 1210 med
206 1182 325 1216 Bagdadi
342 1185 387 1212 die
401 1185 554 1217 Dominico,
575 1187 720 1213 undecimo
733 1192 797 1213 ante
811 1188 916 1215 iinitum

129 1237 252 1256 mensem
279 1229 384 1264 Rajeb,
411 1239 483 1258 attito
510 1232 697 1260 ducentesimo
717 1235 918 1268 septuagesimo

127 1282 211 1302 nouo.
229 1275 291 1302 Fuit
307 1276 453 1303 chalifatus
470 1277 554 1311 ipsius
570 1285 704 1305 annorum
722 1279 818 1312 viginti
833 1280 916 1306 trium

129 1327 156 1348 et
181 1330 227 1349 sex
257 1323 374 1350 dierum.
399 1324 560 1357 Annorum,
591 1333 653 1352 cum
680 1331 843 1359 moreretur,
868 1325 920 1352 fuit

128 1367 312 1402 quadraginta
327 1376 374 1396 sex
393 1377 400 1395 ε
417 1375 596 1405 portatusque
609 1370 856 1403 Sarramauraiam,
881 1372 918 1399 ibi

127 1414 251 1448 sepultus
271 1419 322 1442 est.

339 1461 490 1495 Clrali/atus
506 1464 539 1490 Al
553 1463 698 1490 Moladedi.

163 1504 340 1540 lnauguratus
363 1513 404 1535 est
420 1509 453 1535 Al
472 1508 593 1536 Motadetl
618 1509 710 1536 billabi
738 1510 808 1537 Abul
824 1510 914 1538 Abbas
928 1499 950 1527 θ

126 1551 184 1587 (qui
209 1552 280 1579 idem
306 1553 411 1581 Ahmed
441 1555 499 1581 Ebn
526 1555 575 1582 Abi
606 1555 708 1582 Aluued
727 1555 758 1582 Al
775 1555 915 1583 Mowaﬂ‘ek

125 1598 215 1626 billaci
232 1599 288 1626 Ebu
305 1599 397 1627 Jaafar
408 1600 622 1628 Almotawachcl
635 1601 753 1632 alallabi.
768 1602 811 1628 cui
830 1607 917 1629 mater

127 1642 284 1669 concubina
302 1643 352 1669 fuit
368 1645 478 1670 nomine
493 1644 588 1678 Darar)
601 1645 697 1672 eodem
712 1646 767 1677 die,
779 1653 833 1680 quo
848 1646 913 1672 obiit

128 1689 159 1714 Al
180 1688 344 1715 Motaunued
360 1709 367 1720 ,
397 1689 543 1716 undecimo
569 1697 632 1718 ante
663 1692 769 1718 [initum
795 1699 914 1719 mensem

128 1735 223 1768 liajeb,
239 1734 426 1761 ducentesimo
442 1736 643 1768 septuagesimo
657 1744 740 1767 nono.
757 1743 914 1766 cessarunt-

127 1787 179 1813 que
195 1779 267 1811 lites,
285 1786 317 1806 ac
331 1787 382 1814 pax
400 1779 426 1806 in
444 1780 594 1814 provinciis
621 1781 691 1808 facta
709 1786 750 1808 est
765 1802 772 1813 .
798 1784 913 1812 sublatis

129 1825 219 1858 bellis,
237 1831 388 1859 pacemque
403 1826 583 1859 amplectente
599 1827 673 1853 omni
690 1827 799 1860 rebelle,
819 1832 846 1855 et
865 1830 911 1855 vili

127 1871 215 1905 pretio
229 1870 358 1905 exposita
383 1876 449 1898 sunt
465 1879 509 1899 res
526 1872 647 1900 venales.
663 1873 790 1908 Misitque
811 1875 842 1901 Al
860 1875 915 1901 Μο-

127 1916 206 1943 ι.η]ε‹1
221 1916 304 1952 ιεο
318 1917 350 1944 ad
367 1917 626 1944 Chamarawaibnm
651 1918 708 1945 Ebn
734 1920 838 1947 Alnued
858 1920 914 1947 Ebu

126 1962 227 1994 Tolun,
245 1963 327 1989 filiam
353 1963 440 1997 ipsius
455 1964 506 1990 s‘bi
532 1964 558 1990 in
577 1971 688 1990 uxorem
704 1969 811 1998 petens,
831 1973 912 1999 quam

127 2010 178 2043 ipsi
195 2009 349 2036 concedens
366 2009 574 2037 Chatuarawaih
593 2012 626 2037 ad
647 2011 736 2044 ipsum
750 2019 809 2038 eam
828 2011 914 2038 dedu-

127 2055 240 2088 cendam
256 2055 373 2088 curavit,
402 2055 555 2090 multasque
575 2057 655 2083 simul
677 2064 758 2090 opes.
777 2065 870 2085 serros
888 2063 914 2085 et

127 2100 239 2128 ancillas
251 2109 259 2133 ;
270 2105 351 2135 atque
365 2100 400 2126 ita
417 2109 480 2135 pace
496 2102 652 2136 interlipsos
670 2102 739 2129 facta
755 2103 781 2129 in
792 2104 913 2130 ordinem

974 242 1036 262 cum
1053 236 1088 263 ibi
1104 241 1167 263 octo
1183 245 1291 265 menses
1307 239 1430 272 sedisset,
1449 240 1564 266 turbatis
1579 240 1649 266 inter
1667 240 1759 273 ipuun

974 288 1005 307 ac
1019 281 1102 308 duces
1126 283 1218 313 rebus.
1235 283 1323 317 ipsum
1344 284 1432 312 adorti
1459 285 1643 316 trucidarunt,
1664 285 1761 316 pia-fc-

972 332 1086 362 ctusque
1099 332 1141 354 est
1156 328 1215 362 ejus
1231 328 1291 356 loco
1308 329 1391 357 frater
1408 330 1495 364 ipsius
1506 329 1596 362 llarun
1614 329 1671 356 Ebu
1687 329 1761 355 (Sha-

973 375 1146 407 marawaihi,
1168 383 1255 402 annos
1270 381 1350 403 natus
1368 376 1481 408 decem;
1498 377 1578 410 idque
1595 384 1688 402 Iliense
1708 374 1762 400 lia-

970 419 1016 453 jeb
1031 427 1103 446 anno
1127 421 1314 448 ducentesimo
1332 423 1499 456 octogesimo
1527 423 1617 448 tertio.
1639 421 1710 453 Quin
1733 425 1761 447 et

972 465 1078 492 litteras
1092 466 1125 492 ad
1143 466 1279 494 Haruuem
1297 468 1371 494 dedit
1385 467 1563 502 ἔδει-483
1579 467 1608 492 ΑΙ
1626 466 1760 496 Muta-ed,

971 512 1070 544 quibus
1094 513 1145 546 ipsi
1160 513 1269 548 Egypti
1296 513 1484 547 praefecturam
1509 513 1635 540 contulit.
1663 512 1757 539 Rebus

971 558 1038 591 ipsis
1056 558 1281 585 administrandis
1303 559 1410 593 praefuit
1425 559 1485 585 Abu
1503 558 1606 590 Jaal‘ar,
1629 558 1685 584 ΕΙιιι
1700 557 1759 584 Mo-

972 603 1108 634 bammed,
1127 603 1184 630 Ebn
1200 604 1274 636 Abte,
1291 604 1390 631 Turea.
1405 605 1492 631 Porro
1519 605 1617 630 mirum
1636 603 1700 638 quid
1725 605 1751 630 in

971 649 1087 684 Egypto
1119 650 1232 683 contigit
1259 651 1303 676 die
1334 649 1410 677 Jovis
1433 650 1540 676 duobus
1567 654 1629 676 ante
1654 649 1758 675 [initum

971 703 1090 721 Incusent
1105 696 1217 722 liabiam
1231 696 1346 729 priorem
1361 696 1468 726 diebus,
1478 695 1524 729 qui
1538 695 1758 722 ChristianOrum

970 740 1069 766 festum
1085 745 1143 767 erat
1157 741 1228 775 quod
1241 741 1276 767 ob
1294 747 1437 767 ascensum
1454 741 1558 767 Domini
1575 741 1658 767 nostri
1672 740 1754 766 Cbri~

974 786 1006 813 sti
1027 786 1053 812 in
1069 787 1153 813 caelos
1170 787 1308 813 celebrant
1321 807 1328 818 ,
1345 795 1416 813 anno
1435 787 1623 814 ducentesimo
1641 790 1753 821 oetogc-

971 833 1042 858 simo
1058 837 1166 865 quarto.
1183 832 1324 859 Flantibus
1341 833 1428 860 ventis
1446 833 1594 860 admodum
1610 833 1757 859 vebvmeu—

969 879 1041 905 tibus
1064 886 1079 905 a
1102 886 1214 912 vespera
1239 887 1325 913 usque
1350 880 1383 906 ad
1410 880 1526 907 mediam
1544 884 1669 910 noctem,
1686 878 1758 904 circa

969 923 1084 950 mediam
1110 927 1217 949 nectent
1242 924 1320 950 faela‘
1338 929 1400 951 sunt
1417 925 1534 951 tenebrae
1550 923 1627 950 valde
1651 931 1760 956 graves,

966 970 1034 995 adeo
1052 974 1079 995 ut
1094 977 1147 995 non
1163 974 1255 1003 posset
1270 970 1332 1003 quis
1350 970 1463 1003 digillm
1482 978 1561 996 suum
1579 970 1650 995 inter
1664 967 1760 994 oculos

968 1016 1086 1050 positmu
1105 1022 1227 1046 cernere,
1247 1018 1304 1041 tum
1317 1015 1446 1041 concitati
1472 1018 1537 1041 sunt
1562 1014 1635 1040 venti
1661 1020 1758 1046 graves

969 1061 1107 1096 prioribus
1127 1061 1356 1090 vehementiores.
1373 1061 1474 1094 quibus
1490 1060 1602 1092 deiectae
1621 1064 1685 1085 sunt
1703 1058 1754 1083 do-

968 1114 1029 1133 mus
1053 1105 1159 1137 multm;
1181 1105 1279 1139 injecta
1294 1109 1335 1132 est
1357 1105 1439 1131 etiam
1456 1105 1599 1131 hominum
1616 1105 1685 1130 intra
1703 1104 1752 1128 do—

968 1159 1027 1178 mus
1043 1158 1106 1177 suas
1121 1148 1259 1184 capitibus
1283 1156 1366 1176 arena
1394 1150 1476 1176 rubra
1489 1170 1496 1182 ,
1513 1149 1697 1184 videruntque
1723 1151 1751 1177 in

967 1202 1086 1231 quattuor
1105 1197 1167 1223 εαξιὶ
1197 1196 1285 1231 plagis
1307 1196 1448 1223 columnas
1477 1196 1548 1230 ignis
1574 1195 1756 1228 ilanuuantcs,

969 1249 1058 1275 neque
1084 1241 1120 1268 ita
1145 1249 1175 1268 se
1197 1241 1299 1268 habere
1316 1241 1398 1268 desiit
1417 1241 1503 1268 donec
1524 1241 1756 1276 appropinquaret

970 1295 1059 1313 mane.
1081 1286 1150 1313 Tum
1167 1286 1322 1313 remittente
1341 1287 1481 1320 paululum
1498 1291 1578 1314 vento
1600 1287 1693 1314 rubuit
1709 1287 1757 1312 ad-

969 1331 1079 1359 modum
1103 1332 1202 1359 cmlum
1229 1331 1318 1359 instar
1342 1332 1458 1360 ﬂammae
1485 1333 1575 1368 ignis,
1598 1341 1658 1360 cum
1674 1338 1757 1360 vento

970 1377 1069 1412 frigido
1089 1387 1095 1404 :
1113 1378 1177 1411 quin
1192 1381 1220 1404 et
1242 1381 1326 1408 terra,
1343 1383 1460 1408 montes,
1477 1379 1602 1408 arbores,
1621 1379 1756 1409 homines.

969 1431 1018 1451 nec
1037 1431 1088 1450 non
1107 1426 1197 1450 vestes
1212 1423 1345 1457 ipsorum,
1359 1427 1386 1448 et
1398 1422 1526 1457 quidquid
1542 1423 1641 1457 ubique
1657 1432 1756 1450 cerne-

967 1476 1022 1501 res,
1052 1468 1197 1494 rubescere
1222 1475 1277 1502 pra:
1302 1474 1407 1494 summa
1434 1467 1495 1494 coeli
1517 1467 1662 1498 rubedinu,
1692 1476 1755 1501 quas

967 1515 1035 1541 duas
1051 1513 1132 1540 horas
1145 1512 1269 1544 duravit;
1286 1511 1384 1538 deinde
1400 1511 1426 1538 in
1442 1512 1603 1538 ilavedincm
1621 1520 1753 1539 θυεμ-πει

965 1563 1008 1586 est
1023 1566 1109 1592 usque
1125 1558 1156 1584 ad
1175 1557 1329 1589 meridiem;
1345 1557 1407 1584 dein
1421 1562 1602 1584 eranescente
1619 1556 1752 1584 tlavediue

967 1604 1074 1638 nigrum
1093 1603 1180 1630 evasit
1201 1603 1300 1630 caelum
1313 1623 1320 1634 ,
1335 1607 1392 1630 toto
1405 1603 1449 1630 die
1466 1603 1519 1628 isto
1535 1610 1621 1637 usque
1637 1602 1669 1629 ad
1695 1610 1756 1630 cia-

966 1650 1030 1676 stini
1055 1649 1215 1681 meridiem,
1238 1654 1383 1682 antequam
1403 1648 1601 1676 dissolveretur
1627 1649 1750 1682 uigredo,

969 1702 1055 1729 neque
1076 1703 1124 1729 per
1143 1694 1310 1728 sesquidiem
1326 1695 1450 1729 apparuit
1470 1695 1521 1726 sol,
1537 1701 1570 1720 ex
1595 1702 1648 1728 quo
1671 1694 1754 1729 484

964 1739 1092 1767 concitati
1106 1744 1171 1766 sunt
1187 1741 1275 1771 venti,
1293 1739 1380 1766 donec
1397 1744 1575 1766 evanesceret
1597 1740 1682 1766 nubes
1707 1740 1751 1766 illa

966 1786 1052 1819 nigra.
1066 1785 1184 1812 Rursum
1196 1792 1268 1811 anno
1279 1785 1469 1812 ducentesimo
1480 1785 1646 1819 octogesimo
1654 1789 1752 1811 octavo

964 1833 991 1858 in
1014 1831 1140 1866 Egypto,
1158 1831 1267 1858 ineunte
1283 1831 1326 1858 die
1346 1830 1473 1858 Mercurii
1499 1831 1600 1858 mensis
1618 1830 1753 1857 Dilkaad'ue

969 1883 1052 1908 nono,
1070 1876 1171 1902 factum
1190 1880 1229 1901 est
1248 1880 1277 1901 ut
1294 1882 1309 1901 a
1324 1875 1412 1902 media
1426 1880 1506 1902 nocte
1522 1883 1608 1909 usque
1624 1875 1656 1901 ad
1672 1882 1753 1901 auro-

966 1930 1022 1947 ram
1047 1921 1123 1948 valde
1147 1920 1290 1947 concitatae
1315 1921 1370 1947 sint
1398 1921 1483 1948 stellae
1511 1919 1655 1956 [meteora]
1677 1927 1746 1954 quas

965 1967 1058 1992 stellas
1075 1965 1204 1993 cadentes
1221 1972 1327 1997 vocant,
1342 1966 1410 1992 adeo
1429 1971 1458 1992 ut.
1474 1966 1507 1993 iis
1522 1967 1671 1999 repleretur
1688 1974 1745 1992 cre-

966 2011 1020 2037 lom
1039 2011 1071 2036 ad
1089 2012 1232 2041 orientem,
1250 2011 1429 2042 occidentem,
1446 2015 1579 2042 austrum,
1595 2014 1621 2037 et
1636 2014 1746 2043 septen-

967 2059 1085 2084 trionem
1103 2057 1237 2092 dispersis
1251 2076 1258 2088 ,
1275 2064 1324 2083 uec
1344 2062 1437 2090 posset
1452 2057 1512 2090 quis
1537 2056 1634 2083 caelum
1653 2057 1752 2084 intueri

969 2111 1024 2137 pne
1040 2103 1128 2129 stellis
1146 2103 1216 2128 istis.
1228 2101 1287 2129 Jam
1304 2109 1375 2128 anno
1389 2101 1476 2135 primo
1489 2101 1635 2129 chalifatus
1647 2102 1678 2128 Al
1692 2102 1750 2129 Mo-

129 2147 246 2172 redacta:
264 2151 328 2173 sunt
344 2154 397 2173 res.
412 2146 654 2188 Chamarawaibus
671 2153 760 2174 autem
777 2156 809 2176 ex
826 2149 909 2184 Egy—
932 2159 956 2188 Ι)
970 2148 1063 2175 tadedi
1080 2147 1245 2174 constitutus
1270 2152 1312 2174 est
1339 2147 1449 2174 Simeon
1466 2147 1581 2173 Zarnaki
1599 2147 1681 2181 illius,
1702 2156 1751 2182 pa-

128 2197 174 2227 pto
192 2193 217 2219 in
239 2191 346 2227 Syriam
365 2185 513 2227 profectu-5.
534 2193 656 2220 Damasci
675 2195 766 2221 sedem
785 2195 854 2227 fixit,
873 2200 913 2221 at-

126 2246 180 2272 que
198 2238 233 2264 ibi
251 2243 329 2265 extra
346 2239 440 2265 urbem
458 2239 508 2266 sub
523 2239 688 2266 monasterio
706 2239 824 2272 Marran,
837 2241 912 2274 juxta

127 2284 240 2311 ﬂuvium
263 2283 372 2310 Taurab
386 2303 393 2314 ,
410 2291 500 2311 arcem
518 2284 640 2312 condidit
655 2285 683 2311 in
700 2293 753 2319 qua
770 2285 912 2312 habitavit.

129 2329 346 2364 lnterfectusque
370 2335 412 2356 est
435 2329 678 2358 Cbamarawaihus
691 2350 699 2363 ,
717 2331 743 2357 in
767 2331 816 2358 hac
833 2340 912 2366 quant

129 2376 252 2402 Damasci
270 2373 394 2402 condidit
414 2382 488 2407 arce,
509 2375 552 2402 die
577 2376 728 2408 Dominico,
747 2377 824 2404 lenio
852 2383 915 2404 ante

128 2422 237 2448 dnitum
255 2428 377 2448 mensem
397 2420 538 2452 Dilkaada,
552 2429 624 2448 anno
639 2422 828 2449 ducentesimo
839 2427 914 2450 oclo-

127 2468 232 2503 gesimo
249 2467 371 2495 secundo
393 2475 401 2493 :
425 2466 525 2494 caedem
546 2467 632 2501 ipsius
648 2473 827 2502 procurarunt
843 2476 858 2495 e
873 2469 912 2495 fa-

127 2513 264 2540 mulorum
286 2513 372 2546 ipsius
395 2512 542 2548 pnecipuis
567 2521 634 2545 sex,
663 2521 779 2546 quorum
802 2514 910 2540 nomina

127 2557 265 2589 'l‘dltaher.
280 2558 378 2590 Sabur,
394 2557 471 2590 Lula,
489 2557 582 2590 Natit',
595 2557 688 2584 Shafio
714 2558 866 2592 pocillator,
884 2563 909 2584 et

128 2603 264 2638 Ganayem
282 2611 289 2628 :
308 2611 424 2638 quorum
441 2603 644 2631 interfectorum
661 2603 749 2638 capita
766 2603 912 2638 [Egyptqu

128 2653 233 2681 portata
251 2654 332 2680 sunt,
353 2657 468 2684 corpora
485 2653 575 2677 autem
597 2649 720 2676 Damasui
738 2649 860 2683 patibulo
875 2649 911 2676 af-

127 2693 191 2720 ﬁxa.
206 2694 446 2722 (IhamaraWaibus
464 2695 490 2721 in
505 2703 569 2722 arca
585 2694 716 2722 Damaseo
727 2695 754 2722 in
767 2694 912 2729 .‘Egyplunl

127 2731 258 2771 perlatus.
272 2737 298 2763 in
318 2743 408 2766 monte
430 2738 613 2765 Almokattam
637 2738 757 2772 sepultus
773 2742 825 2765 est.
841 2738 913 2765 Tur-

129 2776 190 2807 bata
208 2786 250 2808 est
264 2786 353 2808 autem
371 2783 503 2818 JEgyptus
517 2783 551 2810 ob
561 2783 787 2810 Cbamawaihum
800 2783 913 2818 ejusque

133 2830 259 2864 mortem.
277 2825 423 2856 Praefectus
440 2833 479 2854 est
498 2833 557 2862 post
579 2829 667 2863 ipsum
682 2827 752 2855 laish
767 2829 915 2867 (inanima.-

968 2193 1086 2219 triarcha
1111 2192 1312 2224 Autiochenus,
1330 2193 1376 2226 qui
1394 2199 1479 2219 annos
1499 2192 1643 2220 duodecim
1664 2193 1751 2224 sedit.

965 2238 1028 2265 dein
1044 2242 1169 2265 mortuus
1182 2241 1233 2266 est.
1250 2238 1334 2264 Porro
1348 2246 1409 2263 cum
1425 2237 1509 2264 Leoni
1527 2238 1683 2272 imperatori
1699 2239 1752 2266 lio—

967 2291 1048 2311 mano
1068 2288 1175 2310 mortua
1193 2287 1266 2310 esset
1280 2290 1349 2309 uxor
1365 2283 1438 2309 nulla
1460 2283 1553 2311 reiieta
1567 2285 1651 2318 prole,
1669 2285 1750 2312 aliam

966 2332 1009 2358 ille
1025 2339 1137 2358 uxorem
1156 2331 1256 2357 ducere
1271 2329 1375 2362 voluit;
1392 2335 1418 2356 at
1444 2331 1584 2364 prohibuit
1599 2331 1686 2365 ipsqu
1703 2331 1750 2357 Ni-

966 2378 1058 2403 cotaus
1080 2375 1235 2411 patriarcha
1258 2374 1601 2410 Constantinopolitauus,
1627 2376 1721 2402 dicens
1739 2384 1747 2402 :

966 2423 1024 2449 Non
1039 2426 1081 2449 est
1093 2421 1138 2448 tibi
1165 2421 1266 2448 licitum
1282 2428 1393 2448 uxorem
1406 2421 1520 2453 ducere;
1538 2421 1670 2455 siquidem
1685 2428 1752 2447 ana-

966 2472 1078 2502 gnostes
1099 2475 1129 2494 es
1152 2471 1180 2494 et
1203 2467 1330 2501 precibus
1355 2467 1527 2494 sacerdotum
1555 2471 1749 2498 consecratus;

967 2513 1039 2547 quod
1070 2513 1093 2540 si
1125 2520 1236 2540 uxorem
1264 2513 1374 2540 duxeris
1411 2520 1466 2539 non
1491 2513 1555 2539 licet
1575 2513 1623 2539 tibi
1653 2513 1687 2538 ad
1711 2513 1751 2539 al-

968 2563 1025 2584 tare
1040 2557 1177 2584 accedere.
1195 2558 1244 2584 Cui
1262 2557 1314 2584 Leo
1333 2568 1339 2585 ι
1357 2557 1473 2584 Uxorem
1488 2557 1587 2584 ducere
1604 2558 1685 2592 cupio
1697 2566 1751 2591 quo

968 2608 1002 2629 st
1024 2603 1087 2629 mihi
1114 2603 1187 2630 illius
1211 2603 1257 2637 qui
1285 2607 1344 2637 post
1370 2610 1412 2628 me
1438 2610 1549 2636 regnum
1577 2603 1750 2629 hereditario

965 2649 1111 2683 possideat.
1137 2650 1172 2675 At
1185 2656 1239 2675 non
1266 2648 1386 2683 permisit
1403 2648 1453 2682 ipsi
1477 2648 1631 2681 patriarcha
1649 2648 1748 2682 conju-

964 2695 1048 2726 gium.
1067 2693 1179 2727 Scripsit
1196 2701 1261 2727 ergo
1276 2693 1331 2720 Leo
1353 2693 1499 2726 imperator
1514 2693 1547 2718 ad
1565 2692 1748 2726 patriarcham

965 2739 1129 2770 Humanum,
1152 2738 1308 2765 Michaclem
1323 2738 1506 2772 patriareham
1524 2738 1748 2769 Alexandrinum,

965 2784 1049 2811 Elia”)
1071 2784 1189 2810 Mansuri
1209 2785 1292 2810 lilium
1316 2784 1497 2818 patriarchatu
1525 2783 1748 2818 llierosolymita-

965 2838 1042 2862 num,
1060 2834 1086 2856 ct
1105 2830 1257 2858 Sitnroncm
1273 2829 1387 2857 Zarnaki
1403 2830 1486 2858 linum
1499 2849 1505 2859 .
1527 2829 1724 2857 Autiocbeuum
1738 2847 1749 2869 ἢ
