2014 3082
187 143 256 176 1Η5

903 141 1084 171 ANNALES.

1731 141 1799 174 1126

185 207 284 233 rogans
304 202 333 224 ut
348 197 381 224 ad
398 197 486 232 ipsum
503 197 680 229 accederent,
696 205 751 231 quo
775 197 942 232 dispicerent
956 217 962 228 ,
980 199 999 225 Δ
1017 201 1097 232 idque
1116 199 1217 226 mensis
1235 198 1385 225 Ratnadani
1398 203 1505 232 quarto,
1529 205 1599 225 anno
1613 198 1799 225 ducentesimo

181 244 275 270 liceret
298 250 383 270 necne
413 243 464 276 ipsi
488 250 598 269 uxorem
616 243 715 270 dueere
743 252 749 269 ι
770 248 798 269 at
819 242 905 270 noluit
920 250 967 269 eo-

182 296 241 316 rum
252 289 387 323 quispiam
406 289 438 314 ad
453 289 538 322 ipsum
553 288 694 321 accedere,
712 289 762 315 nisi
778 289 849 323 qttod
866 289 965 323 singuli

181 335 292 361 nomine
313 342 363 361 suo
374 334 555 369 485-487
577 334 693 369 legatum
711 335 860 362 mitterent.
876 335 913 362 Ae
928 336 966 363 le-

181 381 252 413 gatis
272 387 300 406 se
317 379 498 414 adjungentes
514 379 632 414 episcopi
649 380 758 413 quidam
774 381 967 408 Constantino-

182 425 248 458 poli,
261 425 294 451 de
307 425 414 458 negotio
433 425 608 458 imperatoris
622 425 806 459 dispicientes,
822 426 963 453 matrimo-

182 470 254 496 nium
277 470 326 503 ipsi
357 470 460 496 licitum
489 471 702 504 pronuntiarunt
720 479 726 502 ;
743 478 827 504 quare
851 478 963 498 uxorem

181 514 270 546 duxit,
288 518 421 547 natusque
433 517 475 541 est
500 514 548 547 ipsi
564 514 635 541 filius
658 522 738 548 quetn
754 515 962 541 Constantinum

183 559 339 594 appellavit.
362 559 486 593 Cumque
501 558 642 586 Nicolaum
671 560 853 593 patriarcham
872 561 965 586 cathe-

181 603 229 630 dra
245 603 416 633 abdicasset.
433 603 599 631 constitutus
617 609 656 631 est
675 604 762 639 ipsius
785 605 844 631 loco
867 604 964 630 Anthi-

181 656 243 675 mus
263 648 416 682 patriarcha
437 648 769 683 Constantinopolitanus.
787 648 859 676 Obiit
874 653 963 676 autem

182 693 341 721 Almotaded
353 693 449 720 Billahi
468 694 512 721 die
526 695 665 722 Dominico
691 702 762 722 nono
774 698 836 722 ante
852 695 964 722 ltabiam

183 740 359 772 posteritrcm
378 739 493 770 finitum.
514 747 585 766 anno
598 741 786 768 ducentesimo
800 741 965 774 Octogesimo

183 792 265 812 nono.
284 784 343 811 Fuit
357 785 500 812 chalifntus
515 786 598 820 ipsius
617 793 751 813 annorum
776 794 883 815 novem.
900 794 962 812 cum

183 830 324 857 mensibus
343 838 450 863 novem,
461 830 566 857 dierum
580 831 708 859 duorum.
729 832 822 858 Annos
833 839 894 858 cum
909 839 967 859 mo—

183 879 289 902 reretur
305 875 397 902 habuit
411 875 589 910 quadraginta
613 882 728 910 septem.
756 877 922 911 Praecipitant
939 878 966 904 in

182 927 226 947 res
244 920 330 954 ipsius
340 924 502 954 potestatem
517 920 635 948 habuere
647 920 735 948 Badar
746 921 857 948 libertus
871 922 966 956 ipsius.

181 972 210 994 et
224 966 383 994 Gltaidallah
423 967 480 993 Ebn
500 966 640 999 Snlimani,
663 967 743 1001 cujus
759 968 785 994 in
800 968 887 994 locum
904 977 968 995 suc-

182 1012 266 1039 cessit
285 1012 355 1039 lilins
377 1011 462 1046 ipsius
481 1012 511 1038 AI
524 1011 620 1038 Kasem
637 1012 693 1039 Ebn
715 1012 895 1040 Obaidallnhi.
909 1013 969 1040 Fuit

183 1057 339 1084 Almotaded
358 1057 479 1092 pulcher,
495 1057 562 1085 facie
572 1063 599 1085 et
611 1065 725 1092 corpore
741 1059 868 1090 decorus.
897 1064 968 1086 stre-

183 1111 264 1134 nuus,
280 1110 361 1137 opum
376 1107 468 1129 tenax.

348 1147 498 1182 C/talifatus
516 1149 547 1174 ΑΙ
566 1148 672 1182 Moclaﬁ
692 1149 795 1175 billalti.

219 1193 400 1228 lnauguratus
417 1198 457 1220 est
485 1194 516 1220 Al
534 1193 641 1221 Moctafi
668 1195 724 1228 (qui
750 1195 819 1221 idem
844 1199 886 1222 est
909 1195 966 1221 Abu

184 1239 366 1270 Mohamrned,
384 1238 440 1265 Ehu
462 1239 560 1266 Ahmet
580 1240 763 1274 Almotaded,)
784 1240 902 1275 Bagdadi
920 1249 968 1267 eo-

182 1285 243 1311 dem
269 1285 314 1311 die
339 1292 393 1319 quo
413 1285 480 1311 obiit
505 1284 677 1312 Aln‘otaded.
703 1286 770 1312 Erat
793 1291 856 1313 tunc
877 1291 966 1313 autent

185 1330 328 1357 Almoctall
357 1330 461 1361 “acere,
477 1330 622 1364 missasque
636 1334 699 1358 sunt
714 1331 746 1357 ad
762 1331 849 1365 ipsum
871 1332 967 1359 littera:

183 1379 209 1400 et
226 1374 358 1408 epistolae.
375 1379 403 1401 ut
419 1374 573 1407 Bagdaduut
593 1376 744 1406 accederet,
760 1383 812 1409 quo
827 1383 888 1402 cum
907 1384 968 1410 pcr-

185 1419 319 1452 vcnisset,
332 1419 423 1446 sedem
443 1419 478 1445 ibi
498 1419 568 1446 fixit.
582 1419 667 1446 Mater
679 1420 737 1452 eius
754 1421 862 1447 nomine
884 1419 968 1446 Bach-

184 1464 312 1498 tajacnah
331 1465 393 1496 fuit,
410 1465 464 1491 lilia
479 1464 613 1492 Alkasemi
631 1464 689 1491 Ebn
702 1464 870 1491 Ohaidal'ahi
883 1465 966 1499 488

1017 245 1196 279 nonagesimo
1218 248 1315 278 quarto
1337 253 1343 271 :
1371 245 1440 271 sedit
1462 252 1547 271 annos
1571 245 1664 278 viginti
1693 251 1754 272 sex.
1773 247 1801 269 et

1017 298 1064 317 sex
1086 297 1205 321 menses,
1229 290 1288 316 dein
1311 290 1378 316 obiit
1397 297 1404 314 :
1424 290 1600 322 sepultusque
1616 294 1656 316 est
1669 289 1696 315 in
1713 289 1800 315 eccle-

1016 335 1053 361 sia
1079 334 1228 367 Michaelis,
1246 334 1370 361 Phostati
1389 333 1570 368 Egyptians.
1590 334 1668 360 Anno
1684 333 1801 360 chalifa—

1018 387 1061 408 tus
1073 381 1194 415 ejusdem
1212 385 1289 408 sexto
1311 381 1476 406 constittttns
1491 384 1532 405 est
1560 379 1706 412 Georgius.
1732 378 1802 404 Dua—

1012 427 1068 460 jani
1085 427 1164 457 ﬁlius,
1181 426 1334 460 patriarcha
1352 424 1632 458 llierosotymitanns,
1649 423 1694 456 qui
1713 428 1801 448 annos

1013 477 1129 507 quatuor
1145 476 1171 499 et
1191 480 1237 498 sex
1256 478 1364 498 menses
1389 470 1482 502 sedit,
1505 470 1566 496 dein
1597 473 1723 495 mortuus
1748 470 1800 493 est.

1013 518 1099 545 Porro
1116 518 1218 552 prodiit
1246 517 1273 543 in
1300 516 1378 551 Syria
1412 515 1532 548 rebellis,
1565 515 1675 542 nomine
1707 512 1803 539 lsmael

1013 563 1219 595 Karmatianus,
1235 570 1296 589 cum
1316 561 1441 588 Damasci
1457 564 1529 588 esset
1551 560 1661 587 nomine
1683 559 1804 586 Cilnium-

1014 609 1126 635 rawaibi
1146 609 1202 636 Ebu
1219 608 1336 638 Altmcd.
1353 607 1411 634 Ebn
1429 607 1538 639 Toluni,
1554 606 1639 641 Toguj
1666 606 1722 632 lihn
1746 606 1802 633 lofli

1013 654 1223 689 Pbarganensis;
1241 654 1286 688 qui
1303 653 1335 680 ab
1350 652 1463 681 Ismaele
1477 652 1654 679 Karmatiano
1667 653 1693 679 in
1708 652 1800 686 fugam

1015 707 1111 727 versus
1121 704 1164 727 est
1180 703 1241 734 post
1257 700 1342 726 tnulta
1360 699 1430 725 inter
1446 699 1521 733 ipsos
1536 698 1682 725 connnissa
1698 698 1801 732 praelia,

1014 746 1092 773 caesis
1109 753 1123 772 e
1136 745 1282 772 comitibus
1296 744 1355 779 ejus
1366 745 1472 771 multis.
1492 744 1621 771 Scribens
1636 752 1700 778 ergo
1719 743 1804 778 Tognj

1019 791 1051 818 ad
1068 791 1204 817 llarunem
1219 790 1438 817 Chamarawaihi
1455 790 1537 816 filium
1552 789 1638 823 ipsum
1656 790 1693 816 rei
1707 791 1806 816 certio-

1021 845 1076 864 rem
1097 837 1168 864 fecit.
1187 836 1259 863 Misit
1283 844 1347 871 ergo
1364 836 1398 862 ad
1426 835 1516 870 ipsum
1542 834 1634 861 llarun
1656 836 1805 861 exercitum

1018 891 1157 917 magnum,
1174 882 1199 909 in
1213 889 1268 916 quo
1281 886 1358 908 erant
1369 889 1463 907 otnncs
1479 880 1673 907 Tolonensium
1694 880 1804 906 nomine

1017 927 1155 961 insignes;
1178 926 1409 960 commissumque
1422 930 1463 952 est
1478 925 1597 959 pnelium
1617 924 1686 950 inter
1700 924 1807 950 exerci-

1019 978 1061 1000 tus
1077 973 1196 1006 ipsorum
1215 971 1240 997 in
1258 971 1317 997 vico
1337 970 1460 997 Canacar
1475 970 1558 1002 dicto,
1577 969 1690 995 ditionis
1707 968 1807 994 Dama-

1019 1025 1120 1049 scenm,
1146 1018 1206 1044 loco
1234 1024 1315 1051 quem
1344 1016 1375 1042 Al
1403 1015 1553 1048 ASrapham
1579 1019 1692 1045 vocant,
1715 1023 1729 1039 ιι
1742 1020 1808 1040 ense

1019 1064 1114 1098 Rajcb,
1129 1071 1200 1089 anno
1214 1062 1403 1088 dueentesimo
1419 1061 1586 1095 octogesimo
1599 1067 1670 1086 nouo
1687 1067 1692 1073 ’
1706 1063 1805 1093 etpost

1017 1109 1173 1143 frequentes
1195 1109 1264 1134 inter
1288 1107 1362 1141 ipsos
1385 1114 1488 1141 pugnas
1507 1106 1665 1132 interfectus
1680 1109 1721 1132 est
1736 1104 1806 1131 Kar-

1017 1156 1165 1185 matianus.
1183 1154 1261 1180 cassis
1280 1161 1312 1180 ex
1329 1157 1446 1187 utroqtte
1465 1152 1587 1178 exercitu
1610 1151 1705 1185 viginti
1721 1150 1801 1177 circi-

1019 1205 1059 1227 ter
1077 1200 1217 1226 hominum
1240 1199 1375 1229 millibns,
1393 1205 1510 1232 quorum
1531 1202 1557 1224 et
1581 1197 1690 1230 ult-ique
1707 1197 1733 1222 in
1763 1196 1806 1222 fu-

1018 1253 1078 1281 gam
1093 1253 1123 1273 sc
1142 1245 1294 1276 dederunt;
1315 1243 1469 1278 petentibus
1487 1242 1532 1276 qni
1557 1250 1589 1268 ex
1614 1240 1742 1267 Harumis
1762 1247 1809 1266 co-

1020 1292 1072 1327 piis
1089 1291 1252 1324 superstites
1272 1290 1391 1319 l'uerunt,
1408 1287 1569 1314 Damascum
1584 1292 1610 1312 et
1621 1285 1805 1316 Tiberiadem;

1017 1338 1062 1372 qui
1080 1345 1094 1363 e
1110 1334 1381 1370 Karmatiani,ﬁ92
1398 1333 1528 1360 llamsum
1546 1330 1716 1368 [Emissam],
1735 1338 1813 1356 mau~

1018 1386 1165 1415 seruntqne
1187 1381 1308 1408 Damasci
1324 1388 1357 1406 ex
1373 1379 1492 1405 llarun’s
1511 1377 1598 1411 copiis
1617 1377 1727 1411 quidam
1741 1383 1774 1402 cu
1782 1383 1806 1401 m

1019 1427 1251 1461 BadroAIjatnami
1267 1426 1350 1452 dicto.
1363 1424 1424 1451 Fuit
1437 1427 1525 1450 autem
1537 1423 1712 1449 Karmatiano
1725 1422 1809 1448 frater

1019 1468 1050 1498 Al
1068 1471 1160 1505 Najem
1181 1471 1343 1506 appellatus;
1364 1469 1411 1504 qui
1427 1469 1598 1502 congregatis
1611 1467 1656 1501 qui
1673 1475 1687 1493 e
1711 1467 1805 1493 fratris

183 1509 240 1536 Ebn
253 1510 396 1543 Solimaui,
408 1511 466 1537 Ebn
480 1510 605 1537 Wahabi.
620 1511 757 1538 Abbasum
775 1511 858 1537 Ebhol
874 1510 965 1538 llasun
980 1517 1002 1545 ρ
1018 1519 1059 1544 sui
1078 1517 1201 1544 Heron“
1220 1515 1318 1550 regiqui
1342 1518 1420 1541 erant
1434 1534 1440 1544 ,
1466 1512 1559 1545 copias
1585 1512 1704 1546 collegit,
1729 1516 1756 1538 et
1780 1511 1809 1538 in

184 1556 405 1584 Maderanensem
432 1556 547 1583 scribam
567 1557 679 1583 adscivit
710 1561 790 1592 atque
815 1557 851 1584 illi
875 1564 918 1584 res
940 1557 965 1583 in

183 1601 306 1629 ordinem
321 1601 439 1628 redactae
455 1606 527 1629 sunt.
546 1603 623 1629 Anno
639 1602 791 1630 Chalifatus
821 1602 964 1629 Almootaﬁ

184 1648 315 1679 secundo.
332 1648 377 1681 qui
398 1651 440 1674 est
457 1647 660 1674 ducentesimus
678 1648 882 1681 nonagesimns,
903 1655 968 1681 pcr-

184 1695 245 1729 tigit
268 1694 344 1721 Nilus
370 1695 547 1730 Egyptiacus
574 1695 679 1722 cubitos
704 1700 806 1722 tantum
837 1696 966 1722 tredecim

184 1748 246 1768 cum
262 1741 366 1768 dnobns
379 1741 478 1775 digitis.
496 1741 583 1774 Quare
597 1741 698 1775 egressi
717 1746 779 1768 sunt
796 1742 966 1773 illoslemini,

183 1787 350 1820 Christiani,
366 1794 392 1815 et
404 1788 488 1814 .Iudzci
507 1787 540 1813 ad
553 1795 649 1822 aquam
670 1788 798 1821 preeibtts
817 1788 968 1822 impetran-

184 1834 258 1865 dam,
274 1841 324 1860 nec
339 1839 427 1861 tamen
443 1834 528 1860 crevit
541 1841 609 1868 aqua
629 1833 700 1860 ultra
717 1833 780 1860 illud
805 1834 876 1868 quod
898 1833 970 1860 dixi-

185 1885 267 1912 mus;
284 1879 381 1906 deinde
406 1879 528 1906 recessit.
552 1879 630 1906 Anno
659 1879 738 1906 tertio
765 1879 912 1906 chalifatus
937 1878 968 1904 Al

185 1924 293 1952 Moctafi
314 1925 480 1952 constitutus
504 1929 545 1952 est
563 1925 634 1952 Elias
648 1925 800 1959 patriarcha
823 1924 970 1950 Antioche-

187 1977 256 2002 nus;
273 1970 319 2004 qui
339 1971 454 2004 scriptor
479 1969 547 2001 fuit;
570 1977 655 1996 annos
681 1970 751 1997 sedit
777 1969 871 2004 viginti
896 1973 969 2001 octo,

186 2008 393 2042 dein'mortuus
408 2019 458 2042 est.
473 2015 559 2048 Capta
575 2019 617 2041 est
634 2016 699 2042 urbs
724 2015 846 2041 Seleucia
866 2023 880 2042 e
897 2019 969 2040 terra

187 2060 373 2087 Romanorum
390 2069 484 2087 mense
495 2060 579 2087 Rabia
597 2060 752 2094 posteriori,
765 2060 834 2087 unde
848 2059 970 2094 captivos

187 2107 214 2133 in
230 2106 375 2141 Egyptum
392 2106 541 2133 attulerunt
555 2113 648 2133 mense
661 2105 757 2139 llajeb,
770 2112 843 2132 anno
867 2105 970 2131 ducen-

186 2152 283 2180 tesimo
309 2152 498 2186 nonagesimo.
522 2153 601 2178 Anno
618 2151 763 2178 chalil’atus
786 2150 906 2185 ejusdem
925 2159 971 2177 se-

186 2195 275 2229 cundo
289 2200 411 2222 mortuus
424 2200 466 2223 est
477 2195 589 2223 Michael
605 2195 757 2229 patriarcha
767 2194 967 2221 Alesandrinns
988 2197 1011 2226 D
1026 2194 1147 2228 patibulo
1163 2194 1246 2220 atlixit
1260 2194 1336 2228 prius
1353 2192 1504 2219 cruciatum

186 2242 231 2268 die
245 2242 386 2269 Dominico
401 2263 407 2273 ,
423 2246 500 2268 sexto
520 2246 583 2268 ante
599 2241 703 2268 finitum
729 2248 850 2267 mensem
869 2240 968 2266 [lama-

186 2287 251 2318 dan,
278 2294 349 2312 anno
373 2286 561 2313 ducentesimo
573 2286 768 2319 nonagesimo;
785 2286 970 2321 patriarchatu

187 2333 296 2360 functus
313 2333 415 2365 triginti
431 2337 549 2367 quatuor
565 2333 665 2359 annis:
681 2332 839 2366 vacavitque
853 2336 914 2367 post
929 2332 970 2366 ip-

186 2384 246 2404 sum
263 2376 394 2404 cathedra
408 2376 589 2403 Alexandrina
615 2376 768 2410 patriarcha
788 2381 906 2411 quatuor
926 2383 974 2403 an-

186 2428 248 2448 nos.
265 2421 345 2447 Anno
370 2421 467 2455 quinto
493 2421 640 2448 chalifatus
659 2421 781 2454 ejusdem
807 2421 972 2448 constitutus

186 2471 229 2493 est
243 2466 436 2494 Christodulus
466 2466 623 2493 Halebensis
638 2467 791 2501 patriarcha
812 2466 972 2493 Alexandri-

187 2517 256 2544 nus;
270 2516 378 2538 creatus
392 2515 433 2538 est
452 2511 646 2546 Hierosolymis
662 2512 705 2538 die
727 2511 838 2538 Sahbati
857 2511 946 2545 magni
958 2531 967 2544 ,

189 2557 285 2591 quinto
303 2558 404 2584 mensis
413 2558 495 2584 Nisan
508 2577 516 2589 ,
533 2557 674 2585 Barmudae
690 2558 815 2592 septimo.
825 2556 873 2584 Die
881 2563 971 2584 autem

186 2602 304 2629 Iomadte
324 2603 482 2636 posterioris
499 2603 604 2630 decimo
614 2610 686 2630 nono
703 2603 872 2630 consecravit
882 2603 971 2635 ipsum

189 2646 264 2673 Elias
279 2647 351 2675 filius
371 2647 507 2675 Mansoris
523 2648 677 2681 patriarcha
696 2648 972 2682 Hierosolymitanns.

188 2691 312 2725 Cumque
329 2693 518 2720 Alexandriam
541 2694 681 2727 venisset,
696 2694 823 2721 dixerunt
848 2694 923 2720 urbis
941 2694 973 2719 il-

188 2737 242 2763 lius
259 2737 354 2765 incola:
368 2748 375 2766 :
391 2738 522 2766 Nolumus
545 2739 628 2772 hunc,
654 2740 706 2767 nisi
734 2740 855 2774 repetitis
877 2739 972 2775 489-

192 2781 271 2816 491
300 2783 427 2817 precibus
451 2783 561 2819 [quibus
585 2784 772 2820 consecratur]
796 2785 968 2818 patriarcha:

186 2835 270 2874 quare
293 2836 387 2862 preces
405 2830 600 2865 patriarchales
619 2838 726 2858 rursum
752 2830 936 2858 adhibuerunt
961 2840 966 2857 :

1018 1568 1110 1597 partes
1123 1562 1237 1588 Emissa:
1260 1560 1372 1594 prodiit.
1394 1559 1426 1585 Al
1444 1557 1582 1591 Moktaphi
1607 1557 1690 1591 igitur
1713 1556 1808 1582 audito

1018 1607 1225 1633 Karmatianum
1242 1603 1352 1638 [Egypti
1371 1601 1508 1629 exercitus
1525 1601 1633 1635 fugasse
1658 1604 1740 1633 atque
1763 1599 1808 1625 in-

1018 1653 1155 1683 tirmasse,
1175 1651 1254 1678 caesis
1276 1648 1462 1684 Aigyptiorum
1474 1646 1629 1674 fortiSSimis
1645 1645 1809 1680 quibusque,

1022 1705 1096 1733 spem
1128 1696 1251 1730 concepit
1273 1694 1409 1729 capienda:
1431 1693 1551 1728 Egypti,
1581 1692 1718 1725 missoque
1745 1690 1803 1716 Mo-

1024 1742 1150 1770 hammed
1167 1742 1223 1768 Ebn
1239 1741 1371 1771 So‘iman,
1390 1739 1432 1766 cui
1450 1737 1690 1771 prmstantiSSiutos
1708 1737 1807 1762 ducum

1020 1795 1132 1815 suorum
1150 1795 1211 1814 cum
1231 1787 1349 1814 exercitu
1367 1793 1464 1820 magno
1477 1784 1608 1819 adjunxit,
1630 1782 1727 1817 prodiit
1753 1782 1810 1816 ipse

1022 1833 1147 1864 Baccam,
1179 1833 1270 1865 ibique
1286 1831 1417 1858 substitit.
1445 1828 1614 1855 Mohammed
1636 1830 1724 1853 autent
1749 1827 1808 1852 Ebn

1022 1879 1143 1905 Soliman
1163 1878 1208 1904 ubi
1227 1877 1357 1902 Emissam
1371 1873 1681 1909 pervenissetAlnajemi
1693 1871 1808 1898 Karma-

1027 1923 1092 1951 tiani
1106 1923 1199 1957 copias
1215 1921 1293 1953 fudit,
1311 1921 1398 1954 captis
1413 1927 1427 1946 e
1441 1918 1587 1945 comitibus
1604 1917 1689 1951 ipsius
1707 1916 1810 1949 septin-

1022 1969 1127 2003 gentis;
1153 1966 1345 1994 Karmalianus
1368 1971 1432 1990 vero
1455 1963 1561 1996 fugiens
1576 1983 1583 1994 ,
1606 1962 1666 1988 loco
1683 1961 1714 1987 Al
1736 1960 1809 1986 Dalia

1019 2013 1153 2048 appellato
1169 2018 1291 2046 repertus
1303 2015 1355 2043 est,
1366 2017 1446 2044 quem
1461 2017 1522 2036 cum
1541 2008 1685 2035 comitibus
1706 2006 1810 2040 septin-

1020 2058 1111 2092 gentis
1126 2057 1160 2084 ad
1178 2057 1209 2083 Al
1226 2055 1381 2083 Moctalium
1406 2055 1438 2082 Al
1451 2053 1572 2081 Rakkam
1599 2053 1672 2080 misit
1685 2052 1811 2078 Moham-

1023 2104 1084 2130 med
1101 2103 1157 2130 Ebn
1174 2102 1308 2134 Soliman,
1322 2102 1366 2128 cui
1389 2101 1545 2135 Bagdadum
1562 2099 1693 2133 perducto
1708 2098 1809 2125 collum

1026 2157 1108 2183 super
1124 2148 1243 2175 tabulato
1267 2148 1387 2182 praecidit
1425 2147 1457 2173 Al
1487 2145 1638 2176 Moetal‘tns,
1666 2145 1811 2178 ipsumque

1527 2198 1533 2216 :
1557 2190 1622 2224 quin
1650 2194 1676 2216 et
1697 2189 1810 2216 Comites

1020 2239 1106 2274 ipsius
1127 2239 1313 2273 septingentos
1325 2242 1411 2265 morte
1425 2236 1527 2268 atIecit,
1541 2242 1655 2269 quorum
1671 2233 1731 2260 aliis
1741 2233 1810 2259 Colla

1021 2293 1103 2318 super
1124 2284 1245 2311 tabulato
1266 2284 1401 2318 praecidit,
1422 2283 1552 2317 ipsosque
1571 2282 1696 2316 patibulo
1714 2280 1808 2310 allixit;

1021 2330 1089 2357 alios
1101 2330 1226 2356 manibus
1242 2330 1412 2364 pedibusque
1434 2329 1586 2355 truncavit.
1613 2327 1728 2353 Profecti
1746 2330 1809 2353 sunt

1022 2376 1172 2402 Almoctafii
1186 2376 1322 2402 exercitus
1343 2383 1405 2401 cum
1421 2374 1605 2401 Mohammede
1620 2372 1676 2399 Elin
1687 2372 1807 2398 Soliman

1023 2421 1184 2448 Damascum
1201 2441 1207 2453 ,
1234 2421 1279 2447 ubi
1309 2421 1335 2447 in
1356 2419 1551 2447 Mohammedis
1574 2419 1651 2445 fidem
1676 2426 1705 2444 se
1736 2417 1810 2443 dedit

1023 2466 1128 2494 Badrus
1147 2466 1289 2501 Aljamami
1311 2473 1363 2493 una
1380 2473 1441 2492 cum
1463 2465 1495 2493 iis
1515 2472 1574 2499 quae
1589 2465 1639 2498 ipsi
1660 2463 1808 2490 adfuerunt

1023 2513 1110 2546 copiis
1128 2521 1134 2538 :
1152 2512 1215 2539 hinc
1232 2512 1371 2547 profectus
1384 2517 1425 2539 est
1438 2510 1610 2538 Mobammed
1624 2511 1806 2540 Palmstinam.

1023 2566 1077 2593 quo
1093 2559 1117 2584 in
1133 2558 1279 2592 {Egyptnm
1298 2557 1357 2585 iret.

1059 2603 1151 2630 Harun
1167 2604 1225 2630 Ebn
1245 2602 1463 2630 Chamarawaihi
1492 2601 1586 2636 igitur,
1603 2601 1694 2627 audito
1717 2600 1808 2634 copias

1022 2654 1103 2683 atque
1119 2650 1256 2676 exercitus
1271 2648 1449 2684 493-495
1468 2648 1555 2681 ipsttm
1570 2654 1667 2674 versus
1683 2646 1805 2677 tendere,

1022 2701 1147 2728 egressus
1163 2694 1189 2720 itt
1209 2694 1296 2721 locum
1311 2694 1356 2728 qui
1373 2694 1403 2719 Al
1421 2692 1538 2719 Abhasia
1557 2692 1668 2723 dicitur,
1683 2699 1715 2717 ea
1728 2695 1808 2717 terra:

1022 2738 1190 2773 Egyptiaca‘,
1213 2745 1289 2774 parte
1313 2747 1372 2773 qua:
1392 2739 1515 2773 Alltanpb
1541 2736 1653 2773 [audit,]
1678 2737 1713 2763 ibi
1740 2744 1801 2763 cunt

1021 2785 1134 2812 ducibus
1150 2786 1207 2812 suis
1229 2792 1380 2820 magnaque
1401 2785 1520 2811 virorum
1545 2783 1716 2810 multitudine
1735 2783 1804 2809 snb-

1020 2831 1099 2863 stitit,
1112 2830 1289 2865 Mohamtncdi
1305 2831 1362 2858 Ebn
1375 2831 1495 2858 Soliman
1509 2837 1684 2862 Occursurus,
1700 2834 1726 2857 ct
1742 2836 1805 2856 cum
