2014 3082
210 136 275 167 illi

702 134 885 164 EUTYClilI
909 132 1174 162 ALEXANDRINI
1196 133 1304 162 PATR.

1755 133 1823 165 1148

209 198 240 216 ιιι)
266 189 336 216 bello
361 189 520 216 decreturus
560 189 648 215 Naves
681 189 789 215 inierint
819 187 962 215 Almoctatl
979 207 986 217 .
1003 188 1023 217 Λ
1038 185 1155 214 Phaleco
1173 187 1259 221 ipsius
1283 187 1391 219 liberto,
1408 188 1563 223 «lucumque
1588 188 1680 220 ctetu’.
1709 189 1819 216 Oanm

210 234 279 259 ﬂuxo
299 234 325 259 in
344 234 411 260 mari
431 241 510 260 cursu
525 253 532 264 ,
560 241 591 260 ex
627 237 702 267 parte.
726 233 837 260 Teunisi
873 233 989 260 ilitiones

210 279 318 314 (Egypti
335 279 450 313 ejusque
461 279 539 306 villas
552 279 681 312 ingrcssrP.
697 283 768 305 sunt.
789 278 907 305 Navibus
920 286 988 312 prae-

208 325 294 351 lectus
311 323 360 350 fuit
373 323 520 350 Damianus
535 323 655 351 Gnaeus.
672 323 786 351 Profecti
800 331 864 358 ergo
879 325 988 359 quidam

209 377 223 394 η
240 369 354 395 ducibus
365 367 491 399 Harunis.
507 367 636 395 Datniano
654 370 678 396 in
696 370 756 396 vico
769 369 900 396 Tanubab
917 370 990 397 dicto

209 419 387 440 occurrerunt
398 433 407 447 ,
425 415 470 441 ubi
487 420 692 446 concurrentes.
706 423 766 441 cum
783 423 871 450 pugna
888 419 989 443 certas-

210 462 280 485 sent.
309 462 381 493 terga
405 459 537 486 dederunt
553 461 634 487 duces
650 460 779 487 llarunis.
795 460 896 487 Shibztn
909 461 990 487 etiam

210 503 266 530 Ebn
281 503 464 537 Mithammed,
484 505 539 532 Ebn
554 506 652 536 Tolun,
671 505 787 532 llarunis
802 505 858 532 Ebn
876 505 994 532 Chama-

209 549 320 576 rawailii
339 555 463 584 patruus,
475 549 609 577 llarunem
624 551 736 577 adortus
749 551 838 585 ipsum
856 550 992 578 interfecit

210 594 252 621 die
270 595 419 628 Dominico,
438 597 538 623 mensis
565 596 642 623 Safur
665 597 772 624 decimo
794 601 901 628 octavo,
919 603 991 622 anno

209 638 395 666 ducentesimo
420 641 596 675 nonagesimo
617 641 754 672 secundo,
772 645 852 676 atque
872 641 930 675 ipse
955 641 989 668 ad

210 683 264 711 dies
285 685 392 719 aliquas
408 694 497 713 rerum
513 687 614 721 potitus
631 692 682 715 est.
695 688 783 715 Duces
799 691 888 715 autem
903 687 993 714 Haru-

210 728 252 755 nis
275 728 308 756 ad
326 729 540 758 Mobammedem
559 730 615 758 Elin
633 732 752 758 Solitnan
764 733 925 763 scribentes,
941 732 992 759 im-

210 773 366 800 munitatetn
387 775 421 802 ab
440 775 499 809 ipso
515 775 670 809 petierunt;
688 784 742 810 qua
758 776 784 803 in
803 783 833 803 re
856 776 922 810 ipsis
940 783 990 801 an-

209 818 278 848 nuit.
302 823 382 853 :tlue
404 828 517 847 securos
535 828 594 847 csse
615 821 708 855 jussit.
727 821 925 856 Ingressusque
945 824 987 848 est

209 863 378 891 Mohammed
394 865 451 892 Ebn
468 865 596 900 Solyman
609 866 767 902 Egyptum,
782 868 888 893 nemine
905 866 990 900 impe-

209 909 299 936 diente
317 911 358 937 vel
385 911 546 945 repellente,
566 912 609 938 die
625 911 710 945 Jovis,
726 912 832 939 duobus
849 918 912 938 ante
930 911 991 938 lini-

210 959 264 982 tum
283 964 403 983 mensem
420 956 500 983 Safar
518 957 613 983 diebus
626 977 632 988 ,
654 964 725 985 anno
741 957 928 985 ducentesimo
945 966 993 984 no-

210 1002 350 1034 nagesimo
363 1002 494 1029 secundo.
509 1001 586 1035 Quod
601 1002 724 1030 videnfes
738 1003 839 1029 Shiban
853 1008 878 1030 et
894 1003 992 1031 fratres

209 1047 308 1081 ipsius,
324 1052 468 1082 postquam
484 1049 568 1077 aciem
582 1050 616 1076 ad
639 1057 686 1077 eos
712 1058 799 1085 pugna
817 1051 991 1085 excipiendos

210 1091 375 1119 instruxerat
390 1092 561 1120 Mohammed
578 1093 637 1121 Ebn
654 1094 794 1129 Solyman,
811 1095 869 1122 loco
882 1095 928 1130 qui
946 1096 992 1122 Al-

211 1135 295 1172 Riyab
309 1138 419 1168 dicitur.
432 1139 510 1173 juxta
527 1139 602 1166 urbis
617 1139 698 1167 Mcsri
711 1144 814 1174 portam
829 1160 836 1170 ,
854 1141 991 1174 petierunt

210 1188 235 1209 et
250 1183 302 1218 ipsi
316 1183 513 1211 immunitatem
531 1185 582 1212 sibi
598 1189 623 1212 ct
643 1185 816 1212 facultatibus
826 1185 908 1221 496
923 1186 991 1218 suis;

211 1229 236 1256 in
253 1236 305 1262 qua
325 1237 384 1256 cum
401 1229 467 1262 ipsis
484 1230 634 1261 annuisset,
650 1230 782 1263 dispersa:
796 1235 860 1256 sunt
873 1230 987 1256 Sbibani

211 1274 307 1308 copiae.
321 1273 408 1301 Jussit
424 1279 514 1300 autem
531 1275 699 1301 Slohammed
715 1274 772 1300 Ebn
792 1275 918 1309 Solymau
935 1282 993 1301 om-

210 1326 259 1345 nes
281 1323 415 1353 quotquot
439 1320 489 1352 ipsi
512 1319 626 1346 aderant
648 1327 681 1346 ex
707 1320 825 1346 l'larunis
846 1320 994 1347 comitibus

211 1363 297 1390 duces
320 1368 346 1390 ct
369 1365 473 1391 scribas
489 1364 643 1398 Bagdadum
660 1371 688 1391 se
707 1364 844 1395 conferre,
859 1372 912 1398 quo
931 1372 994 1399 ergo

210 1409 321 1442 profecti
338 1415 418 1441 sunt;
436 1410 492 1443 ipse
506 1410 531 1436 in
548 1409 666 1444 Egypto
680 1417 728 1437 sex
744 1417 853 1436 menses
870 1414 993 1437 moratus

210 1460 249 1481 est
271 1455 456 1489 :collcgilque
474 1464 489 1482 a
513 1455 610 1482 scribis
631 1460 658 1482 et
678 1455 793 1482 ducibus
817 1463 992 1482 nummorum

1041 233 1107 266 ipsis
1125 233 1222 267 prodiit
1249 233 1418 260 Mohammed
1436 233 1494 260 Ebn
1517 234 1558 260 Ali
1586 233 1644 261 Ehn
1660 234 1694 261 Al
1717 234 1819 268 Chalii,

1039 280 1101 306 dein
1121 287 1183 307 cum
1198 280 1345 307 comitibus
1358 280 1415 307 Suis
1432 280 1591 307 Phoslatum
1620 287 1746 308 reversus
1760 286 1822 314 est;

1039 331 1158 358 cumque
1175 325 1231 351 acri
1247 325 1398 352 certamine
1411 324 1596 355 dimicassent.
1610 325 1636 352 in
1651 324 1740 359 fugam
1757 333 1822 352 ver-

1040 376 1087 396 sus
1106 369 1275 396 Mohammed
1291 370 1347 396 Ebn
1364 370 1404 396 Ali
1429 369 1587 398 Phostatum
1612 378 1738 398 reversus
1750 371 1824 398 late-

1039 414 1102 442 bras
1115 416 1244 449 captavit.
1263 416 1362 443 Pbatec
1374 423 1450 451 ergo,
1459 423 1519 442 cum
1536 416 1567 443 iis
1579 416 1624 450 qui
1640 416 1691 450 ipsi
1707 416 1823 443 aderant

1041 461 1190 495 pra-foetis.
1207 461 1369 488 Phostalum
1389 462 1528 497 ingressus
1542 467 1593 488 est.
1609 462 1749 489 Accedens
1771 469 1823 488 au-

1042 510 1094 532 tem
1112 507 1152 532 vir
1166 506 1236 539 apud
1254 514 1334 540 quem
1355 507 1460 533 delituit
1480 506 1649 534 Mohammed
1674 508 1706 534 ΔΙ
1722 507 1824 539 Chalij,

1043 552 1092 579 lsa‘.
1105 551 1270 578 Nusherensi
1295 551 1427 578 indicavit
1443 552 1519 578 illum
1535 552 1606 586 apud
1624 559 1652 579 se
1672 560 1743 579 esse.
1770 552 1822 585 Qui

1045 604 1108 630 ergo
1124 597 1246 628 mittens,
1262 597 1348 630 ipsum
1364 597 1518 631 prehendit,
1534 597 1614 631 idque
1627 605 1720 624 mense
1733 595 1822 630 Rajeb

1041 650 1112 669 anno
1127 642 1314 669 ducentesimo
1330 643 1504 677 nonagesimo
1525 643 1615 674 tertio,
1639 649 1746 676 unaque
1761 649 1824 669 cum

1041 687 1198 717 comitibus,
1214 687 1349 719 afﬁnibus,
1364 687 1534 722 ducibusque
1549 695 1580 714 ac
1594 688 1693 714 scribis
1707 688 1778 717 suis.
1795 691 1824 714 et

1041 731 1087 766 qui
1104 732 1153 766 ipsi
1168 732 1296 757 auxilium
1311 732 1450 762 tulerant,
1467 732 1583 758 Eracum
1599 732 1722 758 abduxit.
1739 731 1824 758 Porro

1041 777 1109 803 obiit
1123 776 1153 803 Al
1165 776 1271 803 Muctafi
1285 776 1327 802 die
1344 775 1483 802 Dominico
1498 776 1598 803 mensis
1614 776 1652 802 Dil
1666 775 1763 802 Kaadaa
1779 776 1824 803 de«

1042 822 1113 849 cimo
1132 821 1222 852 tertio.
1236 829 1309 848 anno
1324 821 1510 848 ducentesimo
1525 821 1701 854 nonagesimo
1717 821 1825 855 quinto.

1043 866 1103 893 Fuit
1123 867 1268 894 chalifatus
1284 867 1371 901 ipsius
1387 873 1520 893 annorum
1537 874 1582 893 sex
1595 885 1603 897 ,
1628 873 1723 892 noch
1748 873 1825 892 men-

1039 914 1109 940 sium
1122 918 1147 940 et
1162 913 1250 940 bidui.
1271 913 1384 939 Maxima
1409 912 1479 946 apud
1503 912 1590 946 ipsum
1610 912 1636 938 in
1658 912 1743 945 gratia
1766 911 1825 938 fue-

1040 965 1112 990 runt,
1132 967 1228 994 resque
1244 959 1304 993 ejus
1316 959 1463 989 curabant,
1474 958 1504 984 Al
1518 958 1610 985 Abbas
1623 958 1709 985 Ebnol
1723 957 1826 985 llasain

1039 1005 1227 1035 consiliarius,
1247 1009 1274 1032 et
1290 1004 1390 1031 Phatec
1408 1005 1520 1030 libertus
1537 1004 1634 1038 ipsius.

1143 1049 1222 1084 500
1241 1049 1389 1084 Chalifntus
1407 1048 1590 1074 Alblokladert'
1610 1048 1714 1074 billaln'.

1074 1095 1255 1128 litauguratus
1280 1099 1321 1120 est
1341 1092 1515 1119 AlMoktader
1534 1092 1626 1119 billahi
1653 1091 1740 1118 laafar
1765 1092 1826 1119 Ebl

1040 1139 1142 1165 Ahmed
1167 1137 1323 1165 AlMotadcd
1353 1137 1457 1168 billabi.
1485 1137 1579 1163 eodem
1604 1137 1648 1164 die
1673 1144 1728 1170 quo
1758 1137 1827 1164 obiit

1044 1183 1127 1210 frater
1154 1183 1240 1217 ipsius
1272 1181 1424 1212 Almoctali.
1451 1182 1578 1209 videlicet
1601 1181 1646 1208 die
1671 1182 1826 1212 Dominico.

1043 1228 1151 1254 decimo
1167 1226 1246 1253 tertio
1274 1226 1377 1253 mensis
1394 1225 1525 1255 Dilkadse.
1551 1233 1623 1252 anno
1637 1225 1828 1252 ducentesima

1044 1273 1220 1307 nonagesimo
1234 1272 1341 1306 quinto.
1368 1272 1454 1299 Mater
1478 1273 1563 1306 ipsius
1578 1272 1733 1299 concubina
1762 1272 1826 1304 fuit,

1042 1317 1154 1344 nomine
1180 1317 1280 1344 Shaab.
1303 1316 1352 1344 Hic
1366 1317 1549 1348 AlAbbasum.
1568 1316 1662 1343 fratris
1677 1317 1719 1343 sui
1736 1316 1828 1343 consi-

1042 1362 1161 1394 liariumI
1178 1369 1211 1389 eo
1223 1370 1278 1397 quo
1293 1361 1343 1389 fuit
1360 1363 1419 1389 loco
1435 1369 1466 1389 ac
1484 1362 1618 1397 dignitate
1643 1361 1827 1393 eoiiﬁrmavit.

1043 1407 1196 1442 ipsumque,
1223 1408 1303 1435 rebus
1320 1408 1378 1435 suis
1398 1408 1557 1441 praeposuit.
1583 1407 1716 1434 Coierunt
1734 1411 1825 1434 autem

1046 1453 1131 1480 (luces
1147 1453 1232 1488 aliqui
1256 1460 1310 1488 quo
1335 1452 1516 1480 Abilollahum
1544 1452 1629 1479 Ebnol
1657 1452 1772 1479 Motazzi
1799 1452 1827 1479 in

211 1500 319 1528 circiter
334 1502 433 1527 millies
449 1501 522 1528 mille
544 1498 641 1529 a'urcos
660 1509 667 1528 :
686 1505 743 1528 tum
767 1501 884 1529 Eracum
902 1501 970 1528 abiit
983 1521 990 1534 ,
1008 1507 1030 1538 ο
1047 1498 1159 1533 imperio
1185 1499 1369 1530 conocafemi
1399 1497 1471 1525 unde
1496 1497 1612 1532 Baﬂdadi
1639 1498 1698 1525 dies
1725 1499 1829 1532 ³¹ίίῐ¹¹οι

211 1548 305 1575 reiicto
321 1548 347 1574 in
368 1545 498 1582 Egypto,
515 1552 659 1582 postquam
679 1547 736 1582 ipse
759 1547 796 1574 ibi
820 1555 867 1574 sex
888 1548 1003 1576 menses

210 1593 412 1627 insumpsissct.
424 1593 464 1619 lsa
482 1592 647 1619 Nushcrensi
660 1601 670 1624 ;
685 1592 794 1627 collegit
810 1593 892 1619 etiam
908 1593 994 1627 impe-

211 1638 295 1666 ratcri
308 1645 482 1664 nummorum
496 1645 511 1663 e
527 1638 674 1670 pr0vinciis
689 1638 787 1665 millies
799 1638 873 1664 mille
886 1645 995 1665 aureos.

211 1682 356 1709 Almoctaii
385 1688 475 1708 autem
492 1681 705 1709 Mobammedem
725 1683 784 1710 Ebn
802 1683 921 1710 Soliman
934 1691 995 1718 pre-

209 1729 326 1755 hensqu
348 1728 373 1753 in
389 1728 495 1754 vincula
512 1728 641 1762 conjecit,
657 1729 692 1755 ob
706 1736 771 1762 opes
785 1736 855 1763 quas
869 1729 896 1756 in
910 1728 995 1764 Egy.

212 1777 256 1808 pto
274 1773 419 1807 collegerat
442 1774 469 1800 in
495 1773 625 1800 rationem
639 1781 701 1800 eum
728 1781 842 1801 vocans.
861 1774 995 1802 Prodiens

210 1822 302 1846 autem
316 1818 343 1845 in
357 1818 434 1849 Syrio
449 1819 557 1853 quidam
572 1827 586 1846 e
599 1818 858 1852 ducibus‘Harunis,
873 1819 995 1859 MOil-all'l-

210 1864 272 1891 med
289 1864 347 1891 Ehn
363 1865 406 1890 Ali
421 1865 453 1891 Al
466 1865 555 1899 Chalij
571 1865 734 1899 appellatus,
749 1865 830 1892 exiis
843 1865 888 1900 qui
906 1866 933 1892 in
948 1865 997 1899 Sy-

213 1911 249 1938 ria
266 1918 327 1938 cum
343 1910 531 1938 Mohammede
546 1911 602 1937 Elin
616 1910 737 1938 Soliman
755 1915 922 1942 manserunt,
941 1911 997 1937 col-

212 1958 280 1984 lecta
297 1956 348 1983 sibi
365 1957 444 1983 turba
468 1956 607 1983 hominum
633 1956 711 1983 mista
723 1976 729 1988 ,
747 1957 773 1982 in
797 1955 863 1982 urbe
881 1955 997 1981 Ramlah

212 2003 303 2031 sedem
325 2002 393 2029 fixit.
411 2002 488 2035 Quod
512 2010 572 2029 cum
590 2002 640 2029 Iste
654 2001 823 2029 Nushercnsi
842 2001 997 2028 nuntiatum

212 2053 292 2079 esset,
307 2049 365 2083 ipse
387 2056 448 2075 cum
475 2049 505 2075 Al
530 2048 650 2075 Hosaino
668 2048 724 2075 Ebn
743 2048 846 2075 Alnned
874 2047 998 2074 Modera-

213 2095 302 2126 nrnsi,
315 2094 360 2122 cui
376 2102 527 2128 cognomen
543 2094 602 2121 Abu
616 2094 714 2123 Zinua.
725 2097 752 2120 et
766 2100 826 2127 quae
841 2093 867 2118 in
881 2091 999 2126 Egypto

1046 1549 1135 1571 ortum
1161 1547 1203 1571 est
1229 1544 1349 1572 bellum:
1377 1543 1494 1577 emtique
1527 1548 1591 1570 sunt
1617 1543 1742 1570 AlAbl:as
1770 1543 1828 1570 Ebn

1046 1587 1149 1616 Hosain
1166 1589 1340 1616 consiliarius
1353 1593 1381 1615 et
1398 1588 1508 1620 Pbatec,
1522 1594 1616 1614 mense
1631 1587 1717 1614 Rabia
1736 1592 1828 1621 poste-

1048 1633 1130 1665 riore,
1159 1641 1232 1660 anno
1249 1634 1438 1660 ducentesimo
1456 1633 1634 1666 nonagesimo
1658 1639 1740 1659 nono.
1762 1632 1829 1659 Pre-

1047 1676 1147 1704 hensus
1169 1677 1249 1703 etiam
1275 1681 1316 1704 est
1342 1677 1474 1703 Abdollab
1503 1676 1588 1703 Ebnol
1615 1675 1730 1702 Motazzi
1756 1680 1782 1702 et
1801 1676 1829 1702 iu

1045 1723 1151 1749 vincula
1177 1722 1330 1756 conjectus.
1351 1722 1543 1749 Consiliarium
1572 1727 1660 1749 autent
1686 1721 1829 1748 constituit

1045 1768 1229 1800 Allilolttndar,
1262 1768 1331 1794 Alim
1364 1767 1422 1794 Ebn
1456 1767 1637 1797 Mohammed.
1669 1766 1726 1793 Ebn
1752 1766 1829 1794 Musa

1045 1814 1130 1841 Ebnol
1147 1813 1257 1840 Phorat.
1276 1813 1361 1840 Porro
1378 1812 1480 1847 prodiit
1508 1813 1535 1839 in
1553 1812 1695 1839 occidente
1710 1813 1750 1837 vir
1763 1812 1829 1845 qui-

1045 1858 1106 1885 dam
1135 1860 1242 1885 nomine
1276 1858 1410 1885 Abdollah
1437 1857 1612 1884 Alllobtaseb
1637 1857 1740 1887 biliahi,
1768 1856 1829 1890 qui,

1047 1902 1116 1930 fusis
1132 1903 1209 1930 Ebnil
1227 1903 1321 1937 Aglabi
1347 1902 1445 1936 c0piis,
1473 1903 1604 1935 caesisque
1619 1902 1704 1936 ipsius
1721 1901 1830 1928 comiti.

1048 1948 1110 1980 bus,
1128 1947 1301 1975 Occidentem
1320 1947 1473 1981 occupavit.
1495 1947 1517 1973 Δ
1533 1955 1587 1981 quo
1615 1946 1720 1980 fugiens
1743 1946 1829 1980 Zaya-

1048 1992 1178 2019 dalollahi
1206 1993 1263 2019 Ebn
1290 1992 1460 2019 Mohamtned
1484 1991 1541 2018 Ebn
1569 1991 1711 2020 Abrahim,
1744 1990 1830 2016 Ebnol

1046 2038 1141 2072 Aglub,
1175 2039 1323 2072 assumptis
1346 2037 1397 2064 sibi
1423 2037 1582 2064 domesticis
1611 2043 1643 2063 ac
1669 2037 1830 2064 necessariis

1048 2085 1118 2116 suis,
1142 2084 1169 2110 in
1185 2083 1331 2118 Egyptum
1347 2091 1377 2110 se
1393 2082 1518 2114 contulit,
1536 2089 1617 2116 quam
1633 2082 1773 2116 ingressus
1789 2086 1831 2108 est

213 2145 302 2168 assam
317 2139 403 2173 copiis
414 2127 515 2166 contra
534 2138 751 2166 Mohammedem
769 2138 827 2165 Ebn
844 2138 886 2164 Ali
903 2137 990 2171 Chalij

1051 2138 1144 2157 tneuse
1169 2129 1320 2162 Ramadan,
1347 2136 1419 2155 anno
1442 2127 1631 2155 ducentesimo
1653 2127 1830 2160 nonagesimo

213 2193 299 2220 Ipsum
316 2189 500 2220 oppugnatum
518 2183 634 2218 prodiit;
644 2188 672 2209 at
682 2190 743 2210 cum
757 2182 911 2209 nuntiatum
925 2185 997 2208 esset

213 2231 277 2262 illis,
295 2237 392 2265 magna
415 2230 501 2263 ipsum
521 2229 697 2256 multitudine
713 2228 876 2255 instructum
900 2226 997 2259 fuisse,

212 2275 313 2303 reversi
333 2279 413 2306 sunt,
431 2282 484 2301 una
499 2281 560 2301 cum
586 2274 687 2301 ducum
712 2278 793 2305 ccelu,
818 2272 996 2303 Phostalum;

213 2322 275 2349 iniii‘
285 2321 310 2347 in
327 2321 438 2347 Al'izum
456 2328 483 2346 se
496 2320 668 2354 recipientes.
683 2323 780 2353 pontes
792 2318 861 2345 duos
875 2317 997 2344 succisos

212 2368 434 2396 Combusserunt,
452 2373 485 2392 ue
512 2366 585 2399 ipsos
611 2368 802 2398 assequcrctur
828 2364 997 2390 Mohammed

213 2413 271 2440 Elin
295 2413 337 2438 Alt
369 2411 400 2438 Al
426 2410 526 2445 Chulij.
554 2410 677 2445 Cumque
704 2410 772 2437 alios
803 2409 917 2436 subinde
946 2408 999 2435 alio

211 2457 393 2494 497499
409 2458 656 2491 proﬁciscerentur,
670 2463 742 2482 nunc
756 2455 783 2482 in
795 2454 998 2485 Alexandriam,

214 2509 279 2531 tunc
295 2504 322 2530 in
340 2503 374 2529 Al
392 2502 503 2529 Saiilum
516 2522 523 2534 ,
539 2501 632 2528 relicta
647 2501 698 2528 fuit
716 2501 781 2527 urbs
800 2500 914 2527 Phostat
935 2499 996 2525 sine

214 2550 380 2584 imperatore
393 2569 400 2580 ,
417 2549 502 2575 aliove
518 2547 646 2582 quodam,
660 2545 903 2578 custodiebantque
920 2552 935 2571 e
952 2551 1000 2578 po-

214 2595 279 2628 pulo
293 2594 337 2620 alii
351 2594 419 2620 alios
435 2601 481 2627 per
496 2593 618 2627 quinque
634 2592 702 2618 dies.
719 2591 787 2617 Tum
812 2590 906 2617 urbem
920 2588 1001 2616 Mesri

215 2640 359 2673 ingressus
379 2643 420 2666 est
435 2638 605 2665 Mohammcd
629 2637 687 2664 Ebn
705 2637 745 2663 Ali
761 2635 850 2669 Chabj
866 2635 910 2662 die
927 2633 1002 2662 lovis

214 2685 323 2712 decimo
352 2689 451 2720 quarto
471 2689 533 2710 ante
560 2683 665 2709 finitntn
690 2689 809 2709 mensem
835 2680 1002 2712 DilKaadze,

216 2739 290 2759 anno
301 2731 491 2758 ducentesimo
504 2729 680 2764 nonagesimo
691 2728 822 2759 secundo.
836 2727 928 2761 ibique
941 2730 1003 2753 octo

218 2784 328 2805 menses
344 2777 476 2808 substitit.
498 2784 565 2811 opes
584 2776 732 2809 colligens:
747 2775 886 2808 crevitque
903 2779 999 2806 polen-

219 2821 257 2849 tia
270 2822 364 2858 ipsius.
375 2821 443 2849 Tum
460 2821 669 2848 :ulvcutautibus
682 2819 819 2847 Al.\loct:tfi
835 2819 920 2852 copiis
934 2825 996 2844 cum

1047 2182 1140 2208 Sexto;
1159 2180 1214 2202 tum
1233 2174 1265 2201 ad
1283 2174 1405 2201 Ramlam
1434 2172 1582 2207 profectus,
1603 2171 1778 2206 501-503
1795 2171 1832 2198 ibi

1048 2222 1135 2248 donec
1160 2221 1231 2248 diem
1259 2220 1350 2247 obiret
1374 2226 1404 2246 se
1431 2218 1575 2245 continuit.
1610 2219 1669 2245 Abu
1699 2217 1832 2244 Abdollah

1047 2267 1224 2294 Almohtaseb
1258 2273 1333 2298 vero,
1363 2265 1408 2299 qui
1444 2265 1470 2290 in
1505 2263 1648 2290 occidente
1679 2263 1833 2292 rebellavit.

1048 2313 1190 2347 quemdam
1217 2311 1263 2346 qui
1294 2318 1324 2338 se
1358 2310 1495 2337 Aliensem
1526 2309 1694 2343 praedicavit,
1723 2308 1834 2335 nomine

1048 2358 1206 2386 Obaidallah
1231 2359 1400 2389 assumptum
1416 2355 1442 2381 in
1459 2354 1529 2381 solio
1552 2354 1704 2385 collocavit,
1729 2353 1834 2386 ﬁdeque

1049 2405 1086 2432 illi
1102 2405 1162 2430 data
1185 2401 1334 2438 [homines]
1363 2400 1397 2427 ad
1417 2400 1503 2435 ipsius
1520 2399 1681 2433 obsequium
1699 2398 1834 2424 invitavit.

1049 2451 1091 2477 Ali
1107 2449 1265 2477 Obaidallah
1295 2455 1358 2475 vero
1375 2447 1435 2474 Abu
1462 2445 1644 2472 Abdollahum
1661 2443 1834 2471 AlMobtaseb

1050 2497 1164 2524 adortus
1193 2496 1281 2530 ipsum
1307 2493 1456 2524 interfecit,
1489 2496 1571 2526 atque
1588 2491 1646 2525 ipse
1662 2484 1834 2516 occidentem

1051 2541 1205 2576 occupavit.
1226 2546 1298 2566 anno
1325 2537 1515 2565 ducentesimo
1534 2534 1711 2569 nonagesimo
1726 2537 1834 2559 octavo.

1051 2588 1135 2615 l’orro
1164 2585 1356 2616 AlMoktader,
1389 2583 1431 2610 Ali
1461 2582 1517 2609 Ebn
1547 2578 1719 2607 Mohammed
1749 2577 1835 2604 Ebnol

1051 2633 1169 2659 Phorato
1185 2631 1283 2664 iratus,
1299 2636 1395 2657 mense
1411 2626 1549 2662 Dilliajjze,
1563 2632 1635 2652 anno
1646 2622 1835 2651 ducentesimo

1052 2679 1228 2713 nonagesimo
1254 2683 1338 2709 nono,
1365 2675 1454 2709 ipsum
1488 2673 1517 2700 in
1541 2677 1681 2700 carcerem
1709 2666 1836 2701 conjecit,

1054 2724 1212 2752 consiliario
1226 2723 1278 2750 sibi
1294 2722 1445 2749 constituto
1460 2717 1650 2746 Mohammedc
1668 2715 1724 2742 Ebn
1739 2713 1835 2740 Abdol-

1058 2770 1124 2804 inhi,
1142 2771 1199 2797 Ebn
1212 2768 1321 2804 Yahym,
1338 2767 1396 2794 Ebn
1410 2765 1551 2797 Chakano,
1566 2763 1612 2798 qui
1629 2764 1836 2795 cognomentum

1055 2816 1150 2844 habuit
1178 2815 1268 2842 Dakka
1295 2813 1417 2841 Sedraho
1437 2810 1562 2843 [pulsans
1595 2812 1706 2840 uectus,
1743 2810 1839 2835 nempe
