2014 3082
142 180 209 212 illi)

857 173 1038 204 ANNALES.

1698 170 1764 202 1150

140 237 212 268 mind
232 243 293 263 cum
313 235 373 269 quis
389 235 423 261 ab
439 242 470 261 eo
497 233 598 268 aliquid
619 237 722 268 peteret
746 236 842 267 pectus
870 230 922 257 sibi
940 230 962 260 Α
979 230 1143 257 instructttm
1163 228 1296 255 exercitu.
1313 227 1409 254 Castra
1424 226 1507 261 igitur
1522 230 1673 260 posuerunt
1686 233 1763 251 cxer-

142 284 250 315 pulsare
265 282 365 308 soleret
393 287 425 306 ac
438 279 546 307 dicere:
577 277 643 310 lino,
671 277 793 305 exhibito
809 276 856 303 libi
877 276 927 303 ho-

142 332 219 352 nore.
236 325 314 352 Anno
329 323 475 351 chalil'atus
492 323 675 350 AlMolttaderi
693 322 773 349 tertio
790 321 928 349 constitu-

141 375 187 398 tus
201 375 243 398 est
261 370 314 397 Leo
333 370 488 404 patriarcha
504 367 780 403 Hierosolymitanus,
806 365 851 400 qui
880 373 928 391 an-

142 422 194 442 nos
209 414 402 448 septemdecim
417 413 497 444 sedit,
521 412 585 439 dein
605 415 729 438 mortuus
745 413 797 437 est.
813 408 884 442 Quin
900 411 927 434 et

142 459 320 492 conﬂagravit
337 457 509 485 Alexandria
535 456 651 484 ecclesia
669 463 767 490 magna
793 461 853 489 quae
882 453 927 479 Al-

142 505 267 532 Kaisaria
299 503 441 540 [Casaria]
463 503 598 537 appellata
613 506 667 533 est,
685 501 870 535 templumque
887 499 930 525 l'u-

142 554 202 577 erat
222 548 294 583 quod
319 549 464 582 Cleopatra
490 547 585 580 regina
610 545 729 573 Saturno
749 551 858 572 sacrum
884 551 930 570 ex-

142 599 290 626 struxerat.
317 594 359 620 die
377 593 458 624 lunte,
475 592 556 619 tertio
577 591 680 618 mensis
700 589 830 622 Sliawali,
848 596 920 615 anno

143 639 348 668 trecentesimo.

178 685 216 712 Eo
238 693 310 712 anno
328 691 421 711 mense
445 682 530 710 Rabia
553 683 706 718 posteriore
733 682 809 709 misit
829 680 928 709 Obaid-

144 731 217 759 allati
241 730 385 765 quemdam
402 737 417 756 e
438 729 556 756 ducibus
572 728 640 759 suis.
666 728 775 755 nomine
791 726 927 758 Habbasa,

144 775 238 803 multis
253 776 415 802 instructum
433 774 530 808 copiis,
549 775 594 809 qui
611 774 724 801 Barkam
744 775 834 809 cepit;
852 777 926 806 terga

143 821 182 848 illi
209 821 338 848 dantibus
356 820 385 848 Al
410 819 569 849 Moktaderi.
593 820 640 853 qui
658 819 693 847 ibi
716 823 795 847 erant
828 819 924 852 copiis.

143 867 224 902 505
236 867 304 894 Tum
317 867 508 894 Alexandriam
525 868 675 903 profectum
690 874 779 902 pugna
794 866 829 893 ibi
844 873 922 893 exce-

143 913 281 947 peruntAl
294 913 438 940 Mokalderi
450 915 598 945 exercitus,
612 913 711 947 quibus
724 913 749 939 in
765 911 854 946 fugam
870 919 930 938 ver-

145 958 185 984 sis
199 958 392 985 Alexandriam
408 959 488 991 cepit.
503 958 575 986 Misit
587 960 668 985 ctiatn
682 967 696 985 c
710 958 765 985 suis
779 957 927 985 exercitum

142 1004 286 1039 quemdam
312 1004 342 1030 Al
366 1003 535 1038 Phayumum
553 1009 579 1031 et
604 1004 634 1030 Al
652 1004 805 1031 Balmasam
828 1011 929 1037 easque

143 1049 227 1084 cepit.
255 1048 340 1081 Cujus
369 1049 406 1075 rei
432 1056 492 1075 cum
519 1057 568 1082 per
591 1049 697 1077 litteras
719 1048 927 1076 Obaidallahnm

143 1093 289 1120 certiorem
314 1092 435 1124 recessit,
460 1093 534 1120 misit
549 1093 606 1127 ipse
621 1093 654 1119 ad
671 1101 732 1120 etim
748 1093 832 1120 tilittm
848 1100 927 1120 suum

142 1137 356 1165 Aliulkasemum
380 1138 423 1171 (ili
450 1138 503 1164 alio
525 1139 672 1172 exemplari
702 1139 801 1165 dicitur
821 1138 928 1165 Abder-

147 1184 321 1214 rabmanum,
337 1191 400 1210 cum
413 1183 535 1210 exercitu
551 1191 648 1218 magno
659 1183 686 1210 in
703 1184 840 1218 suppetias
855 1183 928 1210 Hab-

146 1228 246 1261 basazi.
267 1227 325 1254 Fuit
343 1232 434 1254 autem
459 1228 601 1262 praefectus
616 1227 725 1263 Egypti
742 1229 844 1255 Tacciu
859 1228 928 1256 Cha-

146 1273 274 1303 selensis.
299 1273 331 1299 ad
358 1281 436 1306 quem
468 1273 542 1300 misit
556 1274 587 1299 Al
615 1273 753 1300 Moktader
776 1275 807 1300 Al
829 1274 926 1301 Kasetn

145 1318 202 1345 Ebn
228 1318 320 1350 Samo,
338 1326 390 1344 una
405 1326 466 1344 cum
484 1319 599 1345 ducibus
616 1319 734 1352 aliquam
754 1320 857 1352 multis,
877 1327 927 1346 nec

143 1372 197 1391 non
217 1364 360 1390 Muuasuut
384 1363 552 1396 eunuchum,
568 1368 595 1390 ct
617 1363 759 1397 Hawaum,
783 1373 860 1398 opem
891 1366 928 1392 illi

145 1410 264 1436 laturos.
287 1408 319 1436 Hi
338 1409 364 1436 in
384 1409 489 1435 Allizab
511 1408 625 1443 profecti
645 1410 774 1444 populqu
796 1411 828 1436 ad
851 1411 929 1437 anxi-

143 1454 209 1480 linm
233 1458 430 1482 eonvocaruut.
457 1461 573 1488 quorum
590 1454 623 1480 ad
640 1454 714 1487 ipsos
730 1454 812 1482 armis
828 1454 930 1482 instru-

143 1500 179 1526 cti
195 1505 382 1526 convenerunt
398 1500 508 1526 circiter
523 1501 626 1527 centies
643 1499 725 1526 mille.
741 1500 846 1532 Quibus
862 1507 923 1526 cum

143 1543 311 1579 [Ilabbasah]
328 1553 387 1571 cum
405 1545 492 1579 copiis
512 1545 570 1572 suis
584 1545 611 1571 in
633 1552 777 1571 occursum
794 1545 925 1575 venisset,

145 1591 208 1623 ipsi.
226 1591 283 1617 acie
299 1590 442 1621 instructa,
455 1597 543 1625 pttgna
561 1591 648 1624 ipsum
664 1596 924 1624 exceperum.com-

145 1635 317 1669 missumque
334 1640 376 1662 est
397 1636 466 1662 inter
488 1637 562 1669 ipsos
586 1636 709 1670 praelium
734 1635 794 1662 loco
807 1636 924 1669 quodam

144 1681 240 1709 insulae
253 1690 313 1716 quae
324 1682 415 1708 Ardol'
426 1681 553 1708 Chatusin
566 1681 648 1716 [terra
661 1678 924 1716 quinquagenorum]

143 1726 230 1752 audit.
247 1727 275 1752 in
295 1727 385 1761 l'ngam
410 1731 501 1753 autem
525 1733 621 1753 versus
637 1730 679 1753 est
700 1724 825 1753 Habbasa
849 1725 925 1751 caesis

144 1772 290 1799 comitibus
310 1771 396 1804 ipsius
411 1771 559 1805 peditibus.
576 1778 646 1806 quos
662 1771 800 1798 insecutus
818 1774 860 1797 est
877 1777 925 1804 po-

143 1818 225 1852 pulus
241 1825 248 1844 :
264 1822 288 1843 at
306 1817 343 1843 illi
359 1817 384 1843 in
401 1817 531 1851 populum
548 1817 637 1843 denuo
649 1816 772 1843 conversi
786 1823 926 1850 quoscun-

143 1870 197 1897 que
213 1863 309 1889 obvios
325 1863 477 1889 habnt-runt
493 1863 666 1890 interfecere.
680 1863 757 1895 Quod
775 1870 836 1889 cum
859 1866 927 1888 tent-

143 1915 210 1942 pore
231 1908 388 1941 vespertino
408 1908 579 1942 contigisset,
594 1907 703 1934 diremit
719 1915 766 1934 cos
780 1915 843 1934 nox.
857 1906 926 1934 Ctesi

145 1956 234 1978 autent
252 1956 316 1978 sunt
331 1959 345 1978 e
363 1952 462 1986 populo
475 1953 586 1978 circiter
604 1953 687 1978 vicies
702 1952 775 1978 inille
788 1961 795 1984 ;
810 1960 841 1979 ex
857 1952 928 1979 llab~

143 1996 217 2023 basa:
233 1996 364 2023 militibus
378 1997 469 2023 decirs
485 1997 556 2022 mille
571 2005 578 2023 ε
597 1998 753 2030 reversique
766 2002 830 2024 sunt
846 1998 928 2024 Obai‘

144 2041 318 2068 tlallaltisocii
343 2046 441 2074 noctu;
458 2041 585 2076 populum
601 2041 775 2076 505-507
789 2050 852 2069 vero
863 2051 928 2069 con-

147 2090 280 2112 vocarunt
302 2092 451 2119 praecones.
467 2085 557 2112 Rediit
571 2094 634 2120 ergo
658 2087 727 2113 Atul
742 2087 839 2114 Kasem
864 2095 927 2115 cum

144 2131 292 2158 comitibus
308 2136 335 2157 et
352 2132 438 2165 copiis
460 2131 518 2158 suis
533 2133 561 2158 in
583 2131 768 2159 occidentem.
785 2132 870 2159 Porro
895 2133 928 2159 Al

145 2175 285 2202 Muttatler
298 2175 338 2202 Ali
356 2176 411 2202 Elin
427 2175 596 2203 Multammed
611 2177 667 2203 Ebn
683 2177 854 2208 Obaidallalt,
870 2178 927 2204 Ebn

977 277 1047 304 citus
1065 276 1091 302 in
1105 276 1135 302 Al
1151 275 1241 307 lizab;
1260 278 1325 301 tunc
1345 277 1436 300 autent
1455 273 1488 299 ab
1506 271 1687 299 Obaidallaho
1699 278 1765 297 cen-

978 326 1033 347 tnm
1055 328 1137 347 naves
1154 319 1260 346 bellicis
1287 318 1383 345 usibus
1408 321 1527 351 paratae;
1551 324 1667 351 qttartttn
1687 322 1764 343 octo-

977 367 1052 402 ginta
1079 374 1172 394 earum
1200 373 1270 397 quas
1291 364 1322 391 Al
1346 363 1443 390 Homul
1469 361 1633 398 [onerarias]
1655 366 1764 392 vocant.

977 413 1076 448 viginti
1105 420 1198 439 earum
1226 419 1295 446 quas
1319 409 1555 442 Asliareui:quaa
1581 407 1613 433 al
1644 406 1759 433 Rasliidi

982 461 1084 488 moenia
1104 459 1277 494 appulerunt.
1295 456 1380 491 Cujus
1397 455 1435 482 rei
1455 461 1517 480 cum
1534 453 1644 487 scriptis
1670 452 1766 479 littcrEs

979 507 1011 533 AI
1041 505 1226 533 Moktaderum
1253 504 1395 531 certiorem
1425 500 1535 528 fecisset
1561 499 1666 529 Mones.
1692 498 1766 524 misit

981 553 1026 579 ille
1052 552 1213 578 Tbamalum
1241 549 1398 577 eunuchum
1426 553 1489 574 cum
1520 545 1636 572 navibus
1663 544 1767 570 bellic‘s

981 598 1194 632 quinquaginta.
1230 596 1386 623 Occurrens
1420 600 1486 628 ergo
1519 593 1586 626 ipsis
1617 590 1767 618 Thamalns

981 643 1064 678 508
1088 650 1172 670 naves
1189 649 1282 669 eorum
1304 640 1459 668 contractas
1485 639 1618 668 incendit.
1642 636 1768 671 plurimis

978 689 1098 723 ipsornnt
1114 688 1191 715 caesis
1205 693 1230 714 et
1245 687 1411 718 submersis,
1429 686 1520 712 multis
1538 685 1618 711 etiam
1635 684 1661 710 in
1681 683 1763 709 [idem

979 734 1063 768 recipi
1093 741 1123 762 se
1147 733 1313 768 petentibus,
1336 739 1384 759 eos
1400 736 1491 758 autem
1508 731 1553 765 qui
1578 731 1604 756 in
1626 729 1704 756 iidem
1724 735 1768 753 re-

976 779 1047 814 cepti
1077 779 1197 811 fuerant,
1231 779 1258 805 in
1279 777 1425 812 (Egyptum
1457 776 1554 803 misit:
1580 775 1680 809 quibus
1700 773 1768 800 dixit

976 825 1091 860 populus
1112 833 1119 852 :
1141 823 1269 858 Quisquis
1301 823 1382 850 iuuerit
1410 830 1424 849 e
1447 822 1522 848 vobis
1555 820 1762 850 Cethameusis.

975 867 1032 897 5ea
1050 869 1192 900 Siciliotis.
1217 868 1355 896 Africanis
1380 872 1406 895 et
1431 867 1607 901 Tripolitanis
1633 868 1767 899 segreget.

979 915 1047 942 Cum
1063 914 1241 942 secessissent
1257 921 1321 947 ergo
1336 913 1367 939 Al
1384 913 1571 942 Cctamcuscs.
1589 911 1634 946 qui
1652 917 1768 936 numero

981 960 1050 986 ultra
1079 959 1240 994 quingentos
1266 962 1355 989 erant,
1373 958 1481 984 irruens
1506 958 1533 983 in
1551 957 1625 990 ipsos
1642 956 1768 989 populus.

977 1006 1039 1033 illos
1054 1005 1113 1032 loco
1136 1006 1181 1040 qui
1198 1004 1316 1031 Ainakas
1335 1004 1445 1035 dicitur,
1464 1004 1537 1030 caede
1565 1002 1719 1034 turpissima
1738 1009 1769 1027 ac

978 1051 1129 1079 foedissima
1150 1051 1231 1078 simul
1256 1059 1271 1078 e
1296 1049 1385 1076 medio
1409 1049 1531 1076 sustulit.
1560 1048 1658 1074 Mansit
1679 1051 1768 1074 autem

980 1096 1076 1124 Munes
1100 1097 1244 1124 eunncltus
1260 1103 1322 1123 cum
1339 1094 1425 1128 copiis
1441 1095 1498 1121 suis
1514 1095 1540 1120 in
1559 1093 1587 1119 Al
1605 1092 1678 1120 lizab
1694 1092 1771 1118 bien-

976 1142 1032 1172 nio.
1047 1141 1117 1168 vallo
1131 1141 1280 1168 exercitum
1297 1140 1430 1166 munitum
1467 1138 1580 1165 habens.
1601 1136 1770 1164 Ahulliascm

977 1190 1067 1213 autem
1081 1185 1255 1213 Alexandriae
1270 1183 1380 1214 mansit,
1394 1187 1475 1216 atque
1491 1182 1554 1208 inde
1568 1182 1599 1208 Al
1614 1181 1769 1215 Pbaymutn

978 1231 1119 1267 profectus
1147 1235 1199 1258 cst.
1227 1229 1345 1264 Scripsit
1370 1235 1435 1262 ergo
1454 1228 1548 1254 Mttncs
1572 1226 1716 1254 eunuchus
1732 1224 1767 1252 ad

982 1277 1143 1305 Tliamalum
1166 1276 1335 1307 eunuchum,
1354 1279 1384 1301 ut
1408 1282 1469 1300 cum
1491 1273 1608 1300 naribus
1632 1272 1690 1299 suis
1707 1272 1770 1297 Ale-

981 1322 1124 1349 xandriam
1144 1321 1238 1348 adiens
1253 1323 1360 1355 (neque.
1376 1320 1448 1346 enim
1465 1318 1638 1346 Alexandria:
1663 1321 1740 1343 erant
1754 1324 1769 1342 e

980 1368 1066 1402 copiis
1080 1367 1272 1399 AbulKasetni,
1287 1370 1385 1400 prater
1397 1369 1532 1392 trecentos
1548 1364 1660 1389 circiter
1673 1361 1770 1395 viros),

981 1413 1041 1446 ejus
1064 1412 1167 1439 incolas
1189 1415 1356 1446 asportaret,
1378 1418 1428 1437 nec
1450 1417 1614 1443 quemquam
1638 1408 1673 1435 ibi
1693 1407 1772 1434 babi-

982 1462 1042 1484 tare
1058 1457 1168 1484 sineret.
1194 1456 1386 1483 Alexandriam
1412 1463 1478 1490 ergo
1502 1463 1584 1481 naves
1602 1461 1670 1481 snas
1688 1453 1774 1479 addu-

979 1509 1044 1528 cens
1059 1500 1218 1529 Tltamalus.
1236 1508 1284 1534 per
1308 1507 1459 1535 praeconem
1482 1500 1596 1526 monuit.
1612 1500 1633 1526 si
1651 1502 1772 1525 maneret

944 1556 965 1584 ο
984 1545 1157 1572 Alexandria:
1177 1550 1236 1579 post
1254 1545 1375 1571 tridunttt
1401 1545 1549 1578 quispiam,
1573 1552 1602 1571 se
1627 1544 1664 1570 illi
1689 1546 1772 1576 caput

989 1594 1205 1624 amputaturum.
1235 1589 1364 1616 Homines
1384 1596 1448 1622 ergo
1478 1589 1571 1615 relicta
1600 1587 1772 1622 supellectile

982 1643 1043 1667 tua,
1061 1641 1086 1662 et
1101 1643 1161 1669 quae.
1176 1635 1358 1669 possederunt
1369 1633 1507 1665 omnibus.
1521 1633 1677 1667 clausisque
1691 1632 1773 1660 ostiis

985 1681 1054 1713 suis,
1071 1680 1174 1715 egressi
1191 1685 1255 1707 sunt
1281 1679 1446 1706 Alexandria
1464 1679 1550 1706 instar
1565 1685 1660 1705 eorum
1677 1679 1723 1713 qui
1741 1685 1771 1704 so

981 1725 1131 1752 oblectandi
1144 1725 1228 1760 gratia
1239 1725 1416 1759 egrediuntur
1426 1733 1433 1750 :
1445 1723 1612 1757 abduxitque
1621 1722 1773 1756 ip~osTlta—

982 1772 1070 1797 maius
1087 1770 1202 1797 navibus
1218 1770 1243 1796 itt
1259 1770 1385 1800 insulam,
1402 1777 1462 1804 quae
1479 1769 1567 1795 insula
1582 1769 1659 1795 Abuk
1671 1769 1704 1795 uir
1720 1776 1771 1803 ap-

981 1815 1117 1849 pellatur:
1132 1815 1265 1842 submcrsi
1275 1820 1364 1841 autem
1376 1819 1440 1841 sntit
1453 1822 1484 1840 ex
1497 1815 1512 1844 i1
1524 1815 1562 1841 s's
1575 1813 1600 1840 in
1612 1813 1771 1840 Nilomnlti.

981 1859 1157 1895 509-511
1188 1859 1331 1886 Perierunt
1357 1859 1440 1885 ctiam
1461 1866 1556 1885 eorum
1586 1858 1656 1884 fame
1669 1862 1695 1883 ot
1715 1859 1772 1890 siti,

983 1904 1011 1931 in
1039 1904 1114 1939 pagis
1129 1909 1157 1931 et
1172 1904 1303 1934 Phostati,
1321 1904 1391 1930 ultra
1407 1903 1523 1930 ducenta
1540 1905 1658 1930 virorum
1674 1910 1726 1937 pue
1741 1910 1774 1929 o-

985 1958 1045 1977 rutn
1061 1955 1086 1978 et
1100 1951 1242 1977 mulierum
1258 1949 1324 1976 milli
1336 1959 1353 1977 ι.
1367 1949 1521 1982 Mansitque
1537 1949 1612 1976 lorus
1623 1949 1772 1979 desolatus.

987 1995 1095 2022 nemine
1126 1996 1152 2022 in
1178 1995 1237 2029 ipso
1261 2001 1396 2022 manente.
1411 1993 1486 2021 Fecit
1513 1998 1602 2021 autem
1628 1994 1678 2021 hoc
1702 1993 1774 2020 Tha-

986 2040 1086 2069 ntalus.
1103 2047 1136 2066 ne
1155 2040 1186 2065 Al
1207 2039 1347 2075 Pltayutno
1369 2039 1476 2066 rediens
1496 2038 1668 2066 AbulKasetn
1685 2039 1773 2065 locum

989 2085 1125 2111 inveniret
1142 2085 1187 2112 ubi
1208 2085 1327 2120 hospitio
1350 2086 1532 2120 exciperetur.
1562 2084 1663 2112 Deinde
1679 2084 1773 2111 Mnnes

983 2131 1126 2158 eunuchus
1143 2131 1268 2158 collectis
1293 2131 1391 2165 copiis,
1419 2137 1514 2158 contra
1540 2130 1617 2157 illum
1643 2130 1675 2156 Al
1700 2129 1770 2156 Plia-

984 2177 1058 2210 yutni
1076 2181 1228 2203 manentem
1254 2176 1395 2211 prodiens,
1413 2176 1502 2210 ipsum
1522 2176 1548 2202 in
1567 2176 1658 2209 fugam
1679 2175 1770 2205 vertit,

145 2221 273 2256 Yahyyze,
299 2221 356 2248 Ebn
372 2222 502 2250 Cliakano
519 2223 616 2254 iratus,
631 2223 674 2250 die
698 2223 863 2250 Moharratni
879 2225 927 2251 de-
947 2229 968 2256 ι)
984 2222 1063 2249 caesis
1087 2221 1175 2256 ipsius
1192 2221 1352 2252 comitibus.
1371 2226 1398 2248 et
1418 2221 1531 2256 direptis
1559 2228 1652 2247 eorum
1673 2220 1773 2255 opibus

145 2268 217 2294 cimo
245 2274 317 2293 anno
346 2269 550 2299 trecentesimo,
569 2269 658 2300 primo
690 2267 848 2304 [vizierntn]
876 2269 928 2295 sibi

148 2313 258 2339 adscivit
275 2312 345 2338 Alitn
367 2312 451 2339 Elmol
468 2312 581 2344 larrabi.
598 2320 662 2347 tquo
678 2321 774 2341 rursus
789 2313 928 2347 abdicato,

151 2365 242 2385 ntensc
256 2359 306 2385 Dill
325 2358 406 2393 "ilij
425 2366 497 2385 anno
524 2360 715 2387 trecentesimo
741 2360 834 2391 tertio,
857 2359 928 2386 Alint

147 2401 204 2428 Ebn
223 2401 406 2434 Mobatnmed,
428 2403 514 2429 Ebnol
536 2402 649 2436 Hosani,
674 2404 760 2432 Ebnol
781 2403 893 2438 Pborat,
915 2412 930 2432 e

145 2453 256 2473 carcere
273 2447 399 2474 edttctum
418 2448 548 2475 vizierum
569 2451 725 2482 constituit;
742 2450 838 2477 deinde
854 2450 932 2477 abdi-

145 2498 234 2519 catum
251 2501 361 2520 rursum
376 2494 403 2520 in
419 2501 556 2522 carcerem
572 2496 700 2529 conjecil,
715 2503 808 2523 mense
821 2495 930 2522 lomada

147 2538 242 2572 priori.
266 2546 339 2564 anno
357 2540 547 2566 trecentesimo
565 2545 673 2573 quarto,
689 2541 716 2567 in
739 2548 838 2567 munus
864 2541 930 2567 illud

152 2584 267 2611 sul'l‘ct-to
287 2585 391 2611 limited
410 2585 495 2611 Ebnol
513 2586 624 2613 Abbasi.
645 2587 725 2614 Anno
742 2587 934 2614 trecentesimo

144 2631 271 2664 septimo,
283 2631 393 2658 veniens
403 2638 434 2657 ex
444 2631 583 2658 occidente
591 2632 932 2667 AbulkasenﬂObaidallalti

144 2676 215 2703 ﬁlius
237 2684 299 2702 cum
324 2678 426 2703 centies
450 2676 523 2703 mille
547 2677 613 2705 viris
629 2678 822 2704 Alexandriam
851 2682 932 2712 cepit,

146 2721 216 2748 unde
234 2727 305 2748 metu
324 2722 492 2749 consternati
516 2727 580 2748 sunt
598 2722 707 2758 AEgypti
726 2724 833 2750 ὶιιουιίιιι
855 2723 932 2756 Cepit

143 2768 222 2793 etiam
240 2768 271 2794 Al
284 2768 452 2803 Phayumum
464 2774 490 2796 et
502 2769 532 2795 Al
553 2769 751 2800 llabtiasattt,ct
768 2770 882 2795 insulani
899 2769 932 2796 Al

143 2812 302 2839 Absmarin.
317 2813 402 2848 Cujus
421 2815 459 2840 rei
476 2813 547 2840 fama
563 2821 625 2840 cum
642 2815 674 2840 ad
693 2814 724 2840 Al
740 2813 928 2841 Muktaderum

146 2858 326 2891 pervenisset,
343 2859 417 2887 misit
437 2859 480 2886 ille
496 2859 638 2887 Munesutn
655 2861 810 2887 eunuchum
829 2868 928 2894 magno

978 2267 1139 2302 ueterisque
1161 2274 1222 2302 qua:
1239 2267 1374 2294 habebant
1389 2267 1527 2294 omnibus.

1019 2312 1139 2347 Fugieus
1153 2320 1218 2346 ergo
1243 2311 1413 2340 AbuIKasem
1430 2320 1491 2339 cum
1506 2312 1600 2339 amicis
1618 2311 1676 2339 suis
1695 2310 1773 2338 Eira-

982 2366 1092 2386 wanutn
1110 2367 1140 2386 se
1152 2359 1288 2391 contulit;
1311 2359 1392 2393 idque
1409 2366 1503 2385 mense
1521 2357 1562 2384 Dil
1581 2357 1675 2393 llajjae,
1701 2364 1774 2383 anno

982 2405 1175 2431 trecentesimo
1198 2409 1306 2436 octavo,
1326 2408 1387 2438 post
1404 2404 1476 2438 quod
1491 2411 1553 2430 cum
1574 2403 1644 2429 duos
1661 2409 1770 2429 menses

982 2449 1149 2476 substitisset
1164 2449 1257 2477 Munus
1276 2449 1430 2479 eunuchus,
1453 2449 1608 2484 Bagdadnm
1629 2448 1715 2483 petiit.
1730 2455 1774 2474 re-

983 2495 1049 2522 licto
1078 2497 1103 2522 in
1132 2494 1250 2530 Egypto
1277 2495 1373 2522 lleialo
1400 2495 1456 2521 Ebu
1486 2494 1583 2522 Badar.
1607 2493 1772 2520 Alexandria

984 2546 1088 2575 autem,
1109 2549 1170 2569 cum
1195 2542 1298 2569 reversi
1318 2547 1411 2569 essent
1427 2545 1560 2576 quotquot
1580 2539 1774 2574 superfuerunt

983 2595 1015 2614 ex
1038 2588 1124 2622 ipsius
1148 2587 1254 2620 incolis,
1276 2595 1308 2615 ea
1340 2588 1438 2614 iterum
1458 2588 1529 2614 culta
1551 2591 1602 2614 est.
1621 2587 1705 2613 Porro
1720 2585 1775 2612 Leo

987 2634 1141 2667 itnperator
1155 2634 1252 2660 morbo
1266 2634 1340 2669 gravi
1360 2638 1513 2668 correptus.
1530 2640 1592 2660 cum
1612 2633 1773 2659 moriturum

988 2685 1018 2705 se
1040 2679 1159 2711 timeret,
1179 2679 1301 2712 mittens,
1318 2679 1459 2706 Nicolaum
1480 2678 1676 2713 patriarcham,
1692 2683 1773 2711 quem

982 2723 1042 2750 loco
1058 2728 1191 2756 moverat,
1207 2725 1362 2757 accersivit,
1398 2725 1484 2759 ipsius
1507 2724 1621 2759 gratiam
1637 2723 1772 2754 ambiens,

983 2777 1014 2796 ac
1030 2770 1120 2804 ipsum
1161 2771 1298 2798 cathedrae
1330 2771 1462 2803 restituit,
1499 2774 1605 2798 semoto
1640 2769 1772 2795 Anthimo

983 2815 1150 2848 patriarcha.
1168 2823 1249 2850 quem
1273 2816 1307 2843 ad
1330 2816 1526 2843 monasterium
1542 2814 1678 2850 quoddam
1695 2814 1771 2840 Cott-

983 2861 1257 2896 stantiuopolilanum
1280 2871 1308 2891 se
1330 2863 1452 2896 recipere
1467 2862 1566 2895 jussit;
1585 2869 1610 2888 m
1636 2868 1690 2895 quo
1706 2867 1770 2888 eum
