2014 3082
232 163 299 198 ilbi

748 164 798 194 ΕΠ
806 163 931 195 I'X(‘.lill
950 161 1215 192 ALEXANDIHNI
1232 163 1340 194 PATR.

1798 163 1857 195 1152

232 223 344 252 biennio
369 224 527 256 mansisset,
543 227 666 249 mortuus
679 226 730 248 est.
755 221 896 255 Superfuit
921 227 1010 248 autem
1027 220 1048 249 Δ
1065 220 1146 247 Porro
1165 221 1214 247 fuit
1238 221 1278 247 Ali
1306 221 1361 248 Ebn
1390 220 1438 248 istc
1459 221 1576 249 Meecha:
1589 222 1621 248 ad
1644 229 1729 256 quem
1755 224 1858 257 scripsit

233 270 273 297 illi
287 270 341 296 Leo
357 269 517 302 imperator,
540 267 646 299 morbo,
662 275 716 302 quo
735 267 847 294 affectus
859 273 927 299 erat,
951 267 1023 293 labo—

234 324 298 342 rans
327 322 434 342 incuses
451 313 564 348 aliquot,
581 313 643 340 dein
658 313 734 340 obiit.
749 313 950 348 lmperavitque
963 318 1023 348 post

235 361 324 394 ipsutn
354 359 485 385 Romanis
509 358 594 385 frater
618 359 706 392 ipsius
730 359 887 385 Alexander
914 364 1019 393 septeni

234 413 333 435 annos,
360 404 421 431 dein
449 404 530 438 512
559 410 684 431 mortuus
698 409 748 436 est,
771 406 935 432 succedente
965 405 1018 439 ipsi

233 450 418 477 Constantino
433 450 530 477 Leonis
546 450 611 482 lilio,
626 451 672 484 qui
689 458 776 477 annos
792 457 856 477 tunc
870 456 950 478 natus
964 455 1024 477 erat

234 494 330 528 viginti
356 498 412 521 tres
429 494 487 528 (vel
510 494 663 522 secundum
684 495 757 522 aliud
778 496 917 530 exemplar
937 496 1025 523 trede-

238 541 424 575 cim).Cujns
453 546 551 573 mater,
581 542 691 569 nomine
720 543 855 577 Augusta,
880 543 1024 577 imperium

243 586 463 613 administrabat.
495 586 567 614 Misit
592 591 681 614 autem
712 595 759 614 rex
783 588 958 623 Bulgarorum
988 588 1021 615 ad

237 631 447 659 Constantinum
471 631 657 658 Romanorum
679 632 883 667 imperatorem,
900 641 1024 661 sororem

238 678 326 711 ipsius
340 677 394 704 filio
406 684 457 704 suo
480 677 506 704 in
529 684 639 704 uxorem
665 685 795 711 poscens;
823 679 850 705 in
863 686 929 713 quo,
952 687 1024 712 cum,

240 731 295 751 non
335 728 468 750 annueret
500 723 552 759 ipsi
585 723 797 757 Constantinus,
831 725 915 751 multa
954 725 1025 752 inter

241 771 316 804 ipsos
338 770 486 797 commissa
509 774 572 797 sunt
585 770 688 804 pradia.
707 770 774 797 Cum
792 779 856 806 ergo
869 771 937 798 bella
957 777 1027 799 inter

241 815 318 850 ipsos
339 815 494 842 continuari
519 815 624 841 videret
641 814 769 842 Nicolnus
790 817 955 849 patriarcha,
969 825 1027 844 me-

244 867 326 888 tuens
340 868 372 888 ne
387 869 415 888 se
428 865 524 887 mutuo
539 861 693 896 perderent,
705 862 801 888 ducem
816 863 962 895 quemdam
977 871 1027 889 no-

243 907 316 934 mine
339 907 501 937 Domitinm,
523 907 659 934 adscitum
673 907 854 934 Constantino
866 908 892 934 in
914 908 1027 942 imperio

244 952 461 979 administrando
486 952 628 986 adiunxit;
655 952 792 986 filiamque
816 953 923 979 Domitii
949 961 1029 980 acce-

244 1002 330 1032 ptam,
353 997 534 1025 Constantino
559 997 585 1024 in
613 1005 725 1024 uxorem
751 998 824 1024 dedit
846 1008 852 1025 :
875 999 1030 1033 factumque

245 1049 289 1071 cst
314 1048 344 1071 ut
369 1049 439 1074 tres,
460 1044 564 1071 scilicet
587 1043 801 1076 Constantinus,
828 1044 979 1076 Domitius,
1003 1049 1030 1072 et

246 1090 459 1124 Cllristopliorns
483 1089 591 1116 Domitii
616 1090 697 1121 ﬁlius,
713 1089 896 1116 Romanorum
916 1091 1031 1124 impera-

248 1140 322 1163 tores
344 1136 542 1168 salutarentur,
557 1144 587 1161 ac
600 1135 680 1163 simul
696 1137 838 1170 imperium
857 1137 1032 1163 moderaren-

249 1186 302 1208 tur.
329 1180 498 1215 Domitioquo
515 1181 595 1208 filiam
621 1189 698 1208 suam
723 1181 898 1214 Bulgarorum
921 1182 976 1215 regi
1004 1183 1031 1208 in

247 1234 359 1253 uxorem
375 1226 468 1255 dante.
493 1231 636 1253 cessarunt
658 1227 731 1253 inter
746 1227 821 1260 ipsos
841 1227 921 1253 bella.
947 1227 1033 1254 Porro

247 1271 421 1298 Almoctader
434 1271 535 1297 viziero
546 1270 730 1306 [consiliario]
752 1271 933 1304 suoilamcdo
947 1271 1033 1297 Ebuol

249 1317 344 1348 Abasi,
365 1318 460 1348 iratus,
481 1317 572 1350 ipsum
596 1321 682 1343 morte
696 1317 820 1342 multavit
842 1324 935 1344 mense
949 1316 1034 1344 Babia

251 1363 352 1397 priore,
392 1369 465 1389 anno
500 1362 696 1388 trecentesimo
730 1361 838 1389 decimo
868 1363 970 1396 primo,
1009 1367 1036 1390 et

250 1407 321 1435 Alint
360 1407 418 1434 Ebn
458 1406 562 1434 Ahmed
601 1406 687 1433 Ebnol
728 1407 829 1434 Phorat
858 1415 873 1434 e
913 1416 1024 1436 carcere

251 1453 391 1482 eductum.
421 1452 551 1479 vizierum
586 1452 741 1484 constituit,
775 1461 847 1479 nono
880 1457 944 1480 ante
972 1454 1038 1480 ﬁni-

252 1503 310 1525 ttun
327 1498 441 1525 Rabiam
461 1498 654 1532 posteriorem,
686 1505 759 1524 anno
779 1499 976 1525 trecentesimo
989 1506 1038 1525 un-

252 1544 369 1577 decimo,
379 1543 458 1571 tertia
470 1543 526 1578 jam
540 1545 609 1572 vice.
620 1543 773 1571 Moslemini
786 1549 874 1571 autem
885 1545 986 1571 [lamiae
999 1549 1040 1571 tu-
1054 1555 1077 1586 ε

255 1590 393 1622 multuati,
407 1590 476 1617 duas
487 1589 676 1616 Melchitarum
691 1590 822 1617 ecclesias
833 1590 985 1622 diruerunt,
1001 1590 1039 1616 vi-

253 1635 353 1662 delicet
373 1635 466 1662 Sancti
479 1634 599 1665 Kozmm,
616 1638 642 1660 et
655 1634 748 1661 Sancti
762 1634 866 1669 Cyriaci
877 1642 987 1661 necnon
999 1642 1041 1662 ec-

255 1680 367 1708 clesiam
384 1679 560 1714 513-515
575 1679 787 1706 Askelanensem
800 1684 826 1706 et
837 1680 1040 1711 Ca'sarieusem,

257 1726 338 1759 idque
354 1732 445 1751 mense
459 1725 568 1751 lomada
585 1725 747 1760 posteriore,
768 1733 838 1751 anno
855 1725 1044 1752 trecentesimo

257 1771 412 1798 undecimo.
430 1770 487 1802 Qua
511 1771 544 1797 de
561 1777 590 1797 re
603 1778 664 1797 cum
693 1769 839 1797 Christiani
855 1770 992 1803 querelam
1010 1769 1044 1796 ad

257 1816 478 1843 Alinoctaderum
508 1815 689 1848 detulissent,
713 1815 794 1850 jussit
821 1822 867 1842 eos
892 1815 1046 1842 instaurare

257 1861 331 1896 quod
351 1862 416 1896 ipsis
432 1862 549 1888 dirutum
570 1861 670 1888 fuerat.
695 1860 829 1889 Concitati
844 1861 926 1888 etiam
944 1860 1046 1888 Mosle-

259 1908 325 1934 mini
341 1908 450 1935 Tennisi
468 1907 611 1935 ecclesiam
627 1907 825 1940 Melchitarum,
851 1914 910 1940 quae
930 1906 980 1932 fuit
997 1913 1047 1933 ex-

262 1961 302 1983 tra
318 1963 408 1982 arcem
420 1954 542 1987 Tennisi,
552 1961 611 1990 quae
625 1954 774 1988 appellatur
785 1953 901 1981 ecclesia
914 1952 1046 1983 Buthaur,

262 2003 426 2033 diruerant,
462 2009 556 2029 mense
590 2000 675 2034 Rajeb
711 2010 718 2027 :
753 1999 815 2028 dein
849 1997 1049 2026 exstruentibus

260 2048 423 2076 Christianis
436 2047 536 2074 ibidem
546 2046 699 2078 ecclesiam,
713 2053 774 2074 cum
788 2053 847 2072 eam
861 2052 944 2079 prope
959 2043 1050 2070 absol-

263 2093 377 2125 vissent,
392 2093 480 2119 deuuo
493 2092 618 2120 concitati
635 2091 774 2118 Mosemiui
793 2090 856 2117 illud
875 2089 946 2123 quod
961 2088 1047 2116 fabria

258 2143 394 2167 caverant
419 2138 537 2165 dirutum
556 2137 742 2169 incenderunt,
767 2140 795 2162 at
817 2143 864 2163 rex
885 2134 1047 2162 Christianis

265 2191 343 2218 opem
371 2182 432 2211 tulit
458 2183 526 2210 adeo
549 2186 579 2208 ut
594 2181 736 2209 ecclesiam
759 2187 835 2207 suam
867 2183 1049 2207 exstruerent.

265 2231 352 2257 Porro
374 2229 460 2257 iratus
482 2227 701 2256 Al-Mocladerus
726 2226 826 2253 viziero
845 2233 901 2253 suo
930 2225 971 2251 Ali
995 2224 1051 2252 Ebn
1065 2219 1092 2248 D

267 2275 438 2308 Al-Phorat,
463 2274 552 2308 ipsum
582 2277 668 2300 morte
697 2272 832 2304 multavit,
860 2276 890 2298 ut
914 2275 941 2298 et
970 2271 1052 2297 filium

268 2323 353 2357 ipsius
367 2321 538 2351 Mohsenum,
553 2326 645 2347 mense
657 2317 741 2345 Rabia
755 2317 850 2352 priori.
864 2324 935 2344 anno
949 2322 1055 2343 trecen—

269 2369 366 2397 tesimo
390 2367 561 2400 duodecimo,
583 2367 609 2393 iu
632 2373 731 2393 munus
748 2364 811 2391 illud
836 2363 951 2391 suffecto
966 2362 1058 2390 Abdil—

270 2416 332 2444 laho
343 2436 350 2448 ,
367 2422 459 2442 mense
474 2413 582 2441 Iomada
602 2411 762 2447 posteriore,
779 2418 850 2437 anno
867 2409 1057 2436 trecentesimo

271 2463 376 2491 decimo
400 2466 508 2496 quarto.
521 2458 656 2487 Coneitati
676 2457 757 2484 etiam
770 2456 920 2483 Moslemini
937 2455 1060 2482 Damasci

272 2509 416 2537 ecclesiam
434 2507 540 2534 Sancta:
557 2504 647 2532 Maria:
662 2502 822 2530 catholicam
838 2501 978 2528 diruerant
991 2501 1061 2534 (quas

275 2556 363 2591 ampla
384 2555 539 2585 admodum,
563 2558 658 2585 magna
681 2557 714 2576 ac
729 2548 838 2583 pulchra
857 2545 917 2578 iuit,
937 2546 962 2572 in
980 2551 1061 2579 quam

275 2606 385 2636 erogata
411 2600 516 2627 fuerant
532 2598 647 2626 ducenta
664 2601 808 2622 aureorum
825 2591 931 2625 millia),
951 2590 1063 2624 direptis

275 2647 375 2683 quaciu
395 2654 425 2673 ea
454 2650 533 2672 erant
556 2643 629 2670 vasis
653 2641 813 2674 caeterisque
841 2638 1007 2666 ornamentis
1033 2644 1065 2663 ac

277 2682 354 2720 velis.
375 2692 495 2726 Spoliata
513 2695 575 2717 sunt
591 2689 674 2716 etiam
694 2685 866 2716 monasteria,
883 2692 914 2711 ac
932 2682 1065 2717 praecipue

279 2738 472 2765 monasterium
491 2735 652 2762 feminarum
671 2741 731 2766 qum
743 2731 820 2766 juxta
837 2729 980 2758 ecclesiam
1005 2727 1065 2754 fuit.

281 2783 497 2817 Dejeceruntque
513 2780 643 2807 ecclesias
670 2778 855 2805 hlelchitarum
882 2775 1003 2802 multas:
1026 2773 1067 2800 di-

281 2832 394 2855 ruerunt
410 2827 492 2855 etiam
508 2824 728 2852 Nestoriauorum
741 2822 903 2852 ecclesiam;
920 2819 1002 2853 idque
1015 2824 1069 2844 me-

283 2874 326 2899 dio
338 2881 427 2899 mcnsc
440 2870 524 2905 Rajch
532 2878 601 2897 anno
611 2862 1066 2903 trcccntesimoﬁ16duodecimo.

1074 267 1205 293 Abdollah
1224 267 1340 294 viziertts
1354 271 1383 294 ut
1404 267 1430 294 iu
1444 267 1589 302 Egyptum
1606 268 1749 300 profectus
1767 269 1792 294 in
1811 274 1859 294 sta-

1076 318 1130 340 Ium
1153 321 1210 347 eius
1236 314 1398 347 inquireret.
1424 313 1465 339 Ali
1483 320 1548 347 ergo
1566 313 1622 340 Ebu
1645 313 1694 340 Is:e
1720 313 1859 348 Αὲἰμγριιιιιι

1075 359 1215 393 ingressus
1240 364 1281 384 est
1307 358 1383 385 initio
1407 358 1509 385 mensis
1534 358 1618 392 Itaij
1638 367 1646 385 :
1663 359 1710 386 ubi
1728 359 1862 392 prehensis

1076 405 1219 430 monachis
1239 408 1265 430 et
1285 403 1426 437 episcopis,
1451 403 1582 430 tributum
1598 403 1632 430 ab
1657 403 1726 437 ipsis
1751 403 1862 437 exegit:

1076 459 1180 484 nempe,
1195 449 1229 477 ab
1245 450 1370 477 orituibus
1385 454 1440 476 tam
1461 449 1602 476 monachis
1618 457 1698 483 quam
1715 449 1830 475 infirmis
1842 453 1865 475 et

1077 497 1251 531 pauperibus,
1269 503 1321 522 nec
1339 503 1392 522 non
1417 495 1590 522 monasteriis
1612 495 1741 522 omnihtts
1762 503 1821 528 quae
1842 495 1864 520 in

1077 543 1198 570 inferiori
1215 547 1289 577 parte
1304 542 1422 575 regionis
1436 541 1500 568 Said
1514 547 1602 573 erant,
1614 547 1697 575 atque
1714 540 1750 566 ah
1766 540 1867 574 episco-

1076 590 1117 623 pis
1132 593 1157 616 et
1176 590 1316 616 monachis
1333 589 1377 623 qui
1390 589 1416 615 in
1433 587 1600 615 monasterio
1620 587 1701 613 Mina.
1722 586 1866 612 Mnnarlin-

1078 642 1136 661 rum
1147 641 1211 669 ergo
1225 635 1334 669 quidam
1350 633 1465 660 Erakum
1480 633 1595 667 profecti
1611 632 1645 658 ab
1657 632 1688 658 Al
1712 631 1867 657 Moktadero

1077 687 1154 713 opem
1178 680 1322 713 petierunt,
1344 680 1390 714 qui
1408 679 1517 714 scripsit
1534 678 1599 712 ipsis
1622 678 1729 704 litteras
1748 675 1865 712 [iubens]

1078 733 1111 752 ne
1135 726 1168 752 ab
1195 726 1259 760 ipsis
1275 727 1425 760 exigeretur
1446 725 1587 756 tributum,
1604 728 1684 756 atque
1701 723 1800 750 eodem
1816 728 1866 755 quo

1079 771 1198 798 solerent
1214 771 1319 806 pridem
1333 778 1414 798 cursu
1431 770 1544 797 fluerent
1563 777 1606 796 res
1621 776 1728 796 eorum.
1747 767 1869 794 Semoto-

1077 825 1129 851 que
1145 824 1159 843 a
1176 817 1267 843 vizieri
1294 824 1404 844 munere
1430 816 1578 843 Abdollaho
1600 815 1656 842 Ebn
1681 811 1865 841 Moliautmed,

1045 887 1066 914 Β
1080 863 1136 888 Ehn
1159 862 1280 894 Chakan,
1309 862 1379 890 idem
1405 862 1537 896 delegavit
1556 861 1606 886 Abi
1624 860 1733 887 Abbaso
1759 855 1870 884 Ahmudi

1081 909 1138 936 Ehu
1155 909 1295 936 Abdollahi
1311 908 1369 935 Ebn
1383 908 1487 935 Ahmed
1505 906 1664 938 Al-Chasib,
1679 913 1755 932 anno
1770 909 1873 930 trecen-

1083 955 1179 982 tesimo
1195 954 1300 981 decimo
1315 953 1408 980 tertio.

1119 1024 1203 1051 Porro
1220 1027 1344 1050 mortuus
1361 1026 1404 1049 est
1417 1021 1545 1048 Nicolaus
1565 1019 1719 1054 patriarcha
1735 1018 1873 1045 Constan-

1083 1069 1295 1103 tinopolitanus,
1320 1074 1382 1094 cum
1408 1065 1566 1092 cathedram
1588 1067 1752 1097 occupaSSet
1787 1068 1875 1088 annos

1085 1115 1195 1150 triginta
1213 1119 1279 1146 tres,
1293 1112 1442 1140 constituto
1459 1115 1521 1146 post
1546 1111 1636 1145 ipsqu
1661 1108 1806 1142 Stephano
1826 1105 1872 1140 qui

1084 1160 1226 1188 eunuchus
1244 1159 1306 1190 fuit,
1327 1158 1452 1192 quicum
1477 1161 1534 1183 tres
1558 1163 1643 1182 annos
1662 1154 1781 1181 sedisset
1805 1159 1877 1178 mor-

1086 1211 1148 1232 tuus
1160 1209 1212 1232 est.
1234 1203 1368 1238 Apparuit
1385 1207 1475 1230 autem
1492 1201 1519 1228 in
1541 1200 1659 1235 (Egpr
1677 1199 1757 1225 stella
1775 1202 1874 1229 magna

1084 1251 1170 1277 radiis
1190 1249 1310 1279 ditiusis.
1334 1255 1419 1275 cursu
1448 1246 1548 1278 veloci,
1577 1249 1605 1271 et
1632 1243 1764 1270 scintillis
1793 1242 1877 1275 ipsam

1087 1294 1278 1329 sequentibus,
1296 1300 1348 1320 nec
1363 1300 1416 1319 non
1432 1291 1541 1318 ﬂamma
1554 1288 1679 1318 terribili.
1699 1294 1803 1320 magno
1819 1292 1879 1311 cor-

1089 1347 1171 1374 pore,
1195 1340 1288 1366 colore
1309 1337 1458 1364 admodum
1483 1335 1616 1364 rubente,
1647 1339 1662 1358 a
1690 1331 1881 1366 septentrione

1089 1387 1219 1413 orientem
1246 1389 1344 1411 versus
1370 1381 1503 1412 tendens,
1535 1380 1630 1406 hastas
1659 1385 1730 1411 pene
1766 1376 1881 1409 triginta

1091 1433 1184 1466 longa,
1216 1429 1297 1456 binas
1321 1428 1388 1459 lata,
1418 1427 1506 1453 instar
1522 1423 1676 1457 serpentis;
1700 1423 1787 1456 idque
1807 1420 1882 1448 oeci-

1094 1477 1174 1504 dente
1191 1475 1247 1502 sole
1266 1473 1310 1500 die
1327 1471 1454 1499 Mercurii
1470 1468 1651 1505 517-519
1673 1466 1772 1494 Rabia:
1787 1470 1881 1501 poste-

1093 1520 1174 1547 rioris
1194 1518 1307 1553 quinto,
1330 1523 1404 1543 anno
1430 1514 1624 1541 trecentesimo
1649 1512 1756 1539 decimo
1781 1510 1882 1540 tertio;

1093 1572 1153 1592 cum
1171 1568 1227 1590 tres
1248 1563 1330 1589 horas
1344 1561 1473 1588 durasset
1485 1557 1623 1586 exstincta
1638 1561 1691 1584 est.
1704 1555 1808 1582 Vizieri
1824 1561 1884 1580 mu-

1093 1617 1157 1637 nere
1173 1609 1298 1636 abdicato
1315 1606 1384 1634 Abul
1403 1605 1513 1633 Abbaso
1529 1603 1614 1631 Ebuol
1626 1602 1739 1633 Chasib,
1758 1601 1786 1627 in
1811 1599 1882 1626 idem

1092 1654 1224 1682 sull‘eetns
1251 1656 1293 1679 est
1316 1650 1360 1678 Ali
1390 1650 1450 1677 Ebn
1478 1648 1546 1680 Isis,
1574 1646 1662 1674 Ebnol
1692 1645 1800 1675 larahi;
1829 1648 1885 1677 quo

1093 1699 1191 1727 deinde
1221 1703 1326 1724 semoto
1351 1696 1484 1723 vizierum
1511 1693 1563 1720 sibi
1586 1691 1731 1719 constituit
1757 1684 1884 1724 [chalila]

1095 1745 1154 1772 Abu
1169 1744 1211 1772 Ali
1226 1743 1284 1770 Ebn
1300 1740 1483 1772 Mohammed,
1501 1739 1559 1766 Ebn
1579 1738 1633 1770 Ali,
1652 1737 1697 1764 die
1708 1735 1784 1763 lovis
1795 1732 1886 1761 medio

1096 1790 1172 1817 Rabii
1188 1787 1348 1823 posterioris
1363 1793 1435 1813 anno
1451 1784 1647 1812 trecentesimo
1663 1782 1771 1809 decimo
1795 1784 1884 1807 sexto.

1095 1835 1229 1863 Counnoti
1246 1838 1336 1859 autem
1359 1835 1424 1858 sunt
1441 1831 1525 1857 duces
1550 1828 1669 1863 Bagdadi
1692 1828 1718 1854 in
1740 1825 1886 1852 Albiukta-

1096 1881 1202 1911 derum,
1221 1883 1249 1905 ut
1267 1878 1356 1912 ipsum
1372 1884 1387 1903 e
1403 1875 1492 1902 medio
1510 1874 1650 1903 tollerent,
1678 1879 1693 1899 e
1708 1871 1811 1904 quibus
1829 1869 1886 1895 fue-

1097 1930 1162 1954 runt
1173 1925 1243 1952 Abul
1263 1923 1351 1957 Hijah,
1364 1920 1468 1952 Nautk,
1482 1919 1593 1954 aliique.
1612 1918 1645 1944 Al
1655 1916 1796 1944 Moktader
1809 1920 1884 1948 erga.

1099 1977 1222 2000 metuens
1238 1977 1273 1996 ne
1287 1967 1502 1998 interficeretur,
1521 1965 1644 1998 seipsum
1661 1962 1793 1990 ehalifatu
1810 1958 1887 1987 abdi-

1100 2017 1182 2048 cavit,
1197 2016 1240 2043 die
1257 2012 1369 2041 Sabbati
1387 2011 1479 2039 medio
1492 2010 1524 2037 Al
1547 2009 1716 2040 Moharram,
1742 2013 1817 2034 anno
1834 2009 1889 2031 tre-

1101 2063 1250 2090 centesimo
1264 2059 1373 2088 decimo
1393 2058 1510 2093 septimo
1527 2064 1534 2083 :
1558 2054 1637 2088 cujus
1655 2054 1716 2080 loco
1733 2051 1889 2081 statuerunt

1104 2113 1214 2139 fratrem
1229 2107 1315 2142 ipsius
1331 2103 1502 2132 Mohammed
1517 2101 1575 2128 Ebu
1589 2100 1708 2129 Ahmeh.
1733 2098 1778 2132 qui
1795 2095 1891 2124 diebus

1103 2155 1215 2182 Sabbati
1241 2158 1268 2181 et
1290 2150 1432 2180 Dominico
1449 2148 1529 2176 sedit.
1555 2147 1602 2174 Die
1617 2147 1688 2172 luna:
1707 2145 1805 2178 [autem
1825 2147 1891 2168 con-

1105 2200 1209 2237 gregati
1235 2198 1350 2233 pedites,
1375 2196 1407 2222 Al
1420 2193 1553 2228 Mosaphii
1577 2191 1726 2226 appellati,
1752 2187 1892 2237 Naruituut

1106 2230 1132 2276 ct
1143 2230 1213 2275 Avhul
1228 2230 1288 2280 liija
1300 2244 1489 2272 interimentcs
1503 2240 1535 2266 Al
1547 2238 1733 2266 Molitaderum
1748 2230 1892 2280 chalifatui

1107 2276 1296 2321 restituerunt,
1322 2287 1448 2321 doposito
1473 2282 1661 2312 Mohammede
1688 2280 1747 2307 Ebn
1774 2276 1891 2306 Ahmed.

1108 2345 1190 2373 quem
1205 2337 1369 2363 honoratum
1385 2332 1497 2358 domum
1521 2335 1599 2356 suam
1617 2327 1795 2355 remiserunt.
1810 2323 1896 2350 Porro

1107 2371 1267 2412 acciderunt
1286 2381 1313 2408 in
1336 2379 1456 2414 ὧδεριο
1472 2377 1584 2404 locustae
1601 2375 1764 2404 innumerae,
1778 2372 1850 2398 adeo
1868 2371 1897 2394 ut

1110 2440 1164 2468 przc
1181 2429 1357 2457 multitudine
1380 2424 1547 2460 impedirent
1569 2421 1662 2448 radios
1687 2419 1792 2446 solares
1817 2423 1850 2443 ne
1865 2414 1897 2441 ad

1112 2465 1211 2505 terram
1235 2475 1438 2510 pertingerent,
1456 2469 1553 2503 quales
1578 2466 1651 2493 haud
1679 2465 1748 2491 alias
1777 2467 1897 2496 unquam

1112 2507 1242 2550 viderunt
1257 2507 1367 2554 Egypti
1395 2515 1512 2542 iucohe:
1531 2519 1592 2547 qua:
1618 2515 1646 2537 et
1670 2510 1790 2544 ipsorum
1818 2507 1898 2535 vites,

1113 2569 1232 2598 fructus,
1247 2565 1353 2600 palmas
1370 2567 1397 2589 et
1410 2567 1491 2595 porra
1506 2559 1683 2587 devorarunt,
1700 2554 1768 2581 adeo
1784 2556 1814 2580 ut
1834 2558 1897 2599 per:-

1114 2594 1332 2640 derentu’r-lim'ti
1346 2610 1372 2634 et
1387 2594 1483 2633 vineae.
1501 2602 1583 2636 idque
1595 2607 1688 2627 mense
1701 2598 1786 2624 Rabia
1803 2594 1900 2630 priori.

1114 2664 1187 2685 anno
1206 2653 1401 2682 trecentesimo
1425 2648 1555 2676 vicesimo
1574 2645 1702 2680 septimo,
1723 2642 1765 2670 vel
1792 2643 1901 2676 (secun-

1115 2705 1180 2730 dutn
1205 2699 1277 2727 aliud
1298 2694 1448 2730 exemplar)
1466 2691 1661 2720 trecentesimo
1683 2687 1769 2724 520
1793 2686 1901 2712 decimo

1117 2745 1256 2780 septimo).

1153 2813 1239 2840 Porro
1254 2812 1280 2837 in
1298 2809 1328 2836 Al
1339 2805 1501 2838 Yamamab,
1515 2808 1542 2831 et
1557 2803 1588 2830 Al
1603 2799 1722 2828 Bahrain
1740 2796 1843 2832 prodiit
1860 2801 1902 2842 rc-.

1123 2859 1202 2888 bellis
1225 2856 1336 2892 quidam
1352 2853 1463 2882 nomine
1482 2850 1604 2878 Soliman
1627 2846 1714 2874 Ebnol
1739 2843 1840 2874 Ilasan,
1860 2845 1908 2874 qut
