2014 3082
106 112 173 142 ilbi!

832 114 1011 143 ANNALES,

1671 119 1735 149 ιῖεκι

105 177 130 198 et
142 172 190 198 Abi
209 171 271 197 Said
297 171 327 197 Al
341 171 450 197 lanuabi
475 172 555 206 vulgo
581 171 668 204 audit,
693 172 738 205 qui
758 171 888 198 liasoram
906 175 930 203 Α
945 177 1033 198 matre
1050 180 1109 202 sua.
1134 173 1178 199 cui
1200 179 1302 200 nomen
1321 173 1373 200 fuit
1391 174 1595 207 Chaizaranalt,
1615 176 1737 203 deimini-

106 217 279 251 perveniens,
308 224 366 243 eam
393 222 499 250 captant
525 217 687 248 devastarit,
715 223 742 244 et
767 226 893 252 magnam

107 263 247 289 hominum
267 267 384 296 stragem
403 262 430 288 in
445 269 476 289 ca
494 262 579 289 edidit
594 282 602 294 ,
620 267 700 296 atque
716 263 778 290 inde
793 263 892 290 Cusam

107 307 258 342 profectus,
271 315 301 334 ea
317 308 398 333 etiam
418 312 509 341 capta,
528 308 632 335 incolas
649 308 760 338 occidit,
780 309 895 335 multos-

108 352 235 386 queinde
249 353 371 387 captivos
388 353 511 384 abduxit,
524 358 550 379 et
572 353 672 380 multas
699 355 789 380 avexit
815 362 893 388 opes.

108 397 174 425 Dein
193 406 307 433 pergens
327 406 411 433 prope
437 399 593 434 Bagdadum
613 405 702 426 castra
721 401 812 434 posuit
836 401 896 428 loco

107 446 152 478 qni
168 443 329 479 TelArknpli
348 444 442 477 audit;
460 446 598 480 multaqtte
617 446 687 472 inter
703 447 792 481 ipsum
808 451 835 474 et
847 447 896 473 Al-

109 488 260 516 Moktadcri
291 490 386 524 copias
409 492 556 518 commissa
574 496 638 518 sunt
658 493 749 526 praelia
771 498 819 519 :at
835 500 896 519 cum

110 543 162 562 non
184 539 378 569 assequeretur
392 543 451 569 qua:
467 537 563 569 voluit,
590 538 688 564 Cusam
706 539 795 570 rediit,
814 538 897 573 idque

109 589 183 608 anno
203 582 396 609 trecentesimo
421 582 529 609 decimo
553 583 658 611 tertio:
683 585 749 618 quin
775 587 802 610 et
821 591 898 618 aqnte

110 632 216 662 puteos,
232 628 258 654 in
280 627 323 654 via
339 635 399 662 quin
415 627 551 655 Meccbam
569 628 659 662 ducit,
688 629 843 657 obstructos
857 635 898 657 at-

110 681 164 708 que
187 673 314 708 impletos
337 673 497 706 exsiccavit,
525 676 592 702 adeo
616 679 645 702 ut
673 680 746 703 metu
771 676 856 710 ipsius
884 684 899 703 a

110 719 378 753 peregrinationibus
392 720 561 747 abstinerent
576 720 694 755 Bagdadi
709 725 736 749 et
749 721 901 749 Chorasani

111 765 215 797 incolze,
232 764 342 800 Aigypli
369 765 476 792 interim
494 770 520 793 et
536 766 622 800 Syria:
638 767 735 794 incolis
751 775 797 794 eas
811 768 900 795 -insti-

112 809 396 843 tnentibus.Cnmquc
415 816 487 836 anno
512 810 700 837 trirenlesimo
723 811 830 838 decimo
857 820 901 839 se-

113 856 197 889 ptimo
213 856 337 882 homines
354 855 380 881 in
395 855 623 889 peregrinationis
643 856 789 892 [religiosae
806 859 901 885 ritibus

112 900 303 936 observandis]
320 905 421 933 essent,
441 901 485 927 die
508 899 611 933 Martis,
628 901 755 936 Dilllajja:
773 904 900 937 septimo,

113 947 250 974 Mercham
271 947 432 981 perveniens
456 946 602 973 Allannztbi
633 955 694 973 cum
717 948 804 982 copiis
829 949 900 980 suis,

113 992 293 1026 eamdemque
315 992 466 1026 ingressus,
485 993 607 1018 homines
625 997 680 1019 tum
708 994 780 1020 circa
806 995 901 1027 agilem,

113 1043 172 1065 tum
189 1039 259 1065 intra
283 1038 436 1064 oratorium
455 1045 564 1064 sacrum
587 1042 614 1065 et
635 1039 661 1065 in
687 1039 794 1073 plateis,
816 1040 897 1066 innu-

113 1093 203 1111 meros
224 1084 346 1116 occidit,
372 1084 440 1110 adeo
463 1088 491 1110 ut
515 1085 593 1111 cmsis
622 1085 781 1120 impleretur
804 1091 902 1120 puteus

115 1130 255 1162 Zannam,
276 1137 327 1155 nec
346 1137 400 1155 non
418 1129 514 1158 valles,
527 1129 586 1161 viae,
602 1130 711 1163 domus,
728 1136 755 1158 et
769 1131 877 1158 deserta
895 1140 902 1160 :

114 1176 186 1210 quod
204 1176 225 1202 si
244 1175 291 1209 qni
310 1175 371 1209 fuga
389 1183 417 1202 se
433 1175 506 1202 cmde
518 1176 664 1210 eriperent,
684 1182 710 1203 et
730 1178 803 1211 ipsos
818 1178 903 1204 inter-

115 1220 238 1247 fecerunt
254 1221 368 1253 Arabes,
394 1227 459 1254 opes
485 1220 608 1255 ipsorum
631 1221 802 1255 diripientes.
821 1223 905 1250 Erant

115 1271 203 1293 autent
222 1271 248 1293 et
266 1267 311 1300 qui
333 1265 443 1293 loddnm
460 1266 591 1301 fugientes
607 1267 674 1293 mari
686 1267 859 1302 521-523
876 1275 905 1296 se

120 1313 333 1339 ronnnilterent.
360 1312 438 1346 Cepit
472 1319 536 1346 ergo
565 1312 746 1340 Allannabius
769 1321 850 1347 opum
878 1318 904 1340 ct

116 1359 295 1393 supellectilis
317 1359 447 1391 majorem
474 1366 555 1392 quam
579 1367 638 1392 quas
663 1360 799 1387 recensari
817 1360 905 1394 possit

117 1406 235 1439 copiam.
253 1405 391 1439 Quidquid
407 1407 489 1433 etiam
511 1407 581 1434 intra
599 1407 685 1434 aedem
708 1413 814 1433 sacram
833 1410 906 1433 esset

116 1452 176 1477 auri
192 1456 274 1484 atque
287 1452 392 1485 argenti
410 1452 535 1479 abstulit.
560 1451 689 1479 Laminas
703 1453 785 1478 etiam
810 1459 906 1485 argen-

118 1501 174 1523 teas
190 1504 250 1530 qnte
274 1497 299 1523 in
313 1497 398 1531 janua
422 1498 516 1533 templi
541 1503 620 1525 erant
645 1499 753 1524 avulsas
777 1498 902 1525 abstulit.
917 1504 939 1532 α

118 1540 235 1575 Fuitque
252 1541 279 1568 in
296 1542 396 1576 angulo
415 1542 481 1569 tedis
495 1542 623 1569 exteriori
637 1543 704 1576 lapis
719 1544 805 1576 niger,
823 1549 904 1576 quem

117 1594 284 1620 magnopere
316 1587 437 1614 venerati
475 1587 600 1614 homines
630 1592 657 1613 et
687 1587 905 1614 benedictionem

118 1631 182 1658 inde
206 1636 346 1665 captantes
373 1632 528 1659 deosculari
557 1632 691 1663 solebant,
711 1640 792 1666 quem
820 1632 904 1659 etiam

120 1677 178 1701 loco
209 1682 314 1703 motum
342 1684 435 1704 secum
465 1677 598 1709 abduxit;
623 1683 784 1712 septemque
809 1678 906 1705 diebus

120 1720 250 1752 Meerhe,
277 1721 488 1755 cidiripiendte,
515 1721 683 1756 insumpsit:
703 1722 764 1748 dein
791 1723 906 1756 patriam

119 1773 195 1792 suam
216 1774 341 1793 reversus
355 1771 396 1794 est
410 1766 677 1801 peregrinationibus
693 1767 811 1795 abolitis.
823 1767 907 1794 Porro

122 1811 191 1838 obiit
216 1811 288 1838 Elias
318 1812 473 1846 patriarcha
505 1812 691 1840 Antiochenus
721 1812 765 1840 die
794 1812 906 1840 Sabbati

121 1857 236 1884 Iomade
253 1858 416 1892 posterioris
443 1858 550 1885 decimo
572 1858 663 1890 tertio,
683 1866 755 1885 anno
771 1863 906 1886 trecente-

120 1903 189 1929 simo
202 1903 308 1930 decimo
333 1905 450 1938 Septimo
477 1904 644 1940 [postquam]
667 1905 696 1931 in
712 1905 845 1932 cathedra
863 1913 906 1932 sc-

130 1949 216 1975 (lisset
240 1957 327 1976 anites
354 1951 446 1984 viginti
470 1955 540 1977 octo.
567 1950 661 1977 Vilit‘l'i
683 1951 764 1978 etiam
794 1959 908 1978 nutriere

122 1995 243 2028 privatus
260 2000 301 2021 est
318 1995 488 2022 Mohammed
511 1996 567 2022 Ebn
586 1996 639 2026 Ali.
658 1995 715 2023 Ebn
734 1996 840 2023 Moklah
863 1997 907 2023 die

122 2039 228 2070 Martis,
256 2044 318 2066 ante
345 2040 452 2066 finitum
477 2039 588 2067 lomada
607 2041 726 2075 priorem
749 2042 905 2074 undecimo,

121 2092 184 2110 rum
204 2085 230 2110 in
251 2085 315 2111 illud
340 2085 459 2112 adscitus
477 2090 550 2112 esset
569 2085 689 2112 Soliman
716 2086 803 2112 Ebnol
819 2085 908 2112 llasan

123 2131 179 2156 Elin
193 2130 341 2157 Mocballed
358 2131 401 2157 die
416 2129 502 2161 lovis,
525 2130 631 2157 decimo
644 2130 736 2161 _tertio
759 2134 823 2157 ante
848 2131 908 2157 fini-

946 223 1027 243 nalns
1039 222 1089 244 est.
1107 217 1183 250 Quod
1200 219 1232 245 ad
1250 218 1398 251 Romanos,
1420 226 1528 246 mortuo
1541 221 1737 256 Christophoro

949 261 1055 289 Dorttnii
1073 263 1138 295 tilio,
1161 265 1356 290 monachatum
1372 265 1512 297 amplexus
1529 271 1570 292 est
1590 267 1733 301 Domitius,

948 309 1079 343 solusque
1094 310 1194 336 mansit
1211 309 1410 338 Constantinus
1426 311 1452 336 in
1470 311 1576 345 imperii
1592 313 1734 346 regimine.

954 354 1076 381 Mortuus
1091 359 1133 382 est
1147 355 1228 382 etiam
1239 355 1394 390 Stephanus
1404 357 1556 390 patriarcha
1572 357 1717 385 Constanti
1728 372 1734 379 -

949 400 1134 435 nupolitanus,
1143 405 1284 435 pastquam
1295 403 1451 428 cathedram
1464 402 1581 429 triennio
1591 409 1738 437 occupave-

953 451 994 473 rat
1009 454 1016 473 :
1030 447 1251 481 constitutusque
1261 450 1303 474 est
1314 447 1413 473 ibidem
1429 447 1581 481 patriarcha
1592 448 1738 483 Atranphi-

952 500 1015 520 nus.
1029 492 1101 519 Obiit
1111 493 1192 519 etiam
1206 492 1396 519 Christodnlus
1412 493 1564 527 patriarcha
1582 493 1741 520 Alexandri-

953 546 1004 566 nus
1018 538 1063 565 die
1079 538 1216 571 Mercurii,
1228 538 1374 566 undecimo
1384 543 1447 566 ante
1464 539 1568 566 finitmn
1587 539 1626 566 Dil
1639 538 1739 571 Kaada,

951 591 1023 610 attito
1048 585 1242 611 trecentesimo
1270 585 1413 616 vicesimo,
1436 585 1482 619 qui
1502 590 1545 612 est
1570 582 1682 612 Tisbrin
1699 592 1742 612 se-

951 630 1033 656 cundi
1052 631 1199 657 vicesimus
1214 630 1340 665 qninlus,
1357 631 1421 658 anni
1438 631 1599 658 Diocletiani
1624 638 1740 658 sexcen-

953 675 1042 701 lesimi
1067 675 1270 710 quadragesimi
1291 676 1354 702 noni
1382 685 1390 704 :
1417 677 1596 711 sepultusque
1619 675 1742 703 Pbostati

952 720 1130 755 Egyptiacm,
1146 728 1208 748 cum
1226 721 1252 747 in
1267 721 1398 748 cathedra
1414 722 1533 749 sedisset
1545 729 1632 748 annos
1646 722 1741 756 viginti

954 774 1011 797 sex,
1032 770 1059 792 ct
1075 774 1121 792 sex
1138 774 1255 793 menses.
1271 766 1398 801 Sepultus
1414 771 1504 793 autem
1521 772 1563 794 est
1586 767 1611 793 in
1623 767 1741 793 ecclesia

953 811 1102 838 Michaelis.
1120 810 1204 838 Porro
1221 813 1304 839 duces
1329 821 1380 839 una
1394 820 1455 839 cutn
1482 812 1596 839 Munaso
1616 812 1743 840 eunucho

955 856 1070 890 Bagdadi
1078 857 1103 883 in
1113 856 1330 884 AlMoktadernm
1344 858 1526 892 insurgentes,
1536 858 1624 891 ipsum
1633 864 1743 891 aggres-

953 901 975 928 si
995 907 1074 932 sunt,
1105 903 1137 928 ad
1160 910 1228 936 quos
1241 910 1328 937 pugna
1339 903 1514 937 excipiendos
1540 910 1601 929 cum
1615 909 1742 937 egressils

953 951 1037 979 esset,
1056 947 1145 981 ipsum
1168 947 1376 978 interfecerunt.
1394 953 1527 981 caputque
1543 947 1628 974 hasta:
1653 947 1742 980 impo-

954 993 1035 1020 situm
1061 993 1132 1020 circa
1156 993 1250 1019 urbem
1272 993 1449 1028 525-527
1465 997 1634 1028 (gestarum;
1659 993 1741 1026 idque

954 1037 997 1064 die
1010 1038 1145 1069 Mercurii,
1157 1043 1219 1065 ante
1233 1039 1338 1064 finitum
1351 1047 1472 1065 mensem
1495 1038 1593 1065 Shawa
1608 1039 1741 1070 secundo,

958 1091 1030 1110 anno
1043 1084 1235 1110 trecentesimo
1253 1084 1392 1111 vicesimo.
1409 1082 1470 1110 Fuit
1484 1084 1629 1111 chalifatus
1656 1084 1743 1119 ipsius

956 1136 1089 1155 annorum
1116 1129 1209 1163 viginti
1238 1134 1367 1162 quatuor,
1394 1129 1527 1155 mensium
1555 1129 1690 1158 undecim.
1717 1132 1743 1155 et

955 1174 1060 1200 dierutn
1079 1175 1236 1208 quindecim
1253 1183 1259 1201 :
1277 1174 1328 1200 fuit
1349 1175 1468 1202 vizierus
1484 1174 1571 1208 ipsius
1592 1173 1743 1206 Alpbadlus

957 1218 1013 1246 Ebn
1039 1218 1139 1250 laafar,
1162 1220 1247 1246 Ebnol
1272 1219 1383 1246 Pborat.
1402 1219 1525 1246 Mortuus
1549 1223 1589 1246 est
1615 1219 1744 1246 Trikonis

956 1266 1110 1299 patriarcha
1145 1265 1465 1299 Constantinopolitanus
1491 1272 1552 1292 cum
1584 1265 1742 1292 cathedram

955 1311 1143 1344 quinquennio
1168 1315 1350 1344 occupasset,
1377 1309 1577 1344 constituitque
1613 1308 1744 1335 Domuius

956 1355 1040 1382 filium
1057 1363 1135 1382 suum
1150 1355 1258 1382 nomine
1275 1355 1523 1390 Tlteophylactum,
1539 1353 1584 1388 qui
1601 1353 1744 1379 eunuchus

957 1401 1019 1432 fuit,
1038 1402 1221 1435 patriarcbam
1237 1408 1311 1432 cum,
1331 1401 1440 1434 juvenis
1459 1404 1530 1427 esset
1546 1406 1679 1425 annorum
1697 1398 1739 1424 vi-

957 1447 1022 1482 ginti
1036 1448 1162 1473 duorum.

1192 1491 1342 1524 Cliaiifulua
1362 1490 1508 1517 Allia/teri.

993 1538 1175 1571 lnauguratus
1191 1542 1231 1563 est
1247 1535 1371 1562 AleIher
1388 1537 1481 1562 billabi
1497 1537 1666 1564 Mobammed
1684 1538 1742 1566 Ebn

957 1584 1060 1610 Alimed
1080 1583 1107 1609 Al
1119 1582 1264 1614 Motudcdi,
1282 1582 1325 1608 die
1338 1581 1423 1614 Jovis,
1441 1583 1542 1609 mensis
1561 1582 1680 1609 Sliawali
1696 1592 1743 1614 pe-

958 1629 1083 1660 nnllimo,
1097 1636 1168 1654 anno
1183 1628 1377 1654 trecentesimo
1397 1629 1534 1655 vicesimo.
1551 1627 1599 1654 llic
1614 1630 1744 1657 viziernm

959 1675 1010 1701 sibi
1033 1673 1150 1700 adscivit
1176 1672 1394 1699 Mohammedem
1424 1673 1482 1700 Ebn
1507 1673 1624 1700 Muklall.
1651 1675 1745 1703 Primo

957 1719 1103 1746 chalifatus
1133 1719 1224 1753 ipsius
1246 1725 1317 1744 anno
1344 1721 1511 1746 constitutus
1535 1723 1576 1746 est
1600 1720 1663 1746 Said
1686 1720 1746 1748 Ebn

960 1764 1061 1796 Batrik,
1079 1765 1202 1790 ntedicus
1216 1771 1230 1790 e
1250 1763 1374 1791 Phostati
1390 1763 1558 1798 [Egyptiacaa
1573 1764 1681 1794 incolis,
1699 1773 1749 1799 p2-

964 1809 1082 1836 triarcha
1105 1809 1316 1841 Alexandrinus,
1341 1809 1547 1844 appellatusque
1567 1809 1644 1836 Anka
1662 1809 1748 1844 Euty-

959 1855 1036 1881 cliius
1054 1863 1060 1880 :
1087 1854 1169 1888 idque
1191 1854 1233 1880 die
1246 1853 1333 1885 Jovls,
1355 1854 1457 1880 mensis
1477 1853 1606 1886 Amshir,
1634 1854 1680 1888 qui
1705 1859 1748 1881 est

960 1898 1061 1926 Shebat
1080 1919 1087 1930 ,
1114 1899 1177 1925 anni
1203 1898 1365 1926 Diocletiani
1387 1899 1579 1926 sexcentesimi
1601 1900 1748 1934 quadrage-

959 1945 1020 1972 simi
1036 1946 1111 1976 noni,
1124 1950 1220 1972 octavo
1235 1945 1337 1971 mensis
1354 1944 1471 1979 Saphar,
1486 1953 1558 1974 anno
1573 1945 1686 1981 [llejrie]
1701 1945 1748 1971 lu-

959 1991 1019 2017 nari
1033 1991 1226 2018 trecentesimo
1243 1990 1373 2016 vicesimo
1392 1991 1493 2024 primo.

1153 2035 1234 2069 528
1248 2034 1399 2068 C/Ialifalus
1416 2036 1449 2062 Al
1465 2035 1552 2063 Rodii.

995 2080 1176 2115 Inauguratus
1188 2085 1230 2107 est
1243 2080 1273 2106 Al
1285 2080 1362 2113 ltadi,
1374 2081 1420 2115 qui
1436 2075 1506 2108 idem
1518 2085 1558 2108 est
1570 2081 1641 2108 Abul
1657 2081 1748 2109 Abbas

959 2125 1128 2153 Mobammed
1146 2126 1231 2152 libnol
1246 2125 1407 2159 Moktaderi,
1424 2127 1467 2154 die
1478 2126 1616 2160 Mercurii,
1633 2127 1749 2155 Iomada:

126 2182 183 2202 tum
207 2176 331 2202 eumdem
355 2183 486 2207 mensem,
504 2183 574 2202 anno
591 2176 784 2203 trecentesimo
799 2176 906 2204 decimo
922 2170 949 2200 D
965 2172 1061 2206 prioris
1077 2177 1166 2205 sexto,
1183 2180 1254 2200 anno
1268 2173 1460 2200 trecenteSimo
1472 2174 1604 2201 vicesimo
1617 2175 1747 2201 secundo.

122 2227 236 2252 octavo;
249 2222 295 2254 qni
310 2225 337 2247 et
354 2229 462 2248 rursum
475 2221 569 2248 eodem
583 2226 705 2249 semotus
719 2226 760 2249 cst
778 2222 821 2249 die
837 2222 912 2250 Jovis

123 2271 184 2293 ante
201 2266 305 2292 linitum
328 2265 423 2301 κλῄει),
437 2274 508 2293 anno
523 2268 718 2294 trecentesimo
742 2267 850 2295 decimo
866 2276 911 2297 se-

123 2312 217 2346 ptimo,
232 2313 332 2338 viziero
350 2313 503 2339 constituto
519 2312 680 2340 Obaidallah
705 2313 763 2341 Ebn
788 2314 912 2342 Moham-

124 2357 183 2383 mcd
209 2357 374 2389 Cadanensi,
393 2357 438 2385 die
461 2358 585 2391 Sabbati,
602 2364 681 2386 sexto
699 2364 762 2387 ante
784 2361 909 2388 eumdem

123 2411 243 2430 mensem
262 2404 364 2430 linitutn
388 2411 460 2430 anno
475 2405 669 2432 trecentesimo
685 2406 790 2433 decimo
815 2414 885 2434 nono
902 2416 909 2434 :

123 2456 177 2482 quo
202 2448 301 2476 deinde
323 2453 428 2476 semoto
455 2449 585 2477 sulfectus
609 2454 651 2477 est
676 2450 801 2478 AlHasan
817 2451 911 2479 Ebnol‘

123 2493 222 2520 Kasem
235 2494 316 2529 524
337 2493 394 2521 Ebn
419 2493 505 2522 Obaid
519 2495 602 2522 oddin
626 2496 760 2528 Soliman,
776 2497 831 2524 Ebn
847 2497 910 2525 Wa-

123 2539 194 2569 had,
222 2540 265 2566 die
296 2539 406 2566 Sabbati
425 2560 432 2572 ,
458 2541 538 2567 tertio
564 2546 626 2568 ante
656 2540 762 2568 finitum
790 2550 909 2570 mensem

124 2584 243 2616 Shawal,
271 2592 343 2611 anno
365 2588 557 2613 trecentesimo
573 2587 678 2613 decimo
702 2595 786 2619 nono,
808 2596 910 2624 cogno-

122 2629 298 2663 minatusque
321 2635 363 2657 est
385 2629 615 2663 Omaidol'dulah,
636 2631 693 2658 Ebn
709 2630 908 2660 Walii'ldulabi

123 2681 138 2700 a
152 2682 206 2709 quo
224 2675 325 2702 deinde
347 2675 453 2702 sublata
472 2676 603 2710 dignitate
627 2677 690 2710 ista,
713 2685 773 2704 eam
792 2678 911 2706 obtinuit

78 2733 82 2737 -
122 2720 192 2747 Abul
208 2719 274 2746 Fadl
291 2720 349 2747 Ebn
366 2720 463 2751 laafar,
489 2720 586 2748 Ebnol’
608 2722 700 2753 Ferat,
725 2723 780 2750 l-lbn
795 2722 850 2750 Cha
867 2731 912 2751 za-

123 2767 208 2793 ranah
228 2767 272 2794 die
294 2767 446 2800 Dominico,
466 2768 547 2794 tertio
562 2773 626 2796 ante
654 2769 764 2796 finitum
794 2770 909 2797 Rabiam

124 2812 317 2846 posteriorem,
340 2820 412 2841 anno
436 2815 628 2841 trecentesimo
653 2815 801 2850 vicesimo,
828 2817 873 2850 qui
895 2824 909 2842 a

959 2217 1095 2244 Vizicrum
1111 2218 1163 2245 sibi
1186 2218 1302 2245 adscivit
1318 2218 1538 2246 Mohammedem
1556 2219 1612 2245 Iibn
1631 2219 1749 2248 Moklah.

958 2263 1038 2290 Anno
1063 2264 1208 2291 clialifatus
1225 2265 1284 2299 ejus
1309 2265 1398 2300 primo
1424 2266 1591 2292 constitutus
1612 2270 1654 2292 est
1673 2266 1749 2292 Anba

960 2310 1143 2342 Theodosius,
1169 2312 1215 2345 qui
1242 2310 1312 2338 idem
1329 2315 1370 2338 est
1395 2312 1569 2346 Stephanus,
1586 2312 1686 2344 scriba,
1703 2314 1750 2347 qui

959 2356 1076 2391 Bagdadi
1095 2357 1183 2384 fuerat
1196 2364 1257 2384 cum
1278 2356 1373 2384 Munes
1389 2359 1515 2384 eunucho
1531 2358 1681 2384 Antiochiae
1701 2358 1750 2392 Sy-

959 2403 1009 2429 ria:
1027 2403 1194 2436 patriarcha,
1218 2410 1313 2430 mense
1340 2403 1492 2436 llamadan,
1514 2410 1585 2429 anno
1616 2408 1750 2430 truc-nte-

964 2448 1034 2474 simo
1047 2447 1176 2474 vicesimo
1189 2449 1279 2474 tertio.
1292 2448 1356 2474 Fuit
1369 2452 1460 2475 autern
1477 2449 1504 2474 in
1523 2446 1640 2483 Egypto
1672 2453 1750 2475 terrae

964 2497 1055 2521 motus
1067 2493 1175 2528 ingens,
1193 2494 1272 2521 tertio
1286 2494 1427 2522 DilKaada:
1440 2495 1563 2529 ejusdem
1581 2494 1750 2522 anni.Valde

963 2540 1045 2566 etiam
1066 2539 1174 2574 agitatae
1190 2544 1253 2566 sunt
1269 2540 1353 2568 stella:
1368 2540 1507 2568 cadentes.
1532 2541 1615 2567 Porro
1632 2540 1745 2567 Moham-

964 2585 1024 2612 med
1040 2584 1097 2612 Ebn
1107 2584 1192 2620 Tugnj
1205 2590 1232 2612 et
1240 2587 1340 2613 ducum
1352 2586 1505 2621 vulgarium
1518 2586 1622 2621 aliquot
1635 2585 1750 2613 Barkam

963 2629 1106 2664 fugientes,
1122 2638 1184 2658 cum
1205 2632 1241 2658 ibi
1253 2631 1346 2666 copias
1362 2632 1534 2667 collegissent
1556 2633 1749 2659 Alexandriam

962 2678 1064 2704 reversi
1079 2683 1153 2710 sunt,
1165 2679 1235 2704 unde
1249 2679 1295 2712 qui
1309 2678 1345 2705 ibi
1357 2678 1466 2705 fuerant
1482 2679 1514 2704 ad
1527 2678 1615 2705 rivum
1636 2677 1749 2704 liashidi

961 2723 1111 2757 fugerunt:
1132 2724 1165 2750 ad
1190 2731 1260 2757 quos
1280 2724 1337 2751 Ebn
1357 2723 1443 2758 Togth
1462 2731 1524 2751 cum
1549 2723 1750 2750 AbilThbalaro

961 2768 1046 2796 fratre
1068 2777 1118 2796 suo
1134 2770 1286 2797 exercitum
1314 2769 1426 2797 mittens
1441 2770 1514 2804 ipsos
1530 2769 1557 2796 in
1574 2770 1664 2804 fugam
1685 2777 1747 2796 ver-

961 2815 1004 2848 tit,
1023 2814 1100 2844 cmsis
1129 2816 1200 2849 aliis,
1225 2815 1286 2842 aliis
1301 2815 1399 2849 captis,
1419 2815 1500 2850 idque
1522 2823 1591 2842 anno
1617 2819 1746 2841 trecente-
