  <div class='ocr_page' id='page_1' title='image "/cluster/home/n/w/nwhite01/storage/ocr_20150623/111/coo.31924054870153/014.png"; bbox 0 0 4178 6528; ppageno 0'>
   <div class='ocr_carea' id='block_1_1' title="bbox 356 476 3622 512">
    <p class='ocr_par' dir='ltr' id='par_1_1' title="bbox 358 476 3618 512">
     <span class='ocr_line' id='line_1_1' title="bbox 358 476 3618 512; baseline -0.003 1"><span class='ocrx_word' id='word_1_1' title='bbox 358 476 3618 512; x_wconf 63' lang='lat' dir='ltr'>ww</span> 
     </span>
    </p>
   </div>
   <div class='ocr_carea' id='block_1_2' title="bbox 514 512 1945 527">
    <p class='ocr_par' dir='ltr' id='par_1_2' title="bbox 514 512 1945 527">
     <span class='ocr_line' id='line_1_2' title="bbox 514 512 1945 527; baseline -0.002 -1"><span class='ocrx_word' id='word_1_2' title='bbox 514 512 827 526; x_wconf 42' lang='lat' dir='ltr'><strong>:&#39;_&#39;_——’.~’;.&#39;—..u</strong></span> <span class='ocrx_word' id='word_1_3' title='bbox 877 512 1052 527; x_wconf 49' lang='lat' dir='ltr'><strong>moi...</strong></span> <span class='ocrx_word' id='word_1_4' title='bbox 1079 520 1175 527; x_wconf 79' lang='lat'><strong>.__</strong></span> <span class='ocrx_word' id='word_1_5' title='bbox 1216 518 1945 527; x_wconf 32' lang='lat' dir='ltr'><strong>——._.—_————~__-r~_——ﬂ.</strong></span> 
     </span>
    </p>
   </div>
   <div class='ocr_carea' id='block_1_3' title="bbox 2051 512 3065 527">
    <p class='ocr_par' dir='ltr' id='par_1_3' title="bbox 2051 512 3065 525">
     <span class='ocr_line' id='line_1_3' title="bbox 2051 512 3065 525; baseline -0.003 -1"><span class='ocrx_word' id='word_1_6' title='bbox 2051 518 2144 524; x_wconf 68' lang='lat'><strong>~———</strong></span> <span class='ocrx_word' id='word_1_7' title='bbox 2159 518 2287 525; x_wconf 45' lang='grc' dir='ltr'><strong>...ρ-η</strong></span> <span class='ocrx_word' id='word_1_8' title='bbox 2306 514 2893 524; x_wconf 56' lang='lat' dir='ltr'><strong>.———————~.—.-..—-H-</strong></span> <span class='ocrx_word' id='word_1_9' title='bbox 2908 514 2998 520; x_wconf 61' lang='lat' dir='ltr'><strong>&quot;v—</strong></span> <span class='ocrx_word' id='word_1_10' title='bbox 3031 512 3065 519; x_wconf 70' lang='lat'><strong>.—</strong></span> 
     </span>
    </p>
   </div>
   <div class='ocr_carea' id='block_1_4' title="bbox 1667 659 2372 705">
    <p class='ocr_par' dir='ltr' id='par_1_4' title="bbox 1667 659 2372 705">
     <span class='ocr_line' id='line_1_4' title="bbox 1667 659 2372 705; baseline -0.001 -2"><span class='ocrx_word' id='word_1_11' title='bbox 1667 659 1839 705; x_wconf 76' lang='grc' dir='ltr'><strong>ΑΝΝΟ</strong></span> <span class='ocrx_word' id='word_1_12' title='bbox 1874 659 2102 704; x_wconf 75' lang='lat' dir='ltr'><strong>DOMINI</strong></span> <span class='ocrx_word' id='word_1_13' title='bbox 2132 659 2372 703; x_wconf 70' lang='lat' dir='ltr'><strong>CMXXV&#39;.</strong></span> 
     </span>
    </p>
   </div>
   <div class='ocr_carea' id='block_1_5' title="bbox 1327 843 2675 1056">
    <p class='ocr_par' dir='ltr' id='par_1_5' title="bbox 1327 843 2675 1056">
     <span class='ocr_line' id='line_1_5' title="bbox 1327 843 2675 1056; baseline -0.002 -1"><span class='ocrx_word' id='word_1_14' title='bbox 1327 851 1499 1055; x_wconf 88' lang='grc' dir='ltr'>Ν</span> <span class='ocrx_word' id='word_1_15' title='bbox 1519 843 2675 1056; x_wconf 84' lang='lat' dir='ltr'><strong>ICOLAUS</strong></span> 
     </span>
    </p>
   </div>
   <div class='ocr_carea' id='block_1_6' title="bbox 781 1228 3179 1338">
    <p class='ocr_par' dir='ltr' id='par_1_6' title="bbox 781 1228 3179 1338">
     <span class='ocr_line' id='line_1_6' title="bbox 781 1228 3179 1338; baseline -0.004 0"><span class='ocrx_word' id='word_1_16' title='bbox 781 1228 2347 1338; x_wconf 81' lang='lat' dir='ltr'><strong>CONSTANTINOPOLITAN&#39;US</strong></span> <span class='ocrx_word' id='word_1_17' title='bbox 2421 1238 2856 1329; x_wconf 83' lang='lat' dir='ltr'><strong>PATRIA</strong></span> <span class='ocrx_word' id='word_1_18' title='bbox 2880 1234 3179 1329; x_wconf 77' lang='lat' dir='ltr'><strong>RCHA</strong></span> 
     </span>
    </p>
   </div>
   <div class='ocr_carea' id='block_1_7' title="bbox 1987 1451 2058 1474">
    <p class='ocr_par' dir='ltr' id='par_1_7' title="bbox 1987 1451 2058 1474">
     <span class='ocr_line' id='line_1_7' title="bbox 1987 1451 2058 1474; baseline 0 0"><span class='ocrx_word' id='word_1_19' title='bbox 1987 1451 2058 1474; x_wconf 70' lang='grc' dir='ltr'><strong>-ὑ</strong></span> 
     </span>
    </p>
   </div>
   <div class='ocr_carea' id='block_1_8' title="bbox 1681 1628 2327 1747">
    <p class='ocr_par' dir='ltr' id='par_1_8' title="bbox 1681 1628 2327 1747">
     <span class='ocr_line' id='line_1_8' title="bbox 1681 1628 2327 1747; baseline 0.003 -2"><span class='ocrx_word' id='word_1_20' title='bbox 1681 1628 2327 1747; x_wconf 84' lang='lat' dir='ltr'><strong>NOTITIA.</strong></span> 
     </span>
    </p>
   </div>
   <div class='ocr_carea' id='block_1_9' title="bbox 465 1864 3548 1954">
    <p class='ocr_par' dir='ltr' id='par_1_9' title="bbox 465 1864 3548 1954">
     <span class='ocr_line' id='line_1_9' title="bbox 465 1864 3548 1954; baseline -0.002 -16"><span class='ocrx_word' id='word_1_21' title='bbox 465 1880 748 1940; x_wconf 71' lang='lat' dir='ltr'><strong>Auctore</strong></span> <span class='ocrx_word' id='word_1_22' title='bbox 782 1877 860 1938; x_wconf 74' lang='lat' dir='ltr'><strong>It.</strong></span> <span class='ocrx_word' id='word_1_23' title='bbox 903 1877 964 1938; x_wconf 86' lang='lat' dir='ltr'><strong>P.</strong></span> <span class='ocrx_word' id='word_1_24' title='bbox 998 1875 1162 1940; x_wconf 89' lang='lat' dir='ltr'><strong>God.</strong></span> <span class='ocrx_word' id='word_1_25' title='bbox 1194 1873 1613 1937; x_wconf 86' lang='lat' dir='ltr'><strong>Henschenio</strong></span> <span class='ocrx_word' id='word_1_26' title='bbox 1653 1873 1718 1936; x_wconf 93' lang='lat' dir='ltr'><strong>in</strong></span> <span class='ocrx_word' id='word_1_27' title='bbox 1760 1874 1933 1937; x_wconf 78' lang='lat' dir='ltr'><strong>Actis</strong></span> <span class='ocrx_word' id='word_1_28' title='bbox 1979 1877 2085 1941; x_wconf 87' lang='lat' dir='ltr'><strong>SS.</strong></span> <span class='ocrx_word' id='word_1_29' title='bbox 2120 1874 2411 1953; x_wconf 81' lang='lat' dir='ltr'><strong>Bolland.</strong></span> <span class='ocrx_word' id='word_1_30' title='bbox 2448 1873 2597 1937; x_wconf 78' lang='lat' dir='ltr'><strong>Maii</strong></span> <span class='ocrx_word' id='word_1_31' title='bbox 2628 1883 2781 1934; x_wconf 89' lang='lat' dir='ltr'><strong>tom.</strong></span> <span class='ocrx_word' id='word_1_32' title='bbox 2815 1874 2916 1951; x_wconf 87' lang='lat' dir='ltr'><strong>Ill,</strong></span> <span class='ocrx_word' id='word_1_33' title='bbox 2952 1874 3057 1935; x_wconf 86' lang='lat' dir='ltr'><strong>die</strong></span> <span class='ocrx_word' id='word_1_34' title='bbox 3088 1864 3186 1948; x_wconf 79' lang='lat'><strong>15,</strong></span> <span class='ocrx_word' id='word_1_35' title='bbox 3233 1891 3370 1954; x_wconf 82' lang='lat' dir='ltr'><strong>pag.</strong></span> <span class='ocrx_word' id='word_1_36' title='bbox 3412 1874 3548 1937; x_wconf 67' lang='lat'><strong>501).</strong></span> 
     </span>
    </p>
   </div>
   <div class='ocr_carea' id='block_1_10' title="bbox 428 2157 3632 2235">
    <p class='ocr_par' dir='ltr' id='par_1_10' title="bbox 428 2157 3632 2235">
     <span class='ocr_line' id='line_1_10' title="bbox 428 2157 3632 2235; baseline -0 -17"><span class='ocrx_word' id='word_1_37' title='bbox 428 2163 636 2219; x_wconf 72' lang='lat' dir='ltr'><strong>Leonis</strong></span> <span class='ocrx_word' id='word_1_38' title='bbox 694 2163 978 2234; x_wconf 75' lang='lat' dir='ltr'><strong>Sapientis</strong></span> <span class='ocrx_word' id='word_1_39' title='bbox 1044 2179 1137 2220; x_wconf 91' lang='lat' dir='ltr'><strong>seu</strong></span> <span class='ocrx_word' id='word_1_40' title='bbox 1204 2164 1520 2235; x_wconf 84' lang='lat' dir='ltr'><strong>Philosophi</strong></span> <span class='ocrx_word' id='word_1_41' title='bbox 1595 2161 2240 2234; x_wconf 70' lang='lat' dir='ltr'><strong>imperatorisAstathii</strong></span> <span class='ocrx_word' id='word_1_42' title='bbox 2305 2157 2499 2218; x_wconf 93' lang='lat' dir='ltr'><strong>classis</strong></span> <span class='ocrx_word' id='word_1_43' title='bbox 2559 2162 2850 2233; x_wconf 79' lang='lat' dir='ltr'><strong>Drungarii</strong></span> <span class='ocrx_word' id='word_1_44' title='bbox 2909 2174 2960 2218; x_wconf 90' lang='lat' dir='ltr'><strong>et</strong></span> <span class='ocrx_word' id='word_1_45' title='bbox 3018 2162 3316 2230; x_wconf 88' lang='lat' dir='ltr'><strong>Caramali,</strong></span> <span class='ocrx_word' id='word_1_46' title='bbox 3372 2178 3473 2217; x_wconf 89' lang='lat' dir='ltr'><strong>nec</strong></span> <span class='ocrx_word' id='word_1_47' title='bbox 3526 2174 3632 2217; x_wconf 87' lang='lat' dir='ltr'><strong>non</strong></span> 
     </span>
    </p>
   </div>
   <div class='ocr_carea' id='block_1_11' title="bbox 357 2254 1948 2327">
    <p class='ocr_par' dir='ltr' id='par_1_11' title="bbox 357 2254 1948 2327">
     <span class='ocr_line' id='line_1_11' title="bbox 357 2254 1948 2327; baseline 0.001 -17"><span class='ocrx_word' id='word_1_48' title='bbox 357 2257 956 2326; x_wconf 78' lang='lat' dir='ltr'><strong>Constantinopolitatti</strong></span> <span class='ocrx_word' id='word_1_49' title='bbox 995 2256 1259 2327; x_wconf 76' lang='lat' dir='ltr'><strong>mysticus</strong></span> <span class='ocrx_word' id='word_1_50' title='bbox 1282 2254 1461 2312; x_wconf 81' lang='lat' dir='ltr'><strong>fuerat</strong></span> <span class='ocrx_word' id='word_1_51' title='bbox 1484 2256 1543 2311; x_wconf 97' lang='grc'><strong>8.</strong></span> <span class='ocrx_word' id='word_1_52' title='bbox 1578 2257 1857 2323; x_wconf 83' lang='lat' dir='ltr'><strong>Nicolaus,</strong></span> <span class='ocrx_word' id='word_1_53' title='bbox 1895 2257 1948 2311; x_wconf 91' lang='lat' dir='ltr'><strong>id</strong></span> 
     </span>
    </p>
   </div>
   <div class='ocr_carea' id='block_1_12' title="bbox 358 2336 1945 2425">
    <p class='ocr_par' dir='ltr' id='par_1_12' title="bbox 358 2336 1945 2425">
     <span class='ocr_line' id='line_1_12' title="bbox 358 2336 1945 2425; baseline 0 -22"><span class='ocrx_word' id='word_1_54' title='bbox 358 2360 466 2410; x_wconf 85' lang='lat' dir='ltr'><strong>est.</strong></span> <span class='ocrx_word' id='word_1_55' title='bbox 521 2363 633 2402; x_wconf 91' lang='lat' dir='ltr'><strong>non</strong></span> <span class='ocrx_word' id='word_1_56' title='bbox 683 2350 863 2403; x_wconf 86' lang='lat' dir='ltr'><strong>solum</strong></span> <span class='ocrx_word' id='word_1_57' title='bbox 918 2349 1236 2404; x_wconf 83' lang='lat' dir='ltr'><strong>secretioris</strong></span> <span class='ocrx_word' id='word_1_58' title='bbox 1277 2348 1398 2419; x_wconf 93' lang='lat' dir='ltr'><strong>ejus</strong></span> <span class='ocrx_word' id='word_1_59' title='bbox 1442 2350 1657 2425; x_wconf 77' lang='lat' dir='ltr'><strong>consilii</strong></span> <span class='ocrx_word' id='word_1_60' title='bbox 1705 2336 1945 2415; x_wconf 84' lang='lat' dir='ltr'><strong>senator,</strong></span> 
     </span>
    </p>
   </div>
   <div class='ocr_carea' id='block_1_13' title="bbox 362 2442 1945 2511">
    <p class='ocr_par' dir='ltr' id='par_1_13' title="bbox 362 2442 1945 2511">
     <span class='ocr_line' id='line_1_13' title="bbox 362 2442 1945 2511; baseline 0.001 -16"><span class='ocrx_word' id='word_1_61' title='bbox 362 2442 460 2496; x_wconf 77' lang='lat' dir='ltr'><strong>sed</strong></span> <span class='ocrx_word' id='word_1_62' title='bbox 494 2442 671 2511; x_wconf 82' lang='lat' dir='ltr'><strong>ipsius</strong></span> <span class='ocrx_word' id='word_1_63' title='bbox 721 2450 947 2495; x_wconf 75' lang='lat' dir='ltr'><strong>senatus</strong></span> <span class='ocrx_word' id='word_1_64' title='bbox 999 2446 1193 2497; x_wconf 87' lang='lat' dir='ltr'><strong>oculus</strong></span> <span class='ocrx_word' id='word_1_65' title='bbox 1240 2458 1334 2496; x_wconf 89' lang='lat' dir='ltr'><strong>seu</strong></span> <span class='ocrx_word' id='word_1_66' title='bbox 1382 2457 1619 2511; x_wconf 76' lang='lat' dir='ltr'><strong>praeses;</strong></span> <span class='ocrx_word' id='word_1_67' title='bbox 1667 2443 1815 2497; x_wconf 86' lang='lat' dir='ltr'><strong>etab</strong></span> <span class='ocrx_word' id='word_1_68' title='bbox 1845 2444 1945 2498; x_wconf 90' lang='lat' dir='ltr'><strong>hoc</strong></span> 
     </span>
    </p>
   </div>
   <div class='ocr_carea' id='block_1_14' title="bbox 362 2532 1947 2602">
    <p class='ocr_par' dir='ltr' id='par_1_14' title="bbox 362 2532 1947 2602">
     <span class='ocr_line' id='line_1_14' title="bbox 362 2532 1947 2602; baseline -0.001 -14"><span class='ocrx_word' id='word_1_69' title='bbox 362 2533 655 2589; x_wconf 75' lang='lat' dir='ltr'><strong>excellenti</strong></span> <span class='ocrx_word' id='word_1_70' title='bbox 686 2533 1010 2601; x_wconf 85' lang='lat' dir='ltr'><strong>magistratu</strong></span> <span class='ocrx_word' id='word_1_71' title='bbox 1038 2532 1335 2587; x_wconf 88' lang='lat' dir='ltr'><strong>translatus</strong></span> <span class='ocrx_word' id='word_1_72' title='bbox 1366 2542 1452 2587; x_wconf 87' lang='lat' dir='ltr'><strong>est</strong></span> <span class='ocrx_word' id='word_1_73' title='bbox 1495 2533 1562 2587; x_wconf 89' lang='lat' dir='ltr'><strong>ad</strong></span> <span class='ocrx_word' id='word_1_74' title='bbox 1603 2533 1947 2602; x_wconf 82' lang='lat' dir='ltr'><strong>patriarcha-</strong></span> 
     </span>
    </p>
   </div>
   <div class='ocr_carea' id='block_1_15' title="bbox 366 2626 1943 2696">
    <p class='ocr_par' dir='ltr' id='par_1_15' title="bbox 366 2626 1943 2696">
     <span class='ocr_line' id='line_1_15' title="bbox 366 2626 1943 2696; baseline 0 -15"><span class='ocrx_word' id='word_1_75' title='bbox 366 2638 486 2681; x_wconf 89' lang='lat' dir='ltr'><strong>tum</strong></span> <span class='ocrx_word' id='word_1_76' title='bbox 529 2626 1221 2696; x_wconf 87' lang='lat' dir='ltr'><strong>Constantinopolitanum,</strong></span> <span class='ocrx_word' id='word_1_77' title='bbox 1257 2641 1322 2679; x_wconf 86' lang='lat' dir='ltr'><strong>ac</strong></span> <span class='ocrx_word' id='word_1_78' title='bbox 1354 2627 1572 2679; x_wconf 79' lang='lat' dir='ltr'><strong>tandem</strong></span> <span class='ocrx_word' id='word_1_79' title='bbox 1608 2626 1798 2695; x_wconf 87' lang='lat' dir='ltr'><strong>plenus</strong></span> <span class='ocrx_word' id='word_1_80' title='bbox 1829 2626 1943 2681; x_wconf 90' lang='lat' dir='ltr'><strong>die-</strong></span> 
     </span>
    </p>
   </div>
   <div class='ocr_carea' id='block_1_16' title="bbox 362 2720 1945 2789">
    <p class='ocr_par' dir='ltr' id='par_1_16' title="bbox 362 2720 1945 2789">
     <span class='ocr_line' id='line_1_16' title="bbox 362 2720 1945 2789; baseline 0 -14"><span class='ocrx_word' id='word_1_81' title='bbox 362 2737 489 2775; x_wconf 87' lang='lat' dir='ltr'><strong>rum</strong></span> <span class='ocrx_word' id='word_1_82' title='bbox 524 2736 587 2775; x_wconf 91' lang='lat' dir='ltr'><strong>ac</strong></span> <span class='ocrx_word' id='word_1_83' title='bbox 619 2720 940 2775; x_wconf 89' lang='lat' dir='ltr'><strong>meritorum</strong></span> <span class='ocrx_word' id='word_1_84' title='bbox 986 2720 1241 2789; x_wconf 62' lang='lat' dir='ltr'><strong>migratit</strong></span> <span class='ocrx_word' id='word_1_85' title='bbox 1291 2720 1357 2773; x_wconf 84' lang='lat' dir='ltr'><strong>ad</strong></span> <span class='ocrx_word' id='word_1_86' title='bbox 1407 2720 1688 2775; x_wconf 79' lang='lat' dir='ltr'><strong>Christum</strong></span> <span class='ocrx_word' id='word_1_87' title='bbox 1732 2721 1835 2775; x_wconf 90' lang='lat' dir='ltr'><strong>huc</strong></span> <span class='ocrx_word' id='word_1_88' title='bbox 1877 2721 1945 2775; x_wconf 81' lang='grc'><strong>15</strong></span> 
     </span>
    </p>
   </div>
   <div class='ocr_carea' id='block_1_17' title="bbox 365 2811 1940 2881">
    <p class='ocr_par' dir='ltr' id='par_1_17' title="bbox 365 2811 1940 2881">
     <span class='ocr_line' id='line_1_17' title="bbox 365 2811 1940 2881; baseline -0.001 -17"><span class='ocrx_word' id='word_1_89' title='bbox 365 2812 537 2865; x_wconf 79' lang='lat' dir='ltr'><strong>Maii:</strong></span> <span class='ocrx_word' id='word_1_90' title='bbox 575 2812 643 2865; x_wconf 90' lang='lat' dir='ltr'><strong>ad</strong></span> <span class='ocrx_word' id='word_1_91' title='bbox 690 2827 853 2881; x_wconf 85' lang='lat' dir='ltr'><strong>quem</strong></span> <span class='ocrx_word' id='word_1_92' title='bbox 900 2812 1064 2875; x_wconf 91' lang='lat' dir='ltr'><strong>diem,</strong></span> <span class='ocrx_word' id='word_1_93' title='bbox 1116 2813 1308 2875; x_wconf 81' lang='lat' dir='ltr'><strong>sancti,</strong></span> <span class='ocrx_word' id='word_1_94' title='bbox 1357 2812 1471 2866; x_wconf 83' lang='lat' dir='ltr'><strong>sive</strong></span> <span class='ocrx_word' id='word_1_95' title='bbox 1511 2811 1604 2864; x_wconf 80' lang='grc' dir='ltr'><strong>τοῦ</strong></span> <span class='ocrx_word' id='word_1_96' title='bbox 1652 2813 1708 2865; x_wconf 76' lang='grc' dir='ltr'><strong>ἐν</strong></span> <span class='ocrx_word' id='word_1_97' title='bbox 1741 2811 1940 2878; x_wconf 73' lang='grc' dir='ltr'><strong>ἁγίοις,</strong></span> 
     </span>
    </p>
   </div>
   <div class='ocr_carea' id='block_1_18' title="bbox 363 2901 1943 2973">
    <p class='ocr_par' dir='ltr' id='par_1_18' title="bbox 363 2901 1943 2973">
     <span class='ocr_line' id='line_1_18' title="bbox 363 2901 1943 2973; baseline 0 -18"><span class='ocrx_word' id='word_1_98' title='bbox 363 2902 690 2972; x_wconf 78' lang='lat' dir='ltr'><strong>patriarcha:</strong></span> <span class='ocrx_word' id='word_1_99' title='bbox 770 2901 1350 2971; x_wconf 83' lang='lat' dir='ltr'><strong>Constantinopolitani</strong></span> <span class='ocrx_word' id='word_1_100' title='bbox 1412 2902 1624 2957; x_wconf 83' lang='lat' dir='ltr'><strong>Nicolai</strong></span> <span class='ocrx_word' id='word_1_101' title='bbox 1686 2904 1943 2973; x_wconf 74' lang='lat' dir='ltr'><strong>depositio</strong></span> 
     </span>
    </p>
   </div>
   <div class='ocr_carea' id='block_1_19' title="bbox 365 2993 1943 3065">
    <p class='ocr_par' dir='ltr' id='par_1_19' title="bbox 365 2993 1943 3065">
     <span class='ocr_line' id='line_1_19' title="bbox 365 2993 1943 3065; baseline 0.001 -18"><span class='ocrx_word' id='word_1_102' title='bbox 365 2995 635 3064; x_wconf 83' lang='lat' dir='ltr'><strong>inscripta</strong></span> <span class='ocrx_word' id='word_1_103' title='bbox 666 3003 749 3049; x_wconf 90' lang='lat' dir='ltr'><strong>est</strong></span> <span class='ocrx_word' id='word_1_104' title='bbox 794 3003 1115 3065; x_wconf 89' lang='lat' dir='ltr'><strong>pervetusto</strong></span> <span class='ocrx_word' id='word_1_105' title='bbox 1162 2993 1470 3063; x_wconf 76' lang='lat' dir='ltr'><strong>Syuaxario</strong></span> <span class='ocrx_word' id='word_1_106' title='bbox 1509 2993 1768 3048; x_wconf 69' lang='lat' dir='ltr'><strong>Ecclesia:</strong></span> <span class='ocrx_word' id='word_1_107' title='bbox 1795 2993 1943 3049; x_wconf 84' lang='lat' dir='ltr'><strong>Con-</strong></span> 
     </span>
    </p>
   </div>
   <div class='ocr_carea' id='block_1_20' title="bbox 367 3085 1944 3157">
    <p class='ocr_par' dir='ltr' id='par_1_20' title="bbox 367 3085 1944 3157">
     <span class='ocr_line' id='line_1_20' title="bbox 367 3085 1944 3157; baseline 0 -16"><span class='ocrx_word' id='word_1_108' title='bbox 367 3086 894 3156; x_wconf 71' lang='lat' dir='ltr'><strong>stantinopolitanae,</strong></span> <span class='ocrx_word' id='word_1_109' title='bbox 930 3087 1074 3157; x_wconf 88' lang='lat' dir='ltr'><strong>quod</strong></span> <span class='ocrx_word' id='word_1_110' title='bbox 1108 3098 1193 3141; x_wconf 91' lang='lat' dir='ltr'><strong>est</strong></span> <span class='ocrx_word' id='word_1_111' title='bbox 1243 3085 1469 3157; x_wconf 83' lang='lat' dir='ltr'><strong>Collegii</strong></span> <span class='ocrx_word' id='word_1_112' title='bbox 1534 3086 1944 3141; x_wconf 84' lang='lat' dir='ltr'><strong>Claromontani</strong></span> 
     </span>
    </p>
   </div>
   <div class='ocr_carea' id='block_1_21' title="bbox 367 3178 1943 3250">
    <p class='ocr_par' dir='ltr' id='par_1_21' title="bbox 367 3178 1943 3250">
     <span class='ocr_line' id='line_1_21' title="bbox 367 3178 1943 3250; baseline 0.001 -15"><span class='ocrx_word' id='word_1_113' title='bbox 367 3179 652 3235; x_wconf 83' lang='lat' dir='ltr'><strong>societatis</strong></span> <span class='ocrx_word' id='word_1_114' title='bbox 674 3178 805 3234; x_wconf 82' lang='lat' dir='ltr'><strong>Jesu</strong></span> <span class='ocrx_word' id='word_1_115' title='bbox 828 3178 1079 3234; x_wconf 83' lang='lat' dir='ltr'><strong>Parisiis.</strong></span> <span class='ocrx_word' id='word_1_116' title='bbox 1103 3180 1376 3250; x_wconf 68' lang='lat' dir='ltr'><strong>Ejusdem.</strong></span> <span class='ocrx_word' id='word_1_117' title='bbox 1395 3180 1714 3250; x_wconf 78' lang='lat' dir='ltr'><strong>patriarcha:</strong></span> <span class='ocrx_word' id='word_1_118' title='bbox 1738 3182 1943 3237; x_wconf 82' lang='lat' dir='ltr'><strong>Nicolai</strong></span> 
     </span>
    </p>
   </div>
   <div class='ocr_carea' id='block_1_22' title="bbox 362 3270 1942 3328">
    <p class='ocr_par' dir='ltr' id='par_1_22' title="bbox 362 3270 1942 3328">
     <span class='ocr_line' id='line_1_22' title="bbox 362 3270 1942 3328; baseline 0.002 -3"><span class='ocrx_word' id='word_1_119' title='bbox 362 3287 526 3327; x_wconf 85' lang='lat' dir='ltr'><strong>sacra</strong></span> <span class='ocrx_word' id='word_1_120' title='bbox 582 3271 847 3325; x_wconf 85' lang='lat' dir='ltr'><strong>memoria</strong></span> <span class='ocrx_word' id='word_1_121' title='bbox 894 3270 961 3324; x_wconf 90' lang='lat' dir='ltr'><strong>ad</strong></span> <span class='ocrx_word' id='word_1_122' title='bbox 1021 3272 1273 3326; x_wconf 87' lang='lat' dir='ltr'><strong>eumdem</strong></span> <span class='ocrx_word' id='word_1_123' title='bbox 1328 3272 1473 3326; x_wconf 90' lang='lat' dir='ltr'><strong>diem</strong></span> <span class='ocrx_word' id='word_1_124' title='bbox 1528 3273 1836 3328; x_wconf 81' lang='lat' dir='ltr'><strong>celebratur</strong></span> <span class='ocrx_word' id='word_1_125' title='bbox 1886 3276 1942 3328; x_wconf 92' lang='lat' dir='ltr'><strong>in</strong></span> 
     </span>
    </p>
   </div>
   <div class='ocr_carea' id='block_1_23' title="bbox 363 3364 1947 3422">
    <p class='ocr_par' dir='ltr' id='par_1_23' title="bbox 363 3364 1947 3422">
     <span class='ocr_line' id='line_1_23' title="bbox 363 3364 1947 3422; baseline 0 -3"><span class='ocrx_word' id='word_1_126' title='bbox 363 3366 592 3421; x_wconf 54' lang='lat' dir='ltr'><strong>Mentis</strong></span> <span class='ocrx_word' id='word_1_127' title='bbox 626 3380 760 3419; x_wconf 89' lang='lat' dir='ltr'><strong>mss.</strong></span> <span class='ocrx_word' id='word_1_128' title='bbox 800 3364 1298 3421; x_wconf 79' lang='lat' dir='ltr'><strong>Mediolanensibus</strong></span> <span class='ocrx_word' id='word_1_129' title='bbox 1338 3365 1682 3422; x_wconf 78' lang='lat' dir='ltr'><strong>bibliotheca:</strong></span> <span class='ocrx_word' id='word_1_130' title='bbox 1716 3366 1947 3419; x_wconf 80' lang='lat' dir='ltr'><strong>Ambro-</strong></span> 
     </span>
    </p>
   </div>
   <div class='ocr_carea' id='block_1_24' title="bbox 362 3457 1947 3528">
    <p class='ocr_par' dir='ltr' id='par_1_24' title="bbox 362 3457 1947 3528">
     <span class='ocr_line' id='line_1_24' title="bbox 362 3457 1947 3528; baseline 0.001 -15"><span class='ocrx_word' id='word_1_131' title='bbox 362 3460 553 3523; x_wconf 66' lang='lat' dir='ltr'><strong>sianae,</strong></span> <span class='ocrx_word' id='word_1_132' title='bbox 617 3457 847 3528; x_wconf 78' lang='lat' dir='ltr'><strong>signatis</strong></span> <span class='ocrx_word' id='word_1_133' title='bbox 890 3459 1071 3513; x_wconf 78' lang='lat' dir='ltr'><strong>littera</strong></span> <span class='ocrx_word' id='word_1_134' title='bbox 1114 3457 1159 3513; x_wconf 89' lang='lat'><strong>0</strong></span> <span class='ocrx_word' id='word_1_135' title='bbox 1215 3470 1270 3514; x_wconf 92' lang='lat' dir='ltr'><strong>et</strong></span> <span class='ocrx_word' id='word_1_136' title='bbox 1314 3475 1370 3513; x_wconf 95' lang='lat' dir='ltr'><strong>n.</strong></span> <span class='ocrx_word' id='word_1_137' title='bbox 1423 3461 1560 3523; x_wconf 68' lang='grc'>148,</span> <span class='ocrx_word' id='word_1_138' title='bbox 1611 3469 1667 3514; x_wconf 91' lang='lat' dir='ltr'><strong>et</strong></span> <span class='ocrx_word' id='word_1_139' title='bbox 1715 3461 1770 3515; x_wconf 87' lang='lat' dir='ltr'><strong>in</strong></span> <span class='ocrx_word' id='word_1_140' title='bbox 1822 3461 1947 3514; x_wconf 82' lang='lat' dir='ltr'><strong>unis</strong></span> 
     </span>
    </p>
   </div>
   <div class='ocr_carea' id='block_1_25' title="bbox 365 3547 1947 3605">
    <p class='ocr_par' dir='ltr' id='par_1_25' title="bbox 365 3547 1947 3605">
     <span class='ocr_line' id='line_1_25' title="bbox 365 3547 1947 3605; baseline 0.001 -2"><span class='ocrx_word' id='word_1_141' title='bbox 365 3549 588 3604; x_wconf 71' lang='lat' dir='ltr'><strong>Menaeis</strong></span> <span class='ocrx_word' id='word_1_142' title='bbox 622 3550 779 3604; x_wconf 87' lang='lat' dir='ltr'><strong>ducis</strong></span> <span class='ocrx_word' id='word_1_143' title='bbox 827 3547 1159 3605; x_wconf 68' lang='lat' dir='ltr'><strong>Sabaudiae:</strong></span> <span class='ocrx_word' id='word_1_144' title='bbox 1213 3551 1269 3604; x_wconf 92' lang='lat' dir='ltr'><strong>in</strong></span> <span class='ocrx_word' id='word_1_145' title='bbox 1304 3550 1492 3605; x_wconf 80' lang='lat' dir='ltr'><strong>alteris</strong></span> <span class='ocrx_word' id='word_1_146' title='bbox 1535 3565 1665 3605; x_wconf 85' lang='lat' dir='ltr'><strong>vero</strong></span> <span class='ocrx_word' id='word_1_147' title='bbox 1714 3552 1947 3605; x_wconf 71' lang='lat' dir='ltr'><strong>refertur</strong></span> 
     </span>
    </p>
   </div>
   <div class='ocr_carea' id='block_1_26' title="bbox 367 3641 1946 3710">
    <p class='ocr_par' dir='ltr' id='par_1_26' title="bbox 367 3641 1946 3710">
     <span class='ocr_line' id='line_1_26' title="bbox 367 3641 1946 3710; baseline 0.001 -15"><span class='ocrx_word' id='word_1_148' title='bbox 367 3642 434 3695; x_wconf 89' lang='lat' dir='ltr'><strong>ad</strong></span> <span class='ocrx_word' id='word_1_149' title='bbox 473 3641 618 3695; x_wconf 90' lang='lat' dir='ltr'><strong>diem</strong></span> <span class='ocrx_word' id='word_1_150' title='bbox 645 3650 962 3710; x_wconf 86' lang='lat' dir='ltr'><strong>sequentem</strong></span> <span class='ocrx_word' id='word_1_151' title='bbox 994 3642 1061 3696; x_wconf 81' lang='lat' dir='ltr'><strong>l6</strong></span> <span class='ocrx_word' id='word_1_152' title='bbox 1088 3641 1235 3707; x_wconf 87' lang='lat' dir='ltr'><strong>Maii,</strong></span> <span class='ocrx_word' id='word_1_153' title='bbox 1270 3643 1348 3696; x_wconf 91' lang='lat' dir='ltr'><strong>uti</strong></span> <span class='ocrx_word' id='word_1_154' title='bbox 1382 3643 1543 3697; x_wconf 86' lang='lat' dir='ltr'><strong>etiam</strong></span> <span class='ocrx_word' id='word_1_155' title='bbox 1581 3644 1634 3697; x_wconf 93' lang='lat' dir='ltr'><strong>in</strong></span> <span class='ocrx_word' id='word_1_156' title='bbox 1665 3641 1946 3698; x_wconf 88' lang='lat' dir='ltr'><strong>Parisien-</strong></span> 
     </span>
    </p>
   </div>
   <div class='ocr_carea' id='block_1_27' title="bbox 368 3732 1943 3803">
    <p class='ocr_par' dir='ltr' id='par_1_27' title="bbox 368 3732 1943 3803">
     <span class='ocr_line' id='line_1_27' title="bbox 368 3732 1943 3803; baseline 0.002 -17"><span class='ocrx_word' id='word_1_157' title='bbox 368 3734 525 3787; x_wconf 80' lang='lat' dir='ltr'><strong>sibus</strong></span> <span class='ocrx_word' id='word_1_158' title='bbox 556 3733 858 3788; x_wconf 89' lang='lat' dir='ltr'><strong>cardinalis</strong></span> <span class='ocrx_word' id='word_1_159' title='bbox 888 3732 1167 3789; x_wconf 81' lang='lat' dir='ltr'><strong>Mazarini.</strong></span> <span class='ocrx_word' id='word_1_160' title='bbox 1214 3735 1285 3788; x_wconf 73' lang='lat' dir='ltr'><strong>At</strong></span> <span class='ocrx_word' id='word_1_161' title='bbox 1337 3735 1514 3803; x_wconf 84' lang='lat' dir='ltr'><strong>pridie</strong></span> <span class='ocrx_word' id='word_1_162' title='bbox 1556 3736 1671 3790; x_wconf 85' lang='lat' dir='ltr'><strong>sive</strong></span> <span class='ocrx_word' id='word_1_163' title='bbox 1700 3736 1765 3788; x_wconf 91' lang='lat' dir='ltr'><strong>ad</strong></span> <span class='ocrx_word' id='word_1_164' title='bbox 1802 3736 1943 3789; x_wconf 87' lang='lat' dir='ltr'><strong>diem</strong></span> 
     </span>
    </p>
   </div>
   <div class='ocr_carea' id='block_1_28' title="bbox 369 3824 1945 3891">
    <p class='ocr_par' dir='ltr' id='par_1_28' title="bbox 369 3824 1945 3891">
     <span class='ocr_line' id='line_1_28' title="bbox 369 3824 1945 3891; baseline 0.001 -12"><span class='ocrx_word' id='word_1_165' title='bbox 369 3827 439 3880; x_wconf 66' lang='lat' dir='ltr'><strong>i5</strong></span> <span class='ocrx_word' id='word_1_166' title='bbox 483 3825 646 3891; x_wconf 73' lang='lat' dir='ltr'><strong>Maii,</strong></span> <span class='ocrx_word' id='word_1_167' title='bbox 694 3826 749 3879; x_wconf 91' lang='lat' dir='ltr'><strong>in</strong></span> <span class='ocrx_word' id='word_1_168' title='bbox 796 3841 930 3881; x_wconf 89' lang='lat' dir='ltr'><strong>mss.</strong></span> <span class='ocrx_word' id='word_1_169' title='bbox 991 3824 1418 3881; x_wconf 87' lang='lat' dir='ltr'><strong>Divionensibus</strong></span> <span class='ocrx_word' id='word_1_170' title='bbox 1468 3826 1613 3881; x_wconf 83' lang='lat' dir='ltr'><strong>Petri</strong></span> <span class='ocrx_word' id='word_1_171' title='bbox 1664 3826 1945 3881; x_wconf 84' lang='lat' dir='ltr'><strong>Francisci</strong></span> 
     </span>
    </p>
   </div>
   <div class='ocr_carea' id='block_1_29' title="bbox 364 3918 1940 3989">
    <p class='ocr_par' dir='ltr' id='par_1_29' title="bbox 364 3918 1940 3989">
     <span class='ocr_line' id='line_1_29' title="bbox 364 3918 1940 3989; baseline -0.002 -15"><span class='ocrx_word' id='word_1_172' title='bbox 364 3918 651 3984; x_wconf 80' lang='lat' dir='ltr'><strong>Chimetii,</strong></span> <span class='ocrx_word' id='word_1_173' title='bbox 683 3919 888 3974; x_wconf 84' lang='lat' dir='ltr'><strong>dicitur</strong></span> <span class='ocrx_word' id='word_1_174' title='bbox 921 3918 978 3973; x_wconf 86' lang='grc'><strong>8.</strong></span> <span class='ocrx_word' id='word_1_175' title='bbox 1017 3918 1276 3976; x_wconf 83' lang='lat' dir='ltr'><strong>Nicolaus</strong></span> <span class='ocrx_word' id='word_1_176' title='bbox 1312 3920 1625 3989; x_wconf 87' lang='lat' dir='ltr'><strong>patriarcha</strong></span> <span class='ocrx_word' id='word_1_177' title='bbox 1667 3918 1940 3974; x_wconf 83' lang='lat' dir='ltr'><strong>Constan-</strong></span> 
     </span>
    </p>
   </div>
   <div class='ocr_carea' id='block_1_30' title="bbox 363 4008 1948 4080">
    <p class='ocr_par' dir='ltr' id='par_1_30' title="bbox 363 4008 1948 4080">
     <span class='ocr_line' id='line_1_30' title="bbox 363 4008 1948 4080; baseline 0.001 -19"><span class='ocrx_word' id='word_1_178' title='bbox 363 4009 771 4077; x_wconf 86' lang='lat' dir='ltr'><strong>tinopolitanus</strong></span> <span class='ocrx_word' id='word_1_179' title='bbox 803 4008 858 4062; x_wconf 94' lang='lat' dir='ltr'><strong>in</strong></span> <span class='ocrx_word' id='word_1_180' title='bbox 901 4022 1032 4078; x_wconf 82' lang='lat' dir='ltr'><strong>pace</strong></span> <span class='ocrx_word' id='word_1_181' title='bbox 1060 4009 1359 4079; x_wconf 85' lang='lat' dir='ltr'><strong>quievisse,</strong></span> <span class='ocrx_word' id='word_1_182' title='bbox 1396 4009 1825 4080; x_wconf 82' lang='lat' dir='ltr'><strong>adjungiturque</strong></span> <span class='ocrx_word' id='word_1_183' title='bbox 1848 4009 1948 4063; x_wconf 90' lang='lat' dir='ltr'><strong>hoc</strong></span> 
     </span>
    </p>
   </div>
   <div class='ocr_carea' id='block_1_31' title="bbox 360 4098 686 4156">
    <p class='ocr_par' dir='ltr' id='par_1_31' title="bbox 360 4098 686 4156">
     <span class='ocr_line' id='line_1_31' title="bbox 360 4098 686 4156; baseline 0.009 -3"><span class='ocrx_word' id='word_1_184' title='bbox 360 4098 644 4154; x_wconf 84' lang='lat' dir='ltr'><strong>distichon</strong></span> <span class='ocrx_word' id='word_1_185' title='bbox 668 4116 686 4156; x_wconf 85' lang='lat'><strong>:</strong></span> 
     </span>
    </p>
   </div>
   <div class='ocr_carea' id='block_1_32' title="bbox 447 4190 1417 4266">
    <p class='ocr_par' dir='ltr' id='par_1_32' title="bbox 447 4190 1417 4266">
     <span class='ocr_line' id='line_1_32' title="bbox 447 4190 1417 4266; baseline 0.004 -23"><span class='ocrx_word' id='word_1_186' title='bbox 447 4192 512 4266; x_wconf 85' lang='lat'><strong>&#39;_0</strong></span> <span class='ocrx_word' id='word_1_187' title='bbox 530 4190 797 4266; x_wconf 64' lang='grc' dir='ltr'><strong>Νιιεόλαος</strong></span> <span class='ocrx_word' id='word_1_188' title='bbox 824 4191 1063 4266; x_wconf 55' lang='grc' dir='ltr'><strong>ἐκλιπὼν</strong></span> <span class='ocrx_word' id='word_1_189' title='bbox 1093 4192 1251 4266; x_wconf 64' lang='grc' dir='ltr'>σκιὰν</span> <span class='ocrx_word' id='word_1_190' title='bbox 1280 4193 1417 4266; x_wconf 79' lang='grc' dir='ltr'><strong>βίου,</strong></span> 
     </span>
    </p>
   </div>
   <div class='ocr_carea' id='block_1_33' title="bbox 438 4262 1535 4335">
    <p class='ocr_par' dir='ltr' id='par_1_33' title="bbox 438 4262 1535 4335">
     <span class='ocr_line' id='line_1_33' title="bbox 438 4262 1535 4335; baseline 0.008 -21"><span class='ocrx_word' id='word_1_191' title='bbox 438 4262 584 4332; x_wconf 69' lang='grc' dir='ltr'>Πρὸς</span> <span class='ocrx_word' id='word_1_192' title='bbox 611 4262 803 4316; x_wconf 74' lang='grc' dir='ltr'><strong>ἄσκιον</strong></span> <span class='ocrx_word' id='word_1_193' title='bbox 840 4262 1074 4333; x_wconf 79' lang='grc' dir='ltr'><strong>μετῆλθε</strong></span> <span class='ocrx_word' id='word_1_194' title='bbox 1107 4262 1291 4332; x_wconf 55' lang='lat' dir='ltr'><strong>emas:</strong></span> <span class='ocrx_word' id='word_1_195' title='bbox 1314 4264 1535 4335; x_wconf 70' lang='grc' dir='ltr'>χωρίον.</span> 
     </span>
    </p>
   </div>
   <div class='ocr_carea' id='block_1_34' title="bbox 442 4371 1542 4442">
    <p class='ocr_par' dir='ltr' id='par_1_34' title="bbox 442 4371 1542 4442">
     <span class='ocr_line' id='line_1_34' title="bbox 442 4371 1542 4442; baseline 0.001 -16"><span class='ocrx_word' id='word_1_196' title='bbox 442 4371 697 4426; x_wconf 82' lang='lat' dir='ltr'><strong>Umbram</strong></span> <span class='ocrx_word' id='word_1_197' title='bbox 732 4374 1027 4442; x_wconf 75' lang='lat' dir='ltr'><strong>relinquens</strong></span> <span class='ocrx_word' id='word_1_198' title='bbox 1048 4373 1304 4428; x_wconf 75' lang='lat' dir='ltr'><strong>Nicotaus</strong></span> <span class='ocrx_word' id='word_1_199' title='bbox 1339 4375 1542 4440; x_wconf 71' lang='lat' dir='ltr'><strong>stu-ult“,</strong></span> 
     </span>
    </p>
   </div>
   <div class='ocr_carea' id='block_1_35' title="bbox 440 4443 1766 4501">
    <p class='ocr_par' dir='ltr' id='par_1_35' title="bbox 440 4443 1766 4501">
     <span class='ocr_line' id='line_1_35' title="bbox 440 4443 1766 4501; baseline 0.003 -4"><span class='ocrx_word' id='word_1_200' title='bbox 440 4443 755 4497; x_wconf 70' lang='lat' dir='ltr'><strong>Translata:</strong></span> <span class='ocrx_word' id='word_1_201' title='bbox 778 4454 854 4499; x_wconf 75' lang='lat' dir='ltr'><strong>est</strong></span> <span class='ocrx_word' id='word_1_202' title='bbox 878 4446 933 4498; x_wconf 82' lang='lat' dir='ltr'><strong>in</strong></span> <span class='ocrx_word' id='word_1_203' title='bbox 963 4449 1197 4498; x_wconf 78' lang='lat' dir='ltr'><strong>nescium</strong></span> <span class='ocrx_word' id='word_1_204' title='bbox 1229 4445 1537 4499; x_wconf 85' lang='lat' dir='ltr'><strong>umbrarum</strong></span> <span class='ocrx_word' id='word_1_205' title='bbox 1573 4446 1766 4501; x_wconf 84' lang='lat' dir='ltr'><strong>locum.</strong></span> 
     </span>
    </p>
   </div>
   <div class='ocr_carea' id='block_1_36' title="bbox 444 4557 1949 4629">
    <p class='ocr_par' dir='ltr' id='par_1_36' title="bbox 444 4557 1949 4629">
     <span class='ocr_line' id='line_1_36' title="bbox 444 4557 1949 4629; baseline 0.004 -18"><span class='ocrx_word' id='word_1_206' title='bbox 444 4560 498 4612; x_wconf 77' lang='lat' dir='ltr'><strong>l.</strong></span> <span class='ocrx_word' id='word_1_207' title='bbox 540 4557 683 4613; x_wconf 87' lang='lat' dir='ltr'><strong>Inter</strong></span> <span class='ocrx_word' id='word_1_208' title='bbox 729 4574 932 4613; x_wconf 81' lang='lat' dir='ltr'><strong>uxores</strong></span> <span class='ocrx_word' id='word_1_209' title='bbox 1004 4574 1142 4629; x_wconf 88' lang='lat' dir='ltr'><strong>quas</strong></span> <span class='ocrx_word' id='word_1_210' title='bbox 1199 4558 1308 4613; x_wconf 88' lang='lat' dir='ltr'><strong>Leo</strong></span> <span class='ocrx_word' id='word_1_211' title='bbox 1353 4559 1585 4628; x_wconf 85' lang='lat' dir='ltr'><strong>Sapiens</strong></span> <span class='ocrx_word' id='word_1_212' title='bbox 1639 4561 1949 4617; x_wconf 80' lang='lat' dir='ltr'><strong>successive</strong></span> 
     </span>
    </p>
   </div>
   <div class='ocr_carea' id='block_1_37' title="bbox 365 4646 1948 4719">
    <p class='ocr_par' dir='ltr' id='par_1_37' title="bbox 365 4646 1948 4719">
     <span class='ocr_line' id='line_1_37' title="bbox 365 4646 1948 4719; baseline 0.002 -17"><span class='ocrx_word' id='word_1_213' title='bbox 365 4648 549 4710; x_wconf 77' lang='lat' dir='ltr'><strong>duxit,</strong></span> <span class='ocrx_word' id='word_1_214' title='bbox 588 4649 765 4717; x_wconf 89' lang='lat' dir='ltr'><strong>prima</strong></span> <span class='ocrx_word' id='word_1_215' title='bbox 791 4646 850 4704; x_wconf 90' lang='grc'><strong>8.</strong></span> <span class='ocrx_word' id='word_1_216' title='bbox 879 4647 1239 4717; x_wconf 77' lang='lat' dir='ltr'><strong>TheOphano,</strong></span> <span class='ocrx_word' id='word_1_217' title='bbox 1260 4666 1385 4719; x_wconf 72' lang='lat' dir='ltr'><strong>qua:</strong></span> <span class='ocrx_word' id='word_1_218' title='bbox 1414 4665 1444 4703; x_wconf 91' lang='lat' dir='ltr'><strong>a</strong></span> <span class='ocrx_word' id='word_1_219' title='bbox 1474 4648 1679 4705; x_wconf 71' lang='lat' dir='ltr'><strong>Graecis</strong></span> <span class='ocrx_word' id='word_1_220' title='bbox 1713 4650 1948 4705; x_wconf 90' lang='lat' dir='ltr'><strong>refertur</strong></span> 
     </span>
    </p>
   </div>
   <div class='ocr_carea' id='block_1_38' title="bbox 364 4739 1947 4811">
    <p class='ocr_par' dir='ltr' id='par_1_38' title="bbox 364 4739 1947 4811">
     <span class='ocr_line' id='line_1_38' title="bbox 364 4739 1947 4811; baseline 0.002 -16"><span class='ocrx_word' id='word_1_221' title='bbox 364 4742 433 4795; x_wconf 84' lang='lat' dir='ltr'><strong>ad</strong></span> <span class='ocrx_word' id='word_1_222' title='bbox 464 4740 613 4795; x_wconf 86' lang='lat' dir='ltr'><strong>diem</strong></span> <span class='ocrx_word' id='word_1_223' title='bbox 649 4740 717 4794; x_wconf 82' lang='grc'>16</span> <span class='ocrx_word' id='word_1_224' title='bbox 759 4739 1112 4807; x_wconf 87' lang='lat' dir='ltr'><strong>Decembris;</strong></span> <span class='ocrx_word' id='word_1_225' title='bbox 1153 4751 1347 4811; x_wconf 87' lang='lat' dir='ltr'><strong>quarta</strong></span> <span class='ocrx_word' id='word_1_226' title='bbox 1381 4740 1491 4797; x_wconf 80' lang='lat' dir='ltr'><strong>Zue</strong></span> <span class='ocrx_word' id='word_1_227' title='bbox 1532 4741 1658 4806; x_wconf 86' lang='lat' dir='ltr'><strong>fuit,</strong></span> <span class='ocrx_word' id='word_1_228' title='bbox 1693 4759 1858 4811; x_wconf 89' lang='lat' dir='ltr'><strong>quam</strong></span> <span class='ocrx_word' id='word_1_229' title='bbox 1891 4744 1947 4798; x_wconf 92' lang='lat' dir='ltr'><strong>in</strong></span> 
     </span>
    </p>
   </div>
   <div class='ocr_carea' id='block_1_39' title="bbox 367 4832 1946 4902">
    <p class='ocr_par' dir='ltr' id='par_1_39' title="bbox 367 4832 1946 4902">
     <span class='ocr_line' id='line_1_39' title="bbox 367 4832 1946 4902; baseline 0.004 -17"><span class='ocrx_word' id='word_1_230' title='bbox 367 4833 459 4887; x_wconf 91' lang='lat' dir='ltr'><strong>illa</strong></span> <span class='ocrx_word' id='word_1_231' title='bbox 491 4832 761 4902; x_wconf 78' lang='lat' dir='ltr'><strong>dignitate</strong></span> <span class='ocrx_word' id='word_1_232' title='bbox 798 4833 1004 4888; x_wconf 66' lang='lat' dir='ltr'><strong>vixisse</strong></span> <span class='ocrx_word' id='word_1_233' title='bbox 1030 4848 1235 4888; x_wconf 87' lang='lat' dir='ltr'><strong>annum</strong></span> <span class='ocrx_word' id='word_1_234' title='bbox 1273 4850 1440 4888; x_wconf 89' lang='lat' dir='ltr'><strong>unum</strong></span> <span class='ocrx_word' id='word_1_235' title='bbox 1469 4843 1525 4888; x_wconf 90' lang='lat' dir='ltr'><strong>et</strong></span> <span class='ocrx_word' id='word_1_236' title='bbox 1556 4850 1774 4889; x_wconf 84' lang='lat' dir='ltr'><strong>menses</strong></span> <span class='ocrx_word' id='word_1_237' title='bbox 1803 4847 1946 4902; x_wconf 77' lang='lat' dir='ltr'><strong>orto,</strong></span> 
     </span>
    </p>
   </div>
   <div class='ocr_carea' id='block_1_40' title="bbox 362 4923 1949 4997">
    <p class='ocr_par' dir='ltr' id='par_1_40' title="bbox 362 4923 1949 4997">
     <span class='ocr_line' id='line_1_40' title="bbox 362 4923 1949 4997; baseline 0.001 -17"><span class='ocrx_word' id='word_1_238' title='bbox 362 4926 564 4980; x_wconf 80' lang='lat' dir='ltr'><strong>scribit</strong></span> <span class='ocrx_word' id='word_1_239' title='bbox 606 4924 716 4979; x_wconf 87' lang='lat' dir='ltr'><strong>Leo</strong></span> <span class='ocrx_word' id='word_1_240' title='bbox 763 4923 1170 4981; x_wconf 86' lang='lat' dir='ltr'><strong>Grammaticus</strong></span> <span class='ocrx_word' id='word_1_241' title='bbox 1198 4926 1254 4979; x_wconf 89' lang='lat' dir='ltr'><strong>in</strong></span> <span class='ocrx_word' id='word_1_242' title='bbox 1293 4924 1769 4997; x_wconf 86' lang='lat' dir='ltr'><strong>Cbronographia,</strong></span> <span class='ocrx_word' id='word_1_243' title='bbox 1808 4928 1949 4982; x_wconf 90' lang='lat' dir='ltr'><strong>hanc</strong></span> 
     </span>
    </p>
   </div>
   <div class='ocr_carea' id='block_1_41' title="bbox 362 5016 1949 5089">
    <p class='ocr_par' dir='ltr' id='par_1_41' title="bbox 362 5016 1949 5089">
     <span class='ocr_line' id='line_1_41' title="bbox 362 5016 1949 5089; baseline 0.003 -20"><span class='ocrx_word' id='word_1_244' title='bbox 362 5016 514 5071; x_wconf 85' lang='lat' dir='ltr'><strong>Zuen</strong></span> <span class='ocrx_word' id='word_1_245' title='bbox 560 5025 911 5073; x_wconf 85' lang='lat' dir='ltr'><strong>materteram</strong></span> <span class='ocrx_word' id='word_1_246' title='bbox 948 5034 1105 5073; x_wconf 87' lang='lat' dir='ltr'><strong>suam</strong></span> <span class='ocrx_word' id='word_1_247' title='bbox 1143 5019 1447 5089; x_wconf 85' lang='lat' dir='ltr'><strong>appellans,</strong></span> <span class='ocrx_word' id='word_1_248' title='bbox 1493 5020 1630 5075; x_wconf 89' lang='lat' dir='ltr'><strong>adeo</strong></span> <span class='ocrx_word' id='word_1_249' title='bbox 1658 5030 1717 5074; x_wconf 93' lang='lat' dir='ltr'><strong>ut</strong></span> <span class='ocrx_word' id='word_1_250' title='bbox 1746 5022 1949 5075; x_wconf 89' lang='lat' dir='ltr'><strong>certior</strong></span> 
     </span>
    </p>
   </div>
   <div class='ocr_carea' id='block_1_42' title="bbox 365 5109 1947 5183">
    <p class='ocr_par' dir='ltr' id='par_1_42' title="bbox 365 5109 1947 5183">
     <span class='ocr_line' id='line_1_42' title="bbox 365 5109 1947 5183; baseline 0.003 -20"><span class='ocrx_word' id='word_1_251' title='bbox 365 5109 555 5163; x_wconf 87' lang='lat' dir='ltr'><strong>haberi</strong></span> <span class='ocrx_word' id='word_1_252' title='bbox 592 5122 828 5177; x_wconf 86' lang='lat' dir='ltr'><strong>nequeat</strong></span> <span class='ocrx_word' id='word_1_253' title='bbox 860 5119 1053 5164; x_wconf 87' lang='lat' dir='ltr'><strong>auctor</strong></span> <span class='ocrx_word' id='word_1_254' title='bbox 1095 5111 1303 5165; x_wconf 73' lang='lat' dir='ltr'><strong>notitia:</strong></span> <span class='ocrx_word' id='word_1_255' title='bbox 1355 5112 1426 5166; x_wconf 92' lang='lat' dir='ltr'><strong>de</strong></span> <span class='ocrx_word' id='word_1_256' title='bbox 1474 5111 1532 5166; x_wconf 89' lang='grc'><strong>8.</strong></span> <span class='ocrx_word' id='word_1_257' title='bbox 1583 5111 1806 5168; x_wconf 76' lang='lat' dir='ltr'><strong>Nicolao</strong></span> <span class='ocrx_word' id='word_1_258' title='bbox 1845 5129 1947 5183; x_wconf 88' lang='lat' dir='ltr'><strong>po-</strong></span> 
     </span>
    </p>
   </div>
   <div class='ocr_carea' id='block_1_43' title="bbox 364 5198 1946 5275">
    <p class='ocr_par' dir='ltr' id='par_1_43' title="bbox 364 5198 1946 5275">
     <span class='ocr_line' id='line_1_43' title="bbox 364 5198 1946 5275; baseline 0.004 -20"><span class='ocrx_word' id='word_1_259' title='bbox 364 5202 603 5255; x_wconf 65' lang='lat' dir='ltr'><strong>stulatae.</strong></span> <span class='ocrx_word' id='word_1_260' title='bbox 646 5198 861 5255; x_wconf 79' lang='lat' dir='ltr'><strong>Mortuo</strong></span> <span class='ocrx_word' id='word_1_261' title='bbox 909 5217 1038 5271; x_wconf 77' lang='lat' dir='ltr'><strong>ergo</strong></span> <span class='ocrx_word' id='word_1_262' title='bbox 1086 5202 1145 5258; x_wconf 92' lang='grc'><strong>8.</strong></span> <span class='ocrx_word' id='word_1_263' title='bbox 1182 5205 1422 5260; x_wconf 80' lang='lat' dir='ltr'><strong>Antonio</strong></span> <span class='ocrx_word' id='word_1_264' title='bbox 1468 5205 1671 5261; x_wconf 88' lang='lat' dir='ltr'><strong>Caulea</strong></span> <span class='ocrx_word' id='word_1_265' title='bbox 1712 5207 1946 5275; x_wconf 88' lang='lat' dir='ltr'><strong>patriar-</strong></span> 
     </span>
    </p>
   </div>
   <div class='ocr_carea' id='block_1_44' title="bbox 361 5293 1944 5363">
    <p class='ocr_par' dir='ltr' id='par_1_44' title="bbox 361 5293 1944 5363">
     <span class='ocr_line' id='line_1_44' title="bbox 361 5293 1944 5363; baseline 0.004 -17"><span class='ocrx_word' id='word_1_266' title='bbox 361 5295 491 5358; x_wconf 88' lang='lat' dir='ltr'><strong>cha,</strong></span> <span class='ocrx_word' id='word_1_267' title='bbox 525 5293 687 5363; x_wconf 87' lang='lat' dir='ltr'><strong>cujus</strong></span> <span class='ocrx_word' id='word_1_268' title='bbox 716 5296 849 5349; x_wconf 83' lang='lat' dir='ltr'><strong>Acta</strong></span> <span class='ocrx_word' id='word_1_269' title='bbox 874 5294 1272 5350; x_wconf 87' lang='lat' dir='ltr'><strong>illustravimus</strong></span> <span class='ocrx_word' id='word_1_270' title='bbox 1290 5297 1356 5350; x_wconf 88' lang='lat' dir='ltr'><strong>ad</strong></span> <span class='ocrx_word' id='word_1_271' title='bbox 1384 5297 1528 5351; x_wconf 89' lang='lat' dir='ltr'><strong>diem</strong></span> <span class='ocrx_word' id='word_1_272' title='bbox 1557 5298 1621 5350; x_wconf 71' lang='lat'><strong>12</strong></span> <span class='ocrx_word' id='word_1_273' title='bbox 1643 5298 1944 5362; x_wconf 84' lang='lat' dir='ltr'><strong>Februarii,</strong></span> 
     </span>
    </p>
   </div>
   <div class='ocr_carea' id='block_1_45' title="bbox 367 5386 1947 5461">
    <p class='ocr_par' dir='ltr' id='par_1_45' title="bbox 367 5386 1947 5461">
     <span class='ocr_line' id='line_1_45' title="bbox 367 5386 1947 5461; baseline 0.007 -25"><span class='ocrx_word' id='word_1_274' title='bbox 367 5404 387 5436; x_wconf 77' lang='grc' dir='ltr'><strong>σ</strong></span> <span class='ocrx_word' id='word_1_275' title='bbox 435 5387 493 5440; x_wconf 90' lang='lat' dir='ltr'><strong>in</strong></span> <span class='ocrx_word' id='word_1_276' title='bbox 544 5386 668 5455; x_wconf 87' lang='lat' dir='ltr'><strong>ejus</strong></span> <span class='ocrx_word' id='word_1_277' title='bbox 720 5387 898 5442; x_wconf 87' lang='lat' dir='ltr'><strong>locum</strong></span> <span class='ocrx_word' id='word_1_278' title='bbox 953 5387 1213 5443; x_wconf 81' lang='lat' dir='ltr'><strong>Nicolans</strong></span> <span class='ocrx_word' id='word_1_279' title='bbox 1282 5389 1629 5456; x_wconf 86' lang='lat' dir='ltr'><strong>imperatoris</strong></span> <span class='ocrx_word' id='word_1_280' title='bbox 1682 5392 1947 5461; x_wconf 87' lang='lat' dir='ltr'><strong>mysticus</strong></span> 
     </span>
    </p>
   </div>
   <div class='ocr_carea' id='block_1_46' title="bbox 360 5480 1947 5553">
    <p class='ocr_par' dir='ltr' id='par_1_46' title="bbox 360 5480 1947 5553">
     <span class='ocr_line' id='line_1_46' title="bbox 360 5480 1947 5553; baseline 0.006 -24"><span class='ocrx_word' id='word_1_281' title='bbox 360 5487 658 5546; x_wconf 86' lang='lat' dir='ltr'><strong>provectus</strong></span> <span class='ocrx_word' id='word_1_282' title='bbox 696 5491 781 5533; x_wconf 83' lang='lat' dir='ltr'><strong>est</strong></span> <span class='ocrx_word' id='word_1_283' title='bbox 825 5497 970 5536; x_wconf 89' lang='lat' dir='ltr'><strong>anno</strong></span> <span class='ocrx_word' id='word_1_284' title='bbox 996 5480 1126 5545; x_wconf 84' lang='lat'><strong>895,</strong></span> <span class='ocrx_word' id='word_1_285' title='bbox 1167 5497 1330 5551; x_wconf 89' lang='lat' dir='ltr'><strong>quem</strong></span> <span class='ocrx_word' id='word_1_286' title='bbox 1367 5482 1634 5537; x_wconf 90' lang='lat' dir='ltr'><strong>creditum</strong></span> <span class='ocrx_word' id='word_1_287' title='bbox 1676 5485 1947 5553; x_wconf 85' lang='lat' dir='ltr'><strong>sapientia</strong></span> 
     </span>
    </p>
   </div>
   <div class='ocr_carea' id='block_1_47' title="bbox 360 5572 1948 5646">
    <p class='ocr_par' dir='ltr' id='par_1_47' title="bbox 360 5572 1948 5646">
     <span class='ocr_line' id='line_1_47' title="bbox 360 5572 1948 5646; baseline 0.005 -23"><span class='ocrx_word' id='word_1_288' title='bbox 360 5572 508 5625; x_wconf 85' lang='lat' dir='ltr'><strong>alios</strong></span> <span class='ocrx_word' id='word_1_289' title='bbox 559 5580 614 5626; x_wconf 86' lang='lat' dir='ltr'><strong>et</strong></span> <span class='ocrx_word' id='word_1_290' title='bbox 659 5572 952 5639; x_wconf 85' lang='lat' dir='ltr'><strong>prudentia</strong></span> <span class='ocrx_word' id='word_1_291' title='bbox 995 5576 1206 5629; x_wconf 86' lang='lat' dir='ltr'><strong>anteire</strong></span> <span class='ocrx_word' id='word_1_292' title='bbox 1253 5592 1272 5626; x_wconf 76' lang='grc' dir='ltr'><strong><em>ι</em></strong></span> <span class='ocrx_word' id='word_1_293' title='bbox 1331 5574 1407 5629; x_wconf 87' lang='lat' dir='ltr'><strong>ait</strong></span> <span class='ocrx_word' id='word_1_294' title='bbox 1448 5574 1772 5631; x_wconf 88' lang='lat' dir='ltr'><strong>Cedrenus:</strong></span> <span class='ocrx_word' id='word_1_295' title='bbox 1824 5592 1948 5646; x_wconf 66' lang='lat' dir='ltr'><strong>quae</strong></span> 
     </span>
    </p>
   </div>
   <div class='ocr_carea' id='block_1_48' title="bbox 359 5662 1946 5734">
    <p class='ocr_par' dir='ltr' id='par_1_48' title="bbox 359 5662 1946 5734">
     <span class='ocr_line' id='line_1_48' title="bbox 359 5662 1946 5734; baseline 0.008 -23"><span class='ocrx_word' id='word_1_296' title='bbox 359 5676 497 5716; x_wconf 81' lang='lat' dir='ltr'><strong>vero</strong></span> <span class='ocrx_word' id='word_1_297' title='bbox 532 5662 727 5717; x_wconf 87' lang='lat' dir='ltr'><strong>deinde</strong></span> <span class='ocrx_word' id='word_1_298' title='bbox 774 5666 1147 5734; x_wconf 80' lang='lat' dir='ltr'><strong>contigerunt,</strong></span> <span class='ocrx_word' id='word_1_299' title='bbox 1180 5666 1253 5721; x_wconf 88' lang='lat' dir='ltr'><strong>ita</strong></span> <span class='ocrx_word' id='word_1_300' title='bbox 1287 5677 1475 5722; x_wconf 89' lang='lat' dir='ltr'><strong>narrat</strong></span> <span class='ocrx_word' id='word_1_301' title='bbox 1517 5667 1628 5721; x_wconf 89' lang='lat' dir='ltr'><strong>Leo</strong></span> <span class='ocrx_word' id='word_1_302' title='bbox 1657 5665 1946 5723; x_wconf 88' lang='lat' dir='ltr'><strong>Gramma-</strong></span> 
     </span>
    </p>
   </div>
   <div class='ocr_carea' id='block_1_49' title="bbox 363 5754 1946 5825">
    <p class='ocr_par' dir='ltr' id='par_1_49' title="bbox 363 5754 1946 5825">
     <span class='ocr_line' id='line_1_49' title="bbox 363 5754 1946 5825; baseline 0.006 -19"><span class='ocrx_word' id='word_1_303' title='bbox 363 5756 530 5815; x_wconf 83' lang='lat' dir='ltr'><strong>ticus,</strong></span> <span class='ocrx_word' id='word_1_304' title='bbox 565 5768 691 5825; x_wconf 84' lang='lat' dir='ltr'><strong>pag.</strong></span> <span class='ocrx_word' id='word_1_305' title='bbox 723 5754 849 5810; x_wconf 63' lang='lat'><strong>481.</strong></span> <span class='ocrx_word' id='word_1_306' title='bbox 890 5775 909 5805; x_wconf 77' lang='grc' dir='ltr'><strong><em>ι</em></strong></span> <span class='ocrx_word' id='word_1_307' title='bbox 951 5754 1383 5813; x_wconf 85' lang='lat' dir='ltr'><strong>Tauromenium</strong></span> <span class='ocrx_word' id='word_1_308' title='bbox 1428 5757 1629 5813; x_wconf 72' lang='lat' dir='ltr'><strong>Sicilire</strong></span> <span class='ocrx_word' id='word_1_309' title='bbox 1659 5760 1849 5815; x_wconf 86' lang='lat' dir='ltr'><strong>civitas</strong></span> <span class='ocrx_word' id='word_1_310' title='bbox 1879 5762 1946 5815; x_wconf 91' lang='lat' dir='ltr'><strong>ab</strong></span> 
     </span>
    </p>
   </div>
   <div class='ocr_carea' id='block_1_50' title="bbox 367 5846 1942 5921">
    <p class='ocr_par' dir='ltr' id='par_1_50' title="bbox 367 5846 1942 5921">
     <span class='ocr_line' id='line_1_50' title="bbox 367 5846 1942 5921; baseline 0.005 -22"><span class='ocrx_word' id='word_1_311' title='bbox 367 5846 509 5904; x_wconf 61' lang='lat' dir='ltr'><strong>Afris</strong></span> <span class='ocrx_word' id='word_1_312' title='bbox 538 5856 694 5919; x_wconf 88' lang='lat' dir='ltr'><strong>capta</strong></span> <span class='ocrx_word' id='word_1_313' title='bbox 726 5857 829 5912; x_wconf 89' lang='lat' dir='ltr'><strong>est,</strong></span> <span class='ocrx_word' id='word_1_314' title='bbox 868 5850 1124 5905; x_wconf 88' lang='lat' dir='ltr'><strong>socordia</strong></span> <span class='ocrx_word' id='word_1_315' title='bbox 1153 5862 1248 5906; x_wconf 86' lang='lat' dir='ltr'><strong>aut</strong></span> <span class='ocrx_word' id='word_1_316' title='bbox 1279 5852 1464 5908; x_wconf 86' lang='lat' dir='ltr'><strong>verius</strong></span> <span class='ocrx_word' id='word_1_317' title='bbox 1494 5850 1801 5921; x_wconf 88' lang='lat' dir='ltr'><strong>proditione</strong></span> <span class='ocrx_word' id='word_1_318' title='bbox 1832 5850 1942 5907; x_wconf 89' lang='lat' dir='ltr'><strong>Eu-</strong></span> 
     </span>
    </p>
   </div>
   <div class='ocr_carea' id='block_1_51' title="bbox 681 5944 1161 6009">
    <p class='ocr_par' dir='ltr' id='par_1_51' title="bbox 681 5944 1161 6009">
     <span class='ocr_line' id='line_1_51' title="bbox 681 5944 1161 6009; baseline 0.004 -3"><span class='ocrx_word' id='word_1_319' title='bbox 681 5944 953 6007; x_wconf 69' lang='lat' dir='ltr'><strong>Pnaon.</strong></span> <span class='ocrx_word' id='word_1_320' title='bbox 1003 5946 1161 6009; x_wconf 86' lang='lat' dir='ltr'><strong>CXI.</strong></span> 
     </span>
    </p>
   </div>
   <div class='ocr_carea' id='block_1_52' title="bbox 2054 2250 3634 2327">
    <p class='ocr_par' dir='ltr' id='par_1_52' title="bbox 2054 2250 3634 2327">
     <span class='ocr_line' id='line_1_52' title="bbox 2054 2250 3634 2327; baseline -0.001 -17"><span class='ocrx_word' id='word_1_321' title='bbox 2054 2255 2334 2312; x_wconf 85' lang='lat' dir='ltr'><strong>Michaelis</strong></span> <span class='ocrx_word' id='word_1_322' title='bbox 2365 2258 2646 2320; x_wconf 82' lang='lat' dir='ltr'><strong>Characti,</strong></span> <span class='ocrx_word' id='word_1_323' title='bbox 2682 2258 2883 2312; x_wconf 85' lang='lat' dir='ltr'><strong>ibidem</strong></span> <span class='ocrx_word' id='word_1_324' title='bbox 2931 2250 3294 2326; x_wconf 74' lang='lat' dir='ltr'><strong>reperturum,</strong></span> <span class='ocrx_word' id='word_1_325' title='bbox 3341 2258 3634 2327; x_wconf 80' lang='lat' dir='ltr'><strong>quamplu-</strong></span> 
     </span>
    </p>
   </div>
   <div class='ocr_carea' id='block_1_53' title="bbox 2055 2347 3631 2405">
    <p class='ocr_par' dir='ltr' id='par_1_53' title="bbox 2055 2347 3631 2405">
     <span class='ocr_line' id='line_1_53' title="bbox 2055 2347 3631 2405; baseline -0.002 -2"><span class='ocrx_word' id='word_1_326' title='bbox 2055 2350 2211 2405; x_wconf 90' lang='lat' dir='ltr'><strong>rimis</strong></span> <span class='ocrx_word' id='word_1_327' title='bbox 2256 2348 2632 2404; x_wconf 80' lang='lat' dir='ltr'><strong>Romanorum</strong></span> <span class='ocrx_word' id='word_1_328' title='bbox 2680 2365 2745 2403; x_wconf 88' lang='lat' dir='ltr'><strong>ea</strong></span> <span class='ocrx_word' id='word_1_329' title='bbox 2800 2350 2854 2404; x_wconf 91' lang='lat' dir='ltr'><strong>in</strong></span> <span class='ocrx_word' id='word_1_330' title='bbox 2900 2350 3053 2405; x_wconf 88' lang='lat' dir='ltr'><strong>clade</strong></span> <span class='ocrx_word' id='word_1_331' title='bbox 3093 2350 3275 2404; x_wconf 76' lang='lat' dir='ltr'><strong>caesis.</strong></span> <span class='ocrx_word' id='word_1_332' title='bbox 3312 2347 3540 2403; x_wconf 81' lang='lat' dir='ltr'><strong>Reversi</strong></span> <span class='ocrx_word' id='word_1_333' title='bbox 3578 2348 3631 2401; x_wconf 89' lang='lat' dir='ltr'><strong>in</strong></span> 
     </span>
    </p>
   </div>
   <div class='ocr_carea' id='block_1_54' title="bbox 2054 2441 3636 2511">
    <p class='ocr_par' dir='ltr' id='par_1_54' title="bbox 2054 2441 3636 2511">
     <span class='ocr_line' id='line_1_54' title="bbox 2054 2441 3636 2511; baseline -0.001 -14"><span class='ocrx_word' id='word_1_334' title='bbox 2054 2443 2244 2497; x_wconf 87' lang='lat' dir='ltr'><strong>urbem</strong></span> <span class='ocrx_word' id='word_1_335' title='bbox 2287 2442 2355 2497; x_wconf 90' lang='lat' dir='ltr'><strong>ab</strong></span> <span class='ocrx_word' id='word_1_336' title='bbox 2390 2443 2719 2511; x_wconf 84' lang='lat' dir='ltr'><strong>imperatore</strong></span> <span class='ocrx_word' id='word_1_337' title='bbox 2757 2450 2809 2497; x_wconf 88' lang='lat' dir='ltr'><strong>et</strong></span> <span class='ocrx_word' id='word_1_338' title='bbox 2856 2442 3169 2511; x_wconf 86' lang='lat' dir='ltr'><strong>patriarcha</strong></span> <span class='ocrx_word' id='word_1_339' title='bbox 3205 2441 3545 2511; x_wconf 86' lang='lat' dir='ltr'><strong>reprehensi,</strong></span> <span class='ocrx_word' id='word_1_340' title='bbox 3582 2450 3636 2495; x_wconf 77' lang='lat' dir='ltr'><strong>et</strong></span> 
     </span>
    </p>
   </div>
   <div class='ocr_carea' id='block_1_55' title="bbox 2054 2533 3634 2604">
    <p class='ocr_par' dir='ltr' id='par_1_55' title="bbox 2054 2533 3634 2604">
     <span class='ocr_line' id='line_1_55' title="bbox 2054 2533 3634 2604; baseline -0.002 -15"><span class='ocrx_word' id='word_1_341' title='bbox 2054 2551 2083 2589; x_wconf 91' lang='lat' dir='ltr'><strong>a</strong></span> <span class='ocrx_word' id='word_1_342' title='bbox 2127 2534 2390 2590; x_wconf 85' lang='lat' dir='ltr'><strong>Michaele</strong></span> <span class='ocrx_word' id='word_1_343' title='bbox 2432 2534 2708 2590; x_wconf 83' lang='lat' dir='ltr'><strong>Characto</strong></span> <span class='ocrx_word' id='word_1_344' title='bbox 2756 2534 3086 2604; x_wconf 86' lang='lat' dir='ltr'><strong>proditionis</strong></span> <span class='ocrx_word' id='word_1_345' title='bbox 3135 2533 3394 2598; x_wconf 88' lang='lat' dir='ltr'><strong>convicti,</strong></span> <span class='ocrx_word' id='word_1_346' title='bbox 3456 2542 3634 2587; x_wconf 90' lang='lat' dir='ltr'><strong>morte</strong></span> 
     </span>
    </p>
   </div>
   <div class='ocr_carea' id='block_1_56' title="bbox 2051 2622 3633 2693">
    <p class='ocr_par' dir='ltr' id='par_1_56' title="bbox 2051 2622 3633 2693">
     <span class='ocr_line' id='line_1_56' title="bbox 2051 2622 3633 2693; baseline -0.003 -13"><span class='ocrx_word' id='word_1_347' title='bbox 2051 2624 2401 2680; x_wconf 89' lang='lat' dir='ltr'><strong>condemnati</strong></span> <span class='ocrx_word' id='word_1_348' title='bbox 2443 2630 2572 2679; x_wconf 89' lang='lat' dir='ltr'><strong>sunt</strong></span> <span class='ocrx_word' id='word_1_349' title='bbox 2609 2642 2623 2678; x_wconf 90' lang='lat'><strong>:</strong></span> <span class='ocrx_word' id='word_1_350' title='bbox 2677 2625 2985 2693; x_wconf 80' lang='lat' dir='ltr'><strong>patriarcha</strong></span> <span class='ocrx_word' id='word_1_351' title='bbox 3027 2638 3156 2678; x_wconf 86' lang='lat' dir='ltr'><strong>vero</strong></span> <span class='ocrx_word' id='word_1_352' title='bbox 3207 2623 3432 2678; x_wconf 80' lang='lat' dir='ltr'><strong>Nicolao</strong></span> <span class='ocrx_word' id='word_1_353' title='bbox 3488 2622 3633 2691; x_wconf 89' lang='lat' dir='ltr'><strong>apud</strong></span> 
     </span>
    </p>
   </div>
   <div class='ocr_carea' id='block_1_57' title="bbox 2051 2711 3633 2787">
    <p class='ocr_par' dir='ltr' id='par_1_57' title="bbox 2051 2711 3633 2787">
     <span class='ocr_line' id='line_1_57' title="bbox 2051 2711 3633 2787; baseline -0.004 -14"><span class='ocrx_word' id='word_1_354' title='bbox 2051 2718 2437 2787; x_wconf 87' lang='lat' dir='ltr'><strong>imperatorem</strong></span> <span class='ocrx_word' id='word_1_355' title='bbox 2483 2711 2887 2785; x_wconf 86' lang='lat' dir='ltr'><strong>interpellante,</strong></span> <span class='ocrx_word' id='word_1_356' title='bbox 2931 2730 3081 2770; x_wconf 88' lang='lat' dir='ltr'><strong>mors</strong></span> <span class='ocrx_word' id='word_1_357' title='bbox 3124 2715 3433 2769; x_wconf 84' lang='lat' dir='ltr'><strong>condonata</strong></span> <span class='ocrx_word' id='word_1_358' title='bbox 3462 2729 3479 2767; x_wconf 86' lang='lat'><strong>:</strong></span> <span class='ocrx_word' id='word_1_359' title='bbox 3513 2729 3633 2767; x_wconf 89' lang='lat' dir='ltr'><strong>ver-</strong></span> 
     </span>
    </p>
   </div>
   <div class='ocr_carea' id='block_1_58' title="bbox 2050 2806 3634 2876">
    <p class='ocr_par' dir='ltr' id='par_1_58' title="bbox 2050 2806 3634 2876">
     <span class='ocr_line' id='line_1_58' title="bbox 2050 2806 3634 2876; baseline -0.004 -12"><span class='ocrx_word' id='word_1_360' title='bbox 2050 2809 2387 2876; x_wconf 86' lang='lat' dir='ltr'><strong>beribusque</strong></span> <span class='ocrx_word' id='word_1_361' title='bbox 2446 2808 2791 2863; x_wconf 90' lang='lat' dir='ltr'><strong>solummodo</strong></span> <span class='ocrx_word' id='word_1_362' title='bbox 2822 2806 3077 2875; x_wconf 72' lang='lat' dir='ltr'><strong>subjeCti,</strong></span> <span class='ocrx_word' id='word_1_363' title='bbox 3116 2806 3499 2859; x_wconf 58' lang='lat' dir='ltr'><strong>bonis‘eorum</strong></span> <span class='ocrx_word' id='word_1_364' title='bbox 3533 2821 3634 2873; x_wconf 60' lang='lat' dir='ltr'><strong>puo</strong></span> 
     </span>
    </p>
   </div>
   <div class='ocr_carea' id='block_1_59' title="bbox 2050 2897 3627 2966">
    <p class='ocr_par' dir='ltr' id='par_1_59' title="bbox 2050 2897 3627 2966">
     <span class='ocr_line' id='line_1_59' title="bbox 2050 2897 3627 2966; baseline -0.004 -10"><span class='ocrx_word' id='word_1_365' title='bbox 2050 2900 2454 2963; x_wconf 75' lang='lat' dir='ltr'><strong>blicatis,-inter</strong></span> <span class='ocrx_word' id='word_1_366' title='bbox 2483 2899 2786 2954; x_wconf 89' lang='lat' dir='ltr'><strong>monachos</strong></span> <span class='ocrx_word' id='word_1_367' title='bbox 2808 2899 3018 2954; x_wconf 87' lang='lat' dir='ltr'><strong>detrusi</strong></span> <span class='ocrx_word' id='word_1_368' title='bbox 3045 2908 3195 2954; x_wconf 89' lang='lat' dir='ltr'><strong>sunt.</strong></span> <span class='ocrx_word' id='word_1_369' title='bbox 3224 2912 3242 2950; x_wconf 82' lang='grc'>›</span> <span class='ocrx_word' id='word_1_370' title='bbox 3266 2897 3329 2951; x_wconf 85' lang='lat' dir='ltr'><strong>Et</strong></span> <span class='ocrx_word' id='word_1_371' title='bbox 3348 2914 3470 2966; x_wconf 77' lang='lat' dir='ltr'><strong>pag.</strong></span> <span class='ocrx_word' id='word_1_372' title='bbox 3489 2899 3627 2953; x_wconf 63' lang='lat'><strong>485:</strong></span> 
     </span>
    </p>
   </div>
   <div class='ocr_carea' id='block_1_60' title="bbox 2058 2988 3629 3059">
    <p class='ocr_par' dir='ltr' id='par_1_60' title="bbox 2058 2988 3629 3059">
     <span class='ocr_line' id='line_1_60' title="bbox 2058 2988 3629 3059; baseline -0.002 -16"><span class='ocrx_word' id='word_1_373' title='bbox 2058 3010 2077 3043; x_wconf 73' lang='grc' dir='ltr'>ι</span> <span class='ocrx_word' id='word_1_374' title='bbox 2121 2990 2162 3044; x_wconf 88' lang='lat' dir='ltr'><strong>E</strong></span> <span class='ocrx_word' id='word_1_375' title='bbox 2213 2990 2343 3054; x_wconf 85' lang='lat' dir='ltr'><strong>Zoe,</strong></span> <span class='ocrx_word' id='word_1_376' title='bbox 2400 2990 2615 3059; x_wconf 89' lang='lat' dir='ltr'><strong>inquit,</strong></span> <span class='ocrx_word' id='word_1_377' title='bbox 2667 3001 2864 3058; x_wconf 87' lang='lat' dir='ltr'><strong>quarta</strong></span> <span class='ocrx_word' id='word_1_378' title='bbox 2918 2988 3158 3058; x_wconf 78' lang='lat' dir='ltr'><strong>conjuge</strong></span> <span class='ocrx_word' id='word_1_379' title='bbox 3209 2989 3629 3042; x_wconf 80' lang='lat' dir='ltr'><strong>Constantinum</strong></span> 
     </span>
    </p>
   </div>
   <div class='ocr_carea' id='block_1_61' title="bbox 2055 3078 3632 3151">
    <p class='ocr_par' dir='ltr' id='par_1_61' title="bbox 2055 3078 3632 3151">
     <span class='ocr_line' id='line_1_61' title="bbox 2055 3078 3632 3151; baseline -0.003 -14"><span class='ocrx_word' id='word_1_380' title='bbox 2055 3083 2225 3137; x_wconf 82' lang='lat' dir='ltr'><strong>filium</strong></span> <span class='ocrx_word' id='word_1_381' title='bbox 2256 3082 2366 3137; x_wconf 88' lang='lat' dir='ltr'><strong>Leo</strong></span> <span class='ocrx_word' id='word_1_382' title='bbox 2402 3082 2664 3149; x_wconf 88' lang='lat' dir='ltr'><strong>suscepit,</strong></span> <span class='ocrx_word' id='word_1_383' title='bbox 2698 3082 2793 3151; x_wconf 92' lang='lat' dir='ltr'><strong>qui</strong></span> <span class='ocrx_word' id='word_1_384' title='bbox 2831 3080 2970 3135; x_wconf 90' lang='lat' dir='ltr'><strong>festo</strong></span> <span class='ocrx_word' id='word_1_385' title='bbox 3008 3078 3304 3134; x_wconf 88' lang='lat' dir='ltr'><strong>Lttminum</strong></span> <span class='ocrx_word' id='word_1_386' title='bbox 3342 3093 3371 3132; x_wconf 91' lang='lat' dir='ltr'><strong>a</strong></span> <span class='ocrx_word' id='word_1_387' title='bbox 3406 3079 3632 3133; x_wconf 73' lang='lat' dir='ltr'><strong>Nicuiuo</strong></span> 
     </span>
    </p>
   </div>
   <div class='ocr_carea' id='block_1_62' title="bbox 2050 3171 3633 3246">
    <p class='ocr_par' dir='ltr' id='par_1_62' title="bbox 2050 3171 3633 3246">
     <span class='ocr_line' id='line_1_62' title="bbox 2050 3171 3633 3246; baseline -0.003 -15"><span class='ocrx_word' id='word_1_388' title='bbox 2050 3174 2365 3246; x_wconf 83' lang='lat' dir='ltr'><strong>patriarcha</strong></span> <span class='ocrx_word' id='word_1_389' title='bbox 2397 3175 2452 3228; x_wconf 91' lang='lat' dir='ltr'><strong>in</strong></span> <span class='ocrx_word' id='word_1_390' title='bbox 2480 3173 2675 3243; x_wconf 82' lang='lat' dir='ltr'><strong>Magna</strong></span> <span class='ocrx_word' id='word_1_391' title='bbox 2723 3172 2989 3236; x_wconf 87' lang='lat' dir='ltr'><strong>Ecclesia,</strong></span> <span class='ocrx_word' id='word_1_392' title='bbox 3030 3171 3461 3242; x_wconf 88' lang='lat' dir='ltr'><strong>suscipientibus</strong></span> <span class='ocrx_word' id='word_1_393' title='bbox 3498 3187 3633 3243; x_wconf 56' lang='lat' dir='ltr'><strong>puec</strong></span> 
     </span>
    </p>
   </div>
   <div class='ocr_carea' id='block_1_63' title="bbox 2052 3265 3633 3335">
    <p class='ocr_par' dir='ltr' id='par_1_63' title="bbox 2052 3265 3633 3335">
     <span class='ocr_line' id='line_1_63' title="bbox 2052 3265 3633 3335; baseline 0.001 -16"><span class='ocrx_word' id='word_1_394' title='bbox 2052 3281 2172 3320; x_wconf 88' lang='lat' dir='ltr'><strong>rum</strong></span> <span class='ocrx_word' id='word_1_395' title='bbox 2213 3281 2244 3320; x_wconf 91' lang='lat' dir='ltr'><strong>e</strong></span> <span class='ocrx_word' id='word_1_396' title='bbox 2295 3267 2445 3321; x_wconf 89' lang='lat' dir='ltr'><strong>fonte</strong></span> <span class='ocrx_word' id='word_1_397' title='bbox 2493 3265 2807 3321; x_wconf 78' lang='lat' dir='ltr'><strong>Alexandro</strong></span> <span class='ocrx_word' id='word_1_398' title='bbox 2854 3266 3203 3334; x_wconf 87' lang='lat' dir='ltr'><strong>imperatore,</strong></span> <span class='ocrx_word' id='word_1_399' title='bbox 3262 3266 3500 3320; x_wconf 83' lang='lat' dir='ltr'><strong>Samona</strong></span> <span class='ocrx_word' id='word_1_400' title='bbox 3533 3281 3633 3335; x_wconf 86' lang='lat' dir='ltr'><strong>pa-</strong></span> 
     </span>
    </p>
   </div>
   <div class='ocr_carea' id='block_1_64' title="bbox 2052 3359 3626 3430">
    <p class='ocr_par' dir='ltr' id='par_1_64' title="bbox 2052 3359 3626 3430">
     <span class='ocr_line' id='line_1_64' title="bbox 2052 3359 3626 3430; baseline 0.001 -18"><span class='ocrx_word' id='word_1_401' title='bbox 2052 3359 2211 3413; x_wconf 90' lang='lat' dir='ltr'><strong>tricio</strong></span> <span class='ocrx_word' id='word_1_402' title='bbox 2270 3368 2323 3413; x_wconf 90' lang='lat' dir='ltr'><strong>et</strong></span> <span class='ocrx_word' id='word_1_403' title='bbox 2384 3359 2705 3428; x_wconf 90' lang='lat' dir='ltr'><strong>proceribus</strong></span> <span class='ocrx_word' id='word_1_404' title='bbox 2763 3360 3014 3422; x_wconf 87' lang='lat' dir='ltr'><strong>cunctis,</strong></span> <span class='ocrx_word' id='word_1_405' title='bbox 3069 3360 3383 3430; x_wconf 82' lang='lat' dir='ltr'><strong>baptizatus</strong></span> <span class='ocrx_word' id='word_1_406' title='bbox 3451 3370 3626 3415; x_wconf 90' lang='lat' dir='ltr'><strong>est....</strong></span> 
     </span>
    </p>
   </div>
   <div class='ocr_carea' id='block_1_65' title="bbox 2049 3450 3630 3523">
    <p class='ocr_par' dir='ltr' id='par_1_65' title="bbox 2049 3450 3630 3523">
     <span class='ocr_line' id='line_1_65' title="bbox 2049 3450 3630 3523; baseline 0.001 -18"><span class='ocrx_word' id='word_1_407' title='bbox 2049 3451 2311 3505; x_wconf 89' lang='lat' dir='ltr'><strong>Eamdem</strong></span> <span class='ocrx_word' id='word_1_408' title='bbox 2347 3465 2476 3505; x_wconf 85' lang='lat' dir='ltr'><strong>vero</strong></span> <span class='ocrx_word' id='word_1_409' title='bbox 2515 3450 2661 3505; x_wconf 86' lang='lat' dir='ltr'><strong>Zoen</strong></span> <span class='ocrx_word' id='word_1_410' title='bbox 2704 3451 2999 3506; x_wconf 88' lang='lat' dir='ltr'><strong>declaravit</strong></span> <span class='ocrx_word' id='word_1_411' title='bbox 3040 3452 3341 3523; x_wconf 82' lang='lat' dir='ltr'><strong>Augustam</strong></span> <span class='ocrx_word' id='word_1_412' title='bbox 3391 3452 3630 3522; x_wconf 83' lang='lat' dir='ltr'><strong>impera-</strong></span> 
     </span>
    </p>
   </div>
   <div class='ocr_carea' id='block_1_66' title="bbox 2051 3528 3627 3614">
    <p class='ocr_par' dir='ltr' id='par_1_66' title="bbox 2051 3528 3627 3614">
     <span class='ocr_line' id='line_1_66' title="bbox 2051 3528 3627 3614; baseline 0.002 -18"><span class='ocrx_word' id='word_1_413' title='bbox 2051 3552 2158 3609; x_wconf 88' lang='lat' dir='ltr'><strong>tor,</strong></span> <span class='ocrx_word' id='word_1_414' title='bbox 2194 3558 2356 3612; x_wconf 92' lang='lat' dir='ltr'><strong>quem</strong></span> <span class='ocrx_word' id='word_1_415' title='bbox 2410 3552 2703 3612; x_wconf 84' lang='lat' dir='ltr'><strong>eapropter</strong></span> <span class='ocrx_word' id='word_1_416' title='bbox 2728 3542 2983 3599; x_wconf 71' lang='lat' dir='ltr'><strong>Ecclesiae</strong></span> <span class='ocrx_word' id='word_1_417' title='bbox 3006 3528 3289 3599; x_wconf 83' lang='lat' dir='ltr'><strong>liminibus</strong></span> <span class='ocrx_word' id='word_1_418' title='bbox 3317 3545 3627 3614; x_wconf 87' lang='lat' dir='ltr'><strong>patriarcha</strong></span> 
     </span>
    </p>
   </div>
   <div class='ocr_carea' id='block_1_67' title="bbox 2049 3639 3632 3709">
    <p class='ocr_par' dir='ltr' id='par_1_67' title="bbox 2049 3639 3632 3709">
     <span class='ocr_line' id='line_1_67' title="bbox 2049 3639 3632 3709; baseline 0.002 -17"><span class='ocrx_word' id='word_1_419' title='bbox 2049 3639 2331 3709; x_wconf 89' lang='lat' dir='ltr'><strong>prohibuit</strong></span> <span class='ocrx_word' id='word_1_420' title='bbox 2384 3656 2399 3692; x_wconf 93' lang='lat'><strong>:</strong></span> <span class='ocrx_word' id='word_1_421' title='bbox 2455 3646 2515 3692; x_wconf 93' lang='lat' dir='ltr'><strong>ut</strong></span> <span class='ocrx_word' id='word_1_422' title='bbox 2579 3639 2777 3694; x_wconf 80' lang='lat' dir='ltr'><strong>exinde</strong></span> <span class='ocrx_word' id='word_1_423' title='bbox 2858 3640 3066 3708; x_wconf 86' lang='lat' dir='ltr'><strong>pariter</strong></span> <span class='ocrx_word' id='word_1_424' title='bbox 3110 3640 3333 3695; x_wconf 82' lang='lat' dir='ltr'><strong>dextera</strong></span> <span class='ocrx_word' id='word_1_425' title='bbox 3386 3642 3632 3696; x_wconf 70' lang='lat' dir='ltr'><strong>ecclesire</strong></span> 
     </span>
    </p>
   </div>
   <div class='ocr_carea' id='block_1_68' title="bbox 2054 3733 3629 3803">
    <p class='ocr_par' dir='ltr' id='par_1_68' title="bbox 2054 3733 3629 3803">
     <span class='ocr_line' id='line_1_68' title="bbox 2054 3733 3629 3803; baseline 0.001 -17"><span class='ocrx_word' id='word_1_426' title='bbox 2054 3741 2227 3803; x_wconf 88' lang='lat' dir='ltr'><strong>parte,</strong></span> <span class='ocrx_word' id='word_1_427' title='bbox 2275 3733 2361 3786; x_wconf 86' lang='lat' dir='ltr'><strong>via</strong></span> <span class='ocrx_word' id='word_1_428' title='bbox 2409 3743 2675 3788; x_wconf 86' lang='lat' dir='ltr'><strong>consueta</strong></span> <span class='ocrx_word' id='word_1_429' title='bbox 2734 3735 2951 3803; x_wconf 88' lang='lat' dir='ltr'><strong>penitus</strong></span> <span class='ocrx_word' id='word_1_430' title='bbox 2992 3735 3199 3799; x_wconf 85' lang='lat' dir='ltr'><strong>relicta,</strong></span> <span class='ocrx_word' id='word_1_431' title='bbox 3240 3735 3307 3788; x_wconf 92' lang='lat' dir='ltr'><strong>ad</strong></span> <span class='ocrx_word' id='word_1_432' title='bbox 3360 3733 3629 3791; x_wconf 82' lang='lat' dir='ltr'><strong>Mitatori-</strong></span> 
     </span>
    </p>
   </div>
   <div class='ocr_carea' id='block_1_69' title="bbox 2048 3822 3629 3893">
    <p class='ocr_par' dir='ltr' id='par_1_69' title="bbox 2048 3822 3629 3893">
     <span class='ocr_line' id='line_1_69' title="bbox 2048 3822 3629 3893; baseline 0.002 -18"><span class='ocrx_word' id='word_1_433' title='bbox 2048 3822 2192 3875; x_wconf 88' lang='lat' dir='ltr'><strong>cium</strong></span> <span class='ocrx_word' id='word_1_434' title='bbox 2217 3836 2391 3890; x_wconf 84' lang='lat' dir='ltr'><strong>usque</strong></span> <span class='ocrx_word' id='word_1_435' title='bbox 2422 3822 2795 3888; x_wconf 84' lang='lat' dir='ltr'><strong>pertrausiret.</strong></span> <span class='ocrx_word' id='word_1_436' title='bbox 2830 3822 3101 3879; x_wconf 82' lang='lat' dir='ltr'><strong>Samonas</strong></span> <span class='ocrx_word' id='word_1_437' title='bbox 3121 3825 3318 3880; x_wconf 82' lang='lat' dir='ltr'><strong>deinde</strong></span> <span class='ocrx_word' id='word_1_438' title='bbox 3345 3827 3629 3893; x_wconf 86' lang='lat' dir='ltr'><strong>accubitor</strong></span> 
     </span>
    </p>
   </div>
   <div class='ocr_carea' id='block_1_70' title="bbox 2050 3914 3625 3985">
    <p class='ocr_par' dir='ltr' id='par_1_70' title="bbox 2050 3914 3625 3985">
     <span class='ocr_line' id='line_1_70' title="bbox 2050 3914 3625 3985; baseline 0.003 -19"><span class='ocrx_word' id='word_1_439' title='bbox 2050 3922 2340 3981; x_wconf 85' lang='lat' dir='ltr'><strong>provectus</strong></span> <span class='ocrx_word' id='word_1_440' title='bbox 2369 3922 2471 3975; x_wconf 87' lang='lat' dir='ltr'><strong>est,</strong></span> <span class='ocrx_word' id='word_1_441' title='bbox 2508 3914 2655 3982; x_wconf 89' lang='lat' dir='ltr'><strong>quod</strong></span> <span class='ocrx_word' id='word_1_442' title='bbox 2687 3915 2752 3969; x_wconf 84' lang='lat' dir='ltr'><strong>ad</strong></span> <span class='ocrx_word' id='word_1_443' title='bbox 2785 3928 2948 3970; x_wconf 90' lang='lat' dir='ltr'><strong>omne</strong></span> <span class='ocrx_word' id='word_1_444' title='bbox 2973 3914 3188 3970; x_wconf 82' lang='lat' dir='ltr'><strong>facinus</strong></span> <span class='ocrx_word' id='word_1_445' title='bbox 3213 3925 3267 3970; x_wconf 90' lang='lat' dir='ltr'><strong>et</strong></span> <span class='ocrx_word' id='word_1_446' title='bbox 3300 3919 3625 3985; x_wconf 88' lang='lat' dir='ltr'><strong>pravitatem</strong></span> 
     </span>
    </p>
   </div>
   <div class='ocr_carea' id='block_1_71' title="bbox 2050 4005 3628 4075">
    <p class='ocr_par' dir='ltr' id='par_1_71' title="bbox 2050 4005 3628 4075">
     <span class='ocr_line' id='line_1_71' title="bbox 2050 4005 3628 4075; baseline 0.003 -16"><span class='ocrx_word' id='word_1_447' title='bbox 2050 4005 2366 4074; x_wconf 85' lang='lat' dir='ltr'><strong>imperatori</strong></span> <span class='ocrx_word' id='word_1_448' title='bbox 2402 4020 2624 4059; x_wconf 88' lang='lat' dir='ltr'><strong>manum</strong></span> <span class='ocrx_word' id='word_1_449' title='bbox 2664 4007 2931 4075; x_wconf 68' lang='lat' dir='ltr'><strong>praeberet</strong></span> <span class='ocrx_word' id='word_1_450' title='bbox 2967 4008 3314 4073; x_wconf 74' lang='lat' dir='ltr'><strong>auxiliarem,</strong></span> <span class='ocrx_word' id='word_1_451' title='bbox 3349 4020 3403 4064; x_wconf 88' lang='lat' dir='ltr'><strong>et</strong></span> <span class='ocrx_word' id='word_1_452' title='bbox 3432 4011 3628 4066; x_wconf 83' lang='lat' dir='ltr'><strong>adver-</strong></span> 
     </span>
    </p>
   </div>
   <div class='ocr_carea' id='block_1_72' title="bbox 2050 4096 3629 4173">
    <p class='ocr_par' dir='ltr' id='par_1_72' title="bbox 2050 4096 3629 4173">
     <span class='ocr_line' id='line_1_72' title="bbox 2050 4096 3629 4173; baseline 0.003 -20"><span class='ocrx_word' id='word_1_453' title='bbox 2050 4112 2146 4153; x_wconf 87' lang='lat' dir='ltr'><strong>sus</strong></span> <span class='ocrx_word' id='word_1_454' title='bbox 2170 4096 2473 4151; x_wconf 83' lang='lat' dir='ltr'><strong>Ecclesiam</strong></span> <span class='ocrx_word' id='word_1_455' title='bbox 2506 4107 2797 4167; x_wconf 87' lang='lat' dir='ltr'><strong>coeperunt</strong></span> <span class='ocrx_word' id='word_1_456' title='bbox 2829 4099 3107 4154; x_wconf 90' lang='lat' dir='ltr'><strong>meditari.</strong></span> <span class='ocrx_word' id='word_1_457' title='bbox 3131 4098 3397 4157; x_wconf 78' lang='lat' dir='ltr'><strong>Vocatum</strong></span> <span class='ocrx_word' id='word_1_458' title='bbox 3426 4103 3629 4173; x_wconf 84' lang='lat' dir='ltr'><strong>quippe</strong></span> 
     </span>
    </p>
   </div>
   <div class='ocr_carea' id='block_1_73' title="bbox 2051 4187 3626 4262">
    <p class='ocr_par' dir='ltr' id='par_1_73' title="bbox 2051 4187 3626 4262">
     <span class='ocr_line' id='line_1_73' title="bbox 2051 4187 3626 4262; baseline 0.005 -20"><span class='ocrx_word' id='word_1_459' title='bbox 2051 4187 2119 4242; x_wconf 83' lang='lat' dir='ltr'><strong>ad</strong></span> <span class='ocrx_word' id='word_1_460' title='bbox 2149 4202 2208 4242; x_wconf 92' lang='lat' dir='ltr'><strong>se</strong></span> <span class='ocrx_word' id='word_1_461' title='bbox 2236 4187 2519 4243; x_wconf 82' lang='lat' dir='ltr'><strong>Nicolaum</strong></span> <span class='ocrx_word' id='word_1_462' title='bbox 2557 4190 2926 4257; x_wconf 88' lang='lat' dir='ltr'><strong>patriareham</strong></span> <span class='ocrx_word' id='word_1_463' title='bbox 2968 4192 3057 4247; x_wconf 88' lang='lat' dir='ltr'><strong>die</strong></span> <span class='ocrx_word' id='word_1_464' title='bbox 3092 4192 3274 4262; x_wconf 88' lang='lat' dir='ltr'><strong>primo</strong></span> <span class='ocrx_word' id='word_1_465' title='bbox 3321 4192 3626 4259; x_wconf 84' lang='lat' dir='ltr'><strong>Februarii,</strong></span> 
     </span>
    </p>
   </div>
   <div class='ocr_carea' id='block_1_74' title="bbox 2051 4283 3625 4358">
    <p class='ocr_par' dir='ltr' id='par_1_74' title="bbox 2051 4283 3625 4358">
     <span class='ocr_line' id='line_1_74' title="bbox 2051 4283 3625 4358; baseline 0.005 -22"><span class='ocrx_word' id='word_1_466' title='bbox 2051 4283 2309 4353; x_wconf 87' lang='lat' dir='ltr'><strong>precibus</strong></span> <span class='ocrx_word' id='word_1_467' title='bbox 2341 4284 2642 4351; x_wconf 88' lang='lat' dir='ltr'><strong>instabant,</strong></span> <span class='ocrx_word' id='word_1_468' title='bbox 2677 4294 2735 4339; x_wconf 91' lang='lat' dir='ltr'><strong>ut</strong></span> <span class='ocrx_word' id='word_1_469' title='bbox 2781 4286 2834 4339; x_wconf 83' lang='lat' dir='ltr'><strong>in‘</strong></span> <span class='ocrx_word' id='word_1_470' title='bbox 2885 4286 3187 4342; x_wconf 83' lang='lat' dir='ltr'><strong>Ecclesiam</strong></span> <span class='ocrx_word' id='word_1_471' title='bbox 3234 4288 3625 4358; x_wconf 83' lang='lat' dir='ltr'><strong>reciperentur.</strong></span> 
     </span>
    </p>
   </div>
   <div class='ocr_carea' id='block_1_75' title="bbox 2054 4374 3626 4451">
    <p class='ocr_par' dir='ltr' id='par_1_75' title="bbox 2054 4374 3626 4451">
     <span class='ocr_line' id='line_1_75' title="bbox 2054 4374 3626 4451; baseline 0.004 -23"><span class='ocrx_word' id='word_1_472' title='bbox 2054 4374 2124 4429; x_wconf 89' lang='lat' dir='ltr'><strong>Ut</strong></span> <span class='ocrx_word' id='word_1_473' title='bbox 2153 4390 2281 4431; x_wconf 88' lang='lat' dir='ltr'><strong>vero</strong></span> <span class='ocrx_word' id='word_1_474' title='bbox 2316 4376 2533 4431; x_wconf 81' lang='lat' dir='ltr'><strong>ﬂectere</strong></span> <span class='ocrx_word' id='word_1_475' title='bbox 2572 4392 2678 4432; x_wconf 92' lang='lat' dir='ltr'><strong>non</strong></span> <span class='ocrx_word' id='word_1_476' title='bbox 2710 4388 3028 4447; x_wconf 79' lang='lat' dir='ltr'><strong>potuerunt,</strong></span> <span class='ocrx_word' id='word_1_477' title='bbox 3055 4394 3084 4434; x_wconf 88' lang='lat' dir='ltr'><strong>a</strong></span> <span class='ocrx_word' id='word_1_478' title='bbox 3115 4382 3364 4437; x_wconf 91' lang='lat' dir='ltr'><strong>convivio</strong></span> <span class='ocrx_word' id='word_1_479' title='bbox 3387 4381 3626 4451; x_wconf 86' lang='lat' dir='ltr'><strong>publico,</strong></span> 
     </span>
    </p>
   </div>
   <div class='ocr_carea' id='block_1_76' title="bbox 2051 4467 3706 4544">
    <p class='ocr_par' dir='ltr' id='par_1_76' title="bbox 2051 4467 3706 4544">
     <span class='ocr_line' id='line_1_76' title="bbox 2051 4467 3706 4544; baseline 0.003 -22"><span class='ocrx_word' id='word_1_480' title='bbox 2051 4469 2116 4524; x_wconf 91' lang='lat' dir='ltr'><strong>ad</strong></span> <span class='ocrx_word' id='word_1_481' title='bbox 2157 4467 2303 4539; x_wconf 86' lang='lat' dir='ltr'><strong>quod</strong></span> <span class='ocrx_word' id='word_1_482' title='bbox 2342 4480 2569 4525; x_wconf 90' lang='lat' dir='ltr'><strong>vocatus</strong></span> <span class='ocrx_word' id='word_1_483' title='bbox 2590 4472 2806 4536; x_wconf 73' lang='lat' dir='ltr'><strong>fuerat,</strong></span> <span class='ocrx_word' id='word_1_484' title='bbox 2848 4472 3084 4542; x_wconf 82' lang='lat' dir='ltr'><strong>ejectum</strong></span> <span class='ocrx_word' id='word_1_485' title='bbox 3111 4482 3167 4528; x_wconf 90' lang='lat' dir='ltr'><strong>et</strong></span> <span class='ocrx_word' id='word_1_486' title='bbox 3196 4489 3292 4544; x_wconf 89' lang='lat' dir='ltr'><strong>per</strong></span> <span class='ocrx_word' id='word_1_487' title='bbox 3323 4474 3632 4531; x_wconf 85' lang='lat' dir='ltr'><strong>Bucoleun-</strong></span> <span class='ocrx_word' id='word_1_488' title='bbox 3696 4519 3706 4527; x_wconf 75' lang='lat'><strong>.</strong></span> 
     </span>
    </p>
   </div>
   <div class='ocr_carea' id='block_1_77' title="bbox 2053 4562 3707 4633">
    <p class='ocr_par' dir='ltr' id='par_1_77' title="bbox 2053 4562 3707 4633">
     <span class='ocr_line' id='line_1_77' title="bbox 2053 4562 3707 4633; baseline 0.006 -18"><span class='ocrx_word' id='word_1_489' title='bbox 2053 4569 2161 4615; x_wconf 90' lang='lat' dir='ltr'><strong>tem</strong></span> <span class='ocrx_word' id='word_1_490' title='bbox 2191 4562 2438 4626; x_wconf 91' lang='lat' dir='ltr'><strong>ductum,</strong></span> <span class='ocrx_word' id='word_1_491' title='bbox 2476 4563 3100 4633; x_wconf 86' lang='lat' dir='ltr'><strong>lintriqueimpositum,</strong></span> <span class='ocrx_word' id='word_1_492' title='bbox 3148 4568 3202 4620; x_wconf 91' lang='lat' dir='ltr'><strong>in</strong></span> <span class='ocrx_word' id='word_1_493' title='bbox 3249 4566 3488 4623; x_wconf 81' lang='lat' dir='ltr'><strong>liieriam</strong></span> <span class='ocrx_word' id='word_1_494' title='bbox 3516 4580 3627 4624; x_wconf 91' lang='lat' dir='ltr'><strong>tra-</strong></span> <span class='ocrx_word' id='word_1_495' title='bbox 3681 4567 3707 4597; x_wconf 77' lang='lat'>“</span> 
     </span>
    </p>
   </div>
   <div class='ocr_carea' id='block_1_78' title="bbox 2046 4652 3628 4729">
    <p class='ocr_par' dir='ltr' id='par_1_78' title="bbox 2046 4652 3628 4729">
     <span class='ocr_line' id='line_1_78' title="bbox 2046 4652 3628 4729; baseline 0.005 -24"><span class='ocrx_word' id='word_1_496' title='bbox 2046 4652 2337 4720; x_wconf 77' lang='lat' dir='ltr'><strong>iecerunt:</strong></span> <span class='ocrx_word' id='word_1_497' title='bbox 2366 4668 2396 4707; x_wconf 90' lang='lat' dir='ltr'><strong>e</strong></span> <span class='ocrx_word' id='word_1_498' title='bbox 2425 4668 2533 4721; x_wconf 88' lang='lat' dir='ltr'><strong>qua</strong></span> <span class='ocrx_word' id='word_1_499' title='bbox 2583 4655 2748 4721; x_wconf 89' lang='lat' dir='ltr'><strong>pedes</strong></span> <span class='ocrx_word' id='word_1_500' title='bbox 2788 4655 2856 4708; x_wconf 89' lang='lat' dir='ltr'><strong>ad</strong></span> <span class='ocrx_word' id='word_1_501' title='bbox 2901 4654 3236 4713; x_wconf 81' lang='lat' dir='ltr'><strong>Galacrenos</strong></span> <span class='ocrx_word' id='word_1_502' title='bbox 3287 4674 3465 4729; x_wconf 86' lang='lat' dir='ltr'><strong>usque</strong></span> <span class='ocrx_word' id='word_1_503' title='bbox 3505 4660 3628 4713; x_wconf 86' lang='lat' dir='ltr'><strong>nire</strong></span> 
     </span>
    </p>
   </div>
   <div class='ocr_carea' id='block_1_79' title="bbox 2054 4743 3625 4818">
    <p class='ocr_par' dir='ltr' id='par_1_79' title="bbox 2054 4743 3625 4818">
     <span class='ocr_line' id='line_1_79' title="bbox 2054 4743 3625 4818; baseline 0.004 -20"><span class='ocrx_word' id='word_1_504' title='bbox 2054 4744 2223 4798; x_wconf 87' lang='lat' dir='ltr'><strong>ntulta</strong></span> <span class='ocrx_word' id='word_1_505' title='bbox 2255 4743 2535 4798; x_wconf 88' lang='lat' dir='ltr'><strong>delibutus</strong></span> <span class='ocrx_word' id='word_1_506' title='bbox 2566 4746 2836 4813; x_wconf 89' lang='lat' dir='ltr'><strong>pervenit.</strong></span> <span class='ocrx_word' id='word_1_507' title='bbox 2861 4745 2916 4799; x_wconf 92' lang='lat' dir='ltr'><strong>In</strong></span> <span class='ocrx_word' id='word_1_508' title='bbox 2943 4746 3061 4814; x_wconf 88' lang='lat' dir='ltr'><strong>eius</strong></span> <span class='ocrx_word' id='word_1_509' title='bbox 3091 4746 3270 4801; x_wconf 91' lang='lat' dir='ltr'><strong>locum</strong></span> <span class='ocrx_word' id='word_1_510' title='bbox 3304 4748 3625 4818; x_wconf 78' lang='lat' dir='ltr'><strong>Eutbymius</strong></span> 
     </span>
    </p>
   </div>
   <div class='ocr_carea' id='block_1_80' title="bbox 2051 4834 3627 4907">
    <p class='ocr_par' dir='ltr' id='par_1_80' title="bbox 2051 4834 3627 4907">
     <span class='ocr_line' id='line_1_80' title="bbox 2051 4834 3627 4907; baseline 0.005 -18"><span class='ocrx_word' id='word_1_511' title='bbox 2051 4836 2325 4907; x_wconf 85' lang='lat' dir='ltr'><strong>synccllus</strong></span> <span class='ocrx_word' id='word_1_512' title='bbox 2380 4837 2462 4889; x_wconf 91' lang='lat' dir='ltr'><strong>vir</strong></span> <span class='ocrx_word' id='word_1_513' title='bbox 2502 4837 2685 4905; x_wconf 82' lang='lat' dir='ltr'><strong>gravis</strong></span> <span class='ocrx_word' id='word_1_514' title='bbox 2730 4847 2786 4890; x_wconf 90' lang='lat' dir='ltr'><strong>et</strong></span> <span class='ocrx_word' id='word_1_515' title='bbox 2827 4838 3326 4907; x_wconf 86' lang='lat' dir='ltr'><strong>temperatissimus</strong></span> <span class='ocrx_word' id='word_1_516' title='bbox 3365 4834 3627 4897; x_wconf 81' lang='lat' dir='ltr'><strong>suffectus</strong></span> 
     </span>
    </p>
   </div>
   <div class='ocr_carea' id='block_1_81' title="bbox 2052 4927 3684 4990">
    <p class='ocr_par' dir='ltr' id='par_1_81' title="bbox 2052 4927 3684 4990">
     <span class='ocr_line' id='line_1_81' title="bbox 2052 4927 3684 4990; baseline 0.005 -8"><span class='ocrx_word' id='word_1_517' title='bbox 2052 4937 2155 4989; x_wconf 86' lang='lat' dir='ltr'><strong>est,</strong></span> <span class='ocrx_word' id='word_1_518' title='bbox 2208 4942 2369 4988; x_wconf 82' lang='lat' dir='ltr'><strong>quem</strong></span> <span class='ocrx_word' id='word_1_519' title='bbox 2420 4928 2611 4982; x_wconf 85' lang='lat' dir='ltr'><strong>dicunt</strong></span> <span class='ocrx_word' id='word_1_520' title='bbox 2662 4927 2847 4983; x_wconf 84' lang='lat' dir='ltr'><strong>divina</strong></span> <span class='ocrx_word' id='word_1_521' title='bbox 2901 4930 3235 4987; x_wconf 89' lang='lat' dir='ltr'><strong>revelatione</strong></span> <span class='ocrx_word' id='word_1_522' title='bbox 3282 4934 3333 4988; x_wconf 90' lang='lat' dir='ltr'><strong>id</strong></span> <span class='ocrx_word' id='word_1_523' title='bbox 3381 4936 3627 4990; x_wconf 89' lang='lat' dir='ltr'><strong>muneris</strong></span> <span class='ocrx_word' id='word_1_524' title='bbox 3674 4956 3684 4964; x_wconf 91' lang='grc'><strong>·</strong></span> 
     </span>
    </p>
   </div>
   <div class='ocr_carea' id='block_1_82' title="bbox 2052 5018 3627 5092">
    <p class='ocr_par' dir='ltr' id='par_1_82' title="bbox 2052 5018 3627 5092">
     <span class='ocr_line' id='line_1_82' title="bbox 2052 5018 3627 5092; baseline 0.004 -18"><span class='ocrx_word' id='word_1_525' title='bbox 2052 5020 2383 5088; x_wconf 86' lang='lat' dir='ltr'><strong>suscepisse.</strong></span> <span class='ocrx_word' id='word_1_526' title='bbox 2438 5018 2669 5074; x_wconf 82' lang='lat' dir='ltr'><strong>Volebat</strong></span> <span class='ocrx_word' id='word_1_527' title='bbox 2717 5021 2864 5075; x_wconf 90' lang='lat' dir='ltr'><strong>enim</strong></span> <span class='ocrx_word' id='word_1_528' title='bbox 2916 5022 3216 5092; x_wconf 86' lang='lat' dir='ltr'><strong>imperator</strong></span> <span class='ocrx_word' id='word_1_529' title='bbox 3274 5026 3526 5082; x_wconf 71' lang='lat' dir='ltr'><strong>haeresim</strong></span> <span class='ocrx_word' id='word_1_530' title='bbox 3572 5039 3627 5081; x_wconf 82' lang='lat' dir='ltr'><strong>et</strong></span> 
     </span>
    </p>
   </div>
   <div class='ocr_carea' id='block_1_83' title="bbox 2050 5115 3625 5184">
    <p class='ocr_par' dir='ltr' id='par_1_83' title="bbox 2050 5115 3625 5184">
     <span class='ocr_line' id='line_1_83' title="bbox 2050 5115 3625 5184; baseline 0.003 -16"><span class='ocrx_word' id='word_1_531' title='bbox 2050 5115 2224 5183; x_wconf 88' lang='lat' dir='ltr'><strong>legem</strong></span> <span class='ocrx_word' id='word_1_532' title='bbox 2285 5127 2511 5181; x_wconf 88' lang='lat' dir='ltr'><strong>ponere,</strong></span> <span class='ocrx_word' id='word_1_533' title='bbox 2572 5127 2679 5181; x_wconf 92' lang='lat' dir='ltr'><strong>qua</strong></span> <span class='ocrx_word' id='word_1_534' title='bbox 2724 5115 2843 5168; x_wconf 83' lang='lat' dir='ltr'><strong>viro</strong></span> <span class='ocrx_word' id='word_1_535' title='bbox 2900 5124 3010 5169; x_wconf 90' lang='lat' dir='ltr'><strong>tres</strong></span> <span class='ocrx_word' id='word_1_536' title='bbox 3060 5125 3365 5184; x_wconf 82' lang='lat' dir='ltr'><strong>quatuorve</strong></span> <span class='ocrx_word' id='word_1_537' title='bbox 3424 5132 3625 5173; x_wconf 82' lang='lat' dir='ltr'><strong>uxores</strong></span> 
     </span>
    </p>
   </div>
   <div class='ocr_carea' id='block_1_84' title="bbox 2050 5193 3624 5275">
    <p class='ocr_par' dir='ltr' id='par_1_84' title="bbox 2050 5193 3624 5275">
     <span class='ocr_line' id='line_1_84' title="bbox 2050 5193 3624 5275; baseline 0.001 -14"><span class='ocrx_word' id='word_1_538' title='bbox 2050 5206 2254 5261; x_wconf 89' lang='lat' dir='ltr'><strong>ducere</strong></span> <span class='ocrx_word' id='word_1_539' title='bbox 2303 5206 2512 5269; x_wconf 89' lang='lat' dir='ltr'><strong>liceret,</strong></span> <span class='ocrx_word' id='word_1_540' title='bbox 2562 5204 2812 5275; x_wconf 83' lang='lat' dir='ltr'><strong>pluribus</strong></span> <span class='ocrx_word' id='word_1_541' title='bbox 2867 5205 3207 5262; x_wconf 89' lang='lat' dir='ltr'><strong>doctissimis</strong></span> <span class='ocrx_word' id='word_1_542' title='bbox 3259 5209 3392 5263; x_wconf 83' lang='lat' dir='ltr'><strong>viris</strong></span> <span class='ocrx_word' id='word_1_543' title='bbox 3449 5210 3516 5263; x_wconf 88' lang='lat' dir='ltr'><strong>ad</strong></span> <span class='ocrx_word' id='word_1_544' title='bbox 3563 5193 3624 5262; x_wconf 80' lang='lat' dir='ltr'><strong>id</strong></span> 
     </span>
    </p>
   </div>
   <div class='ocr_carea' id='block_1_85' title="bbox 2051 5296 3624 5368">
    <p class='ocr_par' dir='ltr' id='par_1_85' title="bbox 2051 5296 3624 5368">
     <span class='ocr_line' id='line_1_85' title="bbox 2051 5296 3624 5368; baseline 0.001 -17"><span class='ocrx_word' id='word_1_545' title='bbox 2051 5311 2210 5367; x_wconf 85' lang='lat' dir='ltr'><strong>opem</strong></span> <span class='ocrx_word' id='word_1_546' title='bbox 2242 5296 2676 5352; x_wconf 87' lang='lat' dir='ltr'><strong>conferentibus.</strong></span> <span class='ocrx_word' id='word_1_547' title='bbox 2716 5314 2735 5346; x_wconf 85' lang='grc'><strong>›</strong></span> <span class='ocrx_word' id='word_1_548' title='bbox 2775 5296 2901 5351; x_wconf 66' lang='lat' dir='ltr'><strong>llaec</strong></span> <span class='ocrx_word' id='word_1_549' title='bbox 2929 5297 3038 5352; x_wconf 89' lang='lat' dir='ltr'><strong>Leo</strong></span> <span class='ocrx_word' id='word_1_550' title='bbox 3066 5313 3234 5368; x_wconf 83' lang='lat' dir='ltr'><strong>agens</strong></span> <span class='ocrx_word' id='word_1_551' title='bbox 3269 5303 3335 5354; x_wconf 89' lang='lat' dir='ltr'><strong>dc</strong></span> <span class='ocrx_word' id='word_1_552' title='bbox 3360 5302 3624 5354; x_wconf 81' lang='lat' dir='ltr'><strong>uxoribus</strong></span> 
     </span>
    </p>
   </div>
   <div class='ocr_carea' id='block_1_86' title="bbox 2050 5390 3623 5459">
    <p class='ocr_par' dir='ltr' id='par_1_86' title="bbox 2050 5390 3623 5459">
     <span class='ocr_line' id='line_1_86' title="bbox 2050 5390 3623 5459; baseline 0 -14"><span class='ocrx_word' id='word_1_553' title='bbox 2050 5391 2363 5445; x_wconf 87' lang='lat' dir='ltr'><strong>successive</strong></span> <span class='ocrx_word' id='word_1_554' title='bbox 2398 5390 2688 5457; x_wconf 85' lang='lat' dir='ltr'><strong>ducendis,</strong></span> <span class='ocrx_word' id='word_1_555' title='bbox 2722 5399 2778 5444; x_wconf 90' lang='lat' dir='ltr'><strong>et</strong></span> <span class='ocrx_word' id='word_1_556' title='bbox 2815 5393 3090 5446; x_wconf 89' lang='lat' dir='ltr'><strong>consentit</strong></span> <span class='ocrx_word' id='word_1_557' title='bbox 3130 5394 3435 5453; x_wconf 77' lang='lat' dir='ltr'><strong>Cedrenns,</strong></span> <span class='ocrx_word' id='word_1_558' title='bbox 3466 5398 3623 5459; x_wconf 81' lang='lat' dir='ltr'><strong>cujus</strong></span> 
     </span>
    </p>
   </div>
   <div class='ocr_carea' id='block_1_87' title="bbox 2049 5479 3624 5550">
    <p class='ocr_par' dir='ltr' id='par_1_87' title="bbox 2049 5479 3624 5550">
     <span class='ocr_line' id='line_1_87' title="bbox 2049 5479 3624 5550; baseline -0.001 -16"><span class='ocrx_word' id='word_1_559' title='bbox 2049 5480 2317 5549; x_wconf 85' lang='lat' dir='ltr'><strong>interpres</strong></span> <span class='ocrx_word' id='word_1_560' title='bbox 2364 5493 2650 5549; x_wconf 86' lang='lat' dir='ltr'><strong>perperam</strong></span> <span class='ocrx_word' id='word_1_561' title='bbox 2717 5479 3046 5550; x_wconf 87' lang='lat' dir='ltr'><strong>interposuit</strong></span> <span class='ocrx_word' id='word_1_562' title='bbox 3109 5485 3273 5536; x_wconf 72' lang='lat' dir='ltr'><strong>simul</strong></span> <span class='ocrx_word' id='word_1_563' title='bbox 3330 5493 3437 5535; x_wconf 87' lang='lat' dir='ltr'><strong>tres</strong></span> <span class='ocrx_word' id='word_1_564' title='bbox 3486 5496 3624 5546; x_wconf 89' lang='lat' dir='ltr'><strong>qua—</strong></span> 
     </span>
    </p>
   </div>
   <div class='ocr_carea' id='block_1_88' title="bbox 2049 5571 3625 5640">
    <p class='ocr_par' dir='ltr' id='par_1_88' title="bbox 2049 5571 3625 5640">
     <span class='ocr_line' id='line_1_88' title="bbox 2049 5571 3625 5640; baseline -0.002 -16"><span class='ocrx_word' id='word_1_565' title='bbox 2049 5580 2243 5624; x_wconf 90' lang='lat' dir='ltr'><strong>tuorve</strong></span> <span class='ocrx_word' id='word_1_566' title='bbox 2274 5584 2476 5624; x_wconf 86' lang='lat' dir='ltr'><strong>uxores</strong></span> <span class='ocrx_word' id='word_1_567' title='bbox 2509 5579 2567 5623; x_wconf 94' lang='lat' dir='ltr'><strong>ut</strong></span> <span class='ocrx_word' id='word_1_568' title='bbox 2600 5572 2803 5625; x_wconf 87' lang='lat' dir='ltr'><strong>ducere</strong></span> <span class='ocrx_word' id='word_1_569' title='bbox 2830 5571 3043 5627; x_wconf 88' lang='lat' dir='ltr'><strong>liceret.</strong></span> <span class='ocrx_word' id='word_1_570' title='bbox 3089 5572 3165 5627; x_wconf 89' lang='lat' dir='ltr'><strong>De</strong></span> <span class='ocrx_word' id='word_1_571' title='bbox 3209 5574 3298 5626; x_wconf 91' lang='lat' dir='ltr'><strong>illa</strong></span> <span class='ocrx_word' id='word_1_572' title='bbox 3332 5572 3461 5625; x_wconf 84' lang='lat' dir='ltr'><strong>olim</strong></span> <span class='ocrx_word' id='word_1_573' title='bbox 3497 5587 3625 5640; x_wconf 79' lang='lat' dir='ltr'><strong>pro-</strong></span> 
     </span>
    </p>
   </div>
   <div class='ocr_carea' id='block_1_89' title="bbox 2048 5662 3623 5733">
    <p class='ocr_par' dir='ltr' id='par_1_89' title="bbox 2048 5662 3623 5733">
     <span class='ocr_line' id='line_1_89' title="bbox 2048 5662 3623 5733; baseline 0.001 -16"><span class='ocrx_word' id='word_1_574' title='bbox 2048 5663 2317 5719; x_wconf 87' lang='lat' dir='ltr'><strong>hibitione</strong></span> <span class='ocrx_word' id='word_1_575' title='bbox 2341 5663 2448 5717; x_wconf 87' lang='lat' dir='ltr'><strong>lata</strong></span> <span class='ocrx_word' id='word_1_576' title='bbox 2473 5664 2700 5718; x_wconf 89' lang='lat' dir='ltr'><strong>consule</strong></span> <span class='ocrx_word' id='word_1_577' title='bbox 2730 5662 2970 5717; x_wconf 83' lang='lat' dir='ltr'><strong>Matthaci</strong></span> <span class='ocrx_word' id='word_1_578' title='bbox 3008 5664 3267 5718; x_wconf 90' lang='lat' dir='ltr'><strong>monachi</strong></span> <span class='ocrx_word' id='word_1_579' title='bbox 3290 5665 3623 5733; x_wconf 66' lang='lat' dir='ltr'><strong>quaestiones</strong></span> 
     </span>
    </p>
   </div>
   <div class='ocr_carea' id='block_1_90' title="bbox 2048 5755 3624 5826">
    <p class='ocr_par' dir='ltr' id='par_1_90' title="bbox 2048 5755 3624 5826">
     <span class='ocr_line' id='line_1_90' title="bbox 2048 5755 3624 5826; baseline -0.003 -15"><span class='ocrx_word' id='word_1_580' title='bbox 2048 5758 2505 5823; x_wconf 85' lang='lat' dir='ltr'><strong>matrimoniales,</strong></span> <span class='ocrx_word' id='word_1_581' title='bbox 2535 5758 2676 5812; x_wconf 91' lang='lat' dir='ltr'><strong>libro</strong></span> <span class='ocrx_word' id='word_1_582' title='bbox 2709 5773 2805 5811; x_wconf 86' lang='lat' dir='ltr'><strong>vm</strong></span> <span class='ocrx_word' id='word_1_583' title='bbox 2861 5760 2990 5812; x_wconf 87' lang='lat' dir='ltr'><strong>tomi</strong></span> <span class='ocrx_word' id='word_1_584' title='bbox 3027 5757 3187 5826; x_wconf 89' lang='lat' dir='ltr'><strong>primi</strong></span> <span class='ocrx_word' id='word_1_585' title='bbox 3219 5755 3364 5813; x_wconf 84' lang='lat' dir='ltr'><strong>Juris</strong></span> <span class='ocrx_word' id='word_1_586' title='bbox 3403 5757 3624 5813; x_wconf 57' lang='grc'><strong>61⁸3⁸60-</strong></span> 
     </span>
    </p>
   </div>
   <div class='ocr_carea' id='block_1_91' title="bbox 2048 5851 3621 5924">
    <p class='ocr_par' dir='ltr' id='par_1_91' title="bbox 2048 5851 3621 5924">
     <span class='ocr_line' id='line_1_91' title="bbox 2048 5851 3621 5924; baseline -0.003 -17"><span class='ocrx_word' id='word_1_587' title='bbox 2048 5851 2303 5921; x_wconf 82' lang='lat' dir='ltr'><strong>Romani,</strong></span> <span class='ocrx_word' id='word_1_588' title='bbox 2365 5864 2417 5908; x_wconf 93' lang='lat' dir='ltr'><strong>et</strong></span> <span class='ocrx_word' id='word_1_589' title='bbox 2465 5869 2588 5924; x_wconf 74' lang='lat' dir='ltr'><strong>qua:</strong></span> <span class='ocrx_word' id='word_1_590' title='bbox 2642 5851 2941 5908; x_wconf 89' lang='lat' dir='ltr'><strong>cardinalis</strong></span> <span class='ocrx_word' id='word_1_591' title='bbox 2987 5851 3260 5907; x_wconf 82' lang='lat' dir='ltr'><strong>Baronius</strong></span> <span class='ocrx_word' id='word_1_592' title='bbox 3316 5852 3621 5907; x_wconf 69' lang='lat' dir='ltr'><strong>Annalibus</strong></span> 
     </span>
    </p>
   </div>
   <div class='ocr_carea' id='block_1_92' title="bbox 3154 5946 3184 6005">
    <p class='ocr_par' dir='ltr' id='par_1_92' title="bbox 3154 5946 3184 6005">
     <span class='ocr_line' id='line_1_92' title="bbox 3154 5946 3184 6005; baseline 0 0"><span class='ocrx_word' id='word_1_593' title='bbox 3154 5946 3184 6005; x_wconf 86' lang='grc'>1</span> 
     </span>
    </p>
   </div>
  </div>
