4178 6470
568 432 629 498 Ῑι
1990 430 2412 492 ΡΒᾹΞΕΑΤΙΟ.
3777 436 3843 497 i2

563 546 797 602 inseruit
850 547 918 600 ad
960 559 1168 599 annum
1226 544 1708 616 nongentesimum
1762 542 2021 613 primum,
2056 542 2149 597 ubi
2184 547 2227 603 Α
2255 545 2633 614 promittebat.
2670 546 2924 601 Probatis
2953 556 3135 600 autem
3166 547 3217 599 in
3251 545 3545 599 adversum
3579 546 3844 601 tnmninm

566 640 766 709 allegat
805 657 824 691 ί
868 638 1271 709 promulgatam
1325 637 1394 690 ab
1439 636 1770 706 imperatore
1815 636 1917 691 hoc
1969 635 2151 691 Leone

564 734 1040 798 constitutionem,
1089 748 1197 802 qua
1255 729 1540 800 prohibuit
1584 731 1805 785 tertium
1866 729 2152 785 matrimo-

560 829 742 893 nium,
770 837 828 881 ut
852 826 981 882 illud
1009 826 1401 882 contrahentes
1433 840 1594 896 poena
1628 839 1726 894 per
1759 838 1949 880 sacros
1984 837 2155 878 cano-

563 935 664 973 nes
714 927 918 973 statuta
966 917 1355 987 plecterentur.
1409 915 1635 970 interim
1690 912 1780 967 ille
1834 912 2000 975 idem,
2055 910 2150 981 qni

560 1010 681 1064 haec
718 1009 925 1071 sanxit,
961 1016 1085 1076 post
1106 1008 1328 1062 tertiam
1352 1020 1582 1060 uxorem
1606 1002 1950 1066 defunctam,
1975 1002 2156 1057 adhuc

563 1111 819 1172 quartam
874 1100 1106 1170 accepit.
1166 1099 1342 1169 Cujus
1398 1099 1477 1153 rei
1526 1112 1697 1153 causa
1741 1094 2007 1150 Nicolaus
2056 1110 2152 1163 pa-

565 1196 805 1248 triarcha
858 1194 931 1247 ab
984 1192 1220 1248 ecclesia
1274 1192 1483 1263 ejectus
1530 1198 1653 1253 est,
1698 1201 2007 1255 omnesque
2050 1186 2157 1241 illae

566 1290 739 1343 turbae
770 1296 899 1343 sunt
929 1288 1239 1342 subsecuta:
1262 1287 1315 1339 in
1345 1285 1464 1354 ejus
1495 1285 1767 1354 ejectione
1790 1293 1845 1337 et
1877 1282 2154 1354 Euthymii

564 1380 976 1449 subrogatione,
1014 1395 1139 1435 eum
1178 1378 1479 1433 schismate
1519 1376 1697 1431 divisa
1748 1376 1839 1429 illa
1888 1374 2153 1437 Ecclesia,

563 1471 791 1527 Nieolao
824 1472 941 1535 alii,
996 1470 1090 1525 alii
1138 1485 1270 1524 vero
1329 1467 1628 1539 Euthymio
1679 1466 2028 1520 inhaererent.
2089 1465 2158 1518 At

563 1565 845 1635 quomodo
875 1579 937 1619 se
965 1563 1225 1619 habuerit
1253 1560 1636 1633 quadrigamia
1686 1559 1787 1614 ista
1826 1558 2026 1612 Leonis
2051 1557 2158 1609 im—

562 1657 838 1726 peratoris
871 1657 925 1709 in
954 1656 1255 1725 conjugum
1287 1653 1665 1713 successione,
1703 1666 1768 1704 ex
1797 1648 2159 1703 Pru’ambulis

561 1749 913 1805 Constantini
952 1745 1415 1817 Porphyrogeniti
1453 1745 1522 1799 ad
1553 1744 1791 1798 edictum
1839 1741 2060 1795 unionis
2092 1756 2157 1795 ex

566 1842 775 1895 lihron
830 1838 1183 1893 Novellarum
1233 1835 1386 1891 luris
1442 1835 1735 1890 Orientalis
1794 1854 1813 1887 ι
1874 1832 2157 1899 describit,

564 1936 880 2004 ibidemque
916 1932 1088 1987 videri
1125 1940 1307 2001 potest
1340 1941 1489 1985 tomo
1522 1928 1564 1993 1,
1587 1944 1711 1999 pag.
1750 1927 1873 1983 l05.
1919 1926 2023 1981 Sed
2058 1941 2159 1996 po-
2192 1911 2233 1965 Β

565 2027 672 2082 tius
704 2028 771 2081 ad
809 2024 1212 2082 restituendum
1256 2023 1312 2076 in
1354 2022 1539 2077 sedem
1597 2020 1659 2075 S.
1700 2018 1987 2073 Nicolaum
2030 2032 2160 2087 pro-

565 2134 818 2186 peremus
854 2134 867 2169 :
905 2133 1014 2187 quo
1047 2131 1150 2171 nos
1189 2115 1567 2171 manudncens
1610 2112 1781 2167 trahit
1820 2111 1929 2166 Leo
1962 2110 2125 2166 Gram

565 2214 801 2269 maticus
838 2214 914 2268 ita
947 2210 1267 2268 scribendo.

633 2331 687 2383 '5.
730 2347 748 2381 ι
796 2328 936 2383 Cum
978 2326 1088 2382 L'eo
1140 2326 1463 2397 imperator,
1489 2326 1639 2395 gravi
1674 2323 1864 2377 morbo
1896 2323 2157 2389 jar-tatus,

564 2432 945 2474 successorem
994 2433 1157 2474 suum
1201 2418 1427 2473 fratrem
1464 2415 1838 2472 Alexandrum
1875 2414 2161 2484 designas-

565 2522 670 2575 set,
727 2523 989 2580 essetque
1042 2510 1355 2566 obtestatus
1406 2518 1466 2564 ut
1517 2508 1941 2563 Constantinum
1987 2506 2157 2560 lilium

565 2620 727 2658 suum
763 2612 1112 2674 protegeret;
1164 2602 1309 2658 diem
1361 2610 1667 2656 extremum
1699 2600 1836 2654 obiit
1868 2599 2158 2654 undecimo

562 2697 655 2750 die
678 2694 802 2749 Maii
834 2714 846 2749 :
893 2713 912 2747 ι
948 2710 1111 2766 quem
1153 2695 1316 2748 etiam
1365 2693 1510 2749 diem
1553 2693 1740 2747 obitus
1771 2693 2020 2761 assignat
2053 2689 2158 2745 Ce-

562 2790 788 2845 drenus.
838 2788 1079 2845 Mensem
1136 2786 1341 2843 Maium
1389 2788 1566 2843 solum
1614 2786 1826 2842 indicat
1868 2782 2155 2841 Zonaras:

562 2891 619 2937 nt
651 2881 1012 2953 Curopalates
1048 2881 1270 2938 Scilitza
1305 2882 1385 2935 ait
1420 2900 1439 2933 ε
1476 2881 1535 2935 ll
1567 2878 1716 2935 Junii
1745 2881 1953 2935 mensis
1975 2878 2159 2933 deces-

563 2975 704 3029 sisse
729 2989 759 3028 e
793 2973 923 3028 vita.
957 2992 976 3027 ι
1018 2973 1276 3028 Annusis
1293 2982 1411 3026 erat
1449 2973 1901 3040 nongentesimus
1934 2970 2161 3026 undeci-

566 3081 709 3120 mus.
749 3084 767 3117 ‹
801 3064 963 3129 Tum,
1013 3065 1195 3132 inquit
1238 3063 1349 3118 Leo
1390 3064 1822 3126 Grammaticus,
1870 3064 2161 3130 imperavit

566 3156 876 3211 Alexander
908 3171 1015 3211 una
1039 3172 1165 3211 cum
1194 3156 1562 3211 Constantino
1588 3155 1788 3211 Leonis
1820 3155 1930 3208 lilio
1952 3170 2155 3208 annum

566 3264 737 3303 unum
764 3248 882 3304 dies
914 3248 1105 3318 viginti
1144 3263 1385 3302 novem:
1432 3246 1714 3317 missoque
1755 3248 1823 3301 ad
1871 3246 2156 3301 Nicolaum
2185 3277 2229 3337 C

567 3346 633 3396 ad
683 3342 1019 3398 Galacrenas
1070 3342 1306 3407 nuntio,
1361 3340 1722 3411 Euthymium
1784 3340 2156 3410 patriarcham

562 3433 843 3502 deposuit,
890 3443 944 3489 et
996 3431 1286 3487 Nicolaum
1342 3432 1590 3487 secundo
1644 3430 1908 3487 restituit.
1960 3430 2161 3485 Habuit

562 3534 753 3578 autem
809 3523 1126 3578 Alexander
1174 3522 1241 3576 ad
1294 3521 1650 3590 Magn-auram
1712 3521 2033 3584 silentium,
2107 3530 2161 3575 et

566 3616 865 3671 concilium
901 3613 1223 3678 celebravit,
1255 3624 1422 3684 atque
1452 3614 1804 3685 Euthymium
1845 3616 1913 3669 ab
1950 3615 2161 3683 Agatho

567 3711 907 3766 advocavit:
958 3708 1329 3779 eumdemque
1373 3723 1501 3763 cum
1558 3705 1787 3763 Nicolao
1843 3707 2159 3778 patriarcha

502 3832 507 3837 ι
567 3806 762 3881 sedere
815 3806 996 3875 jusso,
1042 3802 1239 3873 judicii
1301 3817 1614 3859 assessores
1664 3801 1787 3873 ejus
1830 3801 2159 3871 depositioni

562 3897 838 3953 vacabant
866 3897 1152 3958 attentius,
1189 3910 1315 3950 cum
1349 3895 1622 3950 dedecore
1650 3893 1955 3950 venerandi
1986 3901 2041 3947 et
2068 3908 2162 3964 per

569 3989 755 4044 omnia
795 3988 1036 4042 mirandi
1084 3987 1187 4042 viri
1228 3987 1518 4043 colendam
1554 3986 1783 4043 barbam
1817 3986 2158 4053 vellicantes,

567 4082 789 4150 aliaque
833 4079 1131 4150 opprobria
1195 4089 1250 4134 ct
1307 4078 1541 4150 injurias
1595 4079 1901 4135 inferentes
1948 4096 1964 4137 :
2022 4095 2161 4150 quas

569 4173 754 4242 quiete
787 4180 845 4227 et
878 4180 1169 4227 mansuete
1202 4170 1544 4227 honorabilis
1573 4180 1629 4227 et
1662 4187 1821 4228 sacer
1849 4172 1933 4226 vir
1962 4173 2162 4228 tolera-

558 4265 679 4327 bat.
720 4264 797 4319 Ex
844 4265 1047 4334 quibus
1090 4264 1159 4319 ad
1204 4264 1402 4334 Agathi
1451 4265 1597 4321 aedes
1650 4264 1759 4319 vita
1807 4264 2054 4331 functus,
2105 4266 2158 4319 in

571 4359 795 4429 proprio
851 4359 1195 4414 monasterio
1244 4356 1401 4425 iuxta
1451 4358 1825 4413 l’samathinm
1880 4358 2160 4428 depositus

570 4461 774 4507 est.....
822 4451 1133 4505 Alexander
1185 4450 1485 4521 imperator
1535 4452 1673 4504 mori
1717 4468 1777 4505 se
1829 4451 2157 4520 praevidens,

568 4542 796 4597 Nicolao
817 4542 1155 4612 patriarcha,
1174 4552 1227 4597 et
1253 4543 1534 4612 Stephano
1569 4541 1848 4611 Magistro,
1876 4554 1926 4597 et
1949 4540 2161 4596 Joanne

569 4633 838 4703 magistro
873 4632 1066 4699 Elada,
1111 4645 1165 4687 et
1217 4632 1432 4688 Joanne
1483 4644 1718 4698 rectore,
1754 4642 1808 4688 et
1845 4632 2158 4704 Enthymio,

570 4725 852 4786 Dasilitze,
887 4734 942 4780 et
975 4724 1366 4795 Gabrielopulo
1391 4726 1844 4796 procuratoribus
1870 4727 2159 4790 institutis,

569 4818 937 4873 Constantino
974 4817 1173 4873 Leonis
1224 4820 1615 4888 iilioreliquit
1654 4819 2040 4889 imperium....
2082 4820 2160 4873 Eo

568 4910 752 4980 itaque
786 4912 973 4981 palatii
1022 4921 1347 4981 potestatem
1383 4915 1601 4982 adepto,
1638 4912 1898 4969 Nicolaus
1926 4915 2161 4982 patriar-

566 5005 671 5059 cha
708 5005 874 5060 rebus
918 5006 1314 5061 communibus
1363 5006 1705 5076 providebat,
1740 5020 2038 5075 curamque
2064 5020 2159 5077 ge-

570 5097 725 5151 rebat
751 5098 1205 5166 quotidianorum
1235 5098 1388 5166 regni
1425 5098 1871 5167 negotiorum...

644 5190 699 5242 4.
761 5209 779 5241 ι
844 5188 1031 5244 Mense
1088 5204 1254 5258 porro
1302 5190 1551 5262 Augusto
1607 5190 1831 5245 Simeon
1892 5191 2159 5262 Bulgaria:

566 5285 843 5353 princeps,
897 5283 1165 5337 adversus
1225 5281 1505 5339 Romanos
1558 5294 1878 5353 comparato
1913 5286 2157 5341 exercitu

567 5392 694 5430 cum
737 5373 1092 5430 multitudine
1128 5376 1279 5443 gravi
1323 5374 1863 5445 Constantinopolim
1906 5378 2154 5447 appulit;

568 5479 623 5523 et
654 5469 799 5524 vallo
831 5483 861 5521 a
894 5469 1216 5525 Blachernis
1254 5469 1321 5523 ad
1346 5481 1556 5539 portam
1589 5471 1855 5542 Chrysem
1902 5482 2154 5527 vocatam

571 5562 976 5627 circumducto,
1034 5561 1224 5617 urbem
1258 5563 1471 5619 obsedit
1511 5578 1524 5617 :
1563 5564 1769 5633 alisque
1804 5566 1917 5635 spei
1950 5581 2062 5621 sua:
2099 5567 2154 5620 in

568 5652 801 5708 sublime
839 5654 1043 5719 elatus,
1100 5655 1460 5711 subacturum
1507 5658 1737 5713 omnino
1789 5658 1937 5713 nullo
1970 5659 2156 5715 labore

640 5809 714 5881 (a)
742 5809 858 5881 imo
890 5829 1048 5868 nona.

639 5882 713 5952 (ὁ)
746 5880 889 5952 Lege
914 5886 1139 5939 decima.

2259 637 2637 713 munjmentis,
2689 639 2972 708 urbisque,
3020 655 3083 693 ex
3130 638 3317 708 populi
3361 638 3517 707 copia
3542 636 3603 692 'et
3636 639 3849 693 machi-

2259 732 2365 798 nis,
2393 733 2693 787 securitate
2736 748 2799 787 ac
2845 732 3105 802 praesidio
3153 747 3473 805 conspecto,
3530 748 3627 802 spe
3681 734 3847 789 dece-

2258 831 2409 893 ptus,
2450 824 2503 879 in
2549 825 2728 880 locum
2762 825 3104 880 llebdomum
3136 826 3343 881 dictum
3374 826 3526 897 pacis
3560 828 3849 881 oblaturus

2262 917 2467 972 fmdera
2497 934 2751 974 reversus
2777 928 2878 973 est.
2910 917 3374 975 Procuratoribus
3392 935 3580 989 pacem
3605 920 3844 974 oblatam

2257 1004 2496 1059 libenter
2537 1007 2957 1076 cxcipientibus,
3006 1007 3229 1064 Simeon
3286 1008 3636 1064 Theodorum
3678 1009 3851 1081 magi-

2262 1108 2434 1153 strum
2471 1099 2540 1154 de
2579 1099 2668 1153 illa
2717 1109 3079 1155 tractaturnm
3140 1103 3310 1157 misit.
3359 1102 3618 1156 Nicolaus
3663 1110 3847 1155 autem

2259 1190 2596 1259 patriarcha,
2638 1192 2951 1261 Stephanus
2976 1203 3033 1247 et
3072 1192 3314 1250 Joannes
3348 1194 3631 1264 magister,
3667 1194 3864 1294 impe-l

2260 1295 2445 1340 ratore
2488 1301 2677 1340 secum
2728 1287 2913 1352 ducto,
2966 1286 3306 1343 Blachernas
3359 1303 3539 1358 usque
3590 1286 3863 1356 profecti,’

2260 1380 2403 1434 ﬁlios
2437 1379 2714 1434 Simeonis
2746 1380 2996 1449 geminos
3039 1381 3378 1436 induxerunt
3415 1382 3468 1436 in
3508 1381 3724 1446 urbem,
3755 1381 3849 1452 qui

2260 1471 2315 1524 in
2364 1471 2581 1539 palatiis
2631 1488 2738 1526 una
2796 1489 2921 1528 cum
2985 1474 3314 1544 imperatore
3370 1474 3643 1530 convivali
3696 1463 3864 1529 sunt.‘

2259 1561 2483 1618 Nicolao
2520 1577 2654 1617 vero
2703 1566 3028 1633 patriarchae
3074 1569 3140 1621 ad
3180 1568 3494 1623 Simeonem
3541 1546 3863 1635 accedenti:

2263 1658 2377 1725 ipse
2411 1656 2631 1712 Simeon
2668 1669 2829 1726 caput
2870 1659 3101 1712 inﬂexit.
3144 1659 3465 1716 Patriarcha
3500 1662 3662 1732 igitur
3684 1677 3853 1731 super

2261 1763 2385 1802 eum
2416 1749 2723 1805 orationem
2770 1750 3017 1815 lusurus,
3065 1755 3373 1809 stemmatis
3419 1754 3535 1808 vice
3565 1755 3849 1823 proprium

2264 1841 2459 1910 capitis
2511 1850 2890 1913 tegumentum
2948 1845 3069 1912 ejus
3126 1845 3389 1915 imposuit
3440 1847 3626 1916 capiti.
3681 1847 3852 1901 Donis

2264 1930 2450 2000 itaque
2482 1933 2765 1988 immensis
2796 1942 2851 1987 et
2880 1950 3045 2002 quam
3080 1936 3334 1989 maximis
3379 1939 3586 2005 excepti
3625 1937 3851 1991 Simeon

2263 2026 2319 2072 et
2350 2019 2471 2088 ejus
2515 2021 2611 2075 lilii
2657 2021 2710 2074 in
2762 2025 2995 2091 patriam
3050 2024 3255 2079 reversi
3294 2036 3443 2091 sunt,
3494 2028 3559 2079 ad
3614 2028 3848 2082 invicem

2263 2110 2546 2167 discordes
2583 2114 2652 2167 ob
2681 2113 2918 2183 praefatae
2952 2117 3101 2185 pacis
3131 2117 3571 2173 conditiones....

2334 2223 2387 2277 5.
2427 2243 2445 2275 ‹
2483 2217 2880 2281 Constantinus
2927 2227 3227 2296 imperator
3273 2237 3587 2284 revocatam
3617 2244 3647 2283 a
3679 2241 3854 2283 matre

2262 2326 2318 2371 et
2362 2317 2430 2371 ad
2487 2333 2546 2373 se
2604 2321 2922 2373 translatam
2981 2322 3198 2390 imperii
3252 2332 3576 2392 potestatem
3624 2338 3846 2378 omnem

2263 2408 2584 2471 declaravit,
2627 2419 2682 2465 et
2716 2410 3001 2466 Nicolaum
3049 2413 3445 2481 patriarcham,
3484 2414 3854 2484 Stephanum-

2265 2515 2371 2568 quc
2404 2502 2729 2569 magistrum
2780 2504 2833 2556 in
2875 2505 3080 2573 palatio
3110 2505 3215 2561 sibi
3248 2507 3442 2562 adesse
3475 2508 3852 2563 mandavit....

2266 2593 2571 2663 Imperator
2606 2604 2662 2649 et
2709 2597 3018 2664 patriarcha
3064 2597 3331 2655 Joannem
3379 2600 3638 2655 Garidam
3680 2602 3747 2656 ad
3791 2618 3852 2657 se

2269 2694 2523 2739 vocatum
2578 2686 2908 2741 Scholarum
2961 2688 3333 2745 Domesticqu
3383 2707 3508 2747 esse
3542 2692 3847 2762 jusserunt,

2266 2775 2422 2830 veriti
2463 2792 2529 2831 ne
2560 2777 2774 2832 Phocas
2823 2780 2873 2831 in
2910 2780 3267 2836 rebellionem
3305 2782 3660 2837 deﬁceret....
3691 2782 3852 2838 Nice-

2266 2880 2347 2923 tas
2378 2881 2555 2924 autem
2592 2871 2879 2939 patricius,
2913 2872 3145 2927 Romani
3176 2887 3467 2939 consocer,
3504 2875 3557 2929 in
3587 2876 3849 2946 palatium

2264 2960 2564 3029 profectus,
2617 2960 2904 3018 Nicolaum
2959 2966 3326 3034 patriarcltam
3374 2967 3501 3021 inde
3550 2968 3850 3038 dejecit....

2265 3052 2557 3108 Sacrorum
2610 3068 2792 3110 autem
2837 3057 3176 3126 jejuniorum
3239 3062 3431 3130 quinta
3481 3060 3853 3131 hebdomade,

2265 3161 2453 3201 mense
2513 3147 2728 3217 Aprili,
2779 3148 2994 3205 Helenae
3051 3150 3284 3209 Romani
3354 3152 3479 3206 ﬁliae
3530 3162 3858 3207 contractus

2267 3239 2527 3308 nuptialis
2564 3241 2727 3296 arrba
2764 3258 2793 3296 a
2821 3243 3187 3300 Constantino
3228 3245 3562 3313 imperatore
3591 3247 3852 3313 traditur,
3910 3313 3916 3319 _

2267 3340 2319 3384 ct
2347 3333 2503 3386 tertia
2532 3332 2818 3390 Paschatis
2850 3336 3008 3401 feria,
3029 3336 3248 3393 Galileae
3279 3339 3446 3403 dicta,
3476 3339 3855 3405 benedicitur,

2264 3430 2319 3475 et
2346 3437 2469 3476 cum
2501 3439 2562 3478 ea
2597 3426 2940 3493 nuptialibus
2969 3428 3193 3484 corollis
3241 3429 3532 3484 redimitur
3557 3444 3587 3483 a
3622 3429 3856 3485 Nicolau

2263 3513 2578 3582 patriarcha
2629 3531 2643 3567 :
2692 3526 2749 3569 et
2792 3528 2921 3572 tunc
2962 3516 3242 3573 liomauus
3294 3519 3642 3588 imperatoris
3695 3528 3855 3590 pater

2262 3606 2605 3670 declaratur,
2669 3616 2725 3662 et
2784 3607 3018 3664 Romani
3073 3610 3188 3665 vice
3238 3609 3672 3680 Christophorus
3725 3612 3851 3677 ejus

2264 3698 2408 3753 ﬁlius
2444 3699 2837 3756 hwteriarches
2860 3702 3262 3758 instituitur....
3289 3703 3495 3769 Quarto
3528 3720 3654 3759 vero
3680 3721 3850 3773 supra

2262 3791 2588 3845 vicesimum
2632 3792 2978 3862 Septembris
3009 3796 3245 3860 mensis,
3279 3796 3515 3851 Caesaris
3545 3798 3853 3867 dignitate;

2266 3881 2581 3941 Decembris
2632 3896 2815 3941 autem
2857 3889 3062 3944 mensis
3104 3891 3323 3946 decimo
3374 3891 3607 3961 septimo
3644 3891 3854 3947 Christi

2268 3975 2483 4032 Domini
2535 3991 2931 4050 proparentum
2984 3982 3149 4049 festo.
3208 3985 3421 4055 imperii
3464 3986 3773 4041 diademate
3822 4002 3858 4042 ι

2262 4070 2628 4129 Constantino
2667 4076 3012 4146 imperatore
3043 4089 3098 4135 et
3135 4079 3363 4136 Nicolao
3396 4083 3707 4150 patriarcha
3738 4082 3857 4136 llo-

2264 4179 2459 4220 manus
2490 4178 2761 4223 ornatur:
2800 4182 3125 4227 sanctorum
3174 4172 3370 4227 deinde
3429 4172 3720 4227 Luminnm
3763 4176 3861 4233 die

2264 4256 2605 4313 Theodoram
2641 4275 2866 4316 uxorem
2907 4272 3157 4317 coronat.
3203 4263 3323 4318 Mox
3373 4264 3496 4319 Maii
3530 4267 3733 4321 mensis
3765 4269 3861 4322 die

2262 4351 2474 4407 decimo
2491 4354 2726 4423 septimo
2754 4354 3049 4410 indictione
3065 4358 3254 4426 quinta
3282 4358 3382 4428 (a),
3422 4360 3860 4430 Christophorus

2265 4441 2494 4499 Romani
2544 4446 2687 4501 [ilius
2737 4447 3041 4517 imperator
3095 4454 3466 4517 renuntiatur,
3520 4463 3571 4506 et
3603 4452 3857 4521 ejusdem

2265 4539 2472 4594 mensis
2525 4541 2787 4595 vicesimo
2842 4552 3046 4598 sanch
3095 4544 3449 4601 Pentecostes
3504 4546 3591 4601 die
3648 4547 3787 4601 festo
3824 4564 3862 4602 a

2194 4625 2236 4679 ῐ)
2267 4634 2628 4687 Constantino
2677 4634 3015 4690 redimitur:
3051 4638 3253 4707 istique
3299 4642 3407 4693 duo
3452 4641 3551 4695 soli
3602 4625 3860 4709 ejusdem

2265 4725 2373 4779 diei
2408 4741 2669 4794 processu
2716 4727 2947 4781 solemni
2995 4744 3094 4797 per
3137 4730 3325 4784 urbem
3377 4732 3651 4801 progressi
3700 4746 3862 4791 sunt.

2263 4814 2436 4871 Porro
2454 4817 2599 4872 Julio
2615 4834 2801 4874 mense
2818 4819 3115 4875 indictione
3136 4833 3325 4876 octava
3336 4822 3413 4890 (b)
3436 4822 3523 4876 die
3540 4822 3826 4879 Dominicn
3840 4869 3859 4893 ,

2263 4912 2433 4966 totius
2455 4911 2710 4967 Ecclesiae
2739 4928 2768 4966 a
2807 4913 3054 4969 llomano
3093 4916 3227 4970 inita
3259 4925 3338 4970 est
3365 4918 3685 4979 concordia,
3715 4932 3865 4973 cun-

2263 5005 2368 5059 ctis
2418 5006 2781 5075 metropolitis
2825 5016 2881 5061 et
2931 5008 3170 5073 clericis,
3205 5011 3297 5078 qui
3333 5022 3362 5062 a
3400 5008 3607 5065 Nicolai
3642 5018 3696 5064 et
3739 5010 3865 5063 Eu-

2266 5100 2458 5170 thymii
2507 5100 2758 5168 partibus
2797 5100 2993 5156 divisis
3041 5109 3309 5156 steterant
3358 5103 3580 5167 animis,
3627 5104 3679 5156 in
3714 5117 3868 5157 con-

2264 5191 2576 5245 sensionem
2617 5193 3069 5249 redeuntibus....

2333 5285 2386 5339 6.
2413 5303 2431 5334 ι
2459 5282 2765 5354 Septembri
2787 5300 2916 5341 vero
2936 5303 3125 5344 mense
3155 5289 3452 5342 indictione
3497 5290 3735 5343 secunda
3758 5289 3865 5361 (ε),

2266 5376 2488 5431 Simeon
2528 5375 2796 5448 Bulgaria:
2832 5381 3109 5450 princeps,
3135 5382 3309 5449 copiis
3337 5381 3592 5435 omnibus
3617 5382 3865 5451 eductis,

2263 5470 2529 5525 adversus
2546 5469 3078 5541 Constantinopolim
3097 5471 3495 5540 expeditionem
3511 5483 3687 5542 parat.
3724 5472 3869 5531 Inde

2265 5564 2557 5620 Thraciam
2579 5574 2635 5621 et
2651 5565 3025 5621 Macedoniam
3060 5566 3443 5635 depopulatur,
3466 5568 3711 5624 incendia
3727 5570 3867 5623 ubi-

2264 5673 2371 5728 que
2391 5660 2618 5729 spargit,
2657 5659 2853 5713 evertit
2880 5659 3088 5726 omnia,
3113 5667 3167 5715 et
3190 5663 3255 5716 ad
3284 5661 3510 5718 arbOres
3542 5678 3715 5733 usque
3753 5676 3865 5717 ex-

2337 5818 2406 5890 (c)
2430 5818 2573 5890 Lege
2598 5819 2894 5874 undecima.
