4178 6432
369 455 434 514 13
1804 455 2224 517 ΡΗᾸΞΕΛΤΙΟ.
3575 455 3640 517 ιι

364 565 583 620 scindit.
607 564 687 618 Ad
713 563 1057 620 Blachernas
1084 575 1340 634 praeterea
1365 567 1646 633 devectus,
1671 567 1950 622 Nicolaum
1980 573 2026 630 Α
2057 570 2270 638 quinto,
2298 566 2594 623 indictione
2626 569 2782 621 tertia
2814 568 2915 639 (al),
2953 576 3180 622 mortem
3222 568 3356 623 obiit
3386 567 3640 623 Nicolaus

365 655 738 727 patriarcliam
785 664 847 710 et
893 671 1186 727 procerum
1236 659 1527 728 quosdam,
1583 667 1644 713 ut
1697 659 1764 713 de
1820 674 1954 729 pace

365 748 703 813 conterrent,
738 748 806 802 ad
846 763 907 802 se
937 750 1084 802 mitti
1132 749 1450 820 postulavit.
1497 748 1650 806 Datis
1681 749 1847 822 igitur
1884 767 1951 804 ex

367 849 518 910 parte
546 850 788 908 utraque
821 841 1135 907 obsidibus,
1161 850 1537 896 convenerunt
1566 843 1715 912 prius
1737 842 1952 913 quidem

366 933 629 988 Nicolaus
659 934 1000 1001 patriarcha,
1031 933 1228 988 deinde
1257 934 1490 988 Michael
1524 933 1798 990 Patricius
1824 934 1954 1006 Sty-

365 1026 564 1095 piotes,
619 1034 675 1079 et
725 1023 974 1080 Joannes
1023 1024 1304 1097 Mysticus,
1348 1027 1441 1096 qui
1496 1028 1566 1083 ab
1621 1027 1953 1097 imperatore

365 1118 642 1174 secundas
695 1117 936 1174 tenebat.
986 1117 1051 1171 Et
1104 1117 1156 1172 hi
1187 1117 1421 1186 {quidem
1451 1135 1574 1174 cum
1604 1117 1858 1174 Simeonc
1887 1122 1954 1174 «te

367 1225 496 1279 pace
535 1216 846 1265 tractatum
905 1209 1228 1264 habebant:
1285 1209 1507 1264 Simeon
1561 1219 1744 1265 autem
1805 1220 1954 1265 retro

365 1317 462 1357 eos
508 1301 837 1356 amandavit
883 1319 898 1356 :
939 1302 1115 1369 ipsum
1164 1317 1294 1356 vero
1339 1303 1725 1371 imperatorem
1769 1303 1956 1357 videre

365 1395 618 1464 expetiit,
651 1409 682 1446 a
725 1393 916 1448 multis
941 1393 1010 1448 de
1036 1393 1155 1463 ejus
1195 1393 1506 1463 prudentia,
1548 1393 1873 1450 fortitudine
1901 1404 1956 1449 et

367 1487 595 1540 solertia
630 1485 838 1539 certior
869 1483 1143 1539 factusf...
1178 1485 1479 1555 Imperator
1530 1500 1638 1540 una
1683 1501 1808 1540 cum
1853 1501 1956 1556 pa.

369 1577 612 1632 triarcha
631 1574 861 1631 Nicolao
884 1577 954 1630 ad
986 1575 1318 1632 Blachernas
1344 1589 1399 1632 et
1430 1588 1680 1632 sanctum
1715 1578 1953 1632 loculum

370 1683 719 1739 progressus,
776 1667 844 1722 ad
903 1683 1096 1738 preces
1153 1683 1349 1724 manus
1403 1670 1650 1724 extendit
1693 1686 1707 1722 :
1755 1669 1956 1725 deinde

375 1777 583 1832 pronus
623 1760 680 1815 in
712 1769 915 1815 terram
955 1761 1181 1827 cadens,
1229 1777 1448 1818 sacrum
1498 1763 1758 1835 lacrymis
1802 1764 1956 1834 pavi-

382 1858 624 1903 mentum
677 1847 955 1919 irrigavit;
1023 1849 1308 1920 Deiparam
1377 1867 1408 1906 a
1466 1853 1588 1908 labe
1655 1855 1951 1908 immunem

2062 658 2405 727 patriarcha,
2460 668 2580 726 post
2616 660 2912 712 secundam
2932 658 3390 713 renuutiationem
3444 658 3637 712 ιιιγοιικ

2063 753 2270 821 potitus
2304 765 2478 806 annos
2513 749 2813 804 tredecim:
2854 752 3084 820 ejusque
3117 757 3324 820 corpus
3375 751 3429 804 in
3477 749 3642 806 Gaia-

2061 858 2354 899 crenarum
2409 845 2750 900 monasterio
2810 845 2879 899 ab
2927 859 2994 902 eo
3046 843 3273 900 condito
3327 845 3641 916 depositum

2060 946 2163 992 est.
2203 954 2223 988 ι

2131 1029 2186 1084 8.
2227 1031 2506 1086 Hactenus
2552 1029 2661 1084 Leo
2705 1028 3135 1094 Grammaticus,
3185 1038 3381 1085 auctor
3428 1043 3645 1084 coasnis

2061 1132 2116 1174 et
2145 1123 2400 1176 oculatus
2455 1121 2614 1176 testis
2675 1121 2729 1174 in
2778 1135 2877 1174 sua
2940 1119 3415 1190 Chronographia,
3477 1134 3641 1187 quam

2062 1212 2455 1268 initiationibus
2497 1227 2784 1282 perperam
2824 1210 3067 1266 deﬁnitis
3117 1211 3508 1266 interturbavit
3560 1212 3646 1263 in-

2059 1305 2316 1360 curiosus
2383 1304 2586 1375 aliquis
2645 1304 3026 1359 amanuensis.
3084 1302 3221 1358 Nam
3281 1303 3427 1358 slent
3481 1313 3643 1356 antea

2063 1413 2185 1466 pag.
2219 1398 2348 1461 497,
2392 1397 2492 1452 lin.
2526 1397 2580 1462 7,
2614 1397 2933 1467 legelatur:
2970 1395 3206 1450 Indictio
3246 1397 3452 1450 decima
3503 1413 3646 1450 nona

2063 1505 2186 1544 cum
2228 1489 2346 1544 sola
2398 1505 2542 1542 nona
2585 1499 2734 1544 esset
2773 1487 3117 1554 collocanda,
3154 1488 3231 1542 ita
3268 1488 3322 1542 iu
3353 1488 3465 1556 jam
3497 1497 3647 1541 tran-

2063 1581 2282 1650 scriptis
2339 1581 2528 1636 eadem
2597 1597 2737 1636 noua
2789 1582 3010 1636 indictio
3071 1596 3361 1651 perperam
3414 1591 3648 1635 vocatur

2060 1674 2269 1742 quinta,
2317 1687 2464 1726 anno
2509 1673 2720 1728 scilicet
2750 1673 2877 1736 9‘21,
2911 1689 3022 1742 quo
3062 1673 3494 1743 Cli:ristopliortis
3541 1663 3648 1726 Ro-

2063 1764 2209 1819 mani
2247 1763 2520 1834 Lecapeni
2554 1763 2703 1818 ﬁlius
2736 1764 2827 1819 die
2849 1764 2921 1818 20
2965 1762 3089 1820 Maii
3122 1763 3266 1820 festo
3294 1763 3648 1820 Pentecostcs

2062 1865 2148 1911 est
2182 1855 2484 1926 imperator
2529 1865 2848 1912 coronatus.
2909 1856 2990 1911 Eo
3038 1857 3249 1912 scilicet
3299 1871 3446 1911 anno
3495 1857 3652 1928 cyclo

381 1940 700 2002 obtesmtus,
743 1948 804 1994 ut
841 1938 1100 1995 inﬂexum
1137 1949 1192 1996 et
1224 1943 1456 2012 rigidum
1494 1943 1715 2013 superbi
1747 1942 1959 1999 Simco-
1989 1949 2035 2009 B
2065 1948 2208 2002 luna:
2244 1949 2337 2014 10,
2365 1949 2498 2005 solis
2537 1949 2592 2012 6,
2623 1948 2809 2004 littera
2839 1945 3166 2004 Dominicali
3193 1946 3261 2014 G,
3306 1947 3517 2004 Pascha
3554 1964 3648 2002 ce-

375 2030 464 2086 nis
503 2031 776 2087 emolliret
820 2047 937 2098 cor,
987 2042 1039 2088 et
1084 2049 1205 2104 quae
1255 2045 1387 2090 sunt
1425 2035 1576 2104 pacis
1621 2035 1955 2106 inspiraret:

369 2139 642 2194 sacroque
670 2124 950 2190 scrinioio,
990 2141 1102 2196 quo
1131 2129 1439 2183 veneranda
1472 2137 1676 2184 sanctae
1715 2127 1960 2199 Deipara:

368 2217 539 2272 vestis
589 2218 828 2288 reposita
868 2229 974 2286 est,
1025 2228 1238 2289 aperto,
1298 2219 1447 2274 illam
1491 2221 1616 2276 inde
1663 2222 1958 2287 sublatam,

365 2327 431 2364 ex
463 2311 574 2365 ﬁde
605 2327 714 2380 qua
756 2312 808 2366 in
848 2313 1257 2368 immaculatam
1301 2313 1396 2369 Dei
1426 2314 1760 2370 Genitricem
1789 2317 1962 2384 pollc-

365 2403 485 2467 bat,
530 2403 678 2457 velut
719 2404 930 2474 galeam
964 2405 1128 2474 capiti
1175 2405 1604 2475 circumponens
1640 2405 1958 2475 imperator,

366 2495 707 2550 ﬁrmissimis
784 2496 954 2551 armis
1021 2497 1298 2563 munitus,
1364 2497 1530 2551 classi
1587 2498 1689 2551 via:
1739 2498 1960 2560 comite,

367 2586 577 2657 clypeis
619 2595 674 2642 et
699 2590 867 2643 armis
892 2588 1184 2653 adornata,
1217 2592 1283 2644 ad
1312 2574 1595 2658 pra:lixum
1625 2590 1800 2646 locum
1835 2605 1959 2644 cum

368 2679 632 2734 Simeone
660 2689 998 2736 tractaturus
1026 2681 1358 2736 accessit....
1393 2681 1617 2738 Simeon
1646 2698 1788 2754 equo
1819 2683 1965 2737 desi-

369 2771 513 2825 liens
556 2770 626 2824 ad
679 2770 1071 2841 imperatorem
1123 2773 1376 2836 accessit,
1433 2773 1671 2845 dataque
1725 2775 1962 2829 invicem

368 2861 571 2927 salute,
616 2863 767 2932 pacis
817 2873 1111 2920 tractatum
1159 2874 1545 2922 moverunt....
1596 2866 1822 2922 Simeon
1856 2868 1964 2921 im-

370 2956 649 3024 peratoris
675 2957 1112 3013 moderationem
1143 2969 1198 3014 et
1227 2973 1516 3015 sermones
1543 2975 1667 3014 cum
1701 2975 1965 3015 verecun-

370 3046 466 3101 dia
500 3046 753 3112 miratus,
791 3061 981 3116 pacem
1032 3049 1288 3118 componi
1335 3049 1549 3104 annuit.
1612 3048 1750 3104 Cum
1798 3051 1964 3122 igitur

369 3137 479 3193 sibi
527 3137 762 3194 invicem
823 3139 1236 3210 valedixisscnt,
1294 3158 1325 3197 a
1373 3157 1436 3200 se
1475 3155 1668 3206 mutuo
1699 3144 1963 3216 disjuncti

369 3242 598 3288 sunt....

2064 2042 2334 2098 lebratum
2367 2040 2469 2096 fuit
2492 2041 2627 2112 ipsis
2657 2040 2920 2096 Kalendis
2943 2041 3167 2111 Aprilis,
3195 2050 3249 2095 et
3279 2038 3478 2094 festum
3505 2037 3650 2092 Pen-

2064 2139 2303 2187 tccostes
2349 2131 2499 2186 dicto
2526 2129 2598 2184 20
2628 2129 2779 2184 Maii.
2814 2128 3018 2183 Eodem
3051 2145 3238 2184 errore
3271 2128 3397 2183 dein
3425 2129 3650 2184 indit-tio

2062 2231 2248 2276 octava
2282 2237 2383 2292 pro
2414 2221 2641 2286 decima,
2676 2221 2910 2276 secunda
2945 2237 3044 2293 pro
3069 2222 3371 2286 undecima,
3404 2229 3454 2275 ct
3489 2223 3648 2274 tertia

2063 2329 2163 2384 pro
2205 2313 2414 2368 decima
2469 2315 2627 2367 tertia
2675 2321 2924 2378 notatur,
2971 2323 3137 2384 atque
3180 2314 3254 2367 ita
3287 2313 3426 2384 apud
3460 2311 3651 2366 Conti-

2065 2417 2356 2462 nuatorem
2403 2407 2436 2462 9
2489 2405 2831 2460 indictionem
2897 2405 3003 2476 legi
3069 2405 3331 2459 observat
3382 2403 3436 2456 in
3492 2401 3652 2456 Notis

2062 2500 2363 2556 Combefls.
2413 2499 2664 2554 Mortuus
2700 2513 2832 2569 ergo
2873 2506 2958 2552 est
2998 2507 3225 2553 sanctus
3274 2495 3536 2550 Nicolaus
3586 2493 3654 2547 iii

2067 2593 2192 2648 Maii
2224 2593 2355 2648 anni
2383 2592 2511 2648 925.
2541 2591 2851 2647 Restitutus
2876 2600 3060 2646 autem
3085 2592 3139 2645 in
3173 2588 3302 2646 sede
3323 2589 3390 2643 ab
3415 2587 3657 2642 Alexan—

2065 2686 2166 2741 dro
2200 2684 2553 2754 imperatore,
2611 2698 2756 2737 anno
2815 2682 2945 2748 911,
2988 2692 3086 2737 aut
3134 2683 3291 2738 initio
3341 2682 3650 2751 sequentis.
3691 2685 3696 2692 '

2065 2776 2206 2830 Nam
2255 2774 2302 2830 is
2348 2774 2527 2828 solum
2573 2787 2720 2827 anno
2765 2787 2876 2826 uno
2913 2781 2968 2841 et
3002 2772 3199 2828 diebus
3236 2769 3652 2840 viginti'novem

2066 2865 2368 2936 regnavit:
2423 2869 2588 2934 atque
2637 2865 2709 2919 ita
2762 2864 2865 2918 hac
2909 2863 3152 2919 secunda
3207 2864 3326 2918 vice
3381 2861 3645 2918 Ecclesiae

2067 2957 2284 3028 prmiuit
2314 2955 2373 3010 S.
2402 2955 2660 3011 Nicolaus
2700 2956 2861 3011 annis
2896 2957 3181 3011 tredecim.
3229 2955 3547 3025 Appellatus
3570 2955 3656 3006 est

2065 3048 2211 3104 idem
2239 3046 2493 3104 Nicolaus
2525 3048 2770 3112 Priscus,
2810 3063 2906 3103 seu
2947 3048 3070 3118 eius
3121 3047 3367 3103 nominis
3413 3047 3651 3118 primus,

2069 3153 2320 3213 respectu
2351 3156 2545 3196 eorum
2581 3141 2674 3210 qui
2709 3149 2898 3209 postea
2934 3147 3346 3201 successerunt,
3398 3137 3655 3191 fuerunt-

2069 3249 2179 3304 que
2240 3232 2498 3288 Nieolaus
2543 3231 2956 3303 Chrysoberges
3005 3231 3108 3287 sub
3167 3230 3369 3285 Basilio
3423 3231 3653 3285 Romani

444 3329 498 3381 7.
521 3344 539 3377 ι
566 3327 884 3382 Decembris
913 3337 1100 3384 autem
1128 3331 1333 3387 mensis
1359 3332 1448 3388 die
1464 3333 1729 3389 vicesimo
1749 3336 1964 3404 quinto,
1990 3295 2037 3356 Ο
2071 3295 2338 3395 ίεεαυθηὶ
2385 3324 2500 3380 ﬁlio
2546 3295 2676 3394 post
2709 3295 2917 3378 annum
2947 3323 3072 3390 980,
3103 3331 3156 3379 ct
3186 3323 3442 3379 Nicolaus
3465 3322 3660 3378 Graius

369 3419 513 3474 ﬁlios
539 3433 674 3475 suos
717 3420 1068 3490 Stephanum
1120 3434 1175 3478 et
1221 3423 1648 3480 Constantinum
1685 3425 1966 3482 Romanus

371 3509 594 3580 imperii
645 3525 852 3566 corona
910 3512 1131 3566 cinxit:
1169 3515 1264 3569 sed
1305 3523 1363 3570 et
1403 3511 1870 3587 Thcophylactnm
1908 3520 1968 3570 ti-

373 3603 508 3656 lium
542 3602 804 3657 clericum
845 3605 1080 3660 totondit
1106 3607 1437 3675 patriarcha,
1474 3617 1529 3664 et
1563 3610 1963 3664 subdiaconum

369 3695 677 3759 ordinavit,
728 3695 1066 3767 tandemque
1115 3696 1433 3769 Syncellum
1475 3703 1772 3770 promovit,
1837 3718 1962 3756 cum

368 3787 527 3856 prius
557 3787 625 3841 ad
674 3797 928 3843 sanctum
977 3789 1288 3859 ingressum
1329 3805 1455 3846 cum
1485 3793 1847 3848 subdiaconis
1877 3793 1961 3845 al-

369 3880 552 3935 lectus
586 3881 1048 3950 processisset....
1082 3883 1281 3941 Mensis
1314 3900 1445 3940 vero
1475 3886 1600 3941 Maii
1631 3886 1721 3940 die
1749 3887 1964 3940 decimo

446 4000 531 4068 id)
557 3999 701 4072 Lege
729 4002 891 4054 tertia
922 4001 1153 4055 decima.

1283 4187 1600 4199 --

2072 3419 2324 3484 maticus,
2359 3419 2462 3474 sub
2488 3418 2681 3474 Alexio
2710 3417 3018 3474 Commeno
3046 3418 3291 3483 seniore,
3323 3418 3525 3473 saeculo
3556 3429 3656 3472 sn.

2072 3511 2260 3567 Exstat
2291 3519 2474 3566 autem
2501 3520 2651 3566 tomo
2679 3510 2698 3564 l
2740 3507 2889 3564 luris
2918 3508 3408 3574 Graeco-Romani,
3440 3509 3537 3562 lib.
3577 3522 3654 3568 iv.

2069 3605 2213 3661 inter
2259 3605 2576 3661 Sententias
2623 3605 2917 3676 synodales
2964 3604 3299 3660 Constitutio
3348 3604 3455 3660 sub
3497 3605 3660 3658 titnto

2069 3699 2280 3755 Nicolai
2335 3697 2530 3762 Prisci,
2583 3699 2730 3768 quod
2783 3698 2980 3753 littera:
3038 3699 3439 3768 patriarchales
3487 3699 3660 3769 gruis

2071 3791 2448 3845 concedantur
2477 3791 2789 3860 petentibus
2817 3805 2912 3845 eas
2989 3791 3062 3844 uti
3114 3789 3337 3854 ibidem,
3371 3805 3495 3860 pag.
3552 3791 3660 3844 uti

2074 3885 2176 3954 legi
2204 3893 2379 3954 potest
2393 3914 2406 3939 ι

1149 4285 1717 4487 Artamo
1806 4373 2062 4486 MAI
2146 4364 2874 4492 MONl'l‘UM.

1792 4617 1986 4685 (Spicil.
2016 4619 2152 4669 Rom.
2175 4612 2258 4678 Χ.)

455 4929 502 4986 l.
547 4925 813 4982 Nicolaus
838 4933 1030 4982 noster
1066 4926 1169 4982 sub
1200 4918 1381 4981 Leone
1401 4922 1657 4996 Sapiente
1690 4927 1818 4995 imp.
1853 4925 1916 4981 ad
1941 4927 2356 4996 patriam-halent
2386 4929 2569 4984 sedem
2597 4926 2820 4985 evectus
2844 4927 2948 4985 fuit
2972 4939 3118 4985 anno
3149 4927 3274 4995 895',
3303 4933 3668 5000 quadriennio

375 5026 508 5087 post
541 5015 725 5071 Photii
767 5015 1001 5069 obitum.
1029 5013 1178 5069 Idem
1209 5021 1337 5082 post
1365 5014 1702 5071 novennium
1749 5017 1861 5085 (aut
1891 5025 2018 5085 post
2048 5033 2224 5074 annos
2253 5015 2359 5082 XI,
2392 5029 2450 5073 ut
2476 5018 2678 5074 dicitur
2699 5019 2842 5090 apud
2875 5018 3267 5076 Letuiclavium
3312 5022 3366 5077 in
3410 5021 3545 5079 lure
3568 5025 3666 5082 Gr.

281 5169 294 5179 ,
377 5105 564 5168 Rom.,
594 5119 652 5173 p.
690 5103 822 5174 501)
861 5117 892 5157 a
924 5099 1109 5157 Leone
1142 5101 1430 5173 praedicto,
1465 5102 1552 5159 cui
1587 5103 1643 5158 in
1686 5113 2011 5174 quartarum
2063 5103 2378 5173 nuptiarum
2432 5104 2649 5175 negotio
2685 5107 3104 5172 adversabatur,
3145 5105 3277 5164 sede
3317 5110 3516 5178 pulsus
3548 5123 3669 5176 est,

372 5209 550 5263 quam
583 5192 809 5247 nonnisi
839 5205 986 5246 anno
1015 5189 1115 5246 9H
1153 5190 1258 5246 sub
1273 5190 1590 5247 Alexandro
1609 5191 1813 5248 Leonis
1837 5191 2109 5248 demortui
2139 5192 2308 5246 fratre
2341 5191 2708 5260 recuperavit,
2733 5192 2912 5248 donec
2936 5209 3082 5248 anno
3104 5194 3211 5250 924
3234 5195 3390 5262 obiit,
3417 5198 3672 5253 decursis

378 5285 439 5338 in
470 5281 829 5353 episcopatus
862 5279 1139 5349 regimine
1167 5278 1465 5351 (subducta
1497 5281 1678 5336 exsilii
1713 5279 2150 5350 intercapedine)
2182 5281 2344 5334 annis
2379 5281 2558 5336 tribus
2593 5295 2759 5350 supra
2809 5281 3026 5350 viginti.
3052 5282 3136 5337 Ab
3159 5283 3474 5354 Ephremio
3504 5285 3669 5340 chro-

387 5371 707 5443 nographo,
735 5387 790 5423 ν.
823 5368 1050 5436 10,οΒ0,
1081 5383 1281 5440 .seqq.,
1307 5369 1510 5426 dicitur
1540 5380 1669 5426 ante
1699 5372 2078 5442 episcopatum
2106 5367 2412 5424 monachus
2429 5370 2581 5438 pius,
2609 5370 2850 5439 sapiens,
2883 5387 3080 5441 magna
3123 5370 3267 5428 fama
3305 5374 3586 5443 praeditus,
3617 5380 3673 5427 et

379 5461 697 5532 Byzantina
737 5461 867 5515 sede
893 5459 1120 5531 dignus,
1147 5473 1314 5530 quam
1345 5459 1668 5531 priusquam
1711 5469 2024 5530 occuparet,
2053 5458 2294 5515 ofﬁcium
2325 5459 2540 5530 mystici
2567 5469 2814 5528 gesserat
2841 5461 3010 5531 (quod
3039 5461 3092 5517 ei
3120 5461 3466 5534 cognominis
3495 5461 3672 5516 instar

376 5551 654 5621 inbzsit),
677 5550 734 5605 id
761 5560 868 5617 est,
904 5561 965 5606 ut
985 5549 1150 5622 vulgo
1172 5549 1519 5621 intelligitur,
1547 5551 1814 5605 sanctiori
1840 5550 2068 5606 consilio
2085 5549 2267 5606 aulico
2284 5563 2315 5604 α
2341 5549 2568 5604 secretis
2583 5549 2783 5606 fuerat.
2813 5551 2898 5607 Ab
2913 5552 3108 5607 eodem
3134 5551 3441 5620 Ephraemio
3467 5550 3672 5606 dicitur

381 5648 552 5709 gente
577 5637 769 5702 Italus,
800 5644 855 5693 et
885 5652 916 5693 a
947 5647 1146 5692 natura
1171 5646 1536 5708 comparatus
1557 5638 1624 5691 ad
1655 5637 1985 5707 eloquentia:

2080 5639 2259 5708 ὲκφὺς
2292 5638 2538 5703 Ἰταλῶν,
2567 5639 2781 5710 εὐφυὴς
2812 5643 2944 5712 περὶ
2970 5640 3187 5709 λόγους.
3207 5638 3492 5694 Nicolaum
3523 5640 3671 5695 hunc

385 5726 571 5783 sancti
607 5726 770 5783 titulo
803 5728 1070 5782 donawm
1104 5726 1266 5782 video
1295 5741 1328 5780 a
1359 5726 1600 5781 Baronio
1629 5715 1701 5780 hin
1741 5725 2070 5790 Annalibus.
2113 5737 2167 5784 et
2205 5743 2236 5783 a
2279 5727 2682 5794 Bollandianis,
2731 5729 2947 5800 (Supero
2989 5729 3198 5784 scilicet
3241 5729 3294 5782 in
3344 5729 3673 5798 pan-iarchis

381 5815 839 5896 Constantinum,-
860 5825 916 5872 et
935 5815 1287 5873 Henschenio
1312 5815 1367 5871 in
1389 5815 1540 5896 Actis
1564 5814 1891 5871 Sanctorum
1912 5816 2000 5870 die
2026 5834 2094 5871 av
2121 5817 2268 5881 Maii,
2291 5818 2386 5887 qui
2409 5827 2721 5888 postremus
2750 5827 2871 5872 acta
2899 5817 3039 5886 ejus,
3061 5833 3128 5871 ex
3155 5817 3338 5872 Leone
3370 5825 3671 5887 praesertim

383 5885 775 5965 Grammatice
792 5909 1016 5975 hausta,
1053 5915 1310 5964 accurate
1342 5892 1584 5978 scripsit.
1620 5904 1698 5963 Ne
1731 5907 1858 5976 quid
1889 5905 2068 5962 (licam
2101 5906 2168 5964 de
2199 5885 2358 5964 laude
2406 5885 2718 5963 sanctitatis
2751 5907 2804 5960 in
2839 5885 3121 5961 Nicolaum
3155 5921 3182 5961 a
3217 5885 3422 5962 Gra'cis
3471 5923 3673 5966 passm
