4178 6414
605 385 674 448 15
2025 391 2443 452 ΡΗίΕΕΑΤΙΟ.
3794 389 3858 452 16

601 497 902 560 cumulata,
937 510 1070 551 sane
1103 497 1340 566 rigidum
1375 497 1498 551 vitae
1527 513 1725 568 genus.
1769 499 1928 567 cujus
1979 509 2362 569 argumentum
2403 511 2486 555 est
2527 509 2792 555 tractatus
2821 500 2940 570 ejus
2982 514 3011 552 a
3059 498 3215 553 nobis
3253 507 3397 552 retro
3432 507 3765 552 memoratus
3803 510 3858 553 et

599 585 806 648 editus,
853 583 1149 653 pastoralis
1199 585 1424 654 insuper
1451 583 1696 654 ejusdem
1733 584 1920 650 zelus,
1953 587 2258 641 constantia
2306 598 2360 642 et
2393 587 2592 642 eximia
2643 588 2916 652 charitas,
2965 587 3160 640 merito
3207 585 3516 654 Opinionem
3551 587 3859 640 sanctitatis

599 672 824 727 Nicolao
856 673 1188 728 conciliasse
1223 673 1500 728 videnlur.
1539 673 1694 729 Nunc
1739 675 1789 729 ei
1823 675 1903 730 rei
1947 676 2225 745 negotium
2277 675 2550 730 facessere
2598 675 2846 729 nonnulli
2884 675 3026 728 haud
3070 674 3303 728 absurde
3337 675 3580 736 credent,
3614 676 3760 742 quod
3802 675 3856 728 in

597 759 838 816 secunda
868 759 934 814 ad
974 760 1274 829 principem
1323 759 1655 815 Saracenum
1683 761 1913 830 epistola
1964 763 2264 818 honorifice
2298 762 2550 816 Photium
2587 764 2842 832 appellat.
2880 761 3278 816 Verumtamen
3327 761 3380 814 id
3429 776 3583 816 more
3627 761 3859 816 fortasse

599 846 918 902 Graecorum
948 849 1027 914 fit,
1054 849 1197 918 apud
1228 862 1369 918 quos
1393 848 1622 903 Photius
1653 849 1925 920 insignem
1953 849 2218 905 doctrinas
2244 867 2360 906 suae
2387 852 2704 906 memoriam
2743 852 2962 922 reliquit
2987 869 3000 906 :
3027 852 3224 906 deinde
3248 851 3502 906 eumdem
3537 850 3708 905 multo
3733 859 3859 905 ante

596 936 804 991 abitum
853 951 976 992 cum
1015 951 1150 1006 papa
1175 933 1384 989 Joanne
1419 936 1834 991 reconciliatum
1867 936 2074 992 scimus
2110 955 2123 992 :
2155 939 2393 1009 denique
2425 949 2484 993 ut
2512 955 2637 994 cum
2666 940 2971 994 reverentia
3005 939 3068 994 de
3098 938 3291 993 Photio
3318 940 3657 1008 loqueretur,
3687 940 3860 1008 pietas

599 1027 844 1094 quaedam
871 1026 1063 1087 suasit,
1089 1023 1215 1093 quia
1237 1037 1296 1078 se
1314 1023 1735 1093 presbyteralem
1761 1023 1829 1077 ab
1849 1038 1917 1078 eo
1937 1024 2205 1093 recepisse
2221 1026 2687 1080 consecrationem
2719 1027 2802 1080 his
2828 1025 3020 1090 verbis,
3049 1025 3227 1078 innuit
3252 1041 3267 1080 :
3296 1026 3323 1078 ὁ
3351 1023 3596 1094 ἀοίδιμος
3627 1024 3856 1087 Φώτιος,

598 1113 625 1165 5
656 1113 797 1178 ὲμδς
831 1113 890 1164 ὲν
922 1109 1203 1180 Πνεύματι
1235 1109 1381 1180 ἁγίῳ
1404 1110 1609 1179 πατήρ.
1636 1109 1817 1164 Causa
1841 1125 1971 1165 vero
1993 1111 2248 1166 nominan

2205 1113 2312 1167 indi
2338 1111 2591 1167 Photium
2625 1112 2740 1167 haec
2770 1112 2894 1176 fuit,
2927 1113 3072 1182 quod
3103 1113 3149 1166 is
3179 1126 3306 1165 cum
3364 1112 3673 1182 patriarcha
3701 1115 3855 1181 fesse.

591 1200 857 1270 singulari
889 1196 1258 1253 benivolentia
1293 1212 1420 1250 cum
1460 1195 1720 1250 Saraceni
1765 1198 2060 1268 principis,
2103 1201 2192 1254 cui
2239 1201 2496 1258 Nicolaus
2529 1203 2741 1265 scribit,
2779 1214 2934 1272 patre
2983 1203 3269 1256 devinctus
3304 1199 3519 1256 luisset.
3555 1199 3857 1270 Ceteroqui

595 1289 694 1344 sub
708 1287 887 1341 Leone
917 1287 1075 1355 imp.,
1102 1300 1212 1354 quo
1244 1295 1489 1354 tempore
1520 1285 1830 1354 patriarcha
1863 1287 1963 1340 fuit
1991 1287 2270 1353 Nicolaus,
2302 1305 2492 1359 pacem
2521 1290 2886 1360 degtuaticam
2917 1292 3162 1359 (excepta
3184 1299 3504 1360 quartarum
3541 1289 3853 1358 nuptiarum

595 1375 966 1430 controversia
990 1371 1354 1442 disciplinari)
1390 1372 1533 1426 inter
1564 1372 1835 1428 Ecclesias
1871 1372 2168 1429 Romanam
2197 1376 2272 1444 acj
2298 1375 2652 1446 Byzantinam
2688 1376 2879 1440 fuisse,
2903 1389 3129 1445 apparet
3160 1375 3364 1444 passim
3400 1375 3451 1427 in
3477 1375 3564 1428 bis
3588 1375 3857 1458 epistolis,

584 1462 1022 1531 nominatimque
1047 1463 1102 1514 in
1139 1476 1321 1515 Lxxv:
1359 1458 1715 1530 Exploratum
1752 1462 1848 1515 tibi
1884 1471 1982 1527 est,
2021 1472 2249 1532 tempore
2281 1463 2484 1516 domini
2518 1461 2706 1516 Leonis
2737 1479 2930 1532 papam
2957 1473 3005 1517 et
3039 1465 3128 1532 qui
3157 1465 3204 1516 ei
3231 1462 3592 1526 adhmrebant,
3633 1463 3702 1514 ad
3723 1479 3855 1516 con—

592 1550 826 1603 cordiam
856 1549 1382 1620 conjunctionemque
1415 1565 1535 1602 cum
1570 1548 1808 1604 Ecclesia
1849 1561 2033 1604 nostra
2069 1552 2374 1615 devenisse;
2409 1565 2628 1620 cumque
2659 1549 2768 1602 alta
2809 1565 2916 1618 pax
2944 1559 3101 1615 esset,
3131 1558 3239 1604 etc.
3266 1548 3436 1619 Igitur
3457 1549 3751 1604 dissidium
3785 1565 3852 1606 ac

591 1651 764 1707 prope
797 1638 1058 1701 schisma,
1079 1638 1225 1706 quod
1253 1637 1400 1690 haud
1435 1637 1604 1692 semel
1631 1638 1682 1691 in
1705 1639 1828 1691 aliis
1854 1639 2210 1707 epistolarum
2241 1637 2377 1692 locis
2404 1648 2759 1704 memoratur,
2788 1639 2929 1691 inter
2953 1638 3100 1705 ipsos
3123 1637 3326 1708 sa'pius
3351 1638 3584 1690 vertitur
3605 1635 3846 1704 Graecos,

591 1739 824 1793 quorum
860 1739 988 1793 pars
1020 1723 1235 1793 quartis
1266 1724 1493 1793 nuptiis,
1527 1739 1683 1793 teque
1713 1739 1778 1778 ac
1813 1724 2068 1792 Romani,
2103 1725 2340 1780 favebat.
2376 1728 2652 1782 lnterdutn
2709 1736 2890 1780 tamen
2925 1741 3048 1780 cum
3087 1725 3349 1780 llornanis
3374 1741 3594 1796 quoque
3623 1735 3852 1781 conten-

591 1813 758 1873 ditur,
793 1813 1098 1881 prmsertim
1129 1812 1184 1866 in
1219 1827 1370 1866 χχιιι
1397 1812 1590 1880 grandi
1621 1813 1876 1882 epistola,
1904 1812 1998 1884 qui
2027 1811 2190 1870 Leoni
2218 1813 2350 1886 imp.
2377 1815 2643 1871 adversus
2671 1831 2832 1870 suum
2864 1815 3228 1885 patriarcham
3258 1817 3555 1886 suppetias,
3585 1815 3856 1884 legatione

591 1898 781 1960 tnissa,
818 1899 1051 1952 tulerant
1079 1915 1094 1964 ;
1127 1900 1220 1954 sed
1247 1899 1314 1953 de
1349 1899 1434 1952 his
1471 1898 1634 1954 infra.

660 1985 726 2039 ll.
760 1985 842 2040 Ob
881 1987 1021 2040 hanc
1054 1987 1272 2041 brevem
1298 1986 1366 2041 de
1399 1984 1624 2042 Nicolao
1646 1987 2034 2044 absolvendum
2061 1990 2333 2055 notitiam,
2362 2007 2532 2046 unum
2564 1991 2700 2047 mihi
2721 1991 3130 2060 ,‘nominandum
3154 2000 3400 2059 superest
3435 1990 3852 2057 documentum,
3915 2009 3924 2016 ·

569 2075 800 2129 caeteris
827 2073 1143 2144 biographis
1170 2073 1477 2144 ignoratum
1507 2083 1796 2145 propterea
1828 2078 1976 2148 quod
2013 2078 2066 2132 in
2110 2094 2217 2134 ms.
2251 2080 2437 2134 codice
2471 2081 2604 2134 latet
2641 2079 2761 2136 Vat.
2792 2079 2978 2134 Ottob.
3007 2077 3239 2134 CXLVII
3274 2093 3326 2148 p.
3361 2079 3482 2134 152.
3521 2093 3677 2149 seqq.
3732 2080 3838 2134 hoc

591 2161 730 2215 itulo
764 2177 777 2214 :
825 2160 1076 2230 Ἑκφώνη
1089 2177 1172 2224 σις
1205 2161 1396 2214 Λέοντι
1423 2161 1503 2232 τῷ
1530 2162 1747 2216 εὐσεόεῖ
1773 2163 1989 2234 βασιλεῖ
2014 2165 2106 2217 ἐπὶ
2134 2169 2444 2240 χειροτονίᾳ
2471 2168 2744 2222 Νικολάου
2787 2169 2881 2221 τοῦ
2928 2167 3235 2234 ἁγιωτάτου
3275 2153 3619 2238 πατριάρχου
3639 2181 3654 2196 ο
3693 2166 3843 2238 ᾠκο-

591 2253 828 2323 νόμητοιι
855 2252 912 2306 δὲ
938 2251 1013 2314 ὡς
1045 2253 1589 2323 αὐτοσχεδιασθεῖπα.
1641 2253 1833 2310 Oratio
1869 2256 1940 2310 ad
1979 2256 2203 2312 Leonem
2232 2273 2241 2310 1

2200 2256 2538 2326 .religiosum
2578 2259 2950 2325 imperatorem
3002 2257 3054 2309 in
3105 2256 3440 2309 ordinatione
3477 2253 3694 2309 Nicolai
3721 2273 3850 2309 san-

590 2341 813 2395 ctissimi
846 2341 1189 2409 patriarchae.
1213 2341 1383 2396 Habet
1418 2354 1595 2397 autent
1627 2344 1852 2413 formam
1887 2345 2133 2401 dictionis
2165 2345 2559 2414 extemporalis.
2591 2343 2735 2398 Sane
2765 2359 2866 2400 nee
2893 2344 3112 2414 elegans
3131 2353 3214 2397 est
3241 2345 3353 2396 haec
3379 2331 3578 2409 oratio;
3605 2359 3702 2398 nec
3728 2360 3854 2415 gra-

586 2431 761 2484 xioris
795 2433 1082 2495 momenti,
1114 2445 1293 2500 neque
1317 2430 1481 2501 digna
1512 2431 1647 2484 mihi
1686 2432 1800 2488 visa
1834 2442 1940 2498 est,
1981 2449 2103 2503 qua:
2154 2434 2309 2488 fieret
2344 2449 2529 2488 comes
2559 2433 2887 2488 disertarum
2921 2443 3083 2502 atque
3116 2432 3443 2501 elegantium
3496 2429 3699 2490 Nico‘lai
3733 2431 3851 2499 epi-

575 2518 880 2572 stolarum.
907 2517 1306 2572 Collaudantur
1330 2519 1383 2571 in
1419 2533 1480 2571 ea
1513 2515 1625 2573 Lco
1653 2518 1785 2587 imp.
1816 2530 1870 2574 et
1893 2519 2175 2575 Nicolaus.
2203 2521 2377 2574 Aliter
2401 2531 2580 2575 tamen
2603 2521 2916 2590 judicabant
2942 2520 3008 2574 de
3035 2520 3155 2573 fidei
3183 2518 3520 2588 professione
3547 2535 3576 2572 a
3604 2516 3851 2582 Nicolao,

591 2608 723 2660 dum
761 2606 1132 2672 ordinaretur,
1171 2605 1388 2676 publice
1429 2605 1678 2667 recitata,
1712 2614 1766 2658 ct
1822 2609 2080 2676 praedicto
2120 2609 2361 2662 sermoni
2417 2613 2626 2663 adnexa
2652 2647 2667 2674 ,
2707 2624 2828 2678 qua:
2863 2609 3132 2676 religiosae
3169 2607 3410 2660 historiae
3459 2609 3629 2660 multo
3663 2607 3851 2660 utilior

575 2705 700 2754 est.
733 2705 847 2750 tum
890 2696 1019 2764 quia
1053 2693 1372 2764 Byzantium
1400 2692 1659 2748 Ecclesia:
1686 2695 1900 2763 praxim
1955 2696 2007 2748 in
2040 2710 2267 2752 suorum
2313 2697 2619 2751 antistitum
2677 2696 3098 2765 inauguratione
3145 2695 3516 2759 demonstrat,
3558 2703 3672 2748 tum
3723 2695 3850 2764 quia

589 2787 879 2856 perspicua
913 2783 1314 2853 praecipnorum
1363 2781 1681 2850 dOgmatum
1721 2782 1993 2850 expositio
2043 2796 2148 2839 est.
2199 2783 2395 2853 Utique
2427 2783 2814 2848 Leunclavius,
2841 2783 2885 2838 si
2937 2783 2986 2837 ei
3040 2791 3315 2850 comperta
3357 2781 3574 2847 fuisset,
3626 2781 3765 2835 hanc
3798 2784 3848 2835 in

575 2876 840 2930 Graecum
869 2873 960 2941 jus
991 2871 1386 2926 transtulisset.
1422 2870 1636 2924 Etenim
1665 2870 1752 2924 illa
1787 2886 1950 2940 quam
1984 2872 2145 2926 habet
2171 2886 2226 2942 p.
2252 2872 2322 2926 40
2353 2875 2567 2926 diversa
2599 2871 2825 2925 omnino
2853 2871 3181 2939 breviorque
3231 2879 3338 2923 est.
3366 2866 3629 2924 Vaticana
3656 2869 3853 2923 inscri-

591 2965 758 3028 bitur,
802 2958 1082 3030 Σύμϐολον
1113 2958 1352 3021 πίστεως
1380 2955 1628 3010 ἐπιδοθὲν
1659 2957 1752 3009 ἐπὶ
1781 2961 1847 3029 τῇ
1881 2959 1980 3029 τῆς
2026 2962 2241 3014 ὲπισκοπ

2203 2962 2333 3030 οπῆς
2362 2960 2628 3015 Νικολάου
2668 2960 3045 3030 προχειρήσει.
3096 2959 3223 3012 l’ost
3263 2956 3588 3028 prowmium
3617 2955 3684 3009 ad
3719 2973 3853 3026 prae-

591 3063 775 3107 sentes
834 3051 1122 3120 episcopos
1155 3089 1169 3115 ,
1205 3047 1494 3119 proﬁtetur
1529 3046 1785 3103 Nicolaus
1821 3049 1978 3102 fidem
2006 3064 2162 3104 suam
2195 3051 2261 3115 de
2289 3048 2554 3105 Trinitate
2601 3049 2733 3104 satis
2763 3049 3037 3104 subtiliter
3080 3058 3133 3101 et
3178 3047 3481 3111 enucleate,
3525 3045 3673 3100 nulla
3709 3045 3850 3100 facta

581 3140 870 3197 mentione
927 3140 995 3194 de
1045 3139 1420 3193 controversia
1471 3152 1595 3192 cum
1643 3135 1854 3193 Latinis
1897 3139 2042 3192 circa
2100 3138 2337 3207 Spiritus
2394 3137 2570 3191 sancti
2613 3137 3039 3206 processionent.
3088 3134 3308 3188 Transit
3365 3148 3490 3188 mox
3529 3134 3595 3187 ad
3635 3132 3849 3186 Domini

593 3229 1028 3286 incarnationem
1060 3242 1222 3297 quam
1255 3241 1409 3294 teque
1447 3237 1639 3280 contra
1670 3226 1852 3280 varios
1880 3241 2098 3282 errores
2127 3225 2420 3296 diligenter
2475 3225 2719 3294 expoait.
2779 3222 3070 3277 Postremo
3117 3232 3320 3292 septem
3359 3222 3848 3278 mcuinenicarum.

593 3335 732 3389 quas
763 3327 1034 3380 recenset,
1067 3315 1400 3386 synodorum
1434 3315 1848 3370 deﬁnitionibus
1888 3314 2168 3370 adhaerere
2198 3329 2257 3369 se
2286 3314 2594 3368 conlitetur.
2625 3312 2700 3366 De
2735 3321 2890 3366 sexta
2927 3311 3147 3380 quidem
3199 3311 3408 3381 synodo
3441 3310 3554 3364 lucc
3581 3312 3657 3364 ait
3685 3329 3700 3364 ι
3725 3311 3848 3362 Τῶν

598 3407 659 3461 τὸ
689 3405 1022 3460 ανούστατον
1044 3405 1140 3456 καὶ
1173 3405 1287 3465 τοῖς
1324 3402 1610 3455 εὐσεϐέων
1637 3401 1922 3472 ἁθέλητον,
1950 3402 2008 3454 ἓν
2052 3401 2147 3454 ἐπὶ
2175 3401 2270 3455 τοῦ
2299 3401 2666 3471 Θεανθρώπου
2699 3399 2933 3470 θέλημα,
2977 3400 3204 3471 Σεργξου
3246 3401 3339 3452 καὶ
3370 3399 3587 3472 Πύρρου
3613 3399 3708 3452 καὶ
3734 3398 3849 3452 Κύ-

595 3514 712 3566 ρου,
743 3497 903 3556 ὅσους
929 3511 988 3546 τε
1024 3493 1216 3556 ἄλλους
1243 3493 1303 3544 τὸ
1335 3493 1573 3563 πονηρὸν
1600 3490 2007 3561 συνεκρότησαν
2026 3491 2245 3561 ἑργαστπ

2193 3489 2395 3560 ςτήρρον
2418 3489 2800 3558 ἁθετησάντων
2818 3505 2832 3518 ·
2860 3489 3134 3544 Assentior
3158 3488 3412 3543 Patribus
3431 3529 3446 3553 ,
3475 3490 3564 3558 qui
3621 3488 3843 3541 stultum

590 3595 640 3637 et
674 3583 1086 3636 orthodoxorum
1115 3579 1378 3633 voluntati
1406 3594 1705 3648 repugnans
1735 3578 2043 3646 ﬁgmentum
2078 3578 2233 3630 unius
2265 3577 2314 3628 in
2346 3575 2451 3628 Deo
2489 3576 2780 3629 Itumanato
2811 3575 3096 3630 voluntatis
3127 3576 3487 3638 aboleverunt,
3515 3573 3720 3644 Sergii,
3758 3576 3844 3628 in-

590 3687 751 3743 quam
787 3681 836 3724 et
865 3668 1060 3739 Pyrrhi
1089 3684 1151 3721 ac
1182 3665 1335 3738 Cyri,
1371 3677 1430 3720 et.
1457 3666 1689 3719 aliorum
1721 3665 2028 3735 quarumvis
2059 3680 2281 3732 pravum
2319 3681 2575 3718 errorem.
2611 3664 3030 3720 Animadvertat
3051 3666 3142 3719 hic
3173 3665 3426 3735 quisquis
3465 3679 3572 3718 non
3610 3666 3846 3733 partium

591 3762 688 3818 sed
731 3759 976 3814 veritatis
1005 3757 1190 3812 studio
1219 3757 1463 3821 ducitur,
1493 3756 1634 3810 duos
1666 3753 1952 3807 Nicolaum
2003 3753 2324 3808 decessores
2365 3769 2496 3808 suos
2522 3753 2890 3822 patriarchas,
2923 3757 3144 3809 tertium
3188 3764 3370 3809 autem
3411 3751 3843 3807 Alexandrinum

590 3851 732 3905 inter
752 3852 1036 3904 damnatos
1064 3845 1352 3902 haereticos
1378 3843 1684 3908 nominare,
1716 3841 1941 3896 llonorii
1959 3857 2096 3895 vero
2115 3841 2348 3894 Romani
2373 3841 2572 3895 nullam
2599 3842 2933 3898 mentionem
2962 3841 3162 3906 facere,
3187 3842 3252 3896 de
3275 3857 3383 3911 quo
3408 3853 3587 3902 tamen
3616 3849 3844 3903 reticere

592 3954 700 3994 non
719 3945 930 4008 poterat
946 3935 992 3990 si
1016 3948 1206 4004 reapse
1225 3933 1277 3985 in
1293 3932 1431 3986 actis
1448 3930 1778 3985 authenticis
1793 3939 1958 3984 sextae
1977 3930 2169 3999 synodi
2191 3944 2388 3984 nomen
2409 3929 2528 3999 ejus
2548 3934 2809 4003 scriptum
2835 3930 2856 3984 f
2859 3931 3048 3987 uisset.
3073 3929 3221 3986 llanc
3243 3931 3468 3987 llonorii
3486 3935 3840 3991 omissionem

591 4043 626 4083 ιι
653 4025 884 4096 epistola
920 4035 1137 4091 quoque
1173 4019 1436 4090 synodica
1466 4019 1525 4072 S.
1559 4017 1632 4071 So
1647 4017 1869 4088 phronii
1907 4016 2056 4087 (quae
2080 4017 2217 4072 lecta
2250 4015 2353 4072 fuit
2381 4019 2433 4072 in
2470 4031 2626 4076 sexto
2652 4021 2910 4090 concilio)
2946 4035 3177 4091 prorsus
3202 4020 3344 4086 lieri,
3377 4023 3488 4092 jam
3511 4038 3611 4092 ego
3633 4024 3744 4078 dixi
3788 4026 3843 4078 in

573 4116 949 4174 adnotatione
979 4112 1048 4166 ad
1080 4109 1284 4166 Nicetae
1315 4108 1656 4163 Thesaurum
1700 4107 1891 4177 Spicil.
1929 4106 2041 4176 t.V,
2078 4124 2132 4178 p.
2175 4109 2301 4164 465.
2334 4109 2469 4166 Item
2510 4111 2566 4166 in
2602 4111 2789 4168 libello
2825 4111 3144 4168 Graecorum
3193 4114 3458 4182 synodico
3494 4113 3636 4168 haud
3679 4115 3846 4170 scribi

589 4223 715 4263 cum
752 4203 1027 4275 praedictis
1059 4197 1288 4253 Honorii
1317 4211 1538 4261 nomen,
1569 4197 1681 4250 dixi
1712 4197 1764 4250 in
1807 4198 1994 4251 adnot.
2026 4199 2091 4250 ad
2112 4197 2436 4253 Photianum
2469 4211 2756 4271 syntagma
2791 4214 3068 4254 canonum
3113 4201 3168 4254 in
3216 4199 3405 4270 Spicil.
3443 4209 3482 4254 t.
3515 4199 3629 4266 Vll,
3687 4217 3740 4272 p.
3787 4202 3844 4260 5.

589 4296 746 4364 Quod
781 4294 826 4348 si
857 4293 916 4347 S.
947 4290 1256 4344 Germanus
1284 4283 1361 4337 De
1393 4283 1522 4338 liter.
1563 4291 1611 4336 et
1643 4285 1760 4354 sy’n.
1798 4284 1938 4353 apud
1976 4299 2076 4339 nos
2109 4295 2256 4340 torno
2286 4287 2476 4342 eodem
2519 4296 2660 4357 part.
2699 4303 2739 4354 ι,
2773 4301 2828 4357 p.
2877 4286 2977 4354 52,
3019 4287 3321 4342 Honorium
3367 4303 3586 4360 quoque
3615 4291 3843 4346 collocat

587 4402 712 4443 cum
747 4378 1025 4437 damnatis
1054 4372 1440 4436 Monothelitis,
1470 4386 1650 4426 nonne
1683 4371 1765 4424 vel
1801 4372 1917 4440 ipse
1956 4371 2216 4444 deceptus
2255 4373 2378 4440 fuit,
2424 4376 2512 4432 vel
2551 4376 2799 4446 ejusdem
2837 4373 3072 4431 fortasse
3098 4376 3360 4445 scriptum
3407 4379 3790 4448 interpolatum
3821 4379 3846 4432 ?

587 4475 656 4528 Et
682 4471 900 4541 quidem
929 4462 1190 4520 Germani
1218 4459 1437 4517 libellus
1452 4461 1650 4531 privati
1680 4461 1870 4529 scripti
1905 4461 2008 4514 vim
2037 4461 2232 4528 habet;
2256 4474 2310 4517 at
2334 4463 2631 4533 Sophronii
2651 4464 2905 4534 epistola,
2930 4474 2984 4517 et
3007 4462 3216 4518 Nicolai
3247 4463 3542 4534 professio,
3567 4467 3842 4536 publicam

587 4559 850 4617 Ecclesiae
875 4555 1258 4610 auctoritatem
1292 4566 1405 4622 prae
1434 4565 1494 4605 se
1530 4549 1733 4604 ferunt.
1786 4547 1912 4604 llaec
1945 4550 2142 4621 scripsi
2169 4551 2313 4605 haud
2344 4550 2586 4606 fremens
2615 4567 2794 4621 neque
2843 4551 3186 4606 debacchatus
3238 4566 3337 4622 pro
3391 4550 3652 4608 Romana:
3696 4556 3844 4609 sedis

591 4656 816 4711 honore,
841 4648 981 4701 utde
1002 4641 1294 4714 pontificiis
1313 4639 1674 4710 scriptoribus
1690 4640 1767 4693 ait
1785 4639 2012 4695 Cavueus
2043 4640 2108 4692 ad
2130 4655 2180 4693 vr
2210 4640 2530 4702 concilium,
2555 4649 2647 4696 sed
2671 4639 2912 4710 paciﬁca:
2935 4640 3180 4694 veritatis
3205 4649 3262 4694 ut
3278 4655 3439 4710 spero
3459 4641 3664 4697 viribus
3681 4644 3844 4699 nixus

585 4750 640 4796 et
680 4737 862 4793 intimi
892 4748 1090 4790 sensus
1129 4728 1444 4787 testimonio
1473 4728 1851 4783 confirmatus.
1887 4726 1993 4782 Sed
2028 4727 2140 4796 jam
2173 4731 2240 4783 ad
2272 4728 2481 4783 Nic‘olai
2510 4730 2774 4798 epistolas
2801 4728 3169 4784 accedendum
3207 4738 3311 4784 est.

657 4827 745 4881 lll.
790 4824 899 4878 llas
923 4821 1232 4876 invenimus
1261 4827 1482 4873 centum
1506 4825 1560 4871 et
1576 4819 1861 4886 sexaginta
1882 4829 1990 4871 tres
2013 4817 2068 4870 in
2099 4817 2284 4873 codice
2304 4814 2589 4882 Vaticano,
2621 4833 2852 4886 quarum
2874 4819 2958 4887 (ut
2980 4818 3095 4871 suis
3124 4818 3262 4872 locis
3298 4818 3644 4889 adnotatnus)
3681 4837 3842 4876 unam

585 4917 774 4972 Graece
797 4924 853 4970 et
867 4911 1059 4966 Latine
1085 4922 1197 4962 non
1227 4907 1442 4976 plenam
1474 4903 1744 4959 Baronius
1775 4905 2022 4959 ediderat
2055 4903 2123 4956 ad
2153 4918 2244 4958 an.
2280 4901 2407 4966 9-l7,
2434 4903 2577 4970 apud
2608 4916 2708 4956 nos
2743 4916 2831 4970 ep.
2877 4901 2986 4967 28;
3031 4902 3166 4956 alias
3196 4918 3324 4957 vero
3354 4914 3594 4973 quatuor
3633 4916 3840 4960 tantum

588 5004 802 5062 Latine,
829 5009 885 5054 et
913 4998 1134 5067 quidem
1162 4994 1384 5048 mutilas
1413 5008 1514 5048 nec
1545 4994 1680 5048 satis
1720 4994 1859 5048 bene
1883 4993 1935 5046 in
1971 4991 2219 5046 Latinam
2253 4991 2492 5058 linguam
2546 5004 2843 5044 conversas
2891 4991 3035 5059 {quae
3075 4998 3206 5043 sunt
3247 4991 3388 5060 apud
3434 5006 3534 5047 nos
3574 5009 3698 5062 epp.
3735 4994 3841 5058 49,

589 5093 712 5155 102,
742 5090 864 5150 159,
901 5085 1048 5152 MS.)
1078 5082 1213 5136 Nam
1243 5081 1610 5135 Baronianum
1640 5081 2004 5151 fragmentum
2033 5081 2100 5132 ad
2126 5078 2324 5134 ducem
2355 5077 2750 5148 Longobardia:
2781 5079 3009 5134 dissidet
3040 5080 3249 5149 planea
3274 5089 3458 5136 nostra
3483 5083 3713 5150 epistola
3737 5084 3842 5148 82;

587 5195 758 5252 quare
787 5177 1005 5231 aliunde
1045 5178 1321 5241 sumptum
1351 5171 1585 5223 videtur.
1609 5169 1854 5236 Denique
1883 5168 2025 5236 apud
2053 5167 2306 5222 eumdem
2325 5167 2624 5220 Baronium
2645 5169 2712 5220 ad
2735 5183 2824 5221 an.
2845 5167 2950 5222 912
2967 5176 3022 5222 et
3041 5167 3169 5232 9l6,
3191 5168 3428 5236 indeque
3445 5170 3500 5221 in
3517 5169 3846 5224 collectione

586 5270 879 5325 Labbeana
915 5261 1288 5318 Coneiliorutn
1314 5268 1352 5314 t.
1389 5257 1479 5323 IX,
1510 5275 1564 5327 p.
1597 5255 1755 5310 l2li4.
1784 5271 1926 5324 seq.,
1958 5257 2080 5310 dum
2108 5256 2212 5308 illae
2237 5255 2512 5323 leguntur,
2545 5257 2670 5309 item
2707 5256 2903 5310 Latine
2930 5267 3164 5318 tantum,
3192 5257 3259 5310 ad
3288 5272 3504 5325 papam,
3554 5271 3675 5325 quae
3715 5269 3845 5312 sunt

585 5359 730 5429 apud
761 5371 862 5410 nos
882 5353 1068 5408 Graece
1100 5366 1224 5420 epp.
1250 5347 1320 5404 52
1349 5357 1404 5402 et
1447 5345 1536 5400 55.
1563 5343 1814 5398 Manebat
1844 5345 2028 5413 itaque
2051 5344 2252 5398 inedita
2273 5344 2390 5398 haec
2413 5341 2625 5398 Nicolai
2645 5346 3005 5414 epistolarum
3031 5345 3313 5409 collectio;
3334 5344 3605 5412 siquidem
3634 5353 3843 5412 septeni

587 5457 800 5511 antum,
835 5451 891 5498 et
915 5440 1137 5512 quidem
1180 5437 1409 5499 mutilas,
1443 5447 1552 5486 una
1588 5432 1841 5487 videlicet
1879 5429 2088 5498 Graece,
2127 5447 2222 5486 sex
2266 5430 2459 5487 Latine
2482 5473 2495 5495 ,
2528 5434 2706 5489 lucem
2754 5446 3100 5505 aspexerant.
3149 5431 3248 5486 His
3278 5432 3464 5498 dictis,
3499 5433 3750 5501 sequitur
3786 5445 3846 5488 ut

587 5535 846 5592 editionis
885 5541 1090 5587 nostrae
1116 5528 1388 5583 rationem
1419 5537 1780 5592 exponamus.
1819 5521 2078 5578 Decursis
2110 5523 2197 5576 his
2224 5523 2387 5576 celeri
2416 5522 2655 5577 lectione
2693 5522 2968 5592 epistolis,
2995 5522 3171 5574 visum
3211 5527 3295 5573 est
3325 5521 3482 5574 valde
3511 5520 3700 5574 utilem
3725 5519 3844 5577 fore

589 5625 852 5686 laborem,
884 5620 932 5676 si
960 5619 1027 5674 de
1056 5617 1366 5688 pluteorum
1397 5611 1631 5680 denique
1659 5609 1918 5666 claustris
1949 5611 2425 5679 protraherentur,
2454 5613 2757 5681 praesertim
2791 5611 2976 5664 addita
2998 5606 3453 5677 interpretatione
3479 5607 3696 5673 Latina,
3731 5625 3842 5663 non

586 5715 702 5766 sine
728 5707 948 5766 scholiis
964 5707 1156 5762 saltem
1177 5700 1476 5756 historicis.
1493 5697 1883 5755 Verumtamen
1901 5697 2195 5770 Spicilegio
2215 5715 2335 5756 meo
2353 5701 2466 5771 jam
2489 5700 2816 5769 praeﬁnitum
2841 5700 3136 5752 terminum
3155 5698 3478 5768 attingente,
3504 5714 3698 5769 meque
3722 5700 3845 5768 ipso

586 5801 736 5860 curis
760 5797 946 5852 multis
975 5795 1238 5856 distento,
1275 5789 1327 5843 id
1356 5789 1549 5843 saltem
1583 5802 1692 5842 non
1721 5786 1824 5843 fuit
1855 5789 2261 5858 uegligendum,
2299 5801 2355 5843 ut
2383 5790 2773 5843 minutioribus
2799 5787 3005 5843 Graecis
3033 5788 3178 5858 typis
3203 5797 3419 5842 cunctae
3451 5788 3702 5857 epistolae
3736 5787 3842 5841 im-

588 5891 996 5956 primerentur;
1031 5883 1271 5953 ipsarum
1305 5893 1434 5936 vero
1471 5879 1660 5934 notitia
1695 5878 1964 5949 prommlo
2001 5879 2206 5948 aliquo,
2237 5887 2295 5933 ut
2332 5893 2477 5934 nunc
2501 5877 2756 5944 facimus,
2793 5877 3088 5935 lectoribus
3129 5877 3504 5936 exhiberetur.
3535 5875 3648 5934 Etsi
3674 5877 3841 5940 igitur
