4178 6410
323 310 382 372 Π
1767 321 1983 382 ΡΒ.νῖ
1997 323 2190 384 ΧΤΙὈ.
3546 317 3624 383 18

318 438 492 502 prout
512 441 590 483 ea:
629 426 820 496 jaccnt
850 430 908 484 in
957 429 1170 498 codice,
1209 429 1282 486 ita
1320 431 1373 487 in
1427 439 1616 487 nostro
1649 431 1927 504 volumine
1960 433 2081 488 sine
2127 434 2235 488 ulla
2269 433 2480 490 ordinis
2519 435 2866 491 restitutione
2921 449 3209 505 apparent,
3259 447 3372 489 rem
3431 443 3614 488 tamen

318 528 526 576 attente
553 514 960 584 consideranti,
996 527 1204 590 septem
1236 518 1350 575 fere
1378 520 1584 576 classes
1611 520 1970 591 epistolarum
2009 522 2204 575 harum
2239 522 2516 578 videnlur.
2559 524 2610 577 1.
2642 524 2720 576 Ad
2763 523 3039 592 principes
3073 523 3404 578 Saracenos.
3437 521 3499 588 β.
3532 523 3612 576 Ad

327 607 598 680 Bulgaria:
629 605 942 676 principem
979 616 1036 662 et
1065 608 1560 679 archiepiswpum.
1592 609 1645 663 5.
1672 610 1751 663 Ad
1787 608 1949 663 Rom.
1983 610 2294 678 pontilicern
2327 621 2380 666 et
2411 611 2533 680 ejus
2563 610 2820 666 Ecclesiie
2853 610 3123 666 homines.
3150 612 3202 665 4.
3266 610 3346 664 Ad
3380 611 3616 680 impera-

320 700 504 754 torem
534 695 928 768 Byzantinum,
960 706 1016 751 et
1051 697 1118 750 ad
1162 697 1438 767 principes
1477 697 1774 763 Armeniae,
1835 697 2109 769 Abasgite,
2160 697 2554 770 Longobardiae
2584 708 2638 754 et
2672 698 3027 769 Amalpheos.
3081 699 3136 754 5.
3171 698 3251 754 Ad
3301 698 3612 768 episcopos.

321 789 376 844 6.
439 786 523 842 Ad
587 785 950 856 magistratus
1012 785 1224 841 civiles.
1261 785 1312 841 7.
1369 786 1449 842 Ad
1505 802 1665 842 sacra
1728 787 1906 842 ollicia
1971 787 2055 842 vel
2117 788 2452 854 monachos,
2511 798 2566 843 et
2597 777 2663 842 ad
2729 786 2976 858 privatos
3031 787 3288 843 homines
3342 787 3427 842 vel
3475 801 3615 843 ano-

324 891 543 949 nymos.

1743 993 1946 1048 Classis
1976 995 2176 1064 prima.

395 1096 488 1150 IV.
529 1097 662 1152 Duae
693 1107 824 1152 sunt
860 1097 928 1152 ad
959 1098 1277 1154 Cretensem
1319 1101 1574 1168 amiram,
1607 1103 1725 1158 sive
1775 1103 2100 1174 principem,
2131 1103 2398 1174 epistola.
2431 1103 2654 1157 Cretam
2689 1101 2926 1156 insulam
2971 1101 3085 1171 jam
3117 1099 3245 1155 inde
3274 1114 3304 1153 a
3335 1097 3616 1155 Michaelis

327 1186 481 1240 Balbi
511 1187 862 1256 temporibus
905 1203 1082 1258 usque
1138 1188 1204 1242 ad
1265 1187 1472 1244 Nicolai
1509 1191 1838 1260 patriarchae
1884 1201 1938 1246 et
1983 1190 2330 1248 Constantini
2384 1189 2838 1261 Porphyrogeuiti
2888 1197 3124 1251 aatatem,
3171 1187 3284 1242 imo
3342 1203 3516 1258 usque
3545 1187 3611 1242 ad

321 1275 699 1344 Nicephorum
734 1273 976 1329 Phocam
1025 1276 1128 1330 sub
1176 1275 1470 1332 Saracenis
1521 1279 1714 1333 amiris
1763 1277 1952 1345 fuisse,
2007 1289 2282 1335 testantur
2335 1279 2544 1350 passim
2579 1276 2850 1332 .historici
2908 1275 3217 1347 Byzantini,
3255 1276 3612 1331 nominatim-

317 1378 430 1431 que
457 1362 861 1418 Constantinus
893 1362 967 1417 De
991 1365 1190 1418 admiu.
1226 1365 1520 1436 imp.,cap.
1549 1366 1653 1433 22;
1682 1375 1737 1422 et
1760 1368 2057 1436 scriptores
2081 1365 2614 1437 postTheopbanem
2643 1365 2731 1419 ed.
2758 1363 2938 1418 Paris.
2964 1379 3018 1434 p.
3045 1363 3174 1417 185.
3201 1361 3442 1432 Cyprum
3469 1379 3610 1434 quo-

319 1469 430 1521 que
489 1451 733 1507 insulam
789 1452 1077 1522 antiquius
1125 1453 1339 1518 adhuc,
1404 1455 1454 1508 id
1503 1463 1588 1510 est
1627 1455 1890 1510 trecentis
1929 1455 2043 1510 fere
2091 1465 2217 1510 ante
2239 1470 2298 1510 se
2355 1455 2536 1518 annis,
2597 1452 3015 1523 stipendiariam
3066 1451 3269 1507 lactant
3320 1451 3614 1507 Saracenis

320 1541 402 1595 ait
431 1539 699 1597 Nicotaus
748 1555 803 1611 p.
838 1540 968 1596 165.
1006 1539 1221 1611 Reapse
1259 1542 1362 1597 sub
1412 1541 1666 1598 Heraclio
1717 1553 2042 1613 occupatam
2075 1559 2106 1598 a
2165 1542 2495 1608 Saracenis,
2549 1543 2749 1598 deinde
2787 1557 2819 1596 a
2852 1541 3056 1597 Basilio
3113 1543 3251 1612 imp.
3309 1549 3611 1610 receptam,

322 1644 571 1700 moxque
595 1629 796 1684 iterum
830 1629 933 1684 sub
959 1630 1226 1684 tributum
1285 1631 1690 1686 Saracenorum
1747 1632 2049 1697 redactam,
2083 1643 2269 1688 narrat
2315 1633 2714 1688 Constantinus
2753 1631 2809 1686 in
2850 1630 3233 1686 Thematibus.
3276 1628 3369 1687 Sic
3426 1639 3610 1686 tamen

327 1730 450 1774 tum
484 1719 760 1774 subditam
797 1719 1096 1775 Saracenis
1123 1718 1486 1777 Cretensibus
1516 1721 1592 1776 ait
1619 1721 1858 1791 Cyprum
1893 1720 2153 1777 Nicolaus
2195 1737 2251 1790 p.
2291 1719 2417 1786 166,
2449 1729 2510 1775 ut
2533 1734 2690 1790 aeque
2721 1718 3120 1790 propemodum
3143 1717 3335 1773 Graeco
3375 1717 3613 1788 imperio

331 1817 487 1862 esset
513 1808 764 1862 obnoxia.
800 1807 1041 1863 Causam
1079 1822 1211 1864 vero
1237 1809 1457 1881 Cypriae
1517 1811 1761 1866 recentis
1794 1810 2126 1867 calamitatis
2151 1811 2287 1865 dicit
2332 1809 2660 1864 Damianum
2697 1817 3029 1879 apostatam,
3071 1808 3166 1878 qui
3197 1823 3386 1864 revera
3431 1807 3612 1864 factus

342 1895 475 1965 Tyri
513 1896 699 1958 amira,
736 1911 802 1951 eo
845 1905 1096 1964 tempore
1123 1896 1280 1962 obiit,
1315 1907 1375 1952 ut
1412 1909 1602 1953 narrat
1628 1913 1754 1953 cum
1788 1897 2022 1977 Nicolao
2051 1899 2214 1954 etiam
2256 1898 2539 1955 Cedrenus
2571 1898 2659 1954 ed.
2710 1897 2887 1953 Paris.
2931 1907 2973 1954 t.
3017 1897 3084 1964 ll,
3118 1913 3172 1968 p.
3205 1897 3332 1953 612.
3357 1897 3478 1952 .lam
3515 1895 3611 1953 lli-

330 1983 494 2038 merii
518 1983 757 2053 praefecti
793 1984 1079 2050 maritimi,
1106 1985 1266 2054 cujus
1297 1984 1426 2041 item
1459 1986 1712 2041 meminit
1743 1984 2025 2056 Nicolaus,
2060 1988 2342 2044 victoriam
2375 1987 2622 2044 navalem
2653 1986 2718 2042 de
2747 1986 3041 2042 Saracenis
3067 1994 3340 2042 memorat
3364 1986 3612 2042 Zonaras

329 2074 429 2129 lib.
490 2073 727 2139 “1,14.
756 2072 1132 2144 Epistolarum
1173 2073 1388 2131 Nicolai
1431 2090 1632 2146 scopus
1661 2085 1762 2139 est,
1796 2086 1858 2132 ut
1897 2076 2216 2132 Cretensem
2262 2085 2456 2132 exoret
2497 2076 2727 2131 amiram
2778 2091 2846 2130 ne
2888 2075 2942 2129 in
2989 2073 3223 2147 Cyprios
3255 2074 3611 2130 immerentes

326 2164 554 2228 saeviat;
600 2173 764 2232 atque
798 2171 857 2216 ut
891 2163 1240 2232 captivorum
1293 2163 1627 2231 libertatem,
1669 2164 1715 2220 si
1744 2165 1862 2220 lieri
1890 2166 2086 2236 possit,
2141 2165 2606 2234 impetret;quos
2635 2165 2779 2218 inter
2802 2163 2880 2217 illi
2917 2163 3212 2233 prmcipue,
3248 2172 3306 2215 ut
3344 2177 3488 2225 reor,
3522 2163 3611 2216 in-

322 2251 676 2320 telliguntur,
713 2250 807 2320 qui
837 2252 910 2305 oh
955 2251 1294 2306 horrendum
1328 2250 1739 2310 Thessalonica:
1777 2254 2052 2310 excidium
2095 2254 2150 2308 in
2185 2260 2508 2324 potestatem
2553 2251 2961 2308 Saracenorum
2992 2265 3088 2321 per
3125 2251 3177 2304 id
3204 2259 3417 2320 tempus
3451 2264 3614 2304 vene-

324 2350 472 2400 rant.
529 2335 631 2393 uti'
653 2339 850 2407 legitur
884 2339 1026 2408 apud
1059 2353 1272 2395 coaevos
1300 2340 1602 2397 historicos
1642 2340 1908 2397 Joannem
1937 2341 2248 2405 Lectorem,
2273 2338 2542 2396 Joannem
2569 2337 2970 2400 Cameniatam,
2999 2347 3054 2393 et
3078 2336 3413 2392 Demetrium
3436 2337 3614 2406 Cydo-

321 2431 499 2484 nium.
540 2429 882 2484 Calamitatis
936 2429 1059 2498 ejus
1113 2430 1279 2484 etiam
1342 2431 1396 2484 in
1461 2446 1546 2502 ep.
1607 2432 1676 2486 75
1737 2432 1988 2488 meminit
2041 2429 2323 2486 Nicolaus.
2391 2427 2576 2485 Tertia
2627 2427 2838 2484 Nicolai
2887 2426 3122 2497 epistola
3191 2425 3388 2482 classis
3445 2424 3612 2494 hujus

320 2520 493 2588 (apud
541 2532 643 2572 nos
678 2533 767 2588 ep.
801 2516 926 2587 102)
963 2533 1227 2587 supremo
1259 2518 1663 2575 Saracenorum
1697 2521 1863 2576 calil’o
1893 2521 2180 2584 scribitur,
2208 2517 2302 2588 qui
2346 2517 2486 2572 falso
2521 2529 2746 2571 rumore
2789 2516 3001 2580 audito,
3025 2515 3172 2585 quod
3199 2514 3607 2570 Saracenorum

321 2607 634 2660 oratorium
685 2605 1162 2677 Constantinopoli
1217 2608 1412 2663 fuisset
1460 2610 1731 2675 dirutum,
1791 2610 2155 2680 nonnullique
2199 2623 2230 2662 e
2293 2607 2414 2662 suis
2463 2606 2530 2660 ad
2583 2604 2954 2660 lslamismum
3006 2603 3372 2658 deserendum
3406 2601 3608 2669 coacti,

321 2695 544 2763 injuria:
575 2695 910 2749 ulciscenda:
935 2696 1192 2764 cupidus,
1213 2695 1531 2751 Christiana
1558 2698 1758 2768 templa
1784 2698 1836 2751 in
1864 2699 2198 2754 Saracenico
2221 2694 2458 2766 imperio
2483 2691 2782 2763 propositis
2804 2691 3018 2756 edictis,
3046 2692 3320 2760 prosterni
3342 2691 3604 2760 jusserat;

318 2784 454 2833 dum
494 2779 796 2835 crudeliter
831 2780 1052 2836 interim
1095 2781 1442 2839 Christianos
1470 2786 1718 2854 captivos
1759 2784 2020 2839 Saraceni
2064 2789 2386 2848 tractarent,
2424 2783 2498 2835 ita
2529 2789 2588 2834 ut
2632 2787 2687 2834 et
2726 2787 2904 2833 morte
2935 2778 3245 2840 damnatos,
3286 2792 3394 2831 non
3429 2778 3610 2846 capite

319 2871 645 2940 plecterent,
676 2871 771 2924 sed
808 2885 961 2924 more
988 2869 1261 2940 pecudum
1285 2871 1607 2944 jugularent
1631 2871 1687 2944 (ο
1711 2874 1990 2943 tempora!
2016 2885 2248 2926 omores
2272 2868 2310 2940 Ξ)
2340 2868 2424 2923 vel
2447 2869 2594 2938 ligno
2611 2879 2916 2934 suspensos
2940 2864 3181 2934 lapidum
3208 2863 3606 2935 sagittarumve‘

313 2959 470 3028 jactu
495 2973 589 3028 per
611 2957 914 3013 ludibrium
934 2960 1285 3028 perimerent.
1315 2959 1490 3032 Negat
1517 2961 1684 3033 igitur
1699 2959 1956 3016 Nicolaus
1985 2958 2347 3015 etdelubrum
2377 2956 2543 3010 ullum
2564 2953 2990 3008 Mahumeticum
3022 2952 3166 3022 apud
3183 2951 3404 3007 Graecos
3430 2952 3606 3008 fuisse

317 3047 585 3109 deletum,
635 3057 691 3102 et
732 3047 903 3101 ullum
946 3047 1222 3103 hominem
1252 3050 1304 3104 vi
1339 3050 1542 3105 factum
1579 3049 1956 3104 Christianum
1992 3065 2006 3102 :
2039 3049 2430 3116 imperatorum
2461 3043 2698 3114 denique
2735 3041 3180 3096 Christianorum
3211 3040 3560 3096 clementiam
3589 3081 3605 3108 ,

317 3147 376 3191 et
409 3145 732 3206 perpetuam
766 3151 896 3206 erga
934 3135 1244 3193 Saracenos
1284 3137 1537 3208 captivos
1576 3139 2058 3195 mansuetudinem
2090 3134 2372 3207 praedicat.
2411 3131 2508 3189 His
2537 3141 2591 3188 et
2633 3131 2756 3188 aliis
2782 3130 2904 3202 ejus
2942 3130 3160 3202 generis
3187 3128 3350 3187 dictis
3393 3129 3614 3190 mollire

318 3225 466 3280 calili
508 3225 752 3278 animum
785 3225 998 3281 nititur.

1709 3343 1916 3398 Classis
1952 3343 2208 3398 secunda.

398 3447 463 3503 γ.
484 3449 806 3522 Sequuntur
839 3453 1064 3524 prolixae
1091 3451 1157 3508 ad
1187 3453 1498 3509 Simeonem
1512 3453 1814 3525 principem
1841 3455 2196 3524 Bulgarorum
2229 3451 2471 3522 epistolae
2495 3451 2684 3520 viginti
2719 3463 2840 3514 sex,
2860 3462 2983 3517 qua:
3005 3455 3087 3501 est
3118 3459 3247 3515 pars
3269 3441 3610 3499 collectionis

319 3539 494 3608 hujus
529 3541 789 3606 nobilior,
827 3541 881 3594 in
913 3558 1022 3611 qua
1057 3558 1252 3597 omnes
1285 3541 1543 3598 Nicolaus
1572 3541 1901 3597 Grmcanicaz
1917 3543 2270 3613 eloquentia,
2291 3556 2438 3596 curae
2468 3538 2786 3611 pastoralis,
2813 3535 3201 3593 ecclesiasticae
3230 3531 3622 3616 auctoritatis,

320 3626 425 3679 zeli
448 3628 662 3691 eximii,
693 3639 748 3683 et
777 3629 1069 3684 charitatis
1095 3630 1422 3685 Christianae
1445 3629 1592 3685 vires
1632 3629 1880 3684 cﬂ‘undit.
1910 3627 2136 3684 Simeon
2169 3627 2533 3699 Bulgarorum
2557 3627 2838 3698 princeps,
2873 3622 3126 3678 Michaeli
3153 3621 3294 3693 patri
3319 3617 3608 3681 successit,

317 3715 414 3784 qui
443 3726 574 3770 ante
601 3717 933 3785 baptismum
973 3717 1153 3773 fuerat
1184 3717 1434 3790 Bogaris,
1467 3729 1524 3774 et
1553 3719 1620 3774 ad
1653 3735 1816 3791 quem
1855 3717 2089 3773 Photius
2123 3717 2444 3788 praeclaram
2487 3715 2634 3769 illam
2674 3713 2901 3783 scripsit
2937 3709 3227 3780 epistolam
3253 3748 3270 3771 ,
3309 3707 3395 3762 vel
3425 3708 3610 3777 potius

316 3805 530 3875 regiam
561 3814 617 3858 et
669 3804 1046 3861 Christianam
1081 3807 1528 3872 institutionem,
1571 3823 1692 3878 qum
1739 3808 1792 3862 in
1849 3807 2006 3862 libris
2051 3814 2252 3860 exstat.
2306 3805 2587 3859 Simeonis
2636 3811 2844 3872 patrem
2881 3799 3024 3854 falso
3072 3797 3209 3852 dicit
3246 3795 3609 3850 Vladimirum

320 3893 572 3964 Cangius
613 3894 668 3948 in
717 3893 918 3951 Famil.
959 3895 1136 3952 Sclav.
1193 3895 1349 3950 Ture.
1397 3898 1484 3953 ed.
1537 3895 1715 3952 Paris.
1768 3911 1821 3967 p.
1882 3895 2009 3961 511,
2069 3895 2157 3950 cui
2196 3893 2430 3948 Maurini
2477 3893 2598 3961 (Art
2638 3891 2704 3945 de
2744 3887 2900 3958 vérif.
2942 3888 3014 3943 les
3058 3885 3232 3956 dates)
3277 3885 3596 3940 dubitanter

320 3989 740 4045 assentiuntur.
780 3989 937 4046 Nune
977 4004 1159 4048 autem
1221 3992 1500 4048 Simeonis
1554 4001 1765 4063 patrem
1814 3990 1990 4046 fuisse
2039 3988 2320 4059 Bogarim,
2372 3989 2422 4042 id
2455 3995 2539 4042 est
2592 3985 2916 4040 Michaelem
2963 3982 3229 4054 primum,
3269 3979 3503 4048 epistola
3537 3977 3611 4032 25

319 4077 538 4133 Nicolai
563 4079 818 4134 dubitare
855 4097 962 4135 non
995 4081 1150 4147 sinit,
1209 4082 1262 4136 in
1317 4098 1424 4152 qua
1472 4082 1697 4136 Simeon
1745 4081 1948 4136 dicitur
2000 4079 2278 4135 secundus
2320 4077 2683 4148 Bulgarorum
2719 4075 3070 4131 Christianus
3123 4073 3399 4142 princeps,
3441 4069 3612 4138 litque

321 4166 565 4236 insignis
589 4169 975 4238 prosopopoeia
1001 4171 1244 4240 parentis
1269 4171 1390 4240 ejus
1419 4171 1511 4241 qui
1543 4171 1880 4225 Christiana
1912 4169 2192 4238 religionis
2223 4167 2480 4222 laudator
2511 4167 2654 4238 apud
2693 4165 2955 4232 Bulgaros
2988 4163 3214 4219 dicitur.
3241 4161 3414 4216 Porro
3439 4159 3611 4213 notis-

322 4258 532 4310 simum
563 4267 649 4311 est
680 4256 932 4328 Bogarim
967 4275 1064 4316 seu
1097 4259 1442 4324 Michaelem,
1482 4262 1719 4329 primum
1754 4260 1899 4330 apud
1947 4259 2072 4314 illos
2107 4256 2411 4327 principem
2451 4257 2730 4327 baptismo
2763 4254 2936 4310 fuisse
2976 4252 3293 4308 lustratum.
3325 4247 3430 4314 Qui
3477 4262 3611 4316 ergo

320 4347 468 4415 apud
502 4345 772 4417 Cangium
807 4358 861 4403 et
886 4349 1165 4405 Maurinos
1196 4351 1620 4419 interponuntur
1651 4351 1794 4406 inter
1826 4349 2077 4420 Bogarim
2104 4355 2158 4400 et
2187 4344 2500 4400 Simeonem
2539 4344 2845 4415 principes;
2893 4341 3147 4396 videlicet
3189 4336 3518 4392 Praesiamus
3555 4346 3609 4391 ct

319 4435 560 4490 Michael
598 4435 848 4506 Vorizes,
882 4454 1077 4494 eorum
1120 4440 1268 4494 nulla
1307 4441 1518 4495 mentio
1571 4439 1628 4493 lit
1660 4441 1742 4494 vel
1778 4439 1921 4494 ratio
1951 4453 1981 4492 a
2015 4435 2246 4490 Nicolao
2279 4435 2551 4488 habetur:
2583 4435 2743 4504 cujus
2772 4431 2848 4486 rei
2873 4445 3122 4495 causam,
3160 4442 3284 4498 quae
3326 4425 3608 4496 multiplex

318 4541 447 4580 esse
485 4536 690 4594 potest,
724 4544 868 4584 nunc
897 4529 1179 4600 inquirere
1215 4530 1366 4594 nolo,
1421 4543 1490 4583 ne
1518 4543 1546 4582 a
1579 4543 1704 4584 meo
1734 4527 2019 4598 proposito
2049 4522 2266 4592 longius
2293 4521 2569 4576 aberrem.
2612 4519 2816 4575 Primis
2852 4519 3020 4588 igitur
3061 4514 3410 4572 Constantini
3456 4514 3612 4584 pueri

320 4631 448 4667 eum
489 4611 746 4670 Romano
791 4615 1076 4687 Lecapeno
1124 4617 1450 4687 imperantis
1501 4618 1688 4682 annis,
1740 4631 1864 4671 cum
1913 4613 2176 4669 Nicolaus
2218 4609 2530 4680 prmcipuus
2583 4609 2717 4681 regii
2751 4608 2902 4678 pueri
2937 4612 3084 4660 tutor
3122 4605 3386 4675 palatium
3433 4611 3486 4657 et
3521 4617 3610 4656 res

322 4705 581 4773 publicas
623 4721 874 4774 magnam
924 4716 1130 4774 partem
1163 4707 1601 4766 administraret,
1653 4706 1954 4760 secundum
2000 4703 2112 4772 jam
2158 4703 2360 4761 bellum
2411 4701 2633 4754 Simeon
2687 4697 2957 4767 Bulgarus
2995 4694 3259 4749 adversus
3316 4690 3611 4761 imperium

320 4795 572 4862 gerebat,
609 4803 802 4849 contra
833 4796 1014 4851 ltedus
1045 4797 1336 4866 paciticum
1359 4798 1468 4867 jam
1499 4798 1630 4852 olim
1649 4813 1773 4851 cum
1793 4796 1976 4850 Leone
1997 4793 2218 4858 initum,
2251 4791 2484 4862 rapinis,
2505 4788 2769 4848 caedibus.
2801 4783 3128 4851 sacrilegiis,
3159 4779 3396 4833 vastitati
3428 4779 3609 4830 indul-

327 4898 489 4950 gens,
522 4897 648 4952 quae
682 4883 823 4938 mala
856 4885 962 4940 late
992 4885 1256 4941 describit
1303 4886 1565 4958 lugetque
1612 4899 1965 4954 summopere
1994 4883 2327 4951 patriarcha,
2359 4891 2646 4949 propterea
2673 4875 2814 4945 quod
2845 4873 3063 4942 Bulgari
3094 4887 3122 4922 a
3153 4867 3358 4924 Grzeris
3393 4883 3499 4920 non
3534 4868 3607 4919 ita

319 4971 544 5040 pridem
579 4971 858 5042 baptismo
913 4985 1170 5046 suscepto
1209 4974 1387 5045 (epist.
1419 4977 1512 5038 25,
1557 4975 1649 5038 26,
1681 4975 1798 5042 28),
1834 4973 2169 5044 parricidiali
2221 4972 2382 5026 veluti
2418 4971 2559 5024 bello
2613 4973 2864 5037 parentes
2898 4977 3030 5017 suos
3076 4959 3315 5027 lideique
3353 4969 3610 5046 auctores

320 5063 825 5130 persequebantur,
864 5044 1327 5134 Christianosque
1362 5067 1586 5136 sanguis
1619 5065 1848 5118 invicem
1896 5063 2053 5118 fusus
2085 5059 2429 5115 daemonibus
2481 5057 2679 5110 invidis
2710 5053 2992 5107 litabatur.
3043 5049 3240 5103 Causa:
3279 5047 3404 5100 hem
3434 5044 3610 5136 latim

317 5149 675 5218 erant(epist.
709 5149 744 5202 9
779 5150 922 5213 init.,
947 5151 1036 5213 11,
1061 5150 1176 5219 12),
1196 5151 1290 5205 sed
1325 5134 1550 5206 ambitio
1573 5152 1851 5206 Simeonis
1881 5148 2308 5220 praecipua,qui,
2332 5146 2623 5216 pueritiam
2647 5139 2994 5197 Constantini
3027 5147 3410 5200 contemnens,
3433 5134 3606 5202 impe-

319 5238 471 5291 rium
535 5235 825 5292 allectabat
889 5239 1063 5306 (epist.
1123 5239 1212 5301 18,
1275 5239 1366 5307 20,
1423 5241 1514 5305 2t,
1561 5240 1652 5304 25,
1699 5240 1841 5308 27);
1887 5238 2133 5292 Bonnano
2197 5241 2417 5305 insuper
2483 5233 2771 5302 Lecapeno
2823 5230 3044 5284 Simeon
3102 5225 3463 5287 irascebatur,
3514 5224 3606 5291 qui

318 5327 391 5382 de
468 5334 654 5381 tutore
723 5326 1106 5393 imperatorem
1177 5342 1236 5382 se
1301 5328 1523 5384 fecerat.
1573 5329 1710 5384 Cum
1781 5311 1913 5396 erg-ro
1975 5327 2177 5381 mcenia
2250 5323 2362 5394 ipsa
2418 5316 2972 5388 Constantinopoleos
3023 5313 3385 5406 Bulgarorum
3455 5323 3604 5406 arma

320 5415 638 5487 Ριιίελῐεηῐ,
671 5413 950 5484 Nicolaus,
987 5426 1040 5470 et
1064 5417 1216 5488 regio
1247 5418 1452 5488 pupillo
1490 5427 1545 5472 et
1584 5419 1818 5488 imperio
1846 5425 2012 5487 atque
2042 5415 2299 5469 Ecclesiae
2337 5412 2666 5475 consulens,
2710 5407 2920 5463 nullum
2980 5420 3090 5461 non
3143 5403 3380 5474 lapidem
3412 5403 3604 5455 movit:

321 5499 641 5555 scribendis
709 5507 792 5555 tot
843 5500 1132 5570 epistolis,
1198 5502 1403 5570 quibus
1474 5515 1584 5556 non
1642 5503 1810 5557 semel
1879 5500 2101 5558 Simeon
2168 5503 2448 5572 respondit
2501 5501 2694 5569 (epist.
2755 5499 2810 5560 9,
2874 5495 2974 5558 10,
3036 5492 3127 5558 2|,
3181 5491 3275 5555 22,
3334 5488 3426 5550 25',
3473 5488 3604 5555 27),

322 5591 607 5646 mittendis
662 5605 807 5658 saepe
866 5590 1058 5660 legatis
1085 5632 1098 5655 ,
1137 5590 1430 5646 ollerendis
1493 5591 1718 5646 utilibus
1760 5593 2170 5648 conditionibus
2195 5635 2208 5654 ,
2265 5592 2427 5647 veluti
2455 5590 2657 5659 nuptiis
2707 5604 2827 5643 cum
2863 5585 3068 5641 familia
3097 5577 3308 5637 domini
3343 5578 3606 5645 Romani,

322 5680 580 5748 pecunia,
654 5679 826 5732 multa
872 5679 1104 5733 vestium
1165 5680 1255 5745 vi,
1317 5691 1470 5750 parte
1528 5682 1690 5734 etiam
1759 5680 1940 5750 aliqua
2010 5682 2290 5743 territorii,
2359 5695 2518 5749 pcena
2581 5675 2990 5734 ecclesiastica,
3039 5663 3606 5725 excommllnicalione

318 5770 594 5832 videlicet,
647 5783 757 5821 non
787 5768 960 5822 semel
991 5767 1190 5821 indicta
1222 5767 1410 5837 (epist.
1443 5768 1477 5821 9
1521 5769 1613 5836 fm.
1643 5767 1757 5836 22),
1799 5770 2056 5838 precibus
2109 5771 2366 5839 denique,
2426 5767 2719 5838 lacrymis,
2760 5765 3020 5831 omnique
3071 5769 3266 5827 genere
3315 5753 3605 5808 aﬂ'ccltllllll

323 5869 376 5916 tt
433 5869 896 5928 argumentorum
971 5866 1325 5928 exprompta,
1374 5859 1486 5929 ipse
1543 5869 1817 5930 postremo
1893 5859 2103 5931 legatus
2179 5860 2443 5917 accedens
2499 5856 2678 5927 (epist.
2714 5850 2950 5921 27,50),
3020 5858 3079 5904 ut
3149 5845 3424 5901 Simeonis
3483 5842 3601 5896 ani-
