4178 6414
391 247 464 313 21
1835 249 2263 316 ΡΒιΕΕᾹΤΙΟ.
3618 249 3697 313 22

396 377 585 432 tenet;
625 364 860 434 ideoque
904 363 1154 435 ipsarum
1203 379 1339 420 usus
1372 380 1402 418 ο
1455 364 1715 436 πορνείας
1748 364 1871 421 labe
1913 379 2022 421 non
2064 365 2269 422 diﬂ‘ert.
2301 367 2384 422 Ad
2422 364 2719 423 historiam
2778 377 2911 421 vero
2957 362 3261 434 duplicium
3308 362 3678 423 Valentiniani

396 459 536 529 imp.
592 454 937 525 nuptiarum,
988 467 1155 524 qua'n
1210 452 1471 508 Nicolaus
1546 454 1804 523 attingit,
1863 452 2115 512 Socratis
2157 457 2280 513 sine
2325 456 2497 513 dubio
2546 457 2643 511 lib.
2708 471 2783 518 tv,
2833 469 2953 525 cap.
3008 456 3074 510 51
3134 457 3452 513 narratione
3496 457 3695 526 fretus,

402 542 547 599 nihil
570 555 676 613 ego
703 539 886 597 dicam
924 550 1052 611 post
1096 540 1189 597 illa
1224 557 1348 610 qua:
1378 541 1805 612 prudentissime
1841 557 1995 597 more
2033 559 2138 601 suo
2181 544 2485 616 disputavit
2530 543 2918 600 Tillemontius
2961 544 3016 598 in
3057 543 3185 598 adu.
3221 542 3296 599 28
3335 544 3402 599 ad
3446 547 3691 615 praedicti

399 630 645 687 Casaris
681 638 859 699 gesta.
896 628 956 682 lu
987 629 1207 683 duabus
1237 628 1465 699 reliquis
1494 628 1587 703 (55
1608 639 1662 684 et
1689 628 1781 701 56)
1821 630 1887 685 ad
1924 628 2190 688 Joannem
2221 648 2417 704 papam
2449 632 2700 704 epistolis
2732 633 2983 689 eamdem
3025 633 3247 701 quidem
3288 648 3402 688 rem
3430 632 3691 690 Nicotaus

402 727 590 792 urget,
618 717 715 773 sed
742 714 1342 772 tamen'Ecelesiarum
1377 717 1731 774 concordiam
1769 725 1959 786 optare
1988 734 2048 775 se
2079 718 2215 775 dicit
2252 739 2266 776 :
2314 723 2464 792 quod
2517 723 2663 778 idem
2715 723 2791 778 ait
2830 723 2998 778 etiam
3054 724 3108 778 in
3153 736 3280 794 epp.
3328 722 3399 778 54
3425 731 3481 777 et
3509 723 3580 779 55
3624 726 3690 779 ad

406 810 696 864 Romanos
744 805 1001 861 homines
1045 805 1312 875 scriptis;
1345 815 1399 861 et
1432 821 1586 876 papa:
1619 822 1817 862 nomen
1850 807 1905 861 in
1937 807 2170 863 dissidio
2220 810 2523 876 revulsum,
2571 811 2955 881 reponendum
3006 809 3061 864 in
3111 809 3390 880 diptychis
3432 809 3641 877 judicat
3678 827 3691 861 :

406 910 721 967 rursusque
769 895 1063 966 praeteritae
1100 894 1457 965 indulgentire
1507 896 1788 962 connivet,
1836 896 1933 951 sed
1977 896 2325 968 disciplinam
2370 913 2526 953 suam
2558 898 2612 952 in
2667 905 2951 967 posterum
3000 896 3159 953 ﬁrme
3193 903 3401 952 tuetur.
3447 895 3693 966 Epistola

401 1002 635 1060 quoque
679 986 751 1040 ’Π
792 984 915 1040 sine
965 983 1132 1039 dubio
1173 983 1245 1038 ad
1282 998 1478 1055 papam
1515 984 1777 1041 scribitur
1819 983 1904 1038 vel
1951 983 2271 1057 Landoncm
2307 986 2390 1040 vel
2431 986 2617 1056 potius
2652 982 2923 1041 Joannem
2946 980 3017 1040 Χ.
3055 985 3119 1039 1η
3161 1000 3224 1038 ca
3259 984 3441 1056 agitur
3467 985 3536 1040 de
3561 999 3696 1056 pace

401 1092 531 1132 eum
562 1073 816 1130 Romana
850 1071 1124 1137 Ecclesia,
1172 1087 1338 1140 quam
1384 1070 1668 1134 Nicolaus,
1708 1081 1835 1144 post
1884 1086 2045 1129 suum
2089 1073 2159 1128 ab
2205 1074 2406 1129 exsilio
2435 1074 2697 1140 reditum,
2741 1083 2797 1129 et
2843 1073 2927 1130 sui
2964 1073 3099 1128 cleri
3129 1073 3375 1130 schisma
3417 1072 3692 1137 sedatum,

405 1178 645 1236 prorsus
672 1175 1015 1230 componere
1034 1166 1188 1230 optat
1220 1176 1233 1191 ·
1260 1171 1318 1215 at
1350 1161 1442 1225 sit,
1474 1161 1676 1230 inquit,
1708 1161 1865 1216 sicuti
1895 1177 1927 1215 α
1957 1162 2242 1232 principio,
2281 1164 2359 1217 ita
2404 1173 2453 1217 et
2498 1178 2639 1217 nunc
2675 1156 2825 1232 patria
2869 1161 3164 1227 vinculum,
3197 1171 3249 1215 et
3278 1163 3406 1216 nmio
3439 1161 3692 1218 Romam:

418 1250 676 1306 Ecclesia
701 1265 824 1318 cum
844 1248 1465 1318 Constantinopolitano.
1500 1248 1634 1302 lllud
1697 1249 1906 1303 utiliter
1943 1264 2165 1319 quoque
2190 1251 2245 1305 in
2282 1250 2458 1320 prima
2488 1251 2558 1307 ad
2602 1248 2769 1305 Rom.
2804 1249 3105 1307 Ecclesiam
3159 1250 3417 1320 epistola,
3454 1251 3682 1305 adnota-

405 1343 551 1397 hunt
607 1338 835 1398 eruditi.
867 1337 1015 1408 quod
1075 1352 1272 1407 nempe
1321 1338 1432 1392 ﬁlia
1494 1337 1697 1393 Leonis
1745 1340 1995 1403 quaedam
2053 1339 2267 1394 Franco
2320 1340 2556 1410 principi
2598 1341 2876 1411 desponsa
2939 1341 3156 1396 fuisset.
3218 1338 3299 1395 Re
3330 1340 3533 1411 quippe
3563 1355 3688 1395 vera

406 1428 516 1484 luit
547 1430 668 1482 haec
699 1425 928 1481 nomine
951 1427 1132 1490 Anna,
1160 1442 1325 1496 quam
1359 1424 1470 1480 Leo
1492 1441 1555 1479 ex
1581 1427 1819 1496 conjuge
1848 1426 2089 1482 secunda
2113 1436 2456 1498 susceperat,
2479 1443 2759 1498 quamque
2788 1428 3035 1483 adultam
3065 1425 3366 1483 declaravit
3389 1426 3689 1497 Augustam

407 1525 537 1587 post
569 1515 768 1571 matris
799 1514 1037 1581 obitum,
1084 1522 1145 1569 ut
1178 1514 1442 1584 palatinis
1482 1515 1756 1570 conviviis
1798 1524 2080 1585 praeesset,
2121 1521 2260 1569 teste
2291 1513 2476 1570 Leone
2505 1514 2881 1572 Grammatice
2913 1516 2968 1571 in
3001 1514 3205 1572 Leonis
3252 1514 3531 1585 Sapientis
3568 1512 3689 1569 Vita

405 1605 501 1659 ed.
530 1601 711 1659 Paris.
741 1616 799 1673 p.
832 1600 959 1655 l8l.

1832 1710 2031 1767 Classis
2062 1723 2278 1784 quarta.
2310 1698 2316 1706 ’

510 1827 624 1883 VII.
649 1826 832 1883 Prima
864 1826 1038 1897 hujus
1076 1827 1273 1883 classis
1307 1828 1539 1897 epistola
1580 1828 1762 1896 (nobis
1800 1827 1890 1897 86)
1924 1826 2183 1884 Ecclesia.-
2218 1843 2568 1884 mronomum
2614 1825 2969 1884 commendat
3004 1827 3347 1899 imperatori,
3377 1843 3538 1898 quem
3579 1826 3713 1882 flow

422 1932 644 1973 manum
669 1914 1023 1986 Impenqu
1056 1914 1327 1984 intelligo,
1362 1931 1485 1970 nam
1514 1914 1915 1971 Constantinus
1951 1932 2085 1985 puer
2110 1926 2247 1971 erat.
2293 1915 2350 1971 In
2376 1916 2483 1972 alia
2515 1916 2764 1971 Romano
2798 1915 3002 1972 Caesari
3034 1917 3199 1972 missa
3237 1916 3351 1990 (95)
3399 1925 3582 1971 monet
3621 1916 3688 1970 de

411 2002 666 2073 Bulgaria
699 2001 1073 2073 Lampsacum
1108 2016 1282 2071 usque
1309 2003 1596 2073 profectis.
1633 2003 1775 2058 Tum
1804 2004 2053 2075 quaedam
2082 2004 2328 2076 suggerit
2360 2004 2432 2060 de
2461 2005 2791 2071 scriniariis,
2834 2004 2903 2060 de
2941 2013 3085 2060 recta
3118 2002 3424 2060 ciliciorum
3464 2018 3688 2073 promo-

409 2093 588 2155 tione,
612 2097 671 2147 et
699 2089 767 2145 de
790 2090 1011 2160 iustitia
1038 2108 1052 2145 :
1084 2105 1195 2161 quo
1228 2091 1280 2145 in
1324 2091 1447 2146 loco
1475 2092 1605 2163 quid
1645 2093 1973 2148 vocabulum
2016 2092 2191 2163 ρὦαι
2233 2093 2509 2163 signiﬁcet
2546 2108 2654 2148 non
2686 2093 2909 2160 deﬁnio,
2937 2093 3030 2148 sed
3065 2108 3131 2147 ex
3165 2092 3429 2164 Lennepii
3465 2093 3685 2164 Etyma-

409 2178 597 2251 logico
623 2178 721 2235 Gr.
756 2178 1036 2249 conjicere
1061 2179 1186 2235 licet
1214 2179 1492 2249 supplices
1531 2179 1705 2236 fuisse
1734 2180 1948 2237 libellos
1980 2181 2065 2236 vel
2090 2182 2340 2253 ipsorum
2382 2190 2588 2236 taxam.
2632 2180 2814 2236 Tertia
2860 2180 3094 2251 epistola
3126 2180 3276 2251 (156)
3316 2180 3684 2236 consolatoria

412 2277 501 2324 est
527 2267 599 2322 ad
632 2267 885 2322 eumdem
921 2266 1230 2321 Romanum
1283 2267 1418 2338 imp.
1462 2268 1516 2322 in
1547 2267 1700 2323 obitu
1745 2269 1939 2325 uxoris
1978 2268 2240 2341 Augustae
2270 2268 2576 2326 Theodorus
2609 2285 2754 2325 anno
2783 2269 2909 2325 922.
2954 2268 3141 2325 Utitur
3168 2270 3439 2338 exemplis
3475 2268 3689 2323 ΑΕιηίιῆ

410 2354 571 2411 Pauli
602 2362 656 2409 et
694 2354 1036 2424 Anaxagorae
1076 2356 1173 2424 qui
1207 2354 1505 2411 orbitatem
1537 2355 1755 2412 fortiter
1788 2355 2151 2427 pertulerunt.
2189 2357 2439 2433 Pulchrae
2480 2364 2613 2413 sunt
2659 2358 2770 2414 tres
2806 2356 3052 2427 epistolae
3082 2356 3150 2410 ad
3182 2355 3478 2426 Georgium
3506 2355 3686 2412 Abas-

410 2445 631 2515 giuruin
661 2444 991 2513 principem,
1034 2459 1268 2514 quarum
1301 2444 1353 2498 in
1384 2446 1560 2515 prima
1584 2446 1840 2503 condolct
1875 2448 1925 2502 ei
1966 2447 2034 2501 de
2059 2445 2306 2517 parentis
2331 2446 2538 2517 egregii
2571 2446 2747 2502 obitu.
2786 2446 2842 2500 ln
2867 2445 3059 2501 eadem
3098 2445 3201 2500 hac
3236 2443 3471 2513 aliisque
3504 2444 3691 2499 laudat

411 2545 751 2604 magnopere
786 2530 1008 2601 Georgii
1047 2532 1298 2598 virtutes,
1334 2534 1649 2604 gratiasque
1711 2535 1825 2605 agit
1861 2534 1934 2590 ob
1967 2535 2273 2605 impensam
2305 2535 2608 2589 Alanorum
2645 2533 3007 2589 ﬁnitimorum
3047 2534 3396 2589 conversioni
3427 2542 3483 2587 et
3517 2534 3691 2603 lapti-

408 2622 577 2676 smati
609 2635 825 2686 curam,
854 2619 1019 2690 eique
1047 2619 1254 2676 Alaniae
1284 2621 1763 2692 archiepiscopum
1814 2624 2060 2691 impense
2084 2625 2452 2679 commendat.
2501 2622 2725 2689 Georgii
2756 2610 2937 2693 hujus
2973 2622 3228 2693 Abasgias
3255 2622 3545 2693 principis,
3587 2637 3695 2677 nee

413 2728 526 2767 non
562 2710 686 2781 ejus
723 2710 818 2765 ﬁlii
845 2708 1144 2771 Pancratii.
1182 2725 1270 2766 res
1299 2718 1483 2783 gestas
1525 2712 1741 2783 attingit
1783 2712 2064 2769 Cedreuus
2090 2713 2181 2770 ed.
2209 2712 2368 2767 Paris
2399 2722 2438 2767 t.
2469 2711 2534 2778 ll,
2578 2728 2631 2782 p.
2674 2711 2802 2775 7l8,
2846 2710 2970 2766 770.
3003 2711 3367 2781 Abaagiorum
3400 2711 3695 2769 historiam.

406 2810 469 2854 et
508 2796 929 2854 conversionem
964 2798 1033 2852 ad
1063 2797 1346 2854 Christum
1396 2799 1601 2855 videsis
1646 2801 1790 2870 apud
1841 2800 2112 2854 Zunnram
2158 2800 2254 2855 lib.
2287 2815 2378 2867 xv,
2424 2801 2443 2855 ι
2477 2815 2490 2851 :
2533 2799 2673 2870 apud
2715 2812 2878 2867 quem
2918 2797 3120 2852 deinde
3169 2797 3266 2852 lib.
3298 2812 3409 2859 xvr.
3456 2798 3683 2866 9-wseq..

408 2886 637 2958 Georgii
667 2886 854 2942 clades
886 2886 993 2942 sub
1036 2884 1242 2942 Basilio
1290 2887 1557 2953 secundo,
1601 2897 1657 2942 et
1718 2888 1989 2943 Pancratii
2042 2887 2138 2943 ﬁlii
2208 2889 2357 2943 vices
2411 2888 2580 2943 variae
2629 2896 2950 2942 narrantur.
3017 2885 3178 2941 Circa
3222 2886 3539 2956 epistolam.
3573 2885 3689 2956 (82)

410 2976 485 3030 ad
536 2974 923 3045 Laudulphum
978 2974 1095 3030 hac
1156 2974 1333 3031 habeo
1390 2989 1512 3046 qua:
1573 2975 1777 3030 dicam.
1835 2974 2019 3031 Primo
2084 2976 2306 3047 quidem
2386 2976 2785 3032 Constantinus
2846 2976 2900 3029 in
2959 2973 3324 3032 Thematibus
3393 2975 3683 3046 perspicue

412 3065 604 3125 docet.
647 3062 782 3134 quid
831 3072 946 3117 tum
997 3060 1395 3134 Lougobardiae
1435 3064 1661 3120 nomine
1709 3063 2099 3134 designaretur
2137 3105 2152 3130 ,
2210 3078 2408 3136 nempe
2480 3064 2765 3134 provincia
2829 3062 2974 3119 circa
3042 3061 3327 3133 Neapolim
3398 3062 3687 3117 ﬁnitimas-

410 3169 527 3222 que
587 3153 796 3215 urbes,
864 3166 1030 3221 quam
1109 3151 1532 3221 appellationem
1581 3167 1613 3208 a
1668 3152 2044 3223 Lougobardis
2096 3153 2338 3209 dominis
2383 3153 2579 3209 sortita
2621 3159 2761 3208 erat.
2831 3151 3062 3207 Constat
3121 3159 3385 3221 prtetcrea
3450 3149 3688 3206 Leonem

414 3241 740 3310 Sapientem
768 3241 943 3296 misso
972 3241 1221 3297 exercitu
1255 3240 1628 3296 Beneventum
1662 3242 2040 3312 occupavisse.
2088 3240 2446 3312 Laudulpbua
2484 3249 2670 3298 autem
2709 3238 3246 3310 Constantinopolim
3291 3254 3321 3293 a
3364 3247 3517 3308 patre
3557 3239 3689 3293 Ata-

412 3331 632 3401 nulpbo
658 3329 865 3386 missus
891 3329 1023 3385 olim
1062 3328 1255 3397 fuerat,
1293 3339 1350 3386 et
1378 3330 1577 3387 deinde
1615 3332 1790 3388 evasit
1816 3330 2110 3387 Beneventi
2141 3330 2424 3387 dominus.
2462 3318 2699 3401 Legatur
2745 3327 3033 3385 Viventius
3067 3328 3212 3384 Hist.
3255 3325 3430 3397 Neap.
3461 3327 3548 3382 ed.
3575 3341 3687 3382 sec.

412 3428 459 3475 t.
492 3418 537 3486 l,
562 3434 622 3489 p.
652 3417 746 3486 L9,
778 3432 883 3475 nec
914 3433 1027 3474 non
1066 3416 1404 3476 Muratorius
1438 3419 1638 3474 Annal.
1677 3419 1812 3475 Ital.
1858 3420 1927 3475 ad
1970 3433 2064 3475 an.
2095 3418 2197 3475 89l
2234 3427 2290 3473 et
2313 3417 2455 3486 909;
2495 3417 2733 3488 denique
2767 3419 2863 3473 Art
2895 3417 2961 3472 de
2990 3416 3147 3487 vérif.
3177 3416 3251 3472 lea
3275 3415 3426 3471 dates
3453 3415 3505 3469 in
3535 3414 3687 3484 prin-

412 3507 639 3579 cipibus
664 3505 1204 3563 Beneventi.‘Docet
1247 3517 1434 3563 autem
1475 3523 1579 3565 nos
1618 3508 1829 3565 Nicolai
1874 3509 2107 3580 epistola
2146 3506 2506 3563 Ursoleonem
2554 3506 2849 3579 patricium
2881 3506 3177 3577 quemdam
3215 3505 3270 3560 in
3306 3503 3689 3575 Longobardia

416 3608 523 3666 pro
551 3594 885 3665 imperatore
922 3595 1213 3665 praesidem
1242 3612 1272 3650 a
1307 3595 1639 3668 Landulpho
1683 3599 1860 3654 luisse
1905 3598 2280 3665 interfectum,
2331 3600 2535 3655 castris
2582 3599 2704 3670 ejus
2746 3595 3073 3667 occupatis;
3105 3611 3214 3666 qua
3245 3593 3314 3650 de
3350 3610 3408 3650 re
3449 3592 3691 3664 loquitur

413 3683 589 3738 etiam
636 3682 693 3737 in
724 3682 958 3753 epistola
1004 3682 1073 3738 ad
1103 3686 1423 3755 episcopum
1466 3684 1872 3758 Hydrmitinum
1897 3703 1914 3751 ;
1955 3686 2069 3742 imo
2092 3687 2224 3742 illuc
2257 3687 2486 3757 respicit
2517 3687 2683 3741 etiam
2712 3686 2948 3755 epistola
2979 3686 3046 3741 ad
3076 3684 3376 3741 Cerdonem
3407 3694 3690 3754 protospa-

414 3771 680 3826 therium.
709 3769 968 3827 Nicolaus
998 3788 1150 3841 vero,
1178 3773 1284 3830 etsi
1314 3789 1426 3828 rem
1453 3785 1663 3845 gestam
1690 3775 1846 3830 valde
1875 3776 2173 3847 improbat,
2205 3776 2378 3832 veniae
2407 3785 2589 3832 tamen
2615 3775 2941 3846 Landulpbo
2973 3790 3127 3846 spem
3160 3775 3360 3845 injicit,
3382 3774 3504 3828 imo
3527 3773 3690 3828 etiam

414 3869 703 3923 obtinendi
750 3867 1145 3939 Longobardia:
1186 3869 1593 3938 praefecturam,
1647 3872 1810 3928 modo
1854 3870 2034 3927 ﬁdelis
2075 3869 2395 3940 imperatori
2437 3870 2528 3926 sit.
2569 3867 2816 3937 Epistola
2861 3883 3087 3938 quoque
3127 3867 3244 3938 (85)
3276 3869 3349 3924 ad
3383 3868 3592 3924 clerum
3638 3880 3696 3925 et

409 3957 713 4029 optimates
737 3955 1134 4026 Langobardia:
1162 3957 1219 4013 in
1250 3956 1445 4013 eodem
1471 3958 1693 4028 negoﬁo
1716 3964 1966 4013 versatur
1990 3973 2004 4010 :
2048 3957 2275 4014 dederat
2312 3957 2460 4013 enim
2498 3971 2722 4028 operam
2770 3955 3131 4026 Landulphus
3160 3963 3222 4011 ut
3250 3970 3475 4013 causam
3518 3957 3694 4027 ipsius

418 4051 613 4115 ageret
644 4045 826 4101 clerus
858 4046 1002 4113 apud
1039 4047 1224 4103 aulam
1264 4046 1649 4119 Byzantinam,
1684 4057 1740 4103 et
1782 4062 1843 4103 se
1888 4046 2177 4117 praesidem
2217 4046 2459 4123 regionis
2510 4044 2838 4117 postularet.
2893 4043 3140 4117 Denique
3170 4045 3239 4101 ad
3266 4045 3555 4116 epistolam
3589 4046 3695 4102 “5

409 4133 563 4203 quod
593 4133 811 4197 attinet,
844 4134 1056 4192 scimus
1088 4135 1538 4206 Amalphitanam
1583 4138 1866 4192 civitatem
1897 4135 2234 4206 temporibus
2277 4135 2388 4192 illis
2429 4142 2616 4190 extera
2657 4134 3040 4190 dominatione
3086 4135 3346 4201 liberam,
3388 4150 3486 4205 per
3525 4136 3693 4191 duces

410 4236 551 4277 suos
574 4222 693 4293 regi
742 4222 988 4290 solitam,
1016 4232 1074 4279 et
1112 4222 1320 4281 Graecis
1351 4240 1579 4295 quoque
1615 4234 1810 4281 contra
1850 4224 2071 4280 Italicos
2109 4222 2419 4278 Saracenos
2445 4237 2603 4292 opem
2644 4221 2859 4278 tulisse.
2901 4222 3063 4279 Nunc
3091 4221 3354 4278 Nicolaus
3380 4239 3480 4292 pro
3517 4223 3691 4294 capti-

386 4312 505 4366 .vis
535 4310 865 4368 Christianis
909 4327 1017 4383 ope
1059 4313 1220 4371 ducis
1251 4313 1625 4384 Amalphitani
1667 4330 1728 4369 ex
1786 4314 2153 4368 Barbarorum
2196 4310 2462 4367 servitute
2506 4308 2855 4366 vindicandis
2897 4309 3135 4371 laborat,
3181 4310 3254 4366 ob
3295 4325 3529 4380 eamque
3582 4325 3692 4365 rem

410 4398 709 4469 pecuniam
745 4415 967 4470 quoque
1001 4402 1300 4458 submittit.
1332 4404 1779 4475 Amalphitannm
1813 4404 2010 4458 ducem
2036 4399 2301 4457 Nicolaus
2326 4399 2630 4470 spiritalem
2666 4400 2840 4455 ﬁlium
2877 4413 3041 4455 suum
3074 4399 3231 4456 dicit.

492 4486 630 4542 Vill.
659 4487 870 4546 Nicolai
918 4492 987 4548 ad
1016 4507 1335 4563 supremum
1373 4494 1761 4548 Armeniorum
1795 4491 2100 4563 principem
2126 4490 2358 4560 epistola
2378 4488 2527 4561 (159)
2563 4487 2827 4559 peculiari
2854 4488 3230 4545 declaratione
3259 4487 3332 4543 ob
3362 4486 3696 4543 ecclesiasti-

409 4593 539 4634 cam
563 4580 685 4650 ejus
714 4582 895 4651 gentis
935 4582 1227 4639 historiam
1267 4583 1433 4656 digna
1484 4584 1725 4638 videtur.
1766 4581 1841 4636 Ea
1882 4580 2149 4637 scribitur
2181 4577 2249 4633 ad
2300 4575 2622 4632 Sembatum
2659 4574 2837 4633 Asutii
2874 4575 3045 4631 ﬁlium
3081 4574 3500 4648 Bagratunium,
3534 4590 3696 4645 quem

410 4682 544 4724 cum
577 4669 737 4725 titulo
773 4673 1032 4742 principia
1071 4674 1376 4743 principum
1429 4672 1784 4743 imperitasse
1832 4668 2111 4724 Armenia;
2156 4668 2301 4722 inter
2347 4666 2536 4720 sa'culi
2584 4666 2715 4720 noni
2768 4665 2932 4720 ﬁnem
2968 4680 3035 4720 ac
3069 4664 3269 4721 decimi
3305 4664 3524 4720 initium
3569 4664 3701 4718 dicit

411 4757 646 4813 Samuel
684 4757 945 4816 Arniensis
990 4761 1048 4816 in
1090 4760 1372 4818 Chronico
1405 4778 1518 4816 non
1551 4760 1802 4831 ignobili,
1840 4757 1988 4829 quod
2020 4770 2120 4811 nos
2151 4755 2458 4823 interprete
2494 4770 2548 4819 ν,
2579 4754 2649 4810 cl.
2682 4752 2896 4809 Joanne
2940 4751 3198 4809 Zohrabo
3230 4751 3521 4809 Mediolani
3553 4767 3702 4807 anno

417 4846 564 4902 1818
594 4849 982 4906 subtexuimus
1006 4850 1291 4907 famosiori
1320 4851 1398 4906 illi
1432 4850 1654 4906 Eusebii
1684 4846 2044 4904 Csesariensis
2086 4843 2389 4907 Chronico,
2428 4843 2574 4913 quod
2620 4842 2822 4898 ibidem
2855 4855 3012 4911 aeque
3043 4841 3316 4899 edidimus
3346 4856 3413 4897 ex
3454 4841 3701 4911 genuino

411 4943 475 4992 et
501 4938 819 4994 authentico
850 4940 1109 4996 Haicana:
1141 4941 1341 5010 lingua:
1372 4940 1587 5002 codice,
1618 4954 1783 5008 quem
1822 4938 1940 5006 ipse
1965 4935 2223 4990 laudatus
2248 4931 2540 4987 Zohrabus
2575 4929 3055 5000 Constantinopoli
3091 4928 3349 4987 Venetias
3375 4928 3704 5000 deportave—

409 5033 524 5089 rat,
558 5028 800 5098 atquein
833 5044 998 5085 suum
1029 5030 1315 5099 exemplar
1344 5029 1490 5085 ﬁdeli
1526 5043 1757 5102 prorsus
1784 5024 2085 5083 collatione
2117 5019 2521 5076 transfuderat.
2557 5018 2820 5088 Epistula:
2854 5018 3051 5089 triplex
3085 5017 3253 5075 veluti
3303 5017 3529 5088 partitio
3569 5026 3695 5075 est:

409 5115 624 5171 etenim
652 5115 713 5171 in
742 5117 920 5188 prima
951 5118 1217 5189 praedicat
1253 5116 1516 5175 Nicolaus
1562 5118 1700 5174 recti
1749 5114 2024 5187 dogmatis
2064 5106 2399 5183 (εὐσεϐείας)
2432 5105 2845 5174 necessitatem,
2883 5122 2917 5163 a
2947 5122 3056 5178 quo
3091 5107 3350 5163 nonnulli
3386 5107 3703 5179 (Armenios

413 5202 698 5276 intelligit)
724 5222 853 5263 cum
878 5208 1150 5278 majorum
1193 5224 1426 5265 suorum
1460 5209 1622 5280 culpa
1657 5207 2048 5268 descivissent,
2082 5198 2365 5255 mordicus
2394 5209 2580 5253 tamen
2615 5196 2779 5254 avita:
2808 5197 3092 5254 traditioni
3121 5198 3511 5255 adhazrebant:
3533 5213 3699 5269 quam

412 5309 533 5348 rem
559 5294 795 5351 alienam
817 5311 948 5353 esse
979 5298 1129 5352 omni
1156 5297 1339 5354 oﬁicio
1370 5306 1426 5353 et
1457 5297 1772 5368 prudentia,
1797 5294 1998 5350 merito
2036 5288 2191 5346 dicit.
2219 5287 2279 5344 ln
2306 5288 2478 5343 altera
2506 5286 2753 5343 sectione
2781 5286 3030 5356 epistola:
3056 5297 3264 5353 narrat,
3282 5295 3503 5343 mortuo
3526 5300 3701 5355 nuper

413 5384 565 5452 apud
592 5383 888 5443 Armenios
932 5386 1266 5456 patriarcha,
1316 5389 1432 5443 sive
1464 5394 1525 5440 ut
1561 5386 1725 5456 vulgo
1753 5383 1914 5440 aiunt
1949 5378 2224 5437 catholico
2268 5377 2385 5449 (qui
2431 5375 2613 5431 fuerat
2647 5374 2970 5448 Mastosius)
3019 5376 3324 5449 principem
3376 5373 3700 5429 Armenium

414 5488 515 5543 per
551 5488 685 5530 suos
713 5476 1089 5548 apocrisarios
1111 5475 1462 5548 signiﬁcasse
1495 5475 1703 5531 Caesari
1744 5472 2051 5545 Byzantino
2093 5469 2211 5541 (qui
2245 5476 2366 5523 erat
2405 5465 2514 5522 Leo
2544 5465 2943 5538 Philosophus)
2978 5480 3084 5522 nec
3122 5480 3229 5522 non
3271 5466 3478 5520 Graecae
3514 5462 3704 5548 Eccle-

407 5564 530 5630 siae,
560 5546 808 5637 cogitare
851 5580 915 5621 se
953 5564 1025 5621 de
1062 5546 1334 5621 mittendo
1386 5562 1932 5634 Constantinopolim
1988 5561 2084 5615 illo
2135 5558 2379 5623 homine,
2426 5570 2592 5627 quem
2642 5570 2843 5610 novum
2885 5555 3263 5627 patriarcbam
3307 5546 3701 5622 designa’turus

406 5663 548 5720 erat,
583 5661 643 5710 ut
678 5655 755 5713 ibi
784 5655 1271 5712 consecrationem
1316 5653 1614 5724 reciperet,
1657 5661 1713 5707 et
1760 5668 1888 5707 cum
1934 5650 2131 5707 Grrcco
2173 5649 2323 5704 clero
2363 5646 2615 5721 religiosa
2665 5645 2898 5702 consilia
2944 5645 3220 5700 misceret.
3249 5639 3405 5697 lianc
3436 5639 3703 5711 principis

406 5744 747 5804 voluntatem
784 5758 1127 5818 magnopere
1151 5743 1367 5815 probat,
1401 5753 1567 5815 atque
1615 5748 1672 5798 ut
1714 5741 1836 5800 sine
1881 5755 2034 5797 mora
2077 5739 2134 5796 in
2177 5755 2294 5796 rem
2328 5737 2671 5804 conferatur,
2704 5735 2967 5792 Nicolaus
3006 5735 3303 5789 hortatur:
3337 5731 3501 5789 idque
3536 5726 3705 5785 saluti
