4178 6452
503 237 579 298 23
1939 232 2359 294 PR/EFATIO.
3716 233 3791 299 9.4

507 341 885 399 necessarium
915 342 1012 408 ait,
1063 350 1360 412 propterea
1400 345 1547 414 quod
1575 344 1821 402 Armenii
1847 355 2076 401 eatenus
2117 344 2186 398 ab
2220 342 2541 398 orthodoxae
2581 343 2846 397 doctrina
2891 343 3112 398 tramite
3141 341 3554 399 aherraverant.
3584 344 3706 411 Quo
3737 348 3792 402 in

503 432 624 486 loco
651 429 830 485 Photii
858 445 1082 501 quoque
1111 429 1429 488 decessoris
1457 435 1543 490 sui
1569 434 1898 504 legationem
1933 444 2098 504 atque
2127 434 2418 500 epistolam
2470 432 2536 486 ad
2590 429 2909 485 Zachariam
2982 431 3370 485 Armeniorum
3414 432 3784 502 patriarcham

503 527 775 574 memorat
821 534 923 588 pro
962 518 1257 574 concordia
1304 529 1469 591 atque
1499 522 1565 576 ad
1602 524 1988 579 orthodoxiam
2017 523 2239 577 reditu:
2273 521 2374 574 etsi
2423 521 2474 574 id
2539 530 2817 576 tentamen
2879 519 2950 574 ob
3011 528 3322 588 temporum
3386 519 3792 577 vicissitudines

503 621 726 664 cassum
757 609 1000 663 evasisse
1023 609 1122 663 ait.
1169 607 1227 663 In
1264 619 1543 678 postrema
1572 613 1791 668 demum
1827 621 1983 683 parte
2013 627 2129 666 rem
2160 609 2474 681 pradictam
2504 601 2729 679 perora't
2753 609 3033 674 Nicolaus,
3066 609 3222 663 valde
3256 619 3455 679 optans
3494 619 3551 666 et
3586 627 3793 682 urgens

501 705 563 751 ιιι
595 696 877 766 eligendus
908 697 1109 767 prasul
1133 697 1347 753 sincera
1381 698 1640 756 Ecclesia
1669 702 1922 757 doctrina
1953 685 2430 768 Constantinopoli
2457 700 2758 765 imbuatur,
2795 715 2903 770 quo
2935 701 2986 755 in
3017 700 3250 769 patriam
3286 715 3542 757 reversus
3593 705 3789 758 Arme-

505 786 725 839 niacum
749 784 1015 854 populum
1050 787 1192 841 haud
1224 787 1490 857 religione
1526 785 1707 846 minus
1735 806 1900 860 quant
1959 790 2107 845 civili
2162 805 2294 859 pace
2339 789 2543 845 Gracis
2609 790 2892 861 adjungat.
2947 788 3222 844 Hactenus
3272 788 3481 846 Nicolai
3533 793 3790 861 epistola.

501 871 898 928 Verumtamen
927 888 1017 928 res
1044 875 1218 929 multo
1246 876 1409 931 aliter
1444 879 1647 933 accidit
1680 896 1693 932 :
1728 879 2042 948 patriarcha
2071 877 2215 932 enim
2249 878 2355 934 hoc
2387 887 2627 948 tempore
2689 879 2919 941 electus,
2950 877 3194 934 Joannes
3220 887 3410 934 sextus
3440 878 3566 946 fuit,
3585 895 3788 951 cogno-

500 971 690 1017 mento
732 961 1064 1030 Historicus,
1109 964 1204 1034 qui
1243 965 1428 1020 sedem
1459 965 1609 1020 illam
1639 967 1776 1022 adiit
1804 983 1950 1022 anno
1969 967 2094 1022 897.
2124 967 2173 1020 ls
2203 975 2384 1020 autem
2415 966 2551 1020 adeo
2575 967 2642 1020 ad
2665 965 3016 1022 concordiam
3051 965 3369 1036 dogmatum
3396 982 3505 1021 non
3534 968 3789 1033 accessit,

499 1061 560 1104 ιιι
610 1065 670 1106 se
724 1052 834 1106 into
883 1050 1353 1108 Chalcedonensis
1403 1055 1594 1124 synodi
1641 1055 1853 1112 hostem
1886 1056 1939 1109 in
1970 1054 2206 1110 Historia
2234 1069 2331 1110 sua
2365 1053 2543 1124 palam
2582 1053 2942 1124 profiteatur:
2993 1063 3048 1108 et
3088 1069 3234 1123 sape
3281 1054 3504 1122 quidem
3559 1070 3592 1109 a
3643 1055 3790 1110 Con-

499 1139 744 1195 stantino
793 1139 951 1209 imp.,
992 1154 1089 1208 per
1137 1139 1513 1197 Theodosium
1583 1143 1843 1214 legatum,
1893 1141 2430 1212 Constantinopolim
2504 1141 2674 1197 fuisse
2749 1142 3039 1197 invitatum
3103 1144 3536 1212 ait,nunquam
3609 1154 3788 1198 tamen

500 1227 630 1282 illuc
662 1227 990 1297 profectum,
1031 1243 1100 1284 ne
1125 1228 1279 1299 pacis
1312 1229 1460 1285 inita
1493 1232 1580 1286 vel
1631 1232 1882 1287 ineunda
1920 1247 2045 1287 cum
2075 1230 2545 1288 Chalcedonensis
2577 1231 2768 1303 synodi
2819 1231 3047 1287 asseclis
3093 1231 3464 1312 schismatica
3495 1233 3640 1302 genti
3672 1248 3788 1289 suae

501 1315 872 1386 suspicionem
900 1316 1187 1387 praberet.

1929 1435 2131 1492 Classis
2165 1437 2372 1507 quium.

577 1545 666 1602 IX.
708 1546 1106 1619 Episcoporum
1173 1551 1342 1605 totius
1398 1550 1550 1608 orbis
1585 1549 1884 1606 Christiani
1929 1551 2148 1622 plenam
2194 1553 2444 1606 notitiam
2476 1552 2827 1624 quandonam
2859 1551 3145 1608 collectam
3180 1552 3546 1609 habebimus?
3584 1551 3781 1608 Orienc

506 1636 698 1692 talium
742 1638 964 1707 quidem
1012 1638 1238 1693 nomina
1269 1655 1565 1710 aggressus
1598 1647 1683 1694 est
1713 1654 2042 1694 enumerare
2069 1639 2373 1711 Lequinius
2419 1643 2470 1695 iu
2527 1640 2746 1696 Oriente
2787 1640 3132 1706 Christiano;
3177 1649 3572 1707 verumtamen,
3617 1641 3783 1695 unius

507 1724 750 1780 hominis
778 1726 926 1780 vires
964 1725 1012 1781 is
1045 1727 1200 1782 labor
1228 1727 1548 1782 excedebat.
1588 1725 1962 1782 Nihilominus
1995 1729 2208 1798 majore
2245 1729 2425 1785 adhuc
2464 1744 2603 1784 ausu
2637 1729 2935 1784 cardinalis
2973 1728 3322 1798 Carampius,
3350 1729 3479 1784 dum
3517 1725 3784 1784 Vaticano

506 1812 784 1868 tabulario
814 1824 1070 1884 praerat,
1102 1831 1240 1885 opus
1274 1816 1614 1872 moliebatur
1640 1817 1966 1886 inscriptum
2006 1816 2165 1871 Orbis
2199 1816 2563 1878 Christianus,
2613 1834 2740 1872 cum
2789 1817 3004 1872 inﬁnita
3054 1819 3444 1887 episcOporum
3481 1818 3739 1889 congerie
3768 1835 3782 1871 :

503 1909 884 1956 verumtamen
923 1902 1039 1958 hac
1069 1919 1289 1974 quoque
1322 1903 1633 1959 lucubratio
1665 1905 1719 1958 in
1756 1904 2087 1960 schcdarum
2135 1904 2549 1958 innumerarum
2600 1919 2796 1958 acervo
2838 1920 2946 1959 ms.
2991 1905 3159 1973 jacet.
3215 1902 3323 1959 Sed
3384 1904 3531 1959 enim
3565 1905 3782 1958 illarum

507 1991 730 2061 quidem
761 1993 1072 2061 regionum,
1116 2009 1236 2062 qua
1285 1993 1596 2064 peculiares
1641 1993 2056 2063 episcopatuum
2107 2008 2336 2048 suorum
2366 1993 2667 2063 scriptores
2714 2003 2888 2046 nacta
2928 2002 3078 2057 sunt,
3121 1992 3280 2046 facile
3327 1993 3638 2061 episcopos.
3680 1991 3784 2047 etsi

510 2081 756 2134 nondum
792 2096 1008 2146 omnes,
1044 2066 1442 2136 nanciscimur.
1477 2081 1724 2135 Aliarum
1756 2097 1908 2146 vero,
1949 2097 2070 2151 qua
2108 2083 2360 2150 plurima
2407 2092 2559 2143 sunt,
2609 2081 2896 2150 regionum
2929 2081 3219 2151 episc0pos
3257 2096 3528 2151 nusquam
3581 2081 3784 2135 melius

507 2185 670 2238 quam
701 2170 754 2223 in
789 2169 988 2225 Labbei
1031 2170 1097 2224 ad
1129 2171 1363 2226 concilia
1395 2180 1656 2240 apparatu
1692 2169 2100 2238 cognOSt-imus,
2139 2169 2280 2239 apud
2353 2183 2516 2239 quem
2563 2177 2672 2223 tam
2705 2168 2978 2238 generalis
3016 2185 3180 2238 quam
3227 2169 3624 2239 geographicus
3666 2168 3787 2238 epi-

508 2272 828 2327 scoporum,
857 2256 952 2328 qui
989 2258 1045 2312 itt
1093 2259 1340 2313 collectis
1366 2258 1437 2313 ab
1463 2273 1530 2312 eo
1570 2258 1825 2313 conciliis
1853 2261 2228 2321 nominantur,
2261 2257 2547 2327 catalogus
2596 2258 2822 2327 legitur.
2859 2250 3116 2312 Attamen
3147 2257 3236 2311 hic
3267 2273 3486 2327 quoque
3516 2271 3782 2312 numerus

506 2357 851 2418 quantopere
881 2349 953 2402 sit
977 2347 1357 2418 imperfectus,
1387 2347 1636 2418 quotidie
1667 2347 2028 2418 dignoscitur,
2060 2348 2238 2416 primo
2266 2349 2394 2417 quia
2424 2346 2642 2401 nonnisi
2667 2347 2916 2402 conciliis
2939 2347 3151 2412 nititur,
3181 2347 3377 2400 iterum
3405 2345 3532 2414 quia
3555 2345 3786 2400 concilia

506 2434 624 2504 ipsa
654 2434 800 2489 hattd
836 2434 1023 2489 omnia
1059 2450 1238 2505 neque
1266 2443 1396 2489 tunc
1429 2450 1606 2504 neque
1631 2436 1794 2490 modo
1820 2445 1948 2490 sunt
1977 2437 2194 2506 cognita
2225 2453 2238 2490 :
2265 2453 2394 2492 ecce
2425 2439 2570 2491 enim
2601 2452 2703 2492 nos
2731 2437 2832 2507 ipsi
2865 2438 3203 2506 incomperta
3236 2435 3452 2490 Labbeo
3477 2437 3584 2490 duo
3607 2451 3782 2501 nuper

507 2523 876 2592 vulgavimus,
901 2538 1027 2577 cum
1062 2525 1451 2594 episcoporum
1486 2525 1782 2579 multorum
1817 2525 2343 2594 subscriptionihus.
2380 2525 2655 2591 Quorsum
2713 2525 2828 2579 hac
2871 2524 3152 2579 dicimus?
3202 2523 3407 2593 Nempe
3441 2531 3497 2577 ttt
3529 2524 3778 2593 quintam

505 2610 869 2680 epistolarum
901 2610 1106 2667 Nicolai
1140 2612 1371 2667 classem
1407 2613 1510 2666 hoc
1544 2613 1734 2667 saltem
1766 2614 1925 2667 titulo
1950 2615 2424 2678 commendemus,
2468 2615 2613 2684 quod
2643 2614 2930 2685 Byzantini
2965 2614 3370 2682 patriarchatus
3400 2613 3780 2682 episcoporum

506 2703 731 2756 nomina
764 2702 964 2772 partim
995 2702 1243 2758 inaudita
1277 2701 1517 2757 fortasse
1547 2703 1767 2763 recitat,
1799 2702 1996 2772 partim
2027 2719 2170 2758 novo
2202 2706 2536 2758 documento
2565 2702 2910 2757 confirmata.
2945 2700 3079 2754 Nam
3112 2704 3178 2756 de
3206 2702 3551 2771 singularum
3581 2705 3786 2771 episto-

507 2791 682 2844 larum
728 2790 1064 2861 argumentis
1113 2790 1398 2846 brevitatis
1434 2791 1608 2859 gratia
1665 2791 1749 2844 vix
1798 2791 1947 2861 loqui
2001 2806 2325 2860 possumus.
2383 2790 2520 2844 Cum
2568 2791 2637 2845 de
2689 2790 2957 2858 Bulgaria-
2991 2790 3410 2859 archiepiscopo
3459 2791 3571 2860 jam
3620 2799 3770 2844 retro

510 2879 837 2946 dixerimus,
883 2879 1126 2950 reliquos
1168 2879 1516 2948 alphabetico
1558 2881 1752 2932 ordine
1799 2894 2219 2948 prosequemur.
2263 2892 2496 2946 quorum
2528 2877 2573 2932 si
2603 2893 2764 2946 quam
2803 2877 3052 2931 notitiam
3090 2892 3154 2930 ex
3188 2876 3408 2932 Lahbeo
3440 2879 3522 2932 vel
3563 2878 3786 2932 aliunde

512 2969 826 3030 hausimus,
858 2983 967 3022 non
999 2967 1376 3022 reticebimus.
1438 2965 1535 3036 Ep.
1574 2967 1662 3027 52.
1698 2966 1820 3031 118,
1870 2967 1988 3027 155.
2029 2967 2152 3027 154,

2139 3007 2152 3027 ,
2183 2965 2286 3020 155
2321 2966 2527 3020 Alania
2583 2965 3090 3034 archiepiscopatus
3119 2974 3202 3020 est
3234 2966 3286 3019 in
3329 2965 3530 3020 Leonis
3558 2966 3785 3035 Sapien-

512 3061 584 3113 tis
614 3058 1004 3112 schematismo
1036 3057 1179 3126 apud
1215 3055 1608 3110 Leunclavium
1643 3064 1680 3109 t.
1712 3055 1754 3121 1,
1790 3071 1847 3124 p.
1879 3054 1969 3108 88.
2022 3056 2264 3109 Alterius
2315 3055 2643 3109 recentioris
2681 3054 2891 3109 Alania
2927 3054 3325 3123 archiepiscopi
3361 3056 3562 3124 scripta
3593 3055 3782 3110 Graeca

513 3147 662 3200 haud
700 3145 1012 3215 pauitenda
1049 3144 1184 3197 mihi
1230 3145 1450 3216 cegnita
1502 3154 1654 3210 sunt,
1693 3160 1815 3212 qua
1858 3153 2045 3214 postea
2077 3143 2344 3198 litterario
2380 3142 2497 3196 orhi
2545 3143 2892 3212 patefaciam.
2929 3143 3028 3210 Ep.
3059 3142 3146 3207 65,
3175 3141 3348 3196 Amisi
3383 3140 3644 3197 Joannes.
3683 3145 3781 3213 Ep.

487 3235 642 3300 115,
685 3235 1030 3290 Athenarum
1075 3231 1294 3288 Nicetas
1348 3227 1602 3288 interfuit
1648 3232 1883 3286 concilio
1937 3231 2357 3301 Constantinop.
2413 3247 2504 3285 an.
2549 3231 2675 3285 870.
2732 3231 3065 3286 Memoratur
3109 3227 3275 3284 eti’am
3325 3230 3446 3300 ejus
3492 3245 3786 3286 successor

505 3323 690 3378 Sabas
724 3323 816 3393 qui
853 3321 1106 3376 interfuit
1151 3322 1608 3392 pseudo-synodo
1641 3320 1924 3377 Photiana
1970 3336 2061 3374 an.
2099 3320 2224 3374 879.
2267 3320 2364 3388 Ep.
2400 3319 2522 3385 115,
2569 3320 2878 3374 Antiochia
2920 3320 3264 3388 metropolita
3306 3318 3660 3389 Euthymius;
3699 3319 3787 3374 in-

429 3398 432 3401 ’
515 3412 699 3483 tellige
732 3411 947 3467 Pisidia
969 3413 1343 3478 Antiochiam,
1378 3427 1499 3482 qua
1535 3426 1727 3466 revera
1763 3420 1880 3465 erat
1929 3411 2269 3479 metropolis,
2308 3408 2480 3463 Labb.
2520 3409 2632 3465 ind.
2661 3425 2850 3479 geogr.
2886 3409 2988 3477 Ep.
3023 3408 3146 3471 111,
3191 3408 3315 3472 128,
3350 3407 3590 3463 Cltaldia
3625 3407 3784 3465 Basi-

513 3500 654 3566 lius;
694 3499 954 3554 mendum
995 3500 1214 3554 videtur
1258 3501 1312 3554 in
1361 3499 1598 3554 concilio
1641 3498 2061 3567 Constantinop.
2107 3502 2233 3552 anni
2267 3499 2395 3560 870,
2445 3499 2535 3552 uhi
2585 3499 2819 3553 Basilius
2863 3497 3357 3563 Chalcedonensis,
3405 3496 3637 3554 fortasse
3685 3513 3785 3568 pro

514 3588 886 3645 Chaldiensis.
930 3588 1104 3644 Porro
1153 3589 1382 3644 Chaldia
1428 3588 1533 3643 fuit
1574 3603 1743 3643 unum
1795 3602 1861 3641 ex
1910 3587 2129 3656 imperii
2177 3587 2510 3642 thematihus
2551 3587 2606 3642 in
2660 3587 2882 3642 Pontica
2919 3587 3162 3657 regione.
3197 3584 3295 3654 Ep.
3327 3585 3451 3652 106,
3483 3585 3786 3642 Chersonis

517 3677 975 3748 archiepiscopus
1007 3677 1222 3733 videtur
1250 3677 1341 3732 ille
1377 3677 1578 3732 Paulus
1608 3677 1701 3747 qui
1739 3677 1843 3730 hoc
1873 3675 2034 3730 titulo
2065 3675 2394 3745 subscripsit
2440 3675 2894 3746 pseudo-synodo
2920 3673 3205 3729 Photiana
3240 3690 3332 3729 an.
3360 3674 3485 3731 879.
3518 3675 3617 3745 Ep.
3656 3676 3783 3742 157,

508 3765 691 3837 Cyzici
728 3765 1054 3821 Demetrius.
1091 3768 1188 3836 Ep.
1227 3767 1316 3832 50,
1349 3766 1475 3832 107,
1509 3765 1784 3832 150,137,
1818 3764 1942 3829 138,
1990 3764 2173 3835 Cyzici
2225 3765 2569 3834 metropolita
2618 3763 2886 3834 lgnatius.
2941 3761 3041 3832 Ep.
3098 3762 3191 3828 93,
3233 3764 3357 3829 115,
3398 3764 3785 3835 Claudiopolos

513 3857 886 3914 Theoctistus.
916 3859 1016 3929 Ep.
1051 3859 1144 3923 '59,
1176 3859 1269 3925 41,
1302 3859 1394 3924 42,
1429 3858 1521 3922 48,
1551 3857 1642 3920 89,
1675 3857 1767 3923 94,
1803 3857 1929 3922 124,
1968 3857 2094 3920 1'52,
2122 3856 2163 3910 1i

2135 3856 2246 3920 151,
2285 3857 2407 3921 154,
2443 3857 2571 3920 160,
2610 3856 2810 3925 Ephesi
2851 3857 3200 3926 metropolita
3246 3857 3546 3928 Gregorius
3583 3860 3785 3917 scribi-

513 3960 603 4002 tur
634 3949 686 4002 in
721 3947 935 4004 Oriente
967 3947 1303 4013 Christiano,
1335 3957 1373 4003 t.
1411 3947 1450 4010 l.
1484 3946 1696 4018 p.685,
1730 3957 1784 4002 et
1815 3947 1957 4016 apud
1996 3945 2166 4000 Labb.
2213 3943 2468 4000 Interfuit
2501 3943 2955 4015 pseudo-synodo
2983 3943 3286 4001 Photiana.
3320 3947 3418 4017 Ep.
3453 3948 3579 4012 152,
3612 3948 3787 4006 llera-

511 4037 645 4090 clem
675 4035 927 4092 Photius.
957 4034 1055 4105 Ep.
1089 4037 1184 4097 58,
1215 4036 1383 4091 leonii
1419 4052 1750 4107 auonymus.
1786 4034 2068 4090 Palladius
2090 4032 2310 4104 quidem
2351 4033 2523 4088 lconii
2560 4033 2880 4088 nominatur
2906 4035 2959 4088 in
2988 4034 3220 4104 epistola
3245 4035 3450 4092 Leonis
3480 4039 3612 4108 imp.
3639 4039 3785 4111 apud

515 4125 686 4179 Labb.
723 4134 762 4178 t.
795 4124 885 4186 ιν.
921 4139 974 4192 p.
1019 4124 1180 4179 1856.
1215 4124 1498 4196 Stylianus
1539 4133 1594 4180 et
1641 4124 2087 4197 Theophylactus
2136 4122 2303 4178 lconii
2347 4123 2400 4177 itt
2440 4125 2651 4195 synodo
2693 4122 3118 4193 Constantinop.
3153 4141 3246 4178 an.
3281 4123 3404 4178 870.
3447 4123 3785 4194 TheOphilus

513 4211 686 4267 lconii
722 4215 778 4266 in
812 4212 1264 4282 pseudo-synodo
1298 4212 1584 4268 Photiana.
1624 4213 1722 4279 Ep.
1755 4213 1842 4276 83$,
1873 4212 2142 4284 llydrunti
2186 4227 2518 4282 anonymus,
2551 4211 2770 4266 videtur
2804 4210 3022 4267 Marcus
3061 4210 3442 4282 Hydruntinus
3473 4213 3564 4282 qui
3599 4216 3699 4267 l‘uit
3731 4215 3785 4269 in

513 4301 971 4372 pseudo-synodo
1005 4299 1294 4356 Photiana.
1328 4300 1428 4371 Ep.
1470 4301 1591 4365 104,
1627 4301 1752 4364 158,
1784 4301 2070 4356 Laodicea
2101 4301 2444 4369 metropolita
2476 4301 2897 4357 Constantinus.
2931 4299 3030 4370 Ep.
3062 4300 3187 4365 116,
3215 4299 3452 4357 Larissa
3478 4301 3784 4372 Philippus.

517 4393 618 4461 Ep.
649 4391 740 4457 49,
773 4390 1131 4459 metropolitis
1162 4402 1316 4446 extra
1353 4393 1803 4446 communionem
1831 4390 2051 4461 positis,
2079 4390 2149 4445 ob
2181 4390 2422 4446 schisma
2463 4389 2716 4445 videlicet
2763 4391 2815 4443 in
2872 4403 3040 4445 causa
3088 4390 3461 4459 tetragamia;
3505 4407 3535 4445 a
3586 4393 3787 4460 quibus

515 4480 766 4540 queritur
799 4494 858 4532 se
889 4479 1235 4544 derelictum,
1273 4495 1302 4534 a
1345 4479 1473 4535 filiis
1503 4490 1738 4549 patrem.
1776 4479 1876 4547 Ep.
1924 4480 2014 4544 71,
2053 4481 2179 4546 100,
2231 4480 2424 4535 Nicaea
2457 4479 2767 4536 Alexander
2813 4479 2867 4532 in
2921 4478 3138 4533 Oriente
3182 4479 3384 4534 Christ.
3419 4488 3459 4534 t.
3491 4479 3532 4545 1,
3566 4497 3618 4549 p.
3659 4481 3785 4535 648.

517 4567 616 4638 Ep.
641 4569 733 4630 96,
763 4568 854 4634 97,
889 4567 1219 4625 Nicomedia
1254 4569 1519 4640 lgnatius.
1557 4569 1658 4640 Ep.
1682 4569 1775 4628 45.
1810 4570 1932 4634 119,
1966 4570 2093 4637 1‘25,
2143 4571 2430 4625 Patrarum
2463 4570 2812 4639 ntetrOpolita
2845 4569 3113 4630 Andreas.
3148 4568 3245 4638 Ep.
3288 4569 3412 4634 108,
3459 4568 3583 4630 110,
3613 4568 3788 4623 Pissi-

518 4658 706 4712 nuntis
742 4657 1055 4712 Eustratius
1084 4659 1138 4712 itt
1177 4659 1626 4730 pseudo-synodo
1659 4657 1950 4713 Photiana.
1990 4659 2089 4727 Ep.
2126 4659 2249 4725 142,
2283 4659 2540 4714 Sardium
2577 4659 2924 4729 metropolita
2952 4657 3249 4713 Antonius.
3295 4656 3394 4726 Ep.
3433 4657 3522 4720 57,
3557 4657 3790 4729 Synadis

515 4736 844 4818 anonymus.
884 4747 1080 4803 Petrus
1118 4746 1494 4818 Synnadensis
1549 4747 1600 4800 in
1653 4747 1889 4800 concilio
1923 4747 2344 4817 Constantinop.
2383 4749 2509 4801 anni
2557 4747 2685 4803 870.
2734 4747 2994 4813 Nicolaus
3044 4745 3423 4817 Synnadensis
3461 4747 3513 4799 in
3555 4747 3791 4814 pseudo-

516 4836 728 4906 synodo
759 4836 1028 4891 Photiana
1072 4838 1200 4891 anni
1250 4837 1376 4891 879.
1421 4835 1500 4889 Ad
1557 4837 1700 4891 hunc
1755 4837 1998 4891 scribere
2043 4835 2332 4891 Nicolaum
2393 4839 2762 4907 patriarchatn
2809 4834 3143 4891 credendum
3183 4842 3288 4890 est.
3347 4834 3446 4904 Ep.
3493 4835 3617 4902 117,
3663 4834 3790 4905 129,

518 4924 680 4992 Sylai
714 4923 843 4979 Leo.
886 4927 984 4992 Ep.
1025 4925 1150 4985 122,
1187 4924 1515 4978 Ambrosius
1543 4924 1857 4993 episcopus.
1896 4925 1997 4994 Ep.
2025 4923 2114 4989 98,
2145 4940 2455 4996 auonymus
2481 4924 2800 4994 episcopus.

585 5011 644 5065 1n
675 5013 840 5082 hujus
869 5015 1076 5084 quinta
1114 5014 1308 5068 classis
1337 5013 1586 5083 epistolis
1631 5013 1816 5082 agitur
1862 5013 1931 5068 de
1980 5014 2339 5068 ecclesiarum
2371 5015 2658 5083 regimine.
2697 5013 2763 5068 de
2794 5013 3095 5069 schismate
3118 5013 3458 5083 tetragamia
3486 5028 3672 5076 causa,
3726 5012 3794 5066 de

517 5100 688 5155 rariis
720 5101 866 5155 circa
898 5116 1017 5155 eam
1047 5083 1273 5156 atatem,
1298 5103 1550 5170 personis
1579 5101 1666 5157 vel
1704 5103 1965 5172 negotiis,
2013 5104 2078 5156 de
2122 5102 2367 5170 ejusdem
2405 5103 2670 5170 temporis
2708 5102 3141 5158 calamitatibus.
3188 5102 3248 5158 In
3291 5117 3378 5172 ep.
3409 5102 3479 5157 94
3505 5101 3793 5166 attingitur

517 5189 888 5242 immunitatis
925 5191 1311 5246 ecclesiastica
1355 5191 1468 5260 jus.
1526 5191 1752 5260 Aliquot
1800 5191 2038 5260 denique
2068 5191 2316 5259 epistola
2343 5189 2642 5245 familiares
2672 5199 2802 5246 sunt
2828 5202 2884 5246 et
2908 5192 3188 5249 olliciosa.
3223 5193 3634 5262 Anonymarutn
3667 5187 3794 5257 qui-

515 5278 638 5338 dem
671 5277 1030 5347 epistolarum
1065 5279 1342 5333 nonnulla
1373 5279 1581 5348 absque
1613 5278 1782 5333 dubio
1816 5280 2135 5334 scribuntur
2167 5279 2241 5335 ad
2268 5280 2576 5349 episcopos.

1944 5389 2145 5445 Classis
2181 5401 2352 5446 sexta.

588 5527 658 5580 Χ.
713 5525 1232 5596 Serihunturhujus
1265 5529 1459 5585 classis
1496 5530 1748 5599 cpistola
1783 5531 1850 5584 ad
1897 5529 2087 5585 civiles
2139 5528 2515 5598 magistratus.
2568 5529 2776 5583 llornm
2825 5532 3070 5583 notitiam
3123 5529 3209 5581 vix
3261 5527 3426 5581 ullam
3464 5536 3657 5582 autne
3707 5528 3794 5580 vix

517 5615 735 5681 quidem
761 5617 1017 5681 scribam,
1045 5620 1172 5688 quia
1206 5619 1271 5673 de
1307 5621 1561 5689 personis
1609 5620 1809 5691 longus
1854 5634 2035 5673 sermo
2070 5616 2232 5686 foret,
2263 5617 2565 5674 ofliciorum
2609 5629 2790 5673 autem
2824 5620 2964 5671 tituli
3001 5618 3113 5672 neti
3153 5628 3283 5672 sunt
3327 5634 3390 5673 cx
3426 5618 3581 5673 libris
3618 5618 3684 5672 de
3708 5618 3792 5671 di-

521 5694 818 5786 gnitatibus
849 5705 984 5772 aula:
1026 5705 1360 5776 Byzantina,
1406 5708 1743 5778 9":CfCClU-E‘rt‘
1793 5709 2028 5780 denique
2070 5707 2340 5784 pleraeque
2390 5709 2780 5764 describuntur
2833 5707 2884 5761 in
2938 5707 3286 5764 Constantini
3339 5708 3470 5780 imp.
3527 5709 3663 5763 libro
3720 5705 3796 5762 Ds
