4178 6442
367 290 442 361 25
1823 303 2017 364 ΥΒᾸΞῙ

2010 302 2244 363 FATlO.
3586 288 3660 352 26

372 412 701 467 bernatibus.
736 409 883 482 Ergo
927 414 1164 483 epistola
1215 413 1318 471 1.16
1369 413 1635 470 scribitur
1663 402 2030 469 Constantino
2077 414 2495 482 protasccretis.
2544 411 2643 482 Ep.
2681 413 2771 472 9|.
2822 409 3040 479 Coropo
3088 409 3210 463 viro
3255 404 3659 463 illnstrissimo.

376 498 480 568 Ep.
509 498 603 565 69,
634 498 723 565 70,
774 498 972 556 Davidi
1008 500 1337 557 Camuliano
1387 501 1856 573 protospathario.
1908 501 2006 572 Ep.
2056 500 2147 565 84,
2199 500 2422 556 Gzedoni
2470 500 2913 571 protospalhario
2967 496 3339 569 imperatoris.
3391 494 3490 564 Ep.
3532 492 3660 556 105,

374 587 599 642 Godino
629 589 988 657 imperatoris
1023 591 1470 661 protospatltario
1497 603 1552 647 et
1582 591 1824 661 praesidi.
1852 590 1952 660 Ep.
1987 589 2113 653 121,
2155 587 2325 644 Leoni
2356 589 2587 660 patricio
2618 598 2675 648 et
2709 587 2926 656 praetori
2955 586 3395 641 Anatolicurum.
3415 584 3515 652 Ep.
3536 581 3662 644 127,

375 672 553 729 Leoni
588 676 873 745 spathario
910 687 965 732 et
987 678 1161 747 judici
1191 677 1606 751 Paphlagoniae.
1659 676 1757 747 Ep.
1796 677 1889 741 40,
1922 675 2195 732 Malacino
2232 677 2486 748 patricio.
2533 676 2631 747 Ep.
2662 675 2789 743 140,
2819 674 3069 730 Michaeli
3099 672 3336 745 patricio
3362 680 3417 725 et
3439 668 3662 740 praetori

378 762 816 822 Thessalonica.
868 764 970 835 Ep.
1023 767 1148 832 144,
1196 766 1421 822 Nicolao
1451 767 1671 837 praetori
1717 765 2138 836 Longobardiae.
2189 764 2290 836 Ep.
2341 765 2470 830 150,
2523 762 2812 819 Philotheo
2859 761 3111 833 patricio.
3158 760 3260 830 Ep.
3292 759 3385 823 54,
3420 754 3664 812 Helladis

377 852 630 922 praetori.
680 851 778 921 Ep.
828 852 954 916 161,
1002 851 1367 924 Peloponnesi
1407 845 1652 925 praetori.
1686 853 1785 925 Ep.
1820 853 1912 919 55,
1961 853 2275 925 Strymonis
2328 852 2574 923 praatori.
2632 852 2730 919 Ep.
2773 850 2898 913 149,
2931 848 3359 904 'l‘hracesiorum
3412 842 3660 916 prtetori.

379 940 489 1005 Ep.
522 938 617 997 44.
669 941 894 1010 praetori
949 942 1192 997 cuidam.
1240 941 1582 998 Notabiliora
1632 942 1688 996 in
1734 941 2014 1011 praedictis
2044 941 2294 1010 epistolis
2341 940 2458 995 haec
2501 940 2616 995 fere
2665 944 2818 992 sunt.
2870 938 2928 992 In
2962 938 3033 993 ’54
3059 951 3241 991 sermo
3276 943 3363 990 est
3403 933 3472 987 de
3510 930 3662 1004 gravi

377 1029 660 1084 discordia
689 1039 748 1084 et
786 1030 1086 1085 schismate
1129 1029 1375 1086 Thebani
1411 1032 1565 1087 cieri.
1596 1031 1656 1085 ln
1688 1030 1757 1085 84
1790 1036 2131 1085 memoratur
2162 1027 2560 1100 Lougobardite
2594 1027 2887 1083 tumultus.
2922 1025 2979 1081 ln
3011 1025 3116 1081 144
3148 1024 3353 1080 dicitur
3383 1023 3542 1092 quies
3576 1033 3665 1076 re-

376 1119 577 1173 stituta
612 1119 1014 1191 Longobardiae
1062 1135 1158 1189 per
1196 1120 1478 1175 Nicolaum
1530 1129 1849 1190 praetorem.
1889 1118 1949 1173 In
1983 1117 2085 1173 140
2113 1118 2399 1173 veritatem
2432 1117 2745 1186 patriarcha
2783 1130 2814 1169 a
2849 1122 3081 1180 pvtetore
3121 1112 3363 1184 exquirit
3393 1111 3495 1166 sub
3531 1123 3668 1164 ana-

378 1210 649 1263 thematis
682 1224 869 1278 paena.
910 1208 979 1262 ln‘
1007 1209 1112 1262 146
1141 1208 1378 1262 intentat
1409 1209 1629 1278 praetori
1668 1207 1961 1262 anathema
1996 1206 2068 1262 ob
2098 1205 2366 1275 rejectnm
2396 1203 2876 1274 archiepiscOpum
2916 1201 3221 1275 Neapoleos
3258 1217 3289 1255 a
3331 1215 3390 1256 se
3418 1198 3664 1254 destina—

378 1305 522 1359 tum,
551 1305 609 1349 et
636 1296 928 1350 obtrusum
970 1296 1161 1351 alium.
1189 1295 1245 1350 In
1277 1295 1383 1351 150
1406 1295 1648 1350 admittit
1686 1295 2002 1366 patriarcha
2053 1294 2333 1364 querelam
2376 1293 2510 1346 cleri
2543 1291 2747 1348 Nicteni
2783 1292 3046 1346 adversus
3078 1297 3365 1360 praetorem
3396 1301 3583 1351 suum,
3633 1300 3661 1337 a

376 1398 493 1452 quo
525 1384 595 1438 ad
630 1384 884 1439 militiam
915 1384 1258 1454 adigebatur.
1296 1383 1440 1438 Dicit
1478 1384 1706 1460 insuper
1742 1383 1982 1439 Nica'am
2013 1382 2273 1438 donatam
2306 1382 2479 1437 fuisse
2515 1381 2729 1435 honore
2770 1377 3177 1447 metropolitico
3222 1377 3293 1433 ob
3335 1376 3576 1448 synodos
3608 1373 3662 1426 in

377 1487 441 1525 ea
470 1472 802 1544 celebratas.
850 1471 907 1529 In
954 1472 1182 1544 reliquis
1220 1472 1472 1543 epistolis
1507 1473 1833 1530 scribuntur
1880 1470 2151 1542 sapientia
2185 1470 2413 1535 monita,
2457 1465 2990 1531 commendationes,
3020 1473 3076 1519 et
3108 1464 3217 1520 alia
3251 1464 3416 1518 modo
3444 1462 3665 1533 publica

381 1562 550 1615 modo
584 1562 818 1631 privata.

1796 1673 1999 1731 Classis
2029 1672 2275 1741 septima.

466 1782 561 1838 Xl.
596 1784 856 1841 Omnium
886 1786 1166 1858 copiosior
1192 1787 1384 1845 classis
1419 1790 1650 1859 septima
1686 1797 1791 1844 est.
1812 1778 1929 1859 Ep.
1965 1786 2058 1847 47,
2088 1784 2477 1841 Constantino.
2507 1782 2607 1856 Ep.
2650 1782 2775 1850 156,
2806 1780 3112 1852 Stephano,
3149 1773 3404 1831 Micitaeli
3433 1780 3489 1829 et
3519 1771 3668 1828 Con-

396 1873 644 1928 stantino
688 1873 979 1931 fratribus.
1036 1874 1133 1945 Ep.
1193 1876 1283 1940 56,
1333 1876 1592 1931 Curatori
1645 1873 2130 1946 Strongylizontis.
2185 1871 2341 1929 Hunc
2390 1872 2832 1928 ecclesiasticum
2876 1870 3059 1925 locum
3103 1865 3276 1922 fuisse
3324 1863 3378 1918 in
3427 1864 3668 1916 themate

395 1959 722 2030 Strymonis,
753 1970 984 2032 apparet
1008 1978 1072 2016 ex
1110 1977 1278 2032 prae.
1305 1979 1393 2034 ep.
1422 1963 1513 2027 55,
1556 1979 1663 2035 qua
1702 1961 2127 2035 commendatur
2175 1963 2295 2032 ejus
2344 1962 2451 2016 loci
2497 1972 2724 2016 curator
2771 1959 2991 2032 praesidi
3025 1954 3359 2028 Strymonis.
3390 1951 3669 2008 Constan-

389 2048 619 2117 tinopoli
650 2049 872 2120 quidem
915 2050 1263 2121 Στρόγγυλον
1295 2052 1582 2107 castellum
1625 2061 1766 2120 erat,
1820 2052 2062 2120 itemque
2102 2045 2525 2113 monasterium,
2560 2057 2619 2104 ttt
2652 2049 2836 2104 videre
2868 2055 2953 2102 est
2987 2045 3131 2114 apud
3163 2042 3500 2098 Bandurium
3529 2038 3668 2111 Imp.

390 2129 605 2186 Orient.
643 2142 685 2186 t.
718 2132 785 2195 ll,
814 2149 871 2204 p.
910 2135 1036 2189 759.
1069 2134 1167 2204 Ep.
1203 2135 1295 2197 '57,
1330 2134 1581 2206 Styliano
1619 2136 1877 2191 diacono.
1911 2136 2010 2208 Ep.
2045 2138 2135 2204 60,
2170 2153 2464 2195 (economo
2494 2137 2701 2207 Magnae
2737 2136 2993 2193 Ecclesiae
3017 2131 3666 2202 Constantinopolitante.

382 2216 678 2274 Nonacbis
707 2232 889 2276 autem
919 2222 1239 2276 sci-ibuntur
1275 2223 1379 2301 hac.
1434 2224 1533 2293 Ep.
1574 2225 1667 2284 55.
1713 2224 1806 2288 64,
1837 2226 1962 2290 120,
1996 2228 2123 2289 151,
2156 2226 2459 2299 Tryphoni.
2499 2226 2594 2297 Ep.
2626 2225 2717 2292 28,
2749 2224 2983 2280 Phileto.
3016 2224 3117 2293 Ep.
3148 2222 3237 2285 45,
3274 2221 3528 2276 Arsenio.
3567 2217 3669 2287 Ep.

381 2306 476 2386 62,
514 2306 702 2363 Petro.
738 2307 838 2379 Ep.
876 2308 964 2376 65,
993 2308 1321 2379 Epiphanio.
1356 2310 1453 2378 Ep.
1487 2312 1758 2379 126,115,
1793 2313 2006 2384 lgnatio
2030 2313 2161 2369 olim
2190 2315 2478 2385 magistro,
2512 2323 2703 2382 postea
2735 2312 3030 2369 monacho.
3065 2309 3164 2380 Ep.
3199 2310 3322 2376 141,
3359 2309 3670 2380 hegumeno

380 2410 668 2466 an0nymo
702 2398 770 2451 ad
811 2396 952 2453 Aras
985 2398 1142 2453 solis.
1180 2399 1276 2468 Ep.
1318 2399 1798 2473 148,.Euthymio.
1834 2402 1933 2474 Ep.
1971 2404 2096 2469 155,
2128 2403 2443 2460 Theodosio
2491 2404 2692 2475 (Θεοδ.)
2737 2402 3014 2460 monacho
3042 2410 3097 2458 et
3126 2400 3454 2465 cnbuclisio,
3494 2399 3546 2454 id
3587 2407 3673 2453 est

380 2486 754 2541 cubiculario.
815 2485 914 2556 Ep.
966 2485 1086 2550 163,
1121 2488 1411 2544 Antiocho.
1464 2491 1562 2561 Ep.
1600 2492 1689 2554 78,
1722 2495 2009 2549 monachis
2042 2496 2431 2551 communiter.
2468 2493 2713 2565 Denique
2744 2494 3036 2566 anonymis
3070 2492 3389 2547 hominibus
3419 2505 3543 2560 epp.
3573 2488 3666 2551 59,

381 2576 474 2633 61.
508 2573 601 2631 66.
637 2573 729 2639 67,
763 2574 853 2639 68,
888 2575 980 2643 72,
1013 2574 1103 2640 75,
1137 2576 1227 2642 74,
1263 2578 1354 2639 75,
1392 2577 1479 2637 76.
1515 2578 1606 2642 77,
1637 2580 1726 2645 79,
1753 2580 1842 2646 80,
1876 2582 1969 2648 81,
2001 2583 2031 2639 8

2014 2583 2092 2644 37.
2126 2583 2217 2646 88,
2250 2582 2342 2645 90,
2376 2584 2467 2649 92,
2514 2584 2641 2649 101,
2685 2583 2809 2646 105,
2863 2582 2983 2645 109,
3020 2582 3146 2644 111,
3199 2580 3324 2640 125.
3374 2578 3498 2642 147,
3544 2576 3664 2636 15⁸2.

385 2662 515 2727 155,
554 2662 681 2718 159.
730 2663 963 2735 Ἀδή).ῳ,
1000 2664 1051 2720 id
1091 2675 1173 2720 est
1218 2667 1439 2722 incerto.
1488 2684 1592 2737 ego
1637 2669 1922 2739 inscripsi,
1970 2686 2101 2725 eum
2132 2666 2366 2725 'nnllum
2405 2671 2595 2726 aderat
2637 2671 2690 2724 in
2743 2670 2932 2724 codice
2982 2684 3225 2723 nomen:
3258 2677 3313 2721 et
3343 2666 3674 2736 quandoque

380 2752 609 2823 quidem
639 2767 741 2822 pro
775 2753 957 2823 ἀδήλῳ
985 2753 1272 2809 vidi-batur
1308 2757 1622 2824 ponendum
1653 2757 1732 2828 τῷ
1762 2759 1937 2830 αὐτῷ,
1967 2760 2159 2822 eidem,
2198 2758 2425 2812 relative
2457 2758 2667 2811 scilicet
2709 2757 2774 2811 ad
2811 2754 3167 2827 praecedentis
3197 2753 3443 2822 epistolae
3475 2750 3674 2806 inscri-

383 2840 685 2909 ptionem;
720 2842 1055 2910 quandoque
1105 2851 1287 2897 tamen
1334 2859 1518 2900 secus.
1550 2836 1856 2900 Materiam
1911 2856 1989 2900 tot
2038 2847 2397 2915 epistularum
2471 2845 2752 2915 sigillatitn
2810 2860 2916 2897 non
2960 2857 3286 2913 persequar,
3320 2840 3488 2918 veluti
3519 2840 3670 2908 quod

332 2924 341 2930 ’
384 2945 475 2997 ep.
515 2929 586 2983 66
620 2929 993 2998 superstitiosi
1033 2930 1242 2999 aliquot
1269 2942 1426 2987 actus
1458 2933 1962 3002 reprehenduntur,
2006 2935 2102 3004 qui
2133 2949 2163 2988 a
2193 2932 2529 2987 Christianis
2564 2932 2767 2987 liebant
2804 2947 2902 2999 per
2943 2931 3197 2985 incensas
3233 2942 3419 2999 pyras,
3466 2934 3521 2980 et
3573 2940 3669 2994 per

386 3017 721 3073 animalium
759 3032 930 3087 prope
953 3018 1234 3074 ethnicam
1271 3020 1746 3087 immolationem;
1799 3023 1893 3091 qui
1943 3024 2084 3077 ritus
2126 3023 2179 3076 in
2221 3021 2499 3078 Armeniis
2529 3037 2750 3093 quoque
2783 3020 3152 3091 reprehensus
3188 3018 3329 3086 fuit;
3361 3015 3434 3073 cf.
3474 3014 3665 3087 Spicil.

390 3115 432 3159 t.
466 3103 583 3170 γη,
612 3120 668 3175 p.
704 3105 830 3159 171.
864 3105 1109 3175 Denique
1140 3122 1228 3179 ep.
1268 3106 1335 3163 68
1365 3122 1550 3162 rerum
1578 3109 2024 3165 Christianarum
2065 3112 2117 3166 in
2149 3111 2412 3166 Chazaria
2455 3126 2562 3165 non
2603 3109 3003 3166 contemnenda
3037 3107 3230 3162 notitia
3264 3105 3520 3170 traditur,
3557 3113 3665 3158 etc.

460 3191 579 3248 XII.
605 3193 773 3248 Aliud
808 3193 942 3248 mihi
981 3194 1035 3247 in
1070 3192 1352 3251 Vaticanis
1390 3197 1681 3253 codicibus
1701 3208 2052 3269 compertum
2091 3208 2176 3255 est
2204 3197 2414 3254 Nicolai
2447 3199 2659 3271 Mystiei
2692 3199 2959 3268 scriptum
2997 3194 3285 3260 ineditum,
3321 3208 3519 3265 nempe
3550 3194 3673 3263 ejus

388 3283 623 3338 humilia
650 3283 718 3337 ad
752 3282 1015 3351 populum
1050 3282 1438 3354 Byzantinum.
1483 3295 1607 3353 post
1654 3287 1900 3342 auditum
1950 3289 2019 3344 de
2060 3289 2476 3345 Thessalonicae
2531 3289 2747 3345 excidio
2798 3287 3178 3343 tristissimum
3216 3285 3491 3349 nuntium,
3546 3300 3670 3354 qua:

382 3373 510 3427 dira
543 3373 834 3426 calamitas
886 3387 1034 3426 anno
1090 3372 1297 3427 Christi
1344 3373 1450 3428 904
1503 3376 1733 3447 contigit
1772 3378 1889 3448 (qui
1933 3386 2057 3432 erat
2093 3378 2445 3447 pontiﬁcatus
2479 3375 2690 3432 Nicolai
2742 3391 2923 3431 annus
2970 3372 3171 3445 nonus)
3225 3374 3367 3429 duce
3419 3381 3668 3441 apostata

383 3459 577 3516 Leone
605 3459 875 3529 Tripolita
908 3462 1210 3518 Saraceno.
1249 3461 1515 3529 Superest
1550 3465 1665 3521 haec
1692 3452 1914 3521 homilia
1939 3467 1994 3521 in
2035 3467 2162 3522 cod.
2199 3466 2319 3520 Vat.
2360 3466 2480 3531 172,
2514 3481 2623 3521 una
2655 3480 2779 3521 cum
2815 3463 3046 3521 Joannis
3067 3463 3401 3519 Cameniatae
3434 3462 3667 3517 historia
3730 3464 3736 3471 '

383 3552 455 3602 de
488 3549 757 3620 pmtlicto
789 3550 1201 3606 Thessalonicae
1239 3566 1395 3613 casu,
1436 3566 1538 3607 nec
1569 3568 1681 3609 non
1712 3556 1944 3611 Joannis
1995 3555 2246 3611 Lectoris
2290 3556 2517 3611 historia
2559 3556 2686 3610 item
2718 3568 2783 3609 ac
2818 3554 3075 3608 monodia
3104 3553 3172 3607 de
3207 3563 3482 3622 postrema
3513 3549 3667 3618 ejus-

384 3636 516 3691 dem
550 3636 708 3692 urbis
757 3653 789 3690 a
840 3635 1041 3693 Turcis
1089 3647 1336 3706 captura.
1370 3639 1672 3718 Utriusque
1705 3641 1936 3698 Joannis
1986 3644 2192 3714 scripta
2241 3660 2270 3698 a
2319 3643 2501 3699 Leone
2532 3644 2736 3699 Allatio
2774 3643 2827 3697 in
2873 3640 3183 3713 Symmictis
3228 3657 3297 3696 ex
3343 3640 3448 3695 hoc
3478 3640 3673 3694 eodem

380 3724 587 3781 codice
616 3723 793 3782 fuisse
820 3727 990 3792 edita,
1020 3726 1367 3796 exploratum
1415 3729 1474 3782 tit
1514 3730 1586 3785 ob
1631 3732 1882 3800 opusculi
1914 3733 2143 3788 secundi
2190 3733 2420 3789 lacunas
2449 3733 2502 3787 in
2532 3732 2774 3789 editione
2821 3732 3063 3794 relictas,
3095 3745 3327 3800 quarum
3368 3743 3534 3785 causa
3570 3728 3673 3783 fuit

382 3815 509 3884 ipse
543 3814 715 3869 codex
748 3814 803 3868 in
836 3814 1123 3885 superiore
1167 3825 1324 3885 parte
1366 3817 1539 3884 lacer,
1583 3826 1644 3872 ut
1683 3818 1989 3876 conicrenti
2036 3823 2174 3877 mihi
2229 3824 2513 3878 evidenter
2556 3822 2755 3892 patuit.
2790 3818 2930 3884 Quia
2972 3828 3153 3875 tamen
3188 3819 3401 3873 Nicolai
3438 3817 3665 3872 homilia
3774 3804 3793 3820 ⁸

380 3917 547 3975 paene
583 3910 699 3958 tota
734 3903 791 3955 in
825 3918 893 3958 eo
928 3914 1182 3959 versatur
1218 3913 1278 3959 ut
1316 3905 1580 3975 populum
1614 3906 1681 3961 ad
1719 3920 2075 3977 peccatorum
2110 3911 2533 3966 detestationem
2559 3919 2901 3980 permoveat,
2945 3908 3019 3963 ob
3047 3921 3169 3973 quae
3197 3915 3253 3961 et
3282 3904 3679 3960 Thessalonica

378 3992 702 4057 ceciderat,
734 4003 789 4048 et
821 4008 1011 4063 parem
1046 4009 1264 4064 poenam
1290 3995 1797 4067 Constantinopolis
1832 3997 1950 4069 ipsa
1977 4000 2440 4068 pertimcsCebat;
2470 3997 2705 4067 ideoque
2728 4012 2926 4067 parum
2959 3995 3089 4066 quid
3121 3994 3290 4050 habet
3319 3993 3676 4059 historicum;

376 4089 444 4135 et
479 4080 615 4150 quia
643 4081 840 4148 codex,
889 4092 950 4136 ut
984 4081 1120 4147 dixi,
1159 4082 1307 4137 lacer
1347 4083 1618 4139 orationis
1664 4085 1864 4140 seriem
1899 4086 2216 4159 abrumpit;
2255 4098 2479 4143 tenuem
2514 4087 2904 4142 tantummodo
2939 4084 3266 4154 particulam
3308 4084 3400 4139 hic
3430 4082 3680 4139 recitabo

377 4185 513 4240 quae
546 4170 838 4224 historiam
872 4170 1099 4241 propius
1124 4171 1368 4243 attingit.
1400 4170 1619 4230 Titulus
1659 4173 1896 4230 homiliae
1928 4175 2018 4231 bic

2041 4176 2365 4234 ξΝικολάου
2409 4175 2759 4248 πατριάρχου
2809 4173 2999 4244 ὁμιλία
3045 4175 3128 4235 εἰς
3178 4173 3279 4244 τὴν
3324 4171 3529 4227 ἅλωσιν
3577 4170 3681 4242 τῆς

378 4257 819 4329 Θεσσαλονίκης.
856 4258 1081 4329 ρηθεῖσα
1117 4261 1175 4312 ὲν
1195 4258 1408 4329 ἄμϐωνι
1431 4260 1531 4330 τῆς
1566 4261 1829 4331 Μεγάλης
1871 4263 2202 4336 Ἐκκλησίας
2235 4268 2374 4337 μετὰ
2407 4264 2508 4337 τὴν
2543 4254 2775 4319 εἴσοδον,
2808 4262 3012 4334 Μικρῷ
3045 4261 3319 4334 πρότερον
3352 4260 3484 4330 ὑμῖν
3502 4254 3680 4319 εἶπον,

380 4348 701 4418 ἀγαπητοὶ,
729 4364 786 4401 κ.
812 4365 865 4401 τ.
897 4347 947 4401 λ.
995 4347 1212 4402 Mcolai
1246 4351 1570 4418 patriarcha:
1616 4350 1837 4405 Itomilia
1881 4353 1945 4407 de
1991 4363 2149 4423 capta
2194 4353 2593 4422 Thessalonica,
2637 4354 2786 4407 dicta
2834 4353 2892 4406 in
2936 4350 3143 4423 pulpito
3179 4349 3393 4421 ﬂagito:
3427 4347 3679 4423 Ecclesia;

382 4447 513 4505 post
563 4436 867 4492 introitum.
926 4434 1099 4489 Paulo
1131 4446 1254 4490 ante
1305 4438 1539 4492 diximus
1579 4438 1745 4502 vobis,
1783 4421 2108 4506 charissimi,
2143 4452 2251 4497 etc.
2284 4442 2444 4499 Circa
2488 4457 2617 4498 vero
2656 4421 2965 4496 orationem
3018 4438 3254 4496 mediam
3297 4438 3399 4493 sic.
3447 4435 3562 4489 Νῦν
3591 4421 3684 4504 ἐφ’

381 4525 545 4595 ἡμᾶς
577 4523 808 4595 ἔξεχὺοη
840 4525 1081 4594 ἄκρατος
1113 4528 1146 4596 ἡ
1184 4526 1349 4597 ὀργὴ,
1394 4528 1486 4581 καὶ
1536 4528 1565 4579 ὁ
1607 4530 2127 4601 παρρησιαζόμενος
2177 4533 2211 4604 ἣ
2258 4533 2602 4587 ἀναστέλλων
2639 4530 2838 4594 οὐδείς.
2871 4529 3258 4600 Ἐκενὼθησαν
3294 4527 3480 4591 πόλεις
3525 4528 3682 4597 οἰκη-

383 4614 597 4685 τόρων,
630 4613 824 4684 ἄνδρες
856 4615 947 4666 [σα
978 4613 1296 4685 βοσκήμασι
1318 4614 1776 4686 κατεσφάγησαν,
1808 4620 2071 4687 γυναῖκες
2117 4620 2502 4691 διασπώμεναι
2527 4622 2639 4675 τῶν
2663 4606 2951 4692 suam;wa
2973 4618 3189 4689 βιαίως,
3215 4616 3446 4671 ἐλεεινὸν
3476 4614 3681 4686 θέαμα,

382 4705 509 4762 toi;
534 4700 961 4769 ἀσελγεστάτοις
990 4702 1539 4773 ὲνασχημονούμεναι
1582 4705 1923 4775 πρόκεινται.
1978 4707 2074 4771 Τις
2112 4709 2276 4763 δώσει
2316 4713 2433 4774 τοῖς
2483 4709 2637 4781 ἐμοῖς
2679 4708 2984 4779 ὀφθαλμοῖς
3043 4704 3299 4777 δακρύων
3348 4704 3558 4776 πηγὰς,
3587 4707 3685 4757 καὶ

382 4790 710 4860 κλαύσομαι
749 4790 921 4843 ταῦτα
962 4790 1059 4844 καὶ
1115 4792 1182 4844 τὰ
1227 4790 1434 4845 τούτων
1481 4791 1853 4864 ὲ).εεινότερα;
1927 4792 2406 4870 Ἐὃεϐηλξώοησαν
2457 4796 2744 4869 παρῖθένοι
2791 4793 3174 4868 ἀφιερωμέναι
3232 4791 3493 4865 [οὐρανίῳ
3522 4790 3683 4864 νυμ-]

384 4880 537 4951 φῶνι
568 4880 710 4949 πρὸς
738 4879 898 4951 ὕϐριν
927 4881 1113 4951 ἀπήχο
1142 4879 1358 4952 [sint],
1389 4880 1760 4953 θυσιαστήρια
1813 4881 1908 4936 τοῦ
1947 4883 2083 4939 Θεοῦ
2114 4888 2181 4958 τῇ
2206 4885 2316 4940 τῶν
2340 4885 2674 4956 ἀκαθάρτων
2699 4884 2937 4956 ὲχράνθη
2969 4880 3308 4952 ἀκαθαρσίᾳ,
3341 4881 3682 4951 μονάζοντας

383 4971 492 5025 καὶ
540 4971 713 5040 ἱερεῖς
742 4968 896 5037 ξίφος
925 4969 1023 5024 καὶ
1061 4970 1277 5023 δουλεία
1333 4969 1643 5042 μερίζεται.
1695 4972 1858 5040 Οῐμοι
1900 4972 2011 5027 τῶν
2040 4975 2191 5045 ὲμῶν
2225 4976 2416 5029 κακῶν
2445 4975 2506 5029 τὸ
2541 4975 2884 5047 βαρύτατονῐ
2930 4973 3000 5026 τὰ
3026 4971 3304 5026 πολύαθλα
3343 4967 3456 5023 τῶν
3509 4968 3685 5038 ἁγῐων

379 5056 630 5127 λείψανα
684 5057 939 5122 παίζεται
963 5060 1077 5120 τοῖς
1106 5057 1360 5129 βεόήλοις
1404 5059 1504 5113 καὶ
1548 5057 1959 5124 καταικίζεται,
1994 5065 2089 5117 καὶ
2126 5065 2272 5135 μετὰ
2295 5066 2528 5120 θάνατον
2574 5062 2867 5133 δευτέρους
2919 5060 3117 5123 ἄθλους
3169 5060 3525 5130 ἰκρίστανταιι
3571 5057 3683 5111 [ιοῦ

385 5163 511 5218 μοι,
542 5148 827 5217 Δημξτριε
866 5147 1104 5218 μάρτυς,
1147 5151 1183 5218 ἡ
1229 5147 1501 5220 ἀήττητος
1535 5149 1824 5220 συμμαχία
1847 5151 2014 5216 ;,πίῦς
2053 5152 2155 5223 τὴν
2199 5152 2299 5224 σὴν
2330 5153 2489 5207 πόλιν
2523 5150 2815 5222 ὑπερεῖδες
2853 5149 3279 5233 πορθουμένηνς
3313 5149 3431 5213 πῶς
3465 5148 3570 5202 ὑπὸ
3598 5147 3683 5201 σοὶ

382 5235 676 5307 πολιούχῳ
708 5236 742 5307 ἠ
773 5235 992 5307 ἐχθροῖς
1022 5235 1225 5299 ἄϐατος
1259 5236 1356 5306 ἀφ’
1407 5235 1469 5290 οὗ
1528 5237 1725 5308 χρόνου
1782 5238 1989 5311 ταύτην
2016 5242 2172 5313 ἥλιος
2207 5242 2498 5305 ἐθεάσατο,
2529 5239 2803 5295 τοσούτων
2830 5238 3020 5294 κακῶν
3061 5242 3143 5303 εἰς
3185 5239 3388 5311 πείραν
3423 5239 3683 5308 ἐγένετοῖ

382 5325 513 5390 πῶς
554 5326 659 5395 τῆς
706 5325 816 5378 τῶν
861 5323 1279 5379 δυσσεῦούντων
1329 5324 1536 5397 ὀφρύος
1589 5327 1828 5398 ἠνέσχου
1882 5332 2330 5401 κατορχουμὲνου
2391 5332 2494 5402 τῆς
2557 5330 2711 5400 ἱερᾶς
2777 5329 3153 5399 προστασίας
3214 5327 3334 5392 πῶς
3394 5326 3691 5394 ὑπέμεινες

380 5413 571 5468 ταῦτα
596 5415 692 5468 καὶ
718 5414 978 5483 διεκαρτέ
988 5430 1205 5486 ρησας;
1240 5431 1297 5468 κ.
1328 5431 1380 5469 τ.
1410 5414 1462 5470 λ.
1497 5412 1553 5467 Ν
1558 5431 1660 5468 unc
1681 5416 1832 5470 nobis
1862 5418 2030 5473 imme:

2038 5435 2123 5474 asa
2152 5420 2238 5475 ira
2265 5420 2544 5484 incumbit,
2577 5428 2832 5490 nemoque
2860 5419 3045 5490 estqui
3066 5420 3312 5473 resistere
3334 5415 3549 5470 audeat.
3577 5410 3688 5467 Va-

382 5512 569 5558 cuata
605 5514 729 5557 sunt
772 5503 981 5557 civibus
1016 5502 1195 5566 urbes,
1242 5502 1343 5559 uiri
1387 5504 1648 5573 pecudum
1673 5506 1849 5558 instar
1882 5508 2161 5576 trucidati,
2206 5510 2418 5581 femina:
2446 5526 2479 5563 a
2515 5508 2724 5563 maritis
2755 5508 2803 5562 vi
2829 5506 3137 5573 abstractae,
3179 5501 3475 5560 miserabile
3519 5500 3633 5553 risu
3664 5499 3688 5553 .'

386 5594 780 5663 impurissimis
812 5593 1057 5650 hostibus
1088 5591 1350 5647 violanda:
1381 5602 1651 5662 prostant.
1680 5593 1813 5662 Quis
1837 5597 1964 5650 meis
1991 5599 2159 5654 oculis
2194 5601 2558 5668 lacrymarum
2587 5597 2761 5666 fontes
2782 5595 3164 5665 suppeditabit.
3204 5603 3259 5645 ut
3292 5593 3403 5644 lucc
3431 5600 3476 5643 et
3499 5589 3687 5657 pejora

385 5687 472 5739 bis
509 5684 654 5740 mala
694 5682 1018 5754 depictam?
1065 5679 1310 5735 Sacrata:
1363 5682 1561 5736 cwlesti
1610 5682 1818 5750 Sponsa
1862 5686 2090 5756 uirgines
2132 5687 2492 5741 dehonestum
2529 5696 2652 5739 sunt
2683 5695 2842 5755 atque
2870 5684 2941 5739 ad
2974 5680 3321 5751 ignominiam
3352 5686 3640 5748 pertracta'
3663 5691 3683 5730 :

387 5782 726 5849 impurorum
764 5772 1048 5845 spurcitiis
1075 5771 1276 5825 altaria
1311 5770 1405 5825 Dei
1434 5770 1642 5841 polluta
1675 5770 1935 5841 fuerunt:
1970 5777 2214 5832 monachi
2244 5786 2295 5831 et
2321 5775 2625 5832 sacerdotes
2658 5772 2855 5843 partim
2890 5784 3011 5825 ense
3049 5769 3370 5839 consumpti,
3407 5765 3686 5835 partimin
