4178 6414
554 286 620 346 27

1687 289 1995 352 NlCOLAl
2027 290 2138 350 cr.
2177 287 2690 380 iurauimus:

3763 282 3833 345 28

557 424 856 476 servitutem
889 421 1125 476 abdurti.
1178 422 1291 476 Heu
1334 423 1542 475 demum
1587 422 1850 475 malorum
1896 437 2131 474 meorum
2163 423 2537 492 gratissimum
2567 421 2587 473 .’
2637 420 2960 476 Sanctorum
2996 428 3068 472 tot
3105 421 3374 474 cruciatus
3407 422 3536 474 aliut
3575 435 3834 489 perpessa:

556 510 816 579 i'eliqnim,
861 510 1213 578 profanorum
1247 510 1477 563 ludibrio
1524 521 1572 562 et
1607 509 1825 579 injuriis
1855 525 1917 562 en
1946 521 2224 574 vexantur,
2253 520 2304 564 et
2349 510 2612 564 secundas
2655 525 2832 578 poenas
2876 515 2991 577 post
3031 507 3231 561 obitum
3266 508 3549 560 sustinent.
3598 505 3829 562 Ubinam

558 612 730 656 tuum.
771 598 1002 651 Demetri
1033 608 1259 666 martyr,
1294 597 1545 650 invictum
1598 594 1906 650 auxilium?
1949 611 2046 648 cur
2088 595 2324 648 civitatis
2359 603 2464 648 tua:
2497 594 2763 648 excidium
2790 591 3120 662 permisisti?
3148 593 3417 661 quomodo
3452 591 3602 656 urbs,
3633 607 3698 644 ex
3726 610 3829 663 quo

555 701 672 738 eum
705 685 784 738 sol
811 686 1089 753 conspicit,
1121 699 1214 750 per
1247 695 1394 737 tuum
1423 683 1729 749 prwsidium
1755 681 2207 752 inexpugnabilis,
2259 693 2370 737 tam
2411 684 2562 753 gravi
2594 683 2734 736 malo
2771 691 3015 751 correpta
3051 684 3167 736 est?
3201 698 3297 735 cur
3328 682 3612 750 impiorum
3645 698 3833 751 super-

559 776 698 828 biant
725 775 990 844 pertulisti
1017 775 1195 829 tutelte
1222 784 1326 828 tua:
1355 772 1700 828 insultantem
1725 775 1750 828 .7
1778 789 1872 827 cur
1897 777 2028 838 haec,
2057 774 2296 844 inquam,
2323 771 2440 841 ﬁeri
2468 787 2657 842 passus
2685 786 2737 824 es
2759 773 2785 826 .9
2816 777 2922 825 etc.

558 988 3799 1022 Μ

1498 1153 2912 1328 ΝΙΚΟΛΑΟΥ

1009 1430 1957 1522 ΑΡΧΙΕΠΙΣΚΟΠΟΥ
2031 1430 3394 1520 ΚΩΝΣΤΑΝΤΙΝΟΥΠΟΛΕΩΣ

918 2367 1886 2482 ,ΑΒΕΗΙΕΡΙΞΟΟΡΙ
1967 2369 2147 2462 C0]

2256 2367 3424 2465 lTANTlNOPOLlTANI

1794 2585 2585 2702 EPISTOL/E.

560 2979 606 3036 1.
645 2977 728 3032 Ad
759 2975 1184 3030 illustrissimum
1216 2980 1266 3026 et
1288 2970 1648 3025 clarissimum
1689 2978 1846 3040 atque
1885 2968 2139 3024 dilectum

1127 3057 1362 3097 ameram
1387 3040 1575 3096 Crette.

2188 2839 2257 2859 σ-

2250 2971 2317 3024 Α.
2379 2970 2464 3036 Τῷ
2524 2970 2816 3046 περιρόξφ
2869 2971 2970 3025 καί
3019 2933 3421 3046 λαμπροτάτῳ
3469 2973 3670 3044 ἀμηρᾷ
3729 2976 3840 3046 τῆς

2643 3041 2883 3111 Κρήτης
2937 3041 3034 3095 καὶ
3079 3041 3468 3115 ἠγαπημένῳ.

636 3159 829 3216 Omnis
879 3167 1095 3213 terrena
1151 3161 1398 3227 potestas
1449 3155 1739 3222 omnisque
1783 3153 2144 3224 principatus,

2325 3156 2481 3210 Πᾶσα
2514 3155 2761 3224 ἐπίγειος
2793 3154 3013 3220 ἐξουσία
3045 3157 3140 3211 καὶ
3183 3159 3328 3228 ἀρχὴ
3384 3160 3448 3212 έκ
3490 3161 3588 3229 τῆς
3633 3161 3844 3216 ἀνωθεν

563 3251 762 3316 amice,
780 3265 846 3305 ex
899 3263 1140 3318 superno
1188 3246 1496 3317 principatu
1541 3245 1744 3317 pendet
1788 3255 1953 3316 atque
1988 3254 2144 3316 pote-

565 3353 748 3410 state;
809 3357 911 3398 nec
948 3341 1060 3396 ulla
1114 3341 1260 3395 inter
1319 3339 1572 3394 homines
1630 3346 1907 3408 potestas,
1967 3354 2147 3409 neque

563 3446 758 3508 potens
805 3435 1101 3506 quisquam
1155 3432 1383 3504 prOprio
1444 3431 1668 3502 ingenio
1725 3431 2030 3501 potentiam
2089 3431 2142 3485 in

566 3528 730 3584 terris
781 3526 1150 3598 adipiscitur,
1204 3524 1338 3594 quin
1386 3521 1724 3578 concesserit
1773 3521 2038 3577 Dominus
2091 3521 2144 3575 in

563 3621 848 3677 altissimis
893 3633 1130 3690 regnans
1180 3617 1447 3687 solusque
1479 3623 1692 3686 potens.
1741 3613 1926 3681 Quare
1965 3613 2144 3679 decet,

562 3713 609 3769 si
645 3712 760 3768 ﬁeri
801 3721 1000 3783 potest,
1037 3717 1308 3782 quotquot
1362 3708 1506 3764 inter
1550 3707 1803 3764 homines
1843 3707 2145 3779 potentiam

561 3805 920 3869 obtinuimus,
965 3803 1180 3858 etiamsi
1217 3803 1272 3857 in
1316 3801 1471 3856 nullo
1515 3802 1622 3857 alio
1655 3801 1799 3856 inter
1851 3816 1952 3856 nos
1991 3815 2147 3855 com-

563 3894 849 3950 municare
886 3894 1134 3958 daretur,
1165 3893 1514 3949 sermonibus
1563 3901 1769 3959 tamen,
1801 3902 1856 3948 et
1888 3893 2014 3961 quia
2051 3908 2146 3962 po-

563 3980 746 4034 tentiae
777 3981 983 4035 donum
1019 3982 1089 4035 ab
1119 3995 1232 4035 uno
1265 3981 1571 4051 eodemque
1597 3996 1791 4036 sumus
1831 3983 2142 4049 consecuti,

564 4070 770 4126 nullam
803 4075 1224 4142 praetermittere
1253 4073 1398 4128 diem
1426 4075 1726 4144 quominus
1771 4084 1826 4131 et
1861 4076 2062 4132 litteris
2090 4087 2146 4132 et

563 4165 756 4234 legatis
806 4167 1282 4222 communicemus
1331 4167 1677 4236 negotiorum
1738 4169 1959 4238 peritis;
2022 4171 2146 4227 illos

562 4273 691 4312 vero
716 4257 806 4324 qui
835 4256 1066 4325 majores
1099 4267 1334 4313 tractant
1378 4260 1879 4332 magistratus,quo
1905 4263 2026 4332 plus
2049 4265 2148 4319 ho-

563 4364 696 4403 nore
758 4347 1067 4403 alﬁciuntut‘
1115 4361 1169 4404 et
1229 4360 1489 4422 tanquam
1567 4351 1769 4408 fratres
1844 4355 1984 4408 inter
2053 4371 2148 4410 su-

563 4444 1004 4511 perextolluntur
1042 4444 1428 4514 maximasque
1467 4453 1654 4499 tenent
1685 4455 2004 4513 potestates.
2037 4445 2146 4502 Sed

563 4534 695 4603 quid
733 4535 839 4590 sibi
885 4536 1074 4592 volunt
1110 4537 1293 4592 dicta?
1343 4537 1474 4593 Duae
1509 4538 1788 4609 siquidem
1844 4547 2148 4609 potestates

563 4643 782 4683 omnem
817 4639 1089 4684 terrenam
1123 4640 1383 4700 superant
1403 4639 1749 4701 potestatem,
1773 4631 1972 4687 fratres
1986 4633 2154 4688 Sara-

2252 3249 2511 3319 ἧρτηται,
2546 3242 2591 3300 ὦ
2625 3247 2876 3317 φιλότης,
2930 3247 3110 3319 ἀρχῆς
3142 3249 3239 3302 καὶ
3277 3250 3546 3315 ἔξουσίας,
3606 3254 3702 3307 καὶ
3739 3255 3842 3309 οὐκ

2254 3343 2406 3395 ἔστιν
2448 3340 2665 3406 ἐξουσία
2715 3344 2776 3394 ὲν
2813 3339 3150 3410 ἀνθρώποις,
3188 3341 3315 3395 οὐδὲ
3367 3343 3643 3415 δυνάστης
3675 3345 3736 3410 ἐξ
3759 3348 3843 3400 οἰ-

2254 3431 2412 3495 κείας
2456 3432 2740 3502 περινοίας
2795 3431 2890 3485 ἐπὶ
2934 3431 3032 3500 γῆς
3082 3431 3409 3487 δυναστείαν
3459 3435 3840 3507 κληρονομῶν,

2250 3526 2301 3578 si
2331 3524 2406 3595 μὴ
2434 3525 2462 3577 ό
2500 3525 2558 3576 ἐν
2586 3523 2833 3594 ὑψίστοις
2865 3522 3224 3593 ὲξουσιαστῆς
3254 3526 3348 3578 καὶ
3385 3525 3573 3598 ἄρχων
3610 3529 3707 3580 καὶ
3745 3530 3844 3597 μό·

2249 3634 2341 3679 νος
2370 3615 2642 3686 δυνάστης
2675 3615 2991 3690 κατανεΰσῃ
3007 3617 3108 3688 τὴν
3127 3617 3521 3688 κληρονομίαν.
3556 3620 3652 3672 Διὰ
3677 3621 3842 3674 τοῦτο

2251 3709 2554 3779 προσῆκεν,
2615 3710 2664 3762 εἰ
2689 3709 2938 3774 δυνατὸν,
3000 3709 3210 3772 πάντας
3260 3710 3389 3771 τοὺς
3437 3711 3496 3763 ὲν
3530 3711 3844 3782 ἀνθρώποις

2253 3801 2580 3856 δυναστείαν
2623 3802 2914 3873 λαχόντας,
2969 3804 3018 3856 εί
3076 3804 3172 3856 καὶ
3235 3803 3406 3874 μηδὲν
3462 3804 3652 3875 ἓτερον
3686 3801 3845 3876 ἦντὸ

2254 3893 2392 3964 πρὸς
2428 3891 2697 3963 ἀλλήλους
2735 3895 3018 3946 κοινωνεῖν
3050 3893 3379 3962 ἑπιτρέπον,
3429 3895 3526 3946 καὶ
3561 3893 3839 3948 ποιεῖσθαι

2257 3985 2356 4055 τὴν
2383 3985 2470 4040 διὰ
2491 3985 2668 4056 λόγων
2702 3986 3084 4057 προςομιλίαν,
3118 3986 3185 4039 δι’
3221 3986 3359 4039 αὐτό
3393 4003 3455 4054 γε
3506 3985 3689 4050 τοῦτο,
3724 3987 3845 4040 καθ’

2253 4076 2335 4130 ὅτι
2363 4076 2473 4129 τῶν
2495 4076 2756 4143 ἐξουσιῶν
2807 4077 2907 4147 τὴν
2936 4077 3148 4146 δωρεάν
3200 4076 3332 4147 παρ’
3387 4077 3506 4140 ἐνὸς
3553 4076 3844 4148 ἐλάχομεν,

2260 4169 2335 4242 μὴ
2378 4170 2766 4238 διαλιμπάνειν
2821 4169 2947 4222 ὅσαι
2979 4168 3192 4239 ἡμέραι
3251 4167 3529 4220 ποιεῖσθαι
3575 4169 3674 4239 τὴν
3709 4171 3845 4239 προς

2255 4263 2521 4332 ἀλλήλους
2544 4261 2854 4327 κοινωνίαν,
2886 4261 2981 4314 καὶ
3005 4260 3093 4313 διὰ
3119 4261 3472 4330 γραμμάτων
3501 4260 3592 4314 καὶ
3611 4260 3680 4313 δι’
3709 4262 3846 4315 ἀπο-

2254 4359 2464 4413 στόλων
2500 4359 2612 4412 τῶν
2661 4355 3148 4428 ἐξυπηρετούντων
3207 4358 3326 4418 τοῖς
3361 4355 3679 4426 πράγμασι.
3740 4356 3844 4408 Το-

2257 4452 2433 4522 σούτῳ
2467 4451 2523 4505 δὲ
2551 4450 2714 4504 πλέον
2744 4450 2874 4513 τοὺς
2904 4448 3003 4512 τάς
3055 4449 3303 4516 μεγάλας
3350 4447 3526 4519 ἀρχάς
3562 4449 3658 4502 καὶ
3692 4447 3850 4514 ἐξου-

2256 4546 2379 4609 σίας
2408 4545 2718 4609 διέποντας,
2751 4544 2863 4612 ὃσῳ
2906 4541 3003 4596 καὶ
3047 4541 3250 4611 μᾶλλον
3285 4540 3660 4610 διαφερόντως
3699 4557 3848 4593 τετι-

2261 4654 2487 4707 μηνται,
2551 4635 2648 4688 καὶ
2680 4629 2793 4688 οἷον
2827 4633 3053 4704 ἀδελφοί
3085 4649 3232 4694 τινες
3262 4631 3374 4684 τῶν
3392 4630 3570 4686 ἄλλων
3601 4630 3848 4697 ἀδελιξῶν

561 4739 823 4778 cenorum
862 4723 1073 4780 scilicet
1121 4739 1186 4780 ac
1217 4723 1610 4791 Romanorum,
1633 4740 1740 4778 non
1771 4741 1930 4781 secus
1965 4742 2030 4781 ac
2062 4727 2147 4782 illa

2260 4732 2629 4800 ὑπερέχοντες
2681 4730 2774 4781 καὶ
2809 4725 3226 4798 προκριθέντες,
3271 4723 3493 4786 καὶτὰς
3531 4719 3643 4776 τῶν
3687 4724 3846 4792 μεγί-

563 4821 672 4873 duo
721 4820 930 4890 majora
975 4820 1031 4875 in
1085 4820 1432 4875 ﬁrmamento
1478 4819 1770 4874 luminaria
1804 4837 1820 4874 ε
1854 4830 1907 4875 et
1929 4829 2149 4892 propter

564 4911 616 4963 id
672 4911 1037 4967 communiter
1087 4919 1140 4967 et
1193 4910 1434 4966 fraterne
1480 4927 1541 4966 se
1572 4911 1638 4966 ad
1673 4911 1907 4967 invicem
1947 4914 2149 4970 habere

563 5005 688 5060 illos
722 5014 972 5075 oportet;
1005 5020 1184 5073 neque
1231 5005 1354 5061 ideo
1412 5005 1560 5076 quod
1610 5007 1885 5072 moribus,
1931 5009 2041 5064 vita
2097 5020 2152 5064 et

563 5098 714 5152 cultu
766 5098 1177 5168 discrepemus,
1200 5097 1410 5152 alienos
1448 5097 1514 5152 ad
1549 5097 1878 5153 alterutrum
1901 5114 2152 5155 essenec

564 5199 796 5248 cunctos
845 5207 945 5247 nos
999 5191 1307 5246 litterarum
1358 5191 1696 5246 commercio
1734 5191 1951 5259 privare
1995 5191 2154 5247 decet

564 5287 612 5344 si
646 5287 938 5344 convenire
970 5302 1080 5342 non
1106 5287 1302 5351 datur;
1330 5288 1475 5356 quod
1499 5287 1662 5340 etiam
1691 5295 1822 5341 tunc
1849 5285 2009 5342 nobis
2029 5302 2155 5341 sen-

567 5381 812 5436 tiendum
875 5390 1024 5436 esset
1093 5395 1157 5435 ac
1224 5382 1538 5448 agendum,
1593 5395 1716 5434 cum
1782 5379 1930 5435 nulla
1980 5378 2049 5434 ad
2102 5380 2153 5434 id

565 5473 871 5543 impelleret
903 5471 1249 5542 negotiorum
1293 5472 1614 5528 necessitas.

574 5765 678 5803 των
697 5750 869 5818 -χρεία
893 5751 1028 5816 πρὸς
1054 5750 1213 5803 τοῦτο
1248 5751 1642 5813 προύτρέπετο.

2262 4840 2404 4877 στων
2431 4823 2614 4893 ἀρχῶν
2651 4822 2746 4875 καὶ
2782 4821 3045 4886 ἐξουσιῶν
3076 4820 3381 4888 διοικήσεις
3416 4817 3847 4886 ἐπιτραπέντες,

2261 4919 2326 4972 Τί
2350 4916 2602 4987 βούλεται
2630 4918 2765 4986 ἡμῖν
2791 4915 2852 4967 τὸ
2883 4914 3179 4984 εἰρημένον
3203 4929 3219 4977 ;
3257 4913 3380 4965 ’Ότι
3400 4911 3494 4964 δύο
3529 4911 3850 4981 κυριότητες

2266 5012 2454 5082 πάσης
2493 5011 2592 5079 τῆς
2631 5012 2688 5062 ἐν
2714 5013 2783 5079 γῇ
2825 5012 3176 5078 κυριότητος,
3205 5007 3240 5077 ἥ
3276 5023 3337 5060 τε
3366 5005 3476 5060 τῶν
3511 5001 3852 5074 Σαρακηνῶν

2262 5103 2358 5155 καὶ
2387 5100 2553 5171 ἡτῶν
2589 5100 2882 5170 Ῥωμαίων
2908 5099 3314 5171 ὐπερανέχουσι
3360 5097 3458 5152 καὶ
3508 5095 3854 5162 διαλάμπου-ο

2261 5211 2367 5256 σιν,
2403 5193 2597 5262 ὥσπερ
2626 5195 2676 5246 οἱ
2705 5192 2801 5247 δύο
2836 5193 3068 5264 μεγάλοι
3096 5194 3155 5246 ἐν
3199 5191 3276 5262 τῷ
3335 5187 3688 5257 στερεώματι
3737 5200 3854 5252 φω-

2259 5285 2485 5356 στῆρες.
2540 5286 2654 5340 Καὶ
2681 5285 2762 5340 δεῖ
2789 5288 2911 5340 κατ’
2943 5285 3080 5340 αὑτό
3110 5302 3175 5353 γε
3212 5281 3376 5336 τοῦτο
3413 5280 3573 5350 μόνον
3598 5291 3849 5330 κοινωνι-

2257 5377 2371 5442 κῶς
2404 5379 2553 5450 ἔχειν
2583 5381 2680 5434 καὶ
2713 5379 3048 5448 ἀδελφικῶς,
3097 5379 3193 5431 καὶ
3247 5374 3370 5446 μηδ’
3417 5375 3499 5426 ὅτι
3538 5371 3657 5429 τοῖς
3712 5366 3849 5435 βίοις

2256 5474 2353 5528 καὶ
2379 5475 2496 5538 τοῖς
2552 5474 2954 5546 ἐπιτηδεύμασι
3004 5474 3099 5526 καὶ
3148 5469 3227 5541 τῷ
3269 5468 3578 5537 σεὸάσματι
3607 5460 3878 5547 κεχωρί-ὖ

568 5565 768 5632 σμεΘα,
805 5567 1160 5621 παντάπασιν
1195 5564 1493 5636 ἀλλοτρίως
1553 5566 1859 5620 διακεῖσθαι
1929 5566 2024 5620 καὶ
2083 5571 2411 5639 ἀποστερεῖν
2442 5568 2677 5631 ἑαυτοὺς
2700 5567 2801 5637 τῆς
2831 5567 2920 5620 διὰ
2979 5566 3090 5618 τῶν
3144 5563 3495 5633 γραμμάτων
3525 5551 3844 5626 συνομιλίας

573 5655 725 5726 παρὰ
760 5658 926 5728 μέρος
961 5656 1235 5725 ἐντυχίας.
1263 5657 1356 5710 Δεῖ
1381 5657 1480 5726 μὲν
1508 5651 1601 5710 οὗν
1627 5657 1778 5712 οὓτω
1819 5658 1911 5710 καὶ
1938 5660 2157 5727 φρονεῖν
2192 5660 2341 5728 ἡμᾶς
2384 5660 2479 5714 καὶ
2559 5660 2754 5723 ποιεῖν,
2807 5656 2912 5711 κᾶν
2956 5653 3196 5726 μηδεμία
3269 5670 3353 5717 τις
3407 5651 3542 5721 ἄλλη
3585 5644 3847 5719 πραγμά-

3867 5622 3886 5686 i

3869 5691 3896 5756 ἱ
