4178 6420
452 307 516 370 31
1583 304 1888 386 NlCOLAl
1931 305 2038 363 (ΖΡ,
2082 304 2600 365 PA'l‘RlARClLE
3655 303 3732 370 32

457 424 751 482 Saracenis
782 425 898 494 lege
938 423 1276 494 gubernatis,
1317 432 1370 478 et
1404 422 1585 478 insula
1631 438 1774 492 qum,
1823 433 2040 479 trecen-

2154 424 2258 486 νοῖς
2288 424 2402 487 τοῖς
2431 423 2582 490 νόμῳ
2607 419 3066 490 πολιτευομένοις,
3097 421 3191 473 καὶ
3219 421 3382 490 νῆσος
3406 419 3606 494 μικροῦ
3638 419 3734 492 ἐτη

456 519 527 572 tis
575 519 686 571 fere
731 518 935 572 abhinc
986 518 1166 583 annis,
1219 533 1284 572 cx
1347 531 1457 586 quo
1540 515 1832 571 tributaria
1887 519 2038 574 vobis

464 607 655 662 eﬂ'ecta
681 619 784 670 est,
813 622 1089 674 nunquam
1122 607 1470 661 subditorum
1496 607 1744 662 ordinem
1769 608 2037 673 decernit,

459 715 638 769 neque
687 700 983 769 quidquam
1036 699 1160 753 novi
1213 699 1434 754 admisit
1481 699 1624 753 circa
1664 701 1887 767 tributa,
1927 701 2042 757 sive

460 792 836 860 quodcunque
861 790 1005 845 aliud
1039 790 1322 844 servitium
1345 789 1639 846 Saracenis
1669 791 2038 859 tribuendum,

460 899 641 953 neque
662 883 826 937 ullam
881 881 1296 952 reprehensioni
1335 897 1558 937 causam
1598 883 1714 952 prae’
1743 898 1802 937 se
1832 882 2040 948 ferens,

461 974 579 1030 sola
640 972 879 1027 amentia
929 972 1170 1027 hominis
1235 975 1328 1042 qui
1387 973 1830 1028 Christianorum
1883 973 2042 1028 fidem

462 1065 702 1135 negavit,
739 1063 949 1118 cultum
983 1078 1113 1118 vero
1162 1061 1567 1119 Saracenorum
1621 1065 1914 1127 adulterat,
1948 1065 2044 1118 de-

461 1168 610 1214 serta
645 1159 787 1212 facta
819 1166 902 1212 est
932 1174 995 1212 ac
1025 1159 1207 1228 periit,
1238 1160 1470 1228 eiusque
1518 1159 1710 1221 incolae
1734 1157 1823 1212 alii
1865 1156 2045 1228 gladio

465 1252 615 1312 (πεῖ,
654 1250 745 1304 alii
771 1265 898 1302 vero
942 1250 1166 1304 sedibus
1201 1250 1319 1305 suis
1353 1250 1591 1319 expulsi,
1647 1251 1790 1304 istud
1835 1259 2044 1305 tantum

471 1342 676 1396 crimen
713 1341 974 1395 habentes
1001 1342 1141 1410 quod
1180 1349 1330 1396 tanto
1357 1350 1601 1411 tempore
1633 1342 1866 1397 libenter
1889 1343 2047 1398 vobis

467 1420 778 1497 servierint,
817 1449 995 1502 neque
1037 1449 1276 1502 unquam
1303 1433 1507 1488 fuerint
1548 1435 1600 1488 in
1632 1443 1876 1488 vestrum
1921 1450 2049 1504 pec-

465 1533 654 1580 cantes
718 1525 1040 1595 obsequium
1092 1526 1441 1595 deprehensi,
1472 1527 1600 1582 licet
1635 1529 1835 1597 saepius
1867 1529 2048 1599 gravi-

467 1629 548 1672 ter
577 1618 632 1671 in
674 1633 770 1673 eos
816 1629 1009 1672 contra
1043 1616 1314 1673 foederum
1371 1618 1496 1687 jura
1546 1628 1602 1675 et
1645 1621 1789 1690 quod
1829 1635 2046 1690 mquam

467 1719 606 1772 erat,
651 1709 864 1764 fueritis
895 1709 1137 1775 invecti;
1181 1710 1276 1764 sed
1316 1719 1367 1765 et
1399 1711 1443 1766 si
1488 1713 1708 1781 quando
1734 1721 2042 1780 peccantes,

468 1811 530 1855 ut
613 1802 926 1880 hominibus
975 1818 1072 1871 par
1124 1811 1228 1868 est,
1295 1805 1502 1874 aliquid
1558 1813 1749 1859 contra
1805 1815 2047 1860 vestram
2083 1780 2124 1834 Β

475 1893 814 1948 voluntatem
853 1893 992 1948 forte
1027 1895 1350 1961 voluissent,
1384 1910 1492 1950 non
1539 1907 1726 1950 tamen
1765 1898 2051 1965 oportebat

471 1999 568 2039 eos
618 1985 790 2039 armis
829 1984 903 2039 ita
956 1985 1177 2056 aggredi
1229 2001 1333 2041 nec
1377 1986 1562 2041 statim
1613 1987 1667 2041 in
1711 1996 1950 2056 stragem
1997 1996 2052 2041 et

469 2077 694 2131 vulnera
734 2094 990 2143 currere;
1033 2079 1179 2148 quod
1230 2094 1338 2134 non
1372 2079 1547 2135 solum
1579 2080 1873 2135 Saracenis
1913 2080 2053 2134 indi-

470 2185 661 2239 gnum,
697 2171 790 2225 sed
854 2172 1018 2226 etiam
1061 2171 1308 2240 quolibet
1343 2171 1544 2242 populo
1585 2171 1838 2227 humana:
1883 2171 2053 2225 admi-

467 2262 815 2318 nistrationis
874 2273 928 2316 et
983 2264 1421 2318 conversationis
1477 2279 1584 2318 non
1639 2264 1813 2319 inscio
1872 2278 2052 2333 neque

467 2355 866 2421 immemores;
926 2356 1018 2409 sed
1061 2357 1211 2424 prius
1269 2357 1668 2426 reprehendere
1737 2366 2050 2427 peceatum,

469 2445 730 2514 injustam
765 2449 956 2517 agendi
993 2449 1652 2516 rationemjconvincere,
1702 2463 1908 2518 eosque
1957 2447 2054 2501 ad-

472 2550 697 2590 monere
757 2545 816 2590 ut
870 2537 1256 2606 resipiscerent
1315 2554 1414 2594 nec
1465 2537 1618 2607 justo
1693 2539 2047 2604 exciderent,

473 2641 653 2695 neque
705 2628 898 2691 semel,
958 2630 1052 2683 sed
1113 2629 1198 2683 bis
1257 2639 1312 2684 et
1349 2633 1588 2698 saepius;
1648 2631 1752 2685 nisi
1804 2647 1932 2686 vero
1987 2635 2054 2688 ad

468 2717 670 2772 bonum
697 2719 894 2774 vellent
935 2721 1131 2785 redire,
1158 2722 1314 2775 mala:
1373 2721 1644 2775 voluntati
1703 2723 2052 2792 inhazrentes,

472 2821 602 2863 tunc
665 2811 1054 2876 omni.divina
1124 2813 1476 2882 humanaque
1535 2815 1742 2869 ultione
1797 2828 2053 2886 arrepta,

468 2903 812 2957 eonaremiui
865 2905 1059 2972 punire
1088 2914 1142 2957 et
1170 2905 1466 2973 reprimere
1501 2905 1797 2959 amentiam
1830 2921 1896 2960 eo
1929 2923 2057 2976 pro-

469 2999 704 3048 vectam.
755 2993 860 3046 Sed
900 2994 1028 3047 nihil
1068 2996 1258 3048 hormn
1294 2994 1495 3049 factum
1526 3003 1637 3061 est;
1674 2996 1804 3063 imo,
1836 3006 1894 3050 ut
1922 2998 2054 3061 dixi,

474 3085 724 3139 homines
771 3085 1026 3140 innoxios
1067 3088 1333 3157 culpaque
1416 3103 1636 3154 vacuos,
1683 3089 1883 3158 quique
1923 3090 2056 3143 nihil
2083 3122 2126 3182 α

472 3175 778 3244 antiquitus
835 3175 1148 3245 juratorum
1195 3177 1562 3244 violaverunt,
1611 3194 1721 3234 non
1777 3195 1935 3236 secus
1993 3197 2056 3236 ac

474 3267 663 3325 hostes
690 3267 825 3324 estis
853 3268 1109 3325 insecuti.
1422 3281 1427 3285 '

544 3542 679 3607 Quis
710 3541 838 3596 talia
873 3541 1122 3606 audiens,
1161 3543 1277 3597 sive
1319 3556 1512 3598 eorum
1550 3542 1644 3613 qui
1694 3559 1839 3598 nunc
1897 3553 2050 3606 sunt,

474 3633 588 3687 sive
608 3631 938 3698 futurorum,
963 3641 1236 3702 gestorum
1263 3642 1514 3689 auctores
1541 3649 1751 3704 magnae
1778 3634 2056 3704 iniustitiae

475 3739 582 3777 non
607 3724 1036 3778 condemnabit?
1068 3740 1251 3780 nonne
1273 3726 1438 3780 etiam
1472 3725 1708 3794 majores
1735 3727 1927 3792 vestri,
1959 3726 2054 3796 qui

474 3814 681 3870 fmdera
714 3831 838 3871 cum
877 3816 1349 3887 Cypriisiuierunt
1383 3817 1824 3888 juramentisque
1855 3817 2056 3872 eonlir-

477 3915 725 3972 marunt,
765 3907 811 3962 si
843 3909 968 3977 quis
998 3906 1270 3963 defunctis
1316 3916 1565 3964 remanet
1608 3924 1806 3965 sensus
1860 3921 2052 3962 eorum

471 4012 594 4068 qua
621 3999 712 4054 hic
742 4009 1082 4068 quaeruntur,
1114 4010 1305 4054 contra
1329 4014 1424 4054 vos
1461 3999 1784 4068 gemebundi
1807 3998 2057 4068 indigna-

473 4093 703 4155 buntur,
727 4106 936 4160 vosque
967 4091 1148 4146 omnis
1183 4091 1657 4146 condemnationis
1688 4105 1814 4146 reos
1838 4089 2054 4160 judica-

477 4185 632 4246 bunt,
689 4190 949 4251 tanquam
1012 4195 1198 4237 sontes
1238 4198 1351 4237 non
1399 4183 1580 4238 solum
1624 4186 1678 4237 in
1724 4183 2052 4254 Cypriorum

476 4274 736 4339 insulam,
797 4273 891 4328 sed
922 4273 1086 4329 etiam
1119 4274 1172 4326 in
1217 4274 1388 4344 ipsos,
1428 4283 1480 4329 et
1506 4284 1566 4329 ut
1607 4275 1907 4344 parricidas
1935 4291 2056 4330 om-

475 4366 639 4422 nibus
683 4382 779 4422 vos
824 4367 1133 4421 maledictis
1167 4367 1513 4422 onerabunt‘l
1546 4367 1695 4438 quod
1743 4369 1788 4424 si
1835 4369 1961 4440 quis
1997 4369 2054 4424 in

2141 513 2436 582 τριακόσια
2465 513 2524 578 ἐξ
2564 503 2626 564 οὗ
2671 511 2946 580 ὑπόφορος
2981 509 3119 564 οὖσα
3166 510 3298 580 ὑμῖν
3338 511 3609 580 ἐγεγόνει,
3641 513 3739 564 καὶ

2147 606 2289 658 κατὰ
2323 605 2492 675 μηδὲν
2515 604 2747 672 ὀφθεῖσα
2773 605 2872 672 τῆς
2921 603 3166 672 ὑπηκόου
3191 603 3406 669 τάξεως
3461 603 3738 676 μεταϐαλο

2143 695 2372 765 λομένη,
2424 696 2556 766 μηδέ
2601 694 3052 764 καινοτομήσασά
3083 713 3134 748 τι
3182 695 3316 764 περὶ
3353 696 3482 758 τοὺς
3513 697 3738 766 φόρους,

2147 787 2284 858 μηδὲ
2346 789 2476 858 περὶ
2529 788 2630 858 τὴν
2667 787 2836 857 ἀλλην
2887 787 3158 854 δουλείαν,
3218 788 3352 858 ὅσην
3400 788 3740 858 Σαρακηνοῖς

2143 877 2422 932 δουλεύειν
2465 879 2658 949 ἐχρῆν,
2709 878 2835 950 μηδ’
2880 881 3022 944 ὅλως
3089 897 3142 933 τι
3190 879 3301 932 τῶν
3356 879 3618 951 ἓγκλησιν
3643 883 3741 934 ἐπ-

2145 970 2392 1039 αγόντων
2415 972 2604 1025 αἰτίαν
2627 972 2892 1041 φέρουσα,
2916 973 2981 1024 ἐκ
3009 971 3181 1040 μόνης
3210 971 3475 1035 ἀπονοίας
3517 972 3739 1043 ἀνδρὸς,

2147 1064 2244 1117 καὶ
2276 1064 2377 1135 τὴν
2407 1065 2518 1117 τῶν
2552 1064 2902 1134 Χριστιανῶν
2957 1064 3354 1135 ἀπηρνημένου
3407 1064 3614 1130 πίστιν,
3646 1064 3742 1118 καὶ

2147 1155 2209 1208 τὸ
2239 1156 2578 1226 Σαρακηνῶν
2639 1156 2810 1218 σέϐας
2849 1156 3190 1222 νοθεύοντος,
3228 1156 3590 1227 ἐξηρήμωται
3647 1157 3762 1210 και

2148 1240 2418 1298 ἀπόλωλε.
2453 1245 2568 1297 Καί⁵
2595 1246 2644 1296 οί
2686 1245 2895 1314 ταύτης
2917 1247 3204 1316 οίκήτορες
3235 1246 3284 1298 οί
3319 1245 3421 1316 μὲν
3457 1246 3742 1319 μαχαίρας

2149 1331 2336 1402 ἔργον,
2367 1335 2418 1386 οί
2447 1334 2507 1388 δὲ
2539 1335 2834 1389 ἀνάστατοι
2883 1337 3170 1405 γεγόνασι,
3201 1337 3364 1390 τούτο
3399 1338 3564 1408 μόνον
3589 1340 3744 1409 ἕχον-

2147 1441 2239 1488 τες
2275 1425 2553 1497 ἔγκλημα,
2601 1429 2683 1481 ὅτι
2749 1429 2842 1482 ἐπὶ
2899 1430 3270 1500 μακρετάτοις
3322 1430 3466 1484 οὕτω
3507 1432 3736 1502 χρόνοις

2152 1515 2451 1573 ὑπέκειντο
2502 1519 2869 1590 εὐγνωμόνως
2928 1523 3081 1592 ὑμῖν,
3119 1524 3218 1576 καὶ
3270 1522 3423 1576 οὐδὲν
3479 1521 3743 1594 ὤφθησαν

2148 1611 2258 1666 τῶν
2283 1615 2362 1675 εἰς
2395 1614 2674 1685 ὑμετέραν
2704 1614 3056 1684 ἐλλείψαντες
3106 1615 3435 1685 θεραπείαν,
3477 1617 3742 1680 πολλάκις

2153 1709 2308 1779 ὑμῶν
2337 1708 2549 1779 βαρέως
2585 1710 2990 1780 ἐπενεχθέντων
3019 1713 3205 1775 αὑτοῖς
3229 1713 3324 1765 καὶ
3367 1711 3524 1783 παρά
3565 1729 3743 1784 προσ-

2155 1799 2292 1869 ῆκον
2336 1800 2431 1853 καὶ
2467 1801 2537 1854 τά
2600 1801 2758 1855 κοινά
2785 1801 2973 1855 δίκαια
3033 1802 3142 1856 τῶν
3183 1801 3516 1872 συμφώνων.
3546 1804 3744 1859 Καίτοι

2153 1908 2218 1960 γε
2249 1892 2408 1960 εἴπερ
2427 1894 2519 1946 καὶ
2546 1889 2633 1947 οἷα
2661 1895 2731 1948 τά
2755 1895 3077 1964 ἀνθρώπινα
3099 1895 3396 1964 σφαλέντες
3415 1897 3739 1968 ἐτύγχανον,

2153 1985 2248 2038 καὶ
2270 1985 2598 2050 ἀπεναντίας
2640 1986 2951 2058 ἐφρόνησάν
3005 2005 3058 2040 τι
3085 1987 3180 2040 τοῦ
3232 1988 3502 2059 ὑμετέρου
3537 1992 3743 2060 φρονή-

2157 2093 2348 2146 ματος,
2371 2077 2478 2131 οὐδ’
2502 2077 2679 2141 οὑτως
2707 2081 2881 2150 ἐχρῆν
2903 2079 3096 2142 ὅπλοις
3125 2079 3366 2144 ἐπιέναι,
3399 2081 3512 2134 οὐδ’
3539 2081 3745 2135 αὐτίκα

2155 2169 2291 2238 πρὸς
2314 2169 2519 2238 αἵματα
2546 2173 2746 2242 χωρεῖν
2777 2172 2876 2225 καὶ
2900 2173 3116 2240 σφαγάς
3135 2187 3150 2202 '
3183 2171 3344 2226 τοῦτο
3396 2173 3510 2243 γὰρ
3537 2172 3635 2245 οὐχ
3660 2173 3740 2226 ὅτι

2153 2261 2492 2331 Σαρακηνῶν
2515 2262 2685 2329 ἄξιον,
2714 2262 2831 2316 ἀλλ’
2868 2264 2988 2317 οὐδέ
3015 2282 3163 2328 τινος
3190 2265 3380 2336 ἐτέρου
3423 2265 3614 2329 ἔθνους
3648 2267 3744 2319 ἀνο

2156 2350 2446 2423 θρωπίνην
2475 2355 2757 2408 πολιτείαν
2793 2355 2891 2409 καὶ
2923 2355 3038 2426 βίον
3075 2357 3278 2420 εἰδότος
3307 2357 3402 2410 καὶ
3438 2355 3741 2421 σώζοντος·

2156 2444 2294 2497 ἀλλά
2332 2445 2604 2516 πρότερον
2634 2447 2896 2515 ἐγκαλεῖν
2935 2448 3066 2519 περὶ
3098 2447 3194 2501 τοῦ
3229 2448 3573 2519 σφάλματος,
3629 2449 3747 2515 ἐξε-

2156 2535 2380 2605 λέγχειν
2411 2539 2488 2602 ῶς
2521 2539 2583 2593 οὑ
2623 2539 2812 2593 δίκαια
2837 2541 3167 2611 πράττουσι,
3202 2544 3496 2612 παραινεῖν
3532 2541 3744 2593 ἑαυτῶν

2158 2628 2435 2694 γενέσθαι,
2467 2632 2563 2685 καὶ
2589 2632 2664 2702 μὴ
2691 2631 3024 2700 ἐκφέρεσθαι
3065 2633 3160 2686 τοῦ
3214 2635 3611 2704 προσήκοντος,
3651 2635 3745 2686 καὶ

2158 2723 2320 2776 τοῦτο
2350 2725 2448 2796 ούχ
2495 2725 2662 2793 ἅπαξ,
2713 2727 2852 2780 ἀλλά
2880 2728 2975 2780 καὶ
3007 2728 3091 2790 δὶς
3141 2729 3239 2782 καὶ
3265 2728 3448 2784 πλέον.
3482 2730 3591 2782 Καὶ
3623 2729 3743 2796 εἴγε

2158 2815 2573 2886 ἀνεπιστρόφως
2625 2814 2795 2889 εἶχον,
2851 2820 2946 2873 καὶ
3012 2820 3136 2874 ἀντὶ
3173 2821 3269 2874 τοῦ
3323 2821 3662 2892 μεταμαθεῖν
3684 2821 3746 2874 τὸ

2156 2907 2323 2958 καλὸν
2349 2911 2412 2977 τῇ
2443 2907 2647 2978 χείρονι
2699 2911 3055 2980 προσέκειντο
3112 2910 3334 2984 γνώμῃ.
3385 2914 3508 2966 τότε
3561 2914 3747 2967 πᾶσαν·

2158 2996 2643 3067 ἀπεκδυσαμένους
2673 3000 2769 3054 καὶ
2805 3001 2956 3055 θείαν
2989 3001 3212 3073 νέμεσιν
3244 3003 3338 3056 καὶ
3361 3004 3742 3076 ἀνθρωπίνην,

2160 3087 2462 3158 ἐπιχειρεῖν
2495 3087 2596 3160 τὴν
2619 3089 2886 3142 ἀπόνοιαν
2917 3089 3027 3143 τῶν
3060 3093 3142 3155 είς
3191 3091 3352 3144 τοῦτο
3385 3092 3743 3144 συνελασθέν-

2161 3177 2271 3229 τῶν
2311 3180 2688 3251 τιμωρεῖσθαι
2720 3181 2815 3234 καὶ
2838 3181 3190 3251 ἀνακρούειν.
3232 3183 3518 3253 Ἑπράχθη
3553 3184 3610 3235 δέ
3636 3201 3746 3236 τοι-

2159 3268 2313 3320 οὖτον
2335 3270 2680 3336 οὐδέν·ἀλλ’,
2713 3271 2852 3340 ὅπερ
2885 3265 3063 3336 εἷπον,
3097 3272 3423 3343 ἀνθρώπους
3460 3273 3742 3336 ἀναιτίους

2161 3361 2327 3428 μηδὲν
2381 3362 2738 3434 ἠδικηκότας,

2157 3452 2520 3522 ἠθετηκότας,
2547 3455 2636 3508 ἴσα
2663 3457 2758 3510 καὶ
2788 3456 3078 3526 πολεμίοις
3107 3457 3531 3528 διεχειρίσασθε.

2226 3545 2544 3615 Τίςίάκούων
2561 3546 2775 3619 ταῦταῆ
2795 3548 2903 3602 τῶν
2918 3547 3037 3613 νῦν,
3058 3549 3091 3620 ἦ
3107 3550 3214 3602 τῶν
3233 3550 3532 3616 μετέπειτα
3546 3549 3746 3622 ἐσομέ-

2155 3654 2262 3691 νων
2284 3638 2404 3708 οὑχὶ
2447 3629 2694 3710 μεγάλην
2737 3639 2953 3694 ἀδικίαν
2980 3639 3088 3694 τῶν
3111 3639 3304 3705 [ταῦτα
3327 3641 3744 3710 καταγνώσεται

2154 3729 2654 3801 διαπεπραγμένων
2677 3749 2691 3797 ;
2728 3731 2854 3796 Πῶς
2875 3731 2932 3786 δὲ
2960 3733 3008 3785 oi
3037 3733 3383 3806 προπάτορες
3405 3733 3560 3805 ὑμῶν
3599 3735 3648 3787 οί
3676 3730 3745 3788 τά

2156 3820 2424 3891 σύμφωνα
2442 3823 2536 3876 καὶ
2563 3823 2690 3888 τοὺς
2721 3825 2917 3894 ὅρκους
2938 3825 3157 3896 θέμενοι
3175 3827 3316 3898 πρός
3351 3825 3658 3898 Κυπρίους,
3685 3829 3737 3881 ei

2157 3931 2242 3977 τις
2269 3914 2388 3967 ἐστὶ
2405 3914 2515 3968 τῶν
2535 3917 2594 3969 ἐν
2625 3916 2704 3987 τῷ
2731 3916 2831 3989 βίῳ
2848 3918 3025 3988 τούτῳ
3038 3919 3433 3990 πραττομένων
3463 3919 3577 3982 τοῖς
3597 3920 3747 3973 ἀποι-

2155 4004 2408 4075 χομένοις
2442 4006 2820 4078 συναίσθησις,
2849 4009 2970 4079 οὐχὶ
2997 3999 3249 4079 μεγάλως
3271 4008 3591 4076 στενάξαιτο
3620 4007 3745 4062 καθ’

2155 4093 2332 4163 ὑμῶν,
2381 4095 2478 4148 καὶ
2509 4095 2692 4167 πάσης
2757 4098 3140 4166 κατακρίσεως
3214 4097 3436 4167 ἐνόχους
3498 4096 3748 4166 καταψη-

2156 4186 2428 4256 φιοῦνται,
2459 4188 2520 4242 οὑ
2575 4189 2735 4260 μόνον
2774 4189 2850 4252 ὡς
2901 4189 3330 4261 ἐξαμαρτῶντας
3371 4191 3452 4252 είς
3505 4189 3606 4261 τὴν
3636 4189 3746 4242 τῶν

2154 4280 2428 4350 Κυπρίων
2456 4280 2645 4349 νῆσον,
2674 4279 2814 4334 ἀλλά
2843 4280 2938 4334 καὶ
2982 4285 3064 4344 εἰς
3110 4280 3367 4343 ἐκείνους
3393 4281 3616 4347 αὐτοὺς,
3652 4284 3748 4336 καὶ

2155 4369 2232 4434 ὡς
2269 4371 2606 4441 πατραλοίας
2651 4371 2858 4433 πάσαις
2893 4370 3270 4425 ὑποϐαλοῦσιν
3299 4372 3510 4442 ἀραῖς;
3547 4374 3619 4426 Ἦ
3647 4373 3746 4427 ἐάν

473 4469 684 4530 patrem
719 4458 897 4513 adhuc
929 4459 1208 4513 viventem.
1227 4475 1295 4515 eo
1319 4475 1430 4530 quo
1462 4461 1840 4528 insurrexerit,
1871 4469 2054 4516 notam

2159 4477 2243 4525 τις
2283 4461 2426 4516 κατά
2483 4459 2580 4516 τοῦ
2637 4460 2771 4515 ίδίου
2810 4460 3021 4534 πατρὸς
3075 4461 3134 4512 ἐν
3163 4459 3240 4531 τῷ
3268 4460 3500 4532 παρόντι
3533 4461 3632 4532 βίῳ
3661 4463 3744 4523 είς

475 4550 756 4622 parricidii
801 4566 909 4606 non
942 4551 1226 4620 effugeret,
1260 4568 1446 4609 nonne
1467 4553 1560 4624 qui
1592 4552 1837 4610 defuncti
1880 4555 2054 4624 patris

475 4640 778 4696 voluntatis
829 4641 1176 4709 contradicit,
1221 4643 1497 4713 parricida
1545 4645 1651 4698 erit
1698 4643 2057 4715 ejusdemque

475 4749 652 4802 pinnae
698 4734 870 4789 reus?
901 4735 1126 4805 Ecquod
1181 4735 1326 4790 enim
1381 4736 1523 4790 inter
1570 4735 1687 4791 haec
1742 4735 2056 4791 rebellionis

476 4836 720 4896 respectu
751 4829 908 4883 adest
939 4828 1270 4883 discrimen?
1300 4829 1429 4898 quin
1472 4827 1604 4892 imo,
1637 4829 1683 4882 si
1715 4829 1841 4898 quis
1873 4830 2048 4898 probe

479 4919 788 4990 intelligere
838 4921 989 4984 velit,
1023 4920 1178 4990 pejus
1229 4931 1317 4975 est
1347 4920 1402 4974 in
1433 4921 1748 4977 defunctum
1783 4936 1947 4990 quam
1999 4920 2054 4974 in

477 5010 662 5064 vivum
694 5021 901 5080 patrem
937 5013 1245 5083 insurgere,
1280 5029 1390 5083 quo
1419 5014 1594 5083 magis
1625 5029 1819 5069 eorum
1857 5013 2056 5068 interni

479 5103 570 5169 qui
619 5101 684 5155 ad
724 5101 964 5157 futuram
998 5107 1166 5160 vitam
1199 5115 1568 5176 pervenerunt
1595 5106 1771 5160 honor
1814 5120 1842 5158 a
1870 5105 2058 5160 liberis

477 5194 724 5258 habitus,
755 5198 1132 5266 memoriaque
1170 5199 1524 5255 veneratione
1566 5199 1721 5269 plena
1755 5205 1919 5266 atque
1959 5213 2059 5252 vo-

478 5286 704 5343 luntatis
756 5288 1104 5344 observantia
1145 5309 1160 5346 :
1195 5292 1359 5347 homo
1418 5308 1548 5348 vero
1613 5292 1703 5346 ille
1760 5290 2059 5362 (quomodo

479 5381 752 5435 nominem
813 5381 1043 5452 nescio),
1091 5385 1184 5453 qui
1239 5383 1586 5439 Christianos
1639 5399 1748 5437 non
1808 5392 1957 5436 amat
2005 5393 2060 5436 et

481 5471 885 5528 Saracenorum
923 5491 1010 5530 res
1058 5476 1187 5532 facit
1220 5477 1662 5546 contemptibiles
1709 5475 2058 5547 (Damianum

485 5563 645 5634 t‘ico),
696 5581 872 5636 neque
919 5569 1204 5638 praesentia
1252 5569 1605 5625 considerans
1659 5584 1839 5638 neque
1877 5567 2058 5622 futura

477 5657 785 5724 attendens,
817 5662 930 5715 sola
964 5678 1064 5717 sua
1110 5664 1347 5718 amentia
1394 5670 1448 5717 et
1478 5661 1837 5717 irrationabili
1876 5661 2060 5716 furore

482 5757 694 5816 (aptus,
749 5750 967 5820 impiam
1016 5770 1126 5809 rem
1161 5754 1272 5825 agit
1295 5755 1510 5812 cunctis
1557 5753 1774 5811 saeculis
1823 5751 2056 5809 futuram

2159 4551 2534 4606 ἐπανάστασιν
2585 4551 2858 4620 καταστῇ,
2916 4546 3014 4602 τοῦ
3063 4548 3403 4619 πατραλοίας
3456 4545 3600 4604 εἶναι
3648 4551 3744 4622 τὴν

2156 4642 2375 4714 γραφὴν
2395 4643 2497 4696 οὐκ
2537 4640 2889 4710 ἐκφεύξεται,
2940 4639 3045 4710 τῆς
3075 4639 3134 4692 δέ
3169 4640 3459 4713 παρούσης
3490 4642 3746 4695 ἀπελθόν-

2155 4752 2247 4798 τος
2281 4734 2449 4802 ζωῆς,
2479 4734 2577 4786 ἐὰν
2623 4733 2695 4786 τά
2737 4733 2938 4803 ἐκείνῳ
2986 4732 3277 4802 ἀνατρέψῃ
3332 4733 3588 4797 δόξαντα,
3639 4734 3743 4787 οὑκ

2157 4827 2312 4880 ἔσται
2338 4825 2698 4895 πατραλοίας,
2723 4825 2848 4878 οὑδέ
2877 4827 2978 4895 τῆς
3001 4826 3174 4895 αὐτῆς
3199 4825 3384 4895 ἔνοχος
3408 4825 3744 4896 καταδίκης;

2159 4919 2225 4973 Τί
2255 4921 2364 4989 γὰρ
2405 4918 2562 4972 τοῦτο
2607 4919 2819 4972 ἐκείνου
2882 4918 3020 4988 πρὸς
3047 4918 3422 4972 ἐπανάστασιν
3458 4919 3743 4989 διαφέρεις

2158 5011 2378 5064 Μᾶλλον
2403 5011 2461 5064 δέ
2495 5011 2548 5064 εί
2596 5029 2680 5074 τις
2736 5011 2986 5081 ἀκριϐῶς
3010 5011 3266 5081 βούλεται
3305 5012 3562 5079 συνιδεῖν,
3605 5012 3746 5080 αὕτη

2161 5103 2366 5175 μείζων
2393 5103 2486 5158 τοῦ
2510 5103 2672 5168 ζῶντι
2701 5105 3076 5172 ἐπαναστῆναι
3109 5105 3186 5174 τῷ
3220 5107 3396 5174 πατρὶ
3435 5105 3748 5160 ἐπανάστα-

2166 5213 2285 5258 σις,
2324 5197 2436 5267 ὅσῳ
2467 5196 2562 5250 καὶ
2597 5195 2800 5266 μᾶλλον
2839 5196 3006 5251 πλέον
3029 5196 3304 5266 ὀφείλεται
3327 5199 3439 5259 τοῖς
3469 5195 3608 5266 πρὸς
3646 5197 3746 5262 τὴν

2163 5287 2464 5357 μέλλουσαν
2489 5287 2900 5358 μεταϐεϐηκόσι
2954 5289 3106 5360 ζωὴν
3135 5291 3169 5359 ἡ
3207 5289 3364 5359 παρά
3391 5287 3502 5340 τῶν
3527 5287 3741 5340 τέκνων

2158 5381 2314 5450 τιμὴ,
2379 5380 2473 5432 καὶ
2525 5381 2700 5450 ήσὺν
2774 5381 3034 5450 εὐλαϐείᾳ
3107 5380 3322 5450 μνήμη,
3418 5377 3511 5430 καὶ
3562 5374 3746 5447 ἡτῶν

2158 5473 2605 5544 διατεταγμένων
2689 5476 3042 5546 συντήρησις.
3112 5473 3176 5524 Ὢ
3243 5473 3397 5532 ὅπως
3451 5469 3591 5523 εἴπω
3654 5468 3746 5522 ἄν·

2161 5563 2381 5634 θρωπος
2409 5566 2616 5626 ἐκεῖνος
2665 5567 2690 5615 ὁ
2749 5565 2887 5632 μήτε
2945 5562 3012 5614 τὰ
3066 5559 3418 5628 Χριστιανῶν
3489 5558 3741 5628 στέρξας,

2161 5659 2256 5712 καὶ
2354 5656 2424 5708 τά
2522 5655 2630 5707 τῶν
2713 5652 3050 5723 Σαρακηνῶν
3127 5651 3281 5720 παρὰ
3368 5651 3572 5721 φαῦλον
3659 5649 3744 5701 θέ-

2165 5767 2349 5820 μεως,
2386 5749 2662 5818 Δαμιανὸν
2691 5748 2748 5800 δέ
2776 5746 2942 5818 φησιν
2967 5748 2993 5800 ὁ
3032 5744 3212 5813 λόγος,
3246 5746 3401 5801 οὐδὲν
3431 5743 3612 5800 λαϐὼν
3651 5741 3745 5798 ἐπὶ

2793 3363 2962 3434 μηδὲν
3009 3363 3120 3417 τῶν
3147 3365 3207 3429 ἐξ
3247 3365 3421 3437 ἀρχῆς
3477 3364 3744 3430 δοξάντων
3837 3422 3854 3432 _
