4178 6406
365 370 435 431 3Ὶ
1815 363 2219 423 EPlS'l‘OLzE.
3605 370 3615 418 ῖ
3640 364 3674 417 8

373 476 513 546 ἀμνὸς
550 477 612 529 ὲν
653 472 942 543 Πνεύματι
1000 472 1145 543 ἀγίῳ
1198 472 1388 543 Πατὴρ
1428 473 1565 543 πρὸς
1620 473 1711 525 τὴν
1770 473 1981 543 πατέρα

2101 472 2227 525 .iuin
2284 483 2489 541 patrem
2548 470 2839 535 meum‘fin
2898 470 3102 539 Spiritu
3156 482 3366 535 sancto,
3414 473 3483 526 ita
3545 491 3669 527 cum

380 572 485 637 τῆς
529 564 685 637 ὑμῶν
727 565 1023 633 εὐγενείας
1075 564 1251 628 οὕτως
1283 566 1526 635 συνῆπτο
1564 567 1631 635 τῇ
1675 563 1769 616 τοῦ
1812 562 1980 616 πόθου

384 659 604 731 σχέσει,
634 656 707 720 ὡς
733 656 919 721 οὐδεὶς
954 656 1078 709 οὐδὲ
1120 657 1229 708 τῶν
1275 655 1550 726 ὁμοδόξων
1581 656 1676 708 καὶ
1704 654 1983 724 ὁμοφίλων

385 751 624 825 φιλικῶς
654 750 1007 815 διετέθειντο-
1046 749 1185 819 πρὸς
1234 749 1401 819 ὑμᾶς·
1436 750 1725 820 ἄνθρωπος
1758 748 1866 817 γὰρ
1907 745 1985 799 ὢν

384 848 488 902 τοῦ
516 845 678 911 Θεοῦ,
726 843 824 897 καὶ
858 842 1030 906 πολὺς
1061 845 1129 896 τά
1162 860 1219 894 τε
1249 842 1370 895 θεῖα
1403 844 1495 895 καὶ
1553 842 1621 895 τὰ
1661 839 1983 910 ἀνθρώπινα

389 942 534 1013 ᾔδει,
581 941 669 993 ’ὁτι
699 940 806 992 κᾶν
836 936 899 990 τὸ
935 936 1032 989 τοῦ
1067 936 1419 1005 σεϐάσματος
1478 936 1656 1004 διίστη
1720 933 1987 1006 διατείχι-

391 1051 533 1104 σμα,
563 1030 707 1086 ἀλλά
736 1029 801 1083 τό
828 1046 892 1098 γε
921 1028 1023 1099 τῆς
1054 1030 1396 1099 φρονήσεως,
1426 1029 1528 1098 τῆς
1561 1028 1867 1099 ἀγχινοίας,
1888 1027 1985 1081 τοῦ

386 1125 605 1197 τρόπου
654 1122 946 1188 εὐσταθὲς,
990 1122 1051 1175 τὸ
1094 1123 1195 1192 τῆς
1231 1122 1671 1195 φιλανθρωπίας,
1711 1122 1777 1176 τὰ
1820 1121 1986 1175 λοιπά

388 1221 496 1273 ὅσα
553 1217 759 1289 κοσμεῖ
796 1215 895 1270 καὶ
948 1215 1205 1286 σεμνύνει
1262 1214 1359 1286 τὴν
1418 1214 1770 1285 ἀνθρωπίνην
1825 1214 1988 1282 φύσιν

392 1309 693 1381 προσόντα,
728 1306 894 1362 πόθον
942 1307 1247 1377 ἀναφλέγει
1316 1310 1429 1372 τοῖς
1467 1306 1536 1360 τὰ
1594 1307 1733 1360 καλά
1773 1305 1990 1375 φιλοῦσι

390 1404 507 1457 τῶν
537 1396 623 1467 οἷς
655 1402 920 1473 πρόσεστι
952 1401 1022 1454 τὰ
1074 1397 1401 1471 φιλούμενα.
1449 1399 1551 1452 Διά
1597 1398 1755 1452 τοῦτο
1802 1400 1991 1452 κάκεί-

394 1514 485 1561 νος
520 1495 703 1566 ἐφίλει
730 1495 823 1548 τὸν
879 1493 970 1547 σὸν
1012 1494 1231 1565 πατέρα
1262 1488 1343 1558 οἷς
1368 1486 1528 1547 εἶπον
1586 1490 1986 1563 κοσμούμενον,

397 1591 449 1643 εί
498 1593 597 1644 καὶ
658 1587 869 1659 μεταξὺ
901 1587 964 1639 τὸ
1013 1586 1275 1656 διαφέρον
1331 1586 1428 1653 τῆς
1484 1584 1722 1651 πίστεως
1779 1584 1988 1639 ἵστατο.

408 1681 783 1753 Ἐκινὴθημεν
815 1680 872 1734 δὲ
903 1680 965 1733 οὐ
1014 1679 1110 1734 νῦν
1146 1680 1284 1751 πρὸς
1342 1679 1444 1749 τὴν
1490 1678 1814 1749 προαίρεσιν
1860 1677 1991 1730 ταύ-

403 1792 535 1847 την,
568 1773 701 1829 ἀλλά
757 1771 933 1825 πάλαι
969 1772 1066 1825 καὶ
1122 1772 1317 1840 πρώην
1372 1771 1832 1842 συνεκινούμεθα,
1893 1773 1988 1826 καὶ

411 1865 547 1937 περὶ
580 1863 766 1918 πολλοῦ
808 1863 1172 1933 ἐποιούμεθα.
1226 1861 1399 1916 Τοῦτο
1438 1862 1503 1933 δὴ
1529 1862 1557 1915 δ
1589 1864 1840 1934 προέφην
1890 1864 1987 1935 τὴν

403 1957 639 2028 ζήτησιν
662 1954 762 2027 τῆς
797 1954 1081 2025 πατρικῆς
1116 1954 1273 2025 ἡμῶν
1315 1954 1525 2024 φιλίας,
1569 1955 1891 2025 παρέστηκε
1923 1954 1982 2008 δὲ

399 2053 503 2105 νῦν
533 2049 799 2112 ὑπόθεσις
847 2048 941 2102 τὸν
995 2049 1198 2102 σκοπὸν
1233 2048 1395 2118 ἡμῶν
1464 2048 1773 2118 πληροῦσα,
1811 2051 1876 2116 ἣν
1914 2048 1991 2112 ὡς

393 2142 621 2214 ἀληθῶς
647 2141 756 2197 εδει
789 2138 888 2194 τοῦ
928 2141 1174 2195 τοιούτου
1212 2142 1546 2211 πράγματος
1612 2141 1792 2212 ἀρχὴν
1832 2141 1988 2209 γενέ-

399 2234 554 2288 σθαι·
582 2235 619 2306 ἡ
647 2233 703 2288 δέ
757 2234 906 2287 ἔστιν
937 2233 1012 2297 ὼς
1045 2234 1178 2304 ὁρᾷς
1212 2232 1532 2304 συμπάθεια
1565 2235 1701 2301 πρὸς
1734 2235 1795 2285 τὸ
1857 2239 1991 2303 ὁμο-

393 2329 558 2399 φυὲς,
594 2326 1009 2399 φιλανθρωπία,
1036 2326 1206 2392 ἔλεος,
1236 2325 1544 2398 ἡμερότης.
1580 2327 1688 2380 Καὶ
1723 2328 1776 2378 τί
1805 2326 1988 2396 ἄλλοῆ

395 2422 570 2477 αὐτοῦ
621 2421 720 2478 τοῦ
762 2419 902 2476 Θεοῦ
935 2422 1039 2491 τῆς
1086 2420 1424 2491 ἀγαθότητος
1489 2420 1721 2490 μίμησις
1750 2436 1765 2486 ;
1797 2420 1855 2483 ὃς
1904 2420 1994 2473 διὰ

395 2514 609 2586 πολλὴν
648 2512 999 2585 χρηστότητα
1026 2511 1121 2565 καὶ
1145 2511 1374 2582 ἄπειρον
1403 2510 1577 2575 ἔλεος,
1612 2511 1707 2563 καὶ
1757 2512 1859 2562 οὐκ
1899 2508 1990 2561 ὃν·

394 2624 500 2671 τας
528 2607 871 2675 ύπέστησεν,
895 2607 996 2659 καὶ
1028 2604 1341 2658 ὑποστάντα
1376 2605 1442 2657 ἐκ
1472 2603 1646 2675 πηλοῦ
1686 2598 1776 2657 οἷα
1810 2604 1994 2672 πατὴρ

395 2698 671 2769 ἱφαπλῶν
728 2698 831 2770 τὴν
885 2698 1222 2769 κηδεμονίαν
1278 2698 1347 2751 τὰ
1390 2696 1675 2767 σπλάγχνα
1715 2696 1991 2767 περιέπει,

394 2792 503 2864 τὴν
530 2792 686 2862 ζωὴν
710 2791 956 2862 συνέχει,
992 2790 1175 2845 πάντα
1199 2793 1454 2862 χορηγεῖ,
1497 2784 1580 2852 οἷς
1617 2790 1678 2843 τὸ
1708 2789 1994 2860 ἀνθρώπι-

395 2900 489 2935 νον
523 2881 642 2953 ἔχει
678 2884 781 2952 τὴν
810 2883 1100 2953 διαμονήν.
1133 2881 1374 2952 Τοιαύτη
1401 2898 1486 2945 τις
1514 2883 1547 2950 ἡ
1588 2879 1839 2952 παροῦσα
1864 2880 1995 2934 ὐπόο

398 2976 576 3042 θεσις,
607 2977 817 3031 τούτων
840 2969 918 3031 ὧν
947 2974 1106 3030 εἷπον
1132 2977 1228 3028 καὶ
1258 2975 1397 3045 αὑτὴ
1432 2976 1679 3045 φέρουσα
1712 2976 1813 3043 τὴν
1854 2973 1994 3027 ἀπό-

399 3068 617 3122 λαυσινο
648 3072 683 3140 ἡ
703 3070 816 3140 γὰρ
838 3068 949 3123 τῶν
980 3068 1222 3138 δεσμίων
1246 3065 1551 3138 ἐλευθερία,
1586 3068 1619 3136 ἡ
1654 3067 1754 3136 τῆς
1786 3066 1995 3136 αἰχμα-

2090 573 2243 632 patre
2296 578 2490 617 reatra:
2541 561 2844 615 nobilitatis
2900 560 3073 615 fuisse
3135 562 3392 616 amicitia:
3449 564 3669 619 vinculo

2088 655 2453 721 colligatum,
2524 664 2582 708 ut
2645 668 2807 707 nemo
2860 653 3107 722 ejusdem
3168 653 3447 722 opinionis
3509 666 3673 726 atque

2092 749 2276 817 grttlis
2311 758 2419 801 tam
2451 756 2699 801 amanter
2752 761 2883 815 ergo
2915 762 3012 801 vos
3049 744 3246 812 fuerit;
3282 747 3364 800 vir
3398 748 3542 801 enim
3581 747 3673 801 Ι)ιεὶ

2088 855 2214 893 cum
2249 848 2419 903 esset,
2453 838 2767 893 divinorum
2806 837 3010 908 pariter
3045 848 3098 893 et
3132 838 3496 895 humanorum
3528 843 3678 911 peri.

2091 941 2180 986 tus
2224 931 2451 992 sciebat,
2493 945 2599 984 non
2625 929 2877 985 ob~tante
2921 930 3103 985 cultus
3155 930 3494 996 diversitate,
3542 947 3678 1003 pru-

2090 1023 2366 1087 dentiam,
2426 1022 2748 1088 solertiam,
2808 1022 3220 1087 constantiam,
3279 1022 3672 1079 humanitatem

2092 1125 2146 1170 et
2213 1130 2560 1186 quzecunque
2635 1116 2933 1169 humanam
2989 1126 3242 1170 naturam
3295 1127 3568 1172 exornant
3627 1128 3682 1172 et

2091 1209 2350 1263 excolunt
2385 1223 2626 1261 amorem
2658 1222 2846 1261 eorum
2904 1207 2956 1261 in
2993 1208 3194 1275 quibus
3222 1209 3439 1264 elucent
3485 1210 3555 1266 iis
3584 1214 3673 1281 qui

2094 1300 2236 1356 bona
2296 1300 2530 1371 diligunt
2581 1301 2916 1365 accendere;
2968 1298 3203 1369 ideoque
3252 1310 3406 1355 tuum
3464 1310 3674 1372 patrem

2094 1392 2372 1463 praedictis
2419 1400 2674 1446 ornatum
2725 1391 3006 1461 diligebat,
3036 1391 3166 1445 licet
3211 1391 3337 1446 ﬁdei
3386 1392 3679 1448 interesset

2093 1488 2419 1553 diversitas;
2456 1501 2557 1541 nos
2588 1494 2772 1539 autem
2801 1486 2853 1537 in
2895 1485 3047 1539 illum
3078 1483 3336 1540 allectum
3368 1500 3472 1541 non
3515 1489 3679 1543 modo

2096 1577 2429 1642 ferebamur,
2487 1577 2581 1632 sed
2632 1577 2761 1631 olim
2812 1585 2866 1629 et
2901 1575 3083 1645 magni
3121 1573 3498 1643 faciebamus;
3546 1578 3678 1631 illud

2095 1671 2259 1742 igitur
2288 1669 2435 1739 quod
2472 1669 2582 1723 dixi
2616 1683 2703 1722 me
2746 1668 2959 1722 induxit
2993 1667 3061 1722 ad
3109 1668 3461 1740 quaerendam
3502 1678 3682 1740 pater-

2096 1778 2223 1817 nam
2264 1762 2583 1825 amicitiam,
2615 1761 2835 1815 occasio
2866 1769 3075 1825 autem,
3118 1759 3457 1817 desiderium
3496 1777 3679 1816 meum

2094 1856 2331 1926 implens
2364 1854 2495 1908 illud
2533 1854 2824 1925 produxit;
2864 1868 3030 1923 quam
3070 1868 3204 1909 sane
3248 1855 3324 1909 rei
3358 1854 3522 1910 istius
3553 1854 3680 1909 fun-

2094 1948 2411 2002 damentum
2469 1961 2591 2001 esse
2640 1946 2931 2017 oportebat
2970 1963 2983 1998 :
3022 1944 3073 2000 id
3107 1955 3212 2013 est,
3250 1956 3310 2001 ut
3344 1946 3528 2003 videre
3562 1958 3680 2014 est;

2094 2040 2297 2094 indolis
2326 2040 2640 2105 consensio,
2692 2039 3030 2105 humanitas,
3075 2040 3476 2103 misericordia,
3532 2040 3687 2095 benio
3784 2052 3791 2060 '

2093 2131 2315 2203 gnitas;
2361 2131 2493 2201 quid
2552 2141 2732 2185 autem
2786 2131 2839 2185 id
2890 2142 2972 2186 est
3016 2130 3123 2186 nisi
3173 2132 3371 2186 divinae
3422 2131 3687 2188 bonitatis

2096 2224 2418 2280 aemulatio?
2465 2225 2558 2295 qui
2594 2232 2817 2294 propter
2859 2225 3084 2279 nimiam
3116 2225 3415 2279 bonitatem
3456 2234 3510 2280 et
3561 2225 3685 2279 inli-

2097 2319 2268 2372 nitam
2331 2318 2796 2382 misericordiam,
2850 2318 2944 2387 qui
2982 2334 3091 2372 non
3141 2326 3319 2381 erant,
3373 2317 3581 2373 creavit
3631 2328 3685 2372 et

2098 2416 2332 2475 viscera,
2366 2421 2423 2465 ut
2463 2420 2619 2480 pater
2664 2426 2822 2465 suam
2879 2411 3307 2466 sollicitudinem
3356 2411 3686 2472 extendens,

2095 2521 2158 2560 ex
2203 2506 2315 2560 luto
2350 2505 2435 2559 eis
2485 2487 2816 2571 circumdat,
2866 2504 3037 2558 vitam
3094 2503 3248 2557 addit
3293 2511 3352 2558 et
3398 2501 3582 2557 omnia
3618 2502 3686 2555 ad

2097 2598 2512 2654 sustentandam
2550 2598 2848 2652 humanam
2886 2605 3142 2651 naturam
3188 2596 3503 2652 necessaria
3547 2612 3689 2666 pra:-

2097 2694 2226 2758 bet;
2297 2706 2539 2762 praesens
2587 2705 2811 2761 quoque
2858 2690 3081 2745 occasio
3134 2688 3448 2744 iStiusmodi
3498 2698 3583 2744 est
3628 2696 3687 2743 ut

2096 2783 2303 2854 aliquid
2344 2799 2536 2838 eorum
2584 2798 2708 2853 qua:
2741 2790 2875 2836 sunt
2917 2782 3064 2837 dicta
3114 2780 3312 2835 efﬁciat
3344 2781 3682 2845 fruendum;

2096 2877 2448 2931 vinculorum
2503 2875 2715 2948 etenim
2768 2874 2996 2940 solutio,
3047 2874 3381 2945 captivitatis
3408 2872 3685 2939 liberatio,

2097 2970 2379 3027 servitutis
2421 2968 2748 3038 redemptio,
2787 2968 3131 3037 captivorum
3168 2968 3235 3023 ad
3279 2981 3433 3035 suos,
3458 2966 3527 3022 ad
3550 2982 3687 3021 con-

2098 3062 2465 3131 sanguineos,
2527 3059 2595 3115 ad
2648 3058 2969 3129 amicosque
3017 3058 3263 3124 reditus,
3316 3057 3436 3114 haec
3499 3058 3687 3113 omnia

398 3160 607 3223 λωσίας
654 3160 981 3231 ἀνάκλησις,
1042 3160 1076 3229 ἡ
1104 3158 1200 3228 τῆς
1230 3156 1475 3220 δουλείας
1514 3154 1922 3224 ἀπολύτρωσις,
1958 3157 1992 3228 ἠ

2101 3152 2320 3224 generis
2351 3163 2483 3208 sunt
2526 3152 2821 3217 stabilitas,
2853 3151 3113 3207 amicitiae
3162 3150 3525 3217 cohaerentia,
3566 3151 3689 3206 vitae

399 3253 543 3325 πρὸς
558 3254 691 3319 τοὺς
718 3253 982 3318 οἰκείους,
1018 3253 1053 3323 ἠ
1086 3252 1223 3322 πρὸς
1254 3253 1382 3313 τοὺς
1432 3251 1743 3318 συγγενεῖς,
1786 3250 1820 3319 η
1854 3250 1993 3319 πρὸς

2104 3246 2424 3302 commercii
2462 3246 2692 3301 deliciae.

393 3349 531 3412 τοὺς
553 3347 746 3417 φίλους
774 3344 1037 3407 ἐπάνοδος
1064 3344 1176 3396 τῶν
1240 3342 1630 3413 αἰχμαλώτων,
1677 3340 1852 3394 ταῦτα
1902 3341 2017 3413 ἔχει
2058 3341 2155 3413 τὴν
2184 3337 2448 3410 διαμονὴν
2490 3336 2585 3391 τοῦ
2632 3339 2849 3407 γένους,
2918 3337 3018 3407 τὴν
3067 3338 3301 3407 συνοχὴν
3352 3336 3452 3406 τῆς
3482 3334 3665 3405 φιλίας

394 3444 502 3512 τὴν
539 3438 804 3509 γλυκεῖαν
836 3439 939 3507 τῆς
970 3436 1118 3507 ζωῆς
1149 3436 1392 3507 μέθεξιν.

484 3538 629 3594 Ἀλλ’
676 3540 802 3591 ἐπεὶ
830 3537 1006 3591 ταῦτα
1046 3535 1261 3605 ἔφημεν
1303 3534 1407 3605 ἠδη
1453 3535 1547 3586 καὶ
1579 3534 1657 3597 ὼς
1704 3533 1851 3602 φίλοι
1891 3534 1989 3586 καὶ

402 3632 549 3703 ὑπὲρ
577 3630 738 3700 φίλου
764 3630 926 3701 δόξης
950 3628 1355 3698 φροντίζοντες,
1399 3627 1498 3696 τὴν
1525 3624 1847 3696 συμϐουλὴν
1894 3625 1992 3677 καὶ

397 3730 503 3799 τὴν
535 3726 675 3799 πρὸς
714 3724 776 3777 τὸ
812 3722 1203 3794 φιλάνθρωπον
1237 3721 1404 3793 ἔργον
1452 3720 1552 3791 τῆς
1579 3719 1691 3773 τῶν
1741 3719 1991 3789 δεσμίων

398 3819 745 3891 ἐλευθερίας,
774 3816 1102 3886 παραίνεσιν
1131 3813 1554 3884 συνεισάγομεν,
1579 3815 1674 3867 καὶ
1708 3811 1994 3882 πρόθυμὸν

398 3929 485 3967 σε·
509 3912 645 3983 πρὸς
672 3909 834 3964 τοῦτο
871 3909 1213 3979 τυγχάνοντα
1248 3907 1429 3961 ποιεῖν
1458 3902 1837 3975 σπουδάζομεν
1860 3919 1996 3973 προ-

399 4003 734 4075 θυμότερον,
769 4000 858 4053 ἴνα
896 4001 995 4053 ἐπὶ
1040 3998 1152 4052 τῶν
1201 3996 1313 4050 σῶν
1337 3995 1566 4067 ἡμερῶν
1606 3994 1870 4063 τοιαύτης
1915 3993 1997 4054 είς

399 4097 535 4158 τοὺς
558 4093 948 4166 αἰχμαλώτους
988 4091 1369 4160 γεγενημένης
1410 4087 1848 4157 φιλανθρωπίας,
1892 4085 1995 4138 αύ-

2177 3531 2281 3586 Sed
2312 3530 2569 3601 quoniam
2600 3527 2728 3582 talia
2759 3526 3024 3592 diximus,
3070 3526 3373 3580 amicorum
3408 3534 3589 3579 mente
3619 3535 3673 3580 et

2102 3634 2162 3679 ut
2190 3624 2354 3679 amici
2396 3622 2544 3677 laudi
2577 3620 2954 3683 consulentes,
2999 3619 3294 3675 consilium
3325 3627 3379 3673 et
3428 3619 3691 3673 exhorta-

2102 3721 2309 3773 tionem
2334 3716 2403 3771 ad
2436 3715 2904 3770 humanissimum
2933 3726 3077 3781 opus
3106 3712 3449 3781 captivorum
3477 3711 3695 3779 ,libera-

2106 3811 2273 3868 tionis
2298 3808 2590 3878 adjicimus
2627 3816 2681 3860 et
2716 3813 2769 3859 te
2796 3804 2863 3858 ad
2897 3802 2950 3858 id
2983 3803 3097 3872 jam
3136 3816 3369 3872 pronum
3399 3801 3689 3857 studemus

2105 3900 2522 3973 propensiorem
2551 3896 2788 3962 allicere,
2820 3908 2888 3948 eo
2926 3895 3033 3948 line
3069 3901 3148 3958 ut,
3185 3891 3278 3945 tali
3314 3890 3691 3948 misericordia

2107 3996 2161 4049 in
2193 3994 2301 4048 tuis
2330 3992 2524 4047 diebus
2548 3989 2761 4055 eﬂ'ecta,
2797 3996 3002 4043 aeterna
3043 3985 3139 4041 tibi
3173 3984 3247 4040 sit
3275 3983 3473 4055 gloria,
3503 3994 3558 4039 et
3589 3999 3688 4038 nos

2104 4086 2284 4142 laudis
2321 4095 2429 4140 tua:
2460 4093 2518 4138 ut
2544 4082 2708 4138 atnici
2739 4082 2915 4137 simus
2948 4080 3277 4150 participes;
3319 4077 3506 4131 multae
3541 4086 3691 4142 sunt,

399 4188 497 4253 τός
527 4203 592 4241 τε
626 4187 787 4250 κλέος
828 4189 1167 4254 ἀείμνηστον
1209 4180 1367 4253 Eine,
1418 4183 1515 4235 καὶ
1546 4182 1706 4251 ἡμεῖς
1745 4181 1819 4241 ὼς
1855 4178 1993 4246 φίλοι

2101 4178 2405 4233 amicorum
2458 4188 2705 4229 meorum
2753 4172 2981 4242 optime,
3022 4168 3147 4222 vita:
3177 4168 3539 4222 necessitates
3570 4181 3693 4236 qua:

400 4280 502 4335 τοῦ
543 4279 880 4349 φιλουμένου
910 4277 1011 4346 τῆς
1040 4273 1201 4343 δόξης
1246 4271 1740 4341 συναπολαύωμεν.
1778 4267 1993 4334 ΙΙολλαὶ,

2101 4270 2355 4327 homines
2395 4267 2785 4336 constringunt
2830 4272 2886 4318 et
2933 4270 3239 4349 coarctaut,
3287 4273 3519 4330 quaeque
3565 4273 3693 4327 gra-

403 4338 585 4442 φίλων
610 4338 739 4440 ἐμοὶ
765 4338 982 4439 ἄριστε,
1034 4338 1131 4421 τοῦ
1158 4338 1306 4436 νβίου
1358 4338 1715 4434 περιστάσεις
1770 4359 1845 4430 αἳ,
1871 4376 1993 4412 συν-

2101 4363 2361 4419 νὶεεὶηιοε
2398 4361 2633 4430 gignunt
2667 4357 2930 4421 dolores;
2960 4338 3343 4407 'nulla'tamen
3390 4349 3693 4419 captivitati

404 4462 603 4533 έχουσι
636 4461 732 4515 καὶ
768 4458 1171 4530 στενοχωροῦσι
1209 4458 1336 4519 τοὺς
1368 4456 1716 4525 ἀνθρώπους,
1751 4454 1847 4506 καὶ
1898 4452 1993 4522 βα-

2101 4450 2473 4523 exaaquanda,
2502 4449 2596 4504 sed
2644 4460 2993 4518 quaecunque
3035 4444 3159 4513 quis
3190 4443 3542 4497 dinumerare
3571 4454 3694 4508 pos-

408 4557 568 4627 ριίας
635 4550 1046 4624 ἀπεργάζονται
1073 4549 1405 4618 ἀλγηδόνας·
1435 4546 1558 4600 οὐδὲ
1610 4546 1711 4614 μία
1764 4544 1993 4613 δὲ,πρὸς

2112 4555 2215 4612 Set,
2252 4547 2369 4600 sive
2406 4549 2727 4612 paupertas,
2770 4541 2887 4594 sive
2928 4535 3340 4606 aegrotationes,
3385 4547 3480 4587 seu
3513 4547 3691 4584 nieni.

404 4647 800 4721 αἰχμαλωσίαν
848 4646 1224 4716 συγκρίνεται,
1277 4640 1399 4695 ἀλλ’
1436 4642 1538 4694 ὃσα
1590 4641 1686 4692 ὲάν
1712 4656 1798 4702 τις
1844 4638 1996 4711 εἴπῃ,

406 4744 517 4797 κάν
549 4759 608 4794 τε
641 4742 853 4803 πενίαν,
887 4739 991 4793 κᾶν
1045 4755 1105 4790 τε
1142 4738 1457 4799 ἀσθένειαν,
1488 4735 1521 4804 ἢ
1570 4732 1749 4804 μελῶν
1804 4732 1997 4802 πηρώ-

410 4852 554 4900 σεις,
592 4835 776 4888 πάντα
811 4837 949 4905 πρὸς
991 4832 1212 4901 ἐκείνην
1240 4830 1342 4899 τῆν
1373 4827 1624 4881 κάκωσιν
1675 4827 1771 4877 καὶ
1808 4823 1998 4877 ταλαι-

407 4930 637 5000 πωρίαν
673 4926 1028 4998 εὑρίσκονται
1050 4921 1414 4991 άνεκτότερα.
1448 4920 1518 4972 Τί
1550 4918 1663 4990 γὰρ
1705 4914 2002 4970 ὲπωδυνώο-

406 5037 598 5092 τερον,
621 5021 806 5089 γονεῖς
834 5017 899 5070 ὲκ
927 5017 1141 5071 παίδων
1170 5012 1515 5085 χωρισθῆναι
1541 5009 1796 5078 συζύγων
1823 5008 2004 5061 διατο-

411 5119 548 5192 μοιν,
595 5112 844 5183 ἀδελφῶν
884 5110 1278 5177 ἀποξένωσινς
1326 5108 1437 5160 Καὶ
1500 5104 1657 5158 οὔπω
1698 5104 1843 5174 φημὶ
1900 5104 2004 5155 ὅσα

408 5209 582 5266 λοιπά
610 5209 741 5271 τοὺς
774 5203 1162 5279 αἰχμαλώτους
1202 5200 1444 5271 συνέχει,
1474 5198 1511 5255 ἃ
1556 5199 1654 5253 καὶ
1682 5198 1716 5268 ἡ
1746 5199 1813 5266 σὴ
1844 5195 2005 5263 εὐγέ-

408 5320 558 5367 νεια.
590 5304 686 5356 καὶ
716 5301 923 5363 πάντες
950 5299 1068 5352 ὅσοι
1102 5297 1196 5350 νοῦ
1231 5295 1526 5366 μετέχουσι
1557 5292 2001 5345 συνεπίστανται»

408 5398 518 5453 Διά
545 5395 707 5451 τοῦτο
738 5396 835 5449 ἐπὶ
895 5392 1025 5447 νοῦν
1070 5389 1493 5460 ἁναληψάμενος
1542 5388 1615 5440 τὰ
1644 5386 1800 5439 κοινά
1854 5384 2006 5453 πάθη

407 5488 528 5545 τῶν
559 5504 623 5540 τε
670 5485 801 5560 ὑμῖν
843 5484 1188 5556 ὁμοπίστων,
1236 5481 1332 5533 καὶ
1405 5479 1514 5532 τῶν
1568 5478 1669 5549 τῆς
1725 5478 2002 5548 ἡμετέρας

410 5584 677 5647 πίστεως,
711 5579 789 5652 μὴ
812 5576 1086 5651 βουληθῇς
1114 5577 1253 5645 πρὸς
1286 5575 1388 5643 τὴν
1429 5570 1713 5626 τελείωσιν
1764 5570 1859 5624 τοῦ
1893 5587 2003 5625 aw-

408 5676 605 5748 τηρίου
628 5673 962 5747 πράγματος
989 5670 1262 5740 δυσχερὴς
1292 5667 1552 5736 ὀφθῆναι,
1587 5665 1662 5735 μὴ
1705 5662 1764 5716 δὲ
1794 5664 2009 5732 προφά-

410 5786 534 5834 σεις
576 5770 733 5833 τινὰς
759 5764 1058 5822 δυσκολίαν
1091 5761 1370 5834 φερούσας
1427 5760 1565 5831 πρὸς
1619 5759 1717 5829 τὴν
1752 5757 2004 5813 ἀπαλλα-

408 5861 517 5934 γὴν
539 5859 651 5917 τῶν
672 5859 768 5933 τῆς
794 5854 1190 5932 αιχμαλωσίας
1221 5853 1463 5924 δεσμίων
1486 5852 1597 5905 τῶν
1627 5867 1686 5904 τε
1720 5849 2005 5920 ὑμετέρων

2112 4640 2339 4694 brorum
2372 4633 2697 4704 amputatio,
2735 4631 2882 4693 malo
2912 4630 3019 4683 isto
3050 4641 3214 4697 atque
3249 4627 3349 4680 ista
3383 4623 3694 4679 calamitate

2110 4728 2479 4786 tolerabiliora
2546 4724 2923 4780 ceusebuntur
2970 4737 2984 4774 :
3035 4719 3166 4791 quid
3220 4719 3401 4773 enim:
3440 4716 3694 4771 acerbius

2109 4836 2278 4891 quam
2334 4829 2624 4889 parentum
2676 4831 2707 4870 a
2771 4814 2960 4869 liberis
3036 4812 3329 4880 separatio,
3394 4807 3693 4877 coniugum

2111 4913 2368 4977 divulsio,
2413 4911 2642 4966 fratrum
2695 4905 3009 4978 seiunctio?
3064 4918 3244 4974 neque
3276 4903 3390 4971 jam
3448 4913 3697 4955 memoro

2112 5015 2248 5076 quot
2294 5004 2437 5059 mala
2483 5001 2590 5057 alia
2631 5002 2881 5070 captivos
2937 5007 3180 5062 teneant,
3225 5012 3348 5067 quae
3400 5010 3501 5050 nec
3544 5005 3696 5049 tuam

2113 5099 2477 5162 nobilitatem,
2516 5109 2695 5164 neque
2725 5108 2918 5148 omnes
2966 5106 3132 5146 sensu
3160 5090 3415 5159 praeditos
3442 5088 3697 5159 lugiunt:

2114 5192 2296 5261 itaque
2346 5198 2530 5243 mente
2584 5185 2913 5255 recolligens
2961 5182 3278 5239 communia
3331 5182 3471 5235 mala
3506 5192 3697 5235 eorum

2112 5286 2206 5355 qui
2249 5296 2432 5338 tecum
2467 5279 2572 5335 [ide
2603 5278 2962 5334 consentiunt
2997 5286 3272 5331 eteorum
3315 5273 3410 5344 qui
3454 5280 3699 5326 nostram

2115 5379 2278 5433 tidem
2317 5383 2523 5442 tenent,
2567 5373 2678 5428 noli
2709 5370 2980 5427 ditIicilem
3014 5369 3068 5424 in
3105 5368 3413 5439 peragenda
3453 5379 3511 5419 re
3546 5361 3701 5417 salu-

2116 5472 2220 5526 tari
2269 5481 2319 5525 te
2353 5468 2595 5540 prmbere
2645 5480 2823 5536 neque
2852 5465 3135 5521 molestias
3176 5458 3515 5533 praetendere
3557 5468 3700 5523 prae-

2117 5573 2297 5620 textus
2342 5570 2539 5617 contra
2584 5568 2893 5615 vestrorum
2931 5567 3027 5611 aut
3070 5565 3386 5611 nostrorum
3420 5547 3701 5603 liberatio-

2118 5673 2241 5713 nem
2288 5655 2666 5725 captivorum;
2708 5652 2842 5723 quin
2896 5650 3080 5719 potius
3105 5645 3336 5716 justitiae
3372 5648 3701 5698 sectatorem

2118 5763 2169 5808 te
2196 5753 2512 5808 demonstra
2562 5748 2814 5818 aequique
2860 5744 3300 5803 observatorcm,
3354 5752 3465 5792 non
3517 5742 3703 5788 autem

2117 5844 2353 5919 propria:
2401 5842 2623 5916 quidem
2682 5836 2935 5896 utilitatis
2997 5833 3334 5898 studiosum,
3372 5826 3703 5889 Christianis
