4178 6410
530 382 602 446 39
1675 384 1988 444 NICOLAI
2029 383 2107 443 CF

2210 384 2459 444 ’ATRIA
2473 385 2692 446 liCH/E
3730 390 3801 454 40

529 505 658 546 vero
709 489 851 544 mala
902 488 1257 559 inferentem;
1312 492 1462 548 nulla
1517 493 1665 548 enim
1722 495 1777 549 in
1844 495 2107 565 injustitia

2220 497 2446 551 καὶτῶν
2475 498 2762 571 ἡμετέρων
2790 497 3165 568 προϐαλέσθαι
3194 515 3208 530 ·
3245 500 3446 569 μᾶλλον
3474 499 3576 571 μὲν
3604 498 3699 555 οῦν
3724 484 3827 565 ὡς

529 582 763 646 utilitas,
796 599 972 653 neque
1002 583 1266 653 prodesse
1293 595 1475 655 potest
1503 586 1755 651 avaritia,
1795 587 1890 641 sed
1928 596 2112 641 extre-

529 690 681 730 mum
720 677 985 730 damnum
1026 684 1194 746 atque
1225 676 1616 732 detrimentum
1662 677 1730 733 iis
1763 679 1955 733 Saltem
1989 679 2109 749 qui,

528 767 672 822 sicut
704 778 759 822 tu
791 768 927 838 ipse,
962 767 1311 838 agnoscendo
1335 770 1483 840 quod
1534 771 1694 826 decet
1727 779 1861 827 sunt
1905 769 2111 826 idonei.

527 856 654 915 Haec
693 868 779 915 est
825 861 1066 916 maxima
1111 861 1343 927 utilitas,
1393 863 1499 918 hoc
1539 862 1969 933 incomparabile
2024 863 2112 918 lu-

524 968 707 1018 crum,
760 953 864 1009 sub
913 962 1093 1010 vestra
1147 954 1360 1010 ditione
1406 964 1463 1012 et
1512 957 2014 1020 administratione,
2056 956 2112 1011 in

523 1048 808 1116 propriam
844 1049 1082 1118 patriam
1111 1048 1330 1131 restitui
1362 1049 1680 1121 populares,
1723 1066 1752 1105 a
1787 1052 2113 1122 parentibus

526 1139 692 1210 recipi
725 1141 953 1208 liberos,
986 1150 1145 1198 natos
1186 1143 1440 1214 patribus
1488 1144 1671 1200 denuo
1715 1145 1993 1217 conjungi,
2025 1147 2111 1201 vi-

525 1247 618 1287 ros
653 1233 922 1288 uxoribus
971 1233 1150 1299 reddi,
1198 1235 1409 1291 amicos
1436 1234 1801 1292 familiaribus
1826 1237 1956 1303 frui,
2003 1252 2113 1292 uno

522 1328 714 1390 verbo,
741 1342 836 1383 eos
858 1326 950 1396 qui
980 1327 1092 1382 huc
1116 1343 1291 1397 usque
1319 1344 1350 1383 a
1384 1330 1560 1399 patria
1585 1330 1909 1385 exsulabant
1934 1331 2114 1385 enmi-

521 1418 628 1474 bus
675 1419 915 1489 gaudere
959 1419 1117 1476 bonis
1160 1436 1283 1492 quae
1320 1421 1514 1476 tribuit
1559 1423 1774 1492 patria;
1818 1421 1908 1477 illa
1962 1431 2111 1486 sunt,

523 1511 830 1566 amicorum
880 1526 1135 1568 meorum
1167 1515 1396 1584 optime,
1438 1500 1861 1583 quae‘anticitia:
1912 1522 2114 1570 nostra:

522 1601 858 1673 principium
911 1618 1036 1659 esse
1064 1605 1208 1671 volo,
1263 1605 1384 1671 illa,
1420 1621 1545 1676 quae
1584 1607 1652 1662 ad
1697 1617 1750 1662 te
1802 1608 2006 1675 scribo,
2042 1607 2112 1662 ad

523 1707 650 1765 qua
694 1703 750 1749 te
783 1694 1001 1761 hostes,
1038 1695 1488 1767 quandoquidem
1535 1713 1599 1753 ea
1639 1698 1819 1754 facere
1866 1708 1920 1753 te
1952 1700 2124 1755 decet

2213 590 2566 662 δικαιοσύνην
2598 591 2798 661 τιμῶν,
2828 591 2965 663 πρὸς
2992 592 3052 644 τὸ
3077 592 3289 647 δίκαιον
3324 594 3564 664 ἀφορῶν,
3602 596 3695 647 καὶ
3723 595 3800 666 μὴ

2214 682 2577 752 ἀντεχόμενος
2603 680 2832 753 κέρδους
2888 682 3116 748 οἰκείου,
3154 684 3515 754 καινοτομίαν
3563 686 3621 740 δὲ
3667 686 3803 756 Χρι-

2216 775 2457 837 στιανοῖς
2497 772 2949 828 ἐπιϐάλλωνοοὺκ
2978 774 3095 828 ἐστι
3130 776 3324 846 κέρδος
3347 776 3407 829 τὸ
3446 776 3650 844 ἄδικον,
3675 778 3799 832 οὐδὲ

2214 863 2448 934 ὠφελεῖν
2479 859 2589 918 οἵδε
2618 864 2680 918 τὺ
2704 865 3119 932 πλεονεκτικὸν,
3177 865 3299 919 ἀλλ’
3356 867 3562 938 ἐσχάτη
3621 868 3798 939 βλάϐη

2216 958 2312 1011 καὶ
2337 957 2663 1028 καινοτομία
2682 959 2797 1021 τοῖς
2818 955 3011 1026 ὥσπερ
3045 958 3109 1011 σὺ
3144 953 3298 1013 οὖσιν
3332 958 3541 1023 ίκανοῖς
3566 958 3638 1012 τά
3672 964 3799 1031 πρέ-

2218 1068 2392 1105 ποντα
2417 1050 2822 1119 ὲκλογίζεσθαι.
2857 1050 3030 1105 Τοῦτο
3055 1053 3294 1122 μεγίστη
3333 1050 3594 1120 ὠφέλεια,
3638 1050 3801 1105 τοῦτο

2215 1142 2558 1216 ἀσύγκριτον
2585 1143 2778 1214 κέρδος
2807 1142 2870 1196 τὸ
2898 1144 2993 1197 ἐπὶ
3017 1142 3122 1213 τῆς
3152 1143 3313 1213 ὑμῶν
3333 1144 3513 1215 ἀρχῆς
3538 1144 3636 1197 καὶ
3661 1145 3800 1198 διοι-

2217 1240 2436 1309 κήσεως
2494 1239 2642 1306 πρὸς
2679 1235 2779 1308 τὴν
2818 1237 3028 1291 οἰκείαν
3080 1237 3318 1308 πατρίδα
3358 1239 3487 1301 τοὺς
3518 1236 3804 1308 ὁμοεθνεῖς

2217 1328 2703 1399 ἀποκαταστῆναι,
2733 1330 2796 1382 τὸ
2828 1332 3011 1398 γονεῖς
3041 1328 3345 1384 ἀπολαϐεῖν
3372 1329 3441 1383 τά
3475 1328 3581 1384 ίδια
3611 1330 3800 1394 τέκνα,

2215 1421 2278 1477 τὸ
2303 1420 2474 1475 τέκνα
2507 1408 2622 1483 τοῖς
2653 1424 2897 1490 πατράσι
2930 1420 3297 1492 συναφθῆναι,
3321 1420 3382 1475 τὸ
3413 1420 3639 1492 γυναιξὶ
3673 1421 3803 1486 τοὺς

2213 1515 2525 1586 ὀμοζὺγους
2558 1514 2917 1584 ἀποδοθῆναι,
2954 1515 3017 1568 τὸ
3056 1515 3237 1584 φίλοις
3263 1515 3631 1585 συγγενέσθαι
3667 1515 3803 1577 τοὺς

2217 1603 2429 1674 φίλους,
2469 1606 2567 1658 καὶ
2611 1602 2803 1667 ἁπλῶς
2854 1603 2957 1657 ὅσα
2996 1602 3140 1657 καλά
3168 1604 3386 1658 δίδωσιν
3417 1606 3450 1675 ἠ
3482 1604 3686 1675 πατρὶς
3738 1601 3804 1655 τὸ

2215 1697 2426 1751 τούτων
2481 1697 2738 1769 μετέχειν
2787 1696 2918 1761 τοὺς
2961 1695 3092 1767 ἄχρι
3127 1696 3223 1749 καὶ
3257 1697 3355 1750 νῦν
3403 1695 3505 1766 τῆς
3535 1695 3803 1767 πατρίδος

521 1794 579 1838 et
608 1800 710 1841 nos
739 1786 806 1841 ad
854 1787 1119 1843 dilectum
1148 1789 1432 1857 scribere;
1473 1798 1731 1846 caeterum
1766 1802 1817 1847 te
1844 1791 1984 1847 bene
2016 1807 2107 1846 va-

2216 1789 2691 1860 άποξενωμένους.
2722 1787 2934 1851 Ταῦτα,
2961 1787 3135 1857 φίλων
3167 1790 3291 1858 ἐμοὶ
3320 1786 3535 1859 ἄριστε,
3567 1788 3662 1840 καὶ
3699 1787 3803 1855 ἀρα

523 1880 639 1934 lere
664 1890 922 1952 optamus
960 1892 1016 1937 et
1048 1876 1313 1938 seeurum
1346 1898 1633 1940 remanere
1660 1885 1731 1940 ab
1759 1885 1911 1940 omni
1945 1885 2107 1942 vicis-

2214 1883 2317 1952 χὴν
2352 1859 2617 1951 ποιοῦμαι
2663 1879 2767 1950 τῆς
2799 1880 2938 1952 πρὸς
2967 1881 3024 1932 σὲ
3060 1878 3267 1948 φιλίας,
3305 1880 3402 1933 καὶ
3449 1879 3648 1950 γράφω
3701 1880 3800 1931 καὶ

523 1973 764 2029 situdine
821 1985 877 2030 et
945 1976 1276 2030 necessitate
1326 1991 1449 2046 quae
1520 1975 1739 2030 mortali
1791 1976 1920 2031 huic
1972 1975 2097 2031 vitae

523 2065 799 2136 susdeque
831 2066 1098 2123 voluntati
1147 2067 1328 2122 inesse
1359 2067 1520 2124 solet.

2213 1973 2497 2044 παραινῶ,
2532 1974 2656 2026 ἐπεὶ
2697 1972 2797 2026 καὶ
2828 1973 2914 2026 σοὶ
2949 1972 3164 2044 πρέπον
3189 1970 3420 2026 τοιαῦτα
3459 1974 3659 2037 ποιεῖν,
3699 1973 3799 2024 καὶ

2217 2068 2351 2139 ἡμῖν
2387 2064 2617 2120 τοιαῦτα
2646 2065 2785 2138 πρὸς
2827 2065 2919 2118 τὸν
2951 2063 3280 2135 φιλούμενον
3328 2064 3586 2135 γράφειν·
3630 2062 3701 2117 τὰ
3750 2061 3800 2115 δ’

523 2161 661 2216 ἄλλο,
714 2163 993 2234 ἐρρῶσθαι
1030 2181 1092 2216 σε
1119 2165 1471 2236 ἑπευχόμεθα
1519 2166 1854 2239 ὑψηλότερον
1891 2165 2337 2238 συντηρούμενον
2358 2166 2538 2234 πάσης
2580 2163 2845 2236 βιωτικῆς
2882 2163 3203 2235 ἀνωμαλίας
3238 2163 3332 2217 καὶ
3393 2162 3796 2234 περιστάσεως,

523 2263 624 2332 ὅση
655 2261 733 2333 τῷ
759 2261 943 2333 θνητῷ
965 2260 1144 2333 τούτῳ
1175 2262 1277 2333 βίῳ
1299 2264 1412 2318 ἄνω
1440 2264 1537 2317 καὶ
1581 2264 1732 2318 κάτω
1763 2262 2120 2336 στρεφομένῳ
2146 2258 2291 2317 οἶδεν
2332 2260 2823 2332 ἐμπολιτεύεσθαι.
2898 2266 2899 2271 “

596 2398 689 2453 ill.
734 2399 814 2472 Ad
845 2399 1208 2472 excellentem,
1249 2401 1634 2472 clarissimum,
1690 2400 2028 2472 spiritualem

734 2469 925 2540 filium,
957 2469 1251 2525 Simeonem
1277 2471 1554 2543 Bulgaria:
1582 2469 1892 2543 principem.

596 2603 813 2673 Aliquid
868 2604 1054 2659 forsan
1108 2605 1499 2676 supervacanei
1550 2606 1730 2661 facere
1776 2603 2106 2670 videbimur,

522 2695 596 2750 fili
633 2696 733 2763 tui,
776 2711 899 2752 cum
959 2706 1011 2750 te
1045 2696 1141 2751 illo
1182 2695 1376 2752 aﬂectu
1427 2697 1680 2753 volumus
1724 2697 1942 2753 afﬁcere
1988 2698 2106 2768 qui,

520 2799 720 2858 przeter
775 2798 995 2844 nostros
1049 2804 1359 2855 sermones,
1398 2790 1454 2844 in
1518 2799 1609 2845 tua
1639 2790 1882 2861 piissima
1930 2801 2112 2845 mente

522 2881 755 2947 insidet;
833 2896 1220 2951 quemcunque
1271 2882 1474 2937 etenim
1550 2883 1827 2938 hominem
1899 2890 2116 2952 Oportet

520 2972 876 3043 compatienti
911 2988 1035 3029 esse
1065 2976 1252 3027 animo
1293 2989 1421 3044 erga
1473 2990 1627 3029 reum
1681 2990 1972 3046 quemque,
2019 2973 2115 3029 sed

521 3081 649 3120 eum
708 3067 947 3122 maxime
991 3067 1084 3137 qui
1128 3066 1196 3121 ad
1243 3082 1516 3123 summam
1558 3076 1644 3123 est
1671 3077 1892 3124 evectus
1921 3077 2116 3139 poten-

522 3158 677 3226 tiam,
733 3159 1005 3229 siquidem
1057 3176 1088 3214 a
1141 3159 1253 3215 Deo
1299 3160 1546 3215 omnium
1604 3160 1840 3215 Domino
1898 3161 2108 3230 princi-

521 3259 710 3319 patum
746 3250 894 3303 nulla
940 3251 1046 3304 alia
1077 3252 1143 3306 de
1176 3266 1341 3308 causa
1374 3254 1707 3323 acceperint,
1743 3253 1848 3308 nisi
1879 3263 1939 3308 ut
1980 3268 2105 3309 eum
2134 3235 2177 3293 ο

523 3343 872 3398 imitarentur
929 3343 1023 3413 qui
1071 3360 1166 3400 eus
1218 3347 1426 3400 honore
1469 3347 1733 3416 przcvenit
1778 3354 1833 3401 et
1883 3345 1950 3400 ad
2002 3345 2108 3400 im-

519 3437 660 3506 perii
698 3452 969 3492 summam
994 3440 1263 3508 provexit.
1285 3440 1533 3496 l’rudeus
1586 3440 1751 3510 igitur
1795 3454 1919 3495 cum
1946 3439 2025 3495 sis
2053 3447 2107 3494 et

523 3529 763 3582 maxime
810 3530 1068 3598 sapiens,
1121 3528 1217 3586 Dei
1270 3531 1684 3586 'humauitatem
1741 3539 1796 3586 et
1857 3531 2106 3599 benigni-

521 3626 688 3674 tatem
719 3629 774 3675 et
814 3622 1249 3677 misericordiam
1288 3638 1397 3678 non
1428 3623 1639 3690 nescis;
1686 3622 1803 3693 qui,
1839 3632 2107 3693 quantum

524 3710 694 3767 distat
734 3725 889 3769 ortus
918 3716 988 3769 ab
1040 3714 1346 3784 occidente,
1398 3717 1556 3787 longe
1583 3717 1714 3771 facit
1748 3732 1780 3771 a
1813 3716 1966 3772 nobis
1998 3716 2108 3772 ini-

520 3805 759 3873 quitates
828 3816 1079 3874 nostras;
1137 3810 1283 3864 istud
1339 3824 1561 3880 quoque
1609 3809 1721 3865 scis
1781 3809 1950 3880 probe
2007 3822 2104 3864 eos

517 3897 612 3967 qui
661 3898 893 3969 imperio
942 3915 974 3955 a
1027 3900 1137 3957 Deo
1189 3900 1319 3957 dato
1374 3916 1502 3957 vere
1557 3910 1687 3957 sunt
1749 3901 1922 3973 digni,
1974 3914 2101 3956 cum

516 3991 628 4044 sint
681 3992 850 4046 multa
907 3994 963 4046 in
1015 3994 1218 4063 quibus
1275 3994 1387 4050 Deo
1436 3995 1644 4051 servire
1684 3995 1939 4059 debeant,
1992 4009 2105 4057 non

517 4082 972 4148 praestiantierem
1005 4085 1054 4139 ei
1088 4085 1316 4140 reddere
1348 4088 1549 4141 cultum
1576 4100 1740 4156 quam
1775 4101 1870 4157 per
1911 4092 2105 4141 huma-

521 4171 771 4238 nitatem,
820 4184 879 4228 ut
922 4175 1058 4241 dixi,
1107 4186 1163 4230 et
1215 4179 1716 4245 mansuetudinem,
1753 4177 2101 4234 clementiam

517 4276 740 4332 quoque
784 4279 850 4319 ac
900 4266 1335 4323 misericordiam
1365 4264 1738 4336 iu’subditos;
1793 4283 1903 4323 non
1952 4268 2100 4323 enim

518 4353 643 4409 ideo
689 4358 905 4412 caeteris
937 4368 1067 4414 sunt
1098 4358 1337 4429 praefecti
1366 4371 1427 4416 ut
1450 4371 1719 4433 potestate
1745 4375 1846 4416 sua
1888 4361 1956 4416 ad
1987 4362 2100 4414 ira-

523 4445 784 4499 cundiam
825 4457 879 4501 ct
927 4449 1208 4505 hominum
1270 4455 1612 4508 vexationem
1676 4461 1933 4517 utantur,
2006 4452 2101 4507 sed

521 4545 582 4589 ut
624 4539 872 4606 paternis
926 4541 1226 4599 visceribus
1278 4544 1514 4610 delicta,
1564 4547 1665 4600 etsi
1728 4545 1928 4615 saepius
1978 4546 2103 4615 quis

514 4628 839 4700 delinquat,
890 4634 1203 4706 corrigam;
1240 4637 1375 4694 satis
1423 4646 1604 4692 autem
1644 4646 1729 4692 est
1778 4637 1868 4692 illa
1929 4639 2102 4693 fuisse

516 4737 605 4776 me
676 4724 995 4793 prtefatum,
1064 4743 1215 4785 nunc
1271 4729 1598 4799 exponenda
1674 4745 1844 4785 causa
1894 4745 1995 4784 cur
2045 4740 2097 4785 te

515 4828 828 4874 exoramus.
1412 4831 1417 4836 ’

2284 2396 2360 2452 Γ.
2400 2396 2486 2463 Τῷ
2541 2396 3019 2466 ὑπερφυεστάτω
3074 2397 3467 2466 μεταλοδόξῳ
3525 2413 3798 2467 πνευμα-

2321 2467 2465 2534 τικῷ
2496 2469 2686 2536 τέκνῳ
2728 2468 2978 2539 Συμεὼν
3010 2467 3261 2536 ἄρχοντι
3286 2471 3449 2522 Βουλ
3462 2469 3686 2538 raptae.

2288 2604 2451 2668 Ἴσως
2479 2604 2741 2674 περιττόν
2766 2619 2819 2655 τι
2851 2605 3029 2656 ποιεῖν
3050 2602 3348 2675 δοκοῦμεν,
3390 2603 3582 2656 τέκνον
3611 2604 3793 2675 ἡμῶν,

2215 2696 2491 2751 δυσωπεῖν
2523 2713 2584 2749 σε
2604 2681 2940 2765 ’βουλόμενοι
2971 2694 3232 2765 τοιαύτην
3285 2695 3625 2766 δυσώπησιν,
3672 2695 3799 2765 ἥτις

2213 2790 2312 2845 καὶ
2343 2789 2515 2860 χωρὶς
2546 2787 2659 2840 τῶν
2685 2788 2973 2860 ἡμετέρων
3007 2788 3187 2856 λόγων
3234 2789 3292 2842 ὲν
3332 2791 3397 2859 τῇ
3434 2791 3502 2860 σῇ
3555 2787 3798 2855 θεοφιλεῖ

2212 2884 2361 2954 ψυχῇ
2410 2881 2801 2936 ἑναπόκειταν
2852 2881 3020 2934 παντί⁵
3080 2881 3189 2951 γὰρ
3242 2879 3517 2952 ἀνθρώπῳ
3567 2878 3797 2948 γνώμην

2214 2974 2482 3046 συμπαθῆ
2507 2975 2698 3045 φέρειν
2730 2973 3089 3044 ὀφειλομένου
3118 2973 3515 3044 τυγχάνοντος,
3553 2970 3793 3042 μάλιστα

2212 3066 2375 3137 χρέος
2442 3066 2593 3118 ἐστὶν
2655 3064 3041 3135 ἀπαραίτητον
3088 3067 3205 3128 τοῖς
3263 3063 3671 3132 ἀναϐεϐηκόσιν
3714 3062 3796 3123 είς

2211 3160 2386 3230 ἀρχῆς
2416 3156 2573 3228 ὕψος,
2600 3156 2763 3211 τοῦτο
2815 3157 3130 3221 διασώζειν,
3196 3156 3320 3209 ἐπεὶ
3375 3157 3470 3208 καὶ
3510 3152 3665 3226 παρὰ
3697 3151 3794 3204 τοῦ

2212 3254 2437 3307 πάντων
2467 3243 2732 3324 ἄρχοντος
2762 3250 2900 3305 Θεοῦ
2930 3250 3247 3321 παρεσχέθη
3294 3251 3408 3310 τοῖς
3452 3249 3719 3320 άρχουσιν
3758 3246 3793 3314 ἠ

2212 3344 2378 3415 ἀρχὴ,
2411 3344 2630 3406 οὐδενὸς
2660 3343 2827 3397 ἀλλου
2857 3343 3042 3413 χάριν,
3069 3341 3101 3414 ἢ
3133 3341 3221 3394 ἴνα
3257 3340 3395 3411 πρὸς
3433 3340 3671 3410 μίμησιν
3693 3336 3794 3390 τοῦ

2211 3439 2572 3508 τιμήσαντος,
2603 3437 2700 3489 καὶ
2736 3437 2818 3499 είς
2853 3436 2917 3489 τὸ
2949 3436 3143 3507 ἄρχειν
3182 3433 3624 3497 άναϐιϐάσαντος
3653 3435 3792 3486 ἀνα-ι

2210 3531 2514 3600 φαίνωνται
2535 3528 2897 3593 διαϐιοῦντες.
2921 3530 3147 3592 Πάντως
3175 3526 3232 3581 δὲ
3263 3527 3524 3597 νουνεχὴς
3570 3524 3647 3580 ὢν
3693 3529 3792 3580 καὶ
3886 3591 3891 3596 ⁷

2215 3623 2439 3687 συνετὸς
2473 3624 2773 3676 ἐπίστασαι
2797 3621 2899 3693 τὴν
2927 3620 3024 3675 τοῦ
3054 3621 3192 3675 Θεοῦ
3229 3620 3646 3691 φιλανθρωπίαν
3697 3626 3797 3675 καὶ

2209 3714 2310 3781 τὴν
2347 3714 2723 3785 χρηστότητα,
2781 3713 2876 3767 καὶ
2928 3711 2990 3766 τὸ
3047 3710 3626 3783 συμπαθέςολδςααθ
3665 3711 3795 3762 ὅσον

2207 3804 2513 3873 ἀπέχουσιν
2537 3803 2804 3858 ἀνατολαὶ
2831 3804 2942 3858 ἀπὸ
2956 3800 3475 3876 δυσμῶν,τοσοῦτον
3500 3801 3663 3873 ἡμῶν
3687 3818 3762 3871 μα
3778 3829 3792 3840 -

2208 3896 2403 3968 κρὺνει
2427 3895 2528 3958 τὰς
2557 3895 2838 3968 ἁμαρτίας
2868 3896 2963 3965 ἀφ’
2999 3894 3180 3967 ἡμῶν.
3231 3896 3348 3949 Καὶ
3384 3892 3549 3947 τοῦτο
3574 3892 3633 3945 δὲ
3667 3890 3791 3943 λίαν

2207 3991 2530 4058 inferant,
2561 3991 2646 4045 ὅτι
2677 3990 2734 4044 οἵ
2772 4000 2837 4061 γε
2881 3991 2958 4055 ὡς
3006 3988 3224 4061 άληθῶς
3284 3987 3427 4053 άξιοι
3477 3987 3580 4056 τῆς
3637 3984 3792 4055 παρά

2207 4084 2348 4138 Θεοῦ
2371 4083 2667 4156 δεδομένης
2709 4085 2896 4148 αὐτοῖς
2930 4085 3128 4154 ἀρχῆς,
3183 4080 3458 4133 πλείστων
3517 4074 3792 4148 ὑπαρχόν-

2205 4191 2319 4230 των
2361 4174 2432 4228 δι’
2461 4168 2538 4229 ὧν
2580 4175 2734 4229 ἐστιν
2768 4175 2956 4238 αὐτοῖς
2985 4171 3319 4244 θεραπεύειν
3369 4170 3526 4234 Θεὸν,
3581 4170 3791 4237 ταύτην

2210 4267 2455 4338 μάλιστα
2491 4269 2594 4338 τὴν
2621 4266 2906 4340 ἐξαίρετον
2952 4265 3250 4335 θεραπείαν
3284 4261 3683 4333 προσφέρουσι,
3727 4260 3792 4313 τὸ

2208 4360 2601 4431 φιλάνθρωπον
2636 4358 2723 4423 ’ὡς
2745 4355 2904 4412 εἷπον
2945 4358 3133 4412 καὶτὸ
3171 4355 3521 4423 ἀνεξίκακον,
3570 4354 3668 4407 καὶ
3727 4352 3787 4405 τὸ

2206 4455 2346 4526 πρὸς
2372 4454 2502 4518 τοὺς
2536 4453 2889 4525 ὑποχειρίους
2917 4451 3192 4523 άόργητόν
3234 4466 3296 4503 τε
3336 4448 3435 4502 καὶ
3472 4445 3786 4519 συμπαθές.

2206 4549 2283 4601 Ub
2318 4549 2429 4618 γὰρ
2455 4548 2545 4600 διὰ
2564 4545 2728 4600 τοῦτο
2752 4547 2862 4599 τῶν
2888 4545 3098 4598 λοιπῶν
3129 4542 3571 4614 προεκρίθησαν,
3604 4541 3693 4593 ἴνα
3713 4540 3780 4608 τῇ

2209 4639 2434 4710 ὶξουσίᾳ
2463 4638 2604 4707 πρὸς
2644 4636 2822 4707 θυμὸν
2870 4635 3227 4706 άποχρῶνται
3269 4637 3365 4689 καὶ
3392 4635 3641 4689 κάκωσιν
3679 4629 3789 4685 τῶν

2210 4731 2545 4803 ἀνθρώπων,
2605 4729 2720 4783 ἀλλ’
2771 4729 2860 4782 ἵνα
2925 4729 3262 4799 σπλάγχνοις
3325 4729 3639 4799 πατρικοῖς,
3686 4722 3788 4777 κᾶν

2217 4823 2484 4884 πολλάκις
2535 4821 2659 4874 me
2700 4821 2884 4891 συμϐῇ
2922 4820 3339 4893 ὲξαμαρτῆσαι,
3367 4820 3427 4873 τὸ
3479 4820 3791 4889 ἁμάρτημα

517 4910 908 4982 μεθοδεύωσιν.
959 4915 1150 4995 Ἀρκεῖ
1178 4916 1275 4968 ἐπὶ
1308 4920 1569 4969 τοσοῦτον
1636 4915 2121 4986 προοιμιάζεσθαι,
2172 4916 2350 4987 αὑτήν
2395 4931 2478 4968 σοι
2518 4914 2704 4967 λοιπὸν
2765 4914 3100 4984 ἐκτιθέμεθα
3150 4917 3251 4984 τὴν
3307 4913 3589 4982 ὑπόθεσιν,
3653 4923 3787 4981 περὶ

510 5005 581 5071 ig;
610 5000 672 5053 δυ
682 5001 864 5055 σωποῦ
871 5019 992 5074 μεν.

584 5101 760 5156 llomo
788 5101 1037 5172 quidam,
1067 5101 1254 5158 nescio
1284 5112 1469 5159 utrum
1499 5103 1699 5175 dignus
1733 5104 1920 5173 fuerit,
1974 5121 2091 5176 poe-

514 5207 614 5247 nas
667 5193 818 5258 dare,
875 5208 945 5247 an
1002 5193 1245 5249 humano
1292 5209 1443 5249 more
1478 5195 1531 5250 in
1579 5197 1946 5252 calamitatem
1972 5213 2096 5266 pro-

512 5283 735 5354 lapsus,
797 5285 1058 5354 quoniam
1105 5294 1341 5341 vestram
1401 5287 1795 5344 reformidabat
1854 5298 2096 5359 potesta-

511 5385 658 5442 tem,
709 5378 776 5432 ad
843 5378 938 5432 Dei
1021 5381 1285 5449 templum
1350 5380 1481 5436 illud
1550 5384 1697 5452 quod
1745 5383 2094 5438 Christianus

511 5468 747 5539 quisque
782 5470 1025 5526 universi
1078 5474 1227 5527 orbis
1256 5475 1479 5529 oculum
1520 5490 1645 5531 esse
1691 5477 2005 5541 contitetur,
2039 5477 2094 5530 in

512 5574 625 5629 quo
670 5576 792 5625 nos,
834 5562 938 5617 etsi
973 5563 1217 5630 inutiles,
1266 5566 1352 5620 die
1382 5580 1445 5621 ac
1500 5577 1657 5623 nocte
1691 5569 2092 5636 tnittistramus,

510 5653 792 5725 confugit;
861 5650 994 5727 qui,
1091 5657 1223 5713 dum
1304 5660 1713 5716 iucxorabiliter
1782 5677 1814 5718 e
1891 5656 2095 5734 templo

511 5758 821 5817 raperetur,
850 5760 1103 5806 sanctum
1130 5753 1574 5823 propitiatorium
1624 5755 1935 5823 invocabat,
1986 5773 2091 5814 nec

412 5917 433 5937 .
511 5853 644 5913 non.
674 5846 728 5895 et
772 5840 1405 5933 omnibus‘Qbristianis
1448 5847 1685 5905 debitam
1736 5846 1831 5905 Dei
1877 5850 2090 5922 templis

1599 5934 1761 5943 ..μ-..ν
1777 5936 1911 5945 -αη-οσ

2283 5104 2613 5178 ⁸Ἄνθρωπός
2638 5121 2717 5167 τις
2746 5103 2849 5157 οὑκ
2878 5099 2996 5157 οἶδα
3039 5103 3251 5167 δίκαιος
3287 5100 3362 5157 ὢν
3394 5105 3656 5173 ὑποσχεῖν
3701 5122 3784 5157 τι-

2208 5200 2447 5273 μωρίαν,
2485 5199 2588 5252 οὑκ
2617 5194 2737 5251 οἶδα
2766 5190 2858 5251 οἷα
2887 5196 2958 5249 τά
2982 5194 3310 5267 ἀνθρώπινα
3339 5199 3421 5259 είς
3450 5197 3780 5266 περίστασιν

2205 5291 2488 5362 ἐμπεσὼν,
2517 5291 2704 5345 ἕνεκεν
2742 5291 2838 5344 τοῦ
2867 5291 3160 5360 φοϐεῖσθαι
3199 5291 3298 5362 τὴν
3324 5290 3480 5360 ὑμῶν
3507 5288 3778 5355 ἐξουσίαν,

2202 5386 2282 5455 τῷ
2319 5384 2434 5454 ναῷ
2463 5387 2558 5440 τοῦ
2585 5386 2747 5453 Θεοῦ,
2779 5386 2841 5440 ὃν
2873 5390 2981 5451 πᾶς
3017 5388 3280 5457 ὁμολογεῖ
3324 5386 3655 5455 Χριστιανὸς
3681 5385 3781 5454 ὀφ-

2206 5477 2414 5548 θαλμὸν
2441 5474 2585 5533 εἶναι
2631 5480 2737 5549 τῆς
2790 5481 3120 5548 οἰκουμένης
3152 5482 3598 5549 προσπέφευγεν,
3641 5480 3701 5532 ἐν
3736 5473 3782 5548 ᾧ

2202 5571 2394 5642 ἡμεῖς,
2426 5573 2595 5625 είκαὶ
2645 5574 2859 5642 ἀχρεῖοι
2899 5573 3076 5626 νύκτα
3137 5573 3230 5624 καὶ
3284 5574 3504 5643 ἡμέραν
3546 5574 3647 5646 τὴν
3684 5573 3782 5627 λα⁴

2201 5664 2391 5735 τρείαν
2421 5666 2835 5735 προσφέρομεν·
2865 5659 3024 5726 οὗτος
3041 5663 3231 5734 ἐπειδὴ
3251 5666 3642 5738 ἀπαραιτήτως
3666 5668 3781 5720 είλο

2203 5772 2330 5810 κετο
2353 5755 2450 5810 τοῦ
2485 5756 2635 5822 ναοῦ,
2682 5756 2852 5810 πολλὰ
2894 5758 2956 5809 τό
3009 5773 3070 5810 τε
3106 5758 3265 5826 ἅγιον
3303 5759 3617 5833 ἱλαστήριον
3664 5763 3785 5814 ἑπι-

2202 5849 2504 5923 ϐοὼμενος,
2533 5851 2628 5905 καὶ
2677 5850 2781 5921 τὴν
2812 5849 3012 5915 κοινῶς
3051 5854 3189 5907 πᾶσι
3239 5854 3589 5925 Χριστιανοῑς
3626 5854 3779 5923 ὀφει-
