4178 6458
429 342 502 405 41
1875 333 2284 394 ΕΡΙΞΤΟΙΑΕ.
2430 372 2447 394 ι
3645 332 3719 395 42

424 456 668 528 λομένην
698 455 816 518 τοῖς
878 452 1053 531 θείοις
1094 451 1263 522 ἱεροῖς
1312 449 1745 520 σεϐασμιότητα,
1791 447 1891 501 καὶ
1925 446 2026 517 τὴν

2146 443 2539 500 venerationem
2611 451 2667 499 et
2742 442 3177 499 incolumitatem
3226 443 3473 517 omnium
3527 446 3596 501 ad
3652 462 3715 503 ea

426 551 544 603 τῶν
591 549 651 601 ὲν
681 547 874 610 αὐτοῖς
948 543 1410 617 προσερευγόντων
1450 541 1707 606 ἀσυλίαν,
1769 540 2027 612 ἐκίνησεν

2146 537 2582 609 :onl'ugientium,
2633 545 2797 607 atque
2844 537 2924 592 sic
2968 552 3069 592 nos
3100 538 3305 603 movit;
3354 538 3484 609 quid
3532 547 3711 595 autem

431 642 613 714 ἡμᾶς.
658 640 771 694 Καὶ
800 638 854 692 τί
881 641 995 708 γὰρ
1026 638 1157 693 ἄλλο
1181 636 1290 690 ἔδει
1324 637 1501 689 ποιεῖν
1528 632 1887 703 λειτουργοὺς
1934 632 2029 683 δν-

433 753 562 801 τας,
581 735 630 787 εί
660 733 760 789 καὶ
790 728 1072 795 ἀναξίους,
1102 727 1199 783 τοῦ
1229 728 1386 797 ἁγίου
1415 726 1832 798 θυσιαστηρίου,
1858 726 1938 788 είς
1968 723 2030 777 τὸ

435 823 583 895 μηδὲ
627 823 730 891 τὴν
790 818 967 890 ἀρχὴν
1010 817 1365 887 συγχωρῆσαι
1402 817 1518 878 τοῖς
1550 813 1903 884 βουλομένοις
1934 812 2031 865 αῦ-

436 917 537 969 τὸν
579 914 769 969 ἕλκειν
798 929 814 979 ;
845 912 1025 965 Τοῦτο
1070 908 1323 979 παριδεῖν
1361 906 1672 971 ἐκτελέσαι,
1708 905 1891 961 καίτοι
1935 922 2033 975 χα-

434 1006 842 1070 λεπαινόντων,
880 1003 978 1055 καὶ
1010 1000 1271 1071 σκληρῶς
1302 1001 1436 1070 ἡμῖν
1475 998 1564 1054 διὰ
1598 998 1698 1068 τὴν
1739 1000 1840 1066 σὴν
1869 999 2032 1068 χάριν

438 1094 936 1165 προσφερομένων,
991 1093 1142 1162 ὅμως
1218 1088 1715 1160 ἐπαγγελλομένων
1759 1091 1854 1143 καὶ
1895 1090 2031 1143 πᾶσι

437 1188 674 1258 τρόποις
704 1183 1078 1254 βεϐαιούντων
1113 1184 1285 1254 ἡμᾶς,
1315 1183 1393 1246 ὡς
1444 1182 1603 1235 οὐδὲν
1630 1181 1809 1235 δεινὸν
1860 1181 2035 1253 ἁπερ-

439 1280 621 1351 γάτῃ,
651 1280 848 1333 τέκνον
877 1276 1060 1347 ἡμῶν,
1098 1275 1236 1330 ἀλλὰ
1287 1273 1627 1345 συγγνώμης
1663 1273 2034 1345 ἀξιωθήσεται

440 1374 605 1443 παρὰ
671 1371 780 1435 σοὶ,
843 1371 943 1423 καὶ
993 1367 1099 1438 τῆς
1136 1366 1230 1420 ἐπὶ
1264 1364 1344 1437 τῷ
1386 1367 1700 1437 πταίσματι
1741 1365 2033 1436 συγχωρή-

443 1479 613 1528 σεωῖ,
655 1459 1008 1529 ὲξηγάγομεν
1043 1457 1209 1512 αὐτὸν
1246 1455 1343 1510 τοῦ
1396 1457 1529 1510 ναοῦ
1583 1456 1682 1509 καὶ
1710 1456 2037 1511 ἀπεστείλα-

446 1572 574 1626 μιν,
598 1553 738 1606 Θεὸν
769 1553 1285 1622 ἐπιμαρτυρόμενοι
1319 1551 1416 1603 καὶ
1450 1549 1513 1603 τὸ
1555 1548 1833 1618 πανάγιον
1865 1549 2034 1605 αὐτοῦ

448 1646 775 1717 ἱλαστήριον
808 1644 905 1697 καὶ
936 1644 1084 1698 κατὰ
1114 1643 1206 1697 τὸν
1251 1643 1502 1713 παρόντα
1531 1634 1706 1699 αίῶνα
1742 1646 1838 1699 καὶ¹
1893 1645 2036 1701 κατὰ

2136 628 2284 684 aliud
2317 628 2621 697 ministros,
2654 628 2777 683 licet
2806 627 3080 697 indignos,
3118 630 3293 684 sancti
3317 629 3506 686 altaris
3534 627 3716 688 facere

2133 719 2439 790 oportebit?
2494 720 2735 790 primum
2803 719 3115 774 volentibus
3177 734 3301 773 eum
3379 735 3573 791 rapere
3619 736 3715 777 ac-

2135 812 2494 882 quiescerent,
2518 812 2858 882 perﬁcientes
2879 820 3319 879 contemnerem;
3346 811 3471 866 licet
3501 828 3599 867 nos
3631 813 3715 866 in-

2129 906 2275 976 juria
2329 903 2644 970 aﬂ‘ecerint,
2697 904 3016 975 duriterque
3064 904 3225 959 nobis
3282 903 3717 973 contradixerint
3828 888 3836 897 ’

2136 1007 2355 1069 propter
2399 1007 2544 1053 tuam
2590 998 2843 1068 gratiam,
2893 997 3019 1066 quia
3078 1006 3261 1053 tamen
3307 987 3720 1053 nobis'denun—

2139 1092 2483 1146 tiaveruntet
2528 1091 2784 1146 omnibus
2821 1088 3001 1145 modis
3038 1105 3137 1146 nos
3174 1090 3435 1146 certiores
3468 1090 3720 1145 fecerunt

2136 1183 2480 1243 eumnihila
2510 1192 2562 1238 te
2615 1182 2756 1238 male
2810 1197 3122 1253 passurum,
3176 1181 3272 1237 sed
3322 1183 3532 1237 veniam
3581 1191 3719 1252 ate,

2136 1274 2213 1329 ﬁli
2269 1275 2365 1337 mi,
2411 1274 2760 1329 obtenturum
2792 1282 2845 1327 et
2876 1271 3059 1328 delicti
3090 1271 3489 1336 remissionem,
3535 1274 3721 1347 eduxi;-

2138 1382 2263 1422 mus
2314 1382 2440 1423 eum
2488 1368 2556 1422 de
2614 1365 2813 1436 templo
2842 1373 2899 1420 et
2954 1365 3304 1421 demissimus
3346 1363 3519 1419 Deum
3563 1365 3723 1422 testi-

2139 1459 2364 1516 ﬁcantes
2414 1468 2468 1515 et
2521 1461 2929 1515 sanctissimum
2983 1458 3102 1527 ejus
3164 1456 3602 1528 propitiatorium
3662 1467 3724 1511 ut

2144 1552 2356 1606 inultus
2384 1566 2486 1606 nec
2517 1551 2572 1605 in
2608 1550 2713 1605 hoc
2743 1549 2942 1605 saeculo
2975 1563 3076 1603 nec
3111 1548 3166 1602 in
3199 1546 3384 1602 futuro
3415 1556 3719 1610 remaneat,

2140 1650 2184 1702 si
2217 1645 2348 1716 quid
2377 1644 2595 1701 molesti
2638 1653 2733 1698 aut
2770 1642 2969 1708 odiosi,
3025 1641 3168 1710 quod
3221 1650 3275 1696 te
3319 1640 3502 1696 facere
3556 1641 3720 1699 absit.

450 1736 541 1792 τδν
591 1737 883 1808 μέὶλοντα,
917 1736 994 1807 μὴ
1039 1735 1303 1806 περιιδεῖν
1333 1737 1503 1792 αὑτὸν
1548 1737 1929 1809 ἀνεκδίκητον,
1986 1738 2042 1791 et

2146 1737 2219 1793 tili
2250 1739 2361 1805 mi,
2394 1739 2444 1793 ei
2495 1736 2729 1794 accidat.
2782 1734 2903 1790 Noli
2953 1750 3083 1802 ergo
3140 1734 3453 1789 existimare
3505 1744 3555 1787 te
3595 1747 3721 1787 eum

458 1848 515 1885 τι
543 1829 784 1901 λυπηρὸν
806 1827 962 1898 αὑτῴ
998 1829 1093 1882 καὶ
1122 1827 1404 1900 δυσχερὲς,
1428 1828 1567 1899 ὅπερ
1601 1830 1678 1899 μὴ
1706 1828 1920 1897 γένοιτό
1951 1846 2034 1894 σε,

460 1922 651 1976 τέκνον
681 1920 861 1988 ἡμῶν,
911 1918 1346 1991 διαπράξασθαι,
1383 1919 1709 1989 ἀπαντήσει.
1732 1919 1826 1989 Μὴ
1847 1918 2038 1988 νόμιζε

456 2013 551 2067 οὖν
577 2012 765 2066 τοῦτον
803 2013 870 2064 ὲκ
893 2011 1083 2082 χειρὸς
1119 2009 1424 2081 λαμϐάνειν
1460 2010 1570 2063 τῶν
1597 2009 1735 2080 πρὸς
1768 2011 1827 2063 σὲ
1859 2026 2041 2081 παρα-

453 2106 787 2176 γινομένων,
835 2103 957 2158 ἁλλ’
1014 2103 1118 2173 ἐμὲ
1179 2101 1402 2171 λογίζου
1442 2102 1610 2156 αὐτὸν
1664 2104 1947 2174 παρεῖναι,
1980 2102 2041 2166 ὃς

451 2198 647 2251 τοῦτον
690 2195 985 2264 ὲξείλκυσα
1044 2193 1138 2249 τοῦ
1185 2194 1336 2248 θείου
1400 2194 1553 2261 ναοῦ,
1606 2194 1703 2248 καὶ
1755 2194 1906 2265 χειρ)⁸
1969 2195 2037 2265 τῇ

450 2293 562 2362 ἐμῇ
598 2293 665 2362 τῇ
697 2293 763 2361 σῇ
805 2288 1168 2361 παραδιδόναι
1216 2289 1390 2361 χειρί.
1420 2289 1625 2342 Σκόπει
1655 2286 1720 2359 δὴ
1759 2287 1910 2351 ὅπως
1942 2287 2041 2341 καὶ

374 2390 381 2399 ‘
449 2386 518 2435 τὸ
570 2384 721 2452 ἱερὸν
762 2380 857 2436 τοῦ
888 2380 1027 2435 Θεοῦ
1057 2380 1328 2454 τιμήσῃς,
1383 2381 1480 2434 καλ⁸
1521 2380 1612 2433 διὰ
1648 2378 1843 2433 τούτου
1902 2379 2041 2452 πρὸς

449 2477 623 2531 αὑτὸν
655 2476 755 2546 τὴν
780 2476 948 2546 τιμὴν
1002 2476 1336 2548 ἀνενέγκῃς,
1371 2473 1468 2528 καὶ
1508 2475 1724 2545 σεαυτῷ
1760 2475 1861 2547 τήν
1895 2475 2038 2528 ἄνω-

453 2568 550 2621 θεν
578 2567 748 2620 αὐτοῦ
774 2567 1071 2637 εὐμένειαν
1109 2562 1414 2638 ὲπισπάσῃ,
1465 2566 1565 2621 καὶ
1616 2564 1715 2636 τὴν
1749 2565 1907 2636 ήμῶν
1936 2582 2039 2618 τα-

454 2662 758 2728 πεινότητα
790 2658 880 2712 διὰ
906 2660 1008 2728 τῆς
1047 2657 1186 2729 πρὸς
1224 2657 1317 2711 τὸν
1356 2656 1650 2728 ἄνθρωπον
1692 2656 2040 2727 συμπαθείας

450 2748 589 2821 Eia;
643 2750 1098 2821 ὑπερευχομένην
1161 2766 1244 2802 σοι
1298 2752 1385 2803 τὼ
1427 2748 1612 2817 ἀγαθὰ
1641 2749 1735 2802 καὶ
1770 2749 2040 2821 σωτήρια,

450 2844 599 2897 ἀλλὰ
649 2845 729 2915 μὴ
756 2842 1119 2898 καταϐοῶσαν
1151 2841 1275 2897 ἀντὶ
1315 2842 1412 2913 τῆς
1462 2845 1544 2905 είς
1574 2840 1669 2895 τὸν
1726 2839 1871 2896 θεῖον
1914 2840 2042 2897 ναὸν

455 2935 693 3006 ὕϐρεως,
722 2937 777 2990 εί
797 2953 905 3002 τις,
930 2937 1070 3007 ὅπερ
1105 2934 1181 3006 μὴ
1206 2936 1441 3004 γένοιτο,
1475 2933 1723 3007 τιμωρία
1751 2933 1848 2989 καὶ
1882 2934 2044 2989 κόλα-

456 3043 547 3091 σις
582 3029 675 3080 τὸν
712 3028 1007 3099 ἄνθρωπον
1039 3027 1384 3095 ὑποδέξεται.

2145 1832 2215 1886 ah
2266 1831 2351 1888 bis
2402 1832 2496 1902 qui
2568 1830 2663 1886 tibi
2716 1831 2951 1886 aderunt
3024 1826 3283 1896 recipere,
3342 1823 3436 1879 sed
3496 1838 3581 1877 me
3630 1837 3724 1876 ar-

2139 1922 2330 1979 bitrari
2392 1923 2569 1992 ipsum
2619 1921 2848 1988 adesse,
2916 1919 3011 1990 qui
3073 1933 3197 1974 eum
3271 1931 3304 1971 a
3362 1915 3458 1972 Dei
3523 1916 3727 1987 templo

2145 2015 2324 2072 avulsi
2376 2025 2431 2071 et
2474 2031 2637 2070 manu
2683 2030 2804 2070 mea
2864 2012 2920 2068 in
2956 2020 3109 2067 tuam
3165 2025 3390 2065 manum
3454 2009 3722 2079 deposui;

2141 2108 2267 2164 vide
2317 2108 2479 2164 etiam
2542 2105 2823 2179 quomodo
2880 2106 2976 2161 Dei
3043 2106 3303 2177 templum
3360 2103 3635 2158 vereberis
3668 2114 3725 2156 et

2140 2213 2238 2268 per
2257 2198 2420 2254 istum
2454 2199 2740 2253 honorem-
2768 2197 3032 2267 rependes
3078 2206 3243 2266 atque
3295 2194 3391 2250 tibi
3424 2209 3717 2265 supernam

2140 2291 2264 2360 ejus
2294 2290 2730 2346 benevolentiam
2779 2288 3122 2354 conciliabis,
3155 2302 3367 2342 necnon
3395 2296 3450 2341 et
3482 2294 3726 2341 nostram

2143 2383 2510 2439 humilitatem
2568 2390 2789 2453 prOpter
2855 2392 3002 2436 tuatn
3056 2381 3111 2434 in
3167 2380 3447 2435 hominem
3509 2379 3727 2434 miseri-

2143 2475 2426 2540 cordiam,
2505 2474 2729 2529 habebis
2779 2472 2875 2529 tibi
2923 2480 3240 2529 exorantem
3314 2473 3460 2528 bona
3521 2481 3575 2526 et
3639 2487 3731 2526 sa-

2141 2569 2382 2633 lutaria,
2454 2580 2563 2620 non
2646 2575 2826 2641 autem
2899 2564 3224 2619 clamantem
3322 2573 3512 2619 contra
3588 2562 3734 2633 inju-

2144 2662 2281 2716 riam
2344 2658 2440 2713 Dei
2505 2646 2710 2727 templo
2760 2657 3003 2723 illatam,
3064 2657 3142 2710 uti
3208 2655 3361 2711 ﬁeret
3423 2657 3469 2712 si
3587 2659 3729 2726 quod

2143 2757 2324 2821 absit,
2396 2754 2676 2810 hominem
2736 2768 2914 2832 poena
3008 2760 3104 2805 aut
3187 2752 3441 2807 multatio
3512 2758 3733 2824 excipe-

2145 2856 2261 2902 rel...

533 3070 717 3189 Ξίωρὶς
764 3070 1060 3172 δὲγτούτων
1093 3070 1501 3190 ἀναμνήσθητι,
1538 3122 1728 3175 τέκνον
1757 3121 1939 3193 ήμῶν,
1966 3121 2043 3185 ὡς

2217 3124 2419 3179 Praeter
2467 3121 2584 3178 haec
2634 3119 2945 3186 recordare,
2998 3119 3186 3188 ﬁlimi,
3222 3127 3276 3175 te
3305 3120 3480 3189 ipsum
3512 3130 3734 3193 propter

456 3207 558 3259 καὶ
598 3206 766 3269 αὐτὸς
799 3206 897 3262 ἐπὶ
937 3209 1049 3272 τοῖς
1085 3208 1310 3272 οἰκείοις
1357 3209 1670 3283 πταίσμασι
1705 3213 1807 3282 τῆς
1854 3211 2045 3284 θεῖκῆς

456 3304 835 3375 χρηστότητος
892 3303 988 3355 καὶ
1053 3301 1472 3373 φιλανθρωπίας
1530 3301 1776 3377 χρῄζεις,
1842 3298 1910 3377 ἧς
1947 3306 2047 3357 οὐκ

452 3394 609 3448 ἔστιν
649 3396 933 3465 ἐπιτυχεῖν
962 3393 1039 3465 μή
1091 3394 1324 3463 ἀφιέντα
1345 3397 1458 3458 τοῖς
1492 3393 1773 3465 ὀφείλουσι
1806 3397 1875 3451 τὰ
1899 3397 2048 3466 ὀφει‹

452 3483 703 3552 λήματα.
742 3481 923 3535 Καλὸν
951 3479 1046 3535 οῦν
1079 3479 1283 3554 ὥσπερ
1316 3481 1443 3536 τινὰ
1496 3482 1807 3556 καταϐολὴν
1859 3484 2046 3539 δοῦναι

456 3573 582 3645 Θεῷ
616 3573 710 3628 τὸν
731 3576 810 3638 είς
834 3575 927 3627 τὸν
947 3573 1236 3644 ἄνθρωπον
1276 3574 1446 3641 ἔλεον,
1501 3575 1588 3628 ἶνα
1619 3575 1720 3628 καὶ
1745 3575 1911 3638 αὐτὸς
1946 3574 2044 3629 τύ-

456 3682 563 3740 χῃς
589 3669 690 3737 τῆς
724 3665 914 3736 θεῖκῆς
957 3666 1364 3737 ὲλεημοσύνηςο
1401 3669 1495 3721 καὶ
1524 3666 1683 3722 τοῦτο
1714 3668 1771 3723 δὲ
1803 3668 1954 3736 ἄξιόν
1986 3686 2046 3723 σε

460 3758 724 3823 συνιδεῖν,
770 3758 854 3811 ὃτι
897 3758 993 3810 καὶ
1041 3757 1416 3830 φιλανθρώπῳ
1477 3762 1759 3829 γενομένῳ
1806 3775 1913 3825 σοι,
1951 3760 2049 3813 καὶ

455 3852 603 3920 ὅπερ
638 3849 715 3921 μὴ
742 3851 1091 3921 συγχωρήσοι
1114 3850 1247 3914 Θεὸς
1277 3852 1360 3914 είς
1382 3850 1444 3904 τὸ
1477 3852 1721 3905 δναντίον
1771 3851 2048 3922 τρεπομέ-

458 3960 562 4014 νῳ,
591 3943 995 4006 πολλαπλάσιος
1033 3942 1190 3998 ἔσται
1225 3943 1261 4011 ἢ
1287 3944 1388 4014 τῆς
1429 3943 1851 4016 φιλανθρωπίας
1879 3944 1912 4015 ἢ
1942 3944 2041 4014 τῆς

457 4034 789 4107 κολάσεωςή
809 4036 1101 4100 ἀντίδοσις.
1126 4038 1200 4091 Οὐ
1220 4037 1329 4106 γὰρ
1344 4036 1577 4104 ἁπλοῦν,
1602 4036 1679 4100 ὡς
1696 4037 1853 4108 ὁρᾷς,
1873 4053 2053 4108 πραχ-

458 4127 695 4201 θήσεταί
723 4145 808 4182 σοι
847 4129 908 4182 τὸ
935 4129 1265 4201 ἁμάρτημα·
1322 4129 1350 4182 ὃ
1390 4146 1449 4182 τε
1475 4129 1584 4200 γὰρ
1608 4130 1734 4193 ναὸς
1767 4129 2051 4199 ὑϐρίζεται

457 4219 563 4275 τοῦ
612 4220 775 4287 Θεοῦ,
835 4222 931 4276 καὶ
958 4224 987 4275 ὁ
1033 4225 1229 4275 τούτου
1256 4223 1572 4293 ἀρχιερεὺς,
1620 4223 1795 4276 είκαὶ
1831 4221 2049 4291 ἐλάχισ-

457 4330 580 4377 τος,
605 4315 704 4365 καὶ
729 4313 978 4387 δόγματα
1005 4314 1530 4384 κατασφαλιςόμενα
1557 4312 1658 4383 τήν
1684 4312 1916 4366 ἀσυλίαν
1937 4319 2048 4377 τοῖς

458 4405 549 4467 είς
576 4403 638 4456 τδ
657 4403 802 4473 μέγα
820 4402 983 4455 τοῦτο
1011 4401 1355 4472 καταφύγιον
1380 4404 1848 4472 καταφεύγουσιν.
1887 4401 2050 4456 Ἀλλὰ

2147 3214 2371 3286 propria
2421 3213 2657 3281 delicta,
2709 3213 2803 3268 Dei
2852 3212 3097 3268 bonitate
3141 3221 3197 3268 et
3259 3212 3604 3269 humanitate
3650 3215 3735 3269 in-

2148 3306 2368 3377 dig‘ere,
2415 3321 2581 3377 quam
2632 3306 2926 3375 impetrare
2982 3321 3091 3360 non
3141 3315 3371 3376 possunt
3416 3306 3511 3376 qui
3574 3308 3733 3362 debi—

2151 3400 2364 3459 toribus
2412 3399 2598 3455 debita
2651 3415 2760 3455 non
2803 3399 3120 3466 dimittunt;
3176 3398 3381 3454 bonum
3438 3409 3522 3456 est
3569 3400 3736 3472 igitur

2147 3488 2261 3562 Deo
2291 3487 2507 3556 offerre,
2561 3498 2823 3561 tanquam
2876 3492 3383 3559 compensationem
3418 3492 3735 3567 quamdam,

2150 3581 2588 3637 misericordiam
2642 3596 2770 3653 erga
2805 3580 3105 3646 hominem,
3154 3589 3214 3636 ut
3261 3582 3379 3654 ipse
3433 3566 3731 3659 Deirmise-

2133 3673 2442 3728 tricordiam
2489 3674 2772 3739 obtineas;
2818 3673 2924 3728 hoc
2953 3688 3172 3744 quoque
3204 3681 3259 3728 te
3305 3674 3609 3746 intelligere
3638 3678 3735 3731 de-

2150 3774 2256 3833 cet,
2308 3765 2403 3821 tibi
2456 3766 2854 3821 humanitatem
2905 3767 3216 3836 amplexato
3246 3767 3512 3836 majorem
3538 3769 3733 3823 buma‘

2151 3858 2341 3915 nitatis
2393 3873 2560 3927 quam
2611 3856 2984 3927 castigationis
3040 3856 3156 3911 fore
3201 3858 3510 3913 meecedern
3556 3860 3734 3929 (quod

2153 3950 2298 4005 Deus
2335 3965 2444 4004 non
2473 3949 2799 4004 concederet
2827 3962 2984 4002 verso
3010 3947 3066 4003 in
3100 3948 3431 4002 contrariam
3465 3958 3733 4020 partem);

2153 4060 2260 4099 non
2310 4046 2457 4098 enim
2531 4043 2764 4113 simplex
2831 4042 3090 4098 delictum
3145 4057 3176 4097 a
3212 4053 3284 4111 te,
3313 4043 3393 4098 uti
3432 4044 3601 4106 vides.
3635 4046 3735 4101 ad-

2152 4135 2494 4202 mitteretur;
2546 4135 2809 4206 templum
2853 4134 3124 4205 siquidem
3181 4135 3270 4191 Dei
3318 4136 3517 4206 injuria
3562 4137 3736 4193 allici-

2151 4238 2293 4296 etnr,
2320 4231 2552 4299 ejusque
2596 4227 3035 4291 archisacerdos,
3084 4227 3211 4283 licet
3238 4228 3524 4295 minimus,
3571 4240 3736 4301 atque

2152 4325 2408 4395 dogmata
2423 4321 2777 4380 securitatem
2800 4322 2867 4377 iis
2877 4322 2969 4391 qui
2984 4321 3054 4376 ad
3070 4321 3174 4376 hoc
3187 4336 3444 4391 magnum
3461 4321 3732 4393 refugium

2154 4415 2476 4487 confugiunt
2499 4413 2888 4470 asseverantia.
2917 4412 3042 4469 Haec
3075 4414 3220 4485 dicta
3263 4422 3392 4469 sunt
3431 4413 3498 4468 ad
3535 4423 3587 4469 te
3617 4415 3737 4469 hor-

458 4496 640 4551 ταῦτα
679 4496 781 4565 μὲν
806 4496 877 4548 τὰ
916 4496 982 4549 ὲκ
1032 4495 1132 4566 τῆς
1164 4495 1259 4549 τοῦ
1285 4496 1451 4563 λόγου
1487 4494 1868 4567 παραινέσεως
1917 4497 2044 4566 ήμῖν

2156 4510 2418 4575 tandum;
2489 4515 2660 4563 restat
2708 4522 2853 4562 nunc
2901 4514 2960 4561 ut
3013 4506 3186 4577 magis
3253 4506 3493 4577 Spiritus
3558 4510 3736 4564 sancti

461 4586 834 4657 προσείρηται
876 4599 891 4616 ⁸
942 4583 1238 4639 ὑπόλοιπον
1305 4584 1360 4637 δὲ
1425 4585 1521 4638 καὶ
1578 4585 1658 4638 ἔτι
1699 4584 1888 4656 δεσμῷ
1952 4584 2049 4639 τοῦ

462 4676 631 4745 ἁγίου
660 4675 980 4745 Πνεῦματος
1014 4676 1085 4729 τὰ
1121 4678 1393 4748 είρημένα
1427 4677 1524 4730 ἐπὶ
1555 4676 1720 4730 πλέον
1746 4676 2048 4748 ὀχυρῶσαι,

460 4771 565 4823 καὶ
602 4768 687 4832 σὲ,
716 4770 910 4822 τέκνον
960 4768 1142 4845 ήμῶν,
1187 4771 1268 4832 είς
1307 4769 1370 4822 τὺ
1415 4769 1492 4842 μὴ
1523 4769 1745 4837 ἀνάξιόν
1774 4787 1825 4823 τι
1860 4771 2053 4825 παθεῖν

460 4862 569 4931 τῆς
596 4864 699 4931 σῆς
725 4860 1097 4932 μεγαλπίμου
1125 4863 1349 4935 ἀρετῆς,
1395 4863 1532 4934 μηδὲ
1561 4862 1893 4935 ἐξαμαρτεῖν
1936 4864 2055 4917 δια-

461 4954 860 5024 σφαλίσασθαι·
925 4957 1023 5010 καὶ
1072 4955 1260 5011 λοιπὸν
1317 4959 1376 5010 ὲν
1430 4958 1607 5028 Πατρὶ
1668 4961 1765 5010 καὶ⁵
1805 4957 1922 5028 Υίῷ
1958 4958 2054 5012 καὶ

462 5047 613 5117 ἁγίῳ
654 5048 955 5118 Πνεῦματι,
1021 5049 1154 5120 παρ’
1184 5041 1246 5101 οὗ
1276 5049 1411 5119 ήμῖν
1442 5050 1554 5112 τοῖς
1601 5048 2057 5115 ταπεινοῖςεξου-

459 5141 562 5195 σία
579 5140 794 5194 δέδοται
850 5139 1077 5212 δεσμεῖν
1125 5140 1222 5195 ἰπὶ
1283 5142 1531 5215 σωτηρίᾳ
1586 5140 1770 5214 ψυχῆς
1814 5144 1944 5208 τοὺς
1993 5145 2054 5196 ὲν

459 5233 628 5306 χρείᾳ
677 5232 772 5287 τοῦ
834 5234 1038 5306 δεσμοῦ
1108 5234 1572 5306 καθισταμένους,
1632 5235 2054 5309 ἀπαγορεύομέν

462 5343 553 5379 σοι
594 5326 730 5399 μηδὲ
782 5329 915 5397 μίαν
963 5328 1187 5383 κόλασιν
1233 5327 1268 5401 ἢ
1306 5329 1579 5401 τιμωρίαν
1630 5331 1937 5399 ἐπαγαγεῖν
1978 5328 2057 5397 τῷ

465 5419 533 5471 lx
564 5419 657 5471 τοῦ
715 5420 862 5492 ίεροῦ
914 5421 1070 5473 οἴκου
1122 5421 1219 5475 τοῦ
1277 5420 1420 5475 Θεοῦ
1477 5421 1761 5494 ληφθέντι,
1810 5423 1936 5496 μήδ’
1974 5425 2057 5486 είς

463 5512 669 5584 πεῖραν
723 5530 873 5577 τινος
934 5511 1239 5579 κακώσεως
1298 5515 1471 5568 αὑτὸν
1527 5517 1892 5587 καταστῆσαι,
1939 5517 2056 5572 ἀλλ’

461 5605 771 5677 οἰκτιρμῶν
792 5605 1035 5674 ἀξιῶσαι
1065 5608 1161 5660 καὶ
1208 5607 1568 5679 συγγνώμης.
1600 5607 1674 5673 ὡς
1726 5608 1795 5663 ἂν
1837 5611 1933 5664 καὶ
1958 5610 2058 5663 αὑ-

459 5700 557 5763 τλς
596 5698 774 5772 εῦροις
802 5704 900 5757 ἐπὶ
926 5704 1205 5766 ταῖςσαῖς
1241 5703 1557 5775 ὲξαιτήσεσι
1596 5703 1921 5774 πειθόμενον
1962 5705 2057 5759 τὸν

463 5795 686 5849 πάντων
719 5798 961 5868 ἄρχοντα
989 5794 1087 5849 καὶ
1134 5796 1440 5866 Δεσπότην,
1474 5795 1614 5853 ἀλλὰ
1658 5796 1735 5869 μὴ
1768 5797 2060 5869 ὀργιζόμε-

705 5891 994 5953 Ριτιιοι.
1034 5886 1155 5959 Gn.
1189 5887 1353 5950 CXI.

2150 4600 2369 4656 vinculo
2401 4600 2719 4656 muniantur
2759 4608 2817 4653 et
2864 4607 2946 4663 tu,
2991 4598 3090 4664 liti,
3141 4598 3289 4655 nihil
3330 4600 3599 4679 admittas
3648 4601 3736 4654 in-

2152 4694 2380 4765 dignum
2442 4700 2535 4747 tua
2592 4690 2888 4748 reverenda
2942 4691 3147 4745 virtute
3195 4700 3250 4747 et
3300 4702 3491 4746 contra
3544 4707 3741 4763 pecca-

2153 4795 2266 4841 tum
2312 4782 2593 4852 l'ulciaris;
2644 4793 2700 4839 et
2751 4782 2971 4838 tandem
3038 4783 3092 4836 in
3156 4781 3318 4837 Patre
3378 4794 3434 4838 et
3490 4784 3626 4840 Filio
3665 4795 3741 4854 ,οι

2155 4877 2362 4947 Spiritu
2416 4885 2628 4942 sancto,
2700 4889 2732 4930 a
2777 4889 2885 4944 quo
2933 4874 3094 4930 nobis
3148 4874 3450 4933 humilibus
3499 4877 3626 4933 data
3654 4890 3741 4934 est

2153 4976 2392 5041 potestas
2444 4964 2653 5041 ligandi
2705 4976 2927 5037 propter
2972 4967 3172 5021 animae
3219 4966 3454 5023 salutem
3511 4983 3606 5025 eos
3643 4972 3737 5042 qui

2155 5061 2386 5117 vinculis
2415 5060 2685 5132 indigent,
2737 5068 2986 5114 velamus
3036 5075 3105 5114 ne
3157 5059 3321 5115 ullam
3373 5076 3592 5133 pennam
3643 5076 3742 5119 aut

2156 5152 2566 5224 castigationem
2637 5150 2840 5205 homini
2923 5150 3002 5205 illi
3053 5165 3085 5207 e
3131 5152 3332 5222 templo
3391 5152 3489 5211 Dei
3550 5166 3739 5227 erepto

2158 5245 2443 5307 immittas,
2479 5254 2655 5310 neque
2680 5239 2968 5296 vexatione
2997 5241 3106 5296 ulla
3135 5256 3263 5297 eum
3293 5246 3598 5315 opprimas,
3642 5249 3740 5300 sed

2159 5334 2317 5389 venia
2369 5340 2424 5388 et
2472 5331 2850 5388 misericordia
2897 5347 3024 5389 eum
3082 5336 3426 5406 praevenias,
3502 5346 3563 5390 ut
3612 5335 3736 5405 ipse

2156 5426 2414 5498 precibus
2443 5424 2553 5480 tuis
2575 5423 2877 5496 propitium
2900 5424 3146 5501 invenias
3175 5430 3418 5485 omnium
3445 5426 3734 5491 Dominum
3793 5499 3799 5505 .

2157 5529 2211 5574 et
2240 5516 2442 5590 Regem
2477 5531 2586 5572 non
2606 5533 2740 5574 .vero
2773 5519 2974 5575 iratum
3016 5531 3072 5577 et
3109 5528 3163 5576 te
3204 5520 3312 5575 illis
3339 5518 3519 5587 verbis
3549 5519 3736 5574 inore.

2156 5622 2375 5685 pantetn
2404 5627 2528 5682 quae
2560 5613 2835 5669 minarum
2867 5614 3026 5684 plena
3059 5614 3267 5670 audivit
3295 5626 3488 5667 servus
3511 5612 3601 5669 ille
3620 5613 3735 5684 qui,

2160 5706 2455 5761 multorum
2498 5706 2809 5762 debitorum
2850 5715 3072 5778 accepta
3110 5706 3452 5771 dimissione,
3498 5706 3741 5781 immise-

2161 5797 2336 5856 ricors
2361 5798 2416 5854 in
2449 5813 2609 5869 suum
2644 5802 2957 5871 proximum
2987 5798 3189 5856 fuerat.

3389 5894 3429 5950 2
