4178 6420
515 345 582 407 ιι
759 400 767 407 ,
1507 312 1513 318 ’
1653 329 2660 395 NlCOLAICP.P.—\TRIARCH.E
3719 320 3790 382 tt

515 481 628 523 νον,
670 455 763 515 καὶ
805 454 1160 526 προτείνοντά
1210 471 1292 507 σοι
1337 454 1460 515 τοὺς
1495 451 1686 518 λόγους
1718 450 1978 513 ἐκείνου-ς,
2012 448 2105 512 οὒς
2143 451 2170 500 ὁ
2224 445 2332 498 τῶν
2365 443 2580 498 πολλῶν
2632 440 2963 513 ὀφλημάτων
2994 439 3093 511 τῆς
3130 439 3337 501 λύσεως
3380 439 3597 512 οἰκέτης
3629 440 3795 508 ἀξιω-

521 557 654 623 θεὶς,
705 554 937 622 ἐπείπερ
973 551 1052 620 τῷ
1100 549 1327 621 πλησίον
1373 546 1529 618 ὤφθη
1585 544 1936 614 ἀσυμπαθὴς,
1979 545 2075 596 σὺν
2115 541 2317 612 ἀπειλῇ
2371 537 2804 609 ἀποφηναμένου
2843 533 2936 588 τοῦ
2973 534 3240 589 δεσπότου
3273 533 3579 604 διήκουσεν.

523 678 612 733 ιγ.
654 675 735 730 Ad
765 671 1280 734 reverendissimum,
1323 667 1532 737 Deoque
1563 667 1992 737 dilectissimum,
2045 663 2132 715 in,

2239 649 3141 737 ,Τῷτιπιωτάτφθερφιλεστάτφ
3195 642 3649 737 σξὶλλειτουργῷ
3691 646 3792 700 καί

704 744 1002 799 sacerdotio
1050 743 1269 812 fratrem
1304 735 1582 812 nostrum,
1650 735 1921 806 Bulguriw

1083 809 1552 878 archiepiscopum.

573 931 730 1006 .Jam
776 927 1060 983 studiosus
1113 939 1258 977 cram
1313 921 1626 1002 commercii
1682 919 1825 990 quod
1879 934 1972 987 per
2019 917 2109 969 lit.

533 1037 678 1080 teras
719 1037 844 1076 cum
897 1029 988 1073 tua
1048 1017 1336 1071 sanetitate
1370 1012 1499 1065 mihi
1552 1019 1707 1076 eral;
1738 1025 1883 1064 nunc
1928 1016 2107 1062 autem

533 1117 797 1188 quoniam
850 1110 1243 1181 superveniens
1297 1105 1596 1161 necessarii
1644 1103 1842 1171 negotii
1890 1100 2110 1156 occasio

535 1224 622 1263 me
667 1207 732 1260 ad
783 1201 1132 1258 scribendum
1187 1197 1380 1258 movit,
1437 1210 1559 1250 tneo
1615 1195 1776 1249 simul
1839 1191 2110 1246 desiderio

537 1299 822 1366 indulgens
855 1305 910 1348 et
957 1293 1282 1347 necessitate
1314 1289 1517 1357 negotii
1576 1287 1917 1356 compulsus,
1972 1300 2112 1354 prae-

538 1401 744 1446 sentem
801 1386 896 1441 tibi
952 1384 1234 1453 epistolam
1283 1396 1450 1434 exaro
1485 1400 1497 1434 :
1539 1381 1628 1434 sed
1677 1379 1726 1431 i.l
1773 1393 2107 1446 praesuuwuo

538 1484 666 1536 dut'n
713 1481 779 1534 de
829 1475 1170 1546 expositione
1222 1471 1419 1540 negotii
1454 1486 1549 1540 per
1601 1479 1802 1538 partes,
1851 1466 1995 1536 quod
2029 1482 2115 1521 as-

541 1572 751 1641 sumpsi
814 1569 881 1623 ad
933 1564 1303 1621 assistendum
1357 1577 1514 1615 sacro
1549 1560 1704 1613 altari
1743 1571 1793 1613 et
1837 1557 1902 1610 ad
1949 1557 2118 1610 inter-

537 1661 839 1717 cedendum
876 1671 974 1728 pro
1009 1655 1352 1719 hominibus,
1403 1654 1496 1722 qui
1547 1651 1600 1704 in
1635 1659 1776 1704 terra
1808 1662 2114 1710 versamur,

539 1752 680 1823 apud
724 1750 1015 1804 Dominum
1056 1746 1148 1814 qui
1198 1745 1251 1797 in
1287 1743 1440 1799 cmlis
1475 1749 1558 1796 est
1608 1741 1664 1810 (0
1708 1739 2116 1793 formidandum

539 1843 595 1900 e't
680 1858 901 1897 onmem
988 1851 1299 1893 sermonem
1367 1849 1708 1904 exsuperans
1779 1833 1984 1886 donum
2067 1839 2120 1883 et

544 1930 996 2001 muniﬁcentia!)
1041 1928 1304 1982 debemus
1377 1925 1534 1978 enixe
1615 1922 1859 1975 ordinem
1912 1921 1964 1972 in
2011 1934 2119 1987 quo

2351 726 2536 790 τέκνῳ
2561 724 2730 791 ἡμῶν
2754 723 3209 790 ἀρχιεπισκόπφ
3239 720 3632 785 Βουλγαρίας.

2280 907 2388 960 Καὶ
2447 905 2622 970 ἄλλως
2685 906 2820 976 ἡμῖν
2872 903 3222 974 ἐπιθυμητής
3282 899 3638 975 ὑπαρχούσης
3698 900 3798 969 τῆς

2213 1001 2351 1070 πρὸς
2387 999 2489 1069 τὴν
2523 999 2620 1069 σήν
2654 999 2913 1068 ὁσιότητα
2933 997 3022 1049 διὰ
3043 995 3136 1048 τοῦ
3163 995 3398 1066 γράφειν
3452 992 3797 1062 συνομιλίας,

2212 1091 2308 1145 νῦν
2355 1091 2542 1161 ἐπειδὴ
2601 1089 2696 1142 καὶ
2753 1089 3084 1160 πράγματος
3152 1086 3456 1154 ἀναγκαίου
3541 1085 3800 1146 ὑπόθεσις

2217 1182 2562 1255 προελθοῦσα
2624 1180 2760 1251 πρὸς
2813 1181 2876 1233 τὸ
2929 1180 3166 1249 γράφειν
3212 1179 3493 1248 ἐκίνησεν,
3543 1177 3659 1246 ἅμα
3704 1177 3803 1246 μὲν

2216 1274 2312 1328 καὶ
2340 1274 2439 1344 τὴν
2484 1271 2784 1342 ἐπιθυμίαν
2840 1271 3312 1343 παρηγοροῦντες,
3376 1271 3470 1324 καὶ
3511 1271 3586 1338 τῷ
3631 1271 3804 1336 ἁναγο

2217 1363 2360 1430 καίῳ
2408 1362 2502 1414 τοῦ
2558 1363 2891 1432 πράγματος
2930 1361 3366 1431 συγκινούμενοι,
3396 1361 3457 1412 τὸ
3493 1360 3670 1428 παρόν
3719 1375 3803 1411 σοι

2217 1455 2454 1524 γράμμα
2484 1452 2948 1524 διαχαράττομεν.
2980 1452 3122 1505 Ἀλλ’
3148 1454 3326 1504 ἐκεῖνο
3359 1450 3652 1522 προλαϐεῖν
3680 1450 3805 1518 δεή-

2220 1561 2300 1597 σει
2341 1545 2607 1615 περὶτῆς
2650 1547 2794 1598 κατὰ
2855 1545 3021 1615 μέρος
3075 1544 3170 1596 τοῦ
3231 1545 3561 1613 πράγματος
3613 1543 3807 1614 διηγή-

2222 1654 2379 1702 σεως,
2409 1638 2512 1703 ὅτι,
2536 1636 2966 1702 καταξιωθέντες
2998 1635 3074 1706 τῷ
3100 1636 3241 1705 ἁγίῳ
3265 1636 3640 1704 θυσιαστηρίῳ
3672 1651 3808 1704 παρ.

2225 1728 2476 1781 ίστασθαι
2535 1729 2631 1781 καὶ
2696 1729 3004 1797 μεσιτεύειν
3060 1729 3202 1799 ὑπὲρ
3249 1727 3554 1798 ἀνθρώπων
3619 1731 3676 1782 ἐν
3729 1730 3802 1798 γῇ

2224 1821 2587 1890 στρεφόμενοι
2631 1819 2768 1890 πρὸς
2808 1820 2899 1872 τὸν
2931 1823 2987 1872 ἐν
3022 1820 3274 1890 οὐρανοῖς
3304 1821 3586 1889 Δεσπότην
3625 1835 3807 1874 κατα-

2225 1911 2535 1974 σταθέντες,
2563 1911 2608 1963 ὣ
2644 1912 2744 1976 τῆς
2799 1912 3032 1982 φρικτῆς
3063 1913 3156 1964 καὶ
3193 1913 3344 1982 ὑπὲρ
3393 1912 3550 1980 λόγον
3597 1912 3809 1982 δωρεᾶς

544 2042 736 2082 sumus
782 2023 1062 2079 constituti
1116 2019 1494 2082 considerare;
1549 2025 1599 2068 et
1627 2014 1752 2084 quia
1787 2028 1887 2084 pro
1935 2012 2113 2066 homi-

2236 2004 2319 2055 mi
2359 2003 2703 2072 φιλοτιμίας,
2774 2004 3065 2072 όςείλομεν
3125 2003 3363 2074 συντόνῳ
3423 2003 3664 2074 λογισμῷ
3709 2003 3809 2075 τὴν

544 2121 708 2174 nibus
759 2131 946 2171 eorum
1001 2129 1121 2184 quae
1172 2113 1224 2167 in
1282 2111 1450 2164 Deum
1509 2117 1868 2192 peccaverunt
1907 2105 2119 2158 veniam

543 2211 916 2282 deposcimus,
953 2209 1122 2261 multo
1154 2205 1326 2274 magis
1353 2203 1635 2255 hominum
1672 2201 1724 2252 in
1763 2199 1995 2253 im'icem
2033 2197 2126 2250 de-

546 2305 672 2358 licta
726 2301 969 2356 studiose
1041 2299 1290 2352 diluere‘
1329 2305 1492 2366 atque
1538 2309 1678 2363 sape
1729 2307 1759 2347 a
1815 2289 2129 2361 potentibus

547 2392 790 2448 saucitas
839 2403 1027 2460 pmnas
1078 2386 1380 2457 deprecari,
1429 2383 1683 2456 loquendi
1728 2381 1994 2450 siquidem
2059 2378 2126 2432 ad

549 2483 800 2539 homines
836 2480 996 2534 nobis
1022 2487 1106 2531 est
1151 2477 1348 2530 tlducia
1379 2469 1822 2543 incomparabilis
1870 2478 1921 2521 et
1967 2467 2131 2519 ratio-

549 2576 750 2632 nabilis
799 2570 1154 2643 deprecatio:
1205 2567 1333 2638 quid
1380 2566 1524 2620 enim
1559 2566 1721 2622 homo
1765 2563 1817 2614 in
1849 2559 2127 2613 hominem

548 2668 820 2740 peccans?
872 2679 1053 2719 nonne
1099 2661 1270 2714 multo
1307 2661 1488 2712 minus
1530 2658 1610 2710 eis
1666 2669 1786 2724 qua:
1841 2653 1894 2706 in
1957 2649 2127 2704 Deum

546 2759 788 2830 quotidie
845 2755 1234 2822 delinquttntur
1283 2757 1335 2802 et
1387 2763 1483 2817 pro
1517 2745 1718 2816 quibus
1767 2742 1954 2797 altaris
2023 2739 2129 2793 mi-

547 2828 706 2905 nistri
743 2855 902 2902 orant
929 2853 984 2900 et
1025 2837 1431 2912 deprecantur?
1481 2834 1585 2891 Sed
1637 2834 1794 2904 cujus
1831 2832 1907 2885 rei
1957 2828 2130 2899 gratia

547 2943 637 2997 illa
683 2939 835 2994 dixi?
868 2936 939 2992 Ut
988 2945 1078 2988 tua
1132 2931 1378 3002 piissima
1428 2927 1713 2990 sanctitas,
1764 2923 2128 2992 Bulgarorum

547 3032 725 3104 gentis
773 3027 1029 3083 sacerdos
1085 3024 1441 3086 constitutus,
1493 3034 1618 3073 cum
1668 3017 1918 3070 libertate
1962 3013 2057 3067 tibi
2099 3026 2129 3065 a

548 3125 756 3196 Spiritu
805 3129 992 3175 sancto
1039 3130 1322 3180 concessa,
1375 3110 1672 3182 principem
1726 3119 1993 3173 vestrum,
2048 3105 2133 3158 di-

550 3217 910 3272 lectissimum
948 3225 1128 3264 meum
1165 3208 1288 3263 dico
1319 3205 1511 3269 lilium,
1549 3219 1674 3259 cum
1711 3204 1952 3256 humano
1979 3211 2132 3251 more

551 3313 604 3364 in
632 3308 868 3376 aliquem
905 3301 1070 3356 fuerit
1103 3299 1441 3369 indignatus,
1475 3295 1634 3348 modo
1664 3300 1890 3363 paterne
1919 3289 2132 3343 cohor-

551 3415 674 3454 HIIIS
699 3439 712 3461 ι

552 3587 734 3656 potius
782 3579 1122 3634 humanitate
1172 3579 1390 3630 vincere
1422 3613 1436 3638 ,
1501 3583 1666 3639 atque
1716 3570 1978 3623 ultionem
2037 3566 2133 3620 de-

551 3680 802 3748 spicere;
860 3673 1057 3743 quippe
1115 3671 1208 3740 qui
1276 3667 1416 3722 sciat
1466 3665 1638 3719 cuivis
1696 3660 1904 3716 homini
1969 3658 2138 3712 multo

551 3770 748 3826 melius
771 3775 858 3822 est
886 3767 1099 3820 veniam
1131 3760 1431 3816 concedere
1451 3771 1613 3827 quam
1645 3768 1835 3823 poenas
1858 3760 2136 3821 repetere;

550 3865 851 3932 praesertim
903 3873 1033 3913 vero
1068 3856 1137 3910 iis
1192 3853 1285 3923 qui
1329 3849 1695 3920 principatum
1740 3861 1769 3899 a
1816 3843 1928 3898 Deo
1978 3858 2137 3898 acce-

551 3967 786 4026 perunt,
841 3968 980 4022 quos
1033 3965 1098 4005 co
1148 3949 1324 4016 magis
1363 3945 1632 4015 gloriosos
1690 3951 1743 3996 ct
1789 3937 2137 3993 admirandos

553 4043 685 4095 facit
715 4037 1096 4092 misericordia
1138 4033 1284 4104 quod
1343 4029 1644 4085 ulciscendi
1679 4037 2004 4098 pmestatem
2042 4027 2137 4080 ha-

555 4135 766 4194 bentes,
801 4126 997 4182 ultioni
1026 4123 1461 4179 misericordiam
1494 4118 1848 4188 praetulerint.

2225 2093 2405 2159 τάξιν,
2460 2096 2558 2164 ἐφ’
2623 2094 2689 2164 ἢν
2752 2097 3097 2166 κατέστημεν
3137 2099 3362 2151 ἐννοεῖν.
3394 2097 3530 2174 ..Καὶ
3557 2098 3679 2151 ἐπεὶ
3740 2097 3846 2150 τὰ.

2229 2187 2364 2256 πρὸς
2403 2186 2536 2239 Θεὸν
2589 2187 3020 2258 ἁμαρτανόμενα
3081 2191 3191 2252 τοῖς
3249 2189 3558 2260 ἀνθρώποις
3611 2203 3815 2259 παραι-

2227 2276 2492 2347 τούμεθα,
2546 2277 2725 2348 πολλῷ
2793 2278 2958 2330 πλέον
3011 2279 3079 2332 τά
3145 2284 3224 2341 εἰς
3304 2281 3572 2352 ἀλλήλους
3647 2280 3812 2334 πταί-

2232 2385 2415 2439 σσέατα
2445 2369 2553 2455 τῷν
2587 2367 2892 2440 ἀνθρώπων
2918 2369 3154 2423 διαλύειν
3208 2371 3554 2438 σπουδάζειν,
3587 2372 3683 2426 καὶ
3715 2371 3816 2436 τὰς

2233 2461 2494 2523 πολλάκις
2520 2463 2868 2532 ἐπαγομένας
2893 2462 3042 2533 παρά
3075 2463 3184 2515 τῶν
3209 2464 3590 2537 ὑπερεχόντων
3614 2481 3816 2536 παραι-

2231 2554 2445 2608 τεῖσθαι
2477 2556 2774 2625 τιμωρίας,
2812 2558 2906 2609 ἂτε
2940 2555 3004 2626 δὴ
3037 2557 3133 2610 καὶ
3161 2559 3497 2630 ἀσυγκρίτου
3531 2559 3667 2629 ἡμῖν
3712 2557 3817 2626 τῆς

2231 2647 2370 2715 πρὸς
2417 2646 2744 2716 ἀνθρώπους
2772 2650 3090 2720 παρρησίας
3121 2637 3498 2722 ὑπαρχούσης,
3531 2650 3626 2703 καὶ
3669 2649 3822 2702 εὐλό-

2231 2754 2333 2805 γου
2366 2740 2773 2810 παραιτήσεως.
2830 2741 2894 2792 Τί
2949 2741 3058 2813 γὰρ
3101 2741 3168 2794 ἂν
3206 2743 3294 2812 εἴη
3348 2741 3637 2812 ἄνθρωπος
3684 2741 3820 2808 ἐξη-

2238 2829 2539 2901 μαρτηκὼς
2585 2833 2666 2894 εἰς
2695 2831 3010 2903 ἄνθρωπον,
3052 2832 3079 2886 ὃ
3112 2833 3188 2906 μὴ
3243 2834 3384 2887 κατὰ
3413 2833 3556 2887 ’πολὺ
3590 2833 3819 2885 ἔλαττον

2236 2923 2608 2993 ἀποφαίνεται
2631 2924 2740 2976 τῶν
2778 2925 2914 2993 πρὸς
2947 2926 3080 2978 Θεὸν
3109 2925 3232 2980 καθ’
3270 2927 3510 2996 ἑκάστην
3563 2925 3823 2995 ἁμαρτα-

2234 3016 2500 3084 νομένων,
2529 3009 2603 3070 ὧν
2629 3016 2678 3068 οἱ
2704 3015 2780 3086 τῷ
2820 3017 2960 3087 ἁγίῳ
2990 3017 3368 3089 θυσιαστηρίῳ
3422 3019 3825 3089 παριστάμενοι

2229 3107 2499 3179 πρέσϐεις
2529 3109 2625 3162 καὶ
2643 3110 2975 3180 παραιτηταὶ
3005 3110 3379 3180 καθεστήκασι
3403 3128 3418 3177 ;
3441 3112 3541 3163 Διὰ
3571 3111 3624 3163 τί
3649 3112 3826 3164 ταῦτα

2233 3195 2426 3265 simul;
2458 3200 2574 3254 Ἷνα
2623 3202 2776 3271 καὶὴ
2809 3201 2874 3272 σὴ
2916 3201 3168 3270 θεοφιλὴς
3223 3202 3467 3272 ὁσιότης,
3522 3201 3829 3270 ἱερατεύειν

2237 3290 2479 3361 λαχοῦσα
2501 3291 2593 3344 τοῦ
2615 3291 2944 3361 Βουλγάρων
2970 3293 3177 3357 ἔθνους,
3194 3296 3258 3363 τῇ
3283 3293 3547 3364 δεδομένῃ
3569 3310 3652 3346 σοι
3674 3296 3830 3365 παρὰ

772 3397 932 3450 modo
985 3390 1388 3461 archipraasulis
1441 3401 1593 3442 more
1651 3386 1986 3452 increpans,
2043 3383 2129 3433 in—

2239 3385 2334 3437 τοῦ
2364 3384 2521 3452 ἁγίου
2557 3385 2877 3453 Πνεύματος
2911 3385 3194 3456 παρρησίᾳ
3224 3386 3314 3437 τὸν
3340 3387 3440 3454 τὴν
3463 3385 3636 3457 ἀρχὴν
3674 3385 3831 3456 ὑμῶν

549 3492 922 3564 dignationem
969 3489 1199 3542 edoceas
1228 3485 1368 3538 intra
1400 3481 1666 3536 terminos
1695 3478 2001 3538 continere,
2048 3474 2156 3528 vel

2243 3478 2606 3546 κεκτημένον,
2651 3476 2794 3546 φημὶ
2832 3475 2897 3545 δὴ
2923 3475 2984 3527 τὸ
3028 3476 3384 3544 ἠγαπημένον
3420 3476 3574 3547 ήμῶν
3615 3477 3827 3538 τέκνον,

2242 3567 2462 3621 ἐπειδὰν
2502 3563 2588 3621 οἷα
2627 3569 2696 3620 τὰ
2735 3567 3055 3636 ἀνθρώπινα
3107 3567 3241 3636 πρός
3281 3567 3660 3636 ἀγανάκτησίν
3685 3584 3834 3630 τινος

2243 3660 2520 3731 ἐξαχθείη,
2567 3661 2724 3714 τοῦτο
2769 3661 2867 3731 μὲν
2903 3660 3186 3731 πατρικῶς
3237 3661 3542 3733 παραινῶν,
3581 3659 3742 3713 τοῦτο
3768 3660 3832 3712 δὲ

2239 3754 2334 3806 καὶ
2356 3753 2760 3836 ἀρχιερατικῶς
2773 3730 3328 3825 παρρησιαζόμενος,
3348 3755 3710 3824 ἀναδιξάσκῃς
3733 3730 3836 3822 μ’έ-

2246 3864 2352 3918 τρα
2383 3847 2580 3900 εἰδέναι
2609 3848 2707 3918 τῆς
2750 3849 3202 3920 ἀγανακτήσεως,
3239 3850 3439 3919 μᾶλλον
3463 3849 3520 3904 δὲ
3561 3849 3629 3903 τὰ
3663 3847 3840 3902 πολλὰ

2245 3940 2402 4009 νικᾷν
2421 3938 2498 4009 τῷ
2523 3941 2892 4010 φιλανθρώπῳ
2913 3940 3012 4011 τὴν
3034 3942 3433 4012 ἀγανάκτησιν,
3462 3941 3559 3994 καλ⁵
3583 3958 3655 3994 πα
3666 3937 3839 4012 ρορᾷν

2246 4029 2346 4100 τὴν
2365 4030 2658 4101 τιμωρίαν,
2674 4033 2748 4096 ώς
2771 4032 2951 4086 εἰδότα
2985 4035 3069 4086 ὃτι
3102 4034 3264 4086 παντὶ
3286 4035 3385 4102 μὲν
3407 4033 3678 4104 ἀνθρώπῳ
3697 4031 3843 4086 κατὰ

2250 4121 2385 4172 πολὺ
2420 4123 2670 4192 κρεῖττόν
2708 4127 2825 4177 ἐστι
2871 4125 2969 4178 τοῦ
3021 4127 3206 4179 λαϐεῖν
3247 4127 3523 4197 τιμωρίαν
3555 4127 3616 4180 τὸ
3653 4124 3844 4180 δοῦναι

557 4225 919 4295 συγγνώμην,
959 4218 1198 4290 μάλιστα
1233 4214 1291 4267 δὲ
1328 4214 1443 4276 τοῖς
1505 4209 1682 4279 ἀρχὴν
1711 4212 1806 4262 καὶ
1840 4209 2089 4275 ἐξουσίαν
2134 4211 2382 4281 εἰληφόσι
2415 4215 2568 4282 παρὰ
2593 4213 2754 4278 Θεοῦ,
2811 4217 2903 4278 οὓς
2943 4216 3200 4271 τοσοῦτον
3257 4219 3550 4288 ἀποφαίνει
3624 4219 3846 4290 θαυμα-

566 4324 726 4386 στοὺς
782 4317 879 4372 καὶ
916 4313 1131 4382 τιμίους
1181 4310 1242 4362 τὸ
1299 4304 1767 4376 συγγνωμονικδν,
1805 4303 1950 4369 ὅσον,
1995 4304 2245 4366 ἐξουσίαν
2285 4306 2498 4377 ἔχοντες
2528 4309 2777 4377 κολάσαι,
2843 4311 2942 4382 τὴν
2982 4312 3315 4385 συγγνώμην
3365 4311 3698 4385 προέκριναν
3737 4311 3845 4382 τῆς

559 4417 859 4475 κολάσεως.
961 4477 969 4485 _

631 4493 845 4575 Quibus
894 4502 1090 4564 dictis,
1137 4514 1254 4567 age,
1313 4494 1658 4549 occasionem
1718 4504 1935 4562 propter
1987 4508 2146 4562 quam

2326 4495 2464 4547 Ἀλλ’
2499 4496 2618 4548 ἐπεὶ
2649 4496 2822 4551 ταῦτα
2860 4499 3282 4573 ὑπεμνήσαμεν.
3337 4503 3466 4574 φέρε
3506 4501 3846 4574 δηλώοωμεν

561 4599 850 4670 epistolam
884 4590 1257 4655 curavimus,
1294 4601 1442 4639 nunc
1502 4582 1933 4654 patefaciamus;
1985 4585 2132 4639 homt

2257 4587 2349 4640 καὶ
2379 4587 2477 4659 τήν
2533 4588 2790 4644 ὑπόθεσιν
2846 4592 2914 4644 δι’
2953 4593 3020 4664 ἢν
3083 4595 3142 4647 τδ
3179 4596 3416 4666 γράμμα
3458 4592 3842 4648 διατυποῦται.

563 4691 793 4764 quidam
826 4688 893 4741 ad
924 4683 1331 4740 sanctissimam
1365 4691 1608 4734 nostram
1656 4677 1902 4748 confugit
1954 4675 2144 4732 Eccle-

563 4789 726 4848 siam,
773 4778 890 4849 qui,
921 4776 1160 4839 utdixit,
1209 4786 1395 4845 neque»
1430 4769 1784 4840 Bulgarorum
1833 4772 2005 4840 gentis
2036 4780 2143 4836 est,

567 4889 746 4944 neque
777 4872 1139 4941 Bulgarorum
1169 4865 1494 4936 cujusquam
1529 4873 1878 4932 nuncupatus
1910 4878 2102 4918 servus
2128 4879 2143 4928 ;

569 4981 716 5022 nunc
810 4973 993 5016 autem
1064 4969 1326 5028 tanquam
1365 4955 1650 5026 profugus
1704 4969 1892 5009 servus
1965 4954 2148 5024 inqui-

566 5061 753 5116 situs:
788 5056 935 5108 hunc
1011 5052 1077 5106 ad
1129 5050 1388 5119 templum
1463 5047 1557 5102 Dei
1610 5062 1735 5102 cum
1791 5046 2146 5117 confugisset,

568 5156 840 5205 venerunt
871 5144 1089 5214 quidam
1127 5145 1181 5197 in
1229 5144 1457 5212 gratiam
1490 5139 1752 5211 principis
1787 5155 1818 5194 a
1860 5139 1969 5196 Deo
2019 5155 2150 5196 con-

568 5243 772 5305 stituti,
824 5237 1066 5291 volentes
1112 5252 1140 5290 a
1200 5237 1401 5306 templo
1449 5236 1727 5304 eripere,
1772 5234 1973 5304 quibus
2044 5251 2146 5291 nos

570 5331 772 5401 injuria
824 5327 1185 5382 aﬂlcientibus
1228 5327 1473 5397 duroque
1522 5327 1575 5379 in
1630 5341 1732 5380 nos
1779 5327 2008 5382 invectis
2049 5343 2152 5382 no-

570 5426 777 5478 luimus
856 5421 1241 5490 acquiescere,
1309 5436 1484 5490 neque
1543 5419 1754 5474 veniam
1840 5436 1870 5474 a
1946 5420 2151 5490 templo

573 5514 896 5568 extrahendi
952 5512 1214 5583 supplicis
1278 5514 1409 5566 dare
1472 5511 1647 5566 donec
1703 5513 1828 5566 data
1889 5515 2151 5567 certiora-

580 5601 727 5654 ti0ne
778 5619 901 5658 eum
960 5605 1093 5659 nihil
1137 5605 1262 5659 mali
1293 5621 1320 5658 a
1366 5605 1611 5674 principe
1658 5620 1780 5661 esse
1831 5621 2148 5675 passurum,

581 5707 612 5743 a
664 5699 1006 5752 sanctissimo
1065 5699 1236 5752 altare
1307 5697 1689 5763 abstulerunt,
1763 5699 2154 5754 attestantibus

585 5800 686 5838 nos
714 5787 896 5841 multis
938 5791 1112 5845 verbis
1141 5790 1309 5845 Deum
1343 5799 1504 5860 atque
1538 5800 1784 5846 sanctum
1834 5791 2154 5860 propitiato-

2258 4680 2582 4750 ’Ἄνθρωπός
2604 4700 2687 4746 τις
2719 4685 3109 4755 προσπέφευγε
3128 4691 3192 4757 τῇ
3231 4686 3352 4740 καθ’
3381 4687 3527 4756 ἡμᾶς
3559 4684 3841 4758 ἁγιωτάτῃ

2255 4770 2576 4842 Ἐκκλησία,
2607 4772 2682 4838 ὦς
2714 4792 2904 4848 φησιν,
2928 4775 3052 4828 οὔτε
3087 4777 3182 4830 τοῦ
3205 4777 3528 4846 Βουλγάρων
3553 4775 3842 4844 τυγχάνων

2256 4865 2471 4931 γένους,
2489 4865 2613 4919 οῦτε
2630 4869 2774 4932 τινὸς
2793 4871 2902 4923 τῶν
2931 4872 2990 4924 έν
3012 4869 3318 4940 Βουλγαρία
3341 4867 3690 4937 χρηματίσας
3707 4868 3845 4920 οίκέ·

2258 4973 2357 5028 της
2365 5000 2379 5022 ,
2401 4959 2496 5012 καὶ
2519 4959 2612 5013 νῦν
2631 4961 2706 5025 ὼς
2723 4961 2999 5034 δραπέτης
3015 4963 3234 5032 οἰκέτης
3249 4959 3510 5031 ὲπιζητού
3519 4974 3696 5030 μενος·
3714 4959 3842 5011 τοῦ·

2259 5065 2350 5102 τον
2368 5055 2755 5122 προσφυγόντα
2773 5053 2846 5124 τῷ
2866 5054 3105 5124 ίερῷτοῦ
3123 5052 3258 5107 Θεοῦ
3309 5053 3445 5123 πρὸς
3471 5053 3629 5122 χάριν
3653 5050 3748 5102 τοῦ
3778 5052 3843 5102 ἐκ

2256 5141 2395 5196 Θεοῦ
2419 5144 2681 5214 ἄρχοντος
2711 5140 2847 5216 ἧκον
2885 5146 3208 5199 ἀποσπάσαι
3239 5144 3552 5214 βουλόμενοι
3575 5137 3667 5192 τοῦ
3686 5139 3837 5203 ναοῦ,

2253 5229 2334 5299 οἷς
2354 5237 2513 5306 ἡμεῖς
2539 5236 2710 5290 πολλὰ
2736 5237 3126 5308 χαλεπαίνουσι
3148 5237 3242 5292 καὶ
3262 5235 3510 5306 σκληρῶς
3531 5247 3839 5302 προσφερο-

2251 5329 2436 5399 μένοις
2481 5330 2775 5400 πεισθῆναι
2819 5333 2919 5384 οὐκ
2955 5329 3320 5400 ἐϐουλόμεθα,
3355 5327 3479 5379 οὐδὲ
3525 5323 3835 5394 συγχωρεῖν

2245 5424 2568 5477 ἀποσπάσαι
2584 5423 2677 5476 τοῦ
2704 5423 2828 5477 ναοῦ
2851 5423 2944 5475 τὸν
2973 5421 3184 5490 ἱκέτην,
3207 5418 3310 5479 ἕως
3330 5410 3421 5482 οῦ,
3458 5412 3840 5486 πληροφορίαν

2247 5516 2632 5585 παρασχόντες
2689 5514 2766 5575 ὼς
2793 5512 2945 5565 οὐδὲν
2980 5511 3231 5563 πείσεται
3258 5508 3432 5560 δεινὸν
3466 5508 3616 5576 παρὰ
3643 5504 3736 5558 τοῦ
3771 5505 3837 5556 ὲκ

2245 5605 2383 5659 Θεοῦ
2419 5607 2704 5677 ἄρχοντος,
2738 5604 2835 5658 τοῦ
2877 5602 3150 5671 παναγίου
3202 5599 3396 5654 ἔλαϐον
3441 5597 3836 5668 θυσιαστηρίου

2245 5699 2419 5750 πολλὰ
2485 5700 2576 5751 καὶ
2621 5697 2759 5749 Θεδν
2812 5692 3350 5766 ἐπιμαρτυρομένων
3401 5692 3583 5763 ἡμῶν,
3642 5688 3836 5744 καὶτὸ

2247 5793 2400 5858 ἆγιον
2435 5791 2767 5856 ἱλαστήριον,
2802 5788 2900 5854 ὡς,
2936 5791 2981 5842 εί
3013 5790 3182 5843 κακόν
3227 5805 3280 5841 τι
3314 5786 3622 5852 ἀπαντήσει
3653 5780 3828 5849 αὐτῷ,
