4178 6414
1383 232 1411 262 ο

492 290 570 351 "47
1635 279 1944 342 NICOLAI
1982 281 2094 344 CP.-
2132 275 2646 341 PATRIARCHIE
3695 280 3770 345 48

501 402 1121 474 dederu-ntiniquitates
1151 408 1377 461 nostris,
1409 406 1556 452 utea
1617 398 1685 452 de
1738 407 1788 453 te
1844 396 2085 452 audieri-

2192 396 2356 464 ἔοικε,
2426 396 2790 466 περιέστησαν
2847 391 2992 465 ἡμᾶς
3043 394 3102 448 αι
3155 395 3422 466 ἁμαρτίαι
3473 397 3634 468 ήμῶν
3679 401 3770 455 ἶνα

501 514 632 556 mus
661 512 783 567 quae
820 503 1045 565 propter
1085 493 1390 548 scribenda:
1424 491 1550 545 huic
1604 502 1808 545 nostrae
1845 491 2088 561 epistola

2192 489 2448 543 τοιαύτας
2480 489 2608 560 περὶ
2641 488 2736 540 σοῦ
2784 487 3110 556 ἀκούσωμεν
3141 488 3422 556 ἀγγελίας,
3461 489 3518 543 αἳ
3546 490 3607 544 τὸ
3636 491 3775 563 ἠμέ-

505 589 817 645 inserviunt
853 587 1132 657 lacrymae.
1200 584 1372 638 Parce
1417 583 1596 641 nobis.
1646 582 1897 648 Domine,
1943 582 2087 639 Deus

502 691 713 744 noster,
744 692 798 735 et
843 695 911 734 ne
942 678 1226 749 permittas
1258 676 1314 730 in
1376 675 1570 730 diebus
1623 683 1826 730 nostra:
1865 675 2087 730 humili-

504 775 632 829 tatis
663 783 717 828 et
746 771 1083 842 indignitatis
1129 769 1254 822 talia
1283 783 1314 822 a
1341 767 1581 836 maligno
1621 766 1737 821 fieri
1777 782 1898 837 qua:
1925 781 1957 821 a
1983 781 2087 822 saa-

502 866 630 918 culo
660 879 768 918 non
797 864 1093 919 cessabunt
1122 861 1346 915 odiosos
1373 869 1427 914 et
1479 858 1711 913 infames
1737 859 1790 912 in
1832 859 2088 913 universo

496 958 636 1010 orbe
659 956 877 1011 efficere
907 965 1182 1010 tantorum
1221 952 1525 1008 facinorum
1547 963 1823 1007 auctores.
1844 949 1951 1006 Sed
1977 965 2088 1020 quo

501 1049 952 1104 declinatsermo
977 1063 1132 1102 meus
1166 1046 1310 1100 ?aut
1349 1059 1452 1098 cur
1509 1045 1690 1097 tardat
1747 1042 1843 1097 tibi
1905 1050 2090 1112 aperte

503 1140 691 1194 dicere
718 1138 920 1192 famam
949 1138 1094 1192 illam
1139 1135 1250 1190 Deo
1328 1134 1609 1199 odibilem,
1664 1133 2091 1203 hominibusque

501 1231 910 1285 aversandam?
941 1213 1263 1284 Nuntiatum
1295 1230 1498 1298 quippe
1535 1228 1693 1282 nobis
1719 1235 1804 1282 est
1853 1227 2091 1296 pruden-

504 1330 636 1383 tem,
675 1321 1001 1389 sapientem,
1039 1319 1699 1388 christianissimumqne,
1731 1318 1823 1388 qui
1847 1318 2086 1372 multum

491 1410 700 1464 .flevisti
775 1407 1062 1464 nefandam
1122 1411 1270 1464 illam
1345 1409 1748 1479 expeditionem
1809 1409 2089 1466 adversus

503 1499 851 1554 Christianos
882 1510 1222 1571 susceptam,
1251 1501 1426 1571 pejori
1474 1502 1639 1556 modo
1673 1510 1728 1557 et
1765 1500 1878 1556 Deo
1912 1503 2088 1574 magis

491 1590 759 1645 invisate
792 1592 932 1647 velle
981 1593 1130 1646 illam
1199 1607 1464 1662 superare
1527 1593 1580 1647 in
1641 1593 1828 1648 animo
1881 1595 2091 1650 scilicet

502 1680 790 1736 habentem
824 1698 977 1737 more
1013 1695 1371 1754 tyrannorum
1414 1685 1596 1739 invehi
1660 1695 1715 1739 et
1771 1687 1982 1741 irruere
2032 1686 2088 1740 in

2188 595 2349 650 τερον
2383 579 2520 649 πρὸς
2569 579 2629 632 σὲ
2666 578 2900 650 γράμμα
2930 579 3260 650 τάσδάκρυα
3313 579 3527 645 ἕξουσιν
3564 582 3774 654 ὑπουρ-

2189 671 2392 740 γοῦντα
2431 656 2569 742 πρὸς
2619 673 2717 740 τὴν
2748 671 3220 740 γραφήν.⁶Φεῖσαι
3285 671 3468 739 ἡμῶν,
3513 673 3690 742 Κύριε
3745 676 3774 726 ὁ

2179 763 2324 827 Θεὸς
2357 764 2536 834 ήμῶν,
2573 763 2668 816 καὶ
2731 761 2811 832 μὴ
2845 764 3256 832 παραχωρήσῃς
3299 762 3359 814 ἐν
3405 762 3644 833 ήμέραις
3676 765 3777 833 τῆς

2188 845 2582 923 ταπεινότητος
2605 855 2762 925 ήμῶν
2791 854 2888 908 καὶ
2913 855 3265 922 ἀναξιότητος
3315 854 3412 907 τοῦ
3465 854 3560 908 σοῦ
3589 855 3774 910 θυσια-

2189 948 2417 1019 στηρίου
2451 947 2676 1001 τοιαῦτα
2704 946 3063 1020 ἐνεργηθῆναι
3088 947 3192 1000 ὑπδ
3206 945 3300 1000 τοῦ
3322 947 3560 1016 πονηροῦ
3599 949 3777 1016 πράγ-

2192 1055 2363 1110 ματα,
2401 1039 2438 1093 ἃ
2480 1037 2554 1109 μὴ
2581 1039 2848 1107 διαλείψει
2882 1041 3060 1092 πάντα
3115 1037 3290 1090 αἰῶνα
3342 1038 3628 1107 μεμπτοὺς
3679 1039 3774 1090 καὶ

2167 1131 2588 1196 ἐπονειδίστους
2647 1131 2812 1185 παντὶ
2867 1129 2944 1201 τῷ
2991 1130 3185 1200 κόσμῳ
3240 1133 3416 1183 ποιεῖν
3439 1132 3564 1193 τοὺς
3605 1130 3774 1184 ταῦτα

2175 1223 2458 1294 ’πράττειν
2493 1224 2868 1293 ὁρμήσαντας.
2895 1220 3060 1276 ’Δλλά
3111 1223 3274 1292 μέχρι
3328 1222 3468 1284 τίνος
3497 1222 3690 1291 φεύγει
3745 1227 3774 1276 ὀ

2189 1313 2348 1384 λόγος
2376 1314 2474 1369 καὶ
2501 1315 2866 1368 ἀναϐάλλεται
2905 1313 3004 1386 τὴν
3055 1317 3304 1385 πονηρὰν
3335 1315 3618 1383 ἀγγελίαν,
3679 1316 3774 1369 καὶ

2189 1407 2310 1479 Θεῷ
2336 1409 2572 1481 μισητὴν
2604 1411 2700 1463 καὶ
2741 1409 3056 1479 ἀνθρώποις
3092 1410 3463 1480 ἀποτρόπαιον
3505 1408 3772 1478 ἐμφανῶς

2191 1518 2272 1554 σοι
2305 1501 2523 1570 λέγεινς
2581 1502 2942 1572 ’Λνήγγειλαν
2982 1505 3136 1572 ἡμῖν,
3177 1503 3253 1562 ὡς
3311 1505 3339 1555 ὁ
3393 1501 3678 1572 φρόνιμος,
3743 1505 3773 1556 ὀ

2192 1593 2586 1660 συνετώτατος,
2623 1597 2651 1647 ὁ
2713 1594 3255 1666 χριστιανικώτατος,
3297 1596 3324 1646 ὀ
3376 1594 3546 1648 πολλὰ
3607 1612 3772 1666 μετα-

2192 1688 2563 1758 κλαυσάμενος
2616 1689 2716 1758 τὴν
2770 1687 3014 1757 πονηρὰν
3048 1686 3265 1755 ἐκείνην
3323 1687 3680 1758 ἐκστρατείαν
3707 1689 3774 1759 ἢν

502 1773 796 1839 infantem,
833 1775 886 1828 in
916 1777 1224 1844 orphanum
1273 1777 1366 1845 qui
1414 1777 1564 1830 nulla
1601 1789 1656 1832 te
1703 1778 1901 1848 injuria
1957 1777 2091 1834 affe-

2203 1783 2445 1851 ἐποιήσω
2475 1783 2618 1838 κατὰ
2642 1779 3012 1851 Χριστιανῶν,
3059 1781 3153 1834 νῦν
3209 1779 3368 1833 πάλιν
3419 1780 3623 1852 χείρονι
3675 1782 3771 1834 ἐκ·

504 1866 600 1932 cit,
619 1866 716 1936 qui
735 1875 787 1921 te
807 1866 996 1920 dolore
1023 1866 1249 1923 minime
1279 1869 1414 1923 laesit
1439 1872 1494 1923 in
1513 1867 1846 1922 infantulum
1871 1881 2086 1939 regem;

509 1972 690 2027 neque
715 1958 1027 2028 tyrannidis
1057 1959 1273 2015 ratione
1299 1961 1673 2025 considerata,
1735 1960 1882 2029 quod
1939 1958 2093 2013 scili-

504 2050 745 2118 cetapud
773 2048 939 2104 Deum
971 2057 1028 2104 et
1060 2049 1313 2105 homines
1330 2050 1401 2105 sit
1424 2051 1690 2106 scelesta:
1711 2063 1872 2118 quem
1890 2048 2092 2102 etenim

508 2141 652 2210 fugit
678 2140 854 2195 Deum
883 2141 1072 2196 odisse
1111 2142 1456 2213 tyrannidem
1479 2151 1538 2196 et
1571 2142 1824 2196 homines
1879 2154 2093 2210 semper

506 2233 832 2288 calumniari
899 2240 1166 2304 tyrannos
1199 2244 1458 2304 tanquam
1518 2247 1844 2288 communes
1870 2230 2094 2301 pestes?

431 2310 446 2318 ’⁷
506 2326 610 2380 Sed
641 2339 819 2394 neque
857 2324 948 2378 illa
977 2326 1031 2378 in
1082 2334 1261 2379 mente
1314 2326 1626 2395 reposuisti,
1675 2339 1852 2393 neque
1915 2323 2093 2378 Patris

507 2416 884 2485 orphanorum
911 2431 972 2470 es
1012 2417 1334 2470 recordatus
1373 2417 1466 2485 qui
1497 2416 1729 2485 injurias
1755 2417 1920 2469 etiam
1967 2416 2091 2468 cui-

507 2522 726 2578 cunque
755 2509 1004 2577 orpltano
1033 2509 1214 2562 illatas
1245 2509 1360 2563 odit
1390 2516 1443 2562 et
1479 2516 1797 2562 exsecratur
1820 2516 1873 2560 et
1911 2507 2091 2576 impu-

409 2644 416 2650 .
507 2600 677 2654 uitam
712 2615 822 2654 non
853 2601 1098 2668 dimittit,
1137 2603 1335 2656 nedum
1379 2601 1490 2671 regi
1543 2616 1704 2669 quem
1741 2600 1860 2669 ipse
1893 2600 2092 2668 sceptri

507 2708 622 2748 sua:
657 2694 992 2748 haereditatis
1029 2695 1309 2749 constituit
1354 2693 1652 2763 principem
1680 2701 1737 2746 et
1767 2692 2082 2757 dominum,

507 2787 686 2854 pennis
712 2800 850 2855 quas
883 2787 1149 2851 sancivit;
1183 2802 1356 2855 neque
1373 2783 2090 2854 communium.pactionutn

509 2877 747 2932 habuisti
809 2881 1076 2934 rationein
1169 2878 1371 2948 quibus
1439 2893 1506 2932 ex
1580 2889 1690 2946 quo
1761 2875 1828 2930 ad
1915 2875 2094 2944 bapti-

508 2984 690 3023 smum
718 2972 1051 3030 accessistis.
1085 2985 1189 3039 pax
1219 2969 1497 3023 Romanos
1527 2969 1668 3021 inter
1716 2978 1776 3022 et
1829 2966 2095 3036 Bulgaros

2199 1874 2458 1944 στρατείᾳ
2511 1875 2602 1927 καὶ
2636 1873 2756 1943 Θεῷ
2800 1872 3128 1943 μισητοτέρᾳ
3154 1873 3370 1942 ἐκείνην
3398 1871 3774 1943 ἀποκρύπτειν

2196 1966 2492 2034 ἐπιχειρεῖς
2524 2002 2538 2026 ,
2620 1962 2844 2033 κινῆσαι
2915 1961 3235 2031 βουλόμενος
3339 1961 3434 2015 καὶ
3528 1979 3776 2031 τυραννι-

2180 2055 2308 2118 ..κῶς
2394 2053 2646 2108 ἐπελθεῖν
2738 2054 2883 2107 κατά
2971 2053 3068 2106 τοῦ
3157 2053 3323 2122 μηδὲν
3395 2052 3773 2124 ἀδικήσαντος,

2178 2146 2338 2200 τκατά
2436 2147 2534 2200 τοῦ
2649 2147 2816 2218 μηδὲν
2909 2146 3045 2209 ὅλως
3136 2147 3477 2217 λυπήσαντος
3576 2151 3772 2218 νηπίου

2195 2235 2291 2292 καὶ
2339 2238 2574 2308 ὀρφανοῦ
2607 2279 2620 2303 ,
2688 2239 2782 2292 καὶ
2832 2238 3023 2299 παιδὸς
3097 2237 3363 2308 βασιλέως
3394 2277 3407 2300 ,
3473 2236 3595 2291 οὔτε
3673 2240 3774 2309 τῆς
3827 2251 3830 2254 ’

2193 2329 2506 2399 τυραννίδος
2543 2329 2756 2382 ἔννοιαν
2826 2328 3023 2392 λαϐὼν,
3055 2329 3130 2392 ὡς
3183 2327 3413 2399 βδελυρά
3448 2331 3598 2398 παρὰ
3653 2329 3774 2400 Θεῷ

2195 2420 2290 2472 καὶ
2319 2419 2649 2488 ἀνθρώποις.
2681 2420 2778 2483 Τίς
2803 2421 2910 2491 γὰρ
2941 2421 3042 2472 οῦκ
3065 2417 3213 2473 οἶδεν
3247 2423 3331 2474 ὅτι
3366 2421 3458 2472 καὶ
3502 2421 3632 2484 Θεὸς
3679 2438 3774 2474 τυ-

2181 2507 2417 2578 ραννίδα
2454 2508 2753 2578 μεμίσηκε,
2785 2508 2881 2561 καὶ
2927 2508 3204 2579 ἅνθρωποι
3251 2509 3344 2563 τὸν
3383 2509 3555 2562 αίῶνα
3595 2510 3773 2564 πάντα

2194 2599 2322 2662 τοὺς
2347 2602 2644 2672 τυράννους
2685 2601 2760 2664 ῶς
2781 2603 2994 2666 κοινοὺς
3019 2603 3324 2674 ἀλάστορας
3355 2603 3770 2672 διαδάλλουσινς

2194 2691 2360 2746 Ἀλλά
2398 2694 2507 2764 γὰρ
2568 2692 2692 2746 οὔτε
2727 2694 2906 2748 ταῦτα
2958 2696 3038 2759 είς
3070 2696 3280 2750 ἔννοιαν
3329 2696 3453 2750 ἔθου
3477 2736 3493 2761 ,
3538 2697 3659 2750 οὔτε
3683 2697 3775 2752 τὸν

2197 2784 2420 2856 Πατέρα
2447 2787 2558 2840 τῶν
2604 2788 2857 2858 ὀρφανῶν
2884 2787 3254 2859 ἐνεθυμήθης,
3296 2789 3354 2852 ὃς
3383 2791 3478 2843 καὶ
3507 2792 3605 2862 τήν
3633 2791 3777 2846 κατὰ

2195 2875 2290 2929 τοῦ
2326 2877 2582 2947 τυχόντος
2607 2879 2848 2948 ὀρφανοῦ
2891 2879 3107 2933 ἀδικίαν
3130 2881 3480 2952 δυσχεραίνει
3520 2883 3614 2935 καὶ
3657 2881 3777 2951 βδε-

2193 2966 2483 3034 λύσσεται,
2525 2968 2623 3022 καὶ
2683 2969 3035 3042 ἀτιμώρητον
3087 2972 3187 3024 οὐκ
3220 2973 3304 3043 ὲᾷ,
3363 2973 3438 3043 μή
3473 2975 3552 3028 ὅτι
3582 2991 3645 3042 γε
3675 2977 3777 3047 τὴν

511 3051 829 3126 intervenit,
878 3078 978 3118 nec
1021 3066 1386 3132 posteriorum
1436 3076 1574 3132 quas
1625 3076 1656 3114 a
1703 3061 1878 3129 teipso
1919 3058 2091 3114 factas

2203 3059 2349 3113 κατά
2381 3059 2668 3130 βασιλέως,
2707 3061 2766 3113 ὃν
2815 3061 2976 3124 αὐτὸς
3019 3063 3284 3132 κρίμασιν
3325 3060 3406 3127 οἷς
3461 3066 3774 3129 ἐδικαίωσε,

510 3154 884 3208 sanctissimis
909 3154 1242 3223 iuramentis
1263 3153 1580 3206 munierunt
1609 3161 1663 3206 et
1702 3153 2098 3206 roboraverunt

509 3244 604 3313 qui
637 3245 896 3299 violatam
921 3260 1208 3316 perperam
1231 3248 1470 3315 priorem
1505 3259 1697 3314 pacem
1737 3245 1919 3298 denuo
1977 3253 2092 3299 sta-

507 3337 830 3393 liiliverunt.

2128 3120 2172 3179 C

2205 3149 2312 3203 τῶν
2346 3152 2643 3222 σκήπτρων
2697 3152 2800 3221 τῆς
2859 3152 3026 3206 αὑτοῦ
3061 3153 3428 3224 κληρονομίας
3475 3158 3777 3226 κατέστησε

2198 3243 2471 3313 δεσπότην
2500 3246 2596 3297 καὶ
2622 3243 2832 3315 κύριον.
2900 3245 3042 3298 Ἀλλ’
3087 3244 3206 3298 οὐδὲ
3242 3245 3350 3298 τῶν
3388 3246 3580 3298 κοινῶν
3634 3263 3778 3315 συμ-

2197 3336 2392 3404 φώνων
2423 3337 2662 3407 ἐποιήσω
2689 3336 2876 3405 λόγον,
2905 3337 2940 3391 ἃ
2964 3337 3062 3406 τὴν
3086 3339 3314 3408 εἰρήνην
3355 3338 3414 3402 ἐξ
3459 3341 3653 3408 ἀρχῆς,
3682 3339 3776 3409 ἀφ’

506 3431 568 3488 οὒ
595 3435 674 3505 τῷ
716 3433 1052 3504 βαπτίσματι
1126 3432 1596 3504 προσεληλύθατε,
1643 3431 1935 3503 Ῥωμαίοις
1989 3432 2353 3503 ὲμεσίτευσαν
2419 3433 2515 3484 καὶ
2559 3431 2908 3502 Βουλγάροιςο
2945 3432 3065 3485 οὐδὲ
3129 3426 3291 3486 πάλιν
3363 3433 3473 3486 τῶν
3511 3433 3778 3504 δευτέρων

508 3524 672 3595 ἃτῆς
702 3525 925 3596 πρώτης
947 3523 1135 3587 κακῶς
1161 3524 1554 3597 διαλελυμένης
1614 3525 1964 3597 είρήνης,είς
2035 3525 2434 3592 ἀνακαινισμδν
2479 3523 2846 3588 καθιστῶντες
2893 3523 3064 3594 αὐτὴν
3094 3523 3198 3576 ὑπὸ
3271 3524 3366 3577 σοῦ
3423 3526 3586 3580 αὐτοῦ
3615 3543 3778 3596 γεγ.-

510 3619 724 3687 νημένα
783 3618 966 3689 ὅρκοις
1029 3623 1279 3689 φρικτοίς
1321 3618 1847 3689 κατησφαλίσθησάν
1893 3635 1953 3672 τε
1985 3618 2082 3673 καὶ
2115 3617 2519 3688 ὠχυρώθησαν.

579 3708 722 3776 Quid
749 3717 834 3764 est
870 3711 1072 3775 hoc,lili
1101 3708 1213 3763 mi?
1245 3711 1336 3765 ubi
1359 3720 1442 3765 est
1471 3725 1620 3766 nunc
1647 3727 1766 3766 mea
1790 3713 1859 3768 de
1889 3720 1940 3766 te
1977 3711 2091 3780 glo-

2279 3709 2345 3761 Τί
2368 3709 2543 3773 τοῦτο,
2567 3707 2758 3762 τέκνον
2785 3709 2941 3780 ἡμῶν
2967 3727 2981 3776 ;
3024 3708 3135 3764 Ποῦ
3177 3729 3266 3779 μοι
3298 3711 3358 3765 τὸ
3397 3713 3525 3781 περὶ
3557 3714 3614 3766 σέ
3638 3715 3779 3768 καύ-

466 3778 482 3796 .
508 3800 674 3855 riatio
703 3801 727 3853 τ
759 3801 848 3854 ubi
878 3801 1138 3870 praeclara
1169 3801 1264 3855 illa
1281 3817 1403 3871 quae
1426 3803 1494 3856 de
1513 3811 1562 3856 te
1585 3814 1801 3857 nostras
1830 3803 1896 3856 ad
1927 3778 2091 3855 aures

2201 3816 2395 3872 χήμας
2429 3801 2540 3854 Ποῦ
2568 3803 2754 3857 ἐκεῖνα
2884 3804 3048 3870 καλὰ,
3084 3778 3185 3857 ὅσα
3215 3807 3250 3876 ή
3283 3778 3626 3878 ἀγαθὴ-περὶ
3679 3808 3775 3860 σοῦ

505 3893 636 3948 felix
701 3893 961 3947 attulerat
998 3891 1164 3957 fama,
1199 3901 1250 3946 te
1301 3893 1578 3959 videlicet,
1614 3903 1874 3963 tanquam
1910 3910 1940 3949 a
1982 3896 2089 3950 Deo

2199 3895 2444 3964 φέρουσα
2489 3896 2609 3957 ταῖς
2665 3896 2860 3960 ἀκοαῖς
2910 3898 3071 3969 ήμῶν
3106 3900 3286 3969 φήμη,
3347 3901 3423 3964 ὼς
3453 3903 3481 3954 ὀ
3524 3903 3589 3954 ἐκ
3638 3901 3774 3954 Θεοῦ

511 3984 847 4054 principem,
909 3984 1140 4049 bonum,
1168 3984 1346 4052 pium,
1374 3983 1604 4053 justum,
1630 3985 1836 4038 malum
1891 3984 2091 4050 odisse,

2195 3982 2399 4054 ἄρχων,
2425 3985 2648 4054 ἀγαθὸς,
2685 3988 2950 4056 φιλόθεος,
2985 3989 3218 4054 δίκαιος,
3245 3993 3631 4064 μισοπόνηρος,
3651 3997 3780 4063 ἐρα-

510 4075 795 4129 veritatem
827 4073 1076 4142 diligere.
1126 4073 1308 4128 fraudi
1350 4067 1566 4129 bellum
1632 4074 1883 4130 inferre?
1914 4075 2091 4140 Quare

2198 4077 2330 4145 στὴς
2390 4077 2673 4148 ἀληθείας,
2723 4081 2986 4150 πολέμιος
3028 4081 3292 4151 ψεύδουςς
3337 4085 3447 4137 Καὶ
3477 4086 3530 4135 τί
3581 4085 3656 4155 μὴ
3697 4086 3780 4138 δεῖ

510 4176 695 4221 autem
714 4181 820 4220 non
838 4167 1351 4233 omnibusdicerem
1371 4176 1637 4236 quantum
1662 4170 1806 4223 bona
1823 4167 1912 4221 illa
1937 4176 2091 4236 atque

2196 4169 2332 4221 καθ’
2357 4169 2589 4224 ἕκαστον
2639 4171 2840 4240 λέγειν,
2883 4174 2983 4226 ὃσα
3041 4176 3342 4242 κομίζουσα
3371 4178 3504 4246 ή-μίν
3546 4179 3580 4245 ἡ
3635 4177 3778 4247 καλὴ

514 4258 643 4315 felix
674 4259 819 4314 fama
853 4274 938 4312 me
962 4259 1155 4313 fecerit
1196 4260 1271 4312 tui
1301 4275 1468 4316 causa
1491 4263 1754 4329 gaudere,
1811 4261 2091 4324 obiectari1

2197 4259 2383 4331 ἐκείνη
2421 4263 2513 4313 καὶ
2546 4262 2696 4327 δεξιά
2725 4265 2880 4334 φήμη
2925 4266 3109 4318 ’ἐποίει
3155 4267 3370 4336 χαίρειν
3408 4268 3501 4319 ἐπὶ
3531 4267 3635 4332 σοὶ,
3686 4269 3778 4322 εὑ-

514 4355 740 4424 gloriari
775 4369 998 4424 quoque
1027 4369 1090 4410 ac
1113 4357 1226 4410 Deo
1254 4358 1456 4426 gratias
1484 4356 1688 4410 referre
1744 4365 1797 4409 et
1843 4354 2089 4408 omnium

2199 4355 2544 4426 φραίνεσθαι,
2572 4358 2959 4427 σεμνύνεσθαι,
3016 4361 3372 4431 εὐχαριστίαν
3424 4363 3543 4432 Θεῷ
3573 4364 3780 4432 ἀναφέ-

515 4445 717 4516 Regem
739 4457 793 4499 et
829 4446 1119 4502 Dominum
1145 4448 1452 4518 gloriﬁcare
1495 4447 1667 4501 Deum
1734 4447 1879 4515 quod
1929 4448 2091 4501 talem

2201 4463 2338 4518 ρειν,
2375 4446 2620 4514 δοξάζειν
2649 4449 2742 4502 τὸν
2770 4451 2878 4502 τῶν
2922 4453 3059 4504 ὅλων
3092 4453 3331 4522 ἄρχοντα
3375 4457 3469 4508 κα)⁵
3498 4456 3633 4509 Θεὸν
3681 4457 3779 4510 καὶ

513 4537 694 4592 virum
719 4537 1077 4606 Bulgarorum
1119 4542 1266 4612 genti
1302 4550 1470 4610 caput
1499 4550 1554 4594 et
1584 4555 1767 4610 regem
1815 4538 2095 4594 dedisset?

516 4627 607 4680 ubi
640 4644 787 4683 nunc
810 4629 903 4682 illa
926 4642 1150 4701 propter
1169 4647 1291 4701 quae
1319 4641 1482 4686 nocte
1504 4646 1569 4684 ac
1595 4631 1682 4684 die
1710 4645 1810 4698 pro
1831 4639 1882 4683 te
1903 4643 2095 4699 preces

518 4720 719 4790 gae-dio
742 4723 1020 4778 exsultans
1045 4721 1417 4788 eﬂ‘undebam,
1449 4721 1672 4776 humilis
1699 4723 1825 4775 licet
1849 4731 1904 4775 et
1925 4721 2094 4774 inuti-

513 4816 582 4869 lis
609 4815 798 4871 altaris
825 4817 1098 4883 minister,
1137 4834 1206 4871 ne
1239 4807 1486 4888 unquam
1521 4831 1674 4872 tuum
1711 4831 1898 4871 semen
1959 4813 2091 4868 Bul-

513 4920 769 4976 garorum
805 4909 948 4979 genti
973 4913 1246 4978 imperare
1273 4920 1516 4965 cessaret
1583 4925 1762 4980 neque
1807 4908 2096 4978 praeclara-

509 5015 634 5054 ruin
664 5009 879 5056 tuarum
901 5003 1113 5057 dalium
1154 5003 1534 5057 hereditatem
1571 5005 1652 5057 tui
1689 5007 1894 5074 posteri
1927 5004 2092 5057 amit-

511 5092 736 5147 terent?
784 5094 876 5147 ubi
903 5094 978 5147 illi
1037 5095 1250 5162 pulchri
1314 5102 1368 5147 et
1430 5094 1707 5148 mirabiles
1760 5094 2095 5150 sermones?

513 5184 657 5239 unde
688 5196 870 5240 autem
914 5184 1346 5249 liaaccontraria,
1382 5185 1828 5256 tristia,Deoque
1873 5199 1928 5241 et
1990 5187 2093 5240 ho-

513 5276 754 5332 minibus
792 5277 1041 5343 odibilia,
1077 5293 1200 5346 quae
1235 5293 1324 5334 me
1353 5279 1679 5334 erubescere
1709 5289 1936 5349 cOgunt,
1969 5295 2092 5350 quae

512 5368 646 5421 mihi
671 5369 942 5439 lacrymas
985 5369 1197 5425 faciunt
1232 5385 1429 5441 panem
1458 5371 1482 5426 ?
1514 5372 1637 5442 quis
1669 5375 1898 5438 etenim,
1919 5389 1987 5428 ne
2009 5375 2091 5428 di-

513 5474 631 5513 cam
662 5459 912 5529 diligens,
945 5464 1230 5533 sicutego,
1266 5473 1412 5516 tuain
1463 5463 1743 5530 virtutem,
1789 5463 1886 5518 scd
1910 5465 2091 5530 quivis

510 5549 776 5617 justitiam
805 5554 1110 5618 attendens,
1159 5555 1286 5607 talia
1315 5559 1379 5609 de
1411 5565 1461 5608 te
1513 5554 1732 5610 audiret
1791 5565 1848 5609 et
1905 5555 2092 5609 animo

515 5655 623 5695 non
650 5655 1119 5714 consternat-etin,
1181 5664 1287 5703 non
1353 5649 1576 5705 tristitia
1651 5648 2090 5719 perfunderetur,

2197 4539 2497 4610 Δεσπότην,
2523 4541 2605 4594 ὅτι
2631 4543 2876 4597 τοιοῦτον
2908 4544 3082 4616 ἄνδρα
3108 4546 3185 4616 τῷ
3216 4547 3364 4614 γένει
3393 4549 3502 4600 τῶν
3539 4549 3779 4617 Βουλγά⁶

2199 4645 2310 4699 ρων
2338 4633 2580 4704 κεφαλήν
2609 4635 2703 4687 καὶ
2727 4637 2968 4706 ἄρχοντα
2999 4637 3168 4690 ἔδωκε
3197 4655 3213 4705 ;
3242 4640 3344 4691 ποῦ
3373 4639 3567 4706 ταῦτα,
3609 4641 3677 4694 δι’
3701 4635 3779 4696 ὧν

2196 4723 2292 4775 καὶ
2343 4724 2500 4776 νυκτὶ
2533 4726 2629 4780 καὶ
2658 4727 2845 4798 ἡμέρᾳ
2873 4728 3083 4799 χαίρων
3115 4729 3211 4783 ἐπὶ
3243 4731 3326 4784 σοὶ
3361 4730 3526 4801 εὐχάς
3579 4734 3777 4803 ἀνέφε-

2201 4829 2314 4882 ρον,
2353 4816 2403 4868 εί
2431 4819 2526 4868 καὶ
2575 4819 2860 4880 ταπεινὸς,
2902 4821 2952 4871 εί
2981 4821 3077 4872 καὶ
3117 4820 3339 4892 ἀχρεῖος
3367 4822 3463 4874 τοῦ
3510 4823 3666 4893 ἁγίου
3689 4825 3782 4878 θυ-

2199 4909 2521 4978 σιαστηρίου
2554 4911 2934 4983 παραστάτης,
2975 4913 3051 4982 μὴ
3079 4913 3357 4967 ἐπιλιπεῖν
3383 4915 3444 4968 τὸ
3477 4914 3568 4968 σὺν
3611 4917 3778 4984 σπέρ-

2201 5016 2278 5070 μα
2312 5001 2442 5053 ποτέ
2476 5000 2569 5053 τοῦ
2603 5003 2792 5075 ἄρχειν
2819 5003 2928 5057 τῶν
2954 5003 3282 5075 Βουλγάρων
3302 5005 3396 5060 τοῦ
3425 5007 3633 5074 ἔθνους,
3680 5026 3784 5078 μη-

2198 5090 2256 5144 δὲ
2286 5092 2386 5162 τῆς
2425 5095 2794 5162 κληρονομίας
2823 5095 2934 5147 τῶν
2965 5094 3072 5147 σῶν
3105 5097 3552 5168 κατορθωμάτων
3595 5099 3664 5152 τὰ
3713 5101 3782 5152 σὰ

2199 5184 2456 5237 ἐκπεσεῖν
2496 5186 2700 5253 τέκνας
2730 5185 2840 5240 Ποῦ
2873 5205 2964 5258 μοι
3006 5191 3190 5244 ἐκεῖνα
3223 5192 3293 5244 τά
3322 5192 3464 5245 καλὰ
3491 5193 3584 5244 καὶ
3606 5195 3784 5263 σεμνὰ

2199 5277 2559 5349 διηγήματα;
2591 5280 2757 5333 πόθεν
2811 5281 2871 5334 δὲ
2917 5282 3093 5337 ταῦτα
3133 5285 3203 5338 τά
3235 5287 3476 5349 ἐναντία,
3534 5286 3604 5337 τὰ
3651 5301 3784 5338 σκυ-

2200 5367 2418 5438 θρωπά,
2457 5371 2527 5424 τὰ
2567 5375 2920 5445 μεμισημένα
2943 5358 3080 5446 ’Θεῴ
3111 5379 3206 5428 καὶ
3237 5373 3566 5446 ἀνθρώποις,
3606 5378 3674 5429 τὰ
3702 5379 3782 5439 είς

2199 5462 2463 5536 αἰσχύνην
2497 5467 2804 5536 ἀπάγοντα.
2853 5472 2924 5529 τὰ
2957 5469 3221 5524 ποιοῦντά
3254 5488 3346 5540 μοι
3375 5471 3544 5543 ἄρτον
3573 5480 3642 5525 τὰ
3674 5471 3783 5543 ἐμά

2197 5555 2407 5627 δάκρυα
2437 5575 2451 5623 ;
2481 5559 2576 5622 Τίς
2608 5560 2716 5632 γάρ
2741 5563 2815 5632 μὴ
2851 5563 2932 5615 ὅτι
2967 5579 3052 5629 γε.
3086 5563 3163 5627 ὼς
3203 5563 3315 5632 ἐγὼ
3347 5565 3444 5634 τὴν
3466 5567 3566 5636 σὴν
3616 5566 3781 5636 φίλή⁶

2201 5668 2299 5716 σας
2331 5655 2425 5708 καὶ
2458 5654 2628 5723 φιλῶν
2659 5655 2880 5727 ἀρετὴν,
2906 5657 3044 5712 ἀλλὰ
3085 5660 3180 5712 καὶ
3215 5659 3374 5724 ἄλλος
3396 5660 3579 5715 δίκαια
3634 5662 3781 5731 λογι-
