4178 6412
422 423 493 483 49
1860 441 2270 502 EPISTOLrE.
3638 457 3708 520 50

423 530 670 601 ςόμενος,
710 534 812 587 καὶ
849 538 1032 609 χωρὶς
1080 540 1172 593 τοῦ
1207 557 1266 595 σε
1318 543 1494 610 φιλεῖν
1552 546 1769 602 ἁκούων
1822 550 2014 618 ταῦτα,

2129 569 2237 607 non
2259 566 2577 623 augeretur,
2607 574 2714 611 non
2747 560 2799 612 in
2834 560 3264 631 lacryznaslotns
3296 564 3707 626 effunderetur?

422 626 546 693 οὐχὶ
618 626 929 695 πλήττεται
979 630 1080 699 τὴν
1148 634 1399 703 καρδίαν,
1486 636 1573 713 οὐ,
1605 640 2012 711 σκυθρωπάζει,

424 715 527 767 οὐκ
555 715 803 783 ἀνιᾶται,
844 717 950 790 οὐχ
974 719 1097 783 ὅλος
1127 722 1335 789 γίνεται
1368 725 1474 779 τῶν
1504 728 1789 799 δακρύωνς
1826 733 1892 785 Τί
1913 734 2021 806 γὰρ

416 806 859 887 ἐπωδυνὼτερον
910 808 1266 885 ἀνθρώποις;
1300 815 1368 869 Τί
1396 818 1452 871 δέ
1479 820 1683 887 μᾶλλον
1722 823 2021 894 ἀξιώτερον

426 893 747 969 θρηνεῖσθαι
782 900 883 954 τοῦ
923 896 1213 974 ἄνθρωπον
1247 907 1306 960 ἐν
1331 908 1498 981 ἀρετῇ
1555 912 1836 984 διανοητὸν
1866 893 2015 985 ὄντα,

427 988 522 1042 καὶ
546 988 819 1059 ὀνόματος
847 989 1181 1063 ἀειμνήστου
1241 997 1497 1066 τυχόντα,
1559 1002 1656 1076 καὶ
1700 998 1811 1056 οἷον
1841 1006 2021 1076 παρά-

424 1077 626 1148 δειγμα
643 1079 875 1144 καὶτοῖς
896 1085 1017 1137 κατ’
1037 1083 1200 1138 αὑτὸν
1224 1089 1317 1141 καὶ
1341 1091 1463 1154 ταῖς
1493 1074 1786 1161 μετέπειτα
1803 1074 2019 1166 γενεαῖς

424 1171 649 1236 τρόπων
699 1175 797 1228 καὶ
821 1176 941 1247 βίου
973 1180 1224 1245 φιλοθέου
1256 1183 1573 1251 γενόμενον,
1606 1185 1869 1255 ἐξαίφνης
1895 1187 2021 1242 τοῦ-

428 1278 526 1315 τον
562 1264 667 1332 μὲν
704 1266 963 1322 ἐκπεσεῖν
1009 1273 1103 1325 καὶ
1140 1272 1593 1344 ἀλλοτριωθῆναι,
1643 1279 1781 1347 πρὸς
1843 1279 1900 1333 δὲ
1946 1282 2046 1337 τὰ·

425 1355 601 1426 κείρω
626 1355 886 1424 δέξασθαι
940 1363 1041 1432 τὴν
1090 1364 1480 1434 μετάπτωσιν;
1513 1369 1673 1437 Οίμοι
1705 1370 1815 1423 τῶν
1866 1372 2016 1442 ἐμῶν

430 1444 760 1515 συμφορῶν,
798 1446 900 1518 τῆς
943 1448 1083 1520 ἐμῆς
1119 1451 1517 1521 ταλαιπωρίας,
1580 1453 1687 1507 τῶν
1714 1454 1892 1523 ἐμῶν,
1939 1457 2015 1522 ὡς

2128 643 2333 714 Ecquid
2372 664 2609 718 namque
2638 650 2954 706 hominibus
2990 654 3162 723 magis
3197 640 3540 711 dolendum?
3571 660 3702 729 quid

2124 736 2391 805 siquidem
2410 738 2535 794 ﬁetu
2556 740 2775 811 dignius
2791 759 2957 811 quam
2984 744 3162 802 virum
3185 748 3370 801 virtuti
3393 748 3698 813 addictum,

2125 829 2351 883 nomine
2377 839 2581 887 aeterno
2614 835 2940 903 gaudentem
2972 846 3025 890 et
3078 839 3390 908 exemplum
3417 841 3519 909 pia:
3579 844 3706 898 vita:

2121 923 2418 977 comtaneis
2462 933 2516 978 et
2567 927 2926 994 sequentibus
2973 932 3421 999 generationibus
3450 935 3705 991 cﬁ‘ectnm

2122 1012 2305 1068 ruisse
2355 1015 2539 1069 subito
2569 1027 2623 1070 et
2656 1018 3004 1075 immutatum
3047 1038 3171 1078 esse
3205 1024 3256 1077 in
3290 1025 3443 1094 pejus
3472 1025 3703 1083 ?Eheul

2119 1115 2151 1156 ο
2185 1117 2333 1159 meas
2385 1105 2725 1161 calamitates
2760 1108 2771 1160 ί
2823 1125 2856 1160 ο
2909 1125 3063 1165 meos
3134 1128 3401 1168 mmrores
3437 1117 3449 1168 !
3489 1130 3521 1168 ο
3556 1132 3708 1171 meas

2120 1188 2462 1259 innumeras,
2499 1204 2556 1249 ut
2604 1197 2837 1264 videtur,
2866 1199 3217 1270 iniquitates!
3269 1218 3303 1257 ο
3363 1205 3563 1275 injuria
3606 1208 3705 1261 ho-

2119 1280 2332 1337 micidae
2363 1285 2615 1341 abinitio
2672 1288 2879 1343 diaboli
2938 1290 3099 1349 bonis
3160 1309 3379 1364 semper
3434 1296 3613 1353 infesti
3649 1308 3705 1354 ct

2116 1374 2296 1427 omnia
2336 1375 2614 1433 molientis
2660 1388 2719 1433 ut
2748 1379 3001 1437 homines
3047 1383 3109 1437 in
3168 1400 3330 1441 omne
3391 1386 3548 1444 nefas
3606 1390 3706 1445 de-

2116 1462 2297 1517 trudat
2325 1465 2337 1517 l

426 1534 925 1638 lomv,_&mlpwv
948 1543 1238 1615 ἁμαρτιῶν
1270 1547 1282 1600 ί
1314 1546 1418 1600 Φεῦ
1445 1550 1545 1619 τῆς
1575 1550 1839 1621 ἐπηρείας
1873 1553 1966 1607 τοῦ
1992 1553 2049 1619 ἐξ
2081 1556 2258 1628 ἀρχῆς
2282 1561 2695 1632 μισανθρώπου,
2731 1564 2825 1618 τοῦ
2887 1566 3000 1630 τοῖς
3028 1566 3214 1631 καλοῖς
3248 1568 3335 1621 ἀεὶ
3363 1570 3705 1638 διαφθονοῦν·

428 1630 669 1729 τος-*ταῦ
700 1636 882 1689 πᾶσαν
929 1639 1166 1711 σπουδὴν
1197 1646 1526 1715 ποιουμένου
1580 1645 1674 1700 ἐπὶ
1722 1645 1791 1701 τὰ
1844 1648 2013 1719 χείρω
2048 1653 2176 1714 τοὺς
2207 1630 2528 1725 ἀνθρώπους
2556 1660 2789 1729 ἀπάγειν
2815 1662 2826 1713 l

512 1721 680 1793 Ἐγὼ,
707 1727 901 1779 τέκνον
933 1728 1090 1799 ἐμὸν,
1120 1732 1180 1784 τὸ
1222 1734 1313 1786 σὸν
1351 1734 1561 1806 ἑκάστῃ
1588 1752 1651 1787 τε
1685 1735 2007 1807 ἀναμανθά-

2184 1740 2319 1796 Cum
2358 1746 2602 1814 quotidie
2652 1750 3030 1819 magnanimos
3066 1766 3262 1806 sensus
3296 1760 3417 1807 tuos
3457 1754 3702 1810 audivis—

440 1828 552 1868 νων
581 1814 795 1883 εὖγενὶς
824 1819 1084 1894 φρόνημα
1108 1824 1210 1890 τῆς
1238 1824 1440 1895 ψυχῆς,
1469 1826 1567 1879 καὶ
1592 1827 1675 1881 ὅτι
1699 1828 1867 1898 μηδὲν
1896 1830 2014 1883 ἐτε-

2121 1846 2258 1900 sem,
2309 1835 2383 1890 lili
2438 1838 2533 1904 mi,
2592 1814 2799 1909 tibique
2825 1841 2960 1895 nihil
2989 1842 3139 1896 aliud
3186 1856 3307 1897 esse
3340 1858 3487 1899 curae
3532 1863 3699 1916 quam

442 1922 543 1975 ρον
568 1905 703 1963 οὕτω
726 1925 811 1964 σοι
838 1912 1305 1977 διασπουδάζεται
1330 1909 1416 1981 ’ὡς
1450 1917 1510 1972 τὸ
1535 1920 1889 1990 παραστῆσαι
1914 1920 2012 1993 τὴν

439 1995 544 2068 σὴν
567 1997 741 2072 ἀρχὴν
762 2001 1137 2076 ἀκατάκριτον
1184 2008 1277 2060 καὶ
1323 2008 1641 2075 ἀνεύθυνον,
1682 2011 1783 2065 οὐκ
1815 2012 2013 2081 ὀλίγων

434 2087 533 2147 καὶ
560 2090 695 2162 πρὶν
719 2091 907 2147 τὰ-νῦν
942 2095 1214 2168 λεγόμενα
1244 2101 1620 2169 φημιζόντων,
1665 2102 1829 2171 λῆρον
1862 2105 2014 2156 ἐποι-

428 2176 615 2264 ούμην
663 2180 791 2248 τοὺς
832 2184 1048 2254 λόγους,
1095 2190 1189 2242 καὶ
1229 2189 1460 2259 ἐχθροὺς
1493 2192 1884 2263 ὑπελάμϐανον
1918 2195 2017 2264 τῆς

428 2269 534 2340 σῆς
564 2262 791 2344 ἀρετῆς,
831 2277 928 2330 καὶ
952 2277 1044 2331 διὰ
1074 2279 1239 2333 τοῦτο
1268 2280 1445 2334 ταῦτα
1475 2262 1805 2351 λογοποιεῖν,
1829 2285 1914 2338 ἵνα
1953 2262 2013 2339 σε

430 2363 701 2433 μωμητδν
728 2368 1140 2436 καταστήσωσι,
1165 2372 1258 2423 καὶ
1283 2369 1503 2435 πολλοῖς
1526 2371 1737 2442 ἔλεγον,
1753 2374 2017 2438 ὡς-ιούδαο

428 2451 554 2521 μῶς
592 2454 711 2526 ἔχει
741 2455 928 2530 χώραν
962 2461 996 2531 ἡ
1033 2462 1262 2533 τοιαύτη
1295 2466 1606 2535 κατηγορία
1649 2466 1794 2520 κατά
1821 2467 1918 2521 τοῦ
1947 2469 2012 2521 ἐκ

427 2540 572 2597 Θεοῦ
616 2545 901 2618 ἄρχοντος.
951 2551 1178 2619 Ἔλεγον
1222 2554 1331 2625 γὰρ
1369 2554 1445 2619 ὡς
1495 2556 1787 2627 ἄνθρωπος
1834 2558 2015 2628 τιμῶν

424 2634 741 2702 εὐσέϐειαν,
766 2638 996 2713 ἀληθείᾳ
1027 2644 1259 2714 χαίρων,
1285 2645 1640 2718 δικαιοσύνην
1660 2649 1862 2718 τιμῶν,
1894 2649 2015 2702 ὀνό-

432 2743 612 2795 ματος
644 2729 858 2798 ἀγαθοῦ
902 2735 999 2788 καὶ
1038 2736 1262 2808 μνήμης
1298 2737 1609 2808 ἐφιέμενος.
1642 2740 1742 2794 οὐκ
1771 2741 1838 2795 ἀν
1883 2758 2015 2794 ποτε

423 2820 748 2891 τυραννίδος
774 2824 1071 2895 ἐπιθυμίαν
1106 2827 1236 2895 ἐξει.
1278 2829 1459 2901 Ὀγὰρ
1474 2831 1760 2902 τύραννος,
1809 2832 2015 2887 τούτων

430 2911 535 2979 μιν
565 2913 788 2968 πάντων
824 2916 1110 2989 ἀλλότριος
1159 2920 1442 2992 ὑπάρχων,
1494 2924 1929 2995 πεπληρωμένος
1959 2924 2017 2978 δὲ

428 3000 546 3054 τῶν
573 3004 837 3059 ἐναντίων
861 3007 963 3079 τὴν
1005 3008 1197 3066 ἀθλίαν
1229 3011 1430 3083 ψυχὴν,
1469 3014 1607 3084 πρὸς
1642 3013 1849 3086 ταύτην
1881 3016 2017 3069 ἁνα-

2119 1932 2273 1979 tuum
2301 1925 2592 1996 imperium
2621 1930 3100 2000 irrcprebensibile
3126 1944 3178 1988 et
3198 1933 3695 1992 incontaminatttm

2116 2032 2358 2083 servare,
2394 2036 2502 2074 non
2538 2023 2730 2091 paucis
2773 2023 3100 2093 jampridem
3134 2027 3422 2094 praesentia
3453 2044 3700 2084 narran-

2119 2106 2285 2171 tibus,
2323 2109 2571 2165 delirium
2598 2112 2932 2168 azstimabam
2956 2128 3143 2169 eorum
3169 2131 3473 2184 sermones,
3514 2119 3699 2174 inimi-

2118 2212 2321 2268 cosque
2353 2209 2459 2256 tuae
2492 2203 2717 2258 virtutis
2754 2219 2847 2258 eos
2880 2204 3257 2274 conjectabam
3289 2206 3521 2277 idquue
3568 2210 3697 2266 talia

2117 2287 2539 2349 disseminantes
2594 2302 2654 2348 ut
2713 2302 2765 2349 te
2814 2296 3298 2373 reprehensibilem
3357 2308 3703 2369 statuerent;

2117 2388 2282 2451 atque
2304 2382 2372 2439 ad
2404 2384 2674 2452 plurimos
2719 2385 2969 2442 dicebam
3028 2403 3309 2459 nunquam
3353 2405 3475 2446 esse
3510 2391 3701 2449 istiusv

2118 2471 2266 2527 modi
2309 2473 2568 2531 adversus
2604 2476 2907 2547 principem
2956 2492 2988 2532 a
3037 2477 3145 2533 Deo
3192 2480 3551 2536 constitutum
3590 2484 3695 2537 cri-

2118 2561 2618 2632 minationiilocnm
2646 2584 2659 2632 ;
2689 2566 2941 2627 dicebam
2974 2568 3241 2637 siquidem
3279 2571 3457 2624 virum
3480 2572 3697 2641 pietatis

2119 2651 2450 2718 studiosum,
2512 2655 2759 2709 veritatis
2789 2665 3087 2719 amantem,
3131 2657 3358 2724 justitiae
3402 2660 3697 2728 cultorem,

2120 2738 2246 2792 boni
2272 2742 2511 2795 nominis
2540 2740 2809 2812 famaeque
2840 2744 3099 2813 cupidum
3123 2760 3233 2798 non
3260 2762 3421 2816 posse
3447 2750 3694 2818 tyranni-

2119 2827 2243 2883 dem
2289 2828 2542 2886 affectare
2585 2851 2597 2886 :
2639 2849 2746 2886 non
2790 2834 2934 2889 enim
2978 2845 3243 2905 tyrannus
3282 2853 3343 2891 ea
3391 2839 3695 2907 cupiditate

2120 2918 2460 2985 accenditur,
2486 2920 2588 2975 nisi
2620 2923 2746 2990 quia
2778 2923 2846 2976 ab
2880 2922 2988 2977 illis
3023 2939 3253 2992 prorsus
3284 2930 3521 2991 alienus,
3556 2943 3691 2982 con—

2122 3009 2310 3063 trariis
2342 3012 2645 3066 sauciatam
2701 3012 2868 3070 habet
2927 3025 3213 3072 mentem:
3274 3020 3451 3073 omnis
3485 3020 3694 3075 scilicet

433 3092 694 3163 φλέγεται
716 3097 818 3168 τὴν
838 3100 1159 3172 ἐπιθυμίαν.
1191 3104 1300 3157 Καὶ
1331 3106 1439 3177 γάρ
1467 3108 1575 3171 πᾶς
1615 3106 1879 3176 τύραννος
1921 3108 2013 3162 καὶ

2122 3106 2384 3169 tyrannus
2439 3111 2492 3156 et
2549 3103 2805 3170 inﬁdelis,
2860 3114 2914 3159 ct
2959 3106 3227 3175 perﬁdus,
3268 3117 3320 3162 et
3381 3125 3693 3177 perversus.

428 3184 684 3252 ἄπιστος,
720 3191 814 3243 καὶ
844 3190 1111 3263 ψεύστης,
1147 3196 1243 3248 καὶ
1284 3196 1629 3267 παράνομος,
1665 3199 1761 3253 καὶ
1798 3199 2007 3265 ἄδικος,

427 3276 618 3331 καὶτὸ
642 3279 939 3348 κεφάλαιον
953 3283 1055 3353 τῆς
1079 3287 1302 3350 κακίας,
1335 3288 1411 3358 μὴ
1442 3288 1680 3357 νομίζων
1708 3288 1848 3344 εἶναι
1870 3288 2007 3344 Θεοῦ

426 3368 721 3439 πρόνοιαν,
748 3373 881 3445 μήθ’
904 3374 1010 3428 ὑπὸ
1032 3377 1129 3447 τῆς
1165 3377 1378 3432 ἐκείνου
1408 3380 1647 3451 κρίσεώς
1673 3398 1733 3434 τε
1765 3382 1859 3436 καὶ
1890 3381 2012 3435 νεύ-

427 3476 573 3524 σεως
600 3463 671 3519 τὰ
708 3460 1027 3535 ἀνθρώπινα
1048 3467 1392 3538 διοικεῖσθαι,
1418 3475 1512 3526 καὶ
1531 3473 1708 3544 ἀρχὰς
1732 3473 1828 3527 καὶ
1858 3474 2011 3539 ἐξου-

428 3554 555 3619 σίας
580 3556 941 3627 διανέμεσθαι
964 3565 1080 3625 τοῖς
1112 3562 1444 3633 ἀνθρώποις,
1480 3565 1616 3619 ἀλλά
1645 3568 1785 3641 μόνῃ
1815 3567 2011 3639 seeae.

426 3649 607 3716 ρηκεν
635 3651 701 3721 τῇ
745 3651 944 3705 ἑαυτοῦ
979 3654 1151 3725 μανία
1190 3655 1288 3709 καὶ
1325 3656 1580 3727 ἀθεότητι
1618 3660 1712 3711 καὶ
1756 3657 2007 3731 ἀπονοία.

430 3737 664 3807 Ἔλεγον
700 3741 757 3794 δέ
793 3744 931 3813 πρὸς
974 3746 1101 3810 τοὺς
1171 3747 1231 3799 σὲ
1269 3747 1655 3813 διαϐάλλοντας
1689 3751 1766 3814 ὡς
1808 3769 2009 3822 τυραν-

425 3827 574 3891 νίδος
596 3828 908 3900 ἐπιθυμεῖς,
929 3833 1234 3904 ἄνθρωποι,
1265 3832 1439 3891 ἀλαλα
1461 3837 1489 3890 ὕ
1497 3838 1614 3906 μῶν
1645 3839 1729 3910 εἴη
1762 3839 1829 3892 τὰ
1853 3840 2009 3912 χείλη

424 3920 504 3974 τὰ
539 3919 715 3988 δόλια,
746 3922 819 3977 τὰ
876 3923 1146 3980 λαλοῦντα
1191 3927 1335 3980 κατὰ
1385 3927 1480 3982 τοῦ
1532 3928 1667 3999 ἐμοῦ
1725 3929 2011 4000 θεοφιλοῦς

424 4013 651 4078 τέκνου,
685 4014 832 4069 κατὰ
859 4015 957 4069 τοῦ
991 4017 1414 4085 εὐσεϐεστάτου,
1446 4020 1586 4074 κατά
1630 4021 1724 4074 τοῦ
1755 4024 2009 4077 πιστοτὰο

423 4122 548 4171 του,
596 4107 741 4161 κατὰ
784 4109 881 4163 τοῦ
940 4111 1154 4165 δικαίου
1194 4112 1430 4182 ἀνομίαν
1471 4113 1567 4166 καὶ
1607 4112 1846 4169 ἀδικίαν.
1898 4116 2012 4170 Καὶ

423 4196 594 4252 τοῦτο
616 4201 715 4271 οὐχ
744 4200 955 4267 ἁπλῶς,
984 4202 1119 4256 ἀλλὰ
1143 4200 1460 4272 προστιθεὶς
1488 4205 1685 4259 ταῦτα·
1718 4223 1737 4256 ι
1759 4207 1818 4260 Ὀ
1847 4223 2012 4278 πονη-

429 4292 529 4363 ρὸς
552 4292 844 4366 ἄνθρωπος
870 4296 934 4349 ἐκ
957 4295 1053 4349 τοῦ
1082 4297 1323 4367 πονηροῦ
1360 4297 1637 4367 θησαυροῦ
1663 4299 1763 4369 τῆς
1785 4298 2012 4370 καρδίας

429 4384 735 4456 προϐάλλει
773 4387 844 4440 τὰ
887 4390 1133 4458 πονηρά’
1165 4390 1194 4441 ὁ
1234 4389 1441 4458 ἀγαθὸς
1488 4388 1777 4461 ἄνθρωπος
1817 4392 1881 4444 ἐκ
1915 4389 2011 4444 τοῦ

2120 3197 2174 3243 et
2206 3188 2469 3258 injustus,
2500 3202 2578 3256 et,
2607 3192 2755 3262 quod
2785 3195 3030 3248 omnium
3066 3206 3352 3266 caputest,
3379 3196 3472 3251 Dei
3506 3201 3692 3267 provi-

2112 3279 2356 3336 dentiam
2389 3298 2496 3337 non
2528 3286 2796 3354 agnoscit.
2833 3301 3011 3355 neque
3044 3287 3284 3343 humana
3318 3288 3438 3358 ejus
3464 3290 3695 3360 imperio

2112 3380 2167 3427 et
2194 3372 2350 3442 jussu
2398 3374 2511 3445 regi
2562 3387 2655 3430 aut
2692 3377 2947 3431 distribui
3003 3378 3230 3448 imperia
3270 3389 3322 3433 et
3354 3382 3694 3451 principatus

2111 3465 2365 3531 testimat,
2393 3469 2485 3522 sed
2507 3470 2741 3538 propriae
2764 3470 3072 3525 insaniae‘ct
3107 3471 3407 3526 inﬁdelitati
3432 3482 3483 3527 et
3504 3490 3696 3529 socor-

2112 3555 2213 3610 dia:
2236 3564 2444 3611 tantum
2473 3561 2695 3613 conlidit
2725 3576 2738 3625 ;
2770 3560 3016 3614 dicebam
3065 3562 3130 3614 al
3167 3577 3263 3616 eos
3283 3563 3373 3631 qtti
3412 3573 3462 3617 te
3489 3566 3697 3619 calum-

2112 3648 2407 3702 niabantur
2432 3650 2770 3719 tyrannidem
2791 3651 3073 3706 aﬂ’cctare:
3103 3654 3310 3706 utinam
3342 3654 3488 3708 unita
3510 3656 3699 3709 ﬁerent

2112 3738 2319 3807 perﬁda
2372 3740 2518 3794 labia
2572 3750 2776 3802 vestra.
2826 3743 3090 3797 adversus
3141 3744 3453 3813 piissimum
3510 3761 3693 3798 mcnnt

2074 3832 2310 3898 “ﬁlium,
2358 3831 2622 3888 adversus
2654 3833 2764 3886 Deo
2798 3835 3078 3898 dilectum,
3131 3836 3401 3889 adversus
3445 3835 3707 3892 ﬁdelissi-

2114 3939 2287 3989 mum,
2319 3925 2581 3980 adversus
2604 3925 2814 3996 justum
2844 3940 3099 3994 perversa
3141 3935 3195 3979 et
3227 3927 3434 3993 injusta
3466 3926 3697 3995 loquen-

2112 4018 2249 4071 tium
2279 4035 2293 4084 ;
2329 4029 2505 4087 neque
2536 4017 2628 4071 illa
2664 4028 2899 4082 tantum,
2931 4017 3023 4072 sed
3050 4018 3163 4072 hzec
3186 4019 3390 4072 addens
3420 4036 3434 4074 :
3466 4038 3485 4070 ι
3517 4019 3702 4074 Malus

2114 4108 2280 4162 homo
2311 4109 2377 4162 de
2421 4108 2568 4162 malo
2600 4109 2863 4163 thesauro
2912 4109 3092 4163 cordis
3137 4111 3221 4164 sui
3265 4110 3477 4179 profert
3513 4111 3697 4175 mala;

2114 4200 2294 4253 bonus
2351 4214 2480 4254 vero
2529 4200 2698 4254 homo
2749 4202 2818 4254 de
2874 4202 3019 4255 bono
3074 4202 3335 4256 thesauro
3374 4202 3556 4256 cordis
3612 4203 3695 4257 sui

2114 4290 2323 4361 profert
2348 4293 2489 4347 bona
2520 4293 2534 4323 '
2566 4310 2581 4346 :
2623 4311 2642 4345 ι
2672 4292 2906 4347 bonitati
2932 4308 3046 4346 suae
3078 4293 3302 4347 conﬁdit
3333 4294 3475 4348 ﬁlius
3499 4310 3654 4349 meus
3680 4333 3701 4356 ν

2117 4388 2372 4442 veritatis
2424 4387 2570 4441 enim
2624 4398 2835 4442 amator
2863 4394 2948 4440 est
2976 4393 3141 4455 atque
3178 4385 3524 4439 mendacium
3567 4388 3697 4441 totis

426 4477 643 4546 ἀγαθοῦ
675 4478 956 4552 θησαυροῦ
975 4483 1075 4550 τῆς
1104 4481 1331 4551 καρδίας
1358 4481 1654 4553 προϐάλλει
1675 4482 1746 4535 τὰ
1772 4480 2003 4549 ἀγαθά.)

2122 4477 2333 4533 viribus
2362 4495 2391 4531 e
2436 4492 2533 4553 sua
2569 4486 2730 4548 gente
2780 4486 3104 4545 persecutus
3138 4473 3378 4545 expellit.
3419 4475 3700 4531 Fidelissi-

428 4570 510 4623 Τδ
563 4570 700 4639 ἐμὸν
737 4572 932 4625 τέκνον
970 4571 1267 4642 ἀγαθὸτητι
1318 4575 1537 4643 χαίρει*
1589 4574 1845 4645 ἀληθινὸς
1877 4573 2012 4646 γὰρ,

429 4661 534 4715 καὶ
814 4662 968 4734 πάσῃ
1020 4658 1248 4732 δυνάμει
1298 4665 1363 4715 ἐκ
1407 4663 1499 4718 τοῦ
1554 4664 1760 4717 οἰκείου
1825 4664 2013 4729 ἔθνους

424 4748 623 4806 διώκει
647 4750 747 4805 καὶ
781 4749 1118 4807 ἀπελαύνει·
1149 4755 1247 4808 καὶ⁵
1282 4755 1608 4818 πιστότατος
1638 4755 1718 4820 δὲ,
1753 4756 1838 4809 ὅτι
1875 4757 2014 4810 πάν-

426 4858 543 4906 τως
577 4839 768 4895 ἀκούω
793 4840 922 4906 τοὺς
948 4841 1039 4912 ὑφ’
1068 4845 1263 4901 ἑαυτὸν
1299 4847 1434 4899 πᾶσι
1474 4846 1700 4917 τρόποις
1730 4847 1787 4899 ἐν
1816 4848 1883 4918 τῇ
1921 4846 2016 4899 πί·-

428 4952 555 4990 cur.
581 4950 598 4966 ·
646 4936 733 4989 ὅτι
764 4935 823 4990 δὲ
856 4937 953 4991 καὶ
985 4937 1350 5005 δικαιότατος,
1382 4932 1526 4992 οὕτω
1566 4939 1770 5002 πάντες
1802 4940 2011 5010 κεκρά-

426 5044 599 5099 γασιν
622 5044 641 5062 ο
686 5022 863 5094 οὐδεὶς
901 5030 1010 5102 γὰρ
1039 5031 1225 5095 ἄδικος
1259 5031 1361 5101 τὴν
1408 5030 1620 5085 ἐκείνου
1672 5031 2017 5102 καυχήσεται

430 5121 801 5192 μυκτηρίζειν
843 5121 1218 5192 δικαιοσύνην.
1260 5123 1388 5186 Πῶς
1425 5120 1517 5176 οῦν
1572 5121 1683 5192 ἔχει
1716 5121 1875 5189 λόγον
1923 5122 2027 5175 τὸν

426 5216 692 5288 ἀληθινὸν
737 5217 1048 5289 ἄνθρωπον,
1097 5219 1199 5271 τὸν
1222 5218 1568 5280 πιστότατον,
1598 5216 1691 5271 τὸν
1737 5217 2017 5271 δικαιότα-

426 5327 550 5377 τον,
597 5309 691 5363 τὸν
737 5310 932 5374 ἄλλους
962 5310 1134 5364 ταῦτα
1168 5311 1516 5374 παιδεύοντα,
1558 5308 1654 5363 καὶ
1702 5308 1883 5379 λόγοις
1920 5312 2016 5364 καὶ

430 5403 625 5474 ἔργοις
650 5403 813 5457 αὐτὸν
839 5403 1103 5473 γενέσθαι
1128 5403 1394 5473 ψεύστην,
1417 5403 1450 5473 ἢ
1479 5403 1729 5470 ἄπιστον,
1757 5403 1788 5472 ἢ
1818 5401 2019 5455 ἀδικώ-

427 5512 641 5563 τατον;
681 5495 796 5550 Οὐκ
834 5497 1260 5567 αἰσχυνθήσεται
1299 5496 1465 5560 αὐτὸς
1515 5494 1705 5549 ἐαυτὸν
1751 5494 1879 5557 τοὺς
1912 5494 2015 5562 μὲν

429 5593 712 5664 ὑπηκόους
727 5592 947 5667 ,ἀρετὴν
980 5591 1348 5657 ἐκπαιδεύων,
1382 5590 1546 5654 αὐτὸς
1572 5589 1629 5645 δὲ
1667 5587 1853 5661 χάριτι
1876 5586 2011 5641 Θεοῦ

425 5687 623 5759 ἄρχων
664 5683 1074 5756 καθιστάμενος
1102 5684 1239 5754 πρὸς
1276 5685 1474 5739 κακίαν
1506 5682 1600 5738 καὶ
1646 5680 1767 5734 τόντε
1802 5695 2013 5751 μιαρω-

504 5847 521 5880 ²
570 5845 758 5903 Matth.
795 5860 897 5911 ιιι,
928 5810 1029 5896 .36.

2117 4585 2243 4625 mus
2276 4586 2496 4640 quoque
2521 4579 2627 4631 est,
2659 4583 2894 4637 namque
2917 4567 3080 4621 audio
3120 4581 3313 4620 onmes
3337 4569 3386 4619 ei
3419 4565 3698 4635 subjectos

2118 4663 2438 4717 omnimode
2463 4663 2516 4715 in
2573 4660 2675 4715 ﬁde
2708 4669 2855 4715 stare
2886 4677 2901 4726 ;
2930 4659 3298 4726 iustissimum
3353 4658 3516 4711 etiam
3571 4673 3696 4712 eum

2112 4768 2235 4809 esse
2266 4752 2507 4807 universi
2560 4751 2639 4807 sic
2693 4750 3077 4820 proclamant:
3134 4763 3295 4803 nemo
3340 4760 3582 4816 unquam
3615 4748 3697 4801 in-

2111 4846 2297 4917 justus
2356 4845 2478 4914 ejus
2531 4844 2783 4898 deridere
2841 4842 3109 4911 justitiam
3161 4839 3525 4910 gloriabitur:
3563 4855 3699 4909 quo-

2114 4938 2280 4993 modo
2330 4952 2460 5007 ergo
2513 4935 2843 4992 credendum
2891 4942 3038 4988 esset
3068 4933 3245 4987 virum
3296 4933 3537 4987 veritatis
3561 4934 3699 4986 ami-

2115 5029 2423 5092 cissimum,
2454 5026 2850 5089 ﬁdelissimum,
2874 5023 3263 5093 justissimum,
3298 5038 3521 5094 quoque
3561 5026 3698 5079 alios

2118 5121 2247 5175 talia
2278 5120 2563 5174 docentem
2596 5120 2775 5187 ipsum
2811 5116 2993 5171 verbis
3041 5125 3095 5170 et
3146 5116 3359 5171 actibus
3390 5116 3505 5170 ﬁeri
3538 5131 3686 5169 men-

2120 5214 2333 5278 dacem,
2360 5210 2656 5274 inﬁdelem,
2688 5208 3154 5277 injustissimutn?
3181 5221 3364 5263 nonne
3390 5208 3696 5267 erubescet.

2117 5305 2368 5360 subditos
2401 5305 2659 5358 virtutem
2710 5301 2932 5363 docens,
2990 5301 3109 5369 ipse
3162 5315 3314 5365 vero,
3366 5299 3461 5355 Dei
3512 5298 3685 5364 gratia

2113 5397 2390 5469 princeps,
2440 5397 2496 5450 in
2540 5393 2808 5449 malitiam
2842 5406 3021 5459 ruere,
3060 5402 3115 5448 et
3162 5408 3294 5447 sane
3345 5389 3638 5460 pessimam
3677 5404 3691 5441 :

2114 5490 2247 5561 quid
2294 5489 2439 5544 enim
2474 5486 2762 5558 tyrannide
2806 5486 3009 5557 pejus?
3056 5486 3186 5539 talia
3240 5478 3638 5548 respondebam
3678 5495 3691 5532 :

2115 5600 2225 5639 non
2254 5590 2339 5639 est
2373 5582 2470 5647 ita,
2505 5580 2674 5645 absit,
2728 5579 2861 5651 quin
2896 5577 3000 5643 sol,
3041 5577 3237 5631 nedum
3296 5585 3389 5625 eos
3430 5568 3699 5623 illttminet

2120 5677 2322 5748 quibus
2351 5674 2515 5742 lucet,
2546 5674 2844 5749 obscurare
2875 5669 3057 5741 patius
3090 5662 3429 5722 calumniosc
3459 5663 3693 5719 dicatur.
