4178 6418
506 463 568 527 Μ
1633 450 1943 514 NICOLAI
1976 448 2085 510 ΕΡ.
2123 445 2635 508 PATRIARCHE

3699 432 3771 496 51

504 574 805 647 τάτηνςΤί
827 572 938 645 γάρ
981 571 1328 645 μιαρώτερον
1370 569 1705 642 τυραννίδος,
1733 565 2087 639 ἀποκρίνωνς
2125 560 2246 615 οὐκ
2268 561 2384 617 ἐστι
2427 562 2626 627 ταῦτα,
2659 558 2735 632 μὴ
2798 558 3058 631 γένηταιο
3110 556 3172 611 οὗ
3245 552 3447 625 μᾶλλον
3477 553 3511 625 ἢ
3540 551 3570 606 δ
3616 548 3770 620 ἥλιος

505 672 630 727 ἀντὶ
661 668 757 724 τοῦ
785 669 1047 739 φωτίζειν
1074 668 1207 731 τοὺς
1235 668 1328 723 ὐπ’
1349 664 1517 721 αὑτοῦ
1536 661 1930 735 λαμπομένους
1960 655 2235 722 σκοτίζειν
2253 656 2777 729 διαλοιδορούμενος.
3181 707 3205 715 _

581 768 660 821 lla
691 767 1108 829 asseveraham,
1172 763 1248 819 ita
1299 774 1491 819 contra
1547 774 1731 831 regem
1783 766 2087 822 omnesque

2259 752 2448 816 Οὕτως
2486 751 2598 821 ἐγὼ
2638 752 3079 824 διισχυριζόμην,
3108 747 3256 803 οὕτω
3284 745 3385 800 καὶ
3425 742 3565 815 πρὸς
3615 742 3773 814 βασι-

509 865 744 913 cateros
773 856 1049 921 dicebam,
1087 853 1164 909 fili
1201 853 1300 918 mi,
1335 852 1772 922 quotiescunque
1800 858 2087 904 sermones

509 947 581 1004 de
629 955 727 1004 tua
779 947 1085 1019 tyrannidis
1115 946 1419 1017 cupiditate
1448 952 1504 999 et
1538 944 1604 1025 de
1651 953 1742 999 tua
1799 937 2086 1013 tyrannide

509 1052 821 1093 sermonem
877 1037 1165 1103 faciebam,
1225 1051 1374 1092 nunc
1428 1045 1613 1092 autem
1664 1033 1795 1105 quid
1862 1026 2095 1086 dicam?

507 1130 692 1184 omnia
724 1129 925 1185 etenim
965 1145 1086 1198 quae
1136 1130 1293 1199 prius
1342 1129 1411 1185 de
1455 1136 1511 1185 te
1569 1127 1928 1188 aflirmabam,
1964 1135 2088 1192 qua:

509 1221 828 1287 laudabam,
858 1237 982 1293 qua:
1003 1222 1071 1276 ad
1109 1221 1602 1277 commendandam
1632 1230 1781 1276 tuam
1825 1222 2085 1277 virtutem

510 1313 841 1376 statuebam.
878 1328 1002 1370 cum
1050 1314 1214 1368 modo
1266 1314 1320 1368 in
1361 1314 1693 1369 contrariam
1728 1322 1934 1379 partem
1966 1328 2089 1368 ver-

513 1414 656 1470 tunt,
680 1420 742 1460 os
771 1404 907 1459 mihi
944 1405 1224 1472 obturant,
1261 1406 1596 1461 erubescere
1647 1405 1878 1469 faciunt,
1909 1420 2088 1474 neque

512 1511 601 1551 me
633 1495 747 1567 jam
782 1497 972 1553 sinunt
1021 1497 1077 1552 in
1129 1512 1227 1553 eos
1279 1497 1556 1568 respicere
1593 1497 1795 1567 quibus
1839 1510 1940 1566 pro
1996 1503 2087 1551 tua

510 1588 715 1643 virtute
765 1589 920 1659 prius
981 1588 1421 1644 contradicebam
1453 1606 1469 1644 :
1498 1589 1626 1659 quid
1663 1589 1790 1653 hoc,
1839 1587 1915 1642 ﬁli
1968 1588 2092 1642 mi?

510 1678 638 1749 quis
665 1679 840 1734 malus
879 1679 1119 1747 daemon,
1158 1690 1265 1735 tuae
1288 1681 1477 1751 gloriae
1506 1681 1780 1745 invidens,
1809 1681 1877 1736 ad
1908 1680 2012 1733 hoc
2036 1688 2091 1734 te

509 1771 730 1840 impulit
771 1779 830 1823 ut
855 1772 1073 1841 tyranni
1107 1787 1302 1827 nomen
1332 1771 1608 1827 obtineres
1633 1771 1663 1827 Υ
1689 1786 1855 1841 quam
1894 1770 2090 1826 melius

2188 846 2286 900 λέα
2311 846 2408 899 καὶ
2435 845 2646 910 πάντας
2685 845 2998 912 ἀντέλεγον,
3023 842 3213 908 ὁπότε,
3235 839 3448 903 τέκνον,
3474 836 3608 908 ἐμὸν
3641 835 3772 906 περὶ

2191 936 2288 996 σοῦ
2324 938 2661 1009 τυραννικὴν
2689 935 3010 1006 ἐπιθυμίαν,
3045 935 3143 989 καὶ
3193 929 3511 1001 τυραννίδος
3537 927 3775 982 ὑπέϐαλ-

2190 1029 2281 1083 λον
2308 1030 2521 1097 λόγους.
2552 1028 2741 1082 Νῦνδέ
2771 1029 2823 1082 τί
2861 1029 3003 1081 είπω
3030 1044 3046 1092 ;
3077 1025 3175 1081 καὶ
3213 1025 3324 1095 γὰρ
3355 1025 3542 1078 ἐκεῖνα
3571 1021 3772 1084 πάντα,

2190 1118 2292 1172 ὅσα
2323 1118 2591 1189 πρότερον
2641 1118 2782 1188 ὑπὲρ
2838 1116 2931 1171 σοῦ
2965 1116 3175 1184 ἔλεγον,
3220 1115 3323 1167 ὅσα
3377 1113 3636 1182 ἐπῄνουν,
3671 1110 3776 1162 ὅσα

2191 1208 2331 1278 πρὸς
2362 1209 2631 1260 σύστασιν
2658 1207 2758 1275 τῆς
2784 1206 2885 1277 σῆς
2909 1203 3337 1274 διεϐεϐαιούμην
3355 1201 3583 1273 ἀρετῆς,
3610 1199 3692 1260 είς
3711 1196 3778 1250 τὸ

2176 1299 2431 1357 ’ἐναντίον
2463 1317 2534 1371 με
2564 1298 2937 1369 περιίστησιν,
2974 1298 3316 1367 ἀποφράττει
3349 1311 3438 1364 μοι
3482 1293 3543 1345 τὸ
3575 1292 3773 1360 στόμα,

2190 1392 2567 1465 καταισχύνει,
2593 1392 2686 1446 καὶ
2712 1390 2834 1445 ούδέ
2859 1391 3078 1461 βλέπειν
3106 1408 3198 1460 μοι
3224 1389 3502 1458 συγχωρεῖ
3522 1387 3655 1457 πρὸς
3680 1381 3776 1445 οὓς

2194 1487 2469 1558 πρότερον
2491 1483 2782 1551 ἀντέλεγον
2827 1482 2971 1554 ὑπὲρ
2994 1482 3096 1551 τῆς
3140 1481 3238 1550 σῆς
3256 1479 3479 1551 ἀρετῆς.
3498 1475 3564 1530 Τί
3591 1473 3775 1537 τοῦτο,

2190 1580 2380 1633 τέκνον
2407 1575 2575 1647 ἐμόν;
2609 1576 2771 1637 ῐῐοῖος
2797 1572 3032 1645 πονηρδς
3053 1572 3270 1642 δαίμων
3298 1573 3363 1641 τῇ
3388 1572 3453 1640 σῇ
3489 1567 3615 1638 δόξῃ
3647 1565 3780 1636 φθο-

2193 1671 2366 1740 νήσας
2406 1668 2487 1730 είς
2510 1666 2672 1719 τοῦτο
2713 1665 3079 1734 κατέστησεν,
3112 1661 3203 1715 ἵνα
3247 1658 3562 1732 τυραννίδος
3603 1656 3776 1726 δνομα

2194 1759 2655 1830 κληρονομὴσῃς;
2706 1756 2868 1827 Πόσῳ
2930 1754 3158 1825 ἄμεινον
3218 1753 3284 1805 ἐκ
3344 1749 3479 1804 Θεοῦ
3538 1750 3778 1819 ἄρχοντα

510 1839 694 1931 regem
747 1877 777 1917 a
811 1839 920 1918 Deo
958 1864 1345 1931 constitutum,
1383 1881 1548 1934 quam
1593 1839 2089 1936 tyrannum,dici!

2206 1852 2496 1924 κεκλῆσθαι
2521 1851 2554 1923 ἢ
2592 1850 2891 1921 τύραννον;
2926 1848 3089 1910 Ποῖος
3127 1845 3251 1916 ὄφις
3279 1843 3550 1915 ἠρεύξατο
3576 1839 3780 1936 εἰςτὰς

509 1954 637 2024 quis
671 1968 898 2023 serpens
950 1956 1017 2010 ad
1054 1957 1160 2011 mei
1224 1956 1320 2011 filii
1379 1972 1542 2013 aures
1593 1956 2092 2013 sibilavitinonne

2206 1945 2366 2006 Ξκοάς
2396 1941 2489 1996 τοῦ
2520 1941 2655 2011 ἐμοῦ
2699 1938 2934 2003 τέκνου;
2966 1937 3041 1990 Ού
3092 1935 3446 2005 πεφρίκαμεν
3493 1932 3593 2002 τὴν
3624 1928 3781 1985 θείαν

510 2043 607 2099 Dei
665 2043 936 2114 justitiam
998 2027 1522 2104 rel‘orm‘idavimus?
1568 2063 1752 2103 nonne
1808 2047 2090 2103 timuimus

2206 2034 2576 2105 5ικαιοσύνην;
2623 2032 2698 2086 Οὐ
2749 2030 2980 2101 φοϐερὸν
3029 2027 3337 2097 ποιούμεθα
3386 2026 3448 2079 τὸ
3499 2025 3776 2093 ἅρπαγμα

2309 2130 2357 2141 ι..
2590 2128 2613 2141 .
2651 2125 2676 2141 Α
2808 2124 2829 2141 αι
2861 2140 2867 2141 ,
2909 2125 2924 2141 ο
2959 2122 3158 2141 ’.νη-,ι
3182 2137 3197 2141 Α
3233 2121 3318 2141 ιμ’.
3350 2119 3452 2141 με-
3477 2113 3774 2141 1----ηιἻμηι-

511 2137 864 2209 latrocinium
915 2137 1095 2193 facere
1145 2140 1520 2211 excogitantes
1566 2155 1729 2209 quam
1808 2139 1863 2193 in
1930 2138 2090 2194 terris

2206 2130 2440 2197 νομίζειν
2468 2125 2763 2188 ποιεῖσθαι,
2803 2124 2869 2195 ἢν
2901 2125 2928 2177 ὁ
2959 2122 3198 2193 Χριστὸς
3231 2121 3324 2211 ἐπὶ
3350 2119 3452 2186 γῆς
3475 2113 3776 2211 ἐμεγάλυνε

446 2296 449 2297 γ
513 2228 890 2300 magnificavit
954 2229 1208 2287 Christus
1272 2232 1619 2301 potentiam?
1683 2231 1909 2286 videsne
1982 2243 2092 2297 quo

512 2319 778 2387 feramur,
810 2321 933 2376 fili?
958 2338 1070 2394 quo
1107 2339 1468 2395 prorumpere
1518 2326 1573 2379 in
1625 2332 1805 2379 mente
1833 2323 2093 2377 habueri-

515 2412 1037 2469 musiel‘evationes
1066 2415 1183 2469 odit
1210 2415 1374 2480 Deus,
1407 2430 1503 2472 eos
1531 2415 1626 2487 qui
1664 2418 1809 2470 altas
1840 2414 2096 2469 attollunt

513 2502 876 2570 cogitationes
902 2503 1092 2573 dejicit
1117 2521 1133 2572 ;
1162 2506 1310 2575 quod
1341 2507 1388 2562 si
1421 2507 1488 2561 ad
1523 2516 1736 2577 tempus
1760 2521 1857 2561 eos
1885 2513 2094 2562 stantes

511 2591 690 2649 videri
722 2593 873 2660 sinit,
917 2594 1070 2650 brevi
1132 2598 1317 2652 omnia
1361 2598 1609 2653 demutat
1639 2615 1655 2664 ;
1721 2613 1885 2653 nemo
1913 2612 1981 2653 ex
2010 2614 2098 2655 se-

514 2683 635 2752 i'pso
666 2684 874 2755 aliquid
910 2687 1159 2757 accipere
1199 2698 1417 2758 potest;
1452 2692 1802 2760 prudensque
1834 2705 1958 2745 cum
1995 2689 2098 2755 sis,

515 2776 721 2846 absque
760 2779 966 2835 nostris
995 2782 1349 2836 sermonibus
1381 2781 1584 2851 optime
1631 2783 1777 2837 nosti
1828 2782 2096 2851 plurimos

462 2922 485 2939 β
515 2869 823 2926 incousulte
856 2872 1088 2928 consilia
1145 2872 1419 2937 ineuntes,
1473 2874 1711 2943 pessime
1751 2868 1997 2929 evasisse
2043 2880 2098 2927 ct

519 2960 841 3030 paenitentia
901 2979 1028 3019 esse
1083 2963 1346 3030 allectos,
1399 2965 1614 3035 sibique
1672 2963 2095 3034 imprudentiam

520 3050 751 3106 multum
774 3052 1174 3121 exprobrasse;
1207 3065 1263 3108 et
1285 3062 1344 3108 ut
1369 3055 1643 3109 antedicta
1673 3055 1946 3119 omittam,
1974 3053 2099 3122 quis

520 3141 596 3196 ita
628 3143 907 3212 pervicax,
949 3144 1073 3223 quis
1104 3145 1356 3215 propriis
1390 3146 1788 3216 cupiditatibus
1813 3147 1887 3202 ita
1917 3146 2100 3217 exagi-

519 3241 669 3289 tatus
745 3243 800 3288 et
859 3233 925 3287 ad
977 3234 1262 3290 audaciam
1318 3251 1643 3306 propensus,
1701 3237 1788 3291 cui
1852 3239 2103 3306 exemplo

520 3339 631 3380 non
673 3324 745 3380 sit
796 3325 884 3380 ille
943 3336 1209 3397 tyrannus
1259 3329 1355 3399 qui
1404 3329 1521 3384 heri
1571 3338 1626 3385 et
1672 3331 1873 3386 nudius
1905 3330 2099 3386 tertius

522 3402 665 3473 solio
690 3418 793 3487 ipsi
825 3417 1112 3476 insedebat
1140 3429 1195 3475 et
1221 3422 1311 3491 qui
1347 3422 1498 3476 brevi
1525 3422 1719 3491 dignas
1739 3423 1887 3478 dedit
1910 3438 2099 3492 pmnas
2125 3442 2170 3506 ρ

521 3509 823 3580 impietatis
846 3511 1033 3574 cordis
1067 3512 1176 3577 sui,
1218 3513 1558 3569 crudelitatis
1600 3526 1652 3568 et
1696 3515 1963 3583 audaciae,
2005 3532 2101 3571 ne-

525 3600 727 3656 minem
766 3602 976 3657 scilicet
1020 3602 1614 3674 quidquamaccipere,
1654 3605 1928 3675 praecipue
1971 3623 2101 3663 vero

526 3684 637 3747 tam
691 3692 966 3750 excellens
1025 3694 1255 3760 donum,
1292 3695 1397 3750 nisi
1435 3697 1669 3767 desuper
1697 3697 1978 3767 eLdetur?
2033 3699 2101 3754 ad

531 3783 666 3848 haec,
695 3799 876 3839 nonne
907 3786 1284 3844 erubescimus
1315 3792 1460 3858 quod
1491 3788 1616 3845 aliis
1641 3790 1876 3859 perjuria
1907 3805 2104 3860 expro—

533 3874 777 3939 brantes,
814 3875 915 3945 ipsi
964 3878 1139 3932 simus
1171 3877 1360 3949 injusti
1405 3889 1460 3934 et
1508 3880 1705 3951 impii?
1750 3867 2148 3937 violationem‘

529 3975 710 4020 autem
768 3963 1241 4022 formidandorum
1290 3969 1733 4038 juramentorum
1792 3972 1922 4041 quid
1979 3987 2104 4027 esse

530 4054 825 4111 dicemus?
858 4071 1040 4112 nonne
1071 4057 1194 4112 fidei
1226 4061 1571 4130 negationem
1598 4063 1622 4117 ?
1674 4079 1856 4118 nonne
1886 4063 2105 4134 pietatis

531 4147 996 4202 evacuationem?
1029 4148 1208 4206 nonne
1254 4151 1431 4221 ipsius
1462 4153 1907 4210 Christianorum
1938 4146 2125 4224 μισοῖ-³

531 4238 742 4294 tudinis
784 4239 1044 4295 eversio?
1097 4241 1191 4310 qui
1242 4244 1389 4298 enim
1462 4244 1804 4301 formidanda
1837 4245 2109 4300 Christia-

533 4346 725 4386 norum
782 4332 1043 4402 mysteria
1099 4333 1400 4402 violaverit,
1440 4338 1719 4408 quomodo
1764 4335 2108 4393 Christianus

523 4422 640 4493 jam
672 4426 994 4480 vocabitur?

607 4512 929 4570 Sermonem
987 4521 1304 4588 protrahere
1356 4521 1497 4591 cogit
1546 4536 1630 4575 me
1677 4521 1881 4576 nimius
1924 4524 2109 4581 cordis

414 4604 422 4611 ’
534 4608 641 4662 mei
673 4609 828 4663 dolor
854 4619 906 4663 et
930 4625 1055 4681 erga
1082 4620 1136 4665 te
1180 4628 1334 4667 amor
1379 4612 1627 4667 fervidus
1653 4613 1744 4681 qui
1779 4613 1848 4668 ab
1872 4614 2028 4668 initio
2057 4616 2109 4668 in

535 4716 622 4756 me
663 4711 744 4757 est
776 4716 1040 4758 accensus
1084 4713 1138 4758 et
1182 4719 1328 4758 nunc
1379 4719 1598 4773 quoque
1636 4705 1828 4772 ardet;
1860 4714 1917 4759 at
1945 4706 2110 4761 simul

2199 2216 2711 2289 βασιλείαν;’⁶¹ορα,
2740 2213 2930 2267 τέκνον
2977 2211 3135 2282 ἐμὸν,
3181 2206 3285 2263 ποῦ
3331 2205 3650 2278 φερόμεθας·
3673 2203 3777 2257 ποῦ

2195 2306 2441 2377 ὁρμῆσαι
2478 2304 2873 2373 διενοήθημεν;
2925 2302 3094 2355 Μισεῖ
3123 2298 3224 2362 τὰς
3257 2298 3525 2368 ἐπάρσεις
3566 2297 3594 2348 δ
3619 2293 3780 2354 θεὸς..

2197 2383 2530 2454 καταϐάλλει
2578 2396 2707 2459 τοὺς
2766 2392 3168 2464 ἐπαιρομένους
3222 2389 3293 2444 τά
3339 2388 3522 2458 ὑψηλά
3577 2384 3785 2457 φρονήιν

2201 2508 2349 2562 ματα
2371 2505 2385 2521 ⁸
2415 2490 2469 2543 εί
2498 2489 2593 2542 καὶ
2620 2487 2758 2558 πρὸς
2783 2486 2966 2554 ὀλίγον
2992 2484 3270 2554 συγχωρεῖ
3290 2483 3475 2535 δοκεῖν
3498 2477 3777 2538 ἵστασθαι,
3880 2496 3887 2499 “

2199 2583 2342 2651 ἀλλά
2372 2582 2538 2637 πάλιν
2590 2579 2895 2651 ἀνατρέπει
2941 2577 3102 2631 αὑτά.
3154 2569 3612 2657 Ούδεὶςοδυνατδς
3646 2566 3783 2636 παρ’

2199 2673 2398 2730 ἑαυτοῦ
2436 2690 2491 2726 τι
2517 2670 2706 2726 λαϐεῖν
2724 2686 2738 2699 ·
2770 2669 2865 2723 καὶ
2896 2668 3163 2738 φρόνιμος
3190 2664 3266 2718 ὣν
3302 2660 3451 2726 οἶδας
3480 2662 3576 2714 καὶ
3605 2658 3779 2730 χωρὶς

2198 2768 2307 2822 τῶν
2330 2764 2620 2836 ἡμετέρων
2644 2762 2819 2830 λόγων
2838 2761 2912 2824 ὡς
2935 2758 3143 2826 πολλοί,
3171 2756 3489 2818 πεισθέντες
3512 2750 3777 2814 ἀϐούλως,
3839 2816 3849 2825 .

2201 2857 2388 2921 κακῶς
2421 2854 2741 2927 ἀπήλλαξαν
2788 2853 2885 2905 καὶ
2930 2851 3300 2919 μετέγνωσαν,
3344 2845 3442 2900 καὶ
3480 2841 3651 2897 πολλά
3677 2840 3782 2909 τῆς

2201 2948 2462 3012 ἀϐουλίας
2522 2947 2755 3006 ἑαυτοὺς
2789 2940 3242 3013 κατεμέμψαντο.
3299 2939 3411 2993 Καὶ
3455 2936 3544 2989 ἴνα
3599 2932 3781 2986 πάντα

2208 3042 2356 3097 ἐάσω
2385 3041 2452 3095 τά
2485 3037 2853 3111 προλαϐόντα,
2887 3036 2971 3098 τίς
2998 3032 3174 3096 οὕτως
3200 3030 3527 3115 φιλόνεικος,
3562 3027 3657 3080 καὶ
3678 3022 3783 3078 ὑπὸ

2204 3135 2307 3204 τῆς
2330 3132 2538 3196 οίκείας
2561 3129 2861 3199 ἐπιθυμίας
2890 3127 3242 3196 ἐξαγόμενος,
3280 3123 3376 3177 καὶ
3408 3122 3543 3193 πρὸς
3573 3119 3787 3186 τόλμαν
3886 3140 3906 3165 ο

2205 3227 2446 3298 ἕτοιμος,
2487 3224 2548 3278 ὃν
2585 3223 2646 3277 ού
2699 3221 2942 3275 διδάσκει
2973 3220 3002 3272 δ
3029 3218 3156 3288 χθὲς
3202 3217 3297 3271 καὶ
3334 3214 3439 3286 πρδ
3472 3214 3573 3282 τῆς
3625 3207 3784 3280 ἐχθὲς

2205 3317 2435 3383 ἐπιστὰς
2466 3318 2651 3379 αὐτοῖς
2697 3316 2810 3377 τοῖς
2856 3310 3149 3382 βασιλείοις
3194 3307 3480 3378 τύραννος,
3513 3303 3608 3357 καὶ
3654 3299 3781 3354 σύν-

2204 3430 2372 3484 τομον
2396 3407 2755 3481 είσπραχθεὶς
2796 3407 2955 3476 δίκην
2992 3404 3093 3473 τῆς
3124 3399 3568 3469 δυσσεϐεστάτης
3610 3392 3781 3449 αὐτοῦ
3872 3404 3881 3409 ·

2206 3504 2436 3577 καρδίας
2468 3501 2701 3567 ἐπαξίαν
2731 3498 2829 3553 καὶ
2860 3495 2956 3550 τοῦ
2988 3495 3229 3567 θράσους
3255 3492 3349 3546 καὶ
3377 3489 3473 3544 τοῦ
3497 3488 3775 3559 τολμήμα-

2203 3617 2297 3662 τος
2313 3614 2330 3665 ;
2346 3597 2472 3650 Ὀτι
2488 3593 2665 3657 οὐδεὶς
2682 3590 2977 3662 λαμϐάνει,
2996 3589 3091 3642 καὶ
3109 3582 3595 3659 μάλιστατοιοῦτον
3621 3582 3788 3651 ὑπερ-

2209 3687 2439 3761 μέγεθες
2477 3684 2734 3756 δώρημα,
2767 3682 2863 3735 ἐάν
2900 3680 2976 3751 μὴ
3087 3675 3236 3748 αὐτῷ
3262 3674 3501 3730 ἄνωθεν·
3535 3668 3657 3725 εἶτα
3682 3670 3799 3761 οὐκ’

2206 3760 2580 3853 αἰσχυνόμεθα
2612 3776 2832 3836 ἑαυτοῖς
2861 3772 3057 3837 ἄλλους
3086 3772 3170 3824 ὅτι
3195 3767 3487 3842 ψεύδονται
3510 3760 3789 3853 τιμωρού-

2211 3852 2386 3946 μενοι,
2428 3865 2588 3922 αὐτοὶ⁷
2623 3865 2683 3919 δὲ
2717 3862 3033 3937 ἀδικοῦντες
3066 3861 3163 3914 καὶ
3192 3857 3488 3929 παράνομα
3516 3852 3790 3946 πράττονζ

2208 3942 2330 4033 sec;
2362 3962 2474 4035 Τὴν
2524 3960 2582 4013 δὲ
2638 3956 2952 4028 παράϐασιν
3007 3954 3119 4008 τῶν
3151 3950 3398 4024 φρικτῶν
3453 3949 3633 4021 ὅρκων
3684 3942 3789 3998 ποῦ

2210 4058 2480 4130 θήσομεν;
2521 4053 2624 4106 οὐκ
2648 4049 2765 4105 ἐστι
2795 4048 3033 4112 πίστεως
3067 4045 3330 4117 ἀρνησιςς
3362 4040 3462 4095 ούκ
3506 4040 3655 4092 ἐστιν
3699 4037 3791 4090 εὗ-

2213 4150 2431 4212 σεϐείας
2469 4142 2828 4214 ἀλλοτρίωσις
2853 4158 2869 4207 ;
2897 4140 2998 4192 ούκ
3036 4138 3181 4191 ἐστιν
3210 4132 3375 4189 αὐτοῦ
3403 4131 3498 4186 τοῦ
3529 4133 3792 4203 Χριστια-

2210 4242 2318 4298 νῶν
2360 4236 2734 4308 πληρώματος
2780 4230 3098 4300 ἀνατροπή;
3134 4228 3305 4281 Ὅταν
3336 4226 3445 4295 γὰρ
3489 4226 3558 4277 τὰ
3584 4220 3791 4292 φρικτὰ

2210 4331 2322 4385 τῶν
2370 4322 2717 4398 Χριστιανῶν
2758 4338 2844 4385 τις
2889 4318 3147 4390 ἐνυϐρίσῃ
3197 4316 3500 4388 μυστήρια,
3534 4314 3669 4378 ,πῶς
3710 4311 3791 4366 ἐτι

2213 4418 2542 4492 Χριστιανὸς
2578 4416 2792 4476 ἐκεῖνος
2826 4410 2997 4481 κεκλή
3007 4428 3156 4463 σεται
3174 4427 3189 4475 ;
3376 4471 3387 4477 ᾗ
3610 4402 3623 4411 ⁷

2297 4507 2711 4579 Ἀναγκάζομαι
2762 4506 2868 4559 ὒπδ
2917 4504 3020 4575 τῆς
3072 4503 3440 4576 σφοδροτάτης
3487 4502 3585 4571 τῆς
3616 4500 3793 4571 ψυχῆς

2216 4607 2410 4674 ὀδύνης
2466 4602 2560 4674 καὶ
2593 4598 2688 4652 τοῦ
2722 4599 2850 4670 περὶ
2879 4597 2938 4652 σὲ
2967 4597 3232 4667 διαπύρου
3275 4595 3518 4666 φίλτρου,
3550 4594 3577 4648 ὃ
3604 4592 3662 4658 ἐξ
3694 4595 3792 4664 ἀρ-

2216 4699 2318 4770 χῆς
2345 4672 2655 4765 ἀκεφλέχθη
2688 4692 2745 4744 ὲν
2792 4695 2857 4761 τῇ
2892 4692 3000 4762 ἐμῇ
3033 4690 3178 4761 ψυχῇ
3230 4691 3323 4742 καὶ
3353 4687 3432 4740 ἔτι
3461 4688 3517 4739 δέ
3564 4686 3798 4754 ἀναφλέ-

531 4793 847 4862 inopinatus
898 4794 989 4848 ille
1043 4810 1204 4850 casus
1244 4806 1297 4849 et
1342 4794 1581 4849 crudelis
1612 4795 1875 4850 daemonis
1903 4799 2103 4853 malitia

2218 4806 2398 4861 γεται,
2459 4784 2761 4858 μακρύνειν
2816 4783 2907 4837 τὸν
2966 4782 3159 4851 λόγον’
3212 4780 3375 4835 πάλιν
3426 4779 3482 4833 δὲ
3534 4778 3638 4832 ὑπὸ
3701 4778 3800 4849 τῆς

533 4894 684 4941 tuam
716 4886 953 4942 volentis
998 4887 1332 4941 labefactare
1383 4887 1726 4956 majestatem
1754 4928 1769 4952 ,
1805 4906 1892 4943 me
1929 4890 2111 4946 dicere

534 4984 704 5042 vetat,
760 4993 884 5031 cum
926 4977 1233 5034 incredibili
1277 4979 1510 5036 consilio
1564 4980 1928 5047 stupefactum
1957 4998 1972 5047 ;
2003 4998 2109 5036 non

535 5080 718 5124 tamen
751 5070 853 5125 nisi
886 5073 1055 5126 veteri
1090 5081 1311 5125 narrata
1363 5072 1597 5139 quadam
1632 5072 1871 5148 historia.
1898 5076 2110 5129 tacebo.

534 5161 823 5218 Persarum
858 5162 1147 5232 imperium
1182 5176 1289 5215 non
1340 5161 1557 5231 ignoras
1588 5174 1792 5232 quanta
1839 5164 1911 5218 sit
1960 5174 2114 5233 pote-

537 5263 678 5310 state
699 5294 716 5321 ,
754 5264 917 5326 atque
958 5254 1163 5308 divitiis
1193 5254 1394 5309 florens
1414 5294 1430 5320 ,
1459 5271 1637 5326 neque
1669 5264 1720 5310 te
1753 5256 1892 5327 fugit
1920 5273 2017 5312 eos
2044 5260 2112 5312 ab

534 5348 693 5405 initio
722 5362 831 5402 non
862 5361 1109 5403 cessasse
1140 5355 1331 5402 contra
1358 5347 1635 5405 Romanos
1653 5349 1862 5403 bellum
1887 5366 2111 5421 gerere;

535 5433 631 5491 sed
664 5433 759 5504 qui
786 5434 905 5488 sine
932 5432 1339 5491 intermissione
1367 5437 1630 5493 adversus
1664 5437 1939 5493 Romanos
1962 5454 2114 5495 arma

536 5526 853 5592 movebant,
892 5534 1180 5596 postquam
1228 5528 1517 5596 Arcadius,
1569 5529 1942 5587 Romanorum
1993 5546 2110 5597 rex,

533 5619 647 5675 vita
700 5619 944 5686 functus,
996 5636 1218 5690 regnum
1275 5621 1587 5678 Theodosio
1630 5622 1741 5677 filio
1768 5638 1890 5688 suo,
1951 5622 2112 5677 trium

537 5724 810 5765 annorum
850 5710 1069 5779 infanti,
1104 5712 1418 5783 reliquerat,
1462 5714 1725 5785 iniustum
1778 5725 1831 5770 et
1860 5715 2115 5771 inhumao

538 5814 671 5855 num
734 5800 840 5856 rati
888 5802 1088 5858 bellum
1139 5819 1327 5874 gerere
1385 5815 1576 5860 contra
1624 5805 1911 5875 imperium
1953 5806 2114 5876 cujus

541 5891 820 5957 dominus.
864 5894 934 5950 ob
988 5897 1314 5951 teneriorem
1356 5906 1590 5966 tetatem,
1626 5912 1819 5954 rerum.
1845 5899 2112 5955 humana-

2222 4881 2634 4954 ἀπροσδοκήτου
2681 4877 2887 4942 ταύτης
2928 4873 3218 4944 συμφορᾶς
3260 4872 3355 4925 καὶ
3400 4872 3497 4941 τῆς
3532 4870 3799 4942 ἐπηρείας

2221 4974 2316 5031 τοῦ
2348 4971 2589 5044 πονηροῦ
2617 4969 2888 5037 δαίμονος,
2915 4966 2973 5030 ὃς
2996 4968 3060 5036 τῇ
3089 4968 3152 5035 σῇ
3183 4963 3436 5034 βούλεται
3455 4962 3800 5035 λυμήνασθαι

2225 5066 2632 5140 μεγαλειότητι,
2661 5061 3044 5128 ἀνακόπτομαι
3070 5055 3162 5110 τοῦ
3194 5056 3393 5125 λέγειν,
3420 5055 3484 5109 θα
3494 5054 3802 5126 μϐούμενος

2221 5164 2319 5215 ἐπὶ
2345 5158 2421 5230 τῷ
2443 5153 2738 5226 παραλόγῳ
2766 5151 2857 5204 τοῦ
2888 5150 3307 5220 ἐγχειρήματος.
3326 5148 3516 5219 Ὅμως
3541 5147 3619 5200 ἔτι
3637 5162 3804 5214 προσ-

2223 5253 2337 5314 θεὶς
2380 5248 2617 5303 παλαιάν
2668 5262 2791 5299 τινα
2816 5244 3055 5315 ἱστορίαν
3080 5244 3401 5313 σιγήσομαι.
3431 5238 3677 5302 Ἀκούεις
3701 5238 3803 5308 τὴν

2226 5322 2450 5413 Περσῶν
2511 5338 2811 5411 βασιλείαν,
2847 5337 2946 5408 ὅση
3011 5336 3111 5406 μὲν
3149 5334 3246 5405 τὴν
3292 5332 3546 5400 δύναμιν.
3602 5331 3703 5400 ὅση
3747 5330 3804 5383 δὲ

2224 5437 2315 5488 τὸν
2358 5432 2610 5497 πλοῦτον,
2657 5432 2753 5485 καὶ
2808 5430 2886 5493 ὡς
2911 5428 2973 5483 ού
3009 5427 3248 5481 διέλιπον
3297 5423 3358 5489 ἐξ
3390 5422 3565 5493 ἀρχῆς
3602 5423 3806 5493 Πέρσαι
3884 5420 3893 5429 ί

2239 5524 2531 5597 Ῥωμαίοις
2568 5521 2934 5594 πολεμοῦντες
2956 5535 2971 5551 ο
3003 5518 3119 5572 ἀλλ’
3155 5512 3298 5571 οῦτοι
3342 5517 3392 5569 oi
3432 5515 3700 5585 διηνεκῶς
3737 5513 3808 5567 τὰ

2225 5618 2368 5674 ὅπλα
2399 5617 2537 5688 πρὸς
2579 5613 2885 5684 Ῥωμαίους
2917 5610 3259 5679 ἐπαίροντες,
3299 5607 3489 5676 ἐπειδὴ
3521 5605 3805 5677 Ἀρκάδιος

2223 5709 2385 5764 ὁτῶν
2422 5707 2711 5777 Ῥωμαίων
2768 5700 3022 5774 βασιλεὺς
3069 5698 3165 5753 τὸν
3219 5699 3335 5768 βίον
3382 5696 3699 5753 καταλιπὼν
3730 5694 3806 5764 τῷ

2229 5802 2383 5857 παιδὶ
2410 5801 2676 5866 Θεοδοσίῳ
2702 5798 2906 5870 τριετεῖ
2934 5795 3049 5850 ὄντι
3080 5793 3341 5849 κατέλιπε
3372 5793 3471 5863 τὴν
3501 5789 3802 5862 βασιλείαν.

2224 5895 2409 5951 ἄδικον
2469 5892 2563 5948 καὶ
2601 5891 2970 5962 ἀπάνθρωπον
3008 5886 3147 5944 εἶναι
3190 5886 3514 5958 νομίσαντες
3558 5879 3805 5953 βασιλέα
