4178 6414
481 369 558 431 53
1924 368 2325 428 Ei‘lSTOL’E.
3693 370 3711 424 ἴ
3730 364 3762 424 Δ

487 485 772 557 πολεμεῖν,
797 483 866 556 ἢν
916 486 945 537 ὁ
975 485 1222 554 κατέχων
1272 483 1378 537 τῶν
1409 485 1765 555 ἀνθρωπίνων
1820 486 2077 556 πραγμά-

2190 502 2304 540 rum
2354 485 2811 538 nmdct'andarum
2852 486 3135 551 innutritus
3161 527 3172 547 ,
3211 503 3314 538 non
3351 486 3522 539 solum
3559 504 3588 539 ει
3619 485 3760 540 bello

485 595 600 633 των
638 577 734 631 καὶ
780 576 1111 648 διοικήσεων
1141 576 1227 628 διὰ
1273 577 1373 647 τήν
1407 575 1709 648 νηπιότητα
1741 571 1808 648 ἦν
1851 576 2083 631 ἀνεπαί-

485 672 709 742 σθητος,
743 669 806 722 οὐ
869 669 1034 738 μόνον
1091 669 1182 722 τὸν
1229 668 1468 739 πόλεμον
1516 669 1785 733 ἔπαυσαν,
1845 670 1905 722 ὃν
1945 669 2093 738 πρὸς

497 761 788 834 ’Δρκάδιον
829 762 1123 831 ἐνήργουν,
1182 760 1320 814 ἀλλά
1371 763 1470 814 καὶ
1500 761 1637 831 πρὸς
1670 759 1796 823 τοὺς
1844 759 2081 812 ἐνταῦθα

483 854 590 924 τῆς
618 853 929 924 συγκλήτου
961 854 1294 923 προέχοντας
1318 855 1346 906 ὁ
1376 853 1635 922 βασιλεὺς
1660 852 1950 906 ἀπέστειλε
1973 852 2081 904 τῶν

387 963 398 970 '
485 945 746 1016 Περσῶν.
779 945 1030 1014 Χοσρόης
1057 944 1114 997 δὲ
1142 940 1210 1014 ἦν
1240 947 1268 999 ὁ
1297 946 1516 1000 πάντων
1551 946 1780 1016 Περσῶν
1805 944 1899 998 ἐπὶ
1935 962 2083 1014 μιαι-

486 1037 650 1108 φονίᾳ
688 1035 976 1107 διαϐόητος
1013 1036 1192 1090 ’ἀλλά
1243 1037 1350 1106 γὰρ
1402 1033 1554 1100 οὗτος
1607 1038 1894 1091 ἀπέστειλε
1946 1038 2084 1108 πρὸς

487 1127 618 1187 τοὺς
657 1126 760 1198 τῆς
816 1126 1121 1196 συγκλήτου
1178 1127 1438 1195 λογάδας,
1492 1127 1672 1198 δηλῶν
1716 1129 1792 1192 ὼς
1841 1131 1935 1182 καὶ
1990 1129 2083 1182 τὸν

491 1215 738 1288 1πόλεμον
775 1217 1068 1284 καταλύει,
1113 1219 1205 1272 καὶ
1245 1219 1340 1273 τοῦ
1405 1220 1599 1288 νηπίου
1637 1221 1907 1291 βασιλέως
1950 1239 2086 1292 προ-

491 1307 783 1382 στήσεται,
817 1309 914 1362 καὶ
947 1309 1001 1363 ετ
1028 1326 1110 1372 τις
1147 1310 1380 1380 ἀντᾶραι
1410 1313 1601 1381 χεῖρας
1635 1311 1943 1381 πολεμικὰς
1965 1312 2084 1365 τολ-

497 1403 692 1472 μήσει,
741 1401 892 1475 πάσῃ
941 1402 1232 1473 ἀμυνεῖται
1284 1404 1535 1474 δυνάμει,
1574 1403 1668 1457 καὶ
1719 1405 1960 1474 χωρήσει
1990 1403 2084 1456 καὶ

493 1495 620 1549 κατ’
648 1495 823 1564 αὐτῆς
855 1495 958 1565 τῆς
1001 1496 1210 1560 πόλεως
1243 1499 1340 1552 σὺν
1374 1499 1452 1569 τῷ
1485 1501 1672 1570 οἰκείῳ
1716 1499 1954 1569 στρατῷ,
1989 1499 2084 1552 καὶ

491 1587 588 1644 λιιι
611 1587 819 1660 ταύτης
853 1587 1208 1659 ἀναστρέψας
1235 1591 1313 1653 είς
1356 1590 1631 1644 θάλασσαν
1667 1592 1947 1661 μϐαλεῖν.

582 1677 826 1744 Ἀκούεις
869 1676 1149 1748 βασιλέως
1204 1678 1480 1750 βαρϐάρου
1519 1680 1613 1733 καὶ
1662 1679 1957 1744 δυσσεϐοῦς
1992 1699 2082 1749 φι-

502 1769 848 1842 λανθρωπίαν
871 1786 900 1836 ς
930 1769 1176 1832 Ἀκούεις
1194 1771 1377 1840 κρίσιν
1397 1771 1638 1834 διανοίας
1664 1771 1803 1824 κατά
1827 1787 1890 1839 γε
1924 1771 2084 1824 τοῦτο

2187 587 2471 633 cessarunt
2507 577 2650 648 quod
2700 592 2824 632 cum
2858 578 3092 630 Arcadio
3134 576 3426 641 habebant,
3459 577 3552 631 sed
3594 577 3758 631 etiam
3827 613 3836 645 ί

2187 673 2252 726 ad
2295 681 2518 726 senatus
2550 668 2832 740 pricfectos
2867 670 3016 726 misit.
3061 670 3350 724 Persarum
3387 686 3478 723 rex
3510 668 3760 739 legatos;

2187 765 2461 819 Cliosroes
2510 774 2688 817 autem
2733 775 2850 816 erat
2885 777 2980 818 rex
3021 762 3135 827 ille,
3184 761 3424 815 omnium
3475 760 3761 814 Persarum

2186 856 2602 912 crudelissimus
2640 855 2904 928 habitus:
2951 855 3102 910 misit
3133 864 3316 908 tamen
3358 854 3474 922 ipse
3505 851 3569 904 ad
3609 866 3767 905 sena-

2190 957 2302 1002 tum
2358 948 2562 1018 legatos
2610 947 2704 1016 qui
2759 946 3006 1000 dicerent
3059 945 3260 1000 bellum
3318 943 3676 1000 intermittere
3716 950 3769 994 et

2190 1035 2462 1092 infantulo
2488 1040 2597 1108 regi
2633 1038 3097 1106 patrociuatnrum
3133 1053 3275 1099 esse,
3311 1053 3374 1090 ac
3405 1037 3450 1090 si
3471 1035 3594 1106 quis
3616 1048 3769 1086 arma

2195 1144 2412 1182 movere
2445 1128 2686 1191 audebit,
2715 1128 2842 1181 totis
2869 1129 3074 1183 viribus
3111 1130 3228 1182 suis
3256 1129 3499 1181 nlturmn
3533 1139 3771 1193 cumque

2193 1221 2414 1292 proprio
2460 1223 2704 1275 exercitu
2749 1227 2936 1274 contra
2969 1220 3113 1274 illam
3145 1221 3333 1272 urbem
3367 1220 3570 1271 itnrmn
3606 1225 3771 1284 atque

2194 1327 2411 1366 omnem
2473 1327 2660 1366 curam
2698 1319 3067 1382 conatumque
3112 1312 3166 1364 in
3203 1311 3256 1371 id
3301 1312 3680 1379 impcnsurum
3715 1317 3773 1357 ut

2194 1402 2314 1471 ejus
2344 1419 2528 1456 eversa
2563 1401 2913 1456 fundamenta
2946 1404 2998 1455 in
3027 1417 3175 1456 mare
3210 1401 3451 1471 dejiciat.

2123 1498 2306 1552 πᾶσαν
2340 1498 2574 1567 σπουδήν
2609 1499 2833 1570 Οήσεται
2867 1499 2959 1552 καὶ
3023 1498 3211 1566 ἀγῶνα
3241 1497 3333 1550 τοῦ
3366 1501 3460 1550 καὶ
3520 1496 3585 1547 τὰ
3615 1493 3775 1563 Οεμέ-

2266 1678 2498 1734 \'idcsne
2553 1680 2769 1734 barbari
2833 1689 2887 1733 et
2941 1678 3088 1747 impii
3149 1679 3292 1746 regis
3340 1670 3772 1730 humanitatem?

2192 1774 2421 1828 audisue
2463 1775 2658 1828 mentis
2695 1774 2747 1826 in
2778 1774 2882 1827 hoc
2908 1773 3098 1826 saltem
3120 1771 3440 1840 justissima:
3461 1772 3773 1841 judicium?

509 1859 889 1935 δικαιοτάτης;
925 1861 1038 1916 Καὶ
1070 1861 1178 1932 γὰρ
1210 1860 1399 1932 ὥσπερ
1436 1865 1463 1914 ὁ
1500 1864 1802 1935 ἐπιτρέχων
1843 1863 2082 1934 ὀρφανοῦ

2194 1864 2346 1920 Sicut
2377 1865 2519 1918 enim
2555 1866 2679 1932 quis
2717 1862 2948 1932 orphani
2999 1879 3085 1917 res
3119 1862 3346 1920 invadit.
3383 1863 3522 1915 latro
3553 1873 3604 1915 ct
3641 1877 3768 1930 rapv

510 1953 698 2018 παιδὸς
723 1953 1016 2024 πράγμασι
1077 1955 1280 2027 λῃστής
1329 1957 1446 2008 ἐστι
1483 1956 1578 2009 καὶ
1607 1957 1814 2027 ἅρπαξ,
1849 1961 1943 2013 καὶ
1988 1959 2087 2030 οὐχ

427 2101 436 2108 .
501 2044 696 2109 ἁπλῶς
724 2034 934 2115 ἄδικος,
963 2047 1107 2100 οὕτω
1129 2050 1222 2101 καὶ
1249 2050 1276 2102 ὁ
1299 2051 1582 2120 τυραννεῖν
1611 2049 1893 2122 βουληθεὶς
1915 2053 2092 2122 ὀρφα-

497 2138 592 2196 νδν
623 2137 855 2210 βασιλέα
893 2140 990 2194 καὶ
1030 2141 1224 2210 νήπιον
1275 2141 1336 2195 οὐ
1394 2143 1555 2213 μόνον
1613 2142 1774 2214 ἔργον
1819 2145 2089 2215 τυράννου

500 2233 671 2296 ποιεῖ,
701 2230 840 2284 ἀλλά
859 2230 1059 2302 λῃστοῦ
1091 2234 1185 2285 καὶ
1216 2233 1487 2305 ἅρπαγος,
1517 2236 1610 2289 καὶ
1634 2235 1857 2290 πάντων
1883 2233 2093 2305 ἀνθρώ-

495 2339 621 2376 πων
655 2321 966 2394 βιαιοτάτου
991 2339 1013 2355 ο
1056 2326 1193 2396 ὅπερ
1225 2328 1433 2390 ἐκεῖνος
1478 2328 1506 2381 ὁ
1553 2327 1832 2400 βάρϐαρος
1864 2327 2093 2383 συνιδὼν

497 2417 782 2488 βασιλεὺς,
805 2421 834 2473 ὁ
861 2420 948 2491 μή,
967 2423 1057 2474 τὸν
1088 2422 1322 2492 Χριστὸν
1344 2424 1437 2476 καὶ
1460 2423 1592 2478 Θεὸν
1611 2425 1768 2495 ήμῶν
1784 2423 2088 2494 γινώσκων,

495 2507 751 2582 ᾐσχύνθη
783 2510 910 2566 ἀντὶ
940 2513 1041 2584 τῆς
1073 2513 1360 2584 βασιλικῆς
1391 2514 1558 2568 αὐτοῦ
1597 2517 1768 2588 τιμῆς
1811 2518 1949 2590 πρὸς
1987 2518 2092 2589 ἆρ-

497 2618 680 2671 παγος
718 2604 820 2658 καὶ
862 2603 1064 2676 λῃστοῦ
1097 2606 1322 2676 ἀτιμίαν
1369 2608 1562 2663 ἑαυτὸν
1595 2611 1882 2680 ἐμϐαλεῖν,
1916 2611 2092 2680 λέγων

491 2693 618 2757 τοῖς
654 2693 794 2764 πρὸς
826 2695 989 2750 τοῦτο
1037 2695 1436 2768 διερεθίζουσιν
1467 2700 1628 2756 αὑτὸν
1661 2703 1779 2772 (καὶ
1811 2702 1921 2774 γὰρ
1949 2699 2092 2774 ἦσαν

497 2786 602 2840 καὶ
625 2787 752 2842 τότε
778 2788 966 2843 πολλοὶ
990 2791 1182 2862 μιαροὶ
1207 2792 1302 2845 καὶ
1326 2795 1522 2864 λῃσταὶ
1553 2794 1746 2861 ὅντως,
1775 2796 1912 2867 πρὸς
1935 2795 2094 2850 τοῦτο

496 2877 921 2944 ὑποκινοῦντες,
950 2880 1143 2949 ὥσπερ
1175 2885 1269 2936 καί⁵
1304 2883 1399 2937 νῦν
1429 2887 1569 2938 εἰσιν
1597 2880 1648 2940 οἳ
1673 2887 1772 2958 τήν
1800 2887 1899 2958 σήν
1930 2886 2093 2942 σύνε-

497 2983 586 3021 σιν
617 2968 759 3039 πρὸς
785 2972 946 3026 τοῦτο
986 2963 1220 3041 ὑπάγειν
1256 2977 1698 3047 σπουδάζονται),
1737 2979 1853 3033 ἀλλ’
1884 2981 2095 3043 ἐκεῖνος

496 3055 690 3126 ελεγεν
734 3056 880 3113 οὔτε.
911 3059 1102 3115 δίκαια
1132 3061 1256 3116 οὔτε
1291 3066 1642 3137 συμφέροντα
1695 3067 2092 3137 συμϐουλεύειν

493 3145 686 3219 αὒτῷ·
731 3150 793 3204 τδ
825 3151 926 3222 μὲν
959 3153 1068 3225 γὰρ
1104 3157 1435 3226 προσλαϐεῖν
1469 3159 1632 3230 τυχὸν
1680 3160 1910 3216 πλοῦτον
1938 3160 1970 3232 ἢ
2003 3162 2094 3215 δυο

2198 1966 2281 2011 ιοι·
2303 1967 2409 2021 eSI,
2443 1973 2540 2011 nec
2577 1967 2786 2011 tantum
2809 1957 3048 2026 injustus
3093 1971 3106 2010 :
3137 1955 3209 2008 ita
3243 1955 3334 2022 qui
3365 1969 3543 2024 regem
3573 1955 3779 2023 orpha-

2196 2065 2324 2104 num
2347 2058 2399 2103 et
2425 2049 3085 2118 infantulumOpprimere
3120 2047 3423 2116 proposuit,
3464 2061 3572 2100 non
3597 2046 3773 2100 solum

2198 2142 2415 2212 tyranni
2445 2157 2597 2197 more
2621 2158 2680 2197 se
2711 2143 2870 2212 gerit,
2905 2144 2996 2196 sed
3030 2149 3083 2196 et
3119 2139 3343 2193 latronis
3370 2147 3423 2192 ct
3457 2136 3779 2207 praedatoris

2195 2241 2360 2302 atque
2394 2217 2638 2288 omnium
2671 2233 3085 2299 violentissimi;
3119 2230 3266 2303 quod
3302 2231 3546 2286 sentiens
3579 2230 3778 2284 barba-

2196 2340 2289 2380 rus
2344 2325 2435 2380 ille
2488 2329 2622 2393 rexi,
2683 2324 2963 2381 Christum
3024 2335 3078 2380 et
3131 2324 3300 2379 Deum
3349 2332 3599 2377 nostrum
3653 2320 3779 2374 lirct

2198 2415 2472 2482 nesciens,
2525 2418 2745 2473 erubuit
2793 2417 3034 2488 seipsum
3093 2419 3146 2472 in
3181 2417 3410 2473 latronis
3467 2425 3522 2474 et
3571 2413 3780 2484 praeda-

2197 2508 2700 2576 toris-infamiam,
2739 2525 2859 2582 _pro
2900 2512 3048 2579 regio
3093 2509 3305 2565 honore
3337 2509 3656 2570 immittere,
3713 2507 3777 2560 iis

2187 2586 2289 2670 qui
2326 2599 2392 2653 ad
2445 2600 2497 2654 id
2539 2616 2663 2654 eum
2701 2601 3016 2656 excitabant
3055 2602 3209 2673 (tunc
3235 2601 3378 2654 cnim
3413 2609 3570 2655 erant
3611 2601 3777 2652 etiam

2196 2693 2416 2764 plurimi
2443 2695 2658 2750 scelesti
2700 2705 2753 2750 et
2805 2711 2929 2748 vero
2965 2695 3226 2757 latrones.
3267 2696 3332 2748 ad
3384 2696 3435 2748 id
3484 2710 3606 2750 eum
3651 2708 3778 2762 pro-

2198 2793 2480 2848 vocantes,
2511 2785 2653 2838 sicut
2678 2794 2730 2839 et
2760 2785 2923 2839 modo
2955 2793 3086 2839 sunt
3119 2783 3211 2854 qui
3247 2793 3397 2836 tuum
3429 2784 3671 2836 animum
3711 2782 3782 2836 ad

2198 2873 2302 2926 hoc
2340 2873 2666 2944 perpellunt)
2700 2872 2889 2929 dicens
2917 2889 3013 2928 eos
3043 2872 3144 2927 sibi
3182 2889 3278 2926 nec
3302 2873 3447 2942 jnsta
3491 2887 3591 2926 nec
3626 2871 3778 2924 utilia

2196 2965 2468 3019 suadere:
2513 2981 2750 3036 namque
2778 2966 2996 3023 divitias
3033 2976 3127 3021 aut
3167 2974 3489 3036 potestatem
3528 2963 3778 3018 obtinere

2198 3064 2433 3125 possunt.
2482 3065 2535 3110 rt
2592 3059 2719 3111 mali
2775 3059 3043 3124 homines,
3082 3074 3278 3113 nomen
3321 3072 3453 3112 vero
3479 3055 3780 3126 gloriosum

2198 3147 2300 3202 sibi
2333 3159 2786 3218 compararc,aut
2809 3151 3138 3219 aequisilum
3173 3165 3392 3206 scrvare
3415 3165 3512 3204 nec
3542 3148 3780 3218 abjicere

494 3244 760 3300 ναστείαν
801 3246 922 3301 ἐστὶ
974 3250 1068 3304 καὶ
1114 3251 1224 3307 τῶν
1268 3255 1522 3326 πονηρῶν
1575 3240 1906 3328 ἀνθρώπων,
1935 3264 1998 3314 τὸ
2031 3261 2086 3315 δὲ

2196 3242 2436 3298 virorum
2475 3253 2683 3298 tantum
2719 3255 2802 3300 est
2831 3245 3177 3314 prudentium
3215 3254 3267 3300 et
3309 3244 3564 3299 virtutem
3595 3244 3781 3297 colen-

491 3331 674 3404 ὄνομα
702 3334 917 3402 ἔνδοξον
957 3342 1290 3409 κτήσασθαι,
1321 3344 1352 3416 ἦ
1389 3346 1590 3417 κτηθὲν
1634 3348 1962 3419 διαφυλάξαι
1991 3351 2086 3406 καὶ

495 3425 578 3498 μὴ
611 3427 902 3494 ἀπολέσαι,
934 3432 1116 3503 μόνων
1165 3437 1282 3490 ἐστὶ
1318 3437 1599 3509 φρονίμων
1644 3441 1742 3496 καὶ⁴
1767 3441 1971 3514 ἀρετήν
2006 3461 2087 3496 τι-

495 3517 756 3590 μώντων,
791 3524 888 3578 καὶ
937 3524 1161 3598 μνήμην
1214 3529 1429 3600 ἀγαθήν
1485 3533 1808 3589 καταλιπεῖν
1857 3535 1936 3607 τῷ
1984 3535 2087 3610 βίῳ

493 3610 939 3702 σπουδαζόντων.
999 3618 1066 3672 Τί
1117 3620 1329 3690 λέγεις;
1381 3619 1530 3696 ’Λρα
1579 3627 1761 3694 καλῶς
1807 3628 1924 3702 ἔχει
1975 3647 2082 3693 σοι.

494 3701 695 3757 τεκνον
739 3706 894 3775 ὲμδν,
927 3708 998 3762 δι’
1024 3710 1324 3782 ἐπιθυμίαν
1376 3717 1690 3788 τυραννίδος
1732 3701 1899 3794 χείρω
1933 3725 2085 3790 γενέ-

496 3794 628 3848 σθαι
658 3797 995 3867 Χριστιανὸν
1035 3801 1166 3857 ὄντα
1199 3806 1292 3858 καὶ
1327 3807 1424 3874 τῆς
1462 3809 1674 3863 ἐκείνου
1704 3811 1862 3883 δόξης
1886 3815 2086 3888 κληροτ

491 3888 693 3960 νομίαν
734 3889 1052 3958 ἐλπίζοντα,
1097 3896 1291 3967 ἀνδρὸς
1321 3897 1600 3974 βαρϐάρου
1634 3905 1729 3958 καὶ
1783 3877 1948 3960 ἀίλέου
1978 3877 2103 3962 ’καί

496 3980 882 4054 πυρσολὼερου
911 3996 1008 4040 καὶ
1037 3987 1193 4058 ἥλιον
1237 3992 1330 4044 καὶ
1368 3993 1601 4065 σελήνην
1636 3997 1792 4062 θεοὺς
1838 4000 2087 4071 νομίζον-

491 4089 624 4142 τος;
656 4075 770 4130 Καὶ
813 4079 934 4143 πῶς
980 4081 1082 4134 οὐκ
1114 4081 1339 4150 ἄμεινον
1395 4088 1701 4159 καταδῦναι
1735 4091 1818 4155 είς
1859 4093 1962 4163 γῆν
1991 4093 2086 4150 τὸν

491 4163 644 4221 οὕτω
671 4169 975 4239 φρονοῦντα
1025 4173 1058 4244 ἢ
1099 4174 1319 4244 βλέπειν
1349 4177 1439 4231 τὸν
1464 4179 1649 4250 ῆλιον;

581 4258 747 4328 Ἐγὼ,
769 4263 961 4316 τέκνον
986 4266 1137 4334 ἐμὸν,
1159 4268 1296 4340 ὅπερ
1343 4273 1436 4324 καί¹
1480 4275 1768 4342 προλαϐὼν
1815 4277 1990 4344 εἷπον,
2023 4283 2083 4350 ἐξ

489 4352 626 4423 ὅλης
657 4361 718 4406 σε
744 4355 982 4426 φιλήσας
1002 4357 1204 4430 ψυχῆς,
1228 4361 1412 4431 φιλίαν
1436 4365 1530 4418 τοῦ
1565 4368 1877 4439 πνεύματος
1908 4375 2081 4428 καθα-

491 4445 622 4515 ρὰν,
652 4446 730 4511 ὡς
759 4454 1306 4521 χριστιανικώτατον,
1331 4456 1406 4521 ὼς
1433 4459 1796 4528 δικαιότατον,
1823 4467 1900 4530 ὡς
1928 4485 2084 4523 συνε-

2197 3335 2329 3388 tium
2361 3343 2524 3405 atque
2567 3337 2880 3390 curantium
2929 3345 2988 3390 ut
3022 3351 3134 3391 sua:
3175 3337 3296 3390 vita:
3334 3335 3529 3389 bonam
3575 3332 3774 3387 famam

2195 3426 2526 3495 relinquant.
2589 3426 2729 3493 Quid
2775 3428 2953 3482 dicis?
3005 3429 3170 3482 tibine
3215 3427 3524 3498 pulchrum,
3563 3426 3635 3480 fili
3679 3428 3773 3485 mi.

2193 3518 2264 3574 ob
2297 3520 2602 3591 tyrannidis
2659 3523 3008 3592 cupidinem,
3057 3523 3296 3593 pejorem
3336 3522 3472 3582 Iieri.
3508 3522 3776 3576 Christia-

2194 3627 2295 3668 nus
2331 3628 2454 3668 cum
2482 3615 2560 3669 sis
2589 3624 2641 3668 et
2675 3614 3113 3670 Christianorum
3156 3615 3342 3685 gloriae
3373 3614 3777 3685 possessionem

2194 3692 2404 3770 speres,
2453 3702 2676 3758 homine
2721 3705 2976 3769 barbaro,
3023 3706 3141 3760 sine
3174 3704 3475 3776 Deo,iguis
3506 3705 3776 3759 cultorem

2191 3802 2245 3847 et
2266 3794 2432 3848 solem
2458 3804 2620 3865 atque
2642 3795 2822 3850 lunam
2851 3798 2984 3851 deos
3001 3813 3121 3852 esse
3164 3797 3554 3853 existituaute?
3584 3796 3778 3853 Nonne

2193 3883 2389 3941 melius
2433 3894 2581 3940 esset
2627 3886 2680 3939 in
2722 3895 2922 3942 terram
2962 3887 3295 3944 descendere
3337 3888 3410 3942 ita
3448 3889 3774 3944 sentientem

2193 3992 2357 4047 quam
2389 3981 2558 4032 solem
2593 3979 2886 4049 aspicere?

2264 4285 2594 4356 Ego,ﬁlimi,
2634 4298 2705 4353 te,
2740 4288 2923 4357 utjam
2963 4287 3212 4358 praedixi,
3243 4297 3355 4342 toto
3400 4288 3566 4342 corde
3587 4286 3775 4356 dilige-

2193 4380 2344 4446 bam,
2391 4390 2578 4435 sancta
2628 4381 2930 4435 secundum
2977 4381 3240 4450 Spiritum
3291 4379 3606 4441 dilectione,
3653 4389 3773 4432 Ian-

2191 4486 2354 4539 quam
2409 4471 2948 4555 christianissimum,
2994 4472 3392 4542 iustissimum,
3434 4471 3776 4542 sapientissi-

489 4536 758 4605 τὼτατον,
793 4541 868 4607 ὡς
901 4546 1042 4598 κατὰ
1070 4547 1242 4600 πάντα
1284 4551 1421 4603 Θεοῦ
1453 4538 1787 4623 θεράποντα,
1818 4562 1913 4613 καὶ
1937 4562 2084 4635 αὐτῷ

2193 4579 2368 4626 mum,
2417 4563 2468 4617 in
2523 4547 2780 4619 ontnibus
2825 4563 2933 4618 Deo
2979 4567 3309 4619 servientem
3345 4566 3504 4635 eique
3528 4565 3772 4634 placendi

490 4628 755 4703 ἀρέσκειν
787 4635 1099 4702 μελετῶντα
1156 4655 1169 4667 ·
1211 4642 1450 4710 μάλιστα
1479 4662 1543 4713 γε
1587 4649 1682 4700 καὶ
1713 4650 1818 4703 om
1877 4628 2088 4710 πολλῶν

489 4718 684 4774 ἀκούω
694 4720 778 4775 ὅτι
793 4726 888 4776 καὶ
899 4728 1056 4780 νυκτὶ
1071 4731 1166 4782 καὶ
1191 4731 1375 4801 ἡμέρᾳ
1391 4733 1452 4786 οὐ
1469 4734 1660 4807 λήγεις
1683 4740 1819 4793 Θεοῦ
1832 4741 2088 4815 δεόμενος

491 4811 640 4882 ὐπὶρ
656 4812 756 4883 τῆς
774 4815 1046 4888 προτέρας
1065 4835 1159 4872 σου
1178 4823 1321 4876 κατὰ
1333 4825 1680 4894 Χριστιανῶν
1701 4811 2084 4904 ἐκστρατείας,

471 4903 592 4966 ,καὶ
617 4905 752 4958 πᾶσι
790 4909 1014 4979 τρόποις
1036 4912 1254 4985 ἐκείνης
1272 4917 1368 4986 τῆς
1388 4920 1666 4991 ἁμαρτίας
1691 4925 1885 4979 ἑαυτὸν
1919 4932 2086 4984 ἑκκα-

491 4997 711 5071 Θαίρων
757 5003 1036 5073 νηστείαις
1069 5009 1164 5059 καὶ
1210 5009 1442 5080 δάκρυσι
1479 5016 1572 5067 καὶ
1631 5019 1916 5089 συντρίψει
1951 5041 2087 5094 καρ-

486 5089 636 5186 δίαςῖ
663 5091 844 5186 ⁸ᾏλλὰ
881 5096 995 5168 γὰρ
1035 5100 1243 5172 ταύτην
1280 5103 1378 5174 τήν
1418 5108 1593 5178 καλήν
1626 5127 1719 5162 σου
1764 5089 2085 5186 προαίρεσιν

490 5183 813 5256 μανθάνων,
844 5193 942 5244 καὶ
968 5191 1070 5261 τὴν
1101 5193 1270 5265 ἄλλην
1309 5197 1535 5270 ἀρετήν,
1587 5201 1720 5271 ὅσην
1752 5183 2029 5276 διεξῆλθεν
2056 5210 2084 5260 ὁ

487 5278 675 5372 λόγος,
699 5279 978 5352 ὀλοψύχως
1003 5285 1258 5357 ἐφίλησα.
1286 5291 1395 5344 Καὶ
1417 5293 1514 5346 νῦν
1542 5294 1599 5346 δὲ
1627 5295 1726 5366 τήν
1755 5297 1922 5370 αὐτὴν
1948 5302 2084 5372 πρὸς

489 5371 552 5424 σὲ
579 5369 868 5441 διασὼζων
902 5377 1112 5448 φιλίαν,
1149 5383 1244 5434 καὶ
1278 5383 1377 5454 τήν
1412 5385 1670 5439 ἀπαίσιον
1707 5390 1802 5442 καὶ
1838 5369 2082 5463 πονηρὰν

487 5467 705 5540 ταῠτην
756 5471 1005 5536 ἀκούσας
1034 5473 1324 5552 ἀγγελίαν,
1364 5479 1464 5531 οὐκ
1513 5481 1724 5551 ἤνεγκα
1779 5485 2080 5554 σιωπῆσαι,

487 5555 632 5613 ἀλλά
655 5557 914 5634 δακρύων
955 5565 1053 5620 καὶ
1078 5569 1355 5632 στενάζων
1384 5571 1445 5624 τὸ
1472 5572 1708 5643 γράμμα
1746 5576 2075 5632 ἀπέστειλα·

487 5649 706 5723 πρῶτον
757 5655 864 5728 μὲν
915 5657 1172 5728 δεόμενος
1229 5662 1324 5715 τοῦ
1375 5659 1514 5717 Θεοῦ
1562 5667 1660 5736 τῆς
1707 5671 1803 5737 σῆς
1838 5668 2080 5737 ἅψασθαι

486 5741 738 5816 καρδίας,
767 5748 868 5804 καὶ
909 5752 1291 5822 μεταστρέψαι
1322 5754 1493 5826 αὐτὴν
1521 5758 1658 5826 πρὸς
1684 5759 1742 5810 τὺ
1781 5759 2078 5830 εὐάρεστον

493 5835 657 5895 αὐτοῦ
688 5840 787 5898 καὶ
831 5841 1128 5911 σωτήριον,
1165 5847 1257 5899 καὶ
1299 5846 1358 5899 σὲ
1411 5847 1658 5902 δεικνύον
1710 5851 2077 5924 ἀκατάκριτον

2191 4657 2534 4720 studiosum;
2577 4657 2883 4726 praesertim
2927 4672 3060 4711 vero
3103 4674 3132 4711 a
3185 4659 3434 4725 plurimis
3468 4659 3699 4712 audiens
3727 4669 3776 4710 te

2193 4761 2350 4803 nocte
2385 4765 2449 4802 ac
2500 4750 2588 4803 die
2631 4767 2738 4803 non
2777 4761 3080 4806 cessantem
3112 4753 3177 4803 ad
3223 4751 3389 4804 Deum
3427 4767 3615 4820 preces
3654 4753 3778 4804 frtu-

2190 4843 2318 4897 dcre
2367 4853 2586 4912 propter
2617 4845 2855 4909 priorem
2901 4845 3045 4898 illam
3095 4854 3241 4897 tuam
3292 4844 3560 4898 adversus
3610 4845 3776 4898 Chri-

2190 4936 2402 4990 stianos
2425 4937 2828 5004 expeditionem
2863 4947 2917 4990 et
2950 4940 3096 4992 omni
3125 4940 3309 5000 modo,
3337 4938 3563 5007 vigiliis.
3603 4940 3778 5010 lacry-

2189 5027 2295 5080 mis
2327 5034 2380 5080 et
2420 5027 2606 5080 cordis
2642 5028 2972 5082 contritione
3026 5029 3258 5098 tcipsum
3289 5029 3385 5083 illo
3421 5037 3646 5098 peccato
3676 5046 3775 5084 ex-

2188 5134 2464 5188 purgare;
2517 5135 2682 5188 quam
2748 5120 2930 5175 sciens
2987 5122 3187 5175 bonam
3234 5123 3568 5178 voluntatem
3625 5132 3771 5176 tuam

2187 5218 2350 5279 atque
2406 5219 2632 5282 caeteras
2687 5211 2914 5266 virtutes
2973 5227 3109 5280 quas
3159 5213 3523 5277 enarrabunt,
3568 5222 3619 5266 te
3658 5221 3772 5266 toto

2185 5302 2352 5355 corde
2385 5299 2715 5369 diligebam;
2748 5316 2894 5356 nunc
2927 5310 3134 5366 autem,
3183 5318 3308 5357 cum
3357 5303 3604 5358 eamdem
3639 5318 3766 5371 erga

2185 5405 2236 5449 te
2270 5394 2615 5450 dilectionem
2652 5410 2950 5460 servarem,
2992 5408 3217 5468 accepto
3263 5397 3499 5451 infausto
3526 5405 3578 5448 ct
3623 5397 3768 5450 malo

2185 5485 2277 5538 illo
2312 5486 2537 5550 nuntio,
2573 5494 2751 5541 tacere
2795 5501 2902 5539 non
2938 5487 3106 5553 valui,
3151 5487 3245 5543 scd
3286 5485 3417 5538 ﬂens
3448 5494 3501 5536 et
3540 5497 3764 5552 gemens

2185 5579 2301 5634 hac
2329 5578 2394 5633 ad
2432 5586 2482 5633 te
2509 5578 2705 5648 scripsi
2753 5595 2786 5634 :.
2811 5582 3226 5648 primoquidem
3264 5595 3290 5630 a
3326 5576 3435 5629 Deo
3467 5578 3761 5646 postulans

2182 5682 2242 5726 ut
2275 5687 2373 5726 cor
2411 5680 2565 5725 tuum
2601 5680 2786 5742 tangat
2813 5683 2866 5725 et
2913 5677 3198 5726 convertat
3226 5669 3292 5722 ad
3322 5670 3614 5722 consilium
3652 5669 3759 5724 sibi

2181 5763 2403 5829 placens
2441 5771 2495 5818 et
2545 5763 2802 5829 salutare,
2856 5763 3001 5832 quod
3057 5771 3108 5816 te
3139 5762 3672 5831 irrrprchensibilwt
3706 5771 3760 5816 et

2180 5855 2490 5911 indemnem
2518 5855 2749 5921 ciliciat;
2803 5854 2997 5910 deinde
3047 5864 3103 5909 ut
3143 5862 3268 5911 tuas
3319 5867 3479 5909 aures
3524 5852 3754 5922 aperiat,
