4178 6442
325 451 336 463 ,
445 373 515 444 55'
900 392 907 395 ·
1581 387 1885 448 NICOLAl
1924 390 2031 449 ce.

2140 391 2584 454 iTRIARCHA!
3588 406 3597 419 ‘
3651 393 3672 453 Ξ
3687 388 3720 451 6

448 509 514 550 ac
546 494 785 566 quietem
819 494 920 551 tibi
946 510 975 549 a
1008 495 1338 551 tumultibus
1368 507 1421 548 et
1450 495 1625 550 turbis
1659 495 2026 550 exterioribus

2140 500 2225 554 καὶ
2248 500 2681 570 ἀκατάγνωστον
2704 499 2919 572 θέλημα
2947 517 2961 532 ο
2994 500 3233 557 Ἔπειτα
3253 502 3310 556 δὲ
3331 501 3595 572 διινοίξαι
3626 500 3725 558 xui

445 597 666 659 praestet
703 587 775 643 ad
814 587 1083 643 audienda
1128 585 1293 642 verba
1334 602 1451 641 mea
1504 587 1842 656 suadeatque
1867 588 2027 642 tal‘em

448 681 566 737 fieri
603 680 820 752 qualem
846 695 1155 751 speramus,
1182 694 1285 735 nos
1318 680 1499 749 potius
1525 679 1837 735 audientem
1862 695 2027 750 quam

451 774 628 829 malos
687 774 827 831 istos
873 773 1126 828 homines
1171 772 1265 843 qui
1292 786 1394 826 nos
1443 769 1632 825 dolore
1665 770 1930 837 alliciunt,
1967 787 2032 827 ac

456 876 724 939 quantum
759 868 815 921 in
852 867 990 937 ipsis
1020 874 1127 933 est,
1163 879 1373 935 magnae
1412 873 1518 919 tuae
1551 862 1709 917 fama:
1737 865 1880 934 quod
1908 864 2030 934 pul-

447 960 645 1014 chrum
685 969 741 1016 et
783 960 985 1014 bonum
1017 969 1101 1015 est
1141 958 1418 1022 tollentes,
1448 958 1545 1014 sed
1582 970 1684 1012 nec
1735 968 1884 1013 tuam
1913 960 2028 1015 vir-

449 1063 620 1107 tutem
658 1053 1114 1122 pudefacientem,
1147 1066 1327 1122 neque
1356 1052 1411 1105 in
1457 1050 1563 1105 boc
1614 1051 1814 1107 saeculo
1855 1067 2033 1121 neque

452 1149 505 1199 in
540 1145 726 1201 futuro
769 1155 820 1200 te
867 1154 1083 1200 aeternae
1112 1144 1188 1198 illi
1219 1143 1506 1199 facientem
1532 1144 1830 1199 obnoxium
1872 1144 2033 1216 igno-

455 1237 641 1293 miniae
695 1245 860 1307 atque
897 1236 1151 1292 dedecori
1206 1245 1261 1291 et
1308 1236 1648 1292 ineluctabili
1705 1252 1882 1305 poena;
1909 1251 2033 1307 quae

435 1328 631 1407 inagni
664 1326 901 1385 nominis
950 1325 1152 1383 Christi
1183 1335 1238 1383 et
1282 1327 1375 1383 Del
1420 1330 1893 1399 eoutemptoribus
1933 1328 2031 1385 de-

452 1421 631 1476 betur.

516 1604 741 1661 Minime
794 1615 982 1662 autem
1046 1588 1282 1677 negabis.
1334 1606 1517 1676 magni
1574 1606 1723 1663 illius
1789 1607 2032 1664 nominis

446 1708 819 1771 contemptura
848 1714 973 1755 esse
1001 1707 1288 1769 pactorum
1335 1707 1387 1755 et
1409 1699 1851 1768 juramentorum
1897 1715 2031 1755 con-

447 1800 708 1862 temptum
735 1802 790 1847 et
812 1791 1101 1847 consilium
1126 1790 1370 1861 rapiendi
1394 1792 1545 1863 regni
1576 1792 1725 1864 quod
1769 1792 1837 1848 ad
1877 1801 2029 1847 tuum

446 1902 619 1950 genus
685 1884 833 1940 nullo
862 1885 1024 1939 modo
1085 1885 1374 1956 pertinet;
1427 1901 1494 1940 ex
1534 1886 1791 1942 omnibus
1842 1887 2026 1955 dictis,

450 1988 711 2048 tanquam
745 1978 1047 2048 spiritualis
1098 1987 1269 2047 pater,
1300 1978 1561 2035 minimus
1583 1979 1735 2043 licet,
1756 1982 2029 2051 ‘tanquam

448 2072 707 2126 Sacerdos
740 2081 793 2126 et
839 2070 1013 2126 sancti
1064 2070 1255 2125 altaris
1303 2071 1572 2138 minister,
1607 2072 1713 2127 etsi
1753 2073 2029 2144 indignus,

450 2177 708 2235 tanquam
773 2181 803 2219 a
851 2165 1058 2235 Spiritu
1107 2175 1298 2221 sancto
1339 2175 1662 2236 potestatem
1722 2166 1934 2222 habens
1968 2168 2035 2222 li-

448 2259 609 2330 gandi
644 2268 934 2330 peccantes
965 2301 980 2321 ,
1041 2274 1356 2328 quanquam
1410 2268 1760 2330 peceatorum
1822 2262 2033 2332 primus

450 2365 573 2418 ιιιξο,
615 2359 667 2405 te
699 2352 752 2404 in
792 2349 950 2406 Patre
984 2361 1039 2404 et
1076 2350 1210 2413 Filio
1237 2360 1292 2408 et
1323 2351 1529 2422 Spiritu
1563 2364 1754 2408 sancto
1780 2355 2032 2425 ligamus,

447 2454 529 2508 ut,
563 2442 607 2496 si
642 2442 772 2512 quid
808 2443 1118 2499 istiusmodi
1155 2446 1411 2500 statueris
1437 2455 1512 2511 et,
1539 2454 1598 2501 ut
1620 2448 1838 2502 advenit
1867 2447 2033 2515 fama,

447 2535 791 2606 tyrannidem
841 2535 896 2590 in
941 2536 1132 2591 urbem
1178 2536 1422 2604 aﬂ'ectes,
1467 2546 1625 2592 tuum
1652 2539 1914 2610 impetum
1947 2555 2036 2596 re-

449 2626 629 2687 frenes
672 2636 725 2683 et
747 2635 836 2682 tua
865 2629 1085 2699 propria
1115 2637 1384 2699 potestate
1414 2630 1491 2685 sis
1512 2634 1823 2698 contentas,
1846 2648 2034 2703 pacem

445 2734 667 2790 quoque
690 2725 1024 2790 praeteritam
1058 2735 1265 2785 serves,
1304 2736 1405 2778 nec
1434 2724 1736 2793 quidquam
1766 2725 2034 2780 innovare

443 2809 681 2876 audeas;
716 2812 899 2867 sciens
937 2811 1136 2881 quippe
1170 2817 1240 2877 te,
1284 2814 1329 2868 si
1378 2814 1507 2868 talia
1554 2824 1766 2884 ageres,
1802 2816 2036 2873 vinculis

445 2896 688 2968 Spiritus
733 2903 911 2957 sancti
964 2903 1445 2958 indissolubilibus
1475 2920 1570 2975 per
1625 2906 1883 2961 saeculum
1916 2921 2038 2962 esse

444 2992 937 3061 constringendam
982 3004 1036 3047 et
1082 2986 1397 3048 sanctorum
1451 3006 1615 3066 atque
1656 2998 2038 3054 immaculato.

447 3103 568 3142 rum
608 3087 992 3158 mysteriorum
1020 3090 1439 3159 participatione
1473 3091 1812 3157 arcendum;
1835 3099 2038 3146 aeterno

2133 596 2201 646 τὰ
2234 586 2372 660 ὦτα,
2401 593 2500 648 xui
2532 595 2776 665 ἠρεμίαν
2796 591 2876 665 τῷ
2905 592 3155 664 λογισμῷ
3182 598 3490 664 παρασχεῖν
3521 597 3585 648 ἐκ
3610 595 3719 647 τῶν

2135 681 2337 749 ἔξωθεν
2367 684 2615 753 θορύϐων
2654 686 2751 739 καὶ
2778 682 3036 755 ταραχῶν
3065 682 3347 738 διακοῦσαι
3380 684 3486 738 τῶν
3516 685 3718 753 ἡμετέ-

2137 793 2247 847 ρων
2282 775 2479 845 λόγων,
2535 777 2632 831 xui
2686 779 2874 831 πεῖσαι
2929 771 3040 829 οἷον
3089 773 3390 845 ἐλπίζομεν
3437 775 3720 843 γενέσθαι,

2133 867 2229 922 xui
2260 866 2496 931 ἀκοῦσαι
2525 870 2675 940 ἡμᾶς
2700 870 2822 923 ἀντὶ
2848 869 2958 922 τῶν
2988 868 3084 922 νῦν
3111 866 3368 940 πονηρῶν
3390 866 3590 935 λόγων,
3622 867 3722 920 xui

2133 961 2327 1033 ὀδύνην
2362 962 2461 1033 μὲν
2491 963 2624 1034 ἡμῖν
2658 962 3104 1033 ὲμποιησάντων,
3139 962 3198 1015 σὲ
3218 960 3275 1014 δὲ
3314 962 3440 1015 ὅσον
3470 962 3557 1030 ἐφ’
3584 963 3710 1014 ὲαυ-
3790 940 3814 963 ⁸

2133 1056 2248 1118 τοῖς
2271 1054 2433 1124 δόξης
2467 1055 2715 1127 μεγάλης
2743 1055 3147 1124 ζημιωσὰντων
3177 1053 3244 1106 τὰ
3278 1052 3420 1108 καλὰ
3451 1053 3548 1106 xui
3580 1070 3722 1122 συμ-

2136 1147 2394 1218 φέροντα,
2430 1149 2526 1203 xui
2560 1146 2637 1219 μὴ
2673 1147 3001 1219 αἰσχύνοντα
3037 1147 3137 1218 τὴν
3171 1145 3271 1218 σὴν
3317 1146 3543 1215 ἀρετὴν,
3580 1145 3720 1215 μήτε

2134 1242 2195 1295 ἒν
2224 1241 2303 1311 τῷ
2331 1240 2425 1294 νῦν
2449 1241 2609 1295 αίῶνι
2640 1244 2779 1310 μήτε
2810 1242 2868 1294 ὲν
2894 1241 2973 1310 τῷ
3003 1239 3255 1311 μέλλοντι
3304 1238 3562 1294 ποιοῦντα
3582 1238 3720 1292 6.16-

2132 1331 2282 1387 δικον
2312 1332 2536 1387 αἰωνίου
2580 1331 2799 1405 ἀδοξίας
2828 1333 2922 1386 xui
2951 1332 3197 1402 ἀτιμίας,
3230 1332 3323 1385 xui
3359 1330 3722 1403 ἀπαρηγορή-

2132 1441 2224 1477 του
2261 1424 2623 1495 κολάσεωςρἥ
2667 1427 2779 1488 τοῖς
2813 1422 3069 1478 ἀθετοῢσι
3103 1425 3162 1478 τὺ
3204 1423 3349 1494 μέγα
3398 1424 3571 1495 δνομα
3620 1418 3719 1478 τοῦ

2134 1514 2373 1587 Χριστοῦ
2398 1514 2493 1569 xui
2522 1515 2659 1569 Θεοῦ
2694 1515 2853 1586 ἡμῶν
2891 1516 3263 1586 ἐποφείλεται.

2206 1608 2431 1671 Πάντως
2455 1607 2514 1662 δὲ
2545 1607 2645 1662 οὐκ
2667 1608 3035 1678 ἀμφιϐάλλεις
3078 1610 3153 1672 ὡς
3186 1609 3446 1679 ἀθέτησις
3476 1608 3595 1662 ἐστι
3624 1607 3717 1662 τοῦ

2138 1699 2377 1771 μεγάλου
2407 1701 2674 1771 ὀνόματος
2702 1702 2735 1771 ή
2767 1700 2876 1755 τῶν
2909 1700 3220 1772 συμφώνων
3258 1701 3355 1754 xui
3393 1698 3504 1752 τῶν
3540 1699 3721 1771 ὅρκων

2136 1793 2419 1866 ἀθέτησις,
2454 1798 2550 1849 xui
2577 1794 2638 1848 τὸ
2667 1792 2995 1864 βουληωγναι
3018 1792 3267 1857 ἁρπάσαι
3304 1792 3584 1862 βασιλείαν
3620 1792 3722 1860 τὴν

2134 1887 2275 1941 κατὰ
2328 1886 2496 1957 μηδὲν
2538 1886 2618 1957 τῷ
2665 1885 2742 1956 σῷ
2774 1885 2925 1952 γένει
2965 1885 3377 1955 προσήκουσαν.
3409 1884 3537 1937 Ἐπὶ
3583 1883 3722 1935 πᾶσι

2130 1982 2243 2044 τοῖς
2273 1979 2590 2051 εἰρημένοις
2620 1980 2712 2031 xui
2747 1978 2822 2041 ὡς
2855 1976 3038 2048 πατὴρ
3083 1974 3226 2029 κατὰ
3266 1975 3508 2043 πνεῦμα,
3546 1977 3595 2027 εἰ
3627 1978 3723 2027 xui

2130 2073 2440 2144 ἐλάχιστος,
2472 2074 2565 2125 xui
2589 2072 2664 2135 ὡς
2695 2069 2876 2143 ίερεδς
2906 2072 3000 2125 xui
3022 2070 3114 2124 τοῦ
3143 2071 3298 2137 ἁγίου
3332 2067 3721 2137 θυσιαστηρίου

2136 2167 2519 2234 παραστάτης,
2572 2166 2623 2217 εί
2668 2166 2766 2217 καὶ
2814 2162 3055 2229 ἀνάξιος,
3096 2163 3193 2216 xui
3240 2160 3421 2215 λαϐὼν
3472 2158 3723 2224 ἐξουσίαν

2136 2257 2289 2328 παρὰ
2328 2257 2424 2312 τοῦ
2477 2256 2749 2326 παναγίου
2808 2255 3130 2327 Πνεύματος
3190 2252 3372 2326 δεσμῴ
3432 2253 3727 2309 ὑποϐαλεῖν

2134 2351 2262 2414 τοὺς
2319 2350 2821 2421 ἐξαμαρτάνοντας,
2854 2349 2900 2402 εί
2951 2349 3047 2402 xui
3093 2347 3315 2401 πάντων
3375 2345 3725 2417 ἁμαρτωλῶν

2137 2440 2252 2510 ἐγὼ
2282 2440 2522 2512 πρῶτος,
2553 2441 2741 2514 δεσμῷ
2788 2438 3171 2511 ὑποϐάλλομέν
3226 2457 3285 2493 σε
3317 2440 3373 2493 ἐν
3408 2440 3583 2511 Πατρί
3628 2440 3728 2492 καὶ

2138 2534 2256 2607 Υίῷ
2285 2535 2380 2588 xui
2412 2533 2554 2606 ἁγίῳ
2590 2534 2893 2607 Πνεύματι,
2938 2534 3052 2601 ἵνα,
3086 2534 3137 2587 εί
3165 2548 3219 2587 τι
3245 2531 3492 2587 τοιοῦτον
3534 2530 3728 2602 βεϐού-

2134 2628 2321 2699 λησαι,
2356 2629 2453 2680 xui
2495 2627 2569 2691 ὡς
2612 2629 2646 2700 ἠ
2698 2626 2856 2700 φήμη
2892 2626 3264 2698 προέδραμεν,
3306 2626 3401 2680 ἐπὶ
3451 2626 3728 2697 τυραννίδι

2136 2723 2276 2792 ’πρὸς
2308 2721 2406 2789 τὴν
2453 2722 2613 2775 πόλιν
2646 2720 2897 2789 διέγνως,
2949 2720 3310 2791 καταργήσῃς
3361 2720 3421 2771 τὸ
3472 2718 3729 2789 ὅρμημα,

2141 2814 2236 2867 xui
2264 2814 2403 2885 πρὸς
2433 2814 2533 2885 τὴν
2560 2813 2773 2877 οἰκείαν
2816 2812 3068 2878 ἐξουσίαν
3099 2812 3469 2886 ὑποστρέψῃς,
3504 2816 3598 2866 καὶ
3628 2814 3729 2884 τὴν

2138 2905 2199 2972 ἐξ
2225 2905 2402 2975 ἀρχῆς
2443 2907 2670 2975 εἰρήνην
2704 2903 2960 2977 στέρξῃς,
2996 2903 3092 2955 xui
3134 2902 3304 2973 μηδὲν
3331 2900 3729 2971 καινοτομῆσαι

2138 2998 2450 3070 τολμήσῃςο
2483 2995 2773 3066 γινώσκων
2806 2995 2904 3061 ὡς,
2945 2997 2993 3049 εί
3016 2994 3176 3050 τοῦτο
3208 2994 3461 3067 πράξεις,
3509 2995 3730 3057 ἁλύτοις

2142 3090 2360 3160 δεσμοῖς
2391 3090 2484 3143 τὸν
2514 3089 2694 3143 πάντα
2747 3088 2923 3143 αἰῶνα
2951 3088 3045 3143 τοῦ
3089 3088 3359 3157 παναγίου
3408 3087 3732 3157 Πνεύματος

444 3196 667 3251 quoque
722 3181 862 3236 solio
912 3191 1090 3237 tecum
1152 3185 1363 3248 aSIabo,
1428 3183 1730 3239 testificaris
1790 3199 1897 3251 me,
1940 3199 2034 3255 pro

2147 3183 2593 3255 ὑποϐεϐλημένος
2626 3182 2746 3252 ἔσῃ,
2805 3181 2903 3235 xui
2934 3180 3042 3234 τῶν
3081 3179 3247 3251 ιερῶν
3297 3181 3395 3233 καὶ
3444 3178 3732 3248 ἁχρὰντων

443 3273 590 3327 Virili
627 3281 803 3344 parte,
834 3289 941 3328 non
974 3275 1236 3336 tacuisse,
1277 3292 1451 3344 neque
1492 3277 1545 3330 in
1583 3277 1742 3330 talem
1778 3292 2034 3347 prorutum

445 3376 662 3437 pentcm
700 3368 968 3421 insaniam
1010 3379 1061 3423 te
1108 3370 1435 3438 neglexisse.
1495 3386 1672 3440 neque
1698 3379 1806 3425 tua:
1837 3371 2031 3426 salutis

447 3477 633 3515 turam
661 3462 951 3531 abiecisse,
984 3462 1077 3518 sed
1111 3478 1302 3517 omnes
1337 3471 1568 3519 conatus
1603 3464 1939 3533 impendisse
1977 3465 2031 3520 in

448 3556 760 3611 revocando
803 3567 855 3612 te
883 3565 936 3611 et
974 3572 1003 3611 a
1046 3556 1213 3611 noxio
1247 3558 1447 3612 mentis
1494 3564 1601 3612 tuae
1633 3558 1839 3628 impetu
1871 3574 2030 3613 aver-

450 3648 636 3713 tendo,
684 3664 752 3703 ne
804 3648 1080 3705 obnoxius
1134 3649 1295 3706 fieres
1339 3650 1561 3706 vinculo
1610 3660 1665 3705 et
1704 3649 2031 3706 inexorabili

451 3740 831 3807 damnationi;
885 3750 1011 3797 ante
1059 3743 1241 3798 omnia
1288 3750 1468 3797 tamen
1532 3743 1783 3813 indignas
1829 3760 2029 3815 manus

454 3846 607 3886 meas
660 3832 725 3887 ad
778 3832 974 3888 caelum
1024 3833 1246 3890 tendere
1288 3835 1402 3904 jam
1465 3850 1572 3890 non
1634 3833 1912 3901 desinam,
1968 3837 2033 3890 ad

451 3926 620 3982 Deum
658 3943 847 3996 preces
875 3926 1131 3995 fundens,
1166 3927 1340 3985 donec
1382 3928 1598 3999 justum
1640 3922 2036 3999 judicet'judi-

449 4021 597 4075 cium
625 4020 769 4076 inter
797 4031 945 4077 tuam
973 4021 1234 4092 injuriam
1266 4034 1321 4076 et
1351 4023 1549 4091 injuste
1575 4023 1755 4078 laesos.

449 4115 711 4186 οὐρανοῦ,
763 4115 1021 4185 δεόμενος
1053 4117 1155 4188 τῆς
1187 4116 1349 4181 θείας
1381 4118 1688 4190 δυνάμεως,
1740 4119 1939 4193 μέχρις
1974 4121 2041 4175 ἂν
2078 4119 2278 4191 δικάσῃ
2313 4120 2533 4175 δικαίαν
2579 4119 2763 4191 κρίσιν
2830 4117 3036 4189 μεταξὺ
3071 4116 3172 4186 τῆς
3238 4132 3296 4168 τε
3340 4108 3441 4183 σῆς
3469 4111 3736 4183 ἐπηρείας
3820 4143 3829 4150 -

452 4212 686 4268 καὶτῶν
726 4213 931 4277 ἀδίκως
964 4212 1452 4285 ἐπηρεαζομένων.

988 4352 1077 4410 γι.
1120 4355 1202 4409 Ad
1238 4358 1481 4413 eumdem

523 4486 657 4554 Qua:
701 4487 856 4557 prius
898 4487 1118 4559 scripsi,
1160 4489 1233 4544 fili
1270 4489 1381 4556 mi,
1416 4505 1729 4548 communis
1755 4493 2034 4548 Romano-

2146 3278 2468 3349 μυστηρίων
2529 3273 2916 3345 ἀκοινώνητος.
2972 3272 3084 3326 Καὶ
3141 3271 3218 3342 τῷ
3267 3271 3470 3341 αἰωνίῳ
3524 3270 3731 3340 βήματι

2146 3370 2287 3442 μετὰ
2334 3369 2429 3423 σοῦ
2483 3368 2937 3438 παραστήσομαι,
2984 3364 3290 3436 ἐξελέγχων
3344 3382 3425 3431 σε,
3463 3366 3546 3420 ὅτι
3607 3366 3733 3419 ὅσον

2140 3465 2203 3516 τὸ
2231 3461 2319 3516 ἐπ’
2355 3462 2481 3533 ἐμοὶ
2508 3463 2609 3515 οὐκ
2637 3460 2895 3531 ὲσίγησα,
2942 3458 3067 3512 οὐδὲ
3103 3459 3239 3529 πρὸς
3272 3459 3535 3530 τοιαύτην
3571 3458 3736 3530 φερὸ-

2144 3573 2307 3626 μενον
2331 3548 2564 3609 ἀτοπίαν
2594 3553 2877 3626 παρεῖδον,
2911 3553 3032 3607 οὐδὲ
3070 3552 3168 3622 τῆς
3199 3555 3297 3624 σῆς
3345 3553 3595 3624 ἠμέλησα
3628 3570 3735 3604 σω-

2141 3649 2361 3720 τηρίας,
2394 3647 2534 3703 ἁλλὰ
2567 3647 2805 3718 σπουδὴν
2836 3647 3043 3717 ἐθέμην
3075 3647 3170 3700 xui
3206 3646 3526 3714 ἀνενεγκεῖν
3553 3640 3613 3697 σε
3641 3646 3737 3698 καὶ

2141 3738 2488 3811 ἀποστρέψαι
2536 3737 2633 3793 τοῦ
2676 3739 3000 3810 ἀσυμφόρου
3051 3740 3359 3810 κινήματος
3404 3738 3507 3806 τῆς
3552 3736 3737 3807 ψυχῆς

2145 3851 2261 3900 σου,
2298 3834 2393 3887 xui
2445 3830 2538 3886 τοῦ
2613 3831 2872 3885 ὑπόδικον
2926 3831 3188 3901 γενέσθαι
3239 3833 3332 3884 xui
3384 3828 3481 3883 τοῦ
3531 3829 3736 3900 δεσμοῦ

2143 3927 2241 3981 xui
2286 3926 2381 3981 τοῦ
2421 3925 2622 3981 ἀλύτου
2658 3925 3103 3996 κατακρίματος.
3137 3925 3252 3994 Πρὸ
3300 3922 3355 3977 δὲ
3383 3922 3591 3976 τούτων
3641 3924 3739 3975 xui

2146 4021 2244 4075 νῦν
2289 4021 2388 4086 τὰς
2437 4020 2692 4085 ἀναξίους
2747 4039 2850 4092 μου
2891 4018 3085 4092 χεῖρας
3139 4019 3200 4073 οὐ
3247 4014 3593 4072 κατασπάσω
3640 4013 3738 4067 τοῦ

2728 4352 2817 4423 C,".
2852 4352 2936 4420 Τῷ
2972 4351 3155 4418 αὐτῷ.

2216 4494 2327 4548 Καὶ
2354 4492 2627 4564 πρότερον
2671 4489 2708 4545 ἃ
2741 4489 2987 4563 ἐγράφη,
3022 4464 3416 4559 τέκνον’ἐμὸν,
3464 4487 3605 4557 ὑπὲρ
3637 4487 3735 4542 τοῦ

453 4596 577 4635 rum
606 4564 1079 4652 B‘ulgarorumque
1127 4582 1381 4638 utilitatis
1407 4584 1584 4654 gratia
1626 4596 1754 4641 sunt
1782 4584 1986 4656 scripta
2020 4605 2034 4641 :

2146 4591 2302 4660 κοινῇ
2382 4588 2759 4659 συμφέροντος
2851 4578 3146 4653 Ῥωμαίων
3231 4583 3326 4637 xui
3405 4582 3737 4653 Βουλγάρων

452 4685 509 4730 et
563 4690 684 4744 quas
732 4690 879 4730 nunc
949 4674 1130 4731 scribo
1182 4676 1249 4731 ad
1299 4675 1547 4745 ejusdem
1603 4677 1833 4741 consilii,
1875 4687 2041 4748 atque

455 4768 626 4824 studii
658 4767 926 4823 rationem
961 4769 1269 4838 pertinent;
1326 4785 1415 4845 me
1445 4769 1720 4840 siquidem
1756 4786 1867 4826 non
1904 4771 2041 4842 fugit

455 4862 675 4932 utrique
705 4862 961 4932 potestati
989 4864 1317 4933 pepulisque
1344 4862 1583 4919 subditis
1614 4865 1839 4920 noxium
1887 4881 2039 4932 esse,

454 4951 720 5007 dissidere
786 4962 841 5008 et
911 4952 1111 5007 bellum
1170 4968 1395 5023 gerere;
1457 4953 1603 5025 quod
1657 4971 1746 5011 me
1808 4956 2040 5012 multum

454 5052 659 5110 movet,
725 5060 837 5100 non
892 5046 1070 5102 solum
1132 5047 1261 5116 quia
1320 5048 1493 5104 sancti
1528 5048 1722 5104 altaris
1760 5063 1906 5115 sum,
1938 5049 2038 5104 etsi

454 5140 735 5210 indignus,
787 5139 1061 5203 minister,
1110 5140 1205 5195 sed
1254 5140 1382 5209 quia
1431 5141 1596 5210 longo
1645 5146 1863 5198 miserae
1915 5143 2042 5195 vitae

457 5249 590 5289 mea:
621 5234 800 5302 spatio
830 5248 937 5288 non
969 5246 1133 5301 parce
1176 5232 1339 5287 didici
1373 5248 1439 5287 ex
1469 5234 1824 5304 antiquorum
1860 5235 2039 5289 histo-

457 5326 550 5381 riis
583 5335 639 5380 et
671 5326 739 5383 iis
760 5342 884 5396 quae
933 5327 1139 5381 nostris
1169 5328 1516 5396 temporibus
1561 5326 1704 5385 facta
1749 5338 1880 5384 sunt
1911 5328 2045 5399 quot

459 5416 597 5472 mala
630 5417 875 5474 dissidiis
908 5417 1191 5495 oriantur;
1246 5419 1508 5489 quoniam
1540 5420 1707 5490 igitur
1733 5420 1848 5476 scio
1876 5434 2043 5490 quam

465 5508 691 5564 infamia
730 5521 784 5567 et
817 5508 1188 5566 lamentabilia
1217 5512 1402 5583 generi
1438 5512 1682 5568 humano
1712 5527 1779 5567 ex
1811 5523 2041 5567 conten-

462 5601 703 5657 tionibus
720 5592 788 5658 ‘et
806 5602 1096 5660 discordiis
1132 5604 1473 5669 incumbant,
1504 5604 1626 5660 ideo
1654 5620 1804 5659 nunc
1821 5603 2043 5671 scribo;

458 5694 660 5750 durum
695 5696 895 5751 etenim
929 5697 1095 5752 unius
1130 5696 1196 5751 ad
1239 5697 1471 5752 alterum
1498 5697 1797 5762 contentio,
1841 5707 1896 5752 ct
1938 5697 2042 5752 nisi

463 5804 563 5856 pax
590 5789 699 5845 cito
729 5789 1106 5845 contentiones
1134 5789 1408 5856 conciliet,
1432 5789 1515 5844 vel
1550 5790 1638 5844 hic
1660 5790 1740 5844 vel
1770 5786 1862 5844 ille
1885 5790 2041 5845 dam-

471 5891 599 5940 ndm
623 5883 859 5955 patietur
892 5892 1240 5951 extremum;
1286 5885 1478 5941 durius
1525 5896 1705 5941 autem
1747 5885 1944 5941 domus
1976 5883 2042 5939 ad

2147 4683 2389 4753 ἐγράφη,
2424 4683 2518 4735 xui
2547 4682 2645 4735 νῦν
2677 4678 2734 4733 δὲ
2764 4677 2834 4732 τά
2861 4679 3193 4749 γραφόμενα
3222 4676 3323 4746 τῆς
3353 4674 3525 4745 αὐτῆς
3554 4675 3738 4746 ὑπάρ-

2146 4793 2233 4847 χει
2270 4775 2652 4847 προαιρέσεως
2686 4772 2781 4825 xui
2812 4770 3089 4841 σπουδῆςο
3126 4769 3329 4831 εἰδότες
3352 4769 3463 4838 γὰρ
3489 4766 3739 4837 ἀσύμφο-

2149 4885 2245 4940 ρον
2283 4866 2557 4939 ὑπάρχειν
2606 4862 2848 4935 ἑκατέρᾳ
2892 4860 3116 4933 ἐξουσίᾳ
3149 4860 3245 4915 καὶ
3291 4862 3405 4923 τοῖς
3449 4858 3543 4912 ὑπ’
3595 4859 3734 4928 αὐτῇ

2146 4959 2302 5023 λαοῖς
2350 4961 2413 5012 τὸ
2460 4956 2875 5020 διαστασιάζειν
2930 4953 3121 5009 καὶτὸ
3179 4954 3590 5024 ἁνειρήνευτον,
3641 4953 3739 5006 xui

2150 5053 2358 5123 σφόδρα
2385 5050 2486 5122 τὴν
2526 5046 2706 5120 ψυχὴν
2740 5048 2831 5103 ἐπὶ
2865 5048 3028 5102 τοῦτο
3071 5048 3444 5118 συνεχόμενοι,
3478 5045 3541 5098 οὐ
3576 5045 3738 5114 μόνον

2147 5146 2231 5198 ὅτι
2273 5144 2584 5214 λειτουργοί
2629 5140 2726 5195 τοῦ
2753 5141 2911 5210 ἁγίου
2952 5138 3370 5209 θυσιαστηρίου,
3406 5138 3455 5189 εί
3486 5136 3582 5189 xui
3636 5135 3737 5205 τῆς

2146 5234 2408 5306 τοιαύτης
2433 5234 2648 5303 ἀνάξιοι
2672 5235 3045 5305 λειτουργίας,
3071 5231 3186 5286 ἀλλ’
3211 5232 3295 5284 ὅτι
3315 5231 3410 5283 xui
3431 5228 3509 5298 τῷ
3540 5227 3738 5299 μακρῷ

2147 5333 2328 5405 χρόνῳ
2352 5335 2453 5403 τῆς
2482 5331 2836 5405 ταλαιπώρου
2868 5332 3015 5400 ζωῆς
3038 5329 3219 5402 ἡμῶν,
3246 5327 3348 5379 οὐκ
3378 5322 3570 5392 ὀλίγην
3615 5340 3740 5377 συν-

2147 5424 2455 5493 ελεξὰμεθα
2515 5425 2581 5478 ἔκ
2632 5441 2692 5477 τε
2737 5422 2846 5476 τῶν
2888 5418 3269 5492 ἱστορημένων
3314 5418 3427 5478 τοῖς
3461 5415 3737 5475 παλαιοῖς,

2150 5517 2381 5596 καὶτῶν
2428 5516 2571 5571 κατὰ
2622 5517 2748 5579 τοὺς
2795 5515 3106 5585 ἡμετέρους
3158 5509 3388 5574 καιροὺς
3434 5506 3740 5576 γεγονότων

2153 5608 2393 5680 μάθησιν
2423 5610 2532 5663 τῶν
2582 5605 3001 5678 συμϐαινόντων
3030 5603 3090 5654 ὲν
3132 5603 3201 5671 τῇ
3234 5599 3423 5652 στάσει
3458 5598 3585 5669 χαλε
3601 5598 3737 5651 πῶν.

2162 5700 2325 5754 Ἀλλὰ
2354 5700 2465 5772 γὰρ
2501 5699 2704 5757 εἰδότες
2738 5696 2808 5749 τὰ
2838 5690 3339 5763 καταλαμϐάνοντα
3367 5686 3430 5743 τὸ
3459 5690 3558 5743 ἀνθ
3570 5686 3739 5759 ρὼπι-

2152 5810 2242 5846 νον
2280 5793 2348 5845 ὲκ
2375 5789 2713 5861 φιλονεικίας
2744 5787 2838 5840 xui
2871 5783 3051 5856 ἔριδος
3093 5782 3319 5854 λυπηρὰ
3353 5781 3449 5836 xui
3490 5781 3739 5834 ἐπώδυνα

2152 5883 2479 5955 πράγματα,
2508 5882 2599 5935 xui
2626 5877 2727 5935 νῦν
2749 5880 3039 5947 γράφομεν
3059 5893 3072 5909 ο
3098 5874 3337 5947 χαλεπὸν
3352 5876 3470 5943 γὰρ
3499 5873 3592 5927 xui
3618 5872 3734 5934 évi;
