  <div class='ocr_page' id='page_1' title='image "/cluster/home/n/w/nwhite01/storage/ocr_20150623/111/coo.31924054870153/039.png"; bbox 0 0 4178 6414; ppageno 0'>
   <div class='ocr_carea' id='block_1_1' title="bbox 478 5584 509 5633">
    <p class='ocr_par' dir='ltr' id='par_1_1' title="bbox 478 5584 509 5633">
     <span class='ocr_line' id='line_1_1' title="bbox 478 5584 509 5633; baseline 0 0"><span class='ocrx_word' id='word_1_1' title='bbox 478 5584 509 5633; x_wconf 59' lang='grc' dir='ltr'><strong><em>ἆ</em></strong></span> 
     </span>
    </p>
   </div>
   <div class='ocr_carea' id='block_1_2' title="bbox 537 363 2116 427">
    <p class='ocr_par' dir='ltr' id='par_1_2' title="bbox 537 365 2116 426">
     <span class='ocr_line' id='line_1_2' title="bbox 537 365 2116 426; baseline -0.001 0"><span class='ocrx_word' id='word_1_2' title='bbox 537 365 603 426; x_wconf 71' lang='lat'><strong>50</strong></span> <span class='ocrx_word' id='word_1_3' title='bbox 1666 365 1974 425; x_wconf 80' lang='lat' dir='ltr'><strong>NICOLAI</strong></span> <span class='ocrx_word' id='word_1_4' title='bbox 2014 366 2116 425; x_wconf 70' lang='grc' dir='ltr'><strong>(ΖΡ.</strong></span> 
     </span>
    </p>
   </div>
   <div class='ocr_carea' id='block_1_3' title="bbox 2218 363 3806 427">
    <p class='ocr_par' dir='ltr' id='par_1_3' title="bbox 2218 363 3806 427">
     <span class='ocr_line' id='line_1_3' title="bbox 2218 363 3806 427; baseline 0.002 -4"><span class='ocrx_word' id='word_1_5' title='bbox 2218 363 2687 426; x_wconf 61' lang='grc' dir='ltr'><strong>ΑΤΗΙΛΒΕΗΕ</strong></span> <span class='ocrx_word' id='word_1_6' title='bbox 3729 363 3806 427; x_wconf 77' lang='grc'>60</span> 
     </span>
    </p>
   </div>
   <div class='ocr_carea' id='block_1_4' title="bbox 474 452 2116 563">
    <p class='ocr_par' dir='ltr' id='par_1_4' title="bbox 474 479 2115 563">
     <span class='ocr_line' id='line_1_4' title="bbox 474 479 2115 563; baseline 0.001 -31"><span class='ocrx_word' id='word_1_7' title='bbox 474 522 485 539; x_wconf 94' lang='lat'><strong>,</strong></span> <span class='ocrx_word' id='word_1_8' title='bbox 535 489 716 532; x_wconf 87' lang='lat' dir='ltr'><strong>autem</strong></span> <span class='ocrx_word' id='word_1_9' title='bbox 775 479 1001 535; x_wconf 82' lang='lat' dir='ltr'><strong>omnino</strong></span> <span class='ocrx_word' id='word_1_10' title='bbox 1064 494 1288 535; x_wconf 78' lang='lat' dir='ltr'><strong>necesse</strong></span> <span class='ocrx_word' id='word_1_11' title='bbox 1357 489 1486 546; x_wconf 86' lang='lat' dir='ltr'><strong>est,</strong></span> <span class='ocrx_word' id='word_1_12' title='bbox 1546 493 1773 563; x_wconf 73' lang='lat' dir='ltr'><strong>scopum</strong></span> <span class='ocrx_word' id='word_1_13' title='bbox 1847 479 2115 549; x_wconf 80' lang='lat' dir='ltr'><strong>attingere</strong></span> 
     </span>
    </p>
   </div>
   <div class='ocr_carea' id='block_1_5' title="bbox 2218 452 3806 563">
    <p class='ocr_par' dir='ltr' id='par_1_5' title="bbox 2218 474 3806 549">
     <span class='ocr_line' id='line_1_5' title="bbox 2218 474 3806 549; baseline 0 -17"><span class='ocrx_word' id='word_1_14' title='bbox 2218 474 2357 532; x_wconf 76' lang='grc' dir='ltr'>οἶδεν</span> <span class='ocrx_word' id='word_1_15' title='bbox 2414 478 2531 546; x_wconf 65' lang='grc' dir='ltr'>ὅτι,</span> <span class='ocrx_word' id='word_1_16' title='bbox 2560 478 2803 543; x_wconf 70' lang='grc' dir='ltr'>στάσεως</span> <span class='ocrx_word' id='word_1_17' title='bbox 2870 477 3187 549; x_wconf 79' lang='grc' dir='ltr'>ἀνα-μεταξύ</span> <span class='ocrx_word' id='word_1_18' title='bbox 3250 494 3413 532; x_wconf 78' lang='grc' dir='ltr'>τινων</span> <span class='ocrx_word' id='word_1_19' title='bbox 3466 477 3806 548; x_wconf 76' lang='grc' dir='ltr'>γενομένης,</span> 
     </span>
    </p>
   </div>
   <div class='ocr_carea' id='block_1_6' title="bbox 536 568 2116 643">
    <p class='ocr_par' dir='ltr' id='par_1_6' title="bbox 536 568 2116 641">
     <span class='ocr_line' id='line_1_6' title="bbox 536 568 2116 641; baseline 0 -16"><span class='ocrx_word' id='word_1_20' title='bbox 536 577 755 639; x_wconf 88' lang='lat' dir='ltr'><strong>propter</strong></span> <span class='ocrx_word' id='word_1_21' title='bbox 809 586 972 639; x_wconf 83' lang='lat' dir='ltr'><strong>quem</strong></span> <span class='ocrx_word' id='word_1_22' title='bbox 1019 572 1305 641; x_wconf 74' lang='lat' dir='ltr'><strong>sanguinis</strong></span> <span class='ocrx_word' id='word_1_23' title='bbox 1348 570 1641 625; x_wconf 69' lang='lat' dir='ltr'><strong>eﬂusionie</strong></span> <span class='ocrx_word' id='word_1_24' title='bbox 1681 584 1848 624; x_wconf 84' lang='lat' dir='ltr'><strong>causa</strong></span> <span class='ocrx_word' id='word_1_25' title='bbox 1893 568 1996 624; x_wconf 83' lang='lat' dir='ltr'><strong>fuit</strong></span> <span class='ocrx_word' id='word_1_26' title='bbox 2030 571 2116 625; x_wconf 84' lang='lat' dir='ltr'><strong>ali-</strong></span> 
     </span>
    </p>
   </div>
   <div class='ocr_carea' id='block_1_7' title="bbox 2218 568 3806 643">
    <p class='ocr_par' dir='ltr' id='par_1_7' title="bbox 2222 570 3806 643">
     <span class='ocr_line' id='line_1_7' title="bbox 2222 570 3806 643; baseline 0.001 -19"><span class='ocrx_word' id='word_1_27' title='bbox 2222 570 2441 642; x_wconf 78' lang='grc' dir='ltr'><strong>ἀνάγκη</strong></span> <span class='ocrx_word' id='word_1_28' title='bbox 2490 571 2586 625; x_wconf 80' lang='grc' dir='ltr'><strong>καὶ</strong></span> <span class='ocrx_word' id='word_1_29' title='bbox 2643 570 2857 643; x_wconf 83' lang='grc' dir='ltr'>πληγὰς</span> <span class='ocrx_word' id='word_1_30' title='bbox 2915 571 3286 641; x_wconf 85' lang='grc' dir='ltr'>ἀκολουθῆσαι</span> <span class='ocrx_word' id='word_1_31' title='bbox 3327 570 3424 624; x_wconf 80' lang='grc' dir='ltr'>καὶ</span> <span class='ocrx_word' id='word_1_32' title='bbox 3471 570 3699 638; x_wconf 72' lang='grc' dir='ltr'>φόνουςς</span> <span class='ocrx_word' id='word_1_33' title='bbox 3729 570 3806 625; x_wconf 76' lang='grc' dir='ltr'><strong>οὐ</strong></span> 
     </span>
    </p>
   </div>
   <div class='ocr_carea' id='block_1_8' title="bbox 534 660 2116 733">
    <p class='ocr_par' dir='ltr' id='par_1_8' title="bbox 534 660 2116 732">
     <span class='ocr_line' id='line_1_8' title="bbox 534 660 2116 732; baseline 0 -19"><span class='ocrx_word' id='word_1_34' title='bbox 534 661 693 730; x_wconf 89' lang='lat' dir='ltr'><strong>quis;</strong></span> <span class='ocrx_word' id='word_1_35' title='bbox 727 675 907 716; x_wconf 88' lang='lat' dir='ltr'><strong>nonne</strong></span> <span class='ocrx_word' id='word_1_36' title='bbox 928 660 1079 716; x_wconf 80' lang='lat' dir='ltr'><strong>vides</strong></span> <span class='ocrx_word' id='word_1_37' title='bbox 1114 661 1251 717; x_wconf 84' lang='lat' dir='ltr'><strong>belta</strong></span> <span class='ocrx_word' id='word_1_38' title='bbox 1284 660 1525 732; x_wconf 85' lang='lat' dir='ltr'><strong>quotidie</strong></span> <span class='ocrx_word' id='word_1_39' title='bbox 1558 660 1758 730; x_wconf 80' lang='lat' dir='ltr'><strong>gesta?</strong></span> <span class='ocrx_word' id='word_1_40' title='bbox 1784 660 1869 715; x_wconf 91' lang='lat' dir='ltr'><strong>isti</strong></span> <span class='ocrx_word' id='word_1_41' title='bbox 1898 660 2116 729; x_wconf 84' lang='lat' dir='ltr'><strong>quidem</strong></span> 
     </span>
    </p>
   </div>
   <div class='ocr_carea' id='block_1_9' title="bbox 2218 660 3806 733">
    <p class='ocr_par' dir='ltr' id='par_1_9' title="bbox 2224 660 3806 733">
     <span class='ocr_line' id='line_1_9' title="bbox 2224 660 3806 733; baseline -0.001 -17"><span class='ocrx_word' id='word_1_42' title='bbox 2224 664 2443 726; x_wconf 83' lang='grc' dir='ltr'>πάντως</span> <span class='ocrx_word' id='word_1_43' title='bbox 2474 662 2530 715; x_wconf 72' lang='grc' dir='ltr'>δὲ</span> <span class='ocrx_word' id='word_1_44' title='bbox 2564 663 2781 733; x_wconf 80' lang='grc' dir='ltr'><strong>ἀνάγκη</strong></span> <span class='ocrx_word' id='word_1_45' title='bbox 2814 663 2907 716; x_wconf 77' lang='grc' dir='ltr'>καὶ</span> <span class='ocrx_word' id='word_1_46' title='bbox 2938 662 3033 717; x_wconf 90' lang='grc' dir='ltr'><strong>τοῦ</strong></span> <span class='ocrx_word' id='word_1_47' title='bbox 3078 660 3283 716; x_wconf 76' lang='grc' dir='ltr'>σκοποῦ</span> <span class='ocrx_word' id='word_1_48' title='bbox 3337 662 3523 732; x_wconf 83' lang='grc' dir='ltr'>τυχεῖν</span> <span class='ocrx_word' id='word_1_49' title='bbox 3576 661 3806 728; x_wconf 67' lang='grc' dir='ltr'>ἐκείνον,</span> 
     </span>
    </p>
   </div>
   <div class='ocr_carea' id='block_1_10' title="bbox 536 748 2116 823">
    <p class='ocr_par' dir='ltr' id='par_1_10' title="bbox 536 751 2116 809">
     <span class='ocr_line' id='line_1_10' title="bbox 536 751 2116 809; baseline -0.001 -2"><span class='ocrx_word' id='word_1_50' title='bbox 536 751 743 807; x_wconf 80' lang='lat' dir='ltr'><strong>infesto</strong></span> <span class='ocrx_word' id='word_1_51' title='bbox 777 753 1023 808; x_wconf 78' lang='lat' dir='ltr'><strong>exercitu</strong></span> <span class='ocrx_word' id='word_1_52' title='bbox 1058 763 1253 808; x_wconf 78' lang='lat' dir='ltr'><strong>exeant</strong></span> <span class='ocrx_word' id='word_1_53' title='bbox 1283 764 1341 807; x_wconf 91' lang='lat' dir='ltr'><strong>ut</strong></span> <span class='ocrx_word' id='word_1_54' title='bbox 1380 754 1617 809; x_wconf 82' lang='lat' dir='ltr'><strong>hostium</strong></span> <span class='ocrx_word' id='word_1_55' title='bbox 1655 768 1740 808; x_wconf 86' lang='lat' dir='ltr'><strong>res</strong></span> <span class='ocrx_word' id='word_1_56' title='bbox 1789 752 2073 808; x_wconf 88' lang='lat' dir='ltr'><strong>obtineant</strong></span> <span class='ocrx_word' id='word_1_57' title='bbox 2103 769 2116 806; x_wconf 90' lang='lat'>:</span> 
     </span>
    </p>
   </div>
   <div class='ocr_carea' id='block_1_11' title="bbox 2218 748 3807 823">
    <p class='ocr_par' dir='ltr' id='par_1_11' title="bbox 2219 748 3807 823">
     <span class='ocr_line' id='line_1_11' title="bbox 2219 748 3807 823; baseline -0.001 -19"><span class='ocrx_word' id='word_1_58' title='bbox 2219 750 2287 804; x_wconf 85' lang='grc' dir='ltr'><strong>δι’</strong></span> <span class='ocrx_word' id='word_1_59' title='bbox 2313 751 2371 805; x_wconf 80' lang='grc' dir='ltr'><strong>δν</strong></span> <span class='ocrx_word' id='word_1_60' title='bbox 2402 752 2758 823; x_wconf 75' lang='grc' dir='ltr'><strong>κεκινημένος</strong></span> <span class='ocrx_word' id='word_1_61' title='bbox 2791 767 2874 813; x_wconf 91' lang='grc' dir='ltr'><strong>τις</strong></span> <span class='ocrx_word' id='word_1_62' title='bbox 2911 751 3083 813; x_wconf 82' lang='grc' dir='ltr'>αἴτιος</span> <span class='ocrx_word' id='word_1_63' title='bbox 3113 748 3328 821; x_wconf 76' lang='grc' dir='ltr'>ὑπῆρξε</span> <span class='ocrx_word' id='word_1_64' title='bbox 3353 750 3455 821; x_wconf 81' lang='grc' dir='ltr'>τῆς</span> <span class='ocrx_word' id='word_1_65' title='bbox 3484 750 3593 807; x_wconf 77' lang='grc' dir='ltr'><strong>τῶν</strong></span> <span class='ocrx_word' id='word_1_66' title='bbox 3630 749 3807 820; x_wconf 84' lang='grc' dir='ltr'>αίμά-</span> 
     </span>
    </p>
   </div>
   <div class='ocr_carea' id='block_1_12' title="bbox 537 841 2116 916">
    <p class='ocr_par' dir='ltr' id='par_1_12' title="bbox 537 843 2116 916">
     <span class='ocr_line' id='line_1_12' title="bbox 537 843 2116 916; baseline -0.001 -17"><span class='ocrx_word' id='word_1_67' title='bbox 537 843 615 899; x_wconf 88' lang='lat' dir='ltr'><strong>illi</strong></span> <span class='ocrx_word' id='word_1_68' title='bbox 666 858 797 898; x_wconf 81' lang='lat' dir='ltr'><strong>vero</strong></span> <span class='ocrx_word' id='word_1_69' title='bbox 844 846 1111 899; x_wconf 87' lang='lat' dir='ltr'><strong>adversus</strong></span> <span class='ocrx_word' id='word_1_70' title='bbox 1157 846 1381 900; x_wconf 87' lang='lat' dir='ltr'><strong>veniunt</strong></span> <span class='ocrx_word' id='word_1_71' title='bbox 1420 861 1544 901; x_wconf 87' lang='lat' dir='ltr'><strong>cum</strong></span> <span class='ocrx_word' id='word_1_72' title='bbox 1593 844 1790 916; x_wconf 69' lang='lat' dir='ltr'><strong>arquali</strong></span> <span class='ocrx_word' id='word_1_73' title='bbox 1825 845 2116 913; x_wconf 80' lang='lat' dir='ltr'><strong>cupiditate</strong></span> 
     </span>
    </p>
   </div>
   <div class='ocr_carea' id='block_1_13' title="bbox 2218 841 3806 916">
    <p class='ocr_par' dir='ltr' id='par_1_13' title="bbox 2223 841 3806 913">
     <span class='ocr_line' id='line_1_13' title="bbox 2223 841 3806 913; baseline 0 -21"><span class='ocrx_word' id='word_1_74' title='bbox 2223 857 2333 893; x_wconf 89' lang='grc' dir='ltr'><strong>των</strong></span> <span class='ocrx_word' id='word_1_75' title='bbox 2385 842 2683 911; x_wconf 68' lang='grc' dir='ltr'>ικχύσεως.</span> <span class='ocrx_word' id='word_1_76' title='bbox 2737 841 2807 894; x_wconf 83' lang='grc' dir='ltr'><strong>Ἦ</strong></span> <span class='ocrx_word' id='word_1_77' title='bbox 2861 842 2962 913; x_wconf 87' lang='grc' dir='ltr'>οὐχ</span> <span class='ocrx_word' id='word_1_78' title='bbox 3019 843 3155 912; x_wconf 78' lang='grc' dir='ltr'>ὁρᾷς</span> <span class='ocrx_word' id='word_1_79' title='bbox 3205 842 3334 905; x_wconf 78' lang='grc' dir='ltr'>τοὺς</span> <span class='ocrx_word' id='word_1_80' title='bbox 3386 841 3510 896; x_wconf 80' lang='grc' dir='ltr'>καθ’</span> <span class='ocrx_word' id='word_1_81' title='bbox 3564 842 3806 912; x_wconf 78' lang='grc' dir='ltr'>ἑκάστην</span> 
     </span>
    </p>
   </div>
   <div class='ocr_carea' id='block_1_14' title="bbox 537 931 2116 1005">
    <p class='ocr_par' dir='ltr' id='par_1_14' title="bbox 537 935 2116 1005">
     <span class='ocr_line' id='line_1_14' title="bbox 537 935 2116 1005; baseline 0.001 -18"><span class='ocrx_word' id='word_1_82' title='bbox 537 949 718 988; x_wconf 90' lang='lat' dir='ltr'><strong>rerum</strong></span> <span class='ocrx_word' id='word_1_83' title='bbox 750 935 985 990; x_wconf 88' lang='lat' dir='ltr'><strong>hostium</strong></span> <span class='ocrx_word' id='word_1_84' title='bbox 1014 936 1251 1004; x_wconf 86' lang='lat' dir='ltr'><strong>potiendi</strong></span> <span class='ocrx_word' id='word_1_85' title='bbox 1278 955 1297 993; x_wconf 74' lang='grc' dir='ltr'><strong>ι</strong></span> <span class='ocrx_word' id='word_1_86' title='bbox 1322 941 1463 992; x_wconf 85' lang='lat' dir='ltr'><strong>mala</strong></span> <span class='ocrx_word' id='word_1_87' title='bbox 1496 945 1676 991; x_wconf 85' lang='lat' dir='ltr'><strong>autem</strong></span> <span class='ocrx_word' id='word_1_88' title='bbox 1713 951 1833 1005; x_wconf 61' lang='lat' dir='ltr'><strong>quae</strong></span> <span class='ocrx_word' id='word_1_89' title='bbox 1859 936 2116 990; x_wconf 86' lang='lat' dir='ltr'><strong>accidunt</strong></span> 
     </span>
    </p>
   </div>
   <div class='ocr_carea' id='block_1_15' title="bbox 2218 931 3808 1005">
    <p class='ocr_par' dir='ltr' id='par_1_15' title="bbox 2221 931 3808 1004">
     <span class='ocr_line' id='line_1_15' title="bbox 2221 931 3808 1004; baseline 0.001 -21"><span class='ocrx_word' id='word_1_90' title='bbox 2221 932 2546 1001; x_wconf 76' lang='grc' dir='ltr'><strong>γινομένους</strong></span> <span class='ocrx_word' id='word_1_91' title='bbox 2605 932 2914 1002; x_wconf 84' lang='grc' dir='ltr'>πολέμους;</span> <span class='ocrx_word' id='word_1_92' title='bbox 2986 931 3476 1001; x_wconf 82' lang='grc' dir='ltr'>Ἐκστρατεύονται</span> <span class='ocrx_word' id='word_1_93' title='bbox 3547 933 3648 1002; x_wconf 72' lang='grc' dir='ltr'>μὶν</span> <span class='ocrx_word' id='word_1_94' title='bbox 3699 932 3808 1004; x_wconf 79' lang='grc' dir='ltr'><strong>γὰρ</strong></span> 
     </span>
    </p>
   </div>
   <div class='ocr_carea' id='block_1_16' title="bbox 539 1016 2116 1097">
    <p class='ocr_par' dir='ltr' id='par_1_16' title="bbox 539 1028 2116 1097">
     <span class='ocr_line' id='line_1_16' title="bbox 539 1028 2116 1097; baseline 0.001 -18"><span class='ocrx_word' id='word_1_95' title='bbox 539 1028 787 1097; x_wconf 84' lang='lat' dir='ltr'><strong>utrisque</strong></span> <span class='ocrx_word' id='word_1_96' title='bbox 825 1029 1113 1095; x_wconf 86' lang='lat' dir='ltr'><strong>accidunt;</strong></span> <span class='ocrx_word' id='word_1_97' title='bbox 1159 1029 1407 1097; x_wconf 85' lang='lat' dir='ltr'><strong>utrisque</strong></span> <span class='ocrx_word' id='word_1_98' title='bbox 1445 1036 1627 1084; x_wconf 90' lang='lat' dir='ltr'><strong>autem</strong></span> <span class='ocrx_word' id='word_1_99' title='bbox 1658 1030 1785 1094; x_wconf 74' lang='grc' dir='ltr'>ζιιοιι</span> <span class='ocrx_word' id='word_1_100' title='bbox 1820 1028 2116 1083; x_wconf 88' lang='lat' dir='ltr'><strong>succedunt</strong></span> 
     </span>
    </p>
   </div>
   <div class='ocr_carea' id='block_1_17' title="bbox 2218 1016 3807 1097">
    <p class='ocr_par' dir='ltr' id='par_1_17' title="bbox 2218 1016 3807 1094">
     <span class='ocr_line' id='line_1_17' title="bbox 2218 1016 3807 1094; baseline 0.001 -20"><span class='ocrx_word' id='word_1_101' title='bbox 2218 1016 2362 1076; x_wconf 71' lang='grc' dir='ltr'>οὗτοι</span> <span class='ocrx_word' id='word_1_102' title='bbox 2384 1022 2782 1093; x_wconf 77' lang='grc' dir='ltr'><strong>ἐπιθυμοῦντες</strong></span> <span class='ocrx_word' id='word_1_103' title='bbox 2803 1024 2870 1078; x_wconf 72' lang='grc' dir='ltr'>τὰ</span> <span class='ocrx_word' id='word_1_104' title='bbox 2890 1024 2999 1080; x_wconf 85' lang='grc' dir='ltr'>τῶν</span> <span class='ocrx_word' id='word_1_105' title='bbox 3031 1024 3309 1093; x_wconf 78' lang='grc' dir='ltr'>πολεμίων</span> <span class='ocrx_word' id='word_1_106' title='bbox 3330 1024 3807 1094; x_wconf 77' lang='grc' dir='ltr'>προσκτήσασθαιο</span> 
     </span>
    </p>
   </div>
   <div class='ocr_carea' id='block_1_18' title="bbox 537 1114 2116 1191">
    <p class='ocr_par' dir='ltr' id='par_1_18' title="bbox 537 1118 2116 1191">
     <span class='ocr_line' id='line_1_18' title="bbox 537 1118 2116 1191; baseline 0.001 -20"><span class='ocrx_word' id='word_1_107' title='bbox 537 1119 761 1172; x_wconf 91' lang='lat' dir='ltr'><strong>omnino</strong></span> <span class='ocrx_word' id='word_1_108' title='bbox 804 1135 893 1174; x_wconf 84' lang='lat' dir='ltr'><strong>res</strong></span> <span class='ocrx_word' id='word_1_109' title='bbox 940 1120 1242 1175; x_wconf 85' lang='lat' dir='ltr'><strong>secundum</strong></span> <span class='ocrx_word' id='word_1_110' title='bbox 1280 1136 1456 1190; x_wconf 88' lang='lat' dir='ltr'><strong>spem,</strong></span> <span class='ocrx_word' id='word_1_111' title='bbox 1512 1121 1607 1175; x_wconf 89' lang='lat' dir='ltr'><strong>sed</strong></span> <span class='ocrx_word' id='word_1_112' title='bbox 1644 1121 1722 1174; x_wconf 93' lang='lat' dir='ltr'><strong>illi</strong></span> <span class='ocrx_word' id='word_1_113' title='bbox 1752 1121 1971 1191; x_wconf 88' lang='lat' dir='ltr'><strong>quidem</strong></span> <span class='ocrx_word' id='word_1_114' title='bbox 2024 1118 2116 1172; x_wconf 75' lang='lat' dir='ltr'><strong>fal-</strong></span> 
     </span>
    </p>
   </div>
   <div class='ocr_carea' id='block_1_19' title="bbox 2218 1114 3808 1191">
    <p class='ocr_par' dir='ltr' id='par_1_19' title="bbox 2218 1114 3808 1186">
     <span class='ocr_line' id='line_1_19' title="bbox 2218 1114 3808 1186; baseline 0 -18"><span class='ocrx_word' id='word_1_115' title='bbox 2218 1114 2716 1186; x_wconf 82' lang='grc' dir='ltr'>ἀντεπεξέρχονται</span> <span class='ocrx_word' id='word_1_116' title='bbox 2745 1117 2791 1169; x_wconf 84' lang='grc' dir='ltr'>δ’</span> <span class='ocrx_word' id='word_1_117' title='bbox 2834 1118 3036 1171; x_wconf 69' lang='grc' dir='ltr'>ἐκεῖνοι</span> <span class='ocrx_word' id='word_1_118' title='bbox 3062 1118 3167 1171; x_wconf 74' lang='grc' dir='ltr'>ὑπὸ</span> <span class='ocrx_word' id='word_1_119' title='bbox 3210 1117 3310 1186; x_wconf 78' lang='grc' dir='ltr'>τῆς</span> <span class='ocrx_word' id='word_1_120' title='bbox 3338 1117 3463 1185; x_wconf 83' lang='grc' dir='ltr'>ῐσης</span> <span class='ocrx_word' id='word_1_121' title='bbox 3509 1115 3808 1186; x_wconf 69' lang='grc' dir='ltr'>ἐπιθυμίας</span> 
     </span>
    </p>
   </div>
   <div class='ocr_carea' id='block_1_20' title="bbox 538 1207 2116 1284">
    <p class='ocr_par' dir='ltr' id='par_1_20' title="bbox 538 1209 2116 1284">
     <span class='ocr_line' id='line_1_20' title="bbox 538 1209 2116 1284; baseline 0 -21"><span class='ocrx_word' id='word_1_122' title='bbox 538 1210 725 1263; x_wconf 89' lang='lat' dir='ltr'><strong>luntur</strong></span> <span class='ocrx_word' id='word_1_123' title='bbox 753 1220 808 1265; x_wconf 92' lang='lat' dir='ltr'><strong>et</strong></span> <span class='ocrx_word' id='word_1_124' title='bbox 831 1227 926 1279; x_wconf 86' lang='lat' dir='ltr'><strong>spe</strong></span> <span class='ocrx_word' id='word_1_125' title='bbox 953 1212 1174 1277; x_wconf 87' lang='lat' dir='ltr'><strong>cadunt,</strong></span> <span class='ocrx_word' id='word_1_126' title='bbox 1213 1213 1300 1266; x_wconf 85' lang='lat' dir='ltr'><strong>isti</strong></span> <span class='ocrx_word' id='word_1_127' title='bbox 1352 1228 1483 1268; x_wconf 85' lang='lat' dir='ltr'><strong>vero</strong></span> <span class='ocrx_word' id='word_1_128' title='bbox 1528 1213 1747 1284; x_wconf 86' lang='lat' dir='ltr'><strong>plenam</strong></span> <span class='ocrx_word' id='word_1_129' title='bbox 1781 1211 1966 1267; x_wconf 79' lang='lat' dir='ltr'><strong>forsan</strong></span> <span class='ocrx_word' id='word_1_130' title='bbox 1999 1209 2116 1264; x_wconf 89' lang='lat' dir='ltr'><strong>rui-</strong></span> 
     </span>
    </p>
   </div>
   <div class='ocr_carea' id='block_1_21' title="bbox 2218 1207 3802 1284">
    <p class='ocr_par' dir='ltr' id='par_1_21' title="bbox 2218 1207 3802 1279">
     <span class='ocr_line' id='line_1_21' title="bbox 2218 1207 3802 1279; baseline -0.001 -20"><span class='ocrx_word' id='word_1_131' title='bbox 2218 1207 2312 1259; x_wconf 88' lang='grc' dir='ltr'><strong>τοῦ</strong></span> <span class='ocrx_word' id='word_1_132' title='bbox 2365 1207 2434 1259; x_wconf 86' lang='grc' dir='ltr'><strong>τά</strong></span> <span class='ocrx_word' id='word_1_133' title='bbox 2459 1207 2568 1261; x_wconf 81' lang='grc' dir='ltr'>τῶν</span> <span class='ocrx_word' id='word_1_134' title='bbox 2622 1209 2901 1278; x_wconf 88' lang='grc' dir='ltr'>πολεμίων</span> <span class='ocrx_word' id='word_1_135' title='bbox 2934 1208 3143 1270; x_wconf 85' lang='grc' dir='ltr'>λαϐεῖν,</span> <span class='ocrx_word' id='word_1_136' title='bbox 3173 1210 3272 1262; x_wconf 68' lang='lat' dir='ltr'><strong>acati.</strong></span> <span class='ocrx_word' id='word_1_137' title='bbox 3299 1208 3660 1279; x_wconf 82' lang='grc' dir='ltr'>συμϐαίνουσι</span> <span class='ocrx_word' id='word_1_138' title='bbox 3701 1209 3802 1277; x_wconf 69' lang='grc' dir='ltr'>μὲν</span> 
     </span>
    </p>
   </div>
   <div class='ocr_carea' id='block_1_22' title="bbox 538 1295 2116 1368">
    <p class='ocr_par' dir='ltr' id='par_1_22' title="bbox 538 1300 1330 1359">
     <span class='ocr_line' id='line_1_22' title="bbox 538 1300 1330 1359; baseline 0.01 -8"><span class='ocrx_word' id='word_1_139' title='bbox 538 1312 663 1353; x_wconf 87' lang='lat' dir='ltr'><strong>nam</strong></span> <span class='ocrx_word' id='word_1_140' title='bbox 689 1311 741 1353; x_wconf 87' lang='lat' dir='ltr'><strong>et</strong></span> <span class='ocrx_word' id='word_1_141' title='bbox 766 1300 989 1355; x_wconf 83' lang='lat' dir='ltr'><strong>exitium</strong></span> <span class='ocrx_word' id='word_1_142' title='bbox 1020 1302 1330 1359; x_wconf 86' lang='lat' dir='ltr'><strong>incurrunt.</strong></span> 
     </span>
    </p>
   </div>
   <div class='ocr_carea' id='block_1_23' title="bbox 2218 1295 3805 1368">
    <p class='ocr_par' dir='ltr' id='par_1_23' title="bbox 2220 1295 3805 1368">
     <span class='ocr_line' id='line_1_23' title="bbox 2220 1295 3805 1368; baseline 0.001 -19"><span class='ocrx_word' id='word_1_143' title='bbox 2220 1296 2369 1366; x_wconf 89' lang='grc' dir='ltr'>πάθη</span> <span class='ocrx_word' id='word_1_144' title='bbox 2396 1298 2526 1368; x_wconf 80' lang='grc' dir='ltr'>παρ’</span> <span class='ocrx_word' id='word_1_145' title='bbox 2553 1299 2859 1368; x_wconf 78' lang='grc' dir='ltr'>ἑκατέροις,</span> <span class='ocrx_word' id='word_1_146' title='bbox 2900 1295 2991 1352; x_wconf 67' lang='grc' dir='ltr'>οἷα</span> <span class='ocrx_word' id='word_1_147' title='bbox 3031 1298 3456 1368; x_wconf 78' lang='grc' dir='ltr'>συμϐαίνουσιν,</span> <span class='ocrx_word' id='word_1_148' title='bbox 3493 1298 3553 1351; x_wconf 84' lang='grc' dir='ltr'><strong>ού</strong></span> <span class='ocrx_word' id='word_1_149' title='bbox 3586 1298 3805 1361; x_wconf 82' lang='grc' dir='ltr'>πάντως</span> 
     </span>
    </p>
   </div>
   <div class='ocr_carea' id='block_1_24' title="bbox 532 1385 3796 1466">
    <p class='ocr_par' dir='ltr' id='par_1_24' title="bbox 532 1385 3796 1466">
     <span class='ocr_line' id='line_1_24' title="bbox 532 1385 3796 1466; baseline -0.002 -23"><span class='ocrx_word' id='word_1_150' title='bbox 532 1389 596 1443; x_wconf 68' lang='lat' dir='ltr'><strong>Bk</strong></span> <span class='ocrx_word' id='word_1_151' title='bbox 634 1391 755 1445; x_wconf 88' lang='grc' dir='ltr'>κατ’</span> <span class='ocrx_word' id='word_1_152' title='bbox 792 1392 1013 1456; x_wconf 76' lang='grc' dir='ltr'><strong>ἐλπίδας</strong></span> <span class='ocrx_word' id='word_1_153' title='bbox 1035 1395 1367 1466; x_wconf 81' lang='grc' dir='ltr'>ἀμφοτέροις</span> <span class='ocrx_word' id='word_1_154' title='bbox 1402 1393 1646 1449; x_wconf 78' lang='grc' dir='ltr'>ἐκϐαίνει</span> <span class='ocrx_word' id='word_1_155' title='bbox 1675 1394 1743 1448; x_wconf 72' lang='grc' dir='ltr'><strong>τὰ</strong></span> <span class='ocrx_word' id='word_1_156' title='bbox 1781 1395 2119 1464; x_wconf 63' lang='grc' dir='ltr'>πράγματα,</span> <span class='ocrx_word' id='word_1_157' title='bbox 2154 1385 2271 1442; x_wconf 84' lang='grc' dir='ltr'>ἀλλ’</span> <span class='ocrx_word' id='word_1_158' title='bbox 2304 1388 2353 1440; x_wconf 85' lang='grc' dir='ltr'>οἱ</span> <span class='ocrx_word' id='word_1_159' title='bbox 2384 1390 2483 1458; x_wconf 83' lang='grc' dir='ltr'>μὲν</span> <span class='ocrx_word' id='word_1_160' title='bbox 2543 1389 2889 1461; x_wconf 76' lang='grc' dir='ltr'>ἐψεύσθησαν</span> <span class='ocrx_word' id='word_1_161' title='bbox 2919 1392 3013 1445; x_wconf 78' lang='grc' dir='ltr'>καὶ</span> <span class='ocrx_word' id='word_1_162' title='bbox 3050 1391 3304 1445; x_wconf 79' lang='grc' dir='ltr'>διέπεσον</span> <span class='ocrx_word' id='word_1_163' title='bbox 3366 1390 3472 1442; x_wconf 83' lang='grc' dir='ltr'><strong>τῶν</strong></span> <span class='ocrx_word' id='word_1_164' title='bbox 3537 1387 3796 1451; x_wconf 73' lang='grc' dir='ltr'>ἐλπίδων,</span> 
     </span>
    </p>
   </div>
   <div class='ocr_carea' id='block_1_25' title="bbox 534 1483 2225 1558">
    <p class='ocr_par' dir='ltr' id='par_1_25' title="bbox 534 1483 2225 1558">
     <span class='ocr_line' id='line_1_25' title="bbox 534 1483 2225 1558; baseline -0.002 -22"><span class='ocrx_word' id='word_1_165' title='bbox 534 1485 648 1547; x_wconf 76' lang='grc' dir='ltr'>τοῖς</span> <span class='ocrx_word' id='word_1_166' title='bbox 670 1483 725 1536; x_wconf 85' lang='grc' dir='ltr'>δὲ</span> <span class='ocrx_word' id='word_1_167' title='bbox 761 1486 919 1554; x_wconf 78' lang='grc' dir='ltr'>τυχὸν</span> <span class='ocrx_word' id='word_1_168' title='bbox 947 1484 1210 1541; x_wconf 78' lang='grc' dir='ltr'>συνέπεσε</span> <span class='ocrx_word' id='word_1_169' title='bbox 1247 1487 1518 1558; x_wconf 82' lang='grc' dir='ltr'>παντελὴς</span> <span class='ocrx_word' id='word_1_170' title='bbox 1564 1486 1785 1558; x_wconf 75' lang='grc' dir='ltr'>ὄλεθρος</span> <span class='ocrx_word' id='word_1_171' title='bbox 1828 1486 1922 1540; x_wconf 69' lang='grc' dir='ltr'><strong>καὶ</strong></span> <span class='ocrx_word' id='word_1_172' title='bbox 1955 1484 2225 1538; x_wconf 78' lang='grc' dir='ltr'>ἀπώλεια.</span> 
     </span>
    </p>
   </div>
   <div class='ocr_carea' id='block_1_26' title="bbox 605 1573 2117 1646">
    <p class='ocr_par' dir='ltr' id='par_1_26' title="bbox 605 1573 2117 1646">
     <span class='ocr_line' id='line_1_26' title="bbox 605 1573 2117 1646; baseline 0.001 -17"><span class='ocrx_word' id='word_1_173' title='bbox 605 1573 782 1631; x_wconf 80' lang='lat' dir='ltr'><strong>Verba</strong></span> <span class='ocrx_word' id='word_1_174' title='bbox 837 1576 1001 1645; x_wconf 72' lang='lat' dir='ltr'><strong>igitur</strong></span> <span class='ocrx_word' id='word_1_175' title='bbox 1055 1588 1238 1634; x_wconf 82' lang='lat' dir='ltr'><strong>nostra</strong></span> <span class='ocrx_word' id='word_1_176' title='bbox 1295 1597 1363 1634; x_wconf 90' lang='lat' dir='ltr'><strong>ne</strong></span> <span class='ocrx_word' id='word_1_177' title='bbox 1410 1592 1489 1646; x_wconf 92' lang='lat' dir='ltr'><strong>tu,</strong></span> <span class='ocrx_word' id='word_1_178' title='bbox 1521 1581 1618 1646; x_wconf 76' lang='lat' dir='ltr'><strong>(ili,</strong></span> <span class='ocrx_word' id='word_1_179' title='bbox 1672 1580 1982 1642; x_wconf 85' lang='lat' dir='ltr'><strong>adulteres;</strong></span> <span class='ocrx_word' id='word_1_180' title='bbox 2018 1592 2117 1631; x_wconf 88' lang='lat' dir='ltr'><strong>nec</strong></span> 
     </span>
    </p>
   </div>
   <div class='ocr_carea' id='block_1_27' title="bbox 532 1667 2120 1742">
    <p class='ocr_par' dir='ltr' id='par_1_27' title="bbox 532 1667 2120 1742">
     <span class='ocr_line' id='line_1_27' title="bbox 532 1667 2120 1742; baseline 0.001 -21"><span class='ocrx_word' id='word_1_181' title='bbox 532 1667 825 1738; x_wconf 80' lang='lat' dir='ltr'><strong>quisquam</strong></span> <span class='ocrx_word' id='word_1_182' title='bbox 873 1669 940 1723; x_wconf 90' lang='lat' dir='ltr'><strong>ad</strong></span> <span class='ocrx_word' id='word_1_183' title='bbox 976 1686 1106 1724; x_wconf 87' lang='lat' dir='ltr'><strong>suos</strong></span> <span class='ocrx_word' id='word_1_184' title='bbox 1137 1686 1333 1726; x_wconf 81' lang='lat' dir='ltr'><strong>sensus</strong></span> <span class='ocrx_word' id='word_1_185' title='bbox 1369 1688 1430 1726; x_wconf 89' lang='lat' dir='ltr'><strong>ea</strong></span> <span class='ocrx_word' id='word_1_186' title='bbox 1472 1671 1811 1742; x_wconf 79' lang='lat' dir='ltr'><strong>detorquens</strong></span> <span class='ocrx_word' id='word_1_187' title='bbox 1845 1670 2120 1723; x_wconf 81' lang='lat' dir='ltr'><strong>existimet</strong></span> 
     </span>
    </p>
   </div>
   <div class='ocr_carea' id='block_1_28' title="bbox 537 1760 2196 1850">
    <p class='ocr_par' dir='ltr' id='par_1_28' title="bbox 537 1760 2196 1850">
     <span class='ocr_line' id='line_1_28' title="bbox 537 1760 2196 1850; baseline 0.001 -37"><span class='ocrx_word' id='word_1_188' title='bbox 537 1775 637 1815; x_wconf 88' lang='lat' dir='ltr'><strong>nos</strong></span> <span class='ocrx_word' id='word_1_189' title='bbox 657 1760 840 1816; x_wconf 88' lang='lat' dir='ltr'><strong>dicere</strong></span> <span class='ocrx_word' id='word_1_190' title='bbox 884 1778 1006 1832; x_wconf 68' lang='lat' dir='ltr'><strong>qua:</strong></span> <span class='ocrx_word' id='word_1_191' title='bbox 1032 1778 1211 1833; x_wconf 89' lang='lat' dir='ltr'><strong>neque</strong></span> <span class='ocrx_word' id='word_1_192' title='bbox 1256 1764 1484 1828; x_wconf 87' lang='lat' dir='ltr'><strong>scimus,</strong></span> <span class='ocrx_word' id='word_1_193' title='bbox 1520 1780 1699 1833; x_wconf 88' lang='lat' dir='ltr'><strong>neque</strong></span> <span class='ocrx_word' id='word_1_194' title='bbox 1743 1763 2119 1833; x_wconf 78' lang='lat' dir='ltr'><strong>cogitavimus,</strong></span> <span class='ocrx_word' id='word_1_195' title='bbox 2155 1794 2196 1850; x_wconf 70' lang='grc' dir='ltr'><strong>Β</strong></span> 
     </span>
    </p>
   </div>
   <div class='ocr_carea' id='block_1_29' title="bbox 462 1854 2119 1927">
    <p class='ocr_par' dir='ltr' id='par_1_29' title="bbox 462 1854 2119 1927">
     <span class='ocr_line' id='line_1_29' title="bbox 462 1854 2119 1927; baseline 0.002 -21"><span class='ocrx_word' id='word_1_196' title='bbox 462 1882 467 1885; x_wconf 89' lang='grc'><strong>-</strong></span> <span class='ocrx_word' id='word_1_197' title='bbox 536 1867 717 1923; x_wconf 89' lang='lat' dir='ltr'><strong>neque</strong></span> <span class='ocrx_word' id='word_1_198' title='bbox 738 1854 1000 1924; x_wconf 81' lang='lat' dir='ltr'><strong>diximus,</strong></span> <span class='ocrx_word' id='word_1_199' title='bbox 1026 1872 1149 1924; x_wconf 65' lang='lat' dir='ltr'><strong>qua:</strong></span> <span class='ocrx_word' id='word_1_200' title='bbox 1185 1857 1487 1927; x_wconf 68' lang='lat' dir='ltr'><strong>praesertim</strong></span> <span class='ocrx_word' id='word_1_201' title='bbox 1523 1872 1681 1911; x_wconf 87' lang='lat' dir='ltr'><strong>nemo</strong></span> <span class='ocrx_word' id='word_1_202' title='bbox 1710 1858 1912 1911; x_wconf 84' lang='lat' dir='ltr'><strong>diceret</strong></span> <span class='ocrx_word' id='word_1_203' title='bbox 1943 1870 2119 1926; x_wconf 86' lang='lat' dir='ltr'><strong>neque</strong></span> 
     </span>
    </p>
   </div>
   <div class='ocr_carea' id='block_1_30' title="bbox 541 1946 2118 2019">
    <p class='ocr_par' dir='ltr' id='par_1_30' title="bbox 541 1946 2118 2019">
     <span class='ocr_line' id='line_1_30' title="bbox 541 1946 2118 2019; baseline 0.003 -21"><span class='ocrx_word' id='word_1_204' title='bbox 541 1946 588 1998; x_wconf 83' lang='lat' dir='ltr'><strong>si</strong></span> <span class='ocrx_word' id='word_1_205' title='bbox 631 1946 942 2002; x_wconf 90' lang='lat' dir='ltr'><strong>miserrimo</strong></span> <span class='ocrx_word' id='word_1_206' title='bbox 977 1963 1140 2003; x_wconf 76' lang='lat' dir='ltr'><strong>sensu</strong></span> <span class='ocrx_word' id='word_1_207' title='bbox 1201 1950 1507 2016; x_wconf 84' lang='lat' dir='ltr'><strong>laboraret;</strong></span> <span class='ocrx_word' id='word_1_208' title='bbox 1571 1958 1630 2003; x_wconf 93' lang='lat' dir='ltr'><strong>ut</strong></span> <span class='ocrx_word' id='word_1_209' title='bbox 1686 1949 1801 2019; x_wconf 83' lang='lat' dir='ltr'><strong>jam</strong></span> <span class='ocrx_word' id='word_1_210' title='bbox 1854 1948 2118 2013; x_wconf 86' lang='lat' dir='ltr'><strong>diximus,</strong></span> 
     </span>
    </p>
   </div>
   <div class='ocr_carea' id='block_1_31' title="bbox 538 2037 2120 2110">
    <p class='ocr_par' dir='ltr' id='par_1_31' title="bbox 538 2037 2120 2110">
     <span class='ocr_line' id='line_1_31' title="bbox 538 2037 2120 2110; baseline 0.001 -19"><span class='ocrx_word' id='word_1_211' title='bbox 538 2037 712 2092; x_wconf 92' lang='lat' dir='ltr'><strong>multo</strong></span> <span class='ocrx_word' id='word_1_212' title='bbox 744 2038 929 2093; x_wconf 91' lang='lat' dir='ltr'><strong>dolore</strong></span> <span class='ocrx_word' id='word_1_213' title='bbox 973 2040 1259 2107; x_wconf 86' lang='lat' dir='ltr'><strong>perculsus</strong></span> <span class='ocrx_word' id='word_1_214' title='bbox 1307 2057 1427 2095; x_wconf 90' lang='lat' dir='ltr'><strong>sum</strong></span> <span class='ocrx_word' id='word_1_215' title='bbox 1464 2040 1533 2095; x_wconf 89' lang='lat' dir='ltr'><strong>ob</strong></span> <span class='ocrx_word' id='word_1_216' title='bbox 1582 2040 1922 2110; x_wconf 88' lang='lat' dir='ltr'><strong>loquentium</strong></span> <span class='ocrx_word' id='word_1_217' title='bbox 1965 2039 2120 2093; x_wconf 84' lang='lat' dir='ltr'><strong>vani-</strong></span> 
     </span>
    </p>
   </div>
   <div class='ocr_carea' id='block_1_32' title="bbox 537 2129 2119 2202">
    <p class='ocr_par' dir='ltr' id='par_1_32' title="bbox 537 2129 2119 2202">
     <span class='ocr_line' id='line_1_32' title="bbox 537 2129 2119 2202; baseline 0.002 -18"><span class='ocrx_word' id='word_1_218' title='bbox 537 2129 904 2200; x_wconf 83' lang='lat' dir='ltr'><strong>loquentiam;</strong></span> <span class='ocrx_word' id='word_1_219' title='bbox 938 2138 992 2185; x_wconf 90' lang='lat' dir='ltr'><strong>et</strong></span> <span class='ocrx_word' id='word_1_220' title='bbox 1030 2133 1236 2186; x_wconf 87' lang='lat' dir='ltr'><strong>utinam</strong></span> <span class='ocrx_word' id='word_1_221' title='bbox 1283 2133 1689 2202; x_wconf 71' lang='lat' dir='ltr'><strong>vaniloquentia</strong></span> <span class='ocrx_word' id='word_1_222' title='bbox 1718 2142 1926 2186; x_wconf 92' lang='lat' dir='ltr'><strong>tantum</strong></span> <span class='ocrx_word' id='word_1_223' title='bbox 1976 2141 2119 2187; x_wconf 83' lang='lat' dir='ltr'><strong>esset</strong></span> 
     </span>
    </p>
   </div>
   <div class='ocr_carea' id='block_1_33' title="bbox 535 2217 2113 2291">
    <p class='ocr_par' dir='ltr' id='par_1_33' title="bbox 535 2217 2113 2291">
     <span class='ocr_line' id='line_1_33' title="bbox 535 2217 2113 2291; baseline 0.003 -18"><span class='ocrx_word' id='word_1_224' title='bbox 535 2217 742 2274; x_wconf 89' lang='lat' dir='ltr'><strong>dictum</strong></span> <span class='ocrx_word' id='word_1_225' title='bbox 768 2221 927 2284; x_wconf 84' lang='lat' dir='ltr'><strong>illud,</strong></span> <span class='ocrx_word' id='word_1_226' title='bbox 959 2236 1067 2276; x_wconf 91' lang='lat' dir='ltr'><strong>non</strong></span> <span class='ocrx_word' id='word_1_227' title='bbox 1099 2235 1282 2277; x_wconf 86' lang='lat' dir='ltr'><strong>autem</strong></span> <span class='ocrx_word' id='word_1_228' title='bbox 1318 2233 1523 2278; x_wconf 71' lang='lat' dir='ltr'><strong>aeterno</strong></span> <span class='ocrx_word' id='word_1_229' title='bbox 1547 2223 1756 2290; x_wconf 78' lang='lat' dir='ltr'><strong>Judicio</strong></span> <span class='ocrx_word' id='word_1_230' title='bbox 1793 2224 2113 2291; x_wconf 82' lang='lat' dir='ltr'><strong>obnoxium;</strong></span> 
     </span>
    </p>
   </div>
   <div class='ocr_carea' id='block_1_34' title="bbox 536 2309 2117 2371">
    <p class='ocr_par' dir='ltr' id='par_1_34' title="bbox 536 2309 2117 2371">
     <span class='ocr_line' id='line_1_34' title="bbox 536 2309 2117 2371; baseline 0.003 -5"><span class='ocrx_word' id='word_1_231' title='bbox 536 2310 583 2366; x_wconf 81' lang='lat' dir='ltr'><strong>si</strong></span> <span class='ocrx_word' id='word_1_232' title='bbox 616 2309 760 2365; x_wconf 91' lang='lat' dir='ltr'><strong>enim</strong></span> <span class='ocrx_word' id='word_1_233' title='bbox 793 2312 1026 2368; x_wconf 76' lang='lat' dir='ltr'><strong>otiosum</strong></span> <span class='ocrx_word' id='word_1_234' title='bbox 1061 2315 1287 2369; x_wconf 80' lang='lat' dir='ltr'><strong>verbum</strong></span> <span class='ocrx_word' id='word_1_235' title='bbox 1316 2327 1442 2371; x_wconf 82' lang='lat' dir='ltr'><strong>ante</strong></span> <span class='ocrx_word' id='word_1_236' title='bbox 1472 2316 1680 2371; x_wconf 87' lang='lat' dir='ltr'><strong>Christi</strong></span> <span class='ocrx_word' id='word_1_237' title='bbox 1718 2316 1955 2371; x_wconf 81' lang='lat' dir='ltr'><strong>tribunal</strong></span> <span class='ocrx_word' id='word_1_238' title='bbox 1982 2317 2117 2371; x_wconf 88' lang='lat' dir='ltr'><strong>irre-</strong></span> 
     </span>
    </p>
   </div>
   <div class='ocr_carea' id='block_1_35' title="bbox 536 2401 2114 2478">
    <p class='ocr_par' dir='ltr' id='par_1_35' title="bbox 536 2401 2114 2478">
     <span class='ocr_line' id='line_1_35' title="bbox 536 2401 2114 2478; baseline 0.004 -23"><span class='ocrx_word' id='word_1_239' title='bbox 536 2401 902 2470; x_wconf 77' lang='lat' dir='ltr'><strong>prebcnsibile</strong></span> <span class='ocrx_word' id='word_1_240' title='bbox 949 2420 1055 2459; x_wconf 91' lang='lat' dir='ltr'><strong>non</strong></span> <span class='ocrx_word' id='word_1_241' title='bbox 1107 2405 1251 2470; x_wconf 89' lang='lat' dir='ltr'><strong>erit,</strong></span> <span class='ocrx_word' id='word_1_242' title='bbox 1312 2417 1517 2476; x_wconf 88' lang='lat' dir='ltr'><strong>quanto</strong></span> <span class='ocrx_word' id='word_1_243' title='bbox 1579 2408 1751 2478; x_wconf 79' lang='lat' dir='ltr'><strong>magis</strong></span> <span class='ocrx_word' id='word_1_244' title='bbox 1807 2407 2114 2461; x_wconf 89' lang='lat' dir='ltr'><strong>istiusmodi</strong></span> 
     </span>
    </p>
   </div>
   <div class='ocr_carea' id='block_1_36' title="bbox 533 2491 2114 2566">
    <p class='ocr_par' dir='ltr' id='par_1_36' title="bbox 533 2491 2114 2566">
     <span class='ocr_line' id='line_1_36' title="bbox 533 2491 2114 2566; baseline 0.004 -21"><span class='ocrx_word' id='word_1_245' title='bbox 533 2491 845 2547; x_wconf 81' lang='lat' dir='ltr'><strong>calumnia!</strong></span> <span class='ocrx_word' id='word_1_246' title='bbox 901 2495 957 2549; x_wconf 90' lang='lat' dir='ltr'><strong>Si</strong></span> <span class='ocrx_word' id='word_1_247' title='bbox 991 2511 1119 2551; x_wconf 88' lang='lat' dir='ltr'><strong>vero</strong></span> <span class='ocrx_word' id='word_1_248' title='bbox 1143 2496 1236 2566; x_wconf 86' lang='lat' dir='ltr'><strong>qui</strong></span> <span class='ocrx_word' id='word_1_249' title='bbox 1275 2499 1553 2565; x_wconf 77' lang='lat' dir='ltr'><strong>dixerunt</strong></span> <span class='ocrx_word' id='word_1_250' title='bbox 1581 2516 1613 2553; x_wconf 78' lang='grc' dir='ltr'><strong>υ</strong></span> <span class='ocrx_word' id='word_1_251' title='bbox 1656 2515 1758 2555; x_wconf 90' lang='lat' dir='ltr'><strong>suo</strong></span> <span class='ocrx_word' id='word_1_252' title='bbox 1789 2500 1961 2554; x_wconf 89' lang='lat' dir='ltr'><strong>corde</strong></span> <span class='ocrx_word' id='word_1_253' title='bbox 1989 2500 2114 2553; x_wconf 89' lang='lat' dir='ltr'><strong>talia</strong></span> 
     </span>
    </p>
   </div>
   <div class='ocr_carea' id='block_1_37' title="bbox 535 2585 2117 2660">
    <p class='ocr_par' dir='ltr' id='par_1_37' title="bbox 535 2585 2117 2660">
     <span class='ocr_line' id='line_1_37' title="bbox 535 2585 2117 2660; baseline 0.006 -23"><span class='ocrx_word' id='word_1_254' title='bbox 535 2585 898 2654; x_wconf 82' lang='lat' dir='ltr'><strong>prclulcrnnt,</strong></span> <span class='ocrx_word' id='word_1_255' title='bbox 945 2604 1068 2651; x_wconf 70' lang='lat' dir='ltr'><strong>non,</strong></span> <span class='ocrx_word' id='word_1_256' title='bbox 1094 2589 1166 2644; x_wconf 88' lang='lat' dir='ltr'><strong>ita</strong></span> <span class='ocrx_word' id='word_1_257' title='bbox 1212 2606 1298 2646; x_wconf 89' lang='lat' dir='ltr'><strong>me</strong></span> <span class='ocrx_word' id='word_1_258' title='bbox 1329 2591 1614 2660; x_wconf 73' lang='lat' dir='ltr'><strong>afﬂigunt,</strong></span> <span class='ocrx_word' id='word_1_259' title='bbox 1664 2593 1789 2647; x_wconf 83' lang='lat' dir='ltr'><strong>licet</strong></span> <span class='ocrx_word' id='word_1_260' title='bbox 1831 2593 1987 2647; x_wconf 91' lang='lat' dir='ltr'><strong>triste</strong></span> <span class='ocrx_word' id='word_1_261' title='bbox 2034 2591 2117 2646; x_wconf 93' lang='lat' dir='ltr'><strong>di-</strong></span> 
     </span>
    </p>
   </div>
   <div class='ocr_carea' id='block_1_38' title="bbox 534 2679 2117 2752">
    <p class='ocr_par' dir='ltr' id='par_1_38' title="bbox 534 2679 2117 2752">
     <span class='ocr_line' id='line_1_38' title="bbox 534 2679 2117 2752; baseline 0.005 -23"><span class='ocrx_word' id='word_1_262' title='bbox 534 2684 681 2729; x_wconf 83' lang='lat' dir='ltr'><strong>ctum</strong></span> <span class='ocrx_word' id='word_1_263' title='bbox 712 2693 728 2744; x_wconf 92' lang='lat'><strong>;</strong></span> <span class='ocrx_word' id='word_1_264' title='bbox 771 2692 935 2733; x_wconf 90' lang='lat' dir='ltr'><strong>sensu</strong></span> <span class='ocrx_word' id='word_1_265' title='bbox 968 2679 1237 2749; x_wconf 84' lang='lat' dir='ltr'><strong>siquidem</strong></span> <span class='ocrx_word' id='word_1_266' title='bbox 1272 2683 1593 2752; x_wconf 80' lang='lat' dir='ltr'><strong>imperfecto</strong></span> <span class='ocrx_word' id='word_1_267' title='bbox 1629 2692 1683 2737; x_wconf 90' lang='lat' dir='ltr'><strong>et</strong></span> <span class='ocrx_word' id='word_1_268' title='bbox 1714 2683 1979 2748; x_wconf 89' lang='lat' dir='ltr'><strong>obscuro,</strong></span> <span class='ocrx_word' id='word_1_269' title='bbox 2023 2699 2117 2737; x_wconf 77' lang='lat' dir='ltr'><strong>ve-</strong></span> 
     </span>
    </p>
   </div>
   <div class='ocr_carea' id='block_1_39' title="bbox 534 2759 2116 2842">
    <p class='ocr_par' dir='ltr' id='par_1_39' title="bbox 534 2759 2116 2842">
     <span class='ocr_line' id='line_1_39' title="bbox 534 2759 2116 2842; baseline 0.006 -25"><span class='ocrx_word' id='word_1_270' title='bbox 534 2763 761 2820; x_wconf 91' lang='lat' dir='ltr'><strong>risimile</strong></span> <span class='ocrx_word' id='word_1_271' title='bbox 801 2776 884 2821; x_wconf 86' lang='lat' dir='ltr'><strong>est</strong></span> <span class='ocrx_word' id='word_1_272' title='bbox 926 2783 1114 2823; x_wconf 88' lang='lat' dir='ltr'><strong>errore</strong></span> <span class='ocrx_word' id='word_1_273' title='bbox 1160 2759 1419 2840; x_wconf 38' lang='lat' dir='ltr'><strong>plena-et</strong></span> <span class='ocrx_word' id='word_1_274' title='bbox 1474 2771 1785 2841; x_wconf 79' lang='lat' dir='ltr'><strong>imperfecta</strong></span> <span class='ocrx_word' id='word_1_275' title='bbox 1830 2771 2116 2842; x_wconf 81' lang='lat' dir='ltr'><strong>cogitanda</strong></span> 
     </span>
    </p>
   </div>
   <div class='ocr_carea' id='block_1_40' title="bbox 532 2858 2118 2934">
    <p class='ocr_par' dir='ltr' id='par_1_40' title="bbox 532 2858 2118 2934">
     <span class='ocr_line' id='line_1_40' title="bbox 532 2858 2118 2934; baseline 0.006 -25"><span class='ocrx_word' id='word_1_276' title='bbox 532 2871 654 2911; x_wconf 89' lang='lat' dir='ltr'><strong>esse</strong></span> <span class='ocrx_word' id='word_1_277' title='bbox 682 2867 735 2910; x_wconf 90' lang='lat' dir='ltr'><strong>et</strong></span> <span class='ocrx_word' id='word_1_278' title='bbox 766 2858 1028 2927; x_wconf 89' lang='lat' dir='ltr'><strong>dicenda;</strong></span> <span class='ocrx_word' id='word_1_279' title='bbox 1063 2861 1107 2915; x_wconf 91' lang='lat' dir='ltr'><strong>si</strong></span> <span class='ocrx_word' id='word_1_280' title='bbox 1137 2877 1265 2918; x_wconf 87' lang='lat' dir='ltr'><strong>vero</strong></span> <span class='ocrx_word' id='word_1_281' title='bbox 1298 2871 1401 2917; x_wconf 75' lang='lat' dir='ltr'><strong>tuze</strong></span> <span class='ocrx_word' id='word_1_282' title='bbox 1423 2863 1841 2934; x_wconf 74' lang='lat' dir='ltr'><strong>sapientissime</strong></span> <span class='ocrx_word' id='word_1_283' title='bbox 1866 2878 1930 2918; x_wconf 89' lang='lat' dir='ltr'><strong>ac</strong></span> <span class='ocrx_word' id='word_1_284' title='bbox 1960 2864 2118 2918; x_wconf 82' lang='lat' dir='ltr'><strong>valde</strong></span> 
     </span>
    </p>
   </div>
   <div class='ocr_carea' id='block_1_41' title="bbox 536 2948 2117 3026">
    <p class='ocr_par' dir='ltr' id='par_1_41' title="bbox 536 2948 2117 3026">
     <span class='ocr_line' id='line_1_41' title="bbox 536 2948 2117 3026; baseline 0.008 -25"><span class='ocrx_word' id='word_1_285' title='bbox 536 2948 871 3006; x_wconf 79' lang='lat' dir='ltr'><strong>honorabilis</strong></span> <span class='ocrx_word' id='word_1_286' title='bbox 901 2952 1206 3022; x_wconf 73' lang='lat' dir='ltr'><strong>maiestatis</strong></span> <span class='ocrx_word' id='word_1_287' title='bbox 1246 2963 1330 3009; x_wconf 89' lang='lat' dir='ltr'><strong>est</strong></span> <span class='ocrx_word' id='word_1_288' title='bbox 1355 2955 1537 3020; x_wconf 67' lang='lat' dir='ltr'><strong>foetus,</strong></span> <span class='ocrx_word' id='word_1_289' title='bbox 1572 2957 1728 3012; x_wconf 90' lang='lat' dir='ltr'><strong>nobis</strong></span> <span class='ocrx_word' id='word_1_290' title='bbox 1759 2967 1945 3026; x_wconf 86' lang='lat' dir='ltr'><strong>pareat</strong></span> <span class='ocrx_word' id='word_1_291' title='bbox 1977 2956 2117 3013; x_wconf 87' lang='lat' dir='ltr'><strong>Deus</strong></span> 
     </span>
    </p>
   </div>
   <div class='ocr_carea' id='block_1_42' title="bbox 534 3042 2114 3118">
    <p class='ocr_par' dir='ltr' id='par_1_42' title="bbox 534 3042 2114 3118">
     <span class='ocr_line' id='line_1_42' title="bbox 534 3042 2114 3118; baseline 0.007 -26"><span class='ocrx_word' id='word_1_292' title='bbox 534 3049 719 3092; x_wconf 89' lang='lat' dir='ltr'><strong>noster</strong></span> <span class='ocrx_word' id='word_1_293' title='bbox 748 3049 848 3093; x_wconf 88' lang='lat' dir='ltr'><strong>eta</strong></span> <span class='ocrx_word' id='word_1_294' title='bbox 880 3042 1151 3097; x_wconf 84' lang='lat' dir='ltr'><strong>calumnia</strong></span> <span class='ocrx_word' id='word_1_295' title='bbox 1184 3043 1393 3108; x_wconf 87' lang='lat' dir='ltr'><strong>liberet,</strong></span> <span class='ocrx_word' id='word_1_296' title='bbox 1429 3044 1521 3099; x_wconf 89' lang='lat' dir='ltr'><strong>tibi</strong></span> <span class='ocrx_word' id='word_1_297' title='bbox 1550 3053 1729 3100; x_wconf 86' lang='lat' dir='ltr'><strong>autem</strong></span> <span class='ocrx_word' id='word_1_298' title='bbox 1756 3046 1826 3100; x_wconf 91' lang='lat' dir='ltr'><strong>sit</strong></span> <span class='ocrx_word' id='word_1_299' title='bbox 1849 3046 2114 3118; x_wconf 79' lang='lat' dir='ltr'><strong>benignus</strong></span> 
     </span>
    </p>
   </div>
   <div class='ocr_carea' id='block_1_43' title="bbox 2295 1571 3807 1645">
    <p class='ocr_par' dir='ltr' id='par_1_43' title="bbox 2295 1571 3807 1645">
     <span class='ocr_line' id='line_1_43' title="bbox 2295 1571 3807 1645; baseline -0.001 -20"><span class='ocrx_word' id='word_1_300' title='bbox 2295 1572 2386 1643; x_wconf 75' lang='grc' dir='ltr'><strong>Μὴ</strong></span> <span class='ocrx_word' id='word_1_301' title='bbox 2406 1571 2498 1627; x_wconf 82' lang='grc' dir='ltr'><strong>οῦν</strong></span> <span class='ocrx_word' id='word_1_302' title='bbox 2530 1573 2621 1627; x_wconf 63' lang='grc' dir='ltr'>τὶν</span> <span class='ocrx_word' id='word_1_303' title='bbox 2651 1574 2921 1645; x_wconf 76' lang='grc' dir='ltr'>ἡμέτερον</span> <span class='ocrx_word' id='word_1_304' title='bbox 2942 1574 3098 1645; x_wconf 86' lang='grc' dir='ltr'>λόγον</span> <span class='ocrx_word' id='word_1_305' title='bbox 3129 1577 3268 1645; x_wconf 76' lang='grc' dir='ltr'>μήτε</span> <span class='ocrx_word' id='word_1_306' title='bbox 3298 1575 3384 1638; x_wconf 82' lang='grc' dir='ltr'>σὺ,</span> <span class='ocrx_word' id='word_1_307' title='bbox 3406 1574 3594 1626; x_wconf 88' lang='grc' dir='ltr'>τέκνον</span> <span class='ocrx_word' id='word_1_308' title='bbox 3627 1572 3807 1642; x_wconf 69' lang='grc' dir='ltr'><strong>ήμῶνν</strong></span> 
     </span>
    </p>
   </div>
   <div class='ocr_carea' id='block_1_44' title="bbox 2226 1665 3810 1738">
    <p class='ocr_par' dir='ltr' id='par_1_44' title="bbox 2226 1665 3810 1738">
     <span class='ocr_line' id='line_1_44' title="bbox 2226 1665 3810 1738; baseline -0.001 -20"><span class='ocrx_word' id='word_1_309' title='bbox 2226 1666 2560 1736; x_wconf 78' lang='grc' dir='ltr'>ὲπηρεάζης,</span> <span class='ocrx_word' id='word_1_310' title='bbox 2594 1669 2730 1738; x_wconf 70' lang='grc' dir='ltr'>μήτε</span> <span class='ocrx_word' id='word_1_311' title='bbox 2788 1685 2871 1732; x_wconf 88' lang='grc' dir='ltr'><strong>τις</strong></span> <span class='ocrx_word' id='word_1_312' title='bbox 2905 1669 3083 1734; x_wconf 77' lang='grc' dir='ltr'>ἀλλος,</span> <span class='ocrx_word' id='word_1_313' title='bbox 3140 1668 3274 1738; x_wconf 70' lang='grc' dir='ltr'>πρὸς</span> <span class='ocrx_word' id='word_1_314' title='bbox 3317 1667 3377 1720; x_wconf 84' lang='grc' dir='ltr'>τὸ</span> <span class='ocrx_word' id='word_1_315' title='bbox 3408 1668 3607 1719; x_wconf 73' lang='grc' dir='ltr'>οἰκεῖον</span> <span class='ocrx_word' id='word_1_316' title='bbox 3643 1665 3810 1719; x_wconf 78' lang='grc' dir='ltr'>αὑτὸν</span> 
     </span>
    </p>
   </div>
   <div class='ocr_carea' id='block_1_45' title="bbox 2226 1757 3811 1830">
    <p class='ocr_par' dir='ltr' id='par_1_45' title="bbox 2226 1757 3811 1830">
     <span class='ocr_line' id='line_1_45' title="bbox 2226 1757 3811 1830; baseline 0 -20"><span class='ocrx_word' id='word_1_317' title='bbox 2226 1759 2569 1828; x_wconf 80' lang='grc' dir='ltr'>διαστρέφων</span> <span class='ocrx_word' id='word_1_318' title='bbox 2593 1758 2865 1830; x_wconf 85' lang='grc' dir='ltr'>βούλημα,</span> <span class='ocrx_word' id='word_1_319' title='bbox 2922 1758 3357 1829; x_wconf 84' lang='grc' dir='ltr'>ὑπολαμϐανέτω</span> <span class='ocrx_word' id='word_1_320' title='bbox 3393 1758 3574 1825; x_wconf 88' lang='grc' dir='ltr'>λέγειν</span> <span class='ocrx_word' id='word_1_321' title='bbox 3608 1759 3754 1828; x_wconf 80' lang='grc' dir='ltr'>ἡμᾶς</span> <span class='ocrx_word' id='word_1_322' title='bbox 3780 1757 3811 1811; x_wconf 80' lang='grc' dir='ltr'><strong>ὃ</strong></span> 
     </span>
    </p>
   </div>
   <div class='ocr_carea' id='block_1_46' title="bbox 2225 1849 3807 1922">
    <p class='ocr_par' dir='ltr' id='par_1_46' title="bbox 2225 1849 3807 1922">
     <span class='ocr_line' id='line_1_46' title="bbox 2225 1849 3807 1922; baseline -0.002 -19"><span class='ocrx_word' id='word_1_323' title='bbox 2225 1851 2362 1919; x_wconf 78' lang='grc' dir='ltr'>μήτε</span> <span class='ocrx_word' id='word_1_324' title='bbox 2409 1851 2590 1919; x_wconf 84' lang='grc' dir='ltr'>ίσμεν,</span> <span class='ocrx_word' id='word_1_325' title='bbox 2629 1850 2764 1920; x_wconf 83' lang='grc' dir='ltr'>μήτε</span> <span class='ocrx_word' id='word_1_326' title='bbox 2829 1851 3210 1922; x_wconf 80' lang='grc' dir='ltr'>διενοήθημεν,</span> <span class='ocrx_word' id='word_1_327' title='bbox 3268 1849 3403 1921; x_wconf 81' lang='grc' dir='ltr'>μήτε</span> <span class='ocrx_word' id='word_1_328' title='bbox 3459 1849 3807 1920; x_wconf 65' lang='grc' dir='ltr'>εἰρήκαμεν·</span> 
     </span>
    </p>
   </div>
   <div class='ocr_carea' id='block_1_47' title="bbox 2223 1940 3809 2015">
    <p class='ocr_par' dir='ltr' id='par_1_47' title="bbox 2223 1940 3809 2015">
     <span class='ocr_line' id='line_1_47' title="bbox 2223 1940 3809 2015; baseline 0.001 -22"><span class='ocrx_word' id='word_1_329' title='bbox 2223 1942 2423 2011; x_wconf 79' lang='grc' dir='ltr'>μᾶλλον</span> <span class='ocrx_word' id='word_1_330' title='bbox 2444 1942 2499 1995; x_wconf 82' lang='grc' dir='ltr'>δὲ</span> <span class='ocrx_word' id='word_1_331' title='bbox 2530 1941 2558 1995; x_wconf 83' lang='grc' dir='ltr'><strong>δ</strong></span> <span class='ocrx_word' id='word_1_332' title='bbox 2588 1941 2711 2015; x_wconf 79' lang='grc' dir='ltr'>μηδ’</span> <span class='ocrx_word' id='word_1_333' title='bbox 2747 1943 2814 1997; x_wconf 82' lang='grc' dir='ltr'>ἂν</span> <span class='ocrx_word' id='word_1_334' title='bbox 2857 1943 3047 2013; x_wconf 71' lang='grc' dir='ltr'>ἕτερός</span> <span class='ocrx_word' id='word_1_335' title='bbox 3078 1960 3162 2006; x_wconf 88' lang='grc' dir='ltr'><strong>τις</strong></span> <span class='ocrx_word' id='word_1_336' title='bbox 3207 1943 3373 2004; x_wconf 77' lang='grc' dir='ltr'>εἴποι,</span> <span class='ocrx_word' id='word_1_337' title='bbox 3413 1940 3490 2012; x_wconf 79' lang='grc' dir='ltr'>μὴ</span> <span class='ocrx_word' id='word_1_338' title='bbox 3527 1940 3809 2009; x_wconf 79' lang='grc' dir='ltr'>δυστυχῶν</span> 
     </span>
    </p>
   </div>
   <div class='ocr_carea' id='block_1_48' title="bbox 2220 2028 3807 2105">
    <p class='ocr_par' dir='ltr' id='par_1_48' title="bbox 2220 2028 3807 2105">
     <span class='ocr_line' id='line_1_48' title="bbox 2220 2028 3807 2105; baseline -0.001 -21"><span class='ocrx_word' id='word_1_339' title='bbox 2220 2032 2457 2103; x_wconf 67' lang='grc' dir='ltr'>ἐσχάτην</span> <span class='ocrx_word' id='word_1_340' title='bbox 2485 2035 2779 2104; x_wconf 81' lang='grc' dir='ltr'>δυστυχίαν</span> <span class='ocrx_word' id='word_1_341' title='bbox 2808 2035 2887 2098; x_wconf 84' lang='grc' dir='ltr'><strong>είς</strong></span> <span class='ocrx_word' id='word_1_342' title='bbox 2942 2036 3167 2105; x_wconf 80' lang='grc' dir='ltr'>φρένας.</span> <span class='ocrx_word' id='word_1_343' title='bbox 3211 2035 3297 2098; x_wconf 84' lang='grc' dir='ltr'>Ὠς</span> <span class='ocrx_word' id='word_1_344' title='bbox 3335 2028 3427 2087; x_wconf 79' lang='grc' dir='ltr'>οὖν</span> <span class='ocrx_word' id='word_1_345' title='bbox 3461 2032 3807 2104; x_wconf 81' lang='grc' dir='ltr'>προέφημεν,</span> 
     </span>
    </p>
   </div>
   <div class='ocr_carea' id='block_1_49' title="bbox 2222 2123 3808 2199">
    <p class='ocr_par' dir='ltr' id='par_1_49' title="bbox 2222 2123 3808 2199">
     <span class='ocr_line' id='line_1_49' title="bbox 2222 2123 3808 2199; baseline -0.001 -20"><span class='ocrx_word' id='word_1_346' title='bbox 2222 2128 2429 2197; x_wconf 84' lang='grc' dir='ltr'>σφόδρα</span> <span class='ocrx_word' id='word_1_347' title='bbox 2473 2129 2575 2199; x_wconf 76' lang='grc' dir='ltr'>τὴν</span> <span class='ocrx_word' id='word_1_348' title='bbox 2615 2126 2794 2198; x_wconf 79' lang='grc' dir='ltr'>ψυχὴν</span> <span class='ocrx_word' id='word_1_349' title='bbox 2828 2128 3150 2198; x_wconf 80' lang='grc' dir='ltr'>ὲπλήγημεν</span> <span class='ocrx_word' id='word_1_350' title='bbox 3199 2128 3292 2180; x_wconf 75' lang='grc' dir='ltr'><strong>ἐπὶ</strong></span> <span class='ocrx_word' id='word_1_351' title='bbox 3326 2130 3392 2195; x_wconf 82' lang='grc' dir='ltr'>τῇ</span> <span class='ocrx_word' id='word_1_352' title='bbox 3421 2123 3650 2195; x_wconf 79' lang='grc' dir='ltr'>τοιαύτῃ</span> <span class='ocrx_word' id='word_1_353' title='bbox 3695 2124 3808 2178; x_wconf 85' lang='grc' dir='ltr'><strong>τῶν</strong></span> 
     </span>
    </p>
   </div>
   <div class='ocr_carea' id='block_1_50' title="bbox 2220 2216 3810 2292">
    <p class='ocr_par' dir='ltr' id='par_1_50' title="bbox 2220 2216 3810 2292">
     <span class='ocr_line' id='line_1_50' title="bbox 2220 2216 3810 2292; baseline -0.001 -19"><span class='ocrx_word' id='word_1_354' title='bbox 2220 2220 2485 2275; x_wconf 77' lang='grc' dir='ltr'>εἰπόντων</span> <span class='ocrx_word' id='word_1_355' title='bbox 2545 2222 2938 2292; x_wconf 63' lang='grc' dir='ltr'>ματαιολογίαν·</span> <span class='ocrx_word' id='word_1_356' title='bbox 3001 2221 3098 2274; x_wconf 70' lang='grc' dir='ltr'>καὶ</span> <span class='ocrx_word' id='word_1_357' title='bbox 3141 2221 3253 2274; x_wconf 77' lang='grc' dir='ltr'>εἴθε</span> <span class='ocrx_word' id='word_1_358' title='bbox 3312 2220 3474 2289; x_wconf 85' lang='grc' dir='ltr'>μόνον</span> <span class='ocrx_word' id='word_1_359' title='bbox 3531 2216 3599 2289; x_wconf 76' lang='grc' dir='ltr'>ἦν</span> <span class='ocrx_word' id='word_1_360' title='bbox 3626 2219 3685 2271; x_wconf 80' lang='grc' dir='ltr'>τὸ</span> <span class='ocrx_word' id='word_1_361' title='bbox 3727 2221 3810 2272; x_wconf 86' lang='grc' dir='ltr'>εί-</span> 
     </span>
    </p>
   </div>
   <div class='ocr_carea' id='block_1_51' title="bbox 2222 2310 3807 2384">
    <p class='ocr_par' dir='ltr' id='par_1_51' title="bbox 2222 2310 3807 2384">
     <span class='ocr_line' id='line_1_51' title="bbox 2222 2310 3807 2384; baseline -0.002 -19"><span class='ocrx_word' id='word_1_362' title='bbox 2222 2313 2460 2384; x_wconf 88' lang='grc' dir='ltr'>ρημένόν</span> <span class='ocrx_word' id='word_1_363' title='bbox 2519 2313 2900 2384; x_wconf 78' lang='grc' dir='ltr'>ματαιολογία,</span> <span class='ocrx_word' id='word_1_364' title='bbox 2936 2313 3075 2367; x_wconf 83' lang='grc' dir='ltr'>ἀλλὰ</span> <span class='ocrx_word' id='word_1_365' title='bbox 3121 2314 3197 2382; x_wconf 78' lang='grc' dir='ltr'>μὴ</span> <span class='ocrx_word' id='word_1_366' title='bbox 3249 2314 3343 2366; x_wconf 73' lang='grc' dir='ltr'>καὶ</span> <span class='ocrx_word' id='word_1_367' title='bbox 3387 2311 3641 2364; x_wconf 79' lang='grc' dir='ltr'>ὑπόδικον</span> <span class='ocrx_word' id='word_1_368' title='bbox 3682 2310 3807 2383; x_wconf 75' lang='grc' dir='ltr'>κρίο</span> 
     </span>
    </p>
   </div>
   <div class='ocr_carea' id='block_1_52' title="bbox 2223 2401 3809 2476">
    <p class='ocr_par' dir='ltr' id='par_1_52' title="bbox 2223 2401 3809 2476">
     <span class='ocr_line' id='line_1_52' title="bbox 2223 2401 3809 2476; baseline -0.002 -19"><span class='ocrx_word' id='word_1_369' title='bbox 2223 2421 2390 2474; x_wconf 85' lang='grc' dir='ltr'>ματος</span> <span class='ocrx_word' id='word_1_370' title='bbox 2411 2406 2637 2458; x_wconf 75' lang='grc' dir='ltr'>αἰωνίου</span> <span class='ocrx_word' id='word_1_371' title='bbox 2666 2407 2680 2460; x_wconf 86' lang='lat'>!</span> <span class='ocrx_word' id='word_1_372' title='bbox 2709 2405 2772 2459; x_wconf 87' lang='lat' dir='ltr'><strong>El</strong></span> <span class='ocrx_word' id='word_1_373' title='bbox 2806 2406 2915 2476; x_wconf 83' lang='grc' dir='ltr'>γὰρ</span> <span class='ocrx_word' id='word_1_374' title='bbox 2964 2405 3120 2473; x_wconf 84' lang='grc' dir='ltr'>λόγος</span> <span class='ocrx_word' id='word_1_375' title='bbox 3150 2404 3316 2474; x_wconf 80' lang='grc' dir='ltr'>ἀργὸς</span> <span class='ocrx_word' id='word_1_376' title='bbox 3372 2403 3471 2455; x_wconf 81' lang='grc' dir='ltr'>οὐκ</span> <span class='ocrx_word' id='word_1_377' title='bbox 3514 2401 3809 2465; x_wconf 76' lang='grc' dir='ltr'>ἀνεύθυνος</span> 
     </span>
    </p>
   </div>
   <div class='ocr_carea' id='block_1_53' title="bbox 2219 2495 3803 2569">
    <p class='ocr_par' dir='ltr' id='par_1_53' title="bbox 2219 2495 3803 2569">
     <span class='ocr_line' id='line_1_53' title="bbox 2219 2495 3803 2569; baseline 0 -21"><span class='ocrx_word' id='word_1_378' title='bbox 2219 2499 2373 2568; x_wconf 80' lang='grc' dir='ltr'><strong>παρά</strong></span> <span class='ocrx_word' id='word_1_379' title='bbox 2402 2496 2479 2568; x_wconf 81' lang='grc' dir='ltr'><strong>τῷ</strong></span> <span class='ocrx_word' id='word_1_380' title='bbox 2497 2497 2703 2569; x_wconf 82' lang='grc' dir='ltr'>βήματι</span> <span class='ocrx_word' id='word_1_381' title='bbox 2745 2497 2837 2551; x_wconf 85' lang='grc' dir='ltr'><strong>τοῦ</strong></span> <span class='ocrx_word' id='word_1_382' title='bbox 2869 2498 3130 2568; x_wconf 74' lang='grc' dir='ltr'>Χριστοῦ,</span> <span class='ocrx_word' id='word_1_383' title='bbox 3162 2500 3230 2551; x_wconf 63' lang='grc' dir='ltr'><strong>πό</strong></span> <span class='ocrx_word' id='word_1_384' title='bbox 3243 2516 3319 2568; x_wconf 87' lang='grc' dir='ltr'><strong>σῳ</strong></span> <span class='ocrx_word' id='word_1_385' title='bbox 3347 2497 3548 2566; x_wconf 79' lang='grc' dir='ltr'>μᾶλλον</span> <span class='ocrx_word' id='word_1_386' title='bbox 3574 2495 3803 2567; x_wconf 84' lang='grc' dir='ltr'>τοιαύτη</span> 
     </span>
    </p>
   </div>
   <div class='ocr_carea' id='block_1_54' title="bbox 2222 2588 3805 2661">
    <p class='ocr_par' dir='ltr' id='par_1_54' title="bbox 2222 2588 3805 2661">
     <span class='ocr_line' id='line_1_54' title="bbox 2222 2588 3805 2661; baseline -0.003 -16"><span class='ocrx_word' id='word_1_387' title='bbox 2222 2592 2560 2661; x_wconf 81' lang='grc' dir='ltr'>συκοφαντία</span> <span class='ocrx_word' id='word_1_388' title='bbox 2588 2609 2604 2658; x_wconf 90' lang='lat'><strong>;</strong></span> <span class='ocrx_word' id='word_1_389' title='bbox 2653 2588 2795 2652; x_wconf 66' lang='grc' dir='ltr'>Ἀλλ’</span> <span class='ocrx_word' id='word_1_390' title='bbox 2825 2593 2874 2644; x_wconf 86' lang='grc' dir='ltr'><strong>εί</strong></span> <span class='ocrx_word' id='word_1_391' title='bbox 2905 2591 3003 2661; x_wconf 71' lang='grc' dir='ltr'>μὲν</span> <span class='ocrx_word' id='word_1_392' title='bbox 3031 2593 3078 2645; x_wconf 82' lang='grc' dir='ltr'>οξ</span> <span class='ocrx_word' id='word_1_393' title='bbox 3111 2592 3245 2661; x_wconf 70' lang='grc' dir='ltr'>πρὸς</span> <span class='ocrx_word' id='word_1_394' title='bbox 3287 2592 3432 2661; x_wconf 78' lang='grc' dir='ltr'>ἡμᾶς</span> <span class='ocrx_word' id='word_1_395' title='bbox 3464 2591 3711 2652; x_wconf 76' lang='grc' dir='ltr'>εἰπόντες</span> <span class='ocrx_word' id='word_1_396' title='bbox 3739 2591 3805 2642; x_wconf 72' lang='grc' dir='ltr'>ὲκ</span> 
     </span>
    </p>
   </div>
   <div class='ocr_carea' id='block_1_55' title="bbox 2216 2679 3804 2754">
    <p class='ocr_par' dir='ltr' id='par_1_55' title="bbox 2216 2679 3804 2754">
     <span class='ocr_line' id='line_1_55' title="bbox 2216 2679 3804 2754; baseline -0.003 -18"><span class='ocrx_word' id='word_1_397' title='bbox 2216 2683 2316 2754; x_wconf 81' lang='grc' dir='ltr'><strong>τῆς</strong></span> <span class='ocrx_word' id='word_1_398' title='bbox 2348 2681 2555 2737; x_wconf 75' lang='grc' dir='ltr'>ἑαυτῶν</span> <span class='ocrx_word' id='word_1_399' title='bbox 2586 2682 2815 2754; x_wconf 86' lang='grc' dir='ltr'>καρδίας</span> <span class='ocrx_word' id='word_1_400' title='bbox 2865 2683 3023 2737; x_wconf 79' lang='grc' dir='ltr'>τοῦτο</span> <span class='ocrx_word' id='word_1_401' title='bbox 3066 2682 3391 2754; x_wconf 75' lang='grc' dir='ltr'>ἡρεύεαντο,</span> <span class='ocrx_word' id='word_1_402' title='bbox 3436 2683 3496 2735; x_wconf 81' lang='grc' dir='ltr'><strong>ού</strong></span> <span class='ocrx_word' id='word_1_403' title='bbox 3542 2679 3804 2735; x_wconf 90' lang='grc' dir='ltr'>τοσοῦτον</span> 
     </span>
    </p>
   </div>
   <div class='ocr_carea' id='block_1_56' title="bbox 2217 2777 3805 2851">
    <p class='ocr_par' dir='ltr' id='par_1_56' title="bbox 2217 2777 3805 2851">
     <span class='ocr_line' id='line_1_56' title="bbox 2217 2777 3805 2851; baseline -0.002 -19"><span class='ocrx_word' id='word_1_404' title='bbox 2217 2778 2500 2846; x_wconf 81' lang='grc' dir='ltr'>λυποῦσιν,</span> <span class='ocrx_word' id='word_1_405' title='bbox 2524 2780 2573 2833; x_wconf 87' lang='grc' dir='ltr'><strong>εί</strong></span> <span class='ocrx_word' id='word_1_406' title='bbox 2606 2781 2701 2833; x_wconf 75' lang='grc' dir='ltr'>καὶ</span> <span class='ocrx_word' id='word_1_407' title='bbox 2728 2779 2973 2851; x_wconf 79' lang='grc' dir='ltr'>λυπηρὸν</span> <span class='ocrx_word' id='word_1_408' title='bbox 2997 2781 3057 2833; x_wconf 76' lang='grc' dir='ltr'>τὸ</span> <span class='ocrx_word' id='word_1_409' title='bbox 3084 2779 3285 2851; x_wconf 64' lang='grc' dir='ltr'>ῥηθένν</span> <span class='ocrx_word' id='word_1_410' title='bbox 3310 2778 3477 2843; x_wconf 87' lang='grc' dir='ltr'>Διότι,</span> <span class='ocrx_word' id='word_1_411' title='bbox 3516 2777 3805 2848; x_wconf 78' lang='grc' dir='ltr'>φρονήμα-</span> 
     </span>
    </p>
   </div>
   <div class='ocr_carea' id='block_1_57' title="bbox 2220 2868 3806 2944">
    <p class='ocr_par' dir='ltr' id='par_1_57' title="bbox 2220 2868 3806 2944">
     <span class='ocr_line' id='line_1_57' title="bbox 2220 2868 3806 2944; baseline -0.003 -18"><span class='ocrx_word' id='word_1_412' title='bbox 2220 2872 2317 2935; x_wconf 82' lang='grc' dir='ltr'><strong>τος</strong></span> <span class='ocrx_word' id='word_1_413' title='bbox 2351 2870 2578 2936; x_wconf 82' lang='grc' dir='ltr'>ἀτελοῦς</span> <span class='ocrx_word' id='word_1_414' title='bbox 2605 2872 2700 2926; x_wconf 78' lang='grc' dir='ltr'>καὶ</span> <span class='ocrx_word' id='word_1_415' title='bbox 2730 2871 3072 2944; x_wconf 65' lang='grc' dir='ltr'>ἑσφαλμένου</span> <span class='ocrx_word' id='word_1_416' title='bbox 3121 2871 3502 2943; x_wconf 76' lang='grc' dir='ltr'>τυγχάνοντος,</span> <span class='ocrx_word' id='word_1_417' title='bbox 3536 2870 3682 2932; x_wconf 83' lang='grc' dir='ltr'>είκδς</span> <span class='ocrx_word' id='word_1_418' title='bbox 3707 2868 3806 2921; x_wconf 71' lang='grc' dir='ltr'>καὶ</span> 
     </span>
    </p>
   </div>
   <div class='ocr_carea' id='block_1_58' title="bbox 2216 2962 3810 3036">
    <p class='ocr_par' dir='ltr' id='par_1_58' title="bbox 2216 2962 3810 3036">
     <span class='ocr_line' id='line_1_58' title="bbox 2216 2962 3810 3036; baseline -0.003 -17"><span class='ocrx_word' id='word_1_419' title='bbox 2216 2964 2390 3036; x_wconf 80' lang='grc' dir='ltr'>ἀτελῆ</span> <span class='ocrx_word' id='word_1_420' title='bbox 2456 2964 2553 3019; x_wconf 67' lang='grc' dir='ltr'><strong>καὶ</strong></span> <span class='ocrx_word' id='word_1_421' title='bbox 2592 2964 2912 3036; x_wconf 70' lang='grc' dir='ltr'>ἐσφαλμένα</span> <span class='ocrx_word' id='word_1_422' title='bbox 2959 2966 3054 3019; x_wconf 76' lang='grc' dir='ltr'>καὶ</span> <span class='ocrx_word' id='word_1_423' title='bbox 3090 2964 3419 3018; x_wconf 83' lang='grc' dir='ltr'>διανοεῖσθαι</span> <span class='ocrx_word' id='word_1_424' title='bbox 3447 2963 3541 3017; x_wconf 72' lang='grc' dir='ltr'>καὶ</span> <span class='ocrx_word' id='word_1_425' title='bbox 3572 2962 3810 3032; x_wconf 74' lang='grc' dir='ltr'>φθέγγεο</span> 
     </span>
    </p>
   </div>
   <div class='ocr_carea' id='block_1_59' title="bbox 2219 3057 3806 3131">
    <p class='ocr_par' dir='ltr' id='par_1_59' title="bbox 2219 3057 3806 3131">
     <span class='ocr_line' id='line_1_59' title="bbox 2219 3057 3806 3131; baseline 0.001 -19"><span class='ocrx_word' id='word_1_426' title='bbox 2219 3057 2383 3113; x_wconf 75' lang='grc' dir='ltr'>σθαιο</span> <span class='ocrx_word' id='word_1_427' title='bbox 2438 3060 2487 3113; x_wconf 87' lang='grc' dir='ltr'><strong>εί</strong></span> <span class='ocrx_word' id='word_1_428' title='bbox 2543 3058 2599 3112; x_wconf 82' lang='grc' dir='ltr'>δὲ</span> <span class='ocrx_word' id='word_1_429' title='bbox 2646 3058 2746 3129; x_wconf 79' lang='grc' dir='ltr'>τῆς</span> <span class='ocrx_word' id='word_1_430' title='bbox 2801 3060 2902 3131; x_wconf 84' lang='grc' dir='ltr'>σῆς</span> <span class='ocrx_word' id='word_1_431' title='bbox 2960 3059 3079 3112; x_wconf 83' lang='grc' dir='ltr'>ἐστι</span> <span class='ocrx_word' id='word_1_432' title='bbox 3126 3058 3344 3111; x_wconf 90' lang='grc' dir='ltr'>σύνεσιν</span> <span class='ocrx_word' id='word_1_433' title='bbox 3390 3057 3652 3128; x_wconf 83' lang='grc' dir='ltr'>φιλούσης</span> <span class='ocrx_word' id='word_1_434' title='bbox 3707 3060 3806 3113; x_wconf 76' lang='grc' dir='ltr'>καὶ</span> 
     </span>
    </p>
   </div>
   <div class='ocr_carea' id='block_1_60' title="bbox 534 3132 2116 3223">
    <p class='ocr_par' dir='ltr' id='par_1_60' title="bbox 534 3132 2116 3205">
     <span class='ocr_line' id='line_1_60' title="bbox 534 3132 2116 3205; baseline 0.009 -25"><span class='ocrx_word' id='word_1_435' title='bbox 534 3143 680 3183; x_wconf 91' lang='lat' dir='ltr'><strong>nunc</strong></span> <span class='ocrx_word' id='word_1_436' title='bbox 707 3132 776 3198; x_wconf 68' lang='grc' dir='ltr'><strong>,ει</strong></span> <span class='ocrx_word' id='word_1_437' title='bbox 820 3132 1055 3198; x_wconf 83' lang='lat' dir='ltr'><strong>exinde,</strong></span> <span class='ocrx_word' id='word_1_438' title='bbox 1123 3134 1219 3188; x_wconf 84' lang='lat' dir='ltr'><strong>tibi</strong></span> <span class='ocrx_word' id='word_1_439' title='bbox 1269 3135 1404 3191; x_wconf 89' lang='lat' dir='ltr'><strong>dans</strong></span> <span class='ocrx_word' id='word_1_440' title='bbox 1432 3151 1494 3189; x_wconf 91' lang='lat' dir='ltr'><strong>ea</strong></span> <span class='ocrx_word' id='word_1_441' title='bbox 1544 3138 1821 3205; x_wconf 73' lang='lat' dir='ltr'><strong>cogitare,</strong></span> <span class='ocrx_word' id='word_1_442' title='bbox 1879 3147 2116 3195; x_wconf 86' lang='lat' dir='ltr'><strong>statuere</strong></span> 
     </span>
    </p>
   </div>
   <div class='ocr_carea' id='block_1_61' title="bbox 2218 3132 3805 3223">
    <p class='ocr_par' dir='ltr' id='par_1_61' title="bbox 2226 3150 3805 3223">
     <span class='ocr_line' id='line_1_61' title="bbox 2226 3150 3805 3223; baseline -0.001 -19"><span class='ocrx_word' id='word_1_443' title='bbox 2226 3151 2598 3223; x_wconf 82' lang='grc' dir='ltr'>μεγαλοτίμου</span> <span class='ocrx_word' id='word_1_444' title='bbox 2651 3152 2902 3218; x_wconf 72' lang='grc' dir='ltr'>ἔξουσίας</span> <span class='ocrx_word' id='word_1_445' title='bbox 2969 3151 3029 3206; x_wconf 78' lang='grc' dir='ltr'>τὸ</span> <span class='ocrx_word' id='word_1_446' title='bbox 3085 3150 3353 3221; x_wconf 74' lang='grc' dir='ltr'>γέννημα,</span> <span class='ocrx_word' id='word_1_447' title='bbox 3415 3150 3573 3221; x_wconf 74' lang='grc' dir='ltr'>ἡμῶν</span> <span class='ocrx_word' id='word_1_448' title='bbox 3627 3150 3726 3219; x_wconf 81' lang='grc' dir='ltr'>μὲν</span> <span class='ocrx_word' id='word_1_449' title='bbox 3772 3150 3805 3204; x_wconf 84' lang='grc' dir='ltr'><strong>δ</strong></span> 
     </span>
    </p>
   </div>
   <div class='ocr_carea' id='block_1_62' title="bbox 531 3228 2115 3300">
    <p class='ocr_par' dir='ltr' id='par_1_62' title="bbox 531 3228 2115 3300">
     <span class='ocr_line' id='line_1_62' title="bbox 531 3228 2115 3300; baseline 0.008 -24"><span class='ocrx_word' id='word_1_450' title='bbox 531 3230 588 3276; x_wconf 88' lang='lat' dir='ltr'><strong>et</strong></span> <span class='ocrx_word' id='word_1_451' title='bbox 650 3237 808 3292; x_wconf 78' lang='lat' dir='ltr'><strong>agere</strong></span> <span class='ocrx_word' id='word_1_452' title='bbox 863 3240 985 3295; x_wconf 68' lang='lat' dir='ltr'><strong>qua:</strong></span> <span class='ocrx_word' id='word_1_453' title='bbox 1031 3237 1081 3281; x_wconf 92' lang='lat' dir='ltr'><strong>te</strong></span> <span class='ocrx_word' id='word_1_454' title='bbox 1132 3228 1200 3281; x_wconf 94' lang='lat' dir='ltr'><strong>ab</strong></span> <span class='ocrx_word' id='word_1_455' title='bbox 1255 3228 1538 3283; x_wconf 89' lang='lat' dir='ltr'><strong>hominum</strong></span> <span class='ocrx_word' id='word_1_456' title='bbox 1593 3229 2115 3300; x_wconf 85' lang='lat' dir='ltr'><strong>reprehensionibus</strong></span> 
     </span>
    </p>
   </div>
   <div class='ocr_carea' id='block_1_63' title="bbox 531 3312 2116 3391">
    <p class='ocr_par' dir='ltr' id='par_1_63' title="bbox 531 3312 2116 3391">
     <span class='ocr_line' id='line_1_63' title="bbox 531 3312 2116 3391; baseline 0.008 -22"><span class='ocrx_word' id='word_1_457' title='bbox 531 3312 774 3372; x_wconf 84' lang='lat' dir='ltr'><strong>eximant</strong></span> <span class='ocrx_word' id='word_1_458' title='bbox 820 3326 877 3373; x_wconf 89' lang='lat' dir='ltr'><strong>et</strong></span> <span class='ocrx_word' id='word_1_459' title='bbox 931 3317 987 3373; x_wconf 90' lang='lat' dir='ltr'><strong>in</strong></span> <span class='ocrx_word' id='word_1_460' title='bbox 1049 3328 1256 3375; x_wconf 70' lang='lat' dir='ltr'><strong>aeterno</strong></span> <span class='ocrx_word' id='word_1_461' title='bbox 1310 3320 1517 3391; x_wconf 85' lang='lat' dir='ltr'><strong>judicio</strong></span> <span class='ocrx_word' id='word_1_462' title='bbox 1571 3323 1941 3379; x_wconf 83' lang='lat' dir='ltr'><strong>indemnatum</strong></span> <span class='ocrx_word' id='word_1_463' title='bbox 1998 3341 2116 3382; x_wconf 89' lang='lat' dir='ltr'><strong>ser-</strong></span> 
     </span>
    </p>
   </div>
   <div class='ocr_carea' id='block_1_64' title="bbox 531 3413 681 3461">
    <p class='ocr_par' dir='ltr' id='par_1_64' title="bbox 531 3413 681 3461">
     <span class='ocr_line' id='line_1_64' title="bbox 531 3413 681 3461; baseline 0.013 -2"><span class='ocrx_word' id='word_1_464' title='bbox 531 3413 681 3461; x_wconf 88' lang='lat' dir='ltr'><strong>vent.</strong></span> 
     </span>
    </p>
   </div>
   <div class='ocr_carea' id='block_1_65' title="bbox 1062 3688 1595 3748">
    <p class='ocr_par' dir='ltr' id='par_1_65' title="bbox 1062 3688 1595 3748">
     <span class='ocr_line' id='line_1_65' title="bbox 1062 3688 1595 3748; baseline 0.011 -6"><span class='ocrx_word' id='word_1_465' title='bbox 1062 3688 1173 3744; x_wconf 83' lang='lat' dir='ltr'><strong>Vll.</strong></span> <span class='ocrx_word' id='word_1_466' title='bbox 1215 3693 1297 3747; x_wconf 78' lang='lat' dir='ltr'><strong>Ad</strong></span> <span class='ocrx_word' id='word_1_467' title='bbox 1335 3693 1595 3748; x_wconf 81' lang='lat' dir='ltr'><strong>eumdem.</strong></span> 
     </span>
    </p>
   </div>
   <div class='ocr_carea' id='block_1_66' title="bbox 602 3773 2110 3860">
    <p class='ocr_par' dir='ltr' id='par_1_66' title="bbox 602 3773 2110 3860">
     <span class='ocr_line' id='line_1_66' title="bbox 602 3773 2110 3860; baseline 0.013 -31"><span class='ocrx_word' id='word_1_468' title='bbox 602 3773 766 3845; x_wconf 76' lang='lat' dir='ltr'><strong>Plaga</strong></span> <span class='ocrx_word' id='word_1_469' title='bbox 815 3777 1196 3836; x_wconf 83' lang='lat' dir='ltr'><strong>crudelissima</strong></span> <span class='ocrx_word' id='word_1_470' title='bbox 1254 3782 1309 3837; x_wconf 87' lang='lat' dir='ltr'><strong>in</strong></span> <span class='ocrx_word' id='word_1_471' title='bbox 1388 3786 1551 3839; x_wconf 87' lang='lat' dir='ltr'><strong>rorde</strong></span> <span class='ocrx_word' id='word_1_472' title='bbox 1606 3788 1837 3843; x_wconf 85' lang='lat' dir='ltr'><strong>sauciati</strong></span> <span class='ocrx_word' id='word_1_473' title='bbox 1894 3804 2110 3860; x_wconf 89' lang='lat' dir='ltr'><strong>sumus,</strong></span> 
     </span>
    </p>
   </div>
   <div class='ocr_carea' id='block_1_67' title="bbox 530 3866 2113 3945">
    <p class='ocr_par' dir='ltr' id='par_1_67' title="bbox 530 3866 2113 3945">
     <span class='ocr_line' id='line_1_67' title="bbox 530 3866 2113 3945; baseline 0.013 -25"><span class='ocrx_word' id='word_1_474' title='bbox 530 3866 603 3921; x_wconf 79' lang='lat' dir='ltr'><strong>liii</strong></span> <span class='ocrx_word' id='word_1_475' title='bbox 636 3868 705 3921; x_wconf 90' lang='lat' dir='ltr'><strong>mi</strong></span> <span class='ocrx_word' id='word_1_476' title='bbox 741 3868 1111 3943; x_wconf 87' lang='lat' dir='ltr'><strong>dilectissime,</strong></span> <span class='ocrx_word' id='word_1_477' title='bbox 1146 3873 1364 3930; x_wconf 83' lang='lat' dir='ltr'><strong>funesto</strong></span> <span class='ocrx_word' id='word_1_478' title='bbox 1396 3875 1488 3931; x_wconf 88' lang='lat' dir='ltr'><strong>illo</strong></span> <span class='ocrx_word' id='word_1_479' title='bbox 1518 3878 1727 3945; x_wconf 88' lang='lat' dir='ltr'><strong>nuntio,</strong></span> <span class='ocrx_word' id='word_1_480' title='bbox 1760 3888 1813 3934; x_wconf 91' lang='lat' dir='ltr'><strong>et</strong></span> <span class='ocrx_word' id='word_1_481' title='bbox 1845 3882 2006 3937; x_wconf 87' lang='lat' dir='ltr'><strong>simul</strong></span> <span class='ocrx_word' id='word_1_482' title='bbox 2031 3885 2113 3940; x_wconf 91' lang='lat' dir='ltr'><strong>tui</strong></span> 
     </span>
    </p>
   </div>
   <div class='ocr_carea' id='block_1_68' title="bbox 525 3962 2109 4044">
    <p class='ocr_par' dir='ltr' id='par_1_68' title="bbox 525 3962 2109 4044">
     <span class='ocr_line' id='line_1_68' title="bbox 525 3962 2109 4044; baseline 0.011 -30"><span class='ocrx_word' id='word_1_483' title='bbox 525 3962 696 4030; x_wconf 69' lang='lat' dir='ltr'><strong>gratia</strong></span> <span class='ocrx_word' id='word_1_484' title='bbox 753 3974 913 4034; x_wconf 84' lang='lat' dir='ltr'><strong>atque</strong></span> <span class='ocrx_word' id='word_1_485' title='bbox 969 3974 1074 4020; x_wconf 69' lang='lat' dir='ltr'><strong>tua:</strong></span> <span class='ocrx_word' id='word_1_486' title='bbox 1142 3967 1365 4038; x_wconf 65' lang='lat' dir='ltr'><strong>gloria),</strong></span> <span class='ocrx_word' id='word_1_487' title='bbox 1427 3971 1593 4026; x_wconf 90' lang='lat' dir='ltr'><strong>simul</strong></span> <span class='ocrx_word' id='word_1_488' title='bbox 1651 3988 1871 4044; x_wconf 87' lang='lat' dir='ltr'><strong>quoque</strong></span> <span class='ocrx_word' id='word_1_489' title='bbox 1936 3976 2109 4031; x_wconf 90' lang='lat' dir='ltr'><strong>nostri</strong></span> 
     </span>
    </p>
   </div>
   <div class='ocr_carea' id='block_1_69' title="bbox 525 4056 2109 4142">
    <p class='ocr_par' dir='ltr' id='par_1_69' title="bbox 525 4056 2109 4142">
     <span class='ocr_line' id='line_1_69' title="bbox 525 4056 2109 4142; baseline 0.011 -35"><span class='ocrx_word' id='word_1_490' title='bbox 525 4068 692 4109; x_wconf 89' lang='lat' dir='ltr'><strong>causa</strong></span> <span class='ocrx_word' id='word_1_491' title='bbox 734 4056 824 4109; x_wconf 89' lang='lat' dir='ltr'><strong>illa</strong></span> <span class='ocrx_word' id='word_1_492' title='bbox 858 4057 953 4111; x_wconf 87' lang='lat' dir='ltr'><strong>tibi</strong></span> <span class='ocrx_word' id='word_1_493' title='bbox 986 4058 1308 4142; x_wconf 79' lang='lat' dir='ltr'><strong>scripsimus</strong></span> <span class='ocrx_word' id='word_1_494' title='bbox 1329 4078 1450 4134; x_wconf 80' lang='lat' dir='ltr'><strong>quae</strong></span> <span class='ocrx_word' id='word_1_495' title='bbox 1473 4064 1672 4134; x_wconf 87' lang='lat' dir='ltr'><strong>scripta</strong></span> <span class='ocrx_word' id='word_1_496' title='bbox 1699 4076 1846 4129; x_wconf 83' lang='lat' dir='ltr'><strong>sunt,</strong></span> <span class='ocrx_word' id='word_1_497' title='bbox 1886 4077 2109 4137; x_wconf 87' lang='lat' dir='ltr'><strong>paterna</strong></span> 
     </span>
    </p>
   </div>
   <div class='ocr_carea' id='block_1_70' title="bbox 528 4144 2108 4230">
    <p class='ocr_par' dir='ltr' id='par_1_70' title="bbox 528 4144 2108 4230">
     <span class='ocr_line' id='line_1_70' title="bbox 528 4144 2108 4230; baseline 0.009 -29"><span class='ocrx_word' id='word_1_498' title='bbox 528 4144 819 4203; x_wconf 84' lang='lat' dir='ltr'><strong>dilectione</strong></span> <span class='ocrx_word' id='word_1_499' title='bbox 853 4150 1010 4217; x_wconf 86' lang='lat' dir='ltr'><strong>moti,</strong></span> <span class='ocrx_word' id='word_1_500' title='bbox 1041 4160 1093 4208; x_wconf 91' lang='lat' dir='ltr'><strong>te</strong></span> <span class='ocrx_word' id='word_1_501' title='bbox 1118 4155 1281 4209; x_wconf 85' lang='lat' dir='ltr'><strong>modo</strong></span> <span class='ocrx_word' id='word_1_502' title='bbox 1300 4156 1674 4225; x_wconf 81' lang='lat' dir='ltr'><strong>exhortantes,</strong></span> <span class='ocrx_word' id='word_1_503' title='bbox 1717 4160 1879 4214; x_wconf 85' lang='lat' dir='ltr'><strong>modo</strong></span> <span class='ocrx_word' id='word_1_504' title='bbox 1909 4177 2108 4230; x_wconf 89' lang='lat' dir='ltr'><strong>expro-</strong></span> 
     </span>
    </p>
   </div>
   <div class='ocr_carea' id='block_1_71' title="bbox 526 4240 2100 4320">
    <p class='ocr_par' dir='ltr' id='par_1_71' title="bbox 526 4240 2100 4320">
     <span class='ocr_line' id='line_1_71' title="bbox 526 4240 2100 4320; baseline 0.011 -28"><span class='ocrx_word' id='word_1_505' title='bbox 526 4240 750 4296; x_wconf 82' lang='lat' dir='ltr'><strong>brantes</strong></span> <span class='ocrx_word' id='word_1_506' title='bbox 778 4257 845 4297; x_wconf 86' lang='lat' dir='ltr'><strong>eo</strong></span> <span class='ocrx_word' id='word_1_507' title='bbox 877 4243 998 4313; x_wconf 88' lang='lat' dir='ltr'><strong>ipso</strong></span> <span class='ocrx_word' id='word_1_508' title='bbox 1028 4246 1189 4301; x_wconf 89' lang='lat' dir='ltr'><strong>modo</strong></span> <span class='ocrx_word' id='word_1_509' title='bbox 1227 4263 1337 4317; x_wconf 90' lang='lat' dir='ltr'><strong>quo</strong></span> <span class='ocrx_word' id='word_1_510' title='bbox 1375 4251 1554 4304; x_wconf 72' lang='lat' dir='ltr'><strong>Sciunt</strong></span> <span class='ocrx_word' id='word_1_511' title='bbox 1579 4267 1707 4320; x_wconf 79' lang='lat' dir='ltr'><strong>erga</strong></span> <span class='ocrx_word' id='word_1_512' title='bbox 1744 4251 1886 4308; x_wconf 85' lang='lat' dir='ltr'><strong>ﬁlios</strong></span> <span class='ocrx_word' id='word_1_513' title='bbox 1918 4251 2100 4310; x_wconf 81' lang='lat' dir='ltr'><strong>facere</strong></span> 
     </span>
    </p>
   </div>
   <div class='ocr_carea' id='block_1_72' title="bbox 526 4337 2111 4415">
    <p class='ocr_par' dir='ltr' id='par_1_72' title="bbox 526 4337 2111 4415">
     <span class='ocr_line' id='line_1_72' title="bbox 526 4337 2111 4415; baseline 0.011 -32"><span class='ocrx_word' id='word_1_514' title='bbox 526 4344 812 4400; x_wconf 84' lang='lat' dir='ltr'><strong>parentum</strong></span> <span class='ocrx_word' id='word_1_515' title='bbox 870 4337 1097 4391; x_wconf 86' lang='lat' dir='ltr'><strong>audacia</strong></span> <span class='ocrx_word' id='word_1_516' title='bbox 1141 4348 1303 4407; x_wconf 86' lang='lat' dir='ltr'><strong>atque</strong></span> <span class='ocrx_word' id='word_1_517' title='bbox 1338 4351 1607 4395; x_wconf 90' lang='lat' dir='ltr'><strong>commota</strong></span> <span class='ocrx_word' id='word_1_518' title='bbox 1639 4343 1849 4397; x_wconf 80' lang='lat' dir='ltr'><strong>viscera</strong></span> <span class='ocrx_word' id='word_1_519' title='bbox 1880 4362 1893 4396; x_wconf 90' lang='lat'>:</span> <span class='ocrx_word' id='word_1_520' title='bbox 1930 4343 2111 4415; x_wconf 88' lang='lat' dir='ltr'><strong>itaque</strong></span> 
     </span>
    </p>
   </div>
   <div class='ocr_carea' id='block_1_73' title="bbox 527 4423 2106 4496">
    <p class='ocr_par' dir='ltr' id='par_1_73' title="bbox 527 4423 2106 4496">
     <span class='ocr_line' id='line_1_73' title="bbox 527 4423 2106 4496; baseline 0.008 -19"><span class='ocrx_word' id='word_1_521' title='bbox 527 4423 574 4478; x_wconf 89' lang='lat' dir='ltr'><strong>si</strong></span> <span class='ocrx_word' id='word_1_522' title='bbox 614 4427 819 4493; x_wconf 83' lang='lat' dir='ltr'><strong>priores</strong></span> <span class='ocrx_word' id='word_1_523' title='bbox 863 4438 1086 4484; x_wconf 87' lang='lat' dir='ltr'><strong>nostras</strong></span> <span class='ocrx_word' id='word_1_524' title='bbox 1129 4430 1314 4484; x_wconf 81' lang='lat' dir='ltr'><strong>vidisti</strong></span> <span class='ocrx_word' id='word_1_525' title='bbox 1362 4431 1591 4496; x_wconf 84' lang='lat' dir='ltr'><strong>litteras,</strong></span> <span class='ocrx_word' id='word_1_526' title='bbox 1643 4443 1889 4489; x_wconf 89' lang='lat' dir='ltr'><strong>nostrum</strong></span> <span class='ocrx_word' id='word_1_527' title='bbox 1938 4437 1992 4489; x_wconf 91' lang='lat' dir='ltr'><strong>in</strong></span> <span class='ocrx_word' id='word_1_528' title='bbox 2054 4450 2106 4490; x_wconf 89' lang='lat' dir='ltr'><strong>te</strong></span> 
     </span>
    </p>
   </div>
   <div class='ocr_carea' id='block_1_74' title="bbox 2223 3242 3800 3317">
    <p class='ocr_par' dir='ltr' id='par_1_74' title="bbox 2223 3242 3800 3317">
     <span class='ocr_line' id='line_1_74' title="bbox 2223 3242 3800 3317; baseline -0.002 -18"><span class='ocrx_word' id='word_1_529' title='bbox 2223 3244 2358 3307; x_wconf 79' lang='grc' dir='ltr'>Θεὸς</span> <span class='ocrx_word' id='word_1_530' title='bbox 2398 3246 2555 3317; x_wconf 78' lang='grc' dir='ltr'>ήμῶν</span> <span class='ocrx_word' id='word_1_531' title='bbox 2592 3245 2842 3315; x_wconf 83' lang='grc' dir='ltr'>φείσαιτο</span> <span class='ocrx_word' id='word_1_532' title='bbox 2887 3245 2981 3298; x_wconf 79' lang='grc' dir='ltr'>καὶ</span> <span class='ocrx_word' id='word_1_533' title='bbox 3009 3243 3237 3315; x_wconf 79' lang='grc' dir='ltr'>ῥύσαιτο</span> <span class='ocrx_word' id='word_1_534' title='bbox 3273 3242 3382 3298; x_wconf 83' lang='grc' dir='ltr'>ἀπὸ</span> <span class='ocrx_word' id='word_1_535' title='bbox 3407 3243 3800 3311; x_wconf 84' lang='grc' dir='ltr'>συκοφαντίας,</span> 
     </span>
    </p>
   </div>
   <div class='ocr_carea' id='block_1_75' title="bbox 2225 3337 3806 3409">
    <p class='ocr_par' dir='ltr' id='par_1_75' title="bbox 2225 3337 3806 3409">
     <span class='ocr_line' id='line_1_75' title="bbox 2225 3337 3806 3409; baseline 0.001 -17"><span class='ocrx_word' id='word_1_536' title='bbox 2225 3338 2309 3392; x_wconf 80' lang='grc' dir='ltr'>σοὶ</span> <span class='ocrx_word' id='word_1_537' title='bbox 2337 3337 2394 3391; x_wconf 86' lang='grc' dir='ltr'>δὲ</span> <span class='ocrx_word' id='word_1_538' title='bbox 2420 3338 2633 3408; x_wconf 86' lang='grc' dir='ltr'>γένοιτο</span> <span class='ocrx_word' id='word_1_539' title='bbox 2683 3337 2922 3409; x_wconf 79' lang='grc' dir='ltr'>εὐμενὴς</span> <span class='ocrx_word' id='word_1_540' title='bbox 2961 3337 3057 3391; x_wconf 88' lang='grc' dir='ltr'><strong>νῦν</strong></span> <span class='ocrx_word' id='word_1_541' title='bbox 3088 3355 3147 3391; x_wconf 83' lang='grc' dir='ltr'><strong>τε</strong></span> <span class='ocrx_word' id='word_1_542' title='bbox 3193 3338 3286 3391; x_wconf 69' lang='grc' dir='ltr'>καὶ</span> <span class='ocrx_word' id='word_1_543' title='bbox 3333 3338 3652 3405; x_wconf 86' lang='grc' dir='ltr'>μετέπειτα,</span> <span class='ocrx_word' id='word_1_544' title='bbox 3704 3341 3806 3394; x_wconf 74' lang='grc' dir='ltr'>καὶ</span> 
     </span>
    </p>
   </div>
   <div class='ocr_carea' id='block_1_76' title="bbox 2228 3427 3808 3500">
    <p class='ocr_par' dir='ltr' id='par_1_76' title="bbox 2228 3427 3808 3500">
     <span class='ocr_line' id='line_1_76' title="bbox 2228 3427 3808 3500; baseline 0.001 -18"><span class='ocrx_word' id='word_1_545' title='bbox 2228 3429 2409 3494; x_wconf 80' lang='grc' dir='ltr'>διδοὺς</span> <span class='ocrx_word' id='word_1_546' title='bbox 2444 3431 2631 3484; x_wconf 64' lang='grc' dir='ltr'>ἐκεῖνα</span> <span class='ocrx_word' id='word_1_547' title='bbox 2658 3430 2753 3484; x_wconf 74' lang='grc' dir='ltr'>καὶ</span> <span class='ocrx_word' id='word_1_548' title='bbox 2777 3432 2995 3500; x_wconf 83' lang='grc' dir='ltr'>φρονεῖν</span> <span class='ocrx_word' id='word_1_549' title='bbox 3043 3428 3140 3483; x_wconf 76' lang='grc' dir='ltr'>καὶ</span> <span class='ocrx_word' id='word_1_550' title='bbox 3168 3427 3476 3498; x_wconf 81' lang='grc' dir='ltr'>λογίζεσθαι</span> <span class='ocrx_word' id='word_1_551' title='bbox 3503 3431 3598 3483; x_wconf 77' lang='grc' dir='ltr'>καὶ</span> <span class='ocrx_word' id='word_1_552' title='bbox 3628 3431 3808 3499; x_wconf 77' lang='grc' dir='ltr'>πράτ-</span> 
     </span>
    </p>
   </div>
   <div class='ocr_carea' id='block_1_77' title="bbox 2221 3521 3806 3594">
    <p class='ocr_par' dir='ltr' id='par_1_77' title="bbox 2221 3521 3806 3594">
     <span class='ocr_line' id='line_1_77' title="bbox 2221 3521 3806 3594; baseline 0.003 -20"><span class='ocrx_word' id='word_1_553' title='bbox 2221 3538 2357 3587; x_wconf 79' lang='grc' dir='ltr'>τειν,</span> <span class='ocrx_word' id='word_1_554' title='bbox 2389 3522 2426 3579; x_wconf 76' lang='grc' dir='ltr'>ἃ</span> <span class='ocrx_word' id='word_1_555' title='bbox 2457 3522 2551 3578; x_wconf 79' lang='grc' dir='ltr'>καὶ</span> <span class='ocrx_word' id='word_1_556' title='bbox 2582 3522 2936 3594; x_wconf 84' lang='grc' dir='ltr'>ἀνθρωπίνης</span> <span class='ocrx_word' id='word_1_557' title='bbox 2977 3521 3237 3592; x_wconf 75' lang='grc' dir='ltr'>μέμψεως</span> <span class='ocrx_word' id='word_1_558' title='bbox 3290 3521 3448 3586; x_wconf 77' lang='grc' dir='ltr'>ἐκτὸς</span> <span class='ocrx_word' id='word_1_559' title='bbox 3477 3522 3663 3591; x_wconf 71' lang='grc' dir='ltr'>δείξει,</span> <span class='ocrx_word' id='word_1_560' title='bbox 3705 3525 3806 3580; x_wconf 72' lang='grc' dir='ltr'>καὶ</span> 
     </span>
    </p>
   </div>
   <div class='ocr_carea' id='block_1_78' title="bbox 2220 3615 3515 3688">
    <p class='ocr_par' dir='ltr' id='par_1_78' title="bbox 2220 3615 3515 3688">
     <span class='ocr_line' id='line_1_78' title="bbox 2220 3615 3515 3688; baseline 0.001 -19"><span class='ocrx_word' id='word_1_561' title='bbox 2220 3616 2300 3687; x_wconf 81' lang='grc' dir='ltr'><strong>τῷ</strong></span> <span class='ocrx_word' id='word_1_562' title='bbox 2326 3616 2531 3688; x_wconf 82' lang='grc' dir='ltr'>αίωνίῳ</span> <span class='ocrx_word' id='word_1_563' title='bbox 2560 3618 2720 3688; x_wconf 81' lang='grc' dir='ltr'>κριτῇ</span> <span class='ocrx_word' id='word_1_564' title='bbox 2746 3615 3118 3687; x_wconf 86' lang='grc' dir='ltr'>ἀκατάκριτον</span> <span class='ocrx_word' id='word_1_565' title='bbox 3147 3615 3515 3686; x_wconf 79' lang='grc' dir='ltr'>παραστήσει.</span> 
     </span>
    </p>
   </div>
   <div class='ocr_carea' id='block_1_79' title="bbox 2808 3705 3223 3773">
    <p class='ocr_par' dir='ltr' id='par_1_79' title="bbox 2808 3705 3223 3773">
     <span class='ocr_line' id='line_1_79' title="bbox 2808 3705 3223 3773; baseline 0 -13"><span class='ocrx_word' id='word_1_566' title='bbox 2808 3707 2884 3760; x_wconf 61' lang='grc' dir='ltr'>Ζί.</span> <span class='ocrx_word' id='word_1_567' title='bbox 2932 3705 3016 3772; x_wconf 85' lang='grc' dir='ltr'><strong>Τῷ</strong></span> <span class='ocrx_word' id='word_1_568' title='bbox 3043 3705 3223 3773; x_wconf 84' lang='grc' dir='ltr'>αὐτῷ.</span> 
     </span>
    </p>
   </div>
   <div class='ocr_carea' id='block_1_80' title="bbox 2307 3797 3805 3870">
    <p class='ocr_par' dir='ltr' id='par_1_80' title="bbox 2307 3797 3805 3870">
     <span class='ocr_line' id='line_1_80' title="bbox 2307 3797 3805 3870; baseline 0.001 -19"><span class='ocrx_word' id='word_1_569' title='bbox 2307 3797 2658 3870; x_wconf 81' lang='grc' dir='ltr'>Ἐπλήγημεν</span> <span class='ocrx_word' id='word_1_570' title='bbox 2688 3799 2790 3867; x_wconf 79' lang='grc' dir='ltr'><strong>τὴν</strong></span> <span class='ocrx_word' id='word_1_571' title='bbox 2804 3797 3033 3870; x_wconf 90' lang='grc' dir='ltr'>καρδίαν</span> <span class='ocrx_word' id='word_1_572' title='bbox 3055 3797 3273 3868; x_wconf 81' lang='grc' dir='ltr'>πληγὴν</span> <span class='ocrx_word' id='word_1_573' title='bbox 3290 3797 3582 3869; x_wconf 79' lang='grc' dir='ltr'>ὀξυτάτην,</span> <span class='ocrx_word' id='word_1_574' title='bbox 3608 3800 3805 3853; x_wconf 87' lang='grc' dir='ltr'>τέκνον</span> 
     </span>
    </p>
   </div>
   <div class='ocr_carea' id='block_1_81' title="bbox 2225 3887 3807 3961">
    <p class='ocr_par' dir='ltr' id='par_1_81' title="bbox 2225 3887 3807 3961">
     <span class='ocr_line' id='line_1_81' title="bbox 2225 3887 3807 3961; baseline 0.001 -18"><span class='ocrx_word' id='word_1_575' title='bbox 2225 3907 2331 3961; x_wconf 91' lang='grc' dir='ltr'><strong>μου</strong></span> <span class='ocrx_word' id='word_1_576' title='bbox 2366 3887 2755 3961; x_wconf 86' lang='grc' dir='ltr'>πολυέραστον,</span> <span class='ocrx_word' id='word_1_577' title='bbox 2818 3889 2925 3944; x_wconf 78' lang='grc' dir='ltr'><strong>ὑπὸ</strong></span> <span class='ocrx_word' id='word_1_578' title='bbox 2978 3887 3159 3960; x_wconf 75' lang='grc' dir='ltr'>δεινῆς</span> <span class='ocrx_word' id='word_1_579' title='bbox 3208 3889 3491 3959; x_wconf 84' lang='grc' dir='ltr'>ἀγγελίας,</span> <span class='ocrx_word' id='word_1_580' title='bbox 3526 3892 3622 3945; x_wconf 83' lang='grc' dir='ltr'>καὶ</span> <span class='ocrx_word' id='word_1_581' title='bbox 3644 3890 3807 3946; x_wconf 82' lang='grc' dir='ltr'>τοῦτο</span> 
     </span>
    </p>
   </div>
   <div class='ocr_carea' id='block_1_82' title="bbox 2224 3979 3803 4057">
    <p class='ocr_par' dir='ltr' id='par_1_82' title="bbox 2224 3979 3803 4057">
     <span class='ocr_line' id='line_1_82' title="bbox 2224 3979 3803 4057; baseline 0.003 -22"><span class='ocrx_word' id='word_1_582' title='bbox 2224 3981 2326 4051; x_wconf 74' lang='grc' dir='ltr'>μὲν</span> <span class='ocrx_word' id='word_1_583' title='bbox 2352 3979 2495 4052; x_wconf 74' lang='grc' dir='ltr'>ὑπὲρ</span> <span class='ocrx_word' id='word_1_584' title='bbox 2534 3979 2629 4035; x_wconf 88' lang='grc' dir='ltr'><strong>σοῦ</strong></span> <span class='ocrx_word' id='word_1_585' title='bbox 2664 3980 2761 4035; x_wconf 79' lang='grc' dir='ltr'>καὶ</span> <span class='ocrx_word' id='word_1_586' title='bbox 2789 3980 2890 4052; x_wconf 82' lang='grc' dir='ltr'>τῆς</span> <span class='ocrx_word' id='word_1_587' title='bbox 2923 3981 3024 4052; x_wconf 80' lang='grc' dir='ltr'>σῆς</span> <span class='ocrx_word' id='word_1_588' title='bbox 3046 3981 3224 4051; x_wconf 80' lang='grc' dir='ltr'>δόξης,</span> <span class='ocrx_word' id='word_1_589' title='bbox 3248 3981 3406 4036; x_wconf 88' lang='grc' dir='ltr'>τοῦτο</span> <span class='ocrx_word' id='word_1_590' title='bbox 3427 3983 3484 4036; x_wconf 84' lang='grc' dir='ltr'>δὲ</span> <span class='ocrx_word' id='word_1_591' title='bbox 3522 3985 3619 4037; x_wconf 78' lang='grc' dir='ltr'>καὶ</span> <span class='ocrx_word' id='word_1_592' title='bbox 3660 3984 3803 4057; x_wconf 78' lang='grc' dir='ltr'>ὑπὲρ</span> 
     </span>
    </p>
   </div>
   <div class='ocr_carea' id='block_1_83' title="bbox 2217 4069 3805 4144">
    <p class='ocr_par' dir='ltr' id='par_1_83' title="bbox 2217 4069 3805 4144">
     <span class='ocr_line' id='line_1_83' title="bbox 2217 4069 3805 4144; baseline 0.004 -21"><span class='ocrx_word' id='word_1_593' title='bbox 2217 4070 2379 4140; x_wconf 78' lang='grc' dir='ltr'>ἡμῶν</span> <span class='ocrx_word' id='word_1_594' title='bbox 2411 4069 2739 4142; x_wconf 74' lang='grc' dir='ltr'>ἐγράψαμεν</span> <span class='ocrx_word' id='word_1_595' title='bbox 2781 4071 2818 4126; x_wconf 73' lang='grc' dir='ltr'>ἃ</span> <span class='ocrx_word' id='word_1_596' title='bbox 2864 4072 3299 4143; x_wconf 65' lang='grc' dir='ltr'>προεγράψαμεν</span> <span class='ocrx_word' id='word_1_597' title='bbox 3353 4074 3660 4144; x_wconf 78' lang='grc' dir='ltr'>κινούμενοι</span> <span class='ocrx_word' id='word_1_598' title='bbox 3698 4094 3805 4130; x_wconf 83' lang='grc' dir='ltr'>πα·-</span> 
     </span>
    </p>
   </div>
   <div class='ocr_carea' id='block_1_84' title="bbox 2217 4159 3802 4232">
    <p class='ocr_par' dir='ltr' id='par_1_84' title="bbox 2217 4159 3802 4232">
     <span class='ocr_line' id='line_1_84' title="bbox 2217 4159 3802 4232; baseline 0.004 -19"><span class='ocrx_word' id='word_1_599' title='bbox 2217 4159 2447 4232; x_wconf 86' lang='grc' dir='ltr'>τρικῶς,</span> <span class='ocrx_word' id='word_1_600' title='bbox 2479 4161 2575 4213; x_wconf 64' lang='grc' dir='ltr'>καὶ</span> <span class='ocrx_word' id='word_1_601' title='bbox 2602 4160 2700 4215; x_wconf 92' lang='grc' dir='ltr'><strong>νῦν</strong></span> <span class='ocrx_word' id='word_1_602' title='bbox 2746 4161 2847 4231; x_wconf 80' lang='grc' dir='ltr'>μὲν</span> <span class='ocrx_word' id='word_1_603' title='bbox 2880 4160 3348 4232; x_wconf 84' lang='grc' dir='ltr'>παρακαλοῦντες,</span> <span class='ocrx_word' id='word_1_604' title='bbox 3381 4164 3482 4215; x_wconf 88' lang='grc' dir='ltr'><strong>νῦν</strong></span> <span class='ocrx_word' id='word_1_605' title='bbox 3526 4163 3582 4215; x_wconf 71' lang='grc' dir='ltr'>δὲ</span> <span class='ocrx_word' id='word_1_606' title='bbox 3621 4164 3802 4220; x_wconf 75' lang='grc' dir='ltr'>ἐπιτι-</span> 
     </span>
    </p>
   </div>
   <div class='ocr_carea' id='block_1_85' title="bbox 2220 4245 3803 4324">
    <p class='ocr_par' dir='ltr' id='par_1_85' title="bbox 2220 4245 3803 4324">
     <span class='ocr_line' id='line_1_85' title="bbox 2220 4245 3803 4324; baseline 0.003 -21"><span class='ocrx_word' id='word_1_607' title='bbox 2220 4250 2436 4319; x_wconf 82' lang='grc' dir='ltr'>μῶντες</span> <span class='ocrx_word' id='word_1_608' title='bbox 2482 4245 2571 4303; x_wconf 78' lang='grc' dir='ltr'>οἶα</span> <span class='ocrx_word' id='word_1_609' title='bbox 2610 4251 2679 4304; x_wconf 76' lang='grc' dir='ltr'><strong>τά</strong></span> <span class='ocrx_word' id='word_1_610' title='bbox 2731 4252 2978 4322; x_wconf 72' lang='grc' dir='ltr'>πατρικά</span> <span class='ocrx_word' id='word_1_611' title='bbox 3038 4250 3324 4320; x_wconf 87' lang='grc' dir='ltr'>σπλάγχνα</span> <span class='ocrx_word' id='word_1_612' title='bbox 3376 4251 3679 4324; x_wconf 68' lang='grc' dir='ltr'>θαρροῦντα</span> <span class='ocrx_word' id='word_1_613' title='bbox 3706 4255 3803 4308; x_wconf 78' lang='grc' dir='ltr'>καὶ</span> 
     </span>
    </p>
   </div>
   <div class='ocr_carea' id='block_1_86' title="bbox 2219 4339 3796 4413">
    <p class='ocr_par' dir='ltr' id='par_1_86' title="bbox 2219 4339 3796 4413">
     <span class='ocr_line' id='line_1_86' title="bbox 2219 4339 3796 4413; baseline 0.003 -19"><span class='ocrx_word' id='word_1_614' title='bbox 2219 4340 2623 4412; x_wconf 85' lang='grc' dir='ltr'>συγκινούμενα</span> <span class='ocrx_word' id='word_1_615' title='bbox 2675 4339 2781 4394; x_wconf 77' lang='grc' dir='ltr'>οἶδε</span> <span class='ocrx_word' id='word_1_616' title='bbox 2824 4343 2961 4412; x_wconf 70' lang='grc' dir='ltr'>πρὸς</span> <span class='ocrx_word' id='word_1_617' title='bbox 2992 4341 3060 4395; x_wconf 81' lang='grc' dir='ltr'><strong>τά</strong></span> <span class='ocrx_word' id='word_1_618' title='bbox 3103 4342 3269 4395; x_wconf 84' lang='grc' dir='ltr'>τέκνα</span> <span class='ocrx_word' id='word_1_619' title='bbox 3300 4345 3493 4396; x_wconf 85' lang='grc' dir='ltr'>ποιεῖν.</span> <span class='ocrx_word' id='word_1_620' title='bbox 3522 4345 3708 4413; x_wconf 78' lang='grc' dir='ltr'>Ὥστε,</span> <span class='ocrx_word' id='word_1_621' title='bbox 3748 4348 3796 4399; x_wconf 86' lang='grc' dir='ltr'><strong>εί</strong></span> 
     </span>
    </p>
   </div>
   <div class='ocr_carea' id='block_1_87' title="bbox 2219 4434 3795 4508">
    <p class='ocr_par' dir='ltr' id='par_1_87' title="bbox 2219 4434 3795 4508">
     <span class='ocr_line' id='line_1_87' title="bbox 2219 4434 3795 4508; baseline 0.003 -22"><span class='ocrx_word' id='word_1_622' title='bbox 2219 4434 2472 4505; x_wconf 77' lang='grc' dir='ltr'>ἐνέτυχες</span> <span class='ocrx_word' id='word_1_623' title='bbox 2505 4437 2618 4498; x_wconf 83' lang='grc' dir='ltr'>τοῖς</span> <span class='ocrx_word' id='word_1_624' title='bbox 2652 4435 2989 4505; x_wconf 67' lang='grc' dir='ltr'>προλαϐοῦσι</span> <span class='ocrx_word' id='word_1_625' title='bbox 3028 4436 3343 4506; x_wconf 80' lang='grc' dir='ltr'>γράμμασι,</span> <span class='ocrx_word' id='word_1_626' title='bbox 3384 4438 3573 4490; x_wconf 79' lang='grc' dir='ltr'>τέκνον</span> <span class='ocrx_word' id='word_1_627' title='bbox 3615 4438 3795 4508; x_wconf 84' lang='grc' dir='ltr'>ὴμῶν,</span> 
     </span>
    </p>
   </div>
   <div class='ocr_carea' id='block_1_88' title="bbox 527 4508 2116 4601">
    <p class='ocr_par' dir='ltr' id='par_1_88' title="bbox 527 4515 2104 4596">
     <span class='ocr_line' id='line_1_88' title="bbox 527 4515 2104 4596; baseline 0.011 -30"><span class='ocrx_word' id='word_1_628' title='bbox 527 4515 788 4570; x_wconf 89' lang='lat' dir='ltr'><strong>nimirum</strong></span> <span class='ocrx_word' id='word_1_629' title='bbox 840 4534 1079 4574; x_wconf 81' lang='lat' dir='ltr'><strong>antorem</strong></span> <span class='ocrx_word' id='word_1_630' title='bbox 1136 4523 1275 4577; x_wconf 87' lang='lat' dir='ltr'><strong>nosti</strong></span> <span class='ocrx_word' id='word_1_631' title='bbox 1308 4531 1361 4577; x_wconf 85' lang='lat' dir='ltr'><strong>et</strong></span> <span class='ocrx_word' id='word_1_632' title='bbox 1390 4535 1597 4593; x_wconf 87' lang='lat' dir='ltr'><strong>quanto</strong></span> <span class='ocrx_word' id='word_1_633' title='bbox 1626 4528 1677 4579; x_wconf 88' lang='lat' dir='ltr'><strong>in</strong></span> <span class='ocrx_word' id='word_1_634' title='bbox 1717 4533 1771 4581; x_wconf 86' lang='lat' dir='ltr'><strong>te</strong></span> <span class='ocrx_word' id='word_1_635' title='bbox 1794 4536 1848 4581; x_wconf 92' lang='lat' dir='ltr'><strong>et</strong></span> <span class='ocrx_word' id='word_1_636' title='bbox 1878 4544 1977 4596; x_wconf 88' lang='lat' dir='ltr'><strong>pro</strong></span> <span class='ocrx_word' id='word_1_637' title='bbox 2011 4541 2104 4583; x_wconf 90' lang='lat' dir='ltr'><strong>tuo</strong></span> 
     </span>
    </p>
   </div>
   <div class='ocr_carea' id='block_1_89' title="bbox 2218 4508 3798 4601">
    <p class='ocr_par' dir='ltr' id='par_1_89' title="bbox 2220 4527 3798 4601">
     <span class='ocr_line' id='line_1_89' title="bbox 2220 4527 3798 4601; baseline 0.003 -22"><span class='ocrx_word' id='word_1_638' title='bbox 2220 4528 2531 4598; x_wconf 81' lang='grc' dir='ltr'>ὲγνῶρισας</span> <span class='ocrx_word' id='word_1_639' title='bbox 2584 4529 2801 4590; x_wconf 83' lang='grc' dir='ltr'>πάντως</span> <span class='ocrx_word' id='word_1_640' title='bbox 2830 4529 2925 4581; x_wconf 90' lang='grc' dir='ltr'><strong>νῦν</strong></span> <span class='ocrx_word' id='word_1_641' title='bbox 2974 4529 3069 4581; x_wconf 80' lang='grc' dir='ltr'><strong>ἐπὶ</strong></span> <span class='ocrx_word' id='word_1_642' title='bbox 3098 4527 3260 4581; x_wconf 81' lang='grc' dir='ltr'>πλέον</span> <span class='ocrx_word' id='word_1_643' title='bbox 3290 4528 3350 4581; x_wconf 78' lang='grc' dir='ltr'>τὸ</span> <span class='ocrx_word' id='word_1_644' title='bbox 3371 4529 3637 4600; x_wconf 81' lang='grc' dir='ltr'>διάπυρον</span> <span class='ocrx_word' id='word_1_645' title='bbox 3664 4532 3798 4601; x_wconf 78' lang='grc' dir='ltr'>πρὸς</span> 
     </span>
    </p>
   </div>
   <div class='ocr_carea' id='block_1_90' title="bbox 527 4607 2107 4685">
    <p class='ocr_par' dir='ltr' id='par_1_90' title="bbox 527 4607 2107 4685">
     <span class='ocr_line' id='line_1_90' title="bbox 527 4607 2107 4685; baseline 0.008 -22"><span class='ocrx_word' id='word_1_646' title='bbox 527 4607 581 4663; x_wconf 83' lang='grc' dir='ltr'>ἱιι</span> <span class='ocrx_word' id='word_1_647' title='bbox 622 4611 780 4665; x_wconf 88' lang='lat' dir='ltr'><strong>terris</strong></span> <span class='ocrx_word' id='word_1_648' title='bbox 805 4612 1011 4666; x_wconf 85' lang='lat' dir='ltr'><strong>honore</strong></span> <span class='ocrx_word' id='word_1_649' title='bbox 1054 4623 1107 4667; x_wconf 87' lang='lat' dir='ltr'><strong>et</strong></span> <span class='ocrx_word' id='word_1_650' title='bbox 1148 4614 1318 4684; x_wconf 78' lang='lat' dir='ltr'><strong>gloria</strong></span> <span class='ocrx_word' id='word_1_651' title='bbox 1365 4626 1418 4670; x_wconf 90' lang='lat' dir='ltr'><strong>et</strong></span> <span class='ocrx_word' id='word_1_652' title='bbox 1460 4632 1560 4685; x_wconf 87' lang='lat' dir='ltr'><strong>pro</strong></span> <span class='ocrx_word' id='word_1_653' title='bbox 1592 4618 1801 4672; x_wconf 69' lang='lat' dir='ltr'><strong>cmlesti</strong></span> <span class='ocrx_word' id='word_1_654' title='bbox 1836 4608 2019 4675; x_wconf 83' lang='lat' dir='ltr'><strong>salute</strong></span> <span class='ocrx_word' id='word_1_655' title='bbox 2053 4630 2107 4675; x_wconf 88' lang='lat' dir='ltr'><strong>et</strong></span> 
     </span>
    </p>
   </div>
   <div class='ocr_carea' id='block_1_91' title="bbox 525 4704 2107 4782">
    <p class='ocr_par' dir='ltr' id='par_1_91' title="bbox 525 4704 2107 4782">
     <span class='ocr_line' id='line_1_91' title="bbox 525 4704 2107 4782; baseline 0.007 -26"><span class='ocrx_word' id='word_1_656' title='bbox 525 4704 784 4761; x_wconf 74' lang='lat' dir='ltr'><strong>felicitate</strong></span> <span class='ocrx_word' id='word_1_657' title='bbox 843 4708 1025 4762; x_wconf 86' lang='lat' dir='ltr'><strong>studio</strong></span> <span class='ocrx_word' id='word_1_658' title='bbox 1082 4705 1429 4777; x_wconf 77' lang='lat' dir='ltr'><strong>ﬂagramns;</strong></span> <span class='ocrx_word' id='word_1_659' title='bbox 1488 4724 1611 4779; x_wconf 65' lang='lat' dir='ltr'><strong>qua:</strong></span> <span class='ocrx_word' id='word_1_660' title='bbox 1660 4710 1783 4764; x_wconf 89' lang='lat' dir='ltr'><strong>dico</strong></span> <span class='ocrx_word' id='word_1_661' title='bbox 1840 4712 1906 4765; x_wconf 88' lang='lat' dir='ltr'><strong>de</strong></span> <span class='ocrx_word' id='word_1_662' title='bbox 1957 4714 2107 4782; x_wconf 85' lang='lat' dir='ltr'><strong>prius</strong></span> 
     </span>
    </p>
   </div>
   <div class='ocr_carea' id='block_1_92' title="bbox 525 4798 2109 4873">
    <p class='ocr_par' dir='ltr' id='par_1_92' title="bbox 525 4798 2109 4873">
     <span class='ocr_line' id='line_1_92' title="bbox 525 4798 2109 4873; baseline 0.006 -24"><span class='ocrx_word' id='word_1_663' title='bbox 525 4798 767 4867; x_wconf 86' lang='lat' dir='ltr'><strong>scriptis.</strong></span> <span class='ocrx_word' id='word_1_664' title='bbox 823 4816 970 4854; x_wconf 86' lang='lat' dir='ltr'><strong>nunc</strong></span> <span class='ocrx_word' id='word_1_665' title='bbox 1023 4808 1207 4854; x_wconf 90' lang='lat' dir='ltr'><strong>autem</strong></span> <span class='ocrx_word' id='word_1_666' title='bbox 1261 4800 1458 4855; x_wconf 90' lang='lat' dir='ltr'><strong>litteris</strong></span> <span class='ocrx_word' id='word_1_667' title='bbox 1506 4817 1644 4870; x_wconf 87' lang='lat' dir='ltr'><strong>quas</strong></span> <span class='ocrx_word' id='word_1_668' title='bbox 1704 4804 1768 4855; x_wconf 90' lang='lat' dir='ltr'><strong>ad</strong></span> <span class='ocrx_word' id='word_1_669' title='bbox 1834 4819 2013 4873; x_wconf 81' lang='lat' dir='ltr'><strong>regem</strong></span> <span class='ocrx_word' id='word_1_670' title='bbox 2081 4821 2109 4858; x_wconf 89' lang='lat' dir='ltr'><strong>a</strong></span> 
     </span>
    </p>
   </div>
   <div class='ocr_carea' id='block_1_93' title="bbox 524 4886 2109 4961">
    <p class='ocr_par' dir='ltr' id='par_1_93' title="bbox 524 4886 2109 4961">
     <span class='ocr_line' id='line_1_93' title="bbox 524 4886 2109 4961; baseline 0.006 -20"><span class='ocrx_word' id='word_1_671' title='bbox 524 4886 746 4943; x_wconf 85' lang='lat' dir='ltr'><strong>Christo</strong></span> <span class='ocrx_word' id='word_1_672' title='bbox 778 4888 1038 4945; x_wconf 78' lang='lat' dir='ltr'><strong>dilectum</strong></span> <span class='ocrx_word' id='word_1_673' title='bbox 1069 4892 1261 4947; x_wconf 91' lang='lat' dir='ltr'><strong>misisti</strong></span> <span class='ocrx_word' id='word_1_674' title='bbox 1298 4893 1365 4946; x_wconf 89' lang='lat' dir='ltr'><strong>de</strong></span> <span class='ocrx_word' id='word_1_675' title='bbox 1399 4901 1489 4947; x_wconf 91' lang='lat' dir='ltr'><strong>tua</strong></span> <span class='ocrx_word' id='word_1_676' title='bbox 1526 4894 1718 4961; x_wconf 77' lang='lat' dir='ltr'><strong>agendi</strong></span> <span class='ocrx_word' id='word_1_677' title='bbox 1748 4896 1960 4951; x_wconf 86' lang='lat' dir='ltr'><strong>ratione</strong></span> <span class='ocrx_word' id='word_1_678' title='bbox 1988 4912 2109 4951; x_wconf 84' lang='lat' dir='ltr'><strong>cer-</strong></span> 
     </span>
    </p>
   </div>
   <div class='ocr_carea' id='block_1_94' title="bbox 526 4979 2109 5052">
    <p class='ocr_par' dir='ltr' id='par_1_94' title="bbox 526 4979 2109 5052">
     <span class='ocr_line' id='line_1_94' title="bbox 526 4979 2109 5052; baseline 0.006 -18"><span class='ocrx_word' id='word_1_679' title='bbox 526 4980 698 5035; x_wconf 86' lang='lat' dir='ltr'><strong>tiores</strong></span> <span class='ocrx_word' id='word_1_680' title='bbox 720 4979 848 5037; x_wconf 78' lang='lat' dir='ltr'><strong>l&#39;acti</strong></span> <span class='ocrx_word' id='word_1_681' title='bbox 875 4983 1262 5051; x_wconf 83' lang='lat' dir='ltr'><strong>gravissimum</strong></span> <span class='ocrx_word' id='word_1_682' title='bbox 1288 4984 1601 5040; x_wconf 84' lang='lat' dir='ltr'><strong>dimisimus</strong></span> <span class='ocrx_word' id='word_1_683' title='bbox 1627 5002 1937 5052; x_wconf 73' lang='lat' dir='ltr'><strong>mmrorem,</strong></span> <span class='ocrx_word' id='word_1_684' title='bbox 1965 4998 2018 5042; x_wconf 86' lang='lat' dir='ltr'><strong>et</strong></span> <span class='ocrx_word' id='word_1_685' title='bbox 2043 4989 2109 5043; x_wconf 88' lang='lat' dir='ltr'><strong>ad</strong></span> 
     </span>
    </p>
   </div>
   <div class='ocr_carea' id='block_1_95' title="bbox 522 5072 2110 5150">
    <p class='ocr_par' dir='ltr' id='par_1_95' title="bbox 522 5072 2110 5150">
     <span class='ocr_line' id='line_1_95' title="bbox 522 5072 2110 5150; baseline 0.006 -22"><span class='ocrx_word' id='word_1_686' title='bbox 522 5072 579 5129; x_wconf 84' lang='lat' dir='ltr'><strong>te</strong></span> <span class='ocrx_word' id='word_1_687' title='bbox 632 5090 707 5141; x_wconf 73' lang='lat' dir='ltr'><strong>eo,</strong></span> <span class='ocrx_word' id='word_1_688' title='bbox 734 5073 841 5130; x_wconf 83' lang='lat' dir='ltr'><strong>line</strong></span> <span class='ocrx_word' id='word_1_689' title='bbox 874 5078 1192 5143; x_wconf 86' lang='lat' dir='ltr'><strong>scribimus,</strong></span> <span class='ocrx_word' id='word_1_690' title='bbox 1227 5077 1299 5131; x_wconf 83' lang='lat' dir='ltr'><strong>liii</strong></span> <span class='ocrx_word' id='word_1_691' title='bbox 1342 5079 1437 5143; x_wconf 90' lang='lat' dir='ltr'><strong>mi,</strong></span> <span class='ocrx_word' id='word_1_692' title='bbox 1478 5087 1537 5131; x_wconf 89' lang='lat' dir='ltr'><strong>ut</strong></span> <span class='ocrx_word' id='word_1_693' title='bbox 1575 5080 1619 5132; x_wconf 85' lang='lat' dir='ltr'><strong>si</strong></span> <span class='ocrx_word' id='word_1_694' title='bbox 1658 5090 1880 5150; x_wconf 86' lang='lat' dir='ltr'><strong>paterna</strong></span> <span class='ocrx_word' id='word_1_695' title='bbox 1924 5091 2110 5137; x_wconf 82' lang='lat' dir='ltr'><strong>nostra</strong></span> 
     </span>
    </p>
   </div>
   <div class='ocr_carea' id='block_1_96' title="bbox 525 5169 2110 5241">
    <p class='ocr_par' dir='ltr' id='par_1_96' title="bbox 525 5169 2110 5241">
     <span class='ocr_line' id='line_1_96' title="bbox 525 5169 2110 5241; baseline 0.003 -20"><span class='ocrx_word' id='word_1_696' title='bbox 525 5169 950 5237; x_wconf 82' lang='lat' dir='ltr'><strong>reprehensione</strong></span> <span class='ocrx_word' id='word_1_697' title='bbox 983 5170 1137 5241; x_wconf 86' lang='lat' dir='ltr'><strong>prius</strong></span> <span class='ocrx_word' id='word_1_698' title='bbox 1158 5186 1232 5235; x_wconf 10' lang='lat' dir='ltr'><strong>res</strong></span> <span class='ocrx_word' id='word_1_699' title='bbox 1265 5169 1519 5236; x_wconf 82' lang='lat' dir='ltr'><strong>aﬂiictus,</strong></span> <span class='ocrx_word' id='word_1_700' title='bbox 1554 5169 1795 5226; x_wconf 88' lang='lat' dir='ltr'><strong>dolorem</strong></span> <span class='ocrx_word' id='word_1_701' title='bbox 1838 5172 2110 5237; x_wconf 80' lang='lat' dir='ltr'><strong>excutias,</strong></span> 
     </span>
    </p>
   </div>
   <div class='ocr_carea' id='block_1_97' title="bbox 526 5263 2107 5337">
    <p class='ocr_par' dir='ltr' id='par_1_97' title="bbox 526 5263 2107 5337">
     <span class='ocr_line' id='line_1_97' title="bbox 526 5263 2107 5337; baseline 0.003 -22"><span class='ocrx_word' id='word_1_702' title='bbox 526 5264 695 5331; x_wconf 90' lang='lat' dir='ltr'><strong>probe</strong></span> <span class='ocrx_word' id='word_1_703' title='bbox 744 5263 995 5319; x_wconf 83' lang='lat' dir='ltr'><strong>videlicet</strong></span> <span class='ocrx_word' id='word_1_704' title='bbox 1046 5265 1251 5337; x_wconf 82' lang='lat' dir='ltr'><strong>sciens</strong></span> <span class='ocrx_word' id='word_1_705' title='bbox 1281 5264 1431 5319; x_wconf 88' lang='lat' dir='ltr'><strong>illam</strong></span> <span class='ocrx_word' id='word_1_706' title='bbox 1482 5264 1968 5334; x_wconf 86' lang='lat' dir='ltr'><strong>reprehensionem</strong></span> <span class='ocrx_word' id='word_1_707' title='bbox 2000 5280 2107 5320; x_wconf 91' lang='lat' dir='ltr'><strong>non</strong></span> 
     </span>
    </p>
   </div>
   <div class='ocr_carea' id='block_1_98' title="bbox 525 5357 2108 5427">
    <p class='ocr_par' dir='ltr' id='par_1_98' title="bbox 525 5357 2108 5427">
     <span class='ocr_line' id='line_1_98' title="bbox 525 5357 2108 5427; baseline 0.002 -19"><span class='ocrx_word' id='word_1_708' title='bbox 525 5371 590 5409; x_wconf 82' lang='lat' dir='ltr'><strong>ex</strong></span> <span class='ocrx_word' id='word_1_709' title='bbox 639 5357 767 5412; x_wconf 86' lang='lat' dir='ltr'><strong>odio</strong></span> <span class='ocrx_word' id='word_1_710' title='bbox 802 5372 985 5411; x_wconf 81' lang='lat' dir='ltr'><strong>na:a:n</strong></span> <span class='ocrx_word' id='word_1_711' title='bbox 1015 5358 1107 5412; x_wconf 83' lang='lat' dir='ltr'><strong>sed</strong></span> <span class='ocrx_word' id='word_1_712' title='bbox 1139 5359 1324 5427; x_wconf 92' lang='lat' dir='ltr'><strong>potius</strong></span> <span class='ocrx_word' id='word_1_713' title='bbox 1355 5373 1420 5413; x_wconf 84' lang='lat' dir='ltr'><strong>ex</strong></span> <span class='ocrx_word' id='word_1_714' title='bbox 1448 5357 1613 5412; x_wconf 82' lang='lat' dir='ltr'><strong>nimia</strong></span> <span class='ocrx_word' id='word_1_715' title='bbox 1641 5358 1970 5424; x_wconf 80' lang='lat' dir='ltr'><strong>dilectione;</strong></span> <span class='ocrx_word' id='word_1_716' title='bbox 2000 5373 2108 5411; x_wconf 88' lang='lat' dir='ltr'><strong>non</strong></span> 
     </span>
    </p>
   </div>
   <div class='ocr_carea' id='block_1_99' title="bbox 528 5449 2113 5519">
    <p class='ocr_par' dir='ltr' id='par_1_99' title="bbox 528 5449 2113 5519">
     <span class='ocr_line' id='line_1_99' title="bbox 528 5449 2113 5519; baseline 0.002 -19"><span class='ocrx_word' id='word_1_717' title='bbox 528 5458 709 5502; x_wconf 74' lang='lat' dir='ltr'><strong>autem</strong></span> <span class='ocrx_word' id='word_1_718' title='bbox 744 5449 910 5503; x_wconf 88' lang='lat' dir='ltr'><strong>nimia</strong></span> <span class='ocrx_word' id='word_1_719' title='bbox 938 5457 1170 5515; x_wconf 90' lang='lat' dir='ltr'><strong>tantum,</strong></span> <span class='ocrx_word' id='word_1_720' title='bbox 1209 5451 1302 5503; x_wconf 89' lang='lat' dir='ltr'><strong>sed</strong></span> <span class='ocrx_word' id='word_1_721' title='bbox 1334 5465 1459 5504; x_wconf 80' lang='lat' dir='ltr'><strong>vere</strong></span> <span class='ocrx_word' id='word_1_722' title='bbox 1489 5460 1754 5519; x_wconf 85' lang='lat' dir='ltr'><strong>paterna;</strong></span> <span class='ocrx_word' id='word_1_723' title='bbox 1802 5459 1855 5505; x_wconf 84' lang='lat' dir='ltr'><strong>et</strong></span> <span class='ocrx_word' id='word_1_724' title='bbox 1882 5449 1927 5503; x_wconf 93' lang='lat' dir='ltr'><strong>si</strong></span> <span class='ocrx_word' id='word_1_725' title='bbox 1973 5464 2113 5518; x_wconf 72' lang='lat' dir='ltr'><strong>pra:-</strong></span> 
     </span>
    </p>
   </div>
   <div class='ocr_carea' id='block_1_100' title="bbox 527 5540 2105 5611">
    <p class='ocr_par' dir='ltr' id='par_1_100' title="bbox 527 5540 2105 5611">
     <span class='ocr_line' id='line_1_100' title="bbox 527 5540 2105 5611; baseline 0 -16"><span class='ocrx_word' id='word_1_726' title='bbox 527 5553 657 5595; x_wconf 77' lang='lat' dir='ltr'><strong>sens</strong></span> <span class='ocrx_word' id='word_1_727' title='bbox 683 5540 797 5611; x_wconf 86' lang='lat' dir='ltr'><strong>ipse</strong></span> <span class='ocrx_word' id='word_1_728' title='bbox 844 5540 1093 5601; x_wconf 80' lang='lat' dir='ltr'><strong>fuissem,</strong></span> <span class='ocrx_word' id='word_1_729' title='bbox 1131 5543 1238 5595; x_wconf 88' lang='lat' dir='ltr'><strong>alio</strong></span> <span class='ocrx_word' id='word_1_730' title='bbox 1276 5541 1438 5596; x_wconf 87' lang='lat' dir='ltr'><strong>modo</strong></span> <span class='ocrx_word' id='word_1_731' title='bbox 1471 5553 1703 5597; x_wconf 87' lang='lat' dir='ltr'><strong>conatus</strong></span> <span class='ocrx_word' id='word_1_732' title='bbox 1731 5556 1910 5595; x_wconf 90' lang='lat' dir='ltr'><strong>essem</strong></span> <span class='ocrx_word' id='word_1_733' title='bbox 1947 5549 2105 5595; x_wconf 87' lang='lat' dir='ltr'><strong>tuum</strong></span> 
     </span>
    </p>
   </div>
   <div class='ocr_carea' id='block_1_101' title="bbox 529 5630 2104 5702">
    <p class='ocr_par' dir='ltr' id='par_1_101' title="bbox 529 5630 2104 5702">
     <span class='ocr_line' id='line_1_101' title="bbox 529 5630 2104 5702; baseline 0.002 -18"><span class='ocrx_word' id='word_1_734' title='bbox 529 5632 814 5687; x_wconf 89' lang='lat' dir='ltr'><strong>continere</strong></span> <span class='ocrx_word' id='word_1_735' title='bbox 844 5630 1105 5702; x_wconf 83' lang='lat' dir='ltr'><strong>impetum</strong></span> <span class='ocrx_word' id='word_1_736' title='bbox 1138 5650 1152 5685; x_wconf 90' lang='lat'><strong>:</strong></span> <span class='ocrx_word' id='word_1_737' title='bbox 1206 5631 1527 5702; x_wconf 87' lang='lat' dir='ltr'><strong>quomodo?</strong></span> <span class='ocrx_word' id='word_1_738' title='bbox 1559 5633 1793 5701; x_wconf 81' lang='lat' dir='ltr'><strong>arreptis</strong></span> <span class='ocrx_word' id='word_1_739' title='bbox 1827 5631 2104 5696; x_wconf 89' lang='lat' dir='ltr'><strong>manibus,</strong></span> 
     </span>
    </p>
   </div>
   <div class='ocr_carea' id='block_1_102' title="bbox 530 5723 2108 5795">
    <p class='ocr_par' dir='ltr' id='par_1_102' title="bbox 530 5723 2108 5795">
     <span class='ocr_line' id='line_1_102' title="bbox 530 5723 2108 5795; baseline 0.004 -20"><span class='ocrx_word' id='word_1_740' title='bbox 530 5724 705 5792; x_wconf 81' lang='lat' dir='ltr'><strong>capite</strong></span> <span class='ocrx_word' id='word_1_741' title='bbox 740 5723 1132 5793; x_wconf 80' lang='lat' dir='ltr'><strong>circumplexn,</strong></span> <span class='ocrx_word' id='word_1_742' title='bbox 1161 5725 1338 5780; x_wconf 87' lang='lat' dir='ltr'><strong>oettlis</strong></span> <span class='ocrx_word' id='word_1_743' title='bbox 1368 5740 1587 5795; x_wconf 83' lang='lat' dir='ltr'><strong>quoque</strong></span> <span class='ocrx_word' id='word_1_744' title='bbox 1627 5733 1683 5779; x_wconf 80' lang='lat' dir='ltr'><strong>et</strong></span> <span class='ocrx_word' id='word_1_745' title='bbox 1716 5723 1985 5779; x_wconf 71' lang='lat' dir='ltr'><strong>universis</strong></span> <span class='ocrx_word' id='word_1_746' title='bbox 2016 5726 2108 5781; x_wconf 80' lang='lat' dir='ltr'><strong>lilii</strong></span> 
     </span>
    </p>
   </div>
   <div class='ocr_carea' id='block_1_103' title="bbox 533 5813 2106 5888">
    <p class='ocr_par' dir='ltr' id='par_1_103' title="bbox 533 5813 2106 5888">
     <span class='ocr_line' id='line_1_103' title="bbox 533 5813 2106 5888; baseline 0.003 -21"><span class='ocrx_word' id='word_1_747' title='bbox 533 5814 639 5869; x_wconf 83' lang='lat' dir='ltr'><strong>mei</strong></span> <span class='ocrx_word' id='word_1_748' title='bbox 673 5813 979 5880; x_wconf 87' lang='lat' dir='ltr'><strong>membris;</strong></span> <span class='ocrx_word' id='word_1_749' title='bbox 1021 5816 1163 5885; x_wconf 89' lang='lat' dir='ltr'><strong>quod</strong></span> <span class='ocrx_word' id='word_1_750' title='bbox 1191 5816 1235 5870; x_wconf 89' lang='lat' dir='ltr'><strong>si</strong></span> <span class='ocrx_word' id='word_1_751' title='bbox 1268 5817 1581 5881; x_wconf 85' lang='lat' dir='ltr'><strong>restilisscs,</strong></span> <span class='ocrx_word' id='word_1_752' title='bbox 1608 5815 1771 5885; x_wconf 84' lang='lat' dir='ltr'><strong>pedes</strong></span> <span class='ocrx_word' id='word_1_753' title='bbox 1811 5824 1945 5888; x_wconf 66' lang='lat' dir='ltr'><strong>tuos</strong></span> <span class='ocrx_word' id='word_1_754' title='bbox 1974 5816 2106 5872; x_wconf 79' lang='lat' dir='ltr'><strong>fuis-</strong></span> 
     </span>
    </p>
   </div>
   <div class='ocr_carea' id='block_1_104' title="bbox 2216 4618 3797 4690">
    <p class='ocr_par' dir='ltr' id='par_1_104' title="bbox 2216 4618 3797 4690">
     <span class='ocr_line' id='line_1_104' title="bbox 2216 4618 3797 4690; baseline 0.002 -19"><span class='ocrx_word' id='word_1_755' title='bbox 2216 4618 2276 4671; x_wconf 85' lang='grc' dir='ltr'>σὲ</span> <span class='ocrx_word' id='word_1_756' title='bbox 2310 4619 2533 4689; x_wconf 86' lang='grc' dir='ltr'>φίλτρον</span> <span class='ocrx_word' id='word_1_757' title='bbox 2556 4619 2736 4689; x_wconf 78' lang='grc' dir='ltr'>ἡμῶν,</span> <span class='ocrx_word' id='word_1_758' title='bbox 2772 4622 2863 4672; x_wconf 78' lang='grc' dir='ltr'>καὶ</span> <span class='ocrx_word' id='word_1_759' title='bbox 2885 4621 3033 4682; x_wconf 79' lang='grc' dir='ltr'>ὅπως</span> <span class='ocrx_word' id='word_1_760' title='bbox 3054 4620 3456 4690; x_wconf 83' lang='grc' dir='ltr'>περικαιόμεθα</span> <span class='ocrx_word' id='word_1_761' title='bbox 3490 4621 3585 4674; x_wconf 88' lang='grc' dir='ltr'><strong>σοῦ</strong></span> <span class='ocrx_word' id='word_1_762' title='bbox 3608 4622 3797 4676; x_wconf 72' lang='grc' dir='ltr'>ἕνεκεν</span> 
     </span>
    </p>
   </div>
   <div class='ocr_carea' id='block_1_105' title="bbox 2212 4712 3799 4783">
    <p class='ocr_par' dir='ltr' id='par_1_105' title="bbox 2212 4712 3799 4783">
     <span class='ocr_line' id='line_1_105' title="bbox 2212 4712 3799 4783; baseline 0.001 -19"><span class='ocrx_word' id='word_1_763' title='bbox 2212 4712 2307 4765; x_wconf 76' lang='grc' dir='ltr'>καὶ</span> <span class='ocrx_word' id='word_1_764' title='bbox 2344 4715 2442 4782; x_wconf 84' lang='grc' dir='ltr'>τῆς</span> <span class='ocrx_word' id='word_1_765' title='bbox 2479 4714 2537 4765; x_wconf 84' lang='grc' dir='ltr'>ἐν</span> <span class='ocrx_word' id='word_1_766' title='bbox 2561 4714 2629 4781; x_wconf 84' lang='grc' dir='ltr'>γῇ</span> <span class='ocrx_word' id='word_1_767' title='bbox 2672 4712 2840 4782; x_wconf 72' lang='grc' dir='ltr'>τιμῆς</span> <span class='ocrx_word' id='word_1_768' title='bbox 2866 4728 2924 4763; x_wconf 85' lang='grc' dir='ltr'><strong>τε</strong></span> <span class='ocrx_word' id='word_1_769' title='bbox 2967 4712 3061 4763; x_wconf 77' lang='grc' dir='ltr'>καὶ</span> <span class='ocrx_word' id='word_1_770' title='bbox 3094 4712 3275 4780; x_wconf 76' lang='grc' dir='ltr'>δόξης,</span> <span class='ocrx_word' id='word_1_771' title='bbox 3313 4712 3525 4780; x_wconf 73' lang='grc' dir='ltr'>καὶτῆς</span> <span class='ocrx_word' id='word_1_772' title='bbox 3552 4715 3609 4765; x_wconf 85' lang='grc' dir='ltr'>ὲν</span> <span class='ocrx_word' id='word_1_773' title='bbox 3631 4712 3799 4783; x_wconf 61' lang='grc' dir='ltr'>οὐρα-</span> 
     </span>
    </p>
   </div>
   <div class='ocr_carea' id='block_1_106' title="bbox 2211 4803 3796 4876">
    <p class='ocr_par' dir='ltr' id='par_1_106' title="bbox 2211 4803 3796 4876">
     <span class='ocr_line' id='line_1_106' title="bbox 2211 4803 3796 4876; baseline 0.003 -22"><span class='ocrx_word' id='word_1_774' title='bbox 2211 4806 2324 4865; x_wconf 88' lang='grc' dir='ltr'><strong>νοίς</strong></span> <span class='ocrx_word' id='word_1_775' title='bbox 2367 4804 2642 4876; x_wconf 83' lang='grc' dir='ltr'>σωτηρίας</span> <span class='ocrx_word' id='word_1_776' title='bbox 2695 4804 2789 4857; x_wconf 72' lang='grc' dir='ltr'>καὶ</span> <span class='ocrx_word' id='word_1_777' title='bbox 2839 4803 3217 4867; x_wconf 79' lang='grc' dir='ltr'>ἀπολαύσεως.</span> <span class='ocrx_word' id='word_1_778' title='bbox 3265 4803 3428 4856; x_wconf 79' lang='grc' dir='ltr'><strong>Ἀλλά</strong></span> <span class='ocrx_word' id='word_1_779' title='bbox 3478 4804 3648 4858; x_wconf 87' lang='grc' dir='ltr'>ταῦτα</span> <span class='ocrx_word' id='word_1_780' title='bbox 3696 4805 3796 4876; x_wconf 80' lang='grc' dir='ltr'>μὲν</span> 
     </span>
    </p>
   </div>
   <div class='ocr_carea' id='block_1_107' title="bbox 2211 4894 3797 4968">
    <p class='ocr_par' dir='ltr' id='par_1_107' title="bbox 2211 4894 3797 4968">
     <span class='ocr_line' id='line_1_107' title="bbox 2211 4894 3797 4968; baseline 0.002 -21"><span class='ocrx_word' id='word_1_781' title='bbox 2211 4896 2352 4964; x_wconf 79' lang='grc' dir='ltr'>ὑπὲρ</span> <span class='ocrx_word' id='word_1_782' title='bbox 2390 4897 2498 4948; x_wconf 83' lang='grc' dir='ltr'>τῶν</span> <span class='ocrx_word' id='word_1_783' title='bbox 2552 4900 3093 4966; x_wconf 83' lang='grc' dir='ltr'>προγεγραμμένων,</span> <span class='ocrx_word' id='word_1_784' title='bbox 3150 4895 3245 4948; x_wconf 90' lang='grc' dir='ltr'><strong>νῦν</strong></span> <span class='ocrx_word' id='word_1_785' title='bbox 3282 4894 3338 4947; x_wconf 80' lang='grc' dir='ltr'>δὲ</span> <span class='ocrx_word' id='word_1_786' title='bbox 3391 4895 3479 4947; x_wconf 81' lang='grc' dir='ltr'>διὰ</span> <span class='ocrx_word' id='word_1_787' title='bbox 3524 4895 3620 4949; x_wconf 85' lang='grc' dir='ltr'><strong>τοῦ</strong></span> <span class='ocrx_word' id='word_1_788' title='bbox 3663 4915 3797 4968; x_wconf 85' lang='grc' dir='ltr'>πεμ-</span> 
     </span>
    </p>
   </div>
   <div class='ocr_carea' id='block_1_108' title="bbox 2214 4987 3795 5058">
    <p class='ocr_par' dir='ltr' id='par_1_108' title="bbox 2214 4987 3795 5058">
     <span class='ocr_line' id='line_1_108' title="bbox 2214 4987 3795 5058; baseline 0.001 -18"><span class='ocrx_word' id='word_1_789' title='bbox 2214 4987 2442 5056; x_wconf 83' lang='grc' dir='ltr'>φθέντος</span> <span class='ocrx_word' id='word_1_790' title='bbox 2477 4988 2803 5058; x_wconf 83' lang='grc' dir='ltr'>γράμματος</span> <span class='ocrx_word' id='word_1_791' title='bbox 2834 4987 2970 5058; x_wconf 78' lang='grc' dir='ltr'>πρὸς</span> <span class='ocrx_word' id='word_1_792' title='bbox 3000 4987 3060 5039; x_wconf 80' lang='grc' dir='ltr'>τὸ</span> <span class='ocrx_word' id='word_1_793' title='bbox 3083 4987 3275 5040; x_wconf 83' lang='grc' dir='ltr'>τέκνον</span> <span class='ocrx_word' id='word_1_794' title='bbox 3308 4987 3466 5058; x_wconf 80' lang='grc' dir='ltr'>ἡμῶν</span> <span class='ocrx_word' id='word_1_795' title='bbox 3510 4989 3601 5041; x_wconf 73' lang='grc' dir='ltr'>τὸν</span> <span class='ocrx_word' id='word_1_796' title='bbox 3643 4989 3795 5058; x_wconf 82' lang='grc' dir='ltr'>φιλό-</span> 
     </span>
    </p>
   </div>
   <div class='ocr_carea' id='block_1_109' title="bbox 2213 5064 3797 5153">
    <p class='ocr_par' dir='ltr' id='par_1_109' title="bbox 2213 5064 3797 5153">
     <span class='ocr_line' id='line_1_109' title="bbox 2213 5064 3797 5153; baseline 0 -19"><span class='ocrx_word' id='word_1_797' title='bbox 2213 5064 2436 5150; x_wconf 79' lang='grc' dir='ltr'>χριστον</span> <span class='ocrx_word' id='word_1_798' title='bbox 2488 5079 2715 5149; x_wconf 78' lang='grc' dir='ltr'>βασιλέα</span> <span class='ocrx_word' id='word_1_799' title='bbox 2768 5082 2836 5134; x_wconf 82' lang='grc' dir='ltr'><strong>τὰ</strong></span> <span class='ocrx_word' id='word_1_800' title='bbox 2877 5080 3224 5149; x_wconf 85' lang='grc' dir='ltr'>διοικηθέντα</span> <span class='ocrx_word' id='word_1_801' title='bbox 3265 5082 3672 5153; x_wconf 84' lang='grc' dir='ltr'>μεμαθηκότες,</span> <span class='ocrx_word' id='word_1_802' title='bbox 3698 5084 3797 5151; x_wconf 82' lang='grc' dir='ltr'>τῆς</span> 
     </span>
    </p>
   </div>
   <div class='ocr_carea' id='block_1_110' title="bbox 2214 5172 3791 5245">
    <p class='ocr_par' dir='ltr' id='par_1_110' title="bbox 2214 5172 3791 5245">
     <span class='ocr_line' id='line_1_110' title="bbox 2214 5172 3791 5245; baseline 0.003 -21"><span class='ocrx_word' id='word_1_803' title='bbox 2214 5172 2704 5241; x_wconf 69' lang='grc' dir='ltr'>προκατασχοὺσης</span> <span class='ocrx_word' id='word_1_804' title='bbox 2769 5174 2917 5243; x_wconf 75' lang='grc' dir='ltr'>ἡμᾶς</span> <span class='ocrx_word' id='word_1_805' title='bbox 2969 5172 3286 5245; x_wconf 82' lang='grc' dir='ltr'>βαρῦτάτης</span> <span class='ocrx_word' id='word_1_806' title='bbox 3334 5174 3633 5243; x_wconf 84' lang='grc' dir='ltr'>ἀνείθημεν</span> <span class='ocrx_word' id='word_1_807' title='bbox 3684 5175 3791 5228; x_wconf 82' lang='grc' dir='ltr'>θλί-</span> 
     </span>
    </p>
   </div>
   <div class='ocr_carea' id='block_1_111' title="bbox 2211 5265 3797 5338">
    <p class='ocr_par' dir='ltr' id='par_1_111' title="bbox 2211 5265 3797 5338">
     <span class='ocr_line' id='line_1_111' title="bbox 2211 5265 3797 5338; baseline 0.003 -20"><span class='ocrx_word' id='word_1_808' title='bbox 2211 5265 2383 5335; x_wconf 81' lang='grc' dir='ltr'>ψεως,</span> <span class='ocrx_word' id='word_1_809' title='bbox 2410 5269 2504 5321; x_wconf 68' lang='grc' dir='ltr'>καὶ</span> <span class='ocrx_word' id='word_1_810' title='bbox 2535 5269 2823 5338; x_wconf 75' lang='grc' dir='ltr'>γράφομεν</span> <span class='ocrx_word' id='word_1_811' title='bbox 2846 5267 2934 5321; x_wconf 80' lang='grc' dir='ltr'><strong>ἵνα</strong></span> <span class='ocrx_word' id='word_1_812' title='bbox 2959 5269 3056 5321; x_wconf 73' lang='grc' dir='ltr'>καὶ</span> <span class='ocrx_word' id='word_1_813' title='bbox 3090 5268 3179 5331; x_wconf 76' lang='grc' dir='ltr'>σὺ,</span> <span class='ocrx_word' id='word_1_814' title='bbox 3225 5268 3417 5320; x_wconf 80' lang='grc' dir='ltr'>τέκνον</span> <span class='ocrx_word' id='word_1_815' title='bbox 3450 5266 3629 5335; x_wconf 79' lang='grc' dir='ltr'>ἡμῶν,</span> <span class='ocrx_word' id='word_1_816' title='bbox 3665 5267 3720 5320; x_wconf 79' lang='grc' dir='ltr'><strong>εί</strong></span> <span class='ocrx_word' id='word_1_817' title='bbox 3744 5285 3797 5323; x_wconf 86' lang='grc' dir='ltr'><strong>τι</strong></span> 
     </span>
    </p>
   </div>
   <div class='ocr_carea' id='block_1_112' title="bbox 2211 5359 3797 5433">
    <p class='ocr_par' dir='ltr' id='par_1_112' title="bbox 2211 5359 3797 5433">
     <span class='ocr_line' id='line_1_112' title="bbox 2211 5359 3797 5433; baseline 0.001 -21"><span class='ocrx_word' id='word_1_818' title='bbox 2211 5359 2306 5413; x_wconf 69' lang='grc' dir='ltr'><strong>ἐπὶ</strong></span> <span class='ocrx_word' id='word_1_819' title='bbox 2328 5361 2393 5430; x_wconf 78' lang='grc' dir='ltr'>τῇ</span> <span class='ocrx_word' id='word_1_820' title='bbox 2426 5361 2666 5431; x_wconf 84' lang='grc' dir='ltr'>πατρικῇ</span> <span class='ocrx_word' id='word_1_821' title='bbox 2709 5359 3000 5431; x_wconf 70' lang='grc' dir='ltr'>ἐπιπλήξει</span> <span class='ocrx_word' id='word_1_822' title='bbox 3034 5359 3339 5428; x_wconf 86' lang='grc' dir='ltr'>λελύπησαι</span> <span class='ocrx_word' id='word_1_823' title='bbox 3381 5359 3670 5431; x_wconf 81' lang='grc' dir='ltr'>πρότερον,</span> <span class='ocrx_word' id='word_1_824' title='bbox 3696 5361 3797 5433; x_wconf 57' lang='grc' dir='ltr'>τὴν</span> 
     </span>
    </p>
   </div>
   <div class='ocr_carea' id='block_1_113' title="bbox 2212 5449 3796 5526">
    <p class='ocr_par' dir='ltr' id='par_1_113' title="bbox 2212 5449 3796 5526">
     <span class='ocr_line' id='line_1_113' title="bbox 2212 5449 3796 5526; baseline 0.003 -24"><span class='ocrx_word' id='word_1_825' title='bbox 2212 5449 2392 5521; x_wconf 85' lang='grc' dir='ltr'>λύπην</span> <span class='ocrx_word' id='word_1_826' title='bbox 2424 5451 2769 5526; x_wconf 76' lang='grc' dir='ltr'>ἀπορῤίψῃςο</span> <span class='ocrx_word' id='word_1_827' title='bbox 2802 5452 2963 5505; x_wconf 86' lang='grc' dir='ltr'>τοῦτο</span> <span class='ocrx_word' id='word_1_828' title='bbox 3001 5450 3159 5513; x_wconf 86' lang='grc' dir='ltr'>εἰδὼς</span> <span class='ocrx_word' id='word_1_829' title='bbox 3200 5451 3283 5503; x_wconf 87' lang='grc' dir='ltr'>ὃτι</span> <span class='ocrx_word' id='word_1_830' title='bbox 3318 5451 3413 5503; x_wconf 77' lang='grc' dir='ltr'>καὶ</span> <span class='ocrx_word' id='word_1_831' title='bbox 3448 5451 3481 5517; x_wconf 84' lang='grc' dir='ltr'><strong>ἡ</strong></span> <span class='ocrx_word' id='word_1_832' title='bbox 3504 5450 3796 5524; x_wconf 77' lang='grc' dir='ltr'>ἐπίπληξις</span> 
     </span>
    </p>
   </div>
   <div class='ocr_carea' id='block_1_114' title="bbox 2212 5537 3796 5621">
    <p class='ocr_par' dir='ltr' id='par_1_114' title="bbox 2212 5537 3796 5621">
     <span class='ocr_line' id='line_1_114' title="bbox 2212 5537 3796 5621; baseline -0.001 -26"><span class='ocrx_word' id='word_1_833' title='bbox 2212 5543 2312 5595; x_wconf 64' lang='grc' dir='ltr'>οὐκ</span> <span class='ocrx_word' id='word_1_834' title='bbox 2343 5537 2410 5613; x_wconf 76' lang='grc' dir='ltr'>ἦν</span> <span class='ocrx_word' id='word_1_835' title='bbox 2460 5545 2650 5613; x_wconf 84' lang='grc' dir='ltr'>μίσους</span> <span class='ocrx_word' id='word_1_836' title='bbox 2698 5545 2837 5599; x_wconf 86' lang='grc' dir='ltr'><strong>ἀλλά</strong></span> <span class='ocrx_word' id='word_1_837' title='bbox 2866 5543 3068 5614; x_wconf 81' lang='grc' dir='ltr'>πολλῆς</span> <span class='ocrx_word' id='word_1_838' title='bbox 3111 5542 3356 5611; x_wconf 86' lang='grc' dir='ltr'>ἀγάπης,</span> <span class='ocrx_word' id='word_1_839' title='bbox 3409 5544 3505 5596; x_wconf 72' lang='grc' dir='ltr'>καὶ</span> <span class='ocrx_word' id='word_1_840' title='bbox 3540 5541 3600 5595; x_wconf 82' lang='grc' dir='ltr'><strong>ού</strong></span> <span class='ocrx_word' id='word_1_841' title='bbox 3634 5543 3796 5621; x_wconf 79' lang='grc' dir='ltr'>μόνον</span> 
     </span>
    </p>
   </div>
   <div class='ocr_carea' id='block_1_115' title="bbox 2215 5634 3795 5707">
    <p class='ocr_par' dir='ltr' id='par_1_115' title="bbox 2215 5634 3795 5707">
     <span class='ocr_line' id='line_1_115' title="bbox 2215 5634 3795 5707; baseline -0.001 -20"><span class='ocrx_word' id='word_1_842' title='bbox 2215 5635 2445 5705; x_wconf 86' lang='grc' dir='ltr'>πολλῆς,</span> <span class='ocrx_word' id='word_1_843' title='bbox 2520 5636 2653 5690; x_wconf 86' lang='grc' dir='ltr'><strong>ἀλλά</strong></span> <span class='ocrx_word' id='word_1_844' title='bbox 2698 5636 2794 5692; x_wconf 72' lang='grc' dir='ltr'>καὶ</span> <span class='ocrx_word' id='word_1_845' title='bbox 2856 5636 3131 5707; x_wconf 78' lang='grc' dir='ltr'>πατρικῆς</span> <span class='ocrx_word' id='word_1_846' title='bbox 3181 5634 3431 5704; x_wconf 73' lang='grc' dir='ltr'>ἀληθῶςο</span> <span class='ocrx_word' id='word_1_847' title='bbox 3471 5635 3568 5689; x_wconf 66' lang='grc' dir='ltr'>καὶ</span> <span class='ocrx_word' id='word_1_848' title='bbox 3612 5635 3660 5688; x_wconf 89' lang='grc' dir='ltr'><strong>εί</strong></span> <span class='ocrx_word' id='word_1_849' title='bbox 3696 5634 3795 5704; x_wconf 80' lang='grc' dir='ltr'>μὲν</span> 
     </span>
    </p>
   </div>
   <div class='ocr_carea' id='block_1_116' title="bbox 2216 5723 3794 5800">
    <p class='ocr_par' dir='ltr' id='par_1_116' title="bbox 2216 5723 3794 5800">
     <span class='ocr_line' id='line_1_116' title="bbox 2216 5723 3794 5800; baseline -0.027 18"><span class='ocrx_word' id='word_1_850' title='bbox 2216 5727 2482 5797; x_wconf 72' lang='grc' dir='ltr'><strong>παρήμην</strong></span> <span class='ocrx_word' id='word_1_851' title='bbox 2528 5727 2691 5789; x_wconf 66' lang='grc' dir='ltr'>αὐτὸς</span> <span class='ocrx_word' id='word_1_852' title='bbox 2724 5723 2857 5795; x_wconf 64' lang='grc' dir='ltr'>ἐγὼ.</span> <span class='ocrx_word' id='word_1_853' title='bbox 2930 5726 3199 5791; x_wconf 70' lang='grc' dir='ltr'>ἄλλωςᾶν</span> <span class='ocrx_word' id='word_1_854' title='bbox 3248 5729 3347 5800; x_wconf 75' lang='grc' dir='ltr'><strong>τὴν</strong></span> <span class='ocrx_word' id='word_1_855' title='bbox 3398 5728 3496 5800; x_wconf 76' lang='grc' dir='ltr'>σὴν</span> <span class='ocrx_word' id='word_1_856' title='bbox 3548 5728 3794 5795; x_wconf 80' lang='grc' dir='ltr'>ἐπισχεῖν</span> 
     </span>
    </p>
   </div>
   <div class='ocr_carea' id='block_1_117' title="bbox 2218 5819 3783 5890">
    <p class='ocr_par' dir='ltr' id='par_1_117' title="bbox 2218 5819 3783 5890">
     <span class='ocr_line' id='line_1_117' title="bbox 2218 5819 3783 5890; baseline -0.002 -19"><span class='ocrx_word' id='word_1_857' title='bbox 2218 5820 2453 5889; x_wconf 80' lang='grc' dir='ltr'>σπουδὴν</span> <span class='ocrx_word' id='word_1_858' title='bbox 2485 5819 2830 5890; x_wconf 70' lang='grc' dir='ltr'>ἐποιησάμην</span> <span class='ocrx_word' id='word_1_859' title='bbox 2879 5819 3076 5889; x_wconf 79' lang='grc' dir='ltr'>ὁρμήν.</span> <span class='ocrx_word' id='word_1_860' title='bbox 3114 5819 3236 5885; x_wconf 83' lang='grc' dir='ltr'><strong>ῐῐῶς</strong></span> <span class='ocrx_word' id='word_1_861' title='bbox 3286 5821 3380 5875; x_wconf 74' lang='grc' dir='ltr'><strong>καὶ</strong></span> <span class='ocrx_word' id='word_1_862' title='bbox 3408 5821 3528 5883; x_wconf 71' lang='grc' dir='ltr'>τίνα</span> <span class='ocrx_word' id='word_1_863' title='bbox 3551 5819 3783 5882; x_wconf 71' lang='grc' dir='ltr'>τοόπονς</span> 
     </span>
    </p>
   </div>
  </div>
