4178 6418
533 368 602 430 63
1669 377 1979 440 NICOLAI
2026 383 2136 447 CP.
2174 384 2678 448 PATRIARCHE
3743 408 3811 469 6i

535 495 717 548 lumen
748 491 1109 546 vocaveritac
1127 506 1254 548 cum
1285 492 1570 556 Romanis,
1617 495 1762 550 sicut
1795 495 1920 559 tide,
1957 498 2032 551 ita
2066 508 2121 552 et

2227 501 2444 571 ψαντος,
2469 506 2565 560 καὶ
2596 505 2741 573 ὑμᾶς
2772 506 3148 581 ὲλλαμφθῆναε
3173 516 3252 585 τῷ
3282 519 3424 586 φωτὶ
3451 515 3551 592 τῆς
3575 521 3805 591 ἐπιγνώ.

512 586 804 642 ‘charitate
829 585 1202 652 conjunxerit,
1223 595 1405 639 amota
1431 597 1513 640 cst
1549 586 1858 650 inimicitia,
1885 593 2125 646 cessarit

535 691 822 732 armorum
849 676 1173 744 congressio
1200 687 1253 730 et
1273 677 1562 731 discordia:
1592 679 1859 734 successit
1891 681 2129 746 dilectio,

536 769 779 838 unioque
808 777 1086 822 aomutua
1120 768 1488 823 necessitudo.

2231 609 2371 656 σεως
2401 593 2570 647 αὐτοῦ
2603 595 3026 664 εὐδοκήσαντος,
3063 605 3157 654 καὶ
3183 605 3590 673 καταλύσαντος
3627 610 3728 677 μὲν
3751 617 3812 664 τὸ

2232 684 2553 770 μεσότοιχον
2601 687 2702 755 τῆς
2755 686 2976 756 ἔχθρας,
3030 693 3513 766 προσκεκληκότος
3559 701 3622 754 δὲ·
3668 701 3811 770 ὑμᾶς

2227 773 2309 832 εἰς
2339 769 2429 823 τὸν
2459 773 2743 842 φωτισμὸν
2773 774 2874 842 τῆς
2903 775 3061 848 δόξης
3106 781 3298 848 αὐτοῦ,
3340 784 3436 837 καὶ
3472 769 3812 857 συνάψαντος

540 863 838 932 Ῥωμαίοις
889 859 1081 932 ὥσπερ
1119 864 1186 931 τῇ
1230 861 1436 920 πίστει.
1477 859 1651 924 οὕτως
1685 864 1780 914 καὶ
1807 865 1874 933 τῇ
1937 863 2152 935 ἀγάπῃ,
2195 864 2515 932 κατήργητο
2575 864 2735 934 μὲνὴ
2782 865 2978 937 ἔχθρα,
3045 868 3302 925 πέπαυτο
3335 874 3394 928 δὲ
3419 877 3531 931 τῶν
3562 879 3810 954 δπλωνή

532 959 766 1028 κίνησις,
802 957 895 1010 καὶ
929 958 1028 1026 τὴν
1055 957 1343 1010 διάστασιν
1379 958 1411 1026 ἡ
1443 957 1653 1027 ἀγάπη.
1689 956 1786 1010 καὶ
1817 959 1848 1028 ή
1891 958 2110 1024 ἓνωσις,
2151 960 2304 1028 καὶὴ
2343 958 2480 1034 πρρς
2513 958 2781 1030 ἀλλήλους
2842 961 3127 1027 οἰκείωσις
3155 965 3451 1039 διεδέχετο.

600 1080 760 1134 Nunc
813 1089 994 1133 autem
1037 1079 1210 1149 quid?
1256 1076 1408 1134 Eheu
1453 1079 1670 1134 scelesti
1706 1079 1972 1134 daemonis
2000 1095 2119 1134 ma-

533 1171 792 1241 lignitas!
827 1181 950 1242 post
973 1183 1081 1227 tam
1113 1173 1336 1241 longum
1367 1173 1631 1240 temporis
1673 1169 1885 1243 lapsum
1909 1189 1974 1228 ex
2011 1181 2122 1244 quo

535 1274 740 1318 tmntam
797 1265 1090 1334 accepistis
1129 1265 1380 1333 gratiam,
1442 1273 1567 1332 post
1631 1273 1741 1319 tam
1804 1265 2117 1321 diuturnam

535 1355 882 1418 charitatem,
941 1364 1064 1424 post
1105 1365 1213 1410 tam
1252 1356 1537 1426 antiquam
1585 1357 1910 1421 amicitiam,
1965 1373 2125 1412 occa-

534 1448 743 1502 sionem
785 1456 982 1502 nactus
1014 1447 1260 1502 nefarius
1294 1448 1534 1514 daemon,
1591 1449 1896 1506 discordias
1941 1449 2124 1505 denuo

531 1549 586 1594 ct
649 1539 992 1595 inimicitiam
1045 1557 1146 1612 pro
1199 1538 1441 1597 amicitia
1518 1551 1573 1596 et
1629 1545 1837 1599 unione
1893 1543 2124 1599 immisit

534 1649 634 1689 nec
669 1634 878 1689 veritus
915 1642 1020 1699 est,
1055 1635 1108 1687 in
1135 1645 1401 1703 quantunt
1443 1635 1494 1688 in
1523 1649 1589 1688 eo
1621 1635 1742 1698 fuit,
1773 1636 2126 1691 sceleratissi-

536 1741 659 1780 mus
719 1725 810 1780 ille
865 1734 1074 1780 tantum
1142 1725 1238 1780 Dei
1295 1742 1434 1796 opus
1482 1712 1860 1782 Romanorum
1917 1727 2122 1783 scilicet

533 1817 1009 1888 Bulgarorumque
1037 1818 1294 1872 unionem
1318 1827 1599 1884 evertere;
1646 1826 1822 1887 neque
1859 1819 2120 1887 temporis
2147 1792 2195 1853 Β

533 1911 948 1966 diuturnitatem
983 1926 1160 1981 neque
1191 1911 1479 1980 utriusque
1506 1912 1701 1980 gentis.
1728 1921 1788 1965 ut
1813 1913 1887 1966 ita
1917 1913 2115 1974 dicam,

533 2003 974 2060 commistionem
1010 2013 1120 2058 tam
1178 2011 1416 2057 veterem
1460 2004 1704 2066 erubuit,
1766 2004 1859 2060 sed
1909 2004 2120 2074 cupivit

533 2098 796 2166 cupitque
825 2095 893 2151 ad
925 2095 1161 2150 nihilum
1197 2096 1488 2162 deduCere,
1515 2105 1569 2150 et
1615 2096 1842 2166 insuper
1865 2097 1931 2149 ad
1971 2096 2116 2150 illam

533 2188 938 2254 crudelitatem,
991 2203 1098 2256 qua
1157 2187 1480 2251 delectatur,
1527 2197 1582 2242 et
1629 2189 1788 2258 cujus
1839 2197 1992 2258 pater
2039 2197 2123 2243 est

533 2279 813 2337 Romanos
837 2295 902 2334 ac
933 2279 1198 2349 Bulgaros
1235 2280 1410 2344 ciens,
1455 2273 1664 2334 felicem
1705 2280 1851 2333 illam
1888 2295 1950 2333 ac
1980 2278 2122 2333 divi-

534 2388 661 2445 nam
716 2373 1024 2428 dissolvere
1067 2374 1414 2428 amicitiam:
1464 2388 1584 2442 quae
1624 2374 1830 2438 omnia,
1892 2373 1966 2427 illi
2022 2371 2118 2435 mi,

531 2463 740 2520 doloris
793 2465 1037 2534 quotidie
1093 2481 1258 2521 causa
1293 2466 1424 2520 mihi
1461 2475 1578 2529 est;
1646 2467 1915 2536 lacrymas
1984 2465 2119 2519 mihi

534 2571 727 2625 panem
756 2557 996 2612 efﬁciunt
1022 2576 1038 2623 ;
1062 2567 1396 2627 quapropter
1437 2555 1549 2626 jam
1579 2558 1728 2624 prius
1760 2567 1811 2610 te
1837 2557 2118 2617 hortabar,

533 2657 588 2700 te
652 2647 1152 2716 reprehendebam,
1211 2647 1618 2718 suadebamquc
1668 2645 1764 2702 tibi
1823 2655 1884 2701 ut
1941 2645 2008 2700 ad
2073 2655 2123 2700 te

530 2737 708 2806 ipsum
743 2738 1095 2793 revertereris
1119 2746 1170 2791 et
1201 2751 1524 2793 communes
1544 2751 1761 2792 arceres
1785 2737 2123 2792 calamitates

529 2841 666 2897 quas
698 2842 922 2882 necesse
972 2835 1057 2881 cst
1091 2827 1371 2882 Romanos
1405 2834 1569 2897 atque
1602 2826 1864 2897 Bulgaros
1893 2843 1959 2881 ex
2002 2825 2124 2882 istis

529 2919 840 2973 inimicitiis
902 2926 1068 2988 atque
1125 2919 1417 2973 discordiis
1490 2919 1780 2984 invadere;
1848 2927 1902 2974 et
1977 2934 2124 2972 nunc

528 3012 716 3065 eadem
749 3011 953 3065 suadeo
986 3021 1152 3080 atque
1199 3013 1482 3077 exhortor,
1517 3011 1589 3066 ﬁli
1622 3011 1728 3079 mi;
1772 3012 2123 3067 reminiscere

529 3101 830 3157 Dominica:
899 3104 1353 3157 exhortationis:
1422 3122 1440 3155 ι
1496 3102 1600 3170 Qui
1672 3102 2122 3158 scandalizaverit

531 3212 700 3250 unum
732 3211 797 3250 ex
849 3197 934 3252 his
986 3197 1221 3266 pusillis,
1259 3196 1478 3266 expedit
1503 3196 1551 3250 ei
1589 3204 1647 3250 ut
1691 3197 1835 3250 mola
1881 3195 2119 3250 asinaria

529 3289 674 3341 collo
717 3288 839 3356 ejus
870 3289 1240 3357 suspendatur
1284 3297 1339 3342 et
1387 3289 1443 3342 in
1495 3303 1647 3345 mare
1697 3287 2051 3357 deiiciatur”.
2098 3306 2116 3339 ι

529 3379 801 3434 Accurate
855 3379 1140 3434 considera
1194 3396 1208 3434 :
1265 3380 1309 3434 si
1366 3377 1757 3434 scandalizanti
1833 3395 2000 3433 unum
2055 3395 2122 3434 ex

529 3469 747 3539 pusillis
813 3470 888 3523 ita
933 3469 1176 3538 expedit,
1205 3470 1331 3538 quid
1359 3471 1425 3524 de
1459 3470 1550 3522 tali
1586 3485 1649 3524 ac
1680 3478 1830 3524 tanto
1864 3469 2124 3524 seandalo

529 3560 796 3624 dicemus,
827 3561 971 3630 quod
999 3576 1106 3613 nou
1130 3568 1213 3614 est
1245 3559 1311 3612 ad
1345 3575 1536 3625 llllllm,
1564 3575 1738 3628 nellue
1767 3559 1832 3613 ad
1856 3560 2123 3629 quinque,

531 3659 629 3706 aut
680 3651 889 3714 decem,
947 3659 1043 3705 aut
1117 3660 1362 3715 centum,
1419 3652 1512 3704 sed
1551 3650 1617 3704 ad
1673 3650 2122 3705 innumerabilem

531 3744 982 3820 multitudinem?
1031 3758 1209 3814 neque
1248 3743 1315 3797 ad
1348 3742 1587 3812 aliquem
1645 3744 1901 3813 pusillum
1933 3744 2026 3797 sed
2059 3742 2126 3797 ad

530 3837 823 3907 imperium
879 3837 1028 3891 omni
1087 3837 1334 3890 terrestri
1399 3845 1674 3906 potestate
1724 3836 2127 3916 sublimiorem,

530 3946 692 4001 quam
723 3931 942 3986 unicam
976 3931 1385 3987 universorum.
1423 3929 1535 3986 Rex
1570 3931 1624 3984 in
1653 3939 1795 3984 terra
1826 3930 2126 3992 stabilivit;

530 4023 844 4088 considera,
894 4024 968 4078 ﬁli
1023 4025 1118 4090 mi,
1165 4024 1454 4092 cujusnam
1508 4025 1579 4079 sit
1626 4038 1808 4078 sermo
1846 4023 1957 4079 ille.
2009 4022 2129 4077 Non

531 4117 759 4186 angelus
806 4116 966 4179 dixit,
1019 4131 1126 4169 non
1179 4115 1377 4182 aliquis
1421 4117 1704 4170 hominum
1758 4118 1976 4172 illorum
2031 4115 2127 4186 qui

530 4207 627 4262 Dei
679 4208 851 4278 gratia
899 4208 1199 4276 locupletes
1253 4216 1402 4273 sunt,
1469 4225 1577 4264 non
1658 4211 1966 4279 apostolus.
2020 4224 2126 4264 non

529 4300 819 4369 propheta,
852 4297 948 4354 sed
991 4299 1080 4353 ille
1132 4299 1247 4367 ipse
1273 4299 1366 4367 qui
1425 4315 1646 4354 omnem
1700 4311 2006 4355 creaturam
2061 4299 2127 4354 ad
2164 4340 2187 4354 .

531 4391 936 4465 formidandum
974 4406 1135 4445 suum
1200 4392 1438 4446 tribunal
1479 4402 1564 4448 est
1603 4404 1938 4457 coacturus;
1977 4391 2126 4445 illam

2295 1079 2413 1133 Νῦν
2438 1079 2496 1133 δὲ
2533 1081 2628 1146 τί;
2659 1080 2766 1134 Φεῦ
2812 1081 2918 1152 τῆς
2967 1083 3061 1138 τοῦ
3101 1089 3343 1159 πονηροῦ
3377 1092 3635 1162 δαίμονος
3677 1101 3812 1169 ἔπη-

2226 1172 2420 1242 ρείαςῐ
2487 1173 2626 1242 μετὰ
2663 1176 2938 1229 τοσούτων
2967 1177 3178 1249 χρόνων
3228 1185 3584 1254 παρέλλευσιν,
3620 1190 3716 1257 ἀφ’
3751 1187 3813 1246 οὗ

2224 1264 2324 1327 τῆς
2355 1262 2615 1334 τοιαύτης
2643 1263 2915 1336 ἡξιὼθητε
2945 1269 3192 1340 χάριτος,
3217 1267 3357 1340 μετὰ
3386 1278 3605 1346 μακρὰν
3635 1279 3812 1346 οὕτως
3841 1335 3850 1344 χ

2223 1352 2474 1444 άγάπην,
2507 1355 2648 1423 μετά
2672 1355 2868 1410 πολιὰν
2893 1358 3067 1421 οὕτως
3095 1362 3300 1430 φιλίαν,
3327 1365 3516 1438 χώραν
3554 1358 3810 1444 εὖρηκὼς

2223 1443 2252 1494 6
2278 1445 2515 1516 πονηρὸς
2542 1445 2775 1516 δαίμων,
2829 1449 2999 1503 πάλιν
3033 1452 3345 1534 διάστασιν,
3389 1457 3556 1514 πάλιν
3603 1443 3810 1536 ἔχθραν

2227 1536 2352 1590 ἀντὶ
2378 1539 2478 1607 τῆς
2508 1538 2695 1606 φιλίας
2752 1543 2850 1593 καὶ
2879 1544 2982 1612 τῆς
3038 1543 3291 1612 ἐνότητος
3321 1548 3683 1621 ἐπεισήγαγε,
3716 1555 3814 1607 καὶ

2222 1627 2326 1681 οὐκ
2387 1628 2611 1699 ἔφριξεν
2659 1629 2690 1681 6
2723 1631 3050 1701 παμμίαρος
3081 1633 3206 1689 ὅσον
3257 1637 3343 1689 ἐπ’
3385 1639 3532 1712 αὐτῷ
3559 1642 3813 1698 τοσοῦτον

2223 1718 2388 1790 ἔργον
2419 1719 2557 1778 Θεοῦ
2605 1721 2706 1791 τῆς
2737 1721 3034 1790 Ῥωμαίων
3067 1725 3165 1778 καὶ
3211 1724 3536 1800 Βουλγάρων
3563 1731 3812 1799 ένώσεως

2223 1810 2522 1864 καταλύειν
2551 1811 2874 1883 ἐπιχειρεῖν.
2914 1814 3051 1868 Οὐδὲ
3088 1817 3182 1870 τὸν
3221 1819 3415 1888 χρόνον
3455 1819 3811 1898 ἐδυσωπήθη,

2221 1904 2344 1958 οὐδὲ
2366 1905 2467 1974 τὴν
2492 1905 2686 1976 ὥσπερ
2720 1907 3027 1978 ἀνάκρασιν
3073 1910 3138 1964 ὲκ
3175 1913 3432 1968 τοσούτου
3461 1917 3658 1987 χρόνου
3695 1923 3811 1991 άμ-

2223 1997 2471 2066 φοτέρων
2507 1997 2618 2051 τῶν
2647 1998 2844 2062 ὲθνῶν,
2868 2000 2984 2053 ἀλλ’
3014 2002 3406 2075 ἐφιλονείκησε·
3448 2010 3541 2060 καὶ
3573 2010 3810 2078 φιλονει-

2222 2090 2311 2142 κεῖ
2340 2087 2517 2143 ταῦτα
2553 2089 2654 2158 μὲν
2673 2090 2806 2161 παρ’
2833 2091 2987 2145 οὐδὲν
3023 2093 3235 2161 θέσθαι,
3265 2099 3402 2165 πρὸς
3426 2099 3483 2152 δὲ
3518 2101 3618 2172 τὴν
3647 2102 3811 2174 φίλην

2223 2178 2372 2248 αύτῷ
2410 2178 2764 2249 δυσμένειαν,
2800 2181 2897 2234 καὶ
2933 2177 3002 2253 ἦς
3034 2183 3200 2246 αὐτὸς
3223 2185 3565 2256 ἐχρημάτισε
3600 2190 3812 2261 πατὴρ,

2237 2269 2544 2341 Ῥωμαίους
2577 2272 2675 2326 καὶ
2732 2272 3084 2343 Βουλγάρους
3130 2279 3473 2349 συγκρούων,
3505 2282 3606 2350 τὴν
3633 2300 3814 2351 μακα-

2225 2362 2349 2432 ρίαν
2416 2363 2510 2416 καὶ
2563 2362 2814 2418 θεοποιὸν
2867 2365 3110 2419 διαλύειν
3161 2369 3410 2441 ἀγάπην.
3459 2370 3646 2425 Ταῦτά
3697 2390 3810 2440 μοι,

2222 2455 2415 2509 τέκνον
2442 2457 2602 2525 ἐμὸν,
2634 2455 2882 2521 πένθους
2916 2455 3046 2511 καθ’
3099 2461 3342 2533 ἑκάστην
3374 2463 3636 2528 ὑπόθεσις
3666 2464 3814 2532 γίνε-

2223 2535 2555 2601 ταισταῦτά
2607 2565 2700 2620 μοι
2756 2548 2926 2618 ἄρτον
2951 2551 3018 2603 τὰ
3049 2549 3263 2620 δάκρυα
3313 2557 3481 2608 ποιεί.
3515 2555 3615 2608 Διὰ
3657 2555 3814 2608 τοῦτο

2224 2639 2320 2692 καὶ
2375 2641 2646 2712 πρότερον
2685 2641 2991 2713 παρῄνουν,
3043 2643 3403 2712 ἐδυσώπουν,
3463 2647 3813 2718 παρεκάλουν

2228 2732 2461 2785 σεαυτοῦ
2486 2732 2770 2801 γενέσθαι,
2804 2735 2900 2789 καὶ
2925 2733 3221 2803 φείσασθαι
3248 2736 3306 2790 δὲ
3335 2739 3430 2791 καὶ
3467 2737 3575 2791 τῶν
3616 2739 3814 2793 κοινῶν

2229 2825 2547 2897 συμφορῶν,
2578 2826 2712 2889 ὅσας
2733 2826 2951 2898 ἀνάγκη
2990 2827 3301 2898 Ῥωμαίους
3338 2831 3432 2882 καὶ
3465 2829 3810 2901 Βουλγάρους

2226 2917 2293 2970 ἐκ
2320 2917 2421 2987 τῆς
2459 2918 2722 2988 τοιαύτης
2762 2917 2964 2990 ἔχθρας
3001 2923 3100 2976 καὶ
3152 2921 3494 2987 διαστάσεως
3545 2924 3815 2991 συναντή-

2229 3024 2344 3062 σειν
2363 3023 2378 3038 '
2403 3008 2498 3061 καὶ
2527 3009 2622 3062 νῦν
2641 3008 2699 3064 δὲ
2725 3007 2794 3063 τὰ
2825 3011 2987 3081 ὃμοια
3007 3013 3102 3065 καὶ
3130 3015 3385 3083 παραινῶ
3422 3011 3517 3068 καὶ
3549 3014 3808 3080 δυσωπῶ,

2207 3099 2416 3154 ’τέκνον
2452 3102 2587 3171 ἐμόν
2613 3119 2629 3134 ο
2663 3103 3050 3174 ἀναμνήσθητι
3084 3106 3187 3174 τῆς
3217 3107 3312 3159 τοῦ
3347 3107 3556 3175 Κυρίου
3598 3121 3812 3176 παραι-

2227 3191 2452 3255 νέσεως,
2497 3191 2564 3262 ἢν
2591 3193 2800 3258 ἐκεῖνός
2866 3211 3022 3264 φησι,
3085 3213 3104 3246 ι
3142 3195 3425 3266 Συμφέρει
3458 3195 3535 3267 τῷ
3581 3197 3815 3250 σκανδα-

2225 3281 2438 3344 λίζοντι
2487 3281 2586 3338 ἕνα
2639 3283 2750 3338 τῶν
2799 3284 3035 3358 μικρῶν,
3099 3285 3268 3355 μύλου
3325 3286 3511 3340 όνικδν
3562 3282 3815 3340 δεδέσθαι

2227 3375 2359 3446 περὶ
2395 3375 2489 3428 τὸν
2517 3374 2814 3447 τράχηλον,
2837 3377 2934 3430 καὶ¹
2963 3377 3042 3441 είς
3064 3377 3164 3450 τὴν
3186 3378 3468 3434 θάλασσαν
3496 3380 3810 3451 ὲρῤίφθαι.»

2229 3467 2478 3538 Πρόσχες
2513 3469 2821 3538 νουνεχῶς*
2865 3471 2914 3522 εί
2971 3469 3051 3541 τῷ
3097 3471 3510 3536 σκανδαλίζοντι
3553 3473 3650 3524 ἕνα
3705 3471 3815 3524 τῶν

2233 3559 2448 3629 μικρῶν
2474 3558 2634 3614 τοῦτο
2665 3560 2960 3631 συμφέρει,
2995 3561 3048 3613 τί
3085 3561 3326 3632 ἐροῦμεν
3372 3565 3503 3635 περὶ
3552 3563 3814 3617 τοσούτου

2232 3653 2528 3705 σκανδάλου
2553 3651 2581 3705 ὃ
2611 3653 2670 3706 ού
2698 3653 2835 3724 πρὸς
2864 3653 2962 3706 ἕνα
3003 3654 3292 3721 διαϐαίνει,
3320 3656 3442 3710 οὐδὲ
3475 3656 3615 3728 πρὸς
3650 3660 3817 3710 πέντε

2231 3741 2325 3794 καὶ
2345 3741 2478 3794 δέκα
2505 3741 2602 3795 καὶ
2633 3744 2852 3810 ἑκατὸν,
2884 3743 3022 3797 ἀλλὰ
3048 3746 3132 3808 τίς
3173 3744 3238 3799 ἂν
3265 3747 3563 3820 ἀριθμήσοι
3592 3748 3651 3800 τὸ
3678 3747 3822 3816 πλῆ-

2232 3829 2360 3894 θος;
2397 3831 2518 3885 οὐδὲ
2549 3831 2685 3902 πρός
2723 3851 2844 3886 τινα
2900 3835 3009 3888 τῶν
3053 3837 3292 3907 μικρῶν,
3328 3838 3465 3893 ἀλλὰ
3491 3841 3626 3912 πρὸς
3660 3838 3824 3909 βασι-

2231 3921 2383 3977 λείαν
2404 3923 2504 3994 τὴν
2550 3925 2738 3978 ἐπάνω
2773 3927 2956 3998 πάσης
2995 3930 3246 3997 ἐπιγείου
3287 3930 3498 4001 ἀρχῆς,
3545 3933 3612 4001 ἥν
3647 3931 3823 4003 μόνην

2233 4016 2291 4068 ἐν
2309 4017 2378 4088 γῇ
2408 4016 2437 4067 6
2465 4018 2559 4070 τοῦ
2595 4021 2797 4084 παντὸς
2832 4020 3000 4092 ἔπηξε
3036 4023 3316 4092 βασιλεύς.
3371 4025 3600 4090 Ἐννόει,
3626 4026 3823 4079 τέκνον

2233 4111 2413 4180 ἡμῶν,
2451 4113 2599 4174 τίνος
2634 4115 2662 4168 6
2690 4114 2847 4182 λόγος
2869 4133 2882 4148 ’
2917 4117 3019 4170 οὐκ
3049 4117 3283 4184 ἄγγελος
3306 4117 3478 4171 ταῦτα
3506 4119 3684 4187 λέγει,
3713 4120 3823 4174 οὐκ

2231 4201 2522 4272 ἄνθρωπός
2577 4219 2664 4266 τις
2707 4203 2819 4256 τῶν
2865 4205 3028 4276 χάριν
3078 4205 3228 4258 θείαν
3275 4206 3676 4273 πλουτούντων,
3713 4209 3824 4261 οὐκ

2234 4295 2554 4362 ἀπόστολος,
2585 4297 2644 4349 οὑ
2679 4298 2994 4369 προφήτης,
3030 4295 3145 4351 ἀλλ’
3182 4299 3346 4362 αὐτὸς
3391 4300 3420 4351 6
3473 4298 3686 4369 μέλλων
3710 4299 3825 4353 πᾶν

2233 4390 2294 4441 τὸ
2348 4388 2581 4459 πλάσμα
2637 4391 3018 4458 συναγαγεῖν,
3073 4392 3167 4445 καὶ
3220 4390 3298 4462 τῷ
3356 4391 3553 4445 ἑαυτοῦ
3605 4392 3825 4464 φρικτῷ

530 4485 666 4538 mihi
711 4491 905 4554 reputa
971 4484 1183 4547 horam,
1242 4499 1366 4538 cum
1427 4485 1730 4554 praemiSsis
1798 4483 1886 4538 his
1937 4482 2124 4537 dictis.

2237 4479 2442 4550 βήματι
2507 4481 2890 4550 παραστῆσαι.
2941 4481 3192 4552 Ἐκείνην
3226 4483 3552 4551 ἀναλογίζου
3589 4500 3679 4554 μοι
3718 4480 3826 4554 τὴν

534 4579 726 4647 ingens
755 4577 889 4632 illud
918 4578 1237 4632 scandalum
1269 4576 1322 4630 iu
1360 4591 1459 4631 sua
1497 4576 1719 4646 justitia
1751 4570 2123 4639 examinabit:

2233 4569 2407 4641 ὥραν,
2446 4571 2536 4624 ὅτε
2569 4571 2697 4636 τοὺς
2727 4571 2924 4642 λόγους
2975 4573 3204 4637 τούτους
3243 4575 3323 4638 είς
3365 4573 3426 4627 τὸ
3481 4574 3650 4643 μέσον
3680 4590 3820 4644 προ-

533 4669 664 4740 quid
720 4679 852 4725 tunc
910 4670 1195 4726 dicemus?
1255 4685 1379 4739 quae
1442 4669 1547 4723 erit
1597 4666 1844 4723 defensio
1904 4667 2125 4721 nostra?

2233 4665 2496 4732 ενεγκὼν,
2535 4665 2594 4718 τὸ
2628 4665 2771 4736 μέγα
2801 4666 2962 4720 τοῦτο
2998 4666 3294 4722 σκάνδαλον
3319 4669 3383 4738 τῇ
3431 4666 3629 4721 ἑαυτοῦ
3668 4666 3820 4720 δοκι-

531 4779 695 4833 quam
727 4763 1141 4818 excusationem
1193 4762 1588 4839 protendemus
1633 4761 1701 4815 ad
1751 4759 2127 4830 repellendam

539 4855 830 4910 tcrrilicam
865 4855 1237 4910 sententiam?
1285 4861 1573 4922 praeterea,
1607 4852 1652 4906 si
1697 4851 2024 4921 pramiserit
2069 4861 2124 4905 et

535 4939 711 5002 illud:
757 4967 774 4997 ι
821 4949 962 5014 Quid
999 4946 1220 5016 prodest
1271 4943 1478 4999 homini
1511 4943 1557 4998 si
1609 4942 1924 4997 universum
1964 4958 2125 4996 mun-

535 5041 664 5094 dum
696 5038 959 5103 lucretur,
987 5039 1186 5092 animae
1214 5051 1343 5090 vero
1371 5052 1484 5091 sua:
1526 5037 1915 5091 detrimentum
1943 5034 2120 5105 patia-

535 5129 704 5184 tur'?
745 5147 764 5180 ›
809 5129 949 5196 Quid
1004 5128 1307 5183 faciemus?
1341 5143 1463 5196 qua:
1506 5143 1628 5182 sors
1680 5126 1900 5182 nostra?
1952 5141 2115 5194 quam

534 5221 973 5291 deprecationem
1012 5220 1394 5274 inveniemus?
1422 5220 1552 5291 Ego,
1599 5220 1675 5273 lili
1701 5220 1795 5284 mi,
1819 5229 1944 5274 ante
1967 5221 2114 5273 illam

534 5317 751 5373 horam.
793 5317 908 5369 haec
953 5314 1162 5376 dicens,
1229 5321 1374 5367 totus
1451 5320 1661 5367 terrore
1722 5314 1916 5382 plenus
1973 5329 2121 5379 sum,

534 5418 945 5464 totustremore
990 5408 1294 5461 coneutior.
1351 5405 1428 5460 Tu
1465 5421 1592 5460 vero
1640 5407 1825 5462 nescio
1866 5423 1965 5462 cur
2012 5422 2122 5460 non

535 5515 702 5570 paves
746 5509 841 5554 aut
899 5513 1007 5554 non
1057 5499 1322 5568 trepidas,
1376 5514 1500 5552 cum
1558 5501 1798 5569 prudens
1846 5500 1917 5555 sit
1957 5511 2124 5568 atque

537 5592 792 5662 sapiens;
845 5593 939 5663 qui
974 5601 1284 5646 terrestrem
1333 5592 1562 5662 gloriam
1623 5592 1782 5648 hodie
1813 5591 2118 5655 lict-cutem,

617 5819 634 5848 ²
666 5819 854 5872 Matth.
889 5833 1041 5883 XVIII,
1076 5818 1128 5872 6.
1209 5819 1226 5848 ³
1259 5818 1446 5874 Matth.
1484 5836 1595 5882 xu,
1627 5820 1718 5874 9.6.

2237 4759 2402 4830 μάσει
2423 4759 2767 4833 δικαιοσύνῃ.
2800 4759 2867 4813 Τί
2903 4759 3141 4830 ἐροῦμεν
3172 4759 3325 4829 τότε;
3358 4759 3426 4813 Τί
3482 4761 3826 4832 ἀπολογησό-

2234 4854 2412 4925 μεθα;
2447 4853 2615 4908 Ποίαν
2645 4853 2904 4924 ἀφορμὴν
2932 4853 3360 4923 προὸαλούμεθα
3398 4853 3478 4918 είς
3524 4854 3828 4926 ἀπολογίαν

2228 4943 2328 5014 τῆς
2387 4945 2625 5016 φρικτῆς
2687 4944 3114 5014 κατακρίσεως;
3172 4941 3305 4999 Εἶτα
3359 4946 3454 4999 ἐὰν
3518 4946 3615 5002 καὶ
3661 4945 3824 5001 τοῦτο

2231 5037 2542 5107 προενέγκῃ
2574 5036 2635 5087 τὸ
2671 5053 2689 5086 ι
2722 5036 2787 5087 Τί
2827 5035 3106 5106 ὠφελήσει
3150 5037 3444 5110 ἄνθρωπον
3476 5039 3570 5092 ἐὰν
3599 5038 3690 5092 τὸν
3729 5041 3820 5094 κό-

2231 5145 2369 5200 σμον
2400 5130 2520 5182 ὅλον
2540 5130 2802 5200 κερδήσῃ,
2829 5129 3002 5200 τὴνδὲ
3036 5131 3214 5203 ψυχὴν
3253 5131 3422 5186 αὐτοῦ
3454 5131 3709 5203 ζημιωθῇ
3740 5149 3755 5197 ;
3797 5153 3814 5185 i

2226 5222 2281 5275 τί
2337 5221 2682 5291 ποιήσομεν;
2746 5221 2812 5272 Τί
2873 5223 3203 5292 γενοίμεθα;
3258 5225 3394 5277 Τίνα
3467 5224 3820 5295 παράκλησιν

2231 5313 2579 5383 εὑρήσομενς
2621 5311 2784 5382 Ἐγὼ,
2816 5313 3008 5368 τέκνον
3049 5315 3206 5385 ἐμὸν,
3244 5315 3340 5368 καὶ
3380 5315 3487 5386 πρδ
3528 5315 3627 5385 τῆς
3671 5315 3819 5386 ὥρας

2231 5406 2449 5476 ἐκείνης
2495 5407 2667 5459 ταῦτα
2718 5407 2814 5460 νῦν
2838 5408 3038 5475 λέγων,
3068 5408 3190 5474 ὅλος
3235 5407 3559 5477 πληροῦμαι
3586 5408 3817 5479 φρίκης,

2231 5497 2354 5560 ὅλος
2375 5498 2638 5569 ἔντρομός
2669 5498 2808 5567 εἰμι.
2832 5499 2905 5550 Σὺ
2929 5497 2984 5550 δὲ
3004 5499 3107 5549 οὐκ
3125 5491 3242 5550 οἶδα
3269 5498 3415 5568 εἰμὴ
3443 5498 3690 5570 φρίττεις
3723 5497 3816 5551 καὶ

2233 5589 2462 5661 τρέμεις
2485 5589 2701 5652 συνετδς
2731 5589 2807 5642 ὢν
2842 5589 2936 5642 καὶ¹
2961 5588 3226 5659 φρόνιμος
3250 5606 3262 5618 ·
3291 5590 3388 5644 καὶ
3415 5591 3539 5646 ὅσον
3566 5591 3665 5663 τῆς
3697 5592 3818 5644 ἐπι-
