4178 6448
345 294 422 359 63
1821 294 1866 352 E
1884 291 2230 353 rmore.
3567 294 3640 360 εδ

346 409 513 479 γείου
539 407 704 479 δόξης
731 408 907 482 δρέγῃ
934 407 1038 478 τῆς
1062 406 1154 461 νῦν
1194 407 1293 478 μέν
1331 405 1626 477 ἀνθούσης,
1682 405 1873 476 αὔριον
1897 407 1954 461 δὲ

2074 423 2185 461 :ras
2242 414 2424 461 autem
2481 419 2914 464 marcescentem
2970 412 3163 481 cupis,
3223 411 3398 466 multo
3469 411 3642 484 magis

349 501 804 573 μαραινομένης,
874 499 1062 572 πολλῷ
1105 498 1267 554 πλέον
1309 499 1409 571 τῆς
1465 499 1791 572 ἐπουρανίου
1861 499 1957 552 καὶ

346 593 712 664 ἀμαράντου.

445 683 886 754 ’Δναγκάζομαι,
937 682 1130 737 τέκνον
1183 684 1341 753 ἐμὸν,
1393 683 1490 737 καὶ
1525 681 1633 735 ὑπὸ
1679 681 1780 751 τῆς
1832 697 1959 733 συν-

349 777 602 846 εκούσης
651 793 721 847 με
780 775 1023 844 ἀθυμίας
1052 777 1150 852 καὶ
1207 775 1313 830 ὑπὸ
1353 776 1455 845 τῆς
1498 775 1628 846 περὶ
1669 774 1730 828 σὲ
1775 775 1958 845 φιλίας

307 905 312 914 .
354 869 630 922 ὲκιπλέον
659 868 753 921 τὸν
787 867 948 935 λόγον
974 867 1240 921 ἐκτείνειν
1260 883 1279 898 ο
1304 866 1401 920 καὶ
1421 865 1748 938 ἀνεπαχθῶς
1762 866 1955 920 ἄκουε.

361 959 570 1014 Ἔθετο
597 959 820 1026 ἑκάστῳ
846 957 992 1012 ἔθνει
1025 960 1053 1012 ὁ
1091 959 1223 1022 Θεὸς
1251 958 1440 1028 ὥσπερ
1475 959 1624 1029 ὅριον
1655 956 1830 1020 οὕτως
1863 957 1958 1010 καὶ

357 1053 535 1121 τιμὰς
587 1049 686 1106 καὶ
732 1051 996 1122 κλήσειςο
1043 1052 1140 1104 καὶ⁵
1201 1051 1318 1104 ὅσοι
1366 1050 1465 1121 μὲν
1520 1051 1808 1119 ἐνέμειναν
1839 1050 1961 1113 ταῖς

361 1145 503 1212 παρ’
532 1141 703 1195 αὑτοῦ
727 1143 1050 1212 δεδομέναις
1073 1145 1280 1210 τιμαῖς,
1309 1135 1458 1196 οὗτοι
1487 1142 1582 1194 καὶ
1618 1142 1917 1210 διήρκεσαν
1939 1155 1955 1171 ⁸

362 1233 487 1286 δσοι
553 1233 612 1285 δέ
653 1232 766 1286 τῶν
827 1235 930 1302 μὲν
969 1233 1133 1287 θείων
1184 1233 1406 1305 δωρεῶν
1435 1234 1532 1286 καὶ⁸
1561 1233 1740 1304 τιμῶν
1767 1231 1960 1303 ὥσπερ

365 1324 677 1394 ἡλόγησαν,
728 1325 1150 1396 ἐφιλονείκησαν
1198 1325 1257 1378 δὲ
1308 1324 1473 1378 πλέον
1512 1341 1567 1377 τι
1592 1325 1722 1397 παρ’
1746 1322 1961 1376 ἑαυτῶν

368 1415 726 1487 προσλασεῖν,
743 1411 929 1484 οὗτοι,
952 1418 1057 1471 κᾶν
1073 1417 1165 1470 ἐπὶ
1185 1417 1381 1488 μικρὸν
1404 1416 1590 1482 ἔδοξαν
1623 1418 1703 1492 είς
1729 1413 1961 1484 αὔξησιν

373 1507 695 1579 προελθεῖν,
737 1507 852 1561 ἀλλ’
905 1509 968 1561 οὐ
1020 1508 1156 1561 πολὺ
1211 1507 1272 1560 τὸ
1318 1507 1379 1560 ἐν
1415 1507 1569 1578 μέσῳ
1600 1507 1696 1560 καλ⁵
1738 1505 1962 1559 πάντων

375 1599 658 1663 ἐξέπεσον.
694 1600 828 1666 Καὶ,
858 1601 914 1652 τί
948 1598 1152 1669 βούλει,
1178 1598 1390 1664 ἔξεστιν
1417 1600 1550 1670 ἡμῖν
1575 1597 1735 1652 τοῦτο
1766 1598 1833 1650 ἐκ
1852 1597 1962 1651 τῶν

375 1694 600 1748 οἰκείων
632 1695 863 1764 συνορᾷν
903 1693 1285 1764 πραγμάτων*
1331 1693 1430 1746 καὶ
1469 1691 1665 1745 σκόπει
1719 1689 1748 1742 ὃ
1780 1688 1960 1758 λέγω.

2060 497 2336 553 caelestem
2364 506 2418 552 et
2450 497 2938 567 incorruptibilem.

2129 681 2346 753 Cogunt
2387 698 2492 744 me.
2525 681 2600 737 {ili
2647 682 2745 748 mi,
2774 683 2868 752 qui
2926 693 3085 754 urget
3134 698 3222 738 me
3285 683 3444 740 dolor
3484 696 3649 754 atque

2063 786 2194 840 erga
2252 783 2302 828 te
2343 773 2561 828 dilectio
2614 788 2923 830 sermonem
3003 775 3219 847 longius
3284 779 3649 848 protrahere;

2060 864 2272 934 placide
2301 866 2496 922 audias
2552 881 2785 936 quaeso:
2840 869 3147 939 unicuique
3187 872 3334 941 genti
3393 872 3650 926 attribuit

2059 953 2205 1010 Deus
2230 956 2372 1012 sicut
2399 958 2687 1022 terminos,
2716 958 2789 1012 ita
2823 959 3058 1016 honores
3082 971 3135 1016 et
3158 961 3374 1030 ofticia;
3406 963 3499 1033 qui
3523 978 3651 1032 ergo

2059 1048 2365 1103 honoribus
2385 1064 2414 1103 a
2445 1049 2558 1104 Deo
2593 1051 2873 1106 concessis
2896 1061 3025 1106 sunt
3051 1055 3294 1108 contenti
3317 1056 3647 1126 perdurant;

2061 1139 2155 1209 qui
2219 1150 2402 1195 autem
2469 1141 2712 1196 cmlestia
2761 1143 2905 1198 dona
2957 1143 3308 1216 honoresque
3372 1145 3647 1216 aspernati

2060 1228 2358 1299 cupiditate
2434 1231 2643 1301 majora
2730 1233 2832 1288 sibi
2917 1237 3273 1305 comparandi
3359 1247 3648 1302 tenentur,

2061 1322 2277 1378 etiamsi
2311 1322 2712 1394 aliquantisper
2753 1325 3044 1380 videantur
3078 1330 3287 1399 augeri,
3325 1345 3436 1385 non
3480 1329 3653 1384 multo

2063 1413 2250 1484 elapso
2277 1424 2522 1486 tempore
2552 1418 2736 1471 omnia
2770 1419 3058 1486 amittunt;
3087 1423 3230 1492 quod
3255 1422 3440 1487 nobis,
3472 1424 3517 1478 si
3548 1423 3650 1487 vis,

2063 1509 2194 1564 licet
2278 1509 2519 1580 propriis
2604 1510 2771 1566 rebus
2835 1513 3180 1582 perspicere;
3241 1515 3460 1569 attende
3519 1515 3650 1584 quid

2059 1600 2241 1655 dicam
2274 1617 2289 1654 :
2326 1600 2385 1654 Si
2409 1601 2538 1670 quis
2570 1609 2889 1657 nostrorum
2925 1605 3348 1675 mancipiorum,
3391 1621 3653 1661 concesso

2066 1705 2096 1744 a
2127 1691 2287 1746 nobis
2324 1691 2533 1746 honore
2563 1706 2672 1746 non
2723 1701 2865 1747 esset
2925 1703 3252 1762 contentus,
3299 1699 3390 1752 sed
3437 1697 3652 1770 quidvis

388 1787 456 1841 Εἴ
474 1803 561 1849 τις
582 1786 689 1840 τῶν
722 1787 1012 1857 ἡμετέρων
1030 1785 1403 1870 δῦποχεινρίων,
1434 1785 1602 1856 τιμῆς
1630 1801 1775 1848 τινος
1801 1771 1966 1850 ἀξιω-

2074 1784 2302 1854 amplius
2359 1785 2589 1855 adipisci
2634 1788 2818 1858 vellet,
2864 1803 3044 1844 nonne
3097 1791 3317 1860 indigne
3363 1791 3653 1849 ferrenms.

389 1880 509 1943 θεὶς
543 1878 672 1949 παρ’
693 1879 869 1948 ἡμῶν,
917 1880 994 1950 μὴ
1022 1879 1230 1949 ταύτην
1280 1879 1473 1950 ἀγαπᾷ
1531 1878 1667 1950 μηδὲ
1718 1877 1960 1958 στέργει,

385 1968 530 2022 ἀλλά
569 1971 656 2021 καὶ
681 1968 980 2039 φιλονεικεῖ
1008 1969 1170 2023 πλέον
1199 1987 1254 2026 τι
1279 1968 1460 2040 ἑαυτῷ
1481 1955 1823 2038 περιθέσθαι,
1864 1967 1965 2019 οὐκ

380 2061 863 2130 ἀγανακτήσομεν,
898 2061 960 2115 οὔ
998 2063 1336 2133 μισήσομεν,
1363 2061 1464 2116 ούκ
1483 2062 1822 2133 ὀργιούμεθα
1845 2061 1965 2114 κατ’

377 2151 549 2204 αὐτοῦ
573 2167 588 2214 ;
616 2147 747 2203 Εἶτα
774 2153 938 2221 ἡμεῖς
971 2152 1094 2223 μὲν,
1138 2153 1418 2225 ἄνθρωποι
1450 2153 1603 2218 ὄντες
1636 2153 1823 2222 θνητοὶ⁵
1871 2155 1968 2206 καὶ

373 2242 664 2313 ὲπίκηρει,
697 2242 765 2312 ἢν
821 2243 888 2307 ἂν
938 2243 1108 2316 τιμὴν
1159 2246 1384 2318 δοίημεν
1416 2246 1692 2318 ἀνθρώπῳ
1733 2246 1833 2314 ίσῳ
1867 2245 1968 2316 τὴν

375 2335 568 2404 φύσιν,
603 2337 701 2389 ἐάν
741 2336 817 2406 μὴ
872 2338 1079 2408 ταύτην
1128 2339 1422 2411 ἀγαπήση,
1463 2340 1599 2410 μηδὲ
1628 2338 1969 2410 εὐχαρίστως

374 2427 620 2498 ιμμείνη
653 2430 719 2498 τῇ
756 2429 960 2501 δωρεᾷ,
1001 2429 1139 2483 ἀλλὰ
1186 2432 1319 2500 παρ’
1358 2431 1556 2484 ἑαυτοῦ
1593 2431 1972 2502 προσφιλονει-

374 2520 543 2588 κήση,
580 2519 679 2572 καὶ
719 2522 1158 2592 περιεργάσηται
1214 2523 1530 2595 καινότερός
1570 2540 1655 2587 τις
1704 2523 1970 2576 εἶναικαὶ

373 2609 603 2676 δοκεῖν,
668 2612 1130 2686 ἀγανακτήσομεν
1182 2597 1471 2681 ’παντελῶς
1514 2617 1614 2688 τὴν
1675 2616 1971 2687 δεδομένην

372 2703 530 2772 αὐτῷ
565 2704 706 2774 παρ’
727 2706 885 2774 ἡμῶν
905 2705 1098 2778 τιμὴν,
1144 2707 1252 2761 καὶ
1281 2707 1478 2779 ἄτιμον
1505 2707 1706 2779 μᾶλλον
1741 2709 1969 2779 ποιήσο-

373 2813 517 2867 μεν⁶
549 2799 671 2852 ἀνθ’
707 2793 786 2855 ὧν
838 2800 1092 2871 ἐνόμισεν
1122 2803 1303 2874 οἰκείᾳ
1354 2803 1610 2875 περινοίᾳ
1653 2803 1819 2857 πλέον
1872 2801 1968 2855 τοῦ

371 2891 590 2954 δέοντος
621 2891 817 2945 ἑαυτὸν
859 2894 1066 2963 τιμᾷνο
1098 2896 1192 2949 τὸν
1218 2895 1276 2947 δὲ
1328 2895 1464 2948 Θεὸν
1493 2895 1593 2964 οὐχ
1618 2892 1792 2956 οὕτως
1832 2894 1970 2947 ὑπο-

372 2981 672 3052 ληψόμεθα
727 2987 844 3047 τοῖς
901 2983 980 3054 μὴ
1027 2984 1378 3055 βουλομένοις
1411 2987 1675 3056 ἐμμένειν
1725 2987 1792 3055 τῇ
1836 2983 1971 3056 παρ’

2063 1887 2248 1936 nonne
2276 1875 2403 1928 odio
2420 1877 2574 1932 nobis
2604 1888 2768 1946 esset,
2791 1897 2973 1935 nonne
3010 1880 3064 1934 in
3090 1896 3213 1935 eum
3249 1880 3654 1934 irascerentur?

2065 1980 2166 2020 nos
2190 1966 2432 2038 quidem,
2461 1968 2710 2027 homines
2739 1973 3019 2036 mortales,
3047 1983 3209 2043 atque
3235 1973 3612 2042 COII'llplibileS
3634 2013 3650 2039 ,

2069 2060 2117 2116 si
2151 2061 2274 2130 quis
2299 2079 2329 2115 a
2360 2064 2518 2118 nouis
2546 2064 2676 2120 dato
2711 2066 2938 2132 honore,
2982 2067 3146 2123 homo
3174 2067 3401 2139 aequalis
3433 2078 3650 2134 natura,

2067 2169 2178 2208 non
2236 2156 2306 2214 sit
2363 2168 2653 2214 contentus
2718 2175 2893 2230 neque
2940 2176 3065 2217 cum
3111 2163 3407 2233 gratiarum
3441 2162 3655 2216 actione

2069 2255 2260 2301 nostro
2283 2248 2424 2302 dono
2457 2249 2682 2314 insistit,
2716 2251 2807 2306 sed
2838 2251 3133 2306 ambitione
3164 2263 3444 2318 correptus
3490 2255 3654 2306 homo

2069 2352 2246 2393 novus
2279 2349 2331 2394 et
2366 2339 2481 2394 ﬁeri
2514 2351 2571 2396 et
2597 2343 2768 2398 videri
2819 2346 3017 2415 satagit
3045 2345 3198 2399 illum
3222 2345 3485 2400 honorem
3518 2360 3654 2398 cou-

2069 2431 2308 2486 cessisse
2335 2432 2585 2489 dolemus
2626 2436 2826 2507 illoque
2877 2439 3154 2492 hominem
3183 2439 3474 2504 nudamus,
3526 2453 3654 2507 pro-

2071 2531 2253 2590 pterea
2287 2523 2434 2591 quod
2485 2525 2712 2596 proprio
2753 2540 2920 2581 sensu
2973 2529 3212 2598 seipsum
3253 2527 3486 2582 voluerit
3533 2526 3658 2595 plus

2070 2627 2226 2682 :rquo
2255 2615 2566 2683 honorare;
2605 2618 2776 2672 Deum
2807 2634 2936 2673 vero
2970 2635 3150 2674 nonne
3177 2633 3549 2690 supponemus
3585 2618 3658 2671 ita

2070 2703 2188 2758 fore
2221 2704 2476 2760 affectum
2514 2709 2566 2761 in
2617 2722 2711 2762 eos
2748 2710 2839 2776 qui
2876 2711 3084 2764 honore
3121 2713 3189 2764 ab
3229 2711 3350 2779 ipso
3396 2725 3658 2765 concesso

2073 2795 2313 2849 c’ontenti
2344 2811 2464 2850 esse
2496 2796 2738 2850 nolunt?
2767 2814 2948 2853 nonne
2978 2799 3234 2853 irascitur
3270 2801 3317 2853 si
3352 2801 3476 2869 quis
3532 2800 3659 2855 \‘clil

2071 2888 2209 2942 ﬁnes
2237 2889 2474 2942 transire
2505 2888 2688 2959 gloria:
2716 2899 2770 2944 et
2799 2891 3027 2946 honoris
3051 2905 3188 2962 quos
3217 2892 3330 2962 ipse
3365 2892 3660 2946 statuerit?

2069 2977 2150 3033 Nc
2181 2993 2407 3034 censeas
2439 2994 2541 3034 nos
2592 2980 2891 3049 sopbistice
2941 2982 3016 3036 ita
3054 2983 3327 3050 scribere;
3367 2963 3500 3036 non.
3515 2982 3658 3036 enim

375 3074 548 3127 αὐτοῦ
577 3074 846 3146 δεδομένῃ
875 3076 1087 3140 τούτοις
1113 3080 1250 3148 τιμῇ
1276 3076 1456 3142 ἓξεινς
1502 3077 1610 3130 οὐδ’
1658 3077 1966 3147 ὀργιεῖσθαι

2074 3085 2173 3141 ego
2187 3070 2480 3140 sophistes,
2504 3084 2612 3124 non
2631 3070 2921 3125 verborum
2950 3070 3146 3125 artifex
3172 3068 3617 3140 pcrsuasibilium
3643 3110 3657 3132 .

373 3164 450 3219 ἄν
470 3167 597 3230 τοὺς
624 3167 790 3238 ὅρους
823 3167 1179 3238 ὑπερϐαίνειν
1220 3168 1534 3238 βουληθεῖεν
1560 3167 1660 3238 τῆς
1689 3167 1848 3237 δόξης
1875 3168 1970 3222 καὶ

2077 3162 2197 3224 sed,
2244 3163 2369 3217 licet
2412 3163 2692 3232 indignus,
2755 3164 2931 3219 sancti
2984 3163 3174 3220 altaris
3234 3166 3507 3228 minister,
3563 3180 3664 3234 pro

373 3260 480 3329 τῆς
535 3262 728 3330 τιμῆς,
787 3260 883 3325 οὓς
945 3261 1108 3324 αὐτὸς
1135 3262 1496 3333 ἐδωρήσατο;
1549 3261 1642 3332 Μὴ
1689 3261 1970 3331 ὑπολάὸῃς

2078 3253 2463 3310 universorum
2523 3255 2708 3311 salute
2765 3255 3133 3324 intercessor;
3195 3259 3434 3312 arbitror
3483 3268 3662 3311 autem

374 3351 557 3406 ταῦτα
589 3351 923 3422 σοφιστικῶς
943 3354 1181 3424 γράφειν
1200 3355 1352 3424 ἡμᾶς
1372 3369 1386 3383 '
1411 3351 1536 3406 οὗτε
1562 3353 1672 3424 γάρ
1708 3354 1970 3423 σοφιστὴς

2081 3361 2169 3402 me
2214 3347 2383 3418 probe
2417 3363 2642 3404 censere
2687 3347 2798 3404 Deo
2843 3365 2955 3406 non
3010 3365 3131 3406 esse
3181 3350 3454 3420 placentia
3504 3351 3665 3405 istius

373 3440 493 3513 ἐγὼ
542 3443 673 3498 οὔτε
721 3444 1103 3514 πιθανολόγος,
1172 3443 1288 3498 ἀλλ’
1338 3446 1390 3498 εί
1449 3445 1546 3499 καὶ
1605 3445 1825 3509 ἀνάξιος
1874 3443 1970 3497 τοῦ

2089 3443 2237 3498 modi
2273 3442 2525 3499 consilia.

374 3539 540 3608 ἁγίου
570 3539 969 3610 θυσιαστηρίου
1008 3539 1346 3610 λειτουργὸς,
1371 3539 1592 3608 καὶτῆς
1649 3541 1868 3594 πάντων
1899 3540 2178 3608 σωτηρίας
2247 3539 2686 3609 ύπερευχόμενος
2719 3557 2735 3571 ·
2803 3541 2900 3596 καὶ
2947 3539 3319 3613 ὑπολαμϐάνω
3351 3542 3448 3612 ώς,
3497 3543 3667 3611 ἐμαυ-

376 3631 474 3687 τὸν
501 3632 680 3686 πείθω
712 3631 950 3702 ἀληθῶς,
986 3633 1068 3686 ὅτι
1105 3633 1180 3703 μὴ
1236 3637 1349 3698 τοῖς
1379 3633 1646 3698 τοιούτοις
1681 3633 2114 3704 ἐπιχειρήμασιν
2153 3633 2452 3704 ἀρέσκεται
2488 3638 2516 3688 ὁ
2554 3635 2709 3699 Θεός.

447 3723 642 3795 Χωρὶς
669 3724 731 3778 δὲ
758 3724 968 3778 τούτων
994 3726 1224 3779 κάκεῖνό
1255 3743 1315 3778 σε
1370 3726 1470 3793 δεῖ,
1523 3726 1717 3780 τέκνον
1782 3726 1970 3796 ἡμῶν,

376 3815 812 3888 διινθυμεῖσθαι,
840 3818 922 3871 ὅτι
956 3817 1214 3886 πέρυσιν,
1243 3819 1325 3882 είς
1355 3817 1478 3888 ὄψιν
1512 3817 1761 3888 ἀλλήλων
1799 3834 1972 3871 κατα-

382 3911 636 3963 στάντων
677 3909 866 3979 ημῶν,
898 3911 1215 3980 ἐπηγγείλω
1266 3910 1448 3966 πάντα
1482 3911 1758 3981 εἰρηνικὰ,
1793 3912 1975 3964 πάντα

379 4001 568 4072 φιλίας
592 4002 865 4072 καθαρᾶςο
895 4003 989 4054 καὶ
1007 4003 1083 4065 ὡς
1104 4002 1211 4056 ἀπό
1232 4019 1298 4072 γε
1324 4002 1420 4056 τοῦ
1447 4002 1542 4056 νῦν
1557 4002 1852 4074 λυθήσεται
1876 4003 1977 4073 μὲν

381 4100 538 4151 πᾶσα
567 4096 709 4166 ἔρις,
752 4093 903 4149 πᾶσα
933 4095 1209 4166 πρόφασις
1238 4095 1575 4161 σκανδάλων,
1623 4094 1897 4149 παύσεται
1921 4096 1980 4148 δέ

377 4193 539 4245 πᾶσα
584 4188 801 4254 στάσις,
837 4189 934 4242 καὶ
964 4188 1410 4260 βραϐευθήσεται
1468 4190 1566 4243 σὺν
1621 4188 1742 4259 Θεῷ
1774 4189 1979 4268 μεταξὺ

388 4278 688 4352 Ῥωμαίων
716 4282 810 4334 καὶ
821 4282 1156 4353 Βουλγάρων
1176 4282 1370 4353 εἰρήνη
1398 4281 1566 4344 ὅντως
1590 4281 1860 4352 σταθηρά,
1884 4281 1981 4335 καὶ

379 4376 474 4429 οἶα
524 4375 684 4427 οὔπω
714 4377 985 4444 πρότερον
1023 4375 1277 4442 γέγονεν,
1327 4373 1438 4427 οὐδ’
1497 4373 1877 4444 ἐπειράθησαν
1927 4373 1977 4425 oi

2147 3723 2419 3780 Praeterea
2454 3726 2586 3780 illud
2615 3737 2687 3791 te,
2729 3727 2806 3782 [ili
2842 3727 2937 3794 mi,
2969 3735 3188 3797 oportet
3227 3725 3582 3781 considerare
3615 3737 3664 3781 te

2076 3816 2347 3885 superiori
2376 3831 2543 3881 anno,
2575 3831 2702 3870 cum
2734 3818 3416 3883 ambo-..convenisscmus,
3447 3817 3665 3870 nonnisi

2079 3908 2307 3978 paciﬁca
2326 3916 2381 3963 et
2409 3907 2746 3962 amicissima
2773 3923 2896 3962 esse
2919 3909 3163 3962 locutum
3192 3949 3207 3973 ,
3235 3908 3665 3977 promisisseque

2081 3997 2339 4066 deinceps
2386 3999 2656 4053 sedandas
2705 4013 2826 4053 esse
2875 4015 3066 4054 omnes
3113 3999 3441 4066 discordias,
3485 4015 3666 4054 remo-

2083 4088 2291 4144 Vendas
2343 4089 2724 4143 scandalorum
2754 4091 3098 4156 occasiones,
3138 4100 3418 4146 cessatura
3468 4100 3664 4145 cuncta

2088 4171 2339 4238 dissidia,
2367 4172 2657 4239 jurandam
2684 4189 2870 4228 coram
2918 4173 3031 4229 Deo
3062 4191 3190 4230 vero
3220 4179 3429 4230 lirmam
3462 4175 3666 4230 Itoma-

2089 4277 2190 4318 nos
2222 4264 2364 4318 inter
2381 4263 2714 4335 etBulgaros
2747 4281 2959 4336 pacem,
2997 4265 3295 4336 futuraque
3323 4268 3504 4336 qualia
3529 4282 3667 4321 non-

2087 4355 2216 4408 dum
2255 4354 2489 4411 fuissent
2521 4373 2766 4426 unquam
2791 4397 2807 4424 ,
2846 4375 2946 4412 nec
2989 4359 3226 4429 majores
3261 4359 3435 4413 nostri
3467 4371 3668 4426 cogno-

379 4468 492 4537 πρὸ
523 4464 686 4535 ἡμῶν
719 4467 778 4518 ἐν
815 4465 920 4536 βίῳ
949 4466 1260 4536 γεγονότες.
1296 4465 1408 4520 Ποῦ
1443 4483 1558 4535 μοι,
1581 4467 1777 4519 τέκνον
1809 4466 1966 4534 ἐμὸν,

2085 4447 2332 4503 vissent:
2364 4450 2456 4504 ubi
2490 4466 2660 4514 nunc,
2687 4451 2762 4507 [ili
2796 4451 2891 4519 mi,
2917 4451 3094 4506 dulcis
3121 4451 3210 4506 ille
3239 4451 3506 4507 allectus?
3527 4450 3668 4516 Quid

381 4559 414 4625 ἡ
447 4559 573 4610 τότε
620 4556 848 4625 γλυκεῖα
887 4557 1179 4624 διάθεσις;
1216 4557 1283 4611 Τί
1333 4559 1559 4626 γέγονεν
1595 4561 1628 4629 ὴ
1671 4559 1774 4629 τῆς
1819 4563 1976 4632 εἰρή-

379 4668 478 4721 νης
510 4649 851 4719 ὑπόσχεσιςς
888 4650 1000 4716 Ποῦ
1049 4652 1237 4704 ἐκεῖνα
1284 4651 1355 4705 τά
1414 4655 1639 4724 ῥήματα
1675 4649 1756 4715 οἷς
1791 4651 1979 4724 ἔχαιρε

384 4746 485 4816 μὲν
512 4743 675 4809 Θεὸς,
717 4744 940 4824 ἔχαιρον
984 4743 1055 4796 δὲ·
1088 4745 1138 4797 oi
1174 4743 1471 4809 ἀκούοντες
1516 4744 1832 4816 ἄνθρωποι;
1866 4745 1977 4800 Ποῦ

381 4837 683 4908 ἐχώρησαν
736 4838 794 4889 αί
847 4839 1088 4908 χρησταὶ
1126 4837 1342 4900 ἐλπίδες
1376 4838 1445 4903 ἃς
1501 4839 1724 4910 εἴχομεν
1757 4839 1982 4892 ἀδιστά-

380 4945 554 4991 κτως,
589 4927 668 4990 ώς
699 4928 887 4981 οὐκέτι
922 4927 1131 4998 μεταξὺ
1189 4927 1485 4997 Ῥωμαίων
1513 4929 1612 4983 καὶ
1643 4928 1978 4998 Βουλγάρων

385 5021 608 5091 ἰσχύσει
655 5022 684 5072 ὁ
737 5019 978 5090 πονηρὸς
1029 5020 1241 5090 δαίμων
1293 5019 1593 5073 ὑποϐαλεῖν
1654 5018 1977 5088 σκάνδαλον,

382 5115 508 5166 οὐδὲ
539 5111 873 5184 συνταράξει
909 5112 1006 5181 τὴν
1039 5111 1292 5182 καθαρὰν
1332 5111 1518 5164 αὐτῶν
1537 5111 1803 5182 ἀγάπην;
1846 5111 1980 5164 Σκό-

513 5207 787 5275 φρόνιμος
813 5202 890 5256 ὣν
922 5204 1112 5273 χάριτι
1147 5203 1308 5269 Θεοῦ,
1340 5207 1435 5256 καὶ
1458 5204 1586 5268 ὀξὺς
1634 5203 1872 5256 συνιδεῖν
1919 5204 1981 5257 τὸ

386 5297 574 5361 καλὸν,
607 5299 708 5362 τὰς
739 5297 1024 5367 μεθοδείας
1056 5295 1152 5350 τοῦ
1184 5296 1448 5367 πονηροῦ*
1482 5295 1827 5367 πολύτροπός
1859 5297 1981 5348 ἐστι

389 5395 484 5444 καὶ
533 5393 690 5461 πάσῃ
729 5389 957 5461 μηχανῆ
1003 5388 1148 5442 κατά
1191 5389 1292 5458 τῆς
1327 5387 1630 5459 ,σωτηρίας
1675 5385 1770 5440 τοῦ
1833 5386 1981 5438 θείου

383 5483 714 5554 πλάσματος
751 5481 1107 5550 ἀγωνίζεται’
1141 5481 1332 5551 φθονεῖ
1360 5480 1458 5548 μὲν
1481 5481 1645 5533 παντὶ
1683 5477 1979 5552 ἀνθρώπῳ,

385 5577 551 5630 πλέον
581 5576 638 5629 δὲ
674 5577 788 5637 τοῖς
827 5574 1102 5646 μειζόνως
1140 5573 1302 5644 χάριν
1347 5572 1576 5624 λαὸοὗσι
1631 5571 1784 5642 παρά
1819 5567 1978 5624 Θεοῦ.

385 5666 542 5721 Εὗεν
570 5662 667 5720 οὖν
699 5667 794 5720 καὶ
850 5665 936 5729 σὲ,
971 5663 1166 5716 τέκνον
1200 5663 1353 5732 ἐμὸν,
1407 5662 1694 5734 φρονήσει,
1739 5659 1976 5722 συνέσει,

386 5762 746 5831 χρηστότητι,
786 5756 1093 5826 ἐπιεικείᾳ,
1131 5758 1226 5810 καί
1262 5755 1444 5819 ἄλλοις
1476 5755 1754 5818 πλείστοις
1793 5753 1979 5841 καλοῖς

2084 4539 2175 4595 illa
2211 4541 2362 4611 pacis
2423 4541 2762 4612 promissio?
2811 4543 2905 4598 ubi
2938 4544 3104 4599 verba
3156 4545 3247 4599 illa
3295 4547 3495 4616 quibus
3527 4545 3671 4600 Deus

2083 4635 2375 4704 gaudebat,
2430 4637 2630 4706 quibus
2675 4637 2960 4692 audientes
3012 4637 3266 4694 homines
3325 4637 3668 4708 gaudebant?

2083 4726 2206 4793 Quo
2239 4726 2378 4798 fugit
2406 4743 2533 4799 spes
2560 4729 2650 4784 illa
2685 4729 3003 4785 lelicissima
3032 4741 3195 4800 atque
3221 4729 3528 4784 indubitata
3559 4715 3667 4799 qua

2083 4821 2445 4891 sperabamus
2487 4838 2596 4877 non
2624 4822 2737 4892 jam
2789 4822 3022 4892 amplius
3056 4823 3326 4878 nefarium
3367 4821 3668 4877 daemonem

2083 4914 2225 4970 inter
2253 4913 2533 4972 Romanos
2550 4931 2613 4970 ac
2630 4916 2891 4986 Bulgaros
2920 4917 3178 4971 scandala
3200 4931 3325 4971 esse
3348 4924 3674 4986 provocatu-

2082 5023 2203 5062 rum
2225 5023 2401 5078 neque
2417 5009 2768 5078 purissimam
2789 5023 2978 5062 eorum
3000 5009 3348 5064 dilectionem
3381 5010 3672 5079 perturba-

2085 5099 2306 5154 turum?
2362 5097 2684 5166 Considera,
2741 5103 2984 5170 prudens
3048 5116 3171 5156 cum
3237 5100 3330 5156 Dei
3367 5103 3553 5178 gratia
3596 5103 3674 5160 sis

2084 5202 2278 5261 satque
2297 5192 2362 5247 ad
2383 5193 2584 5247 bonum
2608 5195 3048 5264 perspiciendum
3069 5196 3317 5261 idoneus,
3349 5196 3571 5268 maligni
3586 5195 3676 5249 iu-

2085 5285 2285 5351 sidias;
2321 5295 2575 5342 versutus
2598 5304 2833 5358 namque
2850 5301 2932 5342 est
2965 5300 3016 5343 et
3053 5291 3360 5346 innumeris
3392 5289 3673 5344 machina-

2085 5380 2330 5435 tionibus
2351 5381 2618 5435 adversus
2651 5381 2744 5436 Dei
2770 5391 3147 5437 creaturarum
3181 5385 3412 5440 salutem
3440 5387 3668 5452 pugnat;

2084 5473 2258 5527 cuivis
2282 5473 2489 5527 homini
2524 5454 2751 5536 invidet,
2790 5477 2960 5548 magis
2981 5486 3172 5534 autem
3199 5477 3266 5530 iis
3291 5475 3382 5544 qui
3409 5476 3668 5542 majorem

2085 5583 2114 5621 a
2149 5568 2255 5622 Deo
2294 5569 2527 5637 gratiam
2581 5570 2913 5638 acceperint;
2973 5571 3074 5626 scit
3130 5571 3296 5642 igitur
3334 5577 3404 5628 te,
3457 5565 3532 5620 liii
3575 5566 3669 5629 tui,

2087 5659 2398 5728 prudentia,
2439 5660 2700 5724 bonitate,
2735 5662 3002 5725 modestia
3029 5662 3384 5730 plurimisque
3418 5658 3540 5712 aliis
3573 5658 3672 5722 dro-

2087 5751 2232 5807 tibus
2269 5750 2544 5822 praeclaris
2589 5768 2617 5806 a
2651 5751 2763 5809 Deo
2796 5769 2917 5809 esse
2955 5755 3237 5807 donatum.
3278 5747 3508 5805 ideoth
3556 5765 3670 5804 ma-
