4178 6406
391 283 470 351 63
1858 288 2273 351 EPISTOLIE.
3593 299 3667 360 7d

383 400 587 470 χεῖρας
605 395 745 450 κατὰ
761 395 869 451 τῶν
886 398 952 452 ἐκ
967 398 1065 452 τοῦ
1082 395 1250 452 αὑτοῦ
1270 396 1584 469 σπέρματος
1597 394 1688 451 καὶ
1701 394 1800 467 τῆς
1820 397 1961 467 αὒτῆ

2100 388 2302 481 ponere
2348 404 2765 472 exoptaverant’,
2797 414 2848 458 et
2902 405 3061 460 ιλιιιίιὶ
3103 406 3309 463 amicos
3358 408 3669 476 repudiaut.

388 485 772 559 προελθόντων
802 488 1068 559 γαστρός·
1102 489 1196 542 xal.
1223 488 1460 559 πατέρες
1490 487 1824 541 ἀπέκτειναν
1853 490 1968 542 παῖ-

2074 486 2233 543 ‘Eheu
2264 489 2431 544 mihi!
2470 507 2534 546 ex
2561 492 2654 547 illo
2692 497 3028 551 exsi-crando
3075 499 3324 553 daemone
3351 502 3454 559 mei
3502 502 3668 556 etiam

380 577 505 642 ἃλς,
550 580 694 652 ὑπὲρ
738 572 815 635 ὧν
841 578 1081 652 ηὔξαντο
1124 580 1385 645 πολλάκις
1433 578 1533 643 τὰς
1575 578 1755 652 ψυχάς
1806 598 1968 651 προα·

2080 583 2336 637 oriuntur
2378 584 2621 651 dolores,
2682 587 3028 658 gemitusque
3075 600 3132 645 et
3181 592 3471 662 lacrymac;
3519 592 3669 650 illius

380 673 599 741 φεῐναι,
634 673 729 726 καὶ
754 672 901 742 φίλοι
928 673 1121 744 φίλους
1149 674 1443 744 ἠγνόησανο
1477 672 1692 726 ἑκείνου
1719 673 1815 726 τοῦ
1845 672 1968 727 ἀλά-

2074 673 2306 743 perlldis
2358 675 2605 732 artiﬁciis
2660 678 2842 733 soluta
2908 689 3037 735 sunt
3090 681 3309 737 vincula
3363 683 3670 739 dilectionis

376 776 586 833 στορος
611 763 761 834 οἶμοι
789 763 1045 834 δαίμονος
1083 762 1179 817 καὶ
1211 763 1277 816 τά
1311 763 1406 816 νῦν
1458 762 1559 833 ἐμὲ
1600 763 1968 818 καταλαϐόντα

2084 765 2228 819 inter
2264 765 2406 822 ﬁlios
2452 765 2663 823 Christi
2709 779 2763 824 et
2803 768 2900 825 Del
2949 772 3079 838 mei,
3144 774 3409 831 Romanas
3459 777 3669 834 scilicet

376 852 533 924 πάθη
592 856 689 907 καὶ
750 853 800 908 οἱ
840 854 1053 924 θρῆνοι,
1084 852 1178 906 καὶ
1211 854 1279 908 τά
1326 852 1579 931 δάκρυαοη
1609 852 1821 908 ἐκείνου
1868 854 1976 924 τῆς

2080 867 2243 927 atque
2274 857 2520 930 Bulgarae
2541 861 2850 931 potestatis.

372 944 807 1017 κακομηχανίας
830 947 864 1015 ἡ
897 944 1186 1015 διάρρηξις
1210 945 1305 998 τοῦ
1359 945 1659 1016 συνδέσμου
1703 951 1801 1019 τῆς
1831 947 2055 1021 ἀγάπης
2080 950 2197 1004 τῶν
2237 951 2335 1006 τοῦ
2402 953 2643 1025 Χριστοῦ
2708 957 2804 1010 καὶ
2834 956 2972 1011 Θεοῦ
3042 976 3145 1030 μου
3212 961 3444 1031 τέκνων,
3478 964 3577 1036 τῆς
3608 981 3666 1018 τι

385 1027 722 1105 Ῥωμαῖκῆς
755 1037 853 1090 καὶ
883 1036 982 1105 τῆς
1009 1036 1387 1108 Βουλγαρικῆς
1416 1036 1691 1102 ἐξουσίας.

464 1128 593 1197 Ἀφ’
632 1122 697 1184 οὗ
729 1128 843 1198 γὰρ
875 1128 905 1181 ὁ
952 1125 1256 1197 βραϐεῦσαι
1309 1128 1592 1201 βουληθεὶς
1635 1131 1866 1202 εερήνην
1898 1132 1979 1204 τῷ

376 1224 582 1292 κῦσμῳ
604 1221 696 1275 διά
727 1221 830 1290 τῆς
879 1221 944 1276 ὲκ
965 1225 1076 1278 τῶν
1112 1220 1398 1292 πατρικῶν
1426 1223 1645 1278 κόλπων
1666 1224 1975 1293 κενώσεως,

376 1314 439 1368 τδ
468 1313 585 1368 τῶν
614 1312 949 1386 Βουλγάρων
998 1315 1155 1385 γένος
1209 1313 1348 1383 πρὸς
1403 1313 1597 1367 ἑαυτὸν
1629 1314 1970 1385 ᾠκειώσατο,

379 1409 473 1461 nl.
512 1409 598 1469 ei;
657 1407 1000 1480 ἀδελφότητα
1048 1407 1127 1479 τῷ
1189 1405 1486 1478 Ῥωμαϊκῷ
1538 1409 1687 1476 γένει
1740 1412 1965 1484 συνῆψε,

382 1500 476 1552 καὶ
504 1498 608 1565 τὴν
643 1499 815 1569 αὐτὴν
842 1499 1087 1569 παρέσχε
1113 1497 1278 1568 τιμὴν
1307 1497 1385 1569 τῷ
1419 1501 1705 1555 καλεῖσθαι
1734 1504 1964 1566 τούτους

386 1589 773 1659 Χριστιανοὺς,
813 1589 1008 1660 ὥσπερ
1034 1589 1132 1644 καὶ
1161 1590 1316 1660 ημῖν,
1370 1592 1431 1644 οὐ
1479 1595 1661 1665 φέρων
1714 1595 1814 1665 τὴν
1874 1612 1966 1649 το-

388 1682 595 1751 σαύτην
622 1682 999 1751 γεγενημένην
1031 1684 1111 1746 εἰς
1142 1683 1285 1752 ὑμᾶς
1316 1685 1643 1755 εὐεργεσίαν
1664 1688 1691 1739 ὁ
1721 1686 1809 1740 ἀεὶ
1841 1686 1968 1756 φθο-

2156 1134 2240 1191 Ex
2284 1153 2393 1208 quo
2422 1139 2621 1195 etenim
2648 1142 2741 1212 qui
2770 1142 2985 1199 volebat
3022 1161 3214 1216 pacem
3244 1148 3297 1203 in
3335 1150 3540 1206 mundo
3571 1152 3667 1207 lii"

2089 1242 2239 1282 mare
2283 1245 2378 1298 per
2425 1244 2584 1285 suum
2617 1242 2898 1302 epaterno
2939 1235 3062 1291 sinu
3102 1238 3306 1292 exitum
3333 1279 3350 1306 ,
3394 1239 3661 1313 Bulgare-

2079 1333 2208 1382 rum,
2238 1336 2410 1389 genus
2439 1323 2542 1377 sibi
2574 1316 3445 1402 viudicaverit‘Romanorumque
3473 1336 3658 1403 generi

2077 1412 2315 1466 amicitia
2366 1416 2704 1482 copulaverit
2754 1426 2808 1472 et
2853 1419 3101 1474 eamdem
3150 1422 3376 1492 gloriam
3428 1425 3537 1479 illis
3588 1442 3650 1480 ac

2076 1503 2234 1558 nobis
2259 1502 2567 1561 Christiana
2594 1509 2951 1577 appellatione
2975 1500 3202 1576 dederit,
3237 1514 3455 1581 indigne
3479 1514 3659 1570 ferens

2075 1596 2182 1649 tale
2230 1596 2386 1652 vobis
2434 1613 2756 1654 concessum
2791 1602 3139 1668 beneﬁcium,
3173 1607 3266 1674 qui
3314 1607 3472 1662 bonis
3507 1600 3679 1664 sem?

2074 1700 2172 1754 per
2210 1687 2435 1752 invidet,
2466 1689 2851 1768 indefessoque
2881 1705 3079 1749 conatu
3114 1705 3353 1765 tentans,
3386 1710 3652 1768 quantum

394 1773 503 1826 νῶν
546 1775 657 1837 τοῖς
684 1773 887 1840 καλοῖς,
928 1776 1355 1833 ἀκατάπαυστον
1397 1779 1454 1832 δὲ
1480 1779 1668 1848 ἀγῶνα
1700 1779 1963 1850 ποιούμε-

2069 1778 2124 1833 in
2159 1793 2220 1833 se
2272 1790 2386 1834 erat
2439 1784 2764 1838 contristare
2794 1773 3075 1841 Christum
3105 1797 3159 1841 et
3191 1788 3360 1843 Deum
3394 1789 3651 1845 benefac-

398 1882 492 1927 ν›ς
513 1864 609 1919 τοῦ
637 1867 749 1920 ὅσον
775 1866 867 1921 ἐπ’
892 1866 1042 1938 αὐτῷ
1067 1868 1311 1940 λυπῆσαι
1347 1870 1446 1942 μὲν
1483 1869 1576 1923 τὸν
1604 1871 1844 1942 Χριστὸν
1872 1870 1969 1925 καὶ

394 1957 534 2011 Θεὸν
577 1959 727 2028 ἡμῶν
753 1959 847 2014 τὸν
884 1962 1069 2014 κοινὸν
1117 1963 1433 2033 εὐεργέτην,
1483 1962 1761 2035 ζημιῶσαι
1803 1964 1859 2017 δὲ
1908 1965 1969 2019 τὸ

384 2049 709 2122 Βουλγάρων
762 2054 921 2122 γένος
976 2053 1093 2141 τῆςζ
1124 2055 1257 2125 παρ’
1317 2053 1483 2108 αὐτοῦ
1532 2053 1831 2126 δεδομένης
1883 2048 2003 2109 στι-ι’

381 2150 517 2221 μῆς,
556 2145 733 2224 εὗρεν,
769 2153 844 2216 ὠς
891 2152 1091 2224 ἔοικεν,
1142 2153 1238 2224 ὀψέ
1269 2171 1396 2208 ποτε
1436 2155 1535 2225 τὴν
1585 2154 1809 2208 ἔκϐασιν
1867 2154 1970 2227 τῆς

375 2241 703 2314 ἐπιϐουλῆς,
762 2245 855 2297 καὶ
891 2243 1069 2317 εὑρὼν
1111 2244 1308 2316 σκεύη,
1359 2245 1504 2299 κατὰ
1558 2244 1652 2298 τὸν
1689 2245 1965 2317 μακάριον

390 2333 746 2400 ’Δπὸστολον,
775 2337 1193 2409 κατηρτισμένα
1224 2338 1306 2401 εἰς
1357 2336 1658 2402 ἀπώλειαν,
1690 2335 1726 2391 ἃ
1760 2336 1857 2408 μὲν
1903 2337 1969 2391 ὲκ

371 2427 469 2479 τοῦ
491 2427 768 2500 ὑμετέρου
808 2429 1103 2499 γένουςκᾶ
1132 2430 1189 2485 δὲ
1246 2429 1307 2495 ἐξ
1361 2429 1540 2502 ἡμῶν,
1595 2431 1868 2503 ἐνήργησε
1906 2430 1967 2484 τὸ

370 2520 615 2575 ἐλεεινὸν
644 2521 806 2576 τοῦτο
832 2526 927 2578 καὶ
974 2524 1383 2595 πολυδάκρυτον
1413 2525 1546 2595 ἡμῖν
1580 2541 1641 2578 τε
1690 2525 1787 2579 καὶ
1837 2526 1967 2596 ὑμῖν

368 2612 561 2682 ἔργον,
604 2615 698 2668 καὶ
725 2616 980 2671 τοσοῦτον
1010 2619 1171 2688 φόνον
1200 2622 1294 2675 καὶ
1319 2621 1543 2691 ὄλεθρον
1566 2621 1668 2691 τῆς
1698 2620 1795 2675 τοῦ
1825 2623 1966 2693 Χριρ

372 2702 508 2755 στοῦ
541 2703 820 2770 ἐξετέλεσε
870 2702 1264 2780 κληρονομίας,
1313 2712 1518 2782 χειρῶν
1562 2713 1965 2782 ἐργασαμένων

371 2795 470 2847 τὶν
496 2795 681 2863 φόνον,
727 2798 850 2868 οὐχὶ
893 2798 1244 2870 ἀκαθάρτων,
1292 2803 1413 2856 οὐδὲ
1460 2805 1527 2874 τῇ
1572 2801 1801 2873 ἀσεϐείᾳ
1844 2803 1966 2856 δου-

372 2882 560 2938 λεύειν
609 2887 1023 2958 ἐπισταμένων,
1070 2890 1206 2945 ἀλλὰ
1248 2892 1355 2945 τῶν
1404 2891 1841 2964 κεκαθαρμένων
1886 2890 1964 2963 τῷ

2071 1879 2243 1926 torem
2288 1884 2564 1942 nostrum,
2601 1875 2917 1948 honoreque
2961 1877 3031 1932 ab
3076 1879 3169 1933 illo
3221 1895 3485 1937 concesso
3524 1882 3654 1935 Bulo

2072 1977 2234 2033 garos
2290 1979 2532 2032 exuere,
2590 1982 2813 2022 suarum
2882 1969 3205 2024 insidiarum
3260 1975 3463 2027 exitum
3529 1990 3653 2029 seru

2068 2056 2313 2120 tandem,
2333 2065 2393 2111 ut
2426 2057 2655 2123 videtur,
2692 2058 2919 2125 invenit,
2943 2070 3112 2132 atque
3134 2065 3363 2134 repertis
3391 2065 3655 2134 perditio-

2070 2146 2180 2213 nis,
2207 2157 2265 2201 ut
2296 2149 2373 2203 ait
2406 2149 2760 2219 Apostolus‘,
2795 2153 2963 2218 vasis,
3005 2166 3116 2207 tum
3161 2170 3191 2210 e
3230 2165 3411 2211 vestro
3436 2174 3654 2228 genere,

2072 2246 2186 2293 tum
2212 2255 2241 2294 e
2267 2240 2636 2309 nostro,.illud
2662 2244 3035 2300 miserandum
3053 2257 3216 2318 atque
3242 2257 3295 2304 et
3312 2249 3467 2304 nobis
3491 2262 3546 2304 et
3564 2265 3655 2305 vo-

2068 2329 2154 2387 bis
2179 2340 2289 2387 tum
2348 2333 2642 2405 lugendum
2680 2337 2968 2392 suscitavit
3023 2341 3325 2410 negotium,
3349 2357 3413 2395 ac
3443 2352 3648 2398 tantam

2068 2432 2306 2496 Stragem
2339 2427 2664 2499 ruinamque
2698 2428 2750 2483 in
2802 2428 3011 2484 Christi
3043 2431 3354 2488 haereditate
3392 2449 3653 2489 consum-

2068 2519 2261 2581 mavit,
2297 2519 2551 2576 manibus
2584 2536 2689 2574 non
2726 2521 3036 2577 inﬁdelibus
3084 2536 3179 2578 aut
3223 2526 3483 2595 impietati
3533 2543 3652 2581 ser-

2069 2611 2187 2666 vive
2230 2614 2531 2676 consuetis,
2565 2613 2658 2669 sed
2694 2623 2885 2668 sancto
2936 2614 3266 2685 baptismate
3294 2617 3655 2674 sanctiﬁcatis

2065 2709 2124 2758 ct
2152 2701 2220 2757 ad
2259 2705 2537 2758 caelestem
2579 2703 2796 2758 Patrem
2833 2707 3006 2760 attolli
3043 2721 3152 2759 non
3188 2707 3396 2775 ignaris
3422 2747 3436 2772 ,
3486 2719 3649 2779 atque
3700 2689 3712 2701 ’

2064 2792 2250 2849 crucis
2299 2795 2585 2865 signaculo
2650 2806 2841 2851 contra
2904 2798 3123 2868 maligni
3182 2796 3414 2866 injurias
3470 2800 3651 2868 capita

2079 2883 2476 2938 munientibus.
2538 2881 2678 2951 Quid
2732 2884 2927 2955 agam?
2973 2887 3103 2954 quid
3161 2885 3462 2940 obtineho?
3511 2903 3653 2958 quos

372 2977 521 3046 ἁγίῳ
572 2977 935 3050 βαπτίσματι,
977 2981 1074 3036 καὶ
1131 2983 1268 3054 πρὸς
1308 2984 1398 3038 τὸν
1454 2983 1710 3055 οὐράνιον
1746 2984 1965 3057 Πατέρα

2069 2975 2300 3046 lugebo?
2345 2976 2436 3045 qui
2504 2975 2559 3030 in
2614 2974 2848 3031 invicem
2898 2966 3161 3033 concitati
3218 2979 3651 3059 propinquorum

370 3068 783 3138 ἐπαιρομένων,
816 3073 911 3125 καὶ
941 3071 1019 3142 τῷ
1042 3073 1136 3126 τοῦ
1177 3073 1680 3145 σταυροῦ-σημείῳ
1732 3075 1961 3138 ἑαυτοὺς

2069 3065 2305 3120 caedibus
2339 3080 2404 3120 ac
2431 3077 2610 3135 strage
2649 3076 2851 3122 terram
2887 3069 3266 3122 contaminant
3295 3081 3457 3139 atque
3484 3086 3643 3137 aera,

374 3132 939 3233 κατα-σφαλιζομένων
991 3132 1056 3216 lx
1101 3165 1199 3236 τῆς
1251 3132 1346 3218 τοῦ
1379 3132 1618 3238 πονηροῦ
1652 3132 1956 3238 ’ἐπηρείαςζ

2069 3167 2119 3212 et
2148 3171 2254 3212 non
2291 3159 2468 3213 solum
2503 3158 2842 3215 Christianos
2891 3161 2943 3214 iu
2966 3159 3098 3213 orbe
3139 3162 3391 3215 universo
3421 3161 3655 3216 audien-

373 3245 476 3313 Τίς
505 3249 757 3321 γένωμαι
786 3254 926 3327 πρὸς
985 3255 1193 3324 ταῦτας
1235 3258 1288 3310 τί
1335 3257 1763 3329 διαπράξωμαι;
1808 3259 1963 3322 τινας

2069 3257 2146 3304 tes
2197 3250 2551 3316 contristari,
2608 3251 2703 3307 sed
2745 3251 2909 3306 etiam
2944 3250 2999 3304 in
3051 3251 3208 3305 caelis
3250 3252 3508 3322 angelos;
3546 3253 3650 3323 ipsi

371 3341 846 3415 άποκλαύσωμαι,
899 3346 1028 3413 τοὺς
1057 3349 1177 3401 κατ’
1208 3348 1459 3420 ἀλλήλων
1506 3348 1961 3419 συγκινηθέντας,

2069 3342 2208 3395 enim
2236 3342 2653 3410 contristantur,
2688 3353 2746 3399 et
2774 3345 2819 3400 si
2844 3345 3115 3414 lacrymas
3147 3353 3433 3414 praestaret
3462 3361 3649 3400 eorum

371 3422 472 3488 xi‘t
538 3434 620 3505 τῷ
706 3436 896 3508 οἰκείῳ
975 3439 1123 3509 φόνῳ
1185 3440 1280 3493 καὶ
1364 3441 1488 3504 ταῖς
1562 3443 1799 3511 σφαγαῖς
1865 3457 1964 3512 μο-

2069 3443 2275 3503 natura,
2304 3434 2517 3500 ﬂerent,
2542 3436 2920 3491 universorum
2943 3437 3109 3491 etiam
3147 3436 3377 3491 Domino
3409 3439 3650 3506 dolente;

373 3526 649 3594 λῦναντας
692 3531 792 3599 μὲν
841 3529 939 3602 τὴν
990 3532 1116 3601 γῆν,
1173 3531 1515 3603 μολύναντας
1554 3532 1613 3586 δὲ
1662 3532 1754 3585 τὸν
1795 3529 1958 3603 ἀέραο

2069 3526 2373 3597 conjectare
2406 3526 2678 3597 siquidem
2710 3526 2873 3583 facile
2905 3540 3083 3598 potes,
3120 3527 3194 3582 ﬁli
3238 3530 3334 3594 mi,
3367 3530 3546 3601 qualis
3575 3532 3651 3587 sit

381 3619 789 3690 σκυθρωπάσαι
828 3621 886 3674 δὲ
933 3621 998 3674 οὐ
1049 3621 1210 3691 μόνον
1263 3623 1390 3687 τοὺς
1448 3621 1751 3685 ἀκούοντας
1790 3620 1965 3675 ταῦτα

2069 3619 2219 3675 dolor
2252 3619 2372 3689 ejus
2401 3618 2490 3689 qui
2518 3634 2627 3673 non
2659 3619 2774 3675 vult
2802 3629 3034 3675 mortem
3085 3624 3411 3690 peccatoris.
3444 3624 3539 3679 sed
3591 3636 3651 3681 ut

372 3712 747 3782 Χριστιανοὺς
784 3714 843 3766 ὲν
877 3712 975 3787 ὅλῃ
1000 3716 1067 3784 τῇ
1094 3716 1391 3789 οἰκουμένῃ
1438 3716 1795 3787 ποιήσαντας,
1829 3712 1966 3768 ἀλλὰ

2069 3719 2414 3767 convertatur
2445 3722 2499 3766 et
2523 3712 2670 3766 vivat
2694 3714 2716 3747 ⁸
2749 3753 2766 3778 ,
2797 3711 2869 3767 ob
2902 3723 2979 3767 tot
3008 3714 3298 3770 homicidia
3328 3733 3450 3786 quae
3482 3734 3647 3776 nemo

375 3802 479 3855 καὶ
507 3804 633 3867 τοὺς
667 3806 727 3857 ὲν
763 3807 981 3877 οὐρανῷ
1018 3807 1311 3875 ἀγγέλους·
1369 3806 1831 3877 σκυθρωπάζουσι
1869 3809 1966 3857 καὶ

2069 3805 2204 3857 alius
2239 3802 2473 3871 patravit
2500 3817 2666 3871 quam
2704 3802 2957 3859 diabolus
2987 3807 3192 3873 peccati
3225 3821 3446 3876 parens,
3469 3820 3524 3867 et
3552 3812 3648 3882 qui

370 3894 539 3948 αὐτοὶ
589 3898 832 3963 πάντως,
890 3901 1009 3964 καὶ,
1044 3900 1093 3953 εἰ
1151 3901 1382 3970 παρεῖχε
1434 3899 1646 3968 δάκρυα
1693 3899 1728 3969 ἡ
1779 3886 1963 3966 φύσις,

2069 3902 2345 3963 peccatum
2377 3890 2631 3957 diligunt.

370 3988 694 4057 ἐθρήνησαν
715 3990 803 4054 ἂν,
841 3991 936 4043 τοῦ
1002 3991 1114 4044 τῶν
1176 3991 1316 4044 ὅλων
1372 3991 1651 4043 Δεσπότου
1722 3990 1815 4042 ἐπὶ
1862 3988 1958 4055 .τῷ
1999 3985 2252 4054 γεγονότι
2310 3979 2628 4049 ἀλγοῦντος·
2676 3979 2936 4045 Εῑκάζεις
2990 3985 3100 4055 γὰρ
3154 3985 3399 4054 πάντως,
3457 3988 3651 4044 τέκνον

370 4083 534 4151 ἐμὶν,
583 4075 695 4134 οἷον
724 4082 785 4135 τὸ
815 4084 1041 4155 ἄλγημα
1091 4083 1187 4137 τοῦ
1230 4083 1305 4155 μὴ
1359 4082 1685 4156 βουλομένου
1736 4083 1827 4135 τὸν
1899 4082 2129 4135 θάνατον
2193 4076 2289 4129 τοῦ
2350 4073 2704 4145 ἁμαρτωλοῦε
2736 4075 2873 4130 ἀλλά
2931 4077 2996 4129 τδ
3047 4080 3375 4151 ἐπιστρέψαι
3425 4083 3521 4137 καὶ
3552 4083 3657 4156 ξῦν

369 4178 566 4243 αὐτὸν,
613 4179 706 4231 ἐπὶ
746 4178 1027 4244 τοσούτοις
1063 4178 1333 4244 θανάτοις,
1369 4178 1461 4242 οὒς
1512 4180 1690 4243 οὐδεὶς
1723 4177 1883 4242 ἄλλος
1922 4177 1955 4248 ἢ
1989 4174 2235 4238 διάϐολος
2270 4174 2299 4226 ὁ
2361 4171 2462 4240 τῆς
2522 4169 2804 4263 ἁμαρτίας
2852 4174 3154 4245 γεννήτωρ,
3188 4176 3286 4229 καὶ
3330 4176 3384 4230 οι
3446 4179 3656 4251 ταύτην

370 4274 706 4344 ἀγαπῶντες
739 4276 1092 4345 εἰργάσαντο.

462 4368 628 4421 ‘ma
653 4368 814 4438 μέχρι
841 4366 944 4420 ποῦ
973 4367 1148 4422 ταῦτα
1181 4367 1367 4438 θρηνῶ
1394 4368 1490 4422 καὶ
1519 4367 1913 4436 ἁποκλαίωμαι
1939 4382 1954 4433 ;

2142 4355 2439 4427 Usquequo
2503 4370 2633 4411 vero
2684 4356 2775 4410 illa
2820 4355 2964 4412 ﬂebo
2998 4373 3060 4415 ac
3102 4361 3334 4432 lugebo?
3360 4379 3481 4434 qua:
3523 4370 3653 4420 sunt

371 4463 510 4515 Δέον
541 4461 614 4513 τὰ
650 4459 749 4529 μὲν
771 4460 1040 4528 γεγονότα
1063 4461 1279 4531 χαλεπὰ
1307 4460 1514 4527 λιπεῖν,
1564 4459 1800 4529 ἐπείπερ
1828 4460 1962 4511 ἁναο

2069 4458 2285 4518 peracta
2339 4449 2587 4518 linquere
2627 4456 2874 4517 oportet,
2930 4465 3054 4504 cum
3111 4467 3218 4507 non
3254 4457 3324 4509 sit
3384 4457 3649 4525 possibile

371 4554 572 4615 ϐίωσις
595 4551 697 4604 οὐκ
730 4549 848 4603 ἔστι
894 4549 1004 4603 τῶν
1048 4550 1420 4621 τεθνηκότων,
1451 4550 1590 4622 πρὸς
1635 4550 1694 4604 δὲ
1742 4550 1812 4604 τά
1857 4549 1962 4619 ήδη

2069 4552 2317 4596 mortuos
2352 4541 2643 4607 suscitare,
2698 4539 2765 4594 ad
2820 4539 3066 4600 facienda
3113 4543 3371 4616 deinceps
3420 4563 3656 4604 conver-

373 4642 493 4697 ἀπό
512 4658 580 4712 γε
609 4638 705 4694 τοῦ
759 4639 856 4694 νῦν
903 4640 1211 4712 πράγματα
1247 4641 1581 4711 μεταφέρειν
1639 4641 1733 4693 τὸν
1781 4639 1963 4707 λόγον,

372 4736 576 4791 τέκνον
605 4731 762 4805 ἐμὸν,
799 4732 1117 4804 σπλάγχνον
1147 4733 1304 4804 ἐμόν.
1336 4732 1399 4787 Et
1441 4734 1550 4803 γὰρ
1584 4733 1681 4786 καὶ
1704 4731 1803 4801 τὴν
1827 4748 1965 4800 καρ-

371 4828 499 4882 δίαν
551 4823 827 4896 ἔπληξας,
888 4826 938 4879 εἰ
988 4825 1084 4878 καὶ
1128 4824 1325 4894 ὀδύνης
1390 4824 1721 4896 ἐνέπλησας,
1772 4824 1842 4878 δι’
1887 4817 1963 4878 ὧν

371 4917 649 4990 ἔπραξας,
693 4918 763 4970 τά
801 4915 1051 4987 πατρικά
1105 4914 1392 4985 σπλάγχνα
1455 4914 1821 4987 συστρέφεται
1869 4914 1966 4968 ἐπὶ

373 5015 485 5067 σοι.
553 5008 889 5083 ’Δρκέσθητι
941 5010 1056 5072 τοῖς
1100 5009 1533 5080 εἰργασμένοις,·
1571 5009 1738 5079 μέχρι
1770 5006 1966 5063 τούτου

372 5107 561 5175 στήτω
591 5105 627 5175 η
684 5101 780 5156 τοῦ
835 5101 1078 5173 πονηροῦ
1133 5102 1387 5172 δαίμονος
1439 5101 1582 5155 κατὰ
1624 5102 1724 5170 τῆς
1781 5100 1970 5172 κοινῆς

371 5199 484 5254 τῶν
518 5188 878 5270 Χριστιανῶν
916 5195 1232 5265 μιαιφονίας
1263 5195 1540 5264 ἐνέργεια,
1576 5195 1714 5265 μηδέ
1746 5211 1799 5247 τι
1832 5192 1967 5246 πλέ-

320 5340 335 5353 ,
367 5310 428 5345 ον
464 5289 667 5361 ἰσχύσῃ
713 5285 882 5349 αὐτὸς
922 5286 1023 5353 μὲν
1056 5284 1401 5356 ἐξορχεῖσθαι
1455 5288 1553 5340 καὶ
1603 5288 1819 5358 χαίρειν
1872 5288 1967 5341 ἐπὶ

364 5386 435 5454 τῇ
471 5382 630 5450 κοινῇ
667 5362 951 5447 συμφορᾷ,
980 5373 1058 5445 τῷ
1084 5376 1308 5446 Χριστῷ
1330 5376 1388 5429 δὲ
1417 5378 1511 5430 καὶ
1533 5375 1654 5446 Θεῷ
1681 5375 1841 5448 ημῶν
1869 5394 1967 5430 πε-

364 5467 706 5546 ριποιεῖν’τὺ
737 5467 1190 5535 σκυθρωπάζειν,
1250 5472 1492 5532 καὶτοῖς
1556 5468 1966 5541 φιλανθρώποις

363 5569 652 5639 ἀγγέλοις,
688 5567 787 5621 καὶ
820 5566 992 5618 πᾶσιν
1021 5565 1137 5617 ὅσοι
1176 5560 1241 5614 τδ
1267 5562 1516 5615 εὐσεϐεῖν
1548 5562 1961 5634 ἐκληρώσαντοε

441 5730 459 5757 ⁸
492 5725 659 5783 llotit.
694 5740 778 5782 ιι.
818 5722 909 5776 ειν.
992 5722 1017 5759 ι
1044 5719 1237 5775 Ezech.
1267 5736 1417 5785 xvm,
1451 5720 1540 5774 32.

2070 4636 2266 4690 tendus
2297 4649 2480 4688 sermo
2505 4642 2606 4698 est,
2640 4634 2711 4687 illi
2745 4634 2839 4698 mi,
2866 4636 3073 4689 viscera
3111 4651 3265 4705 mea;
3299 4638 3346 4693 si
3382 4640 3528 4694 enim
3560 4656 3657 4695 cor

2069 4743 2249 4783 meum
2302 4726 2557 4781 alllixeris
2612 4727 2942 4796 tristitiaque
2995 4731 3105 4784 tuis
3131 4727 3290 4786 factis
3322 4731 3654 4800 impleveris,

2068 4818 2279 4873 viscera
2307 4826 2489 4871 tamen
2519 4826 2741 4887 paterna
2775 4818 2829 4871 in
2862 4828 2914 4873 te
2957 4832 3277 4875 moventur:
3316 4823 3552 4891 peractis
3577 4826 3653 4879 sis

2062 4921 2374 4975 contentus,
2410 4910 2499 4965 hic
2533 4918 2642 4965 stat
2670 4911 2892 4966 scelesti
2925 4913 3188 4968 daemonis
3212 4917 3280 4968 ad
3303 4930 3652 4973 communem

2063 5002 2504 5058 Christianorum
2534 5002 2962 5058 internecionem
2991 5004 3251 5073 impetus,
3282 5022 3381 5061 nec
3412 5011 3649 5080 amplius

2066 5095 2279 5150 lmtctur
2332 5106 2426 5149 aut
2504 5095 2740 5165 gaudeat
2800 5099 3077 5175 communi
3140 5099 3485 5165 calamitate,
3547 5117 3647 5156 nec

2063 5189 2344 5246 Christum
2393 5204 2459 5243 ac
2516 5190 2683 5243 Deum
2739 5196 2988 5242 nostrum
3048 5192 3380 5247 contristare
3435 5194 3653 5256 valeat,

2064 5270 2242 5354 neque
2303 5283 2584 5337 hominum
2638 5291 2915 5338 amatores
2971 5283 3235 5352 angelos,
3276 5274 3466 5356 'neque
3528 5300 3650 5338 om-

2064 5391 2164 5431 nes
2188 5373 2505 5446 quicunque
2551 5373 2748 5444 pietate
2798 5383 2928 5427 sunt
2957 5374 3184 5441 donati;
3221 5376 3424 5430 bonum
3477 5374 3653 5443 siqui-

2065 5469 2189 5524 dem
2222 5485 2327 5524 nou
2354 5468 2572 5523 initium
2603 5481 2800 5538 capere
2828 5466 3032 5522 malum
3073 5481 3210 5538 Opus
3245 5480 3421 5536 neque
3473 5464 3653 5519 homi-

2064 5578 2190 5619 nem
2222 5573 2422 5620 arecta
2460 5562 2546 5616 via
2595 5562 2894 5628 declinare,
2951 5576 3075 5616 cum
3127 5567 3310 5614 autem
3359 5557 3490 5629 quid
3544 5556 3652 5613 tale
