4178 6406
539 239 606 302 71
1677 233 1988 296 NICOLAI
2033 233 2136 296 ΟΡ.

2243 229 2703 293 ΑΤΒῙΑΒΟΗΕ
3748 229 3826 289 79.

541 351 815 415 evenerit,
849 357 910 405 ut
945 347 1195 404 accidere
1231 363 1456 404 necesse
1505 357 1588 403 est
1645 350 1700 403 in
1749 349 1852 405 hac
1891 358 2136 419 peccato-

2243 345 2445 414 ἀγαθὸν
2477 344 2580 414 μὲν
2607 343 2717 414 γὰρ
2755 341 3000 412 μηδόλως
3028 340 3215 396 λα6εῖν
3250 340 3427 412 ἀρχὴν
3461 338 3626 413 ἔργον
3655 357 3824 413 πονη’

545 458 664 497 riunt
701 458 1071 512 errorumque
1132 441 1334 496 referta
1395 442 1544 508 vita,
1579 451 1812 513 oportet,
1869 442 1999 513 quia
2052 441 2142 495 Dei

542 543 830 589 consortes
863 533 1155 596 efficimur,
1184 535 1440 588 delictum
1466 535 1800 589 correctione
1823 534 2145 589 emendare:

544 625 920 678 miserandum
949 625 1063 694 jam
1097 631 1152 678 et
1179 625 1574 694 deplorandum
1608 625 1750 679 inter
1775 625 2055 679 Romanos
2086 635 2143 679 et

546 716 815 785 ltnlgaros
873 716 1076 770 accidit
1137 717 1465 772 dissidium:
1506 718 1649 787 quod
1706 732 1829 786 quae
1875 716 2140 784 temporis

543 807 875 861 diuturnitas
925 807 1199 862 oblivione
1252 807 1470 872 obruet,
1525 824 1588 862 ac
1628 807 1682 860 in
1735 807 1932 862 stecnla
1987 822 2140 861 com-

545 905 910 948 memoratum
951 896 1110 950 nobis
1139 907 1401 965 perpetuo
1437 895 1494 948 fit
1529 895 1808 961 dedecori,
1843 910 1966 949 cum
1993 895 2138 965 pari-

542 1002 628 1040 ter
674 1004 776 1044 nos
820 1004 1028 1058 vosque
1084 987 1524 1056 deliquerimus?
1559 988 1654 1042 sed
1709 995 1951 1041 vestrum
2003 985 2138 1040 deli-

543 1081 737 1150 quium
772 1083 979 1152 absque
1015 1083 1149 1134 meis
1181 1081 1527 1142 sermonibus
1546 1082 1870 1150 agnoscitis:
1897 1081 2137 1150 prudens

549 1173 694 1227 cnim
725 1189 886 1242 quam
926 1171 1162 1226 maxime
1189 1187 1315 1225 cum
1352 1171 1428 1226 sis
1452 1179 1506 1225 et
1541 1171 1817 1240 prepriam
1845 1170 2135 1224 conscien-

548 1264 678 1317 tiam
711 1262 950 1331 judiceni
983 1263 1034 1316 in
1076 1271 1128 1317 te
1162 1263 1504 1318 constituens
1531 1262 1748 1330 culpam
1808 1272 1955 1316 tuam
2007 1269 2133 1314 ante

548 1372 663 1411 mea
691 1356 851 1409 verba
880 1371 1169 1424 agnosces.

2249 433 2360 503 ρον,
2398 431 2534 502 μηδὲ
2566 432 2661 483 τοῦ
2695 431 3004 500 πρέποντος
3049 430 3439 500 ἀποσφαλῆναι
3487 431 3579 484 τὸν
3617 432 3828 501 ἄνθρω-

2246 541 2346 576 πον
2378 539 2392 554 ο
2426 523 2521 576 ἐὰν
2545 522 2602 574 δὲ
2632 521 2740 593 ἄρα
2775 522 2871 575 καὶ
2900 521 3124 590 γένηταί
3159 540 3212 575 τι
3270 523 3534 590 τοιοῦτον,
3562 519 3653 579 οἷα
3689 544 3830 594 συμ-

2243 615 2452 669 ϐαίνειν
2486 615 2704 684 ἀνάγκη
2729 614 2808 682 τῷ
2840 614 3285 686 πολυαμαρτήτῳ
3333 616 3430 670 καὶ
3488 618 3831 672 πολυπλανεῖ

2242 709 2366 780 βίῳ,
2396 707 2534 760 ἀλλὰ
2557 707 2721 760 πάλιν
2745 707 2820 770 ὡς
2848 707 3044 776 μοίρας
3066 707 3202 759 Θεοῦ
3234 707 3382 776 μίξιν
3411 709 3656 778 ἔχουσιν,
3685 713 3832 778 ὀρει-

2245 799 2474 868 λόμενόν
2506 801 2623 852 ἐστι
2652 799 2729 867 τῷ
2760 799 3067 868 πταίσματι
3111 803 3414 871 προσάγειν
3449 804 3550 874 τὴν
3590 805 3834 869 ἐπανόρ-

2248 893 2437 948 θωσιν.
2467 893 2665 960 Γέγονε
2710 892 2771 943 τὸ
2800 892 2901 962 ἤδη
2959 891 3184 959 γεγονὸς
3233 893 3467 946 ἐλεεινὸν
3523 897 3614 947 καὶ
3667 898 3834 948 πολυο

2248 987 2444 1050 πενθὲς
2474 985 2678 1056 μεταξὺ
2710 985 3040 1054 Βουλγάρων
3071 988 3166 1041 καὶ
3218 985 3508 1058 Ῥωμαίων
3555 993 3828 1060 πταῖσμα,

2255 1079 2284 1132 ὃ
2325 1079 2407 1142 τίς
2441 1078 2509 1132 ἂν
2537 1078 2727 1149 χρόνος
2759 1077 2908 1151 δώσῃ
2936 1078 3109 1148 λήθην
3143 1080 3238 1132 καὶ
3273 1081 3350 1148 μὴ
3384 1083 3560 1136 πάντα
3607 1085 3702 1136 τὸν
3736 1086 3829 1136 αἰ-

2244 1172 2357 1226 ὦνα
2385 1173 2465 1235 είς
2494 1170 2683 1241 κοινὴν
2718 1170 2920 1241 στήλην
2966 1172 3062 1224 καὶ
3107 1171 3318 1236 ὄνειδος
3374 1174 3460 1246 εἴη
3515 1175 3828 1246 διαμνημο·

2243 1261 2560 1331 νευόμενον,
2589 1261 2651 1314 τὸ
2699 1260 2802 1329 μέν
2841 1279 2892 1313 τι
2921 1261 3015 1313 κειιί¹
3051 1262 3210 1331 ἡμῶν
3257 1266 3628 1328 πταισάντων,
3676 1266 3740 1318 τὸ
3771 1266 3828 1319 δὲ

2243 1350 2340 1404 καὶ
2365 1348 2562 1418 ὑμῶν;
2613 1349 2776 1403 Ἀλλὰ
2812 1349 2872 1403 τὸ
2923 1350 3024 1420 μὲν
3074 1352 3342 1423 ὑμέτερον
3378 1359 3476 1408 και
3521 1355 3693 1428 χωρὶς
3719 1356 3828 1409 τῶν

546 1448 698 1518 ἐμῶν
759 1447 936 1516 λόγων
963 1450 1120 1501 αὐτοὶ
1169 1448 1590 1517 ἐπιγινώσκετε’
1635 1447 1861 1510 πάντως
1925 1447 2036 1518 γὰρ
2075 1446 2338 1518 φρόνιμος
2369 1443 2469 1508 ὣν,
2513 1442 2608 1498 καὶ
2675 1445 2776 1515 τὴν
2827 1445 3042 1498 οἰκείαν
3101 1447 3411 1518 συνείδησιν
3451 1449 3647 1522 κριτὴν
3731 1469 3833 1507 κα-

547 1537 839 1602 θιστάνων,
874 1539 1158 1612 ἐπιγνώσῃ
1196 1539 1294 1611 τὴν
1349 1539 1531 1594 αἰτίαν
1561 1541 1657 1593 καὶ
1713 1540 1820 1610 πρὸ
1849 1538 1960 1592 τῶν
1991 1538 2279 1609 ἡμετέρων
2309 1536 2509 1603 λόγων.

616 1631 798 1686 Nostri
836 1641 1015 1686 autem
1057 1634 1239 1703 populi
1272 1634 1575 1704 deliquium
1626 1633 1680 1705 (ο
1712 1635 1969 1690 miseram
2009 1649 2130 1687 ma-

2322 1631 2396 1684 Τὸ
2425 1631 2482 1684 δὲ
2514 1631 2610 1684 τοῦ
2641 1629 2915 1701 ἡμετέρου
2944 1628 3076 1684 λαοῦ
3120 1633 3392 1703 πταῖσμα,
3427 1633 3530 1703 φεῦ
3573 1635 3672 1706 τῆς
3718 1637 3830 1692 τῶν

541 1725 723 1778 lorum
759 1725 1042 1779 hominum
1073 1727 1374 1796 petentiam
1399 1726 1438 1799 !)
1471 1744 1578 1782 non
1611 1743 1836 1798 possum
1872 1727 2136 1796 exquisite

2251 1723 2506 1794 πονηρῶν
2557 1721 2866 1791 ἀνθρώπων
2899 1721 3118 1792 ἰσχύοςί
3159 1723 3258 1777 οὐκ
3296 1720 3415 1778 οἶδα
3457 1727 3632 1779 εἰπεῖν
3665 1730 3828 1799 ὀκρι-

545 1815 732 1869 dicere
761 1815 1043 1887 quomodo
1077 1818 1347 1884 evenerit,
1385 1818 1648 1886 quoniam
1683 1829 1997 1873 accuratam
2031 1832 2138 1870 non

549 1908 731 1962 habeo
761 1908 1219 1962 deliberationum
1271 1911 1519 1963 notitiam
1558 1927 1571 1963 :
1604 1927 1728 1980 quae
1773 1912 1973 1964 etenim
2004 1924 2139 1964 con-

547 1998 734 2052 stitnta
795 2005 1098 2068 parataque
1149 1998 1355 2053 fuerint
1393 1999 1628 2072 (oportet
1654 2001 1804 2056 enim
1848 2001 2136 2071 reprehen-

545 2088 738 2143 dentes
773 2095 930 2158 juxta
966 2089 1250 2142 veritatem
1286 2105 1386 2143 nos
1424 2091 1824 2159 reprehendere
1861 2100 1906 2143 el
1953 2096 2021 2143 ali
2051 2089 2138 2143 hic

551 2180 956 2249 imperantibus
992 2178 1258 2250 incipere)
1294 2195 1402 2233 non
1429 2197 1530 2250 ego
1561 2181 1717 2243 scivi,
1752 2195 1926 2248 neque
1951 2191 2140 2234 notum

551 2283 637 2327 est
690 2274 967 2341 quomodo
1006 2271 1097 2325 illa
1133 2282 1282 2324 tanta
1324 2273 1598 2342 expeditio
1649 2273 1814 2327 fuerit
1855 2273 2142 2339 instituta;

547 2372 839 2435 postquam
860 2377 1042 2419 autem
1069 2380 1188 2433 qua:
1217 2363 1306 2418 hic
1331 2379 1623 2435 agerentur
1663 2364 2142 2434 deprehenderim,

546 2473 637 2512 res
679 2474 762 2514 me
803 2474 914 2513 non
965 2457 1321 2530 fugit;,tanta
1373 2459 1646 2528 siquidem
1689 2459 1919 2513 collecta
1959 2457 2146 2511 multi-

550 2550 760 2614 tudine,
813 2551 860 2606 si
913 2565 1021 2604 non
1073 2567 1104 2605 a
1158 2567 1342 2605 rerum
1385 2550 1841 2614 ordinatoribus,
1897 2547 1966 2602 ab
2022 2548 2146 2602 aliis

547 2652 731 2698 tamen
787 2643 1019 2714 cognovi
1067 2659 1294 2699 causam
1330 2659 1429 2698 cur
1464 2651 1890 2713 eongregaretur
1924 2639 2143 2696 ent-rci-

548 2744 657 2801 tus,
686 2737 1168 2792 scilicetadversus
1192 2736 1457 2806 Bulgaros
1478 2737 1692 2790 institui
1717 2734 2144 2804 expeditionem,

545 2835 674 2881 tunc
698 2827 750 2881 in
770 2829 948 2882 aulam
970 2831 1170 2898 regiam
1194 2829 1424 2898 quaesito
1457 2830 1730 2899 ingressu,
1761 2826 1984 2881 obviam
2012 2822 2143 2878 facti

485 2985 490 2989 υ
541 2921 805 2986 ducibus,
838 2937 904 2975 ex
944 2938 1140 2976 eorum
1185 2937 1278 2976 ore
1323 2922 1517 2977 audire
1545 2922 1822 2976 voluimus
1869 2920 2146 2974 exercitus

544 3012 666 3079 iter,
689 3024 875 3082 atque,
901 3022 958 3066 ut
975 3023 1287 3083 paraverat,
1308 3013 1755 3083 exprobravimus
1781 3021 1833 3065 et
1850 3010 2146 3079 reprehen-

2247 1815 2383 1880 ϐὡς,
2416 1818 2566 1878 ὅπως
2594 1815 2934 1885 ἀπήντησεν,
2978 1816 3100 1867 ἐπεὶ
3136 1816 3246 1868 οὐδ’
3294 1817 3404 1886 ἔχω
3434 1817 3558 1871 οὕτε
3595 1820 3705 1874 τῶν
3733 1822 3826 1892 βε-

2245 1907 2626 1976 ϐουλευμένων
2655 1905 2864 1976 ἀκριϐῆ
2909 1904 3007 1976 τὴν
3034 1905 3261 1976 εἴδησιν.
3301 1906 3368 1959 "A
3399 1907 3497 1976 μὲν
3519 1907 3629 1980 γὰρ
3661 1925 3830 1980 προε-

2249 1996 2524 2068 μελετήθη
2567 1999 2663 2051 κσύ⁵
2693 1997 3244 2068 προκατεσκευάσθη,
3279 1997 3363 2050 δεῖ
3394 1997 3502 2068 γὰρ
3550 2016 3828 2071 κατηγορ-

2245 2089 2404 2159 ῆσαι,
2433 2090 2532 2158 τὴν
2556 2089 2815 2160 ἀλήθειαν
2839 2081 3118 2160 τιμῶντας
3137 2091 3304 2160 ἡμᾶς,
3338 2091 3562 2144 καὶτῶν
3588 2091 3828 2147 ἐνταῦθα

2245 2181 2518 2251 λαχόντων
2547 2181 2761 2252 ἄρχειν,
2792 2180 2917 2233 οὔτε
2956 2180 3330 2253 συνέγνωμεν,
3366 2182 3489 2236 οὕτε
3529 2187 3610 2248 εἰς
3641 2183 3828 2256 μάθη-

2248 2291 2332 2326 σιν
2365 2275 2598 2344 ἔσχομεν
2623 2273 2734 2328 οὐδ’
2764 2274 2914 2336 ὅπως
2941 2275 2971 2342 ή
3008 2273 3222 2346 κίνησις
3264 2277 3364 2347 τῆς
3397 2276 3668 2345 τοσαύτης
3721 2277 3828 2330 ὑπ-

2247 2364 2380 2434 ῆρξε
2441 2365 2724 2436 στρατιᾶς,
2784 2366 2907 2418 ἐπεὶ
2941 2365 2998 2418 δὲ
3025 2364 3090 2440 τιὰ
3131 2365 3367 2419 ἐνταῦθα
3417 2365 3715 2422 κατέλαϐον
3750 2367 3827 2430 ὡς

2246 2458 2394 2520 εἰκὸς
2425 2452 2512 2528 ἦν,
2541 2457 2654 2509 οὐδ’
2685 2458 2836 2526 ἡμᾶς
2892 2459 2953 2510 τὸ
3001 2459 3238 2528 πρᾶγμα
3289 2457 3527 2521 διέλαθε,
3570 2459 3686 2523 πῶς
3717 2460 3828 2530 γὰρ

2245 2551 2504 2602 τοσούτου
2545 2548 2786 2619 πλήθους
2816 2547 3053 2602 ἐνταῦθα
3107 2548 3528 2619 συνειλεγμένου
3550 2593 3564 2616 ,
3592 2549 3726 2603 ἀλλὰ
3770 2553 3831 2603 τὸ

2245 2641 2575 2712 τηνικαῦτα,
2607 2641 2656 2692 εἰ
2692 2640 2787 2694 καὶ
2821 2641 2896 2711 μὴ
2932 2642 3083 2706 παρὰ
3112 2640 3221 2693 τῶν
3255 2642 3324 2694 τὰ
3365 2643 3668 2712 πράγματα
3699 2642 3831 2695 stet-

2249 2735 2517 2798 κούντων,
2562 2733 2699 2787 ἀλλὰ⁴
2735 2733 2890 2804 παρά
2928 2749 2991 2800 γε
3030 2732 3137 2785 τῶν
3168 2733 3348 2787 ἄλλων
3378 2733 3480 2806 τὴν
3508 2735 3690 2787 αἰτίαν
3728 2735 3829 2805 τῆς

2250 2828 2514 2897 συλλογῆς
2569 2827 2664 2879 τοῦ
2725 2825 2959 2897 στρατοῦ
2997 2823 3476 2896 ὲξεδιδασκόμεθα,
3530 2825 3605 2889 ὡς
3663 2826 3830 2878 ἓνεκχ

2247 2921 2347 2988 τῆς
2392 2917 2526 2988 πρὸς
2586 2915 2937 2986 Βουλγάρους
2992 2917 3356 2986 ἐκστρατείας
3403 2917 3436 2985 ἡ
3463 2915 3703 2986 τοσαύτη
3737 2917 3835 2983 γέ-

2252 3026 2377 3077 γονε
2418 3007 2654 3078 γίνησις,
2682 3009 2803 3059 τότε
2859 3005 3101 3077 δὴ,τότε,
3129 3005 3228 3074 τὴν
3246 3005 3326 3068 εἰς
3354 3005 3422 3058 τὰ
3454 3004 3702 3075 βασίλεια
3729 3004 3796 3075 ζη
3821 3037 3828 3045 ι

544 3104 730 3158 dimus
764 3105 934 3174 quod,
987 3120 1111 3159 cum
1153 3121 1404 3160 essemus
1441 3103 1592 3159 urbis
1627 3103 1942 3174 episcopus,
1997 3102 2135 3156 tanti

2245 3103 2520 3172 στήσαντες
2561 3100 2791 3164 εἴσοδον,
2836 3099 3068 3169 ἐπείπερ
3107 3101 3218 3162 τοῖς
3261 3100 3526 3170 ἄρχουσιν
3576 3098 3831 3169 ἐνετύχο-

543 3197 746 3268 negotii
779 3212 891 3251 non
924 3196 1198 3252 fuerimus
1225 3197 1524 3268 participes
1555 3217 1567 3252 :
1597 3211 1836 3266 quorum
1862 3195 2012 3248 varia
2039 3193 2140 3248 fuit

548 3290 823 3359 apologia,
855 3292 948 3344 sed
983 3305 1049 3344 eo
1078 3291 1348 3344 tendebat
1375 3298 1438 3344 ut
1469 3295 1734 3358 quantum
1786 3297 1931 3342 esset
1964 3288 2144 3356 possi—

547 3379 656 3434 bile
685 3395 743 3436 se
773 3379 1127 3436 defenderent
1153 3390 1209 3436 et
1235 3380 1678 3452 reprehensionis
1706 3394 1929 3434 causam
1964 3393 2143 3432 remo-

550 3478 783 3524 verent:
831 3469 1092 3525 dixerunt
1149 3479 1331 3526 autem
1385 3469 1453 3524 ad
1483 3485 1580 3525 vos
1614 3469 1757 3522 mitti
1810 3468 2138 3533 exercitum,

546 3572 658 3612 non
684 3558 807 3612 belli
836 3575 1027 3625 causa,
1066 3575 1245 3629 neque
1278 3560 1722 3623 homicidiornm,
1787 3576 1964 3629 neque
2007 3576 2135 3614 san-

545 3648 725 3714 guinis
753 3650 1074 3720 eﬂ'usionis;
1106 3654 1200 3709 sed
1236 3669 1359 3724 qua:
1392 3663 1519 3709 nota
1553 3654 1687 3708 mihi
1720 3653 1994 3724 fecerunt,
2038 3653 2132 3707 tibi

539 3740 680 3809 jam,
722 3741 796 3796 fili
831 3744 1134 3811 mi,notum
1173 3747 1340 3802 facio.

2247 3211 2367 3265 μεν,
2408 3193 2590 3263 οἰκείᾳ
2617 3191 2840 3262 γλώσσῃ
2871 3191 3066 3262 μαθεῖν
3094 3189 3406 3261 ἐζητοῦμεν
3454 3189 3548 3244 τοῦ
3592 3191 3828 3262 στρατοῦ

2241 3286 2340 3358 τὴν
2374 3285 2722 3356 συγκίνησιν,
2755 3286 2851 3338 καὶ
2888 3283 3080 3354 ὥσπερ
3108 3285 3278 3355 ἐχρῆν
3316 3285 3413 3338 καὶ
3453 3284 3830 3356 ἐμεμψάμεθα

2243 3381 2338 3433 καὶ
2383 3379 2750 3450 ὠνειδίσαμεν
2799 3377 3059 3431 τοσούτου
3109 3381 3440 3449 πράγματος
3491 3377 3830 3440 ἐπισκόπους

2241 3473 2392 3542 ἡμᾶς
2423 3471 2586 3534 ὄντας
2613 3472 2712 3540 τῆς
2743 3470 2951 3532 πόλεως
2987 3471 3064 3540 μὴ
3116 3469 3380 3534 λαδόντας
3415 3469 3673 3524 κοινωνὸν
3727 3469 3830 3538 τῆς

2246 3560 2464 3631 βουλῆςο
2508 3560 2618 3612 τῶν
2672 3559 2728 3612 δὲ
2768 3559 2932 3630 ἡμὲν
2981 3559 3118 3630 ἄλλη
3173 3561 3444 3630 ἀπολογία
3513 3561 3830 3632 προήρχετο

2248 3653 2347 3723 μὲν
2400 3651 2474 3715 ὡς
2519 3647 2588 3722 ἦν
2629 3652 2854 3705 δυνατὸν
2906 3652 3297 3720 ἀπολογεῖσθαι
3335 3654 3542 3717 αὐτοῖς,
3589 3655 3685 3706 καὶ
3730 3654 3828 3723 τὴν

2245 3745 2432 3798 αἰτίαν
2498 3744 2740 3799 διαλύειν
2818 3747 2918 3818 τῆς
2990 3746 3252 3818 μέμψεως
3286 3763 3299 3779 ·
3345 3746 3532 3816 ἔλεγον
3583 3747 3640 3801 δὲ
3691 3748 3829 3818 πρὸς

546 3804 696 3907 ύμᾶς
745 3804 1133 3914 ἐκστρατεύειν
1179 3845 1240 3896 ού
1272 3843 1512 3914 πολέμου
1561 3804 1900 3916 χάρινίούδὲ
1952 3845 2131 3914 φόνων
2169 3845 2358 3896 ἕνεκεν
2420 3842 2518 3895 καὶ
2548 3842 2802 3914 αἱμάτων
2868 3804 3174 3914 ὲπχύσεως,
3218 3804 3333 3895 ἀλλ’
3365 3804 3512 3913 ἅπερ
3542 3804 3821 3911 ἀπήγγελλ

545 3933 660 3999 λον,
684 3933 856 3986 ταῦτα
885 3951 990 4000 σοι,
1017 3936 1206 3990 τέκνον
1227 3937 1413 4007 ἡμῶν,
1452 3937 1554 4009 ἤδη
1587 3938 1950 4010 γνωρίζομεν.

616 4025 799 4090 Nosti,
832 4038 988 4096 pater
1026 4043 1091 4084 ac
1145 4028 1389 4094 domine,
1424 4027 1758 4084 Macedonia:
1794 4039 1846 4083 et
1890 4026 2139 4082 Thraciae

545 4114 718 4169 duces
750 4132 764 4168 ς
797 4115 876 4169 illi
913 4116 1374 4188 igiturdixerunt,
1405 4133 1502 4172 nec
1529 4119 1763 4190 singulis
1791 4119 1983 4173 diebus
2017 4134 2136 4172 ces-

547 4217 674 4262 sant
735 4209 1068 4278 scriptisque
1129 4219 1182 4263 et
1217 4224 1441 4264 suorum
1484 4225 1579 4265 ore
1635 4210 2130 4281 apocrisiariorum

548 4315 653 4356 nus
697 4312 878 4357 certos
945 4301 1132 4357 facere
1163 4341 1178 4366 ,
1245 4303 1582 4356 allirmantes
1621 4318 1683 4357 se
1743 4318 1869 4357 vera
1923 4303 2130 4367 dicere,

2332 4029 2676 4094 Ἑπίστασαι,
2712 4030 2888 4098 πάτερ
2920 4029 3012 4081 καὶ
3045 4028 3305 4092 δέσποτα,
3335 4029 3462 4093 τους
3498 4027 3598 4097 τῆς
3636 4030 3826 4082 Μακεο

2243 4121 2425 4184 δονίας
2474 4121 2571 4174 καὶ
2625 4121 2723 4190 τῆς
2756 4120 2980 4192 Θρᾴκης
3023 4119 3390 4190 στρατηγούς.
3449 4113 3610 4174 Οὗτοι
3639 4121 3704 4191 δὴ
3734 4118 3828 4174 οὖν

2242 4214 2452 4282 ἔλεγον,
2481 4216 2542 4266 οὐ
2575 4212 2915 4265 διαλείπουσι
2944 4212 3067 4264 καθ’
3117 4212 3360 4282 ἑκάστην
3390 4213 3459 4264 τὰ
3509 4213 3609 4283 μὲν
3638 4215 3826 4284 γράρ-

2246 4321 2379 4375 μασι
2435 4302 2744 4374 δηλοῦντες,
2801 4301 2871 4354 τὰ
2921 4302 2979 4354 δὲ
3031 4302 3126 4356 καὶ
3175 4301 3399 4375 γλώσσῃ
3447 4303 3554 4356 τῶν
3608 4305 3826 4358 οἰκείων

548 4403 725 4464 neque
761 4393 866 4447 ulla
899 4407 1092 4449 earum
1134 4409 1419 4450 sermones
1460 4396 1756 4449 comitatur
1781 4394 2136 4464 ambiguitas,

2245 4395 2711 4468 ἀποκρισιαρίων,
2752 4395 2846 4447 καὶ
2886 4393 3362 4468 διαϐεϐαιούμενοι
3415 4394 3493 4460 ὡς
3523 4395 3695 4466 ἀληθῆ
3731 4395 3824 4448 λέ-

552 4483 914 4553 Bulgarorum
972 4501 1201 4556 scopum
1247 4501 1372 4542 esse
1407 4495 1652 4541 nostram
1689 4487 1966 4556 regionem
2008 4501 2136 4557 spo-

547 4577 715 4632 liandi
759 4589 922 4648 atque
949 4565 1596 4649 depraedandi'omnino;
1630 4581 1746 4634 suis
1778 4580 1940 4634 dictis
1972 4579 2132 4633 fidem

547 4667 844 4736 addebant,
899 4684 960 4725 se
1009 4686 1118 4724 non
1156 4670 1411 4738 mentiri,
1463 4671 1561 4726 sed
1595 4685 1722 4726 vere
1755 4670 2024 4742 Bulgaros
2059 4671 2134 4724 ita

542 4774 666 4818 esse
701 4772 925 4832 paratos
969 4771 1030 4815 ut
1059 4761 1266 4817 foedera
1308 4771 1647 4835 rumperent,
1707 4764 1835 4834 quia
1881 4779 1990 4818 non
2018 4764 2132 4832 jam

541 4851 744 4908 vellent
789 4855 1253 4909 conventionibus
1326 4863 1508 4920 stare;
1553 4855 1781 4926 insuper
1811 4855 2132 4913 addebant:

542 4957 733 5001 notum
772 4948 867 5001 tibi
892 4956 977 5002 est
1009 4946 1211 5018 Bogam
1233 4948 1517 5005 Chersone
1553 4951 1846 5021 imperare,
1885 4951 1978 5020 qui
2023 4967 2129 5006 non

541 5052 722 5092 cessat
766 5040 1104 5094 dementiare
1164 5056 1384 5096 omnem
1447 5045 1502 5098 in
1557 5058 1624 5098 eo
1679 5059 1870 5098 curam
1929 5059 2132 5114 ponere

540 5127 808 5200 Bnlgaros
856 5141 917 5185 ut
949 5131 1334 5190 Patzenacitas
1377 5145 1432 5189 et
1471 5136 1517 5189 si
1542 5151 1648 5206 qua
1687 5136 1740 5189 itt
1777 5136 1885 5191 illis
1913 5137 1966 5190 in
1999 5137 2131 5190 locis

539 5233 623 5277 est
659 5238 819 5292 gens,
861 5226 1139 5278 concitent
1179 5225 1242 5278 ad
1289 5227 1693 5294 expeditionem
1720 5237 1775 5281 et
1798 5228 1999 5282 bellum
2028 5227 2130 5280 ad-

541 5333 732 5372 versus
758 5317 1073 5384 Romanos;
1136 5334 1237 5373 nec
1268 5321 1429 5373 modo
1473 5320 1616 5374 dicit
1637 5323 1800 5376 modo
1837 5330 2000 5385 tacet,
2034 5319 2127 5373 sed

541 5410 912 5467 indesinenter
935 5413 1275 5482 singulisque
1301 5413 1493 5466 diebus
1519 5414 1709 5468 iisdem
1741 5414 1937 5468 litteris
1961 5421 2130 5481 atque

543 5503 720 5558 verbis
747 5520 909 5560 aures
962 5515 1179 5559 nostras
1229 5513 1558 5576 mentesque
1600 5505 1893 5572 obturbat;
1933 5516 2124 5574 priete-

543 5609 632 5648 rea
677 5596 932 5650 dixerunt
981 5599 1373 5666 apocrisiarius
1417 5600 1689 5653 sexdecim
1724 5615 1750 5651 a
1802 5597 2126 5650 Patzenaci-

548 5697 722 5742 tarqu
753 5701 908 5758 gente
940 5692 1130 5745 eadem
1180 5693 1488 5747 nuntiatum
1534 5693 1771 5756 venisse,
1825 5691 2123 5757 apocrisia-

2243 4505 2416 4558 γοιεν,
2450 4488 2545 4540 καὶ
2581 4487 2810 4558 οὐδεμία
2872 4489 2985 4550 τοῖς
3036 4487 3218 4555 λόγοις
3259 4489 3552 4564 πρόσεστιν
3583 4490 3823 4559 ἀμφιϐοο

2239 4578 2352 4645 λία,
2377 4579 2460 4632 ὅτι
2496 4595 2602 4649 περ
2635 4579 2662 4630 ὁ
2694 4577 2802 4630 τῶν
2831 4576 3160 4650 Βουλγὰρων
3197 4577 3439 4642 τοιοῦτος
3475 4581 3558 4650 εἰη
3597 4579 3819 4644 σκοπὸς,

2238 4671 2380 4726 ὥστε
2404 4673 2508 4744 τὴν
2536 4673 2813 4744 ἡμετέραν
2841 4673 3028 4742 χώραν
3059 4670 3359 4724 σκυλεύσαι
3395 4671 3676 4734 παντελῶς
3727 4674 3823 4726 καὶ

2237 4766 2739 4839 λαφυραγωγῆσαι.
2779 4767 2886 4818 Καὶ
2923 4766 3337 4836 προσεπέξερον
3371 4767 3558 4820 πίστιν
3592 4769 3705 4830 τοῖς
3733 4767 3792 4818 λό
3814 4797 3826 4807 -

2237 4877 2355 4930 γοις
2387 4859 2590 4922 αὐτῶν,
2628 4861 2710 4912 ὅτι
2744 4857 2819 4928 μὴ
2857 4856 3171 4927 ψεύδονται,
3206 4856 3322 4909 ἀλλ’
3348 4857 3423 4920 ὡς
3455 4857 3673 4928 ἀληθῶς
3709 4875 3824 4911 τοι·

2236 4953 2376 5006 αὕτα
2403 4951 2733 5005 σκέπτονται
2797 4950 3103 5019 Βούλγαροι
3139 4952 3314 5003 ποιεῖν
3359 4950 3459 5022 τὴν
3499 4951 3609 5003 τῶν
3656 4967 3821 5019 γεγε-

2237 5045 2490 5115 νημένων
2547 5042 2856 5114 συμφώνων
2891 5043 3060 5115 ρίψιν,
3116 5048 3182 5116 ἢν
3243 5043 3432 5112 ελεγον
3489 5043 3818 5114 ποιήσασθαι

2235 5138 2607 5206 Βουλγὰρους,
2667 5136 2744 5200 ὡς
2788 5137 2976 5191 οὐκέτι
3013 5137 3354 5209 βουλομένων
3409 5139 3669 5207 ἐμμένειν
3705 5139 3816 5200 τοῖς
3859 5149 3870 5174 ι

2234 5231 2334 5302 ἤδη
2367 5229 2922 5300 συμπεφωνημένοις.
2959 5225 3094 5283 Εἶτα
3141 5236 3234 5283 καὶ
3292 5229 3504 5287 τούτοις
3559 5231 3818 5296 προσετί-

2233 5324 2398 5376 θεσαν
2429 5323 2678 5391 λέγοντες
2709 5326 2864 5395 ἡμῖν,
2912 5323 2989 5387 ὡς
3038 5323 3160 5376 οὐδὲ
3199 5323 3292 5374 τὸν
3343 5321 3537 5389 Βωγᾶν
3577 5320 3836 5389 ἀγνοεῖς,

2233 5417 2314 5467 ὅτι
2347 5415 2444 5483 τῆς
2471 5415 2762 5485 Χερσῶνος
2805 5415 3068 5467 τέτακται
3102 5415 3451 5483 στρατηγεῖν.
3492 5407 3662 5474 Οὗτος
3687 5411 3752 5479 δὴ
3787 5415 3815 5464 ὁ

2235 5510 2338 5579 τῆς
2373 5508 2663 5578 Χερσῶνος
2698 5507 3006 5578 στρατηγὸς
3043 5505 3106 5556 οὐ
3134 5503 3490 5574 διαλιμπάνει
3545 5503 3814 5572 διηνεκῶς

2233 5601 2521 5670 ἀναφέρων
2585 5600 2658 5662 ὡς
2691 5600 2873 5651 πᾶσαν
2908 5597 3144 5664 σπουδὴν
3176 5595 3423 5653 τίθενται
3481 5593 3810 5662 Βούλγσροε,

2231 5689 2800 5754 κα“ι11ατζηνακίτας,
2857 5687 2950 5740 καὶ
2990 5687 3188 5738 εἴτινα
3247 5687 3412 5739 ’ἐτεοα
3467 5687 3524 5737 ὲν
3581 5684 3810 5745 ἐκείνοις
