4178 6410
503 349 572 414 75
1629 328 1939 389 NICOLAI
1978 328 2100 387 (ΖΡ,
2131 321 2643 386 PATRIARCH/E
3700 312 3769 378 76

497 473 842 521 cancrorum.
901 455 1058 509 llunc
1112 449 1270 503 nobis
1313 448 1570 501 dixerunt
1615 441 1784 496 fuisse
1851 453 2076 507 scopum

2215 433 2621 496 .ποσταλέντων,
2680 430 2904 501 προσέτι
2948 428 3040 482 καὶ⁵
3065 428 3175 481 τῶν
3214 427 3392 482 ἄλλων
3447 427 3770 498 στρατηγῶν

497 553 772 609 exercitus
829 538 1294 613 congregationis,
1349 541 1490 588 hanc
1523 546 1744 603 quoque
1795 544 1918 584 esse
1948 543 2079 582 can-

499 659 615 700 sam
660 633 1024 707 expeditionis
1076 630 1142 683 ad
1185 625 1567 682 Patzcnacitas
1617 623 1838 685 missae;
1875 617 2078 688 quibus

499 740 617 806 ipse
647 729 880 792 credidi,
935 725 986 780 id
1019 722 1167 794 apud.
1203 735 1287 774 me
1341 725 1600 787 reputans
1631 755 1645 780 ,
1699 725 1895 780 nempe
1948 709 2076 763 talia

497 804 620 881 esse.
678 820 996 878 hominibus
1044 813 1251 871 sentire
1303 817 1658 870 consuetum,
1696 804 1840 874 quod
1881 816 1982 855 nec
2024 809 2080 854 tu

499 921 617 990 ipse
658 916 902 986 ignoras,
960 907 1054 962 liii.
1110 905 1245 959 Cum
1304 902 1448 956 enim
1487 897 1642 952 liberi
1683 895 1948 950 adversus
1988 907 2083 964 pa-

499 1018 686 1064 rentes
724 1008 1040 1072 insurgunt,
1071 1003 1440 1068 parentesque
1465 1005 1559 1060 per
1589 999 1804 1058 seipsos
1843 1000 1950 1040 non
1983 999 2084 1037 va-

502 1100 925 1156 lentliberormn
959 1089 1196 1162 propriis
1228 1085 1516 1142 conatibus
1557 1081 1909 1137 rebellionem
1933 1093 2084 1133 com-

515 1194 774 1262 primere,
840 1197 968 1241 tunc
1029 1189 1300 1252 coguntur
1367 1190 1468 1231 suo
1530 1188 1657 1244 erga
1723 1171 1845 1226 illos
1897 1183 2086 1224 amore

507 1284 771 1355 quosdam
814 1280 1020 1334 alienos
1081 1276 1136 1328 in
1189 1271 1452 1327 auxilium
1490 1281 1792 1333 arcessere,
1821 1279 1919 1335 per
1946 1278 2087 1333 quos

509 1389 722 1431 terrore
770 1375 995 1427 incusso
1026 1369 1094 1422 ad
1126 1380 1184 1420 se
1232 1364 1397 1418 ctiam
1431 1360 1636 1415 invitos
1688 1359 1888 1412 liberos
1929 1369 2088 1410 revo-

511 1476 667 1531 cent;
701 1477 824 1533 quae
852 1476 954 1529 ego
987 1473 1111 1526 erga
1162 1468 1262 1508 vos
1297 1453 1594 1506 arbitratus
1656 1463 1778 1504 sum
1839 1447 1963 1500 illos
1993 1459 2087 1498 cx-

507 1559 800 1629 cogitasse.
839 1553 974 1607 Orto
1014 1546 1284 1618 siquidem
1325 1557 1422 1613 per
1455 1539 1727 1595 nefarium
1778 1536 2085 1591 dminonem

503 1651 644 1703 inter
691 1645 971 1699 Romanos
1006 1650 1062 1694 et
1106 1638 1370 1708 Bulgaros
1435 1631 1690 1695 dissidio,
1743 1644 1918 1699 quum
1977 1641 2087 1680 non

507 1740 788 1812 potuerint
842 1751 938 1807 per
978 1733 1190 1802 seipsos
1222 1729 1286 1783 ad
1333 1743 1392 1783 se
1441 1740 1539 1780 vos
1571 1737 1831 1777 revocare
1865 1719 1960 1790 qui
1990 1733 2088 1789 pa-

2185 530 2235 581 οἱ
2301 528 2452 594 λόγοι
2497 527 2686 587 αὐτοῖς
2744 523 2930 576 πίστιν
2971 521 3314 592 παρείχοντο.
3369 520 3573 575 Τοῦτον
3613 515 3770 574 εἷπον

2185 621 2319 690 ἡμῖν
2353 617 2606 687 γενέσθαι
2631 616 2837 669 σκοπὸν
2874 615 3059 677 αὐτοῖς
3093 615 3190 684 τῆς
3221 613 3314 666 τοῦ
3363 613 3598 685 στρατοῦ
3643 629 3770 667 συν⁶

2185 712 2483 782 αθροξσεως
2525 726 2539 740 ³
2595 709 2802 780 ταύτην
2850 709 3031 761 αἰτίαν
3104 701 3246 759 εἶναι
3301 708 3401 777 τῆς
3451 706 3589 776 πρὸς
3649 708 3777 767 τοὺς

2187 804 2608 876 Πατζηνακίτας
2651 803 3030 872 διαπέμψεως·
3073 803 3168 853 καὶ
3212 801 3325 869 ἐγὼ
3364 799 3578 864 τούτοις
3622 801 3778 854 ἐπει·-

2188 897 2386 968 θόμην,
2411 898 2588 950 ἐκεῖνο
2616 894 2962 964 ἐνθυμηθεὶς,
2995 895 3078 947 ὅτι
3133 894 3251 945 ἔστι
3285 911 3369 954 τις
3404 892 3500 946 καὶ
3549 891 3778 963 τοιαύτη

2187 989 2499 1059 ἀνθρώποις
2539 987 2773 1040 ἐπίνοια·
2825 986 2894 1056 ἣν
2943 986 3064 1037 οὐδὲ
3103 986 3286 1050 αὐτὸς,
3336 986 3533 1039 τέκνον
3588 985 3775 1055 ἡμῶν,

2190 1082 2431 1148 ἀγνοεῖς,
2457 1079 2536 1142 ὼς
2560 1079 2782 1132 ἐπειδὰν
2808 1079 2973 1132 τέκνα
2999 1078 3138 1148 πρὸς
3160 1077 3286 1139 τοὺς
3337 1081 3515 1144 γονεῖς
3553 1077 3777 1130 διαστα-

2193 1179 2476 1243 σιάζωσιν,
2517 1173 2635 1230 εἶτα
2665 1178 2714 1229 οἱ
2737 1177 2974 1246 πατέρες
3015 1176 3196 1228 πάντα
3237 1175 3306 1228 δι’
3363 1176 3573 1229 ἑαυτῶν
3606 1175 3781 1246 πράτ-

2190 1288 2396 1334 τοντες,
2437 1272 2513 1340 μὴ
2539 1271 2795 1324 δύνανται
2827 1273 2948 1330 ταῖς
2981 1270 3214 1333 οἰκείαις
3248 1269 3506 1333 σπουδαῖς
3538 1267 3784 1323 καταλῦ-

2196 1379 2286 1416 σαι
2316 1364 2415 1434 τὴν
2449 1361 2641 1417 στάσιν
2677 1361 2787 1416 τῶν
2817 1361 3044 1427 τέκνων,
3089 1360 3498 1429 ἀναγκάζονται
3531 1360 3611 1431 τῷ
3639 1360 3781 1430 πρὸς

2191 1456 2390 1520 αὐτοὺς
2428 1455 2596 1508 ἐνίοτε
2640 1454 2814 1526 πόθῳ,
2849 1457 2942 1507 καὶ
2977 1454 3172 1519 ἔξωθεν
3203 1454 3397 1513 ἄλλους
3430 1454 3583 1518 τινὰς
3616 1469 3788 1524 προσ-

2206 1548 2585 1621 λαμϐάνεσθαι
2638 1550 2718 1612 εἰς
2753 1547 3029 1618 βοήθειαν,
3064 1547 3208 1600 ὥστε
3243 1547 3312 1600 δι’
3356 1546 3581 1602 ἐκείνων
3614 1547 3788 1616 (9061';-

2195 1658 2306 1706 σαι,
2350 1641 2447 1694 καὶ
2474 1640 2610 1710 πρὸς
2644 1641 2874 1702 ἑαυτοὺς
2910 1639 3324 1693 ἐπισπάσασθαι
3355 1639 3453 1692 καὶ
3480 1639 3685 1694 ἄκοντα
3714 1637 3784 1691 τά

2192 1731 2380 1793 τέκνα,
2411 1733 2551 1801 ὅπερ
2599 1729 2758 1798 κάγὼ
2786 1730 3056 1784 ὑπέλαϐον
3081 1731 3175 1782 καὶ
3205 1729 3426 1792 τούτους
3464 1729 3603 1799 πρὸς
3639 1729 3786 1798 ὑμᾶς

505 1842 691 1888 rentes
753 1827 918 1884 vestri
967 1824 1098 1879 l‘acti
1157 1824 1398 1886 fuerant,
1461 1818 1585 1872 ideo
1638 1814 2092 1884 excogitaverunt

2215 1825 2508 1894 ;πινοῆσαι.
2539 1823 2762 1894 Ἐπειδὴ
2797 1827 2860 1878 ἐκ
2889 1824 2984 1877 τοῦ
3013 1824 3250 1894 πονηροῦ
3281 1822 3537 1894 δαίμονος
3563 1822 3791 1876 διαστά-

507 1925 746 1996 speciem
785 1927 999 1975 tantum
1037 1913 1336 1986 quamdam
1367 1910 1492 1966 belli
1521 1909 1786 1968 excitare,
1837 1904 2088 1957 volentes

507 1993 626 2084 vos,
662 2026 720 2071 ut
750 2015 926 2078 aiunt,
958 2008 1255 2065 conciliare
1276 2014 1329 2059 et
1356 2005 1409 2058 in
1451 2001 1612 2056 ulnas
1663 1998 1941 2068 excipere,
1992 1993 2094 2047 mi-

515 2110 664 2165 nime
691 2121 822 2162 vero
868 2104 1070 2158 bellum
1126 2113 1313 2170 gerere
1345 2110 1559 2160 verum,
1605 2107 1781 2162 neque
1819 2089 1886 2144 ad
1921 2088 2097 2144 caedes

509 2211 565 2260 et
624 2198 947 2270 sanguinem
1003 2192 1299 2257 devenire,
1358 2189 1436 2244 uti
1494 2184 1813 2241 afﬁrmant:
1857 2181 1951 2237 sed
1986 2195 2094 2234 non

511 2299 803 2350 senserunt
836 2303 895 2344 se
941 2287 1292 2342 occasionem
1325 2279 1538 2336 nefario
1585 2275 1822 2332 dwmoni
1853 2275 2098 2344 prmbere

515 2395 595 2440 tot
625 2383 790 2448 mala,
814 2389 894 2435 tot
939 2378 1170 2433 acerbos
1204 2374 1427 2430 dolores
1473 2371 1731 2425 omnibus
1761 2364 2099 2422 Christianis

515 2475 821 2538 inferendi;
861 2487 988 2526 cum
1027 2468 1117 2522 ille
1171 2465 1414 2536 saepius,
1462 2463 1612 2517 nulla
1669 2461 1739 2514 ab
1779 2457 2100 2513 hominibus

516 2571 643 2626 data
693 2567 1008 2626 occasione,
1044 2576 1110 2616 ex
1158 2559 1342 2626 seipso
1383 2555 1568 2608 omnia
1607 2553 1754 2607 mala
1787 2550 1960 2611 elicit,
1997 2563 2101 2602 sa:-

523 2663 646 2732 pius
678 2671 919 2729 quoque,
965 2653 1049 2708 vel
1098 2651 1322 2704 minima
1358 2655 1580 2716 accepta
1626 2644 1940 2726 occasione,
1987 2656 2106 2694 ma-

519 2756 663 2808 xima
697 2749 920 2820 propria
958 2743 1168 2802 malitia
1216 2743 1360 2795 mala
1412 2738 1566 2804 facit,
1596 2753 1656 2792 ex
1697 2751 1802 2806 quo
1846 2748 2103 2804 magnum

519 2847 664 2902 istud
697 2843 905 2898 malum
939 2854 1051 2908 quo
1080 2837 1262 2906 majus
1287 2850 1396 2888 non
1425 2842 1532 2897 est,
1578 2833 1718 2886 inter
1752 2827 2016 2898 Bulgaros
2049 2835 2104 2882 et

521 2939 818 2998 Romanos,
875 2933 1015 3003 prob
1051 2946 1170 2984 mea
1211 2925 1469 2998 peccata!
1533 2931 1720 2978 natum
1785 2930 1892 2989 est,
1943 2921 2106 2992 cujus

521 3026 840 3100 perﬁciendi
874 3026 1055 3078 locum
1080 3021 1308 3074 invenit.

2201 1932 2338 1980 σεως
2395 1915 2776 1985 γεγενημένης
2828 1915 3156 1986 Βουλγάρων
3209 1916 3304 1970 καὶ
3351 1915 3640 1985 Ῥωμαίων
3690 1913 3793 1966 οὐκ

2197 2005 2459 2075 ἠδύναντο
2500 2004 2662 2058 πάλιν
2686 2004 2735 2057 δι
2780 2005 2990 2058 ἑαυτῶν
3036 2004 3266 2059 ἑλκύσαι
3315 2006 3450 2076 πρὸς
3480 2004 3707 2068 ἑαυτοὺς
3740 2006 3790 2056 οξ

2201 2096 2492 2166 γεγονότες
2520 2097 2780 2168 πατέρες,
2815 2097 2934 2151 ἀλλ’
2965 2097 3015 2151 οι
3066 2097 3172 2168 μὲν
3203 2097 3376 2160 οὕτως
3437 2096 3794 2167 διενοήθησαν

2203 2190 2390 2259 σχῆμα
2460 2187 2700 2258 πολέμου
2759 2189 2889 2258 ὑμῖν
2923 2188 3083 2260 μόνον
3111 2191 3405 2253 ἐπισεῖσαι,
3447 2187 3790 2258 βουλόμενοι,

2204 2280 2279 2344 ὠς
2313 2281 2499 2350 φασὶν,
2534 2281 2723 2334 ἕνεκεν
2758 2281 2852 2334 τοῦ
2887 2280 3292 2352 προσλαϐέσθαι
3333 2281 3430 2333 καὶ
3497 2279 3796 2348 ἐναγκαλί-

2211 2375 2430 2440 σασθαι,
2481 2373 2598 2427 ἀλλ’
2636 2374 2759 2445 οὐχὶ
2791 2374 3030 2445 πόλεμον
3077 2377 3404 2445 περιστῆσαι
3432 2372 3632 2443 ἀληθῆ,
3676 2371 3799 2426 οὐδέ

2215 2465 2377 2536 μέχρι
2424 2465 2648 2534 σφαγῶν
2691 2466 2786 2519 καὶ
2813 2466 3066 2536 αἱμάτων
3093 2466 3366 2536 χωρῆσαι,
3400 2464 3476 2528 ῶς
3501 2463 3800 2518 διατείνον-

2207 2570 2318 2611 ται⁶
2349 2557 2540 2612 ἔλαθον
2569 2558 2625 2610 δὲ
2654 2559 2761 2630 ἄρα
2792 2558 2870 2630 τῷ
2903 2559 3123 2629 πονηρῷ
3145 2558 3360 2627 δαίμονι
3391 2558 3664 2628 πρόφασιν
3703 2573 3800 2634 πα-

2213 2653 2504 2724 ρασχόντες
2536 2653 2767 2707 τοιαῦτα
2815 2653 2965 2723 πάθη
3008 2655 3100 2706 καὶ
3139 2651 3402 2715 τοιαύτας
3435 2651 3642 2722 πικρὰς
3678 2650 3799 2704 ὁδύο

2213 2762 2309 2809 νας
2356 2747 2491 2799 πᾶσι
2542 2748 2878 2817 χριστιανοῖς
2929 2744 3372 2816 ἀπεργάσασθαι·
3427 2742 3487 2806 ὃς
3541 2741 3802 2805 πολλάκις

2222 2837 2346 2909 μὲν,
2379 2839 2474 2891 καὶ
2508 2839 2782 2910 μηδεμιᾶς
2815 2839 3141 2910 προφάσεως
3185 2837 3246 2902 ἐξ
3275 2835 3580 2906 ἀνθρώπων
3613 2834 3802 2904 οὔσης,

2212 2931 2375 2994 αὐτὸς
2418 2933 2748 3002 παγχάλεπα
2793 2931 3213 3000 κατεργάζεται·
3244 2928 3508 2992 πολλάκις
3568 2927 3650 2995 δὲ,
3711 2926 3807 2978 καὶ

2217 3025 2424 3094 μικρᾶς
2484 3042 2630 3090 τινος
2678 3024 3016 3096 δραξάμενος
3051 3024 3309 3093 ἀφορμῆς
3347 3025 3412 3093 τῇ
3446 3022 3574 3092 παρ’
3607 3017 3806 3074 ἐαυτοῦ

522 3121 760 3190 ἐπινοίᾳ,
796 3118 1029 3188 μέγιστα
1061 3112 1208 3168 κακά
1261 3110 1490 3176 ὲκ’ίτελεῖ,
1537 3103 1597 3165 Οὗ
1650 3111 1745 3163 καὶ
1774 3109 1867 3164 νῦν
1894 3111 1955 3165 τὸ
1987 3111 2131 3182 μέγα
2169 3115 2328 3172 τοῦτο
2359 3118 2528 3172 κακὸν
2568 3119 2662 3173 καὶ
2689 3121 2791 3171 οὐκ
2821 3118 2942 3187 ἕχον
2972 3117 3278 3188 ὑπερϐολὴν
3339 3115 3546 3184 μεταξὺ
3573 3114 3810 3183 Βουλγά·

526 3234 636 3289 ρων
695 3216 787 3266 καὶ
837 3209 1150 3279 Ῥωμαίων,
1195 3204 1240 3258 ὣ
1282 3205 1391 3258 τῶν
1445 3203 1595 3274 ὲμῶν
1650 3204 2101 3275 ἁμαρτημάτωνῑ
2145 3207 2330 3280 χώραν
2361 3203 2521 3282 εὗρεν
2549 3214 2628 3275 εἰς
2664 3211 3011 3283 ἐξεργασίαν.

599 3307 726 3360 Scio
758 3301 891 3372 quid
943 3301 1021 3354 sis
1059 3300 1328 3362 dicturus,
1378 3308 1432 3350 et
1478 3296 1602 3363 jure
1647 3297 1816 3362 dices,
1851 3298 1958 3350 nisi
2009 3298 2107 3350 alia

2291 3301 2426 3358 Οἶδα
2458 3307 2542 3358 ὅτι
2587 3307 2758 3376 ἐρεῖς,
2792 3307 2887 3358 καὶ
2923 3304 3114 3358 δίκαια
3154 3304 3372 3368 πάντως
3413 3305 3582 3373 ἐρεῖς,
3624 3307 3674 3357 εἰ
3731 3301 3810 3372 μὴ

527 3401 712 3470 aliqua
738 3397 828 3452 via
857 3407 1219 3452 occurramus
1258 3407 1272 3443 :
1304 3391 1348 3446 si
1383 3399 1592 3444 tantum
1635 3389 1959 3445 simularent
1992 3390 2112 3445 bel-

526 3497 662 3560 lum,
705 3490 943 3562 inquies,
999 3501 1177 3555 neque
1225 3485 1368 3539 alius
1415 3497 1605 3538 eorum
1644 3485 1824 3538 "esset
1886 3498 2110 3553 scopus,

528 3603 701 3658 quare
752 3582 972 3639 tandem
1018 3581 1072 3634 in
1113 3589 1312 3634 terram
1353 3575 1712 3647 Bulgarorum
1757 3576 2034 3630 irruerunt
2061 3584 2115 3629 et

527 3691 658 3737 ante
689 3679 889 3735 bellum
939 3673 1180 3730 hostium
1208 3686 1362 3726 more
1407 3686 1466 3725 se
1509 3669 1831 3738 gesserunt?
1863 3667 1936 3722 Ea
1975 3669 2110 3738 ipsa,

531 3775 605 3829 lili
659 3773 770 3839 ini,
821 3769 889 3824 ad
924 3782 1018 3823 eos
1073 3765 1208 3830 dixi,
1263 3773 1390 3818 ante
1441 3770 1590 3816 tuam
1628 3761 2011 3830 objectionem,
2063 3772 2115 3813 et

528 3845 853 3938 exprobravi
877 3904 892 3928 ,
936 3869 992 3915 et
1028 3857 1352 3929 objurgavi;
1405 3854 1499 3909 sed
1555 3853 1621 3908 ad
1654 3853 1770 3907 hate
1806 3855 1970 3906 etiam
2008 3867 2115 3905 non

530 3961 704 4017 defuit
733 3957 841 4012 illis
866 3954 1161 4011 defensio:
1200 3966 1322 4019 qua:
1373 3956 1558 4002 utrum
1589 3960 1716 4000 vera
1772 3946 1865 4012 sit,
1923 3953 1980 3998 tu
2038 3945 2117 3997 vi—

532 4055 685 4110 deas.
722 4051 988 4105 Dixerunt
1023 4045 1210 4116 igitur,
1239 4040 1489 4112 Bulgaris
1521 4047 1714 4094 contra
1745 4036 2118 4094 Romanorum

534 4145 588 4199 in
643 4139 1009 4211 Dyrrachium
1077 4141 1133 4188 et
1203 4133 1258 4187 in
1310 4131 1756 4186 Thessalonicam
1836 4132 2117 4201 regionem

536 4247 688 4289 more
719 4228 902 4284 hostili
945 4224 1226 4295 ingressis,
1268 4231 1323 4276 et
1355 4221 1463 4277 sibi
1490 4221 1674 4276 datam
1699 4235 1823 4277 esse
1857 4222 2110 4276 occasio-

536 4342 661 4383 nem
718 4323 998 4378 liomanos
1061 4318 1338 4371 exercitus
1395 4314 1451 4368 in
1509 4313 1871 4386 Bulgarorum
1917 4323 2120 4368 terram

537 4415 890 4479 immittendi,
923 4426 982 4466 se
1010 4417 1193 4464 autem
1227 4407 1349 4461 illas
1385 4420 1494 4461 non
1520 4407 1722 4461 fecisse
1770 4406 2121 4462 incursiones

539 4515 595 4568 in
629 4511 769 4566 bello
798 4507 914 4562 lieri
961 4505 1191 4569 solitas;
1225 4516 1350 4572 quae
1392 4500 1440 4554 si
1473 4499 1548 4554 ita
1577 4509 1733 4570 gesta
1761 4498 1988 4565 fuerint,
2023 4515 2125 4570 ego

539 4605 758 4667 nescio;
800 4599 873 4654 illi
910 4603 1250 4660 asseverant,
1299 4601 1464 4663 atque
1529 4603 1684 4646 tuum
1728 4603 1814 4648 est
1879 4593 2023 4647 scire
2071 4602 2126 4647 et

2221 3395 2359 3466 ἄλλη
2396 3413 2482 3459 τις
2511 3398 2605 3449 καὶ
2662 3397 2792 3467 παρ’
2825 3395 2984 3465 ἡμῶν
3015 3395 3240 3465 ἀφορμὴ
3297 3395 3374 3460 τῷ
3408 3395 3602 3464 δικαίῳ
3632 3394 3810 3464 τούτῳ

2221 3491 2544 3560 ἐνστήσεται
2571 3509 2584 3524 ο
2609 3493 2801 3560 φήσεις
2826 3491 2933 3560 γὰρ
2963 3490 3206 3554 πάντως,
3229 3491 3313 3544 ὃτι
3345 3507 3479 3559 περ,
3508 3492 3558 3542 εἰ
3588 3491 3682 3543 τὸν
3713 3489 3814 3542 πό·

2221 3583 2388 3654 λεμον
2419 3583 2810 3653 ἐσχημάτιζον,
2849 3585 2946 3638 καὶ
2973 3586 3112 3654 πρὸς
3167 3583 3324 3638 τοῦτο
3357 3583 3590 3637 ἔϐλεπεν
3620 3583 3813 3644 αὐτοῖς

2222 3677 2250 3729 ὁ
2282 3677 2508 3741 σκοπὸς,
2533 3676 2586 3728 τί
2613 3675 2814 3743 δήποτε
2844 3677 2925 3740 είς
2981 3677 3080 3747 τὴν
3125 3676 3456 3746 Βουλγάρων
3515 3675 3814 3744 εἰσήλασαν

2223 3770 2350 3837 γῆν,
2388 3771 2484 3822 καὶ
2510 3769 2616 3840 πρὸ
2640 3769 2734 3822 τοῦ
2754 3769 2997 3840 πολέμου
3025 3771 3093 3822 τά
3119 3769 3230 3823 τῶν
3255 3767 3532 3838 πολεμίων
3559 3767 3817 3836 διεπράτ-

2224 3881 2410 3930 τοντο;
2445 3860 2613 3917 Εἶπον
2643 3865 2827 3926 αὐτοῖς
2858 3865 2952 3916 καὶ
2992 3863 3125 3932 ἐγὼ,
3183 3864 3379 3917 τέκνον
3412 3862 3596 3933 ἡμῶν,
3640 3860 3817 3914 ταῦτα

2226 3957 2322 4008 καὶ
2353 3956 2460 4027 πρὸ
2484 3959 2582 4025 τῆς
2613 3955 2724 4015 τῶν
2748 3954 2858 4008 σῶν
2895 3955 3070 4018 λόγων
3096 3954 3486 4024 ἀπαντήσεως,
3510 3954 3607 4006 καὶ
3636 3953 3815 4022 ἐμεμ-

2226 4049 2421 4120 ψάμην
2453 4047 2548 4102 καὶ
2592 4047 2900 4119 ἐπέπληξα.
2951 4046 3112 4100 Ἀλλά
3169 4051 3267 4100 καὶ
3313 4047 3450 4116 πρὸς
3499 4045 3674 4100 ταῦτα
3713 4046 3814 4097 οὐκ

2228 4144 2518 4214 ἠπόρησαν
2552 4139 2885 4208 ἀπολογίας·
2955 4141 3003 4192 εί
3036 4139 3093 4191 δὲ
3144 4138 3353 4209 ἀληθὴς
3383 4140 3416 4210 ἡ
3446 4139 3714 4206 ἀπολογία
3748 4140 3813 4192 σὺ

2231 4233 2299 4289 ἂν
2323 4234 2546 4304 εἰδείης.
2577 4233 2828 4304 Ἕφησαν
2849 4231 2958 4301 γάρ
2987 4231 3069 4283 ὃτι
3107 4231 3216 4283 τῶν
3267 4230 3598 4299 Βουλγάρων
3649 4230 3796 4283 πολέ-

2234 4344 2336 4397 μου
2367 4327 2534 4396 νόμου
2568 4324 2943 4390 ἐξελασάντων
2963 4321 3106 4376 κατά
3121 4322 3231 4375 τῶν
3260 4324 3318 4376 ἐν
3355 4323 3644 4394 Δυρραχίῳ
3683 4321 3818 4375 Ῥω.

2235 4419 2451 4491 μαῖκῶν
2491 4418 2700 4482 τόπων,
2733 4417 2827 4470 καὶ
2885 4415 3027 4469 κατά
3056 4416 3166 4469 τῶν
3193 4417 3251 4467 ἐν
3297 4415 3693 4486 Θεσσαλονίκῃ,
3726 4418 3818 4484 γέ·

2234 4528 2394 4580 γονεν
2429 4508 2658 4580 ἀφορμὴ
2681 4507 2778 4561 τοῦ
2805 4509 2943 4579 πρὸς
2981 4508 3081 4579 τὴν
3112 4509 3217 4578 γῆν
3249 4505 3360 4560 τῶν
3393 4507 3724 4578 Βουλγάρων
3747 4509 3820 4563 τά

2246 4603 2538 4671 Ῥωμαϊκά
2585 4600 2972 4671 στρατεύματα
3021 4601 3320 4656 εἰσελθεῖνο
3358 4601 3457 4654 καὶ
3483 4601 3596 4654 οὐδ’
3635 4601 3814 4664 οὓτως

542 4709 646 4754 tua:
697 4693 982 4766 prudentis
1029 4689 1384 4746 conscientia:
1443 4701 1553 4742 non
1601 4702 1800 4758 negare
1857 4685 2066 4742 factum

2234 4696 2558 4768 ἐπιδρομάς,
2589 4695 2707 4759 οἵας
2748 4690 2889 4748 οἶδεν
2921 4695 2949 4748 ὁ
2981 4695 3242 4764 πόλεμος,
3277 4692 3526 4762 ἔγνωσαν
3579 4694 3820 4764 διαπρά-

540 4791 954 4861 qualescunque
1018 4783 1261 4848 fuerint,
1313 4781 1386 4836 iili
1442 4779 1538 4847 mi,
1593 4793 1786 4834 eorum
1837 4780 2124 4848 apologize,

543 4897 637 4936 eas
667 4881 840 4934 bonas
873 4891 984 4930 non
1015 4873 1230 4938 censui,
1291 4871 1525 4942 ideoque
1555 4885 1651 4926 eos
1695 4872 2122 4940 vituperationi-

543 4974 646 5028 bus
679 5012 694 5035 ,
751 4966 1223 5036 objurgationibus
1263 4963 1930 5034 .reprehensionibusque
1992 4977 2128 5018 one-

546 5063 686 5126 ravi,
721 5075 821 5114 nec
872 5057 1055 5112 facere
1085 5055 1388 5120 desistam;
1428 5065 1479 5110 te
1510 5064 1692 5110 autem
1739 5071 1803 5110 ea
1843 5072 1966 5126 qua:
1993 5073 2130 5124 pran-

545 5167 675 5207 sens
701 5149 756 5205 et
803 5148 1057 5220 amplexo
1087 5149 1285 5217 capite,
1320 5163 1464 5201 nunc
1515 5147 1808 5217 deprecor;
1847 5148 1936 5202 hic
1986 5157 2132 5203 stent
2163 5156 2173 5164 '

546 5245 723 5307 mala;
761 5240 1136 5308 nosmetipsos
1195 5252 1516 5303 noscamus,
1558 5251 1660 5292 nos
1690 5235 1896 5293 Christi
1950 5239 2125 5295 luere-

543 5337 642 5391 des
666 5349 789 5389 esse
813 5342 1128 5402 reputemus
1169 5349 1183 5385 :
1218 5332 1262 5386 si
1301 5344 1500 5400 genere
1555 5331 1780 5398 diversi,
1814 5347 1912 5402 per
1963 5333 2125 5388 ﬁdem

547 5436 729 5481 tamen
761 5442 928 5479 unum
956 5440 1159 5494 corpus
1200 5438 1417 5487 sumus,
1448 5438 1727 5494 unumque
1761 5436 1926 5496 caput
1955 5427 2126 5480 liabe-

545 5535 692 5585 mus,
722 5520 1028 5582 Christum,
1075 5519 1212 5572 alter
1251 5517 1479 5570 alterius
1508 5531 1703 5572 sumus
1736 5520 2003 5584 membra,
2031 5519 2126 5575 sed

549 5613 792 5666 membra
836 5615 890 5668 in
938 5628 999 5668 se
1055 5611 1290 5666 invicem
1341 5626 1632 5681 assurgere
1686 5630 1794 5667 non
1847 5615 2128 5681 assolent;

547 5707 660 5764 sed.
701 5705 1002 5759 secundum
1027 5705 1244 5758 beatum
1279 5706 1610 5774 apostolum,
1637 5723 1653 5755 ι
1689 5705 1746 5760 Si
1776 5707 1924 5775 quod
1957 5721 2134 5759 mem-

546 5807 706 5858 brum
744 5807 970 5874 patitur,
1023 5815 1223 5860 cuncta
1258 5805 1706 5876 compatiuntur;
1763 5826 1782 5858 ι
1827 5806 2133 5863 Christiani

2231 4789 2457 4856 ξασθαι·
2497 4787 2672 4841 ταῦτα
2719 4787 2767 4838 εἰ
2796 4785 2940 4838 οὓτω
2995 4787 3242 4853 γέγονεν,
3287 4782 3399 4852 ἐγὼ
3433 4784 3533 4854 μὲν
3566 4784 3666 4835 οὐκ
3695 4786 3820 4837 επί-

2236 4901 2445 4951 σταμαι
2469 4899 2482 4911 ⁸
2509 4876 2656 4936 οὗτοι
2690 4881 2746 4933 δέ
2781 4879 3238 4950 διισχυρίζονται,
3269 4878 3361 4930 σὸν
3409 4879 3464 4930 δέ
3511 4880 3658 4931 ἐστιν
3685 4877 3824 4931 εἰδέ-

2234 4993 2324 5030 ναι
2353 4976 2574 5044 καὶτῆς
2609 4975 2707 5044 σῆς
2730 4973 3005 5042 ἔμφρονος
3045 4972 3413 5042 συνειδήσεως
3437 4971 3498 5023 τὸ
3530 4971 3606 5040 μὴ
3639 4971 3824 5040 ἀπαρ-

2235 5067 2447 5121 νεῖσθαι
2473 5069 2532 5120 τὸ
2561 5067 2806 5134 γεγονός.
2849 5063 3034 5129 Ἀλλά,
3070 5065 3262 5119 τέκνον
3289 5065 3470 5135 ἡμῶν,
3493 5063 3676 5117 ὁποῖαί
3702 5064 3822 5116 ποτ’

2234 5160 2302 5212 ἂν
2341 5161 2394 5211 αἱ
2431 5157 2725 5227 ἀπολογίαι
2763 5157 2873 5209 τῶν
2901 5157 3138 5211 ἐνταῦθα
3195 5159 3511 5227 γεγόνασιν,
3534 5157 3633 5208 οὐκ
3665 5155 3826 5207 εὐλόο

2239 5269 2369 5321 γους
2399 5251 2570 5313 αὐτὰς
2627 5251 2951 5321 ἡγησάμην,
3002 5250 3098 5305 καὶ
3142 5251 3230 5304 διὰ
3286 5249 3444 5302 τοῦτο
3511 5248 3602 5301 καὶ
3637 5247 3827 5301 ὀνειδι-

2242 5345 2422 5412 σμοῖς,
2453 5343 2545 5394 καὶ
2579 5341 2876 5412 μέμψεσιν,
2914 5341 3011 5395 καὶ
3059 5343 3446 5411 ἐπιτιμήσεσιν
3498 5340 3818 5411 ἠμυνάμην,

2235 5435 2332 5489 καὶ
2373 5435 2452 5486 ἔτι
2501 5435 2562 5485 ού
2597 5433 2948 5505 διαλείψομαι
2983 5434 3348 5503 ἀμυνόμενος.
3409 5431 3476 5484 Σὲ
3517 5431 3573 5484 δὲ
3601 5427 3688 5485 οἷα
3719 5449 3830 5486 πα-

2238 5527 2347 5598 ρὼν
2379 5530 2473 5582 καὶ
2510 5527 2588 5592 τῷ
2625 5528 2705 5598 σῷ
2735 5526 2995 5598 τραχήλῳ
3027 5525 3368 5595 περιχυθεὶς,
3414 5525 3594 5579 ταῦτα
3637 5542 3826 5595 παρα-

2239 5623 2390 5677 καλῶ
2410 5639 2423 5652 ”
2452 5621 2755 5676 παυσάσθω
2785 5623 2891 5683 ἕως
2931 5619 3123 5672 τούτου
3158 5620 3228 5672 τὰ
3257 5619 3476 5690 χαλεπά
3495 5635 3510 5651 ο
3544 5620 3828 5688 γνωρίσω-

2244 5732 2344 5783 μεν
2397 5716 2655 5777 ἑαυτοὺς,
2704 5711 3163 5782 άναλογιζῶμεθα
3212 5713 3296 5765 ὅτι
3359 5711 3601 5780 Χριστοῦ
3655 5713 3828 5779 ἐσμεν

2241 5808 2572 5877 κληρονέμοι
2595 5823 2607 5836 ·
2639 5807 2733 5860 καὶ
2760 5806 2808 5858 εἰ
2840 5809 2934 5859 καὶ
2965 5808 3079 5870 τοῖς
3120 5805 3307 5876 γένεσι
3345 5804 3682 5879 διῃρήμεθα,
3711 5803 3830 5856 ἀλλ’
