  <div class='ocr_page' id='page_1' title='image "/cluster/home/n/w/nwhite01/storage/ocr_20150623/111/coo.31924054870153/048.png"; bbox 0 0 4178 6456; ppageno 0'>
   <div class='ocr_carea' id='block_1_1' title="bbox 571 308 3881 387">
    <p class='ocr_par' dir='ltr' id='par_1_1' title="bbox 571 308 3881 387">
     <span class='ocr_line' id='line_1_1' title="bbox 571 308 3881 387; baseline -0.002 -8"><span class='ocrx_word' id='word_1_1' title='bbox 571 316 647 387; x_wconf 84' lang='grc' dir='ltr'><strong>’Π</strong></span> <span class='ocrx_word' id='word_1_2' title='bbox 2070 319 2193 379; x_wconf 82' lang='grc' dir='ltr'><strong>ΕΡΙ</strong></span> <span class='ocrx_word' id='word_1_3' title='bbox 2202 318 2481 381; x_wconf 55' lang='grc' dir='ltr'>δτῡιηιιῑ.</span> <span class='ocrx_word' id='word_1_4' title='bbox 3811 308 3881 373; x_wconf 76' lang='grc'><strong>’18</strong></span> 
     </span>
    </p>
   </div>
   <div class='ocr_carea' id='block_1_2' title="bbox 577 425 2228 506">
    <p class='ocr_par' dir='ltr' id='par_1_2' title="bbox 577 432 2228 506">
     <span class='ocr_line' id='line_1_2' title="bbox 577 432 2228 506; baseline 0.002 -20"><span class='ocrx_word' id='word_1_5' title='bbox 577 434 642 487; x_wconf 76' lang='grc' dir='ltr'>ἓν</span> <span class='ocrx_word' id='word_1_6' title='bbox 670 433 845 504; x_wconf 79' lang='grc' dir='ltr'>σῶμα</span> <span class='ocrx_word' id='word_1_7' title='bbox 875 434 943 502; x_wconf 82' lang='grc' dir='ltr'>τῇ</span> <span class='ocrx_word' id='word_1_8' title='bbox 977 432 1166 489; x_wconf 80' lang='grc' dir='ltr'>πίστει</span> <span class='ocrx_word' id='word_1_9' title='bbox 1198 433 1390 504; x_wconf 71' lang='grc' dir='ltr'>ἐσμὲν,</span> <span class='ocrx_word' id='word_1_10' title='bbox 1429 433 1523 487; x_wconf 75' lang='grc' dir='ltr'><strong>καὶ</strong></span> <span class='ocrx_word' id='word_1_11' title='bbox 1543 433 1676 504; x_wconf 85' lang='grc' dir='ltr'>μίαν</span> <span class='ocrx_word' id='word_1_12' title='bbox 1701 434 1947 506; x_wconf 71' lang='grc' dir='ltr'>κεφαλὴν</span> <span class='ocrx_word' id='word_1_13' title='bbox 1984 437 2189 506; x_wconf 84' lang='grc' dir='ltr'>κεκτή-</span> <span class='ocrx_word' id='word_1_14' title='bbox 2218 478 2228 495; x_wconf 48' lang='grc' dir='ltr'>ι</span> 
     </span>
    </p>
   </div>
   <div class='ocr_carea' id='block_1_3' title="bbox 2331 425 3880 506">
    <p class='ocr_par' dir='ltr' id='par_1_3' title="bbox 2331 425 3880 501">
     <span class='ocr_line' id='line_1_3' title="bbox 2331 425 3880 501; baseline -0.005 -12"><span class='ocrx_word' id='word_1_15' title='bbox 2331 448 2511 498; x_wconf 74' lang='lat' dir='ltr'><strong>utrius,</strong></span> <span class='ocrx_word' id='word_1_16' title='bbox 2542 428 2964 501; x_wconf 76' lang='lat' dir='ltr'><strong>appellationem</strong></span> <span class='ocrx_word' id='word_1_17' title='bbox 2991 437 3234 482; x_wconf 86' lang='lat' dir='ltr'><strong>nostram</strong></span> <span class='ocrx_word' id='word_1_18' title='bbox 3261 425 3478 482; x_wconf 80' lang='lat' dir='ltr'><strong>mentiri</strong></span> <span class='ocrx_word' id='word_1_19' title='bbox 3499 442 3563 481; x_wconf 84' lang='lat' dir='ltr'><strong>ne</strong></span> <span class='ocrx_word' id='word_1_20' title='bbox 3587 425 3880 492; x_wconf 82' lang='lat' dir='ltr'><strong>faciamus;</strong></span> 
     </span>
    </p>
   </div>
   <div class='ocr_carea' id='block_1_4' title="bbox 591 519 2228 598">
    <p class='ocr_par' dir='ltr' id='par_1_4' title="bbox 591 523 2197 598">
     <span class='ocr_line' id='line_1_4' title="bbox 591 523 2197 598; baseline 0.002 -20"><span class='ocrx_word' id='word_1_21' title='bbox 591 524 749 594; x_wconf 77' lang='grc' dir='ltr'>μεθα</span> <span class='ocrx_word' id='word_1_22' title='bbox 777 523 876 578; x_wconf 83' lang='grc' dir='ltr'><strong>τδν</strong></span> <span class='ocrx_word' id='word_1_23' title='bbox 901 524 1167 598; x_wconf 71' lang='grc' dir='ltr'>Χριστὸν,</span> <span class='ocrx_word' id='word_1_24' title='bbox 1202 527 1297 579; x_wconf 78' lang='grc' dir='ltr'>καὶ</span> <span class='ocrx_word' id='word_1_25' title='bbox 1314 525 1560 596; x_wconf 87' lang='grc' dir='ltr'>ἀλλήλων</span> <span class='ocrx_word' id='word_1_26' title='bbox 1589 525 1758 595; x_wconf 79' lang='grc' dir='ltr'>ἐσμὲν</span> <span class='ocrx_word' id='word_1_27' title='bbox 1783 525 1946 598; x_wconf 83' lang='grc' dir='ltr'><strong>μέλη,</strong></span> <span class='ocrx_word' id='word_1_28' title='bbox 1974 527 2067 581; x_wconf 77' lang='grc' dir='ltr'><strong>καὶ</strong></span> <span class='ocrx_word' id='word_1_29' title='bbox 2096 530 2197 582; x_wconf 77' lang='grc' dir='ltr'><strong>οὐκ</strong></span> 
     </span>
    </p>
   </div>
   <div class='ocr_carea' id='block_1_5' title="bbox 2331 519 3881 598">
    <p class='ocr_par' dir='ltr' id='par_1_5' title="bbox 2331 519 3881 591">
     <span class='ocr_line' id='line_1_5' title="bbox 2331 519 3881 591; baseline -0.004 -10"><span class='ocrx_word' id='word_1_30' title='bbox 2331 528 2439 581; x_wconf 58' lang='grc' dir='ltr'>τοι»</span> <span class='ocrx_word' id='word_1_31' title='bbox 2489 522 2856 580; x_wconf 77' lang='lat' dir='ltr'><strong>intolerabilia</strong></span> <span class='ocrx_word' id='word_1_32' title='bbox 2909 521 3090 576; x_wconf 83' lang='lat' dir='ltr'><strong>malai</strong></span> <span class='ocrx_word' id='word_1_33' title='bbox 3141 535 3261 583; x_wconf 85' lang='lat' dir='ltr'><strong>eos.</strong></span> <span class='ocrx_word' id='word_1_34' title='bbox 3318 520 3413 591; x_wconf 88' lang='lat' dir='ltr'><strong>qui</strong></span> <span class='ocrx_word' id='word_1_35' title='bbox 3451 535 3635 590; x_wconf 84' lang='lat' dir='ltr'><strong>pacem</strong></span> <span class='ocrx_word' id='word_1_36' title='bbox 3660 519 3727 574; x_wconf 92' lang='lat' dir='ltr'><strong>ad</strong></span> <span class='ocrx_word' id='word_1_37' title='bbox 3761 535 3881 575; x_wconf 80' lang='lat' dir='ltr'><strong>om-</strong></span> 
     </span>
    </p>
   </div>
   <div class='ocr_carea' id='block_1_6' title="bbox 588 609 2228 686">
    <p class='ocr_par' dir='ltr' id='par_1_6' title="bbox 588 610 2199 686">
     <span class='ocr_line' id='line_1_6' title="bbox 588 610 2199 686; baseline 0.003 -18"><span class='ocrx_word' id='word_1_38' title='bbox 588 610 705 669; x_wconf 80' lang='grc' dir='ltr'>οἷδε</span> <span class='ocrx_word' id='word_1_39' title='bbox 730 616 804 669; x_wconf 78' lang='grc' dir='ltr'>τὰ</span> <span class='ocrx_word' id='word_1_40' title='bbox 859 615 1000 686; x_wconf 85' lang='grc' dir='ltr'>μέλη</span> <span class='ocrx_word' id='word_1_41' title='bbox 1046 615 1174 669; x_wconf 84' lang='grc' dir='ltr'>καθ’</span> <span class='ocrx_word' id='word_1_42' title='bbox 1222 614 1437 669; x_wconf 78' lang='grc' dir='ltr'>ἑαυτῶν</span> <span class='ocrx_word' id='word_1_43' title='bbox 1469 616 1817 680; x_wconf 78' lang='grc' dir='ltr'>στασιάζεινο</span> <span class='ocrx_word' id='word_1_44' title='bbox 1883 617 2021 672; x_wconf 89' lang='grc' dir='ltr'><strong>ἀλλά</strong></span> <span class='ocrx_word' id='word_1_45' title='bbox 2057 620 2199 674; x_wconf 86' lang='grc' dir='ltr'><strong>κατά</strong></span> 
     </span>
    </p>
   </div>
   <div class='ocr_carea' id='block_1_7' title="bbox 2331 609 3870 686">
    <p class='ocr_par' dir='ltr' id='par_1_7' title="bbox 2331 609 3870 683">
     <span class='ocr_line' id='line_1_7' title="bbox 2331 609 3870 683; baseline -0.006 -12"><span class='ocrx_word' id='word_1_46' title='bbox 2331 634 2401 673; x_wconf 68' lang='lat' dir='ltr'><strong>les</strong></span> <span class='ocrx_word' id='word_1_47' title='bbox 2432 632 2653 671; x_wconf 84' lang='lat' dir='ltr'><strong>scrvare</strong></span> <span class='ocrx_word' id='word_1_48' title='bbox 2699 623 2828 670; x_wconf 90' lang='lat' dir='ltr'><strong>sunt</strong></span> <span class='ocrx_word' id='word_1_49' title='bbox 2858 612 3022 683; x_wconf 87' lang='lat' dir='ltr'><strong>jussi,</strong></span> <span class='ocrx_word' id='word_1_50' title='bbox 3061 613 3115 666; x_wconf 86' lang='lat' dir='ltr'><strong>in</strong></span> <span class='ocrx_word' id='word_1_51' title='bbox 3165 612 3397 666; x_wconf 81' lang='lat' dir='ltr'><strong>invicem</strong></span> <span class='ocrx_word' id='word_1_52' title='bbox 3423 609 3719 664; x_wconf 82' lang='lat' dir='ltr'><strong>cencitavit</strong></span> <span class='ocrx_word' id='word_1_53' title='bbox 3759 609 3870 666; x_wconf 84' lang='lat' dir='ltr'><strong>dia-</strong></span> 
     </span>
    </p>
   </div>
   <div class='ocr_carea' id='block_1_8' title="bbox 588 703 2228 778">
    <p class='ocr_par' dir='ltr' id='par_1_8' title="bbox 588 705 2191 778">
     <span class='ocr_line' id='line_1_8' title="bbox 588 705 2191 778; baseline 0.015 -27"><span class='ocrx_word' id='word_1_54' title='bbox 588 707 687 760; x_wconf 61' lang='grc' dir='ltr'>τὸν</span> <span class='ocrx_word' id='word_1_55' title='bbox 731 707 1015 778; x_wconf 77' lang='grc' dir='ltr'>μακάριον</span> <span class='ocrx_word' id='word_1_56' title='bbox 1061 706 1415 773; x_wconf 82' lang='grc' dir='ltr'>Ἀπόστολον,</span> <span class='ocrx_word' id='word_1_57' title='bbox 1458 722 1480 755; x_wconf 77' lang='grc' dir='ltr'><strong>ι</strong></span> <span class='ocrx_word' id='word_1_58' title='bbox 1519 706 1582 758; x_wconf 73' lang='lat' dir='ltr'><strong>Et</strong></span> <span class='ocrx_word' id='word_1_59' title='bbox 1637 705 1841 776; x_wconf 79' lang='grc' dir='ltr'><strong>πάσχει</strong></span> <span class='ocrx_word' id='word_1_60' title='bbox 1881 706 1941 759; x_wconf 82' lang='grc' dir='ltr'>ἒν</span> <span class='ocrx_word' id='word_1_61' title='bbox 2000 707 2191 777; x_wconf 68' lang='grc' dir='ltr'>μέλος,</span> 
     </span>
    </p>
   </div>
   <div class='ocr_carea' id='block_1_9' title="bbox 2331 703 3883 778">
    <p class='ocr_par' dir='ltr' id='par_1_9' title="bbox 2331 703 3883 777">
     <span class='ocr_line' id='line_1_9' title="bbox 2331 703 3883 777; baseline -0.003 -17"><span class='ocrx_word' id='word_1_62' title='bbox 2331 711 2463 766; x_wconf 77' lang='grc' dir='ltr'>ιοιυε</span> <span class='ocrx_word' id='word_1_63' title='bbox 2525 718 2587 764; x_wconf 92' lang='lat' dir='ltr'><strong>ut</strong></span> <span class='ocrx_word' id='word_1_64' title='bbox 2638 708 2840 763; x_wconf 90' lang='lat' dir='ltr'><strong>bellum</strong></span> <span class='ocrx_word' id='word_1_65' title='bbox 2881 713 3172 777; x_wconf 87' lang='lat' dir='ltr'><strong>gererent;</strong></span> <span class='ocrx_word' id='word_1_66' title='bbox 3228 706 3323 775; x_wconf 86' lang='lat' dir='ltr'><strong>qui</strong></span> <span class='ocrx_word' id='word_1_67' title='bbox 3383 704 3543 759; x_wconf 86' lang='lat' dir='ltr'><strong>mites</strong></span> <span class='ocrx_word' id='word_1_68' title='bbox 3595 703 3649 757; x_wconf 92' lang='lat' dir='ltr'><strong>in</strong></span> <span class='ocrx_word' id='word_1_69' title='bbox 3686 717 3883 767; x_wconf 86' lang='lat' dir='ltr'><strong>omnes</strong></span> 
     </span>
    </p>
   </div>
   <div class='ocr_carea' id='block_1_10' title="bbox 592 794 2228 872">
    <p class='ocr_par' dir='ltr' id='par_1_10' title="bbox 592 798 2198 872">
     <span class='ocr_line' id='line_1_10' title="bbox 592 798 2198 872; baseline 0.001 -21"><span class='ocrx_word' id='word_1_70' title='bbox 592 798 786 852; x_wconf 78' lang='grc' dir='ltr'>πάντα</span> <span class='ocrx_word' id='word_1_71' title='bbox 809 798 884 850; x_wconf 79' lang='grc' dir='ltr'><strong>τά</strong></span> <span class='ocrx_word' id='word_1_72' title='bbox 913 798 1055 868; x_wconf 81' lang='grc' dir='ltr'>μέλη</span> <span class='ocrx_word' id='word_1_73' title='bbox 1092 798 1427 868; x_wconf 84' lang='grc' dir='ltr'>συμπάσχει.</span> <span class='ocrx_word' id='word_1_74' title='bbox 1468 816 1486 849; x_wconf 72' lang='grc' dir='ltr'><strong>ι</strong></span> <span class='ocrx_word' id='word_1_75' title='bbox 1536 798 1858 869; x_wconf 80' lang='grc' dir='ltr'>Χριστιανοί</span> <span class='ocrx_word' id='word_1_76' title='bbox 1906 801 2092 870; x_wconf 75' lang='grc' dir='ltr'>ἐσμεν,</span> <span class='ocrx_word' id='word_1_77' title='bbox 2122 800 2198 872; x_wconf 79' lang='grc' dir='ltr'><strong>μὴ</strong></span> 
     </span>
    </p>
   </div>
   <div class='ocr_carea' id='block_1_11' title="bbox 2331 794 3881 872">
    <p class='ocr_par' dir='ltr' id='par_1_11' title="bbox 2331 794 3881 867">
     <span class='ocr_line' id='line_1_11' title="bbox 2331 794 3881 867; baseline -0.005 -13"><span class='ocrx_word' id='word_1_78' title='bbox 2331 801 2713 859; x_wconf 77' lang='grc' dir='ltr'>ιοιηίιιοεέεεο</span> <span class='ocrx_word' id='word_1_79' title='bbox 2741 800 2960 867; x_wconf 77' lang='lat' dir='ltr'><strong>debent,</strong></span> <span class='ocrx_word' id='word_1_80' title='bbox 2989 799 3047 861; x_wconf 91' lang='lat' dir='ltr'><strong>in</strong></span> <span class='ocrx_word' id='word_1_81' title='bbox 3079 798 3315 859; x_wconf 74' lang='lat' dir='ltr'><strong>invicem</strong></span> <span class='ocrx_word' id='word_1_82' title='bbox 3349 797 3534 863; x_wconf 83' lang='lat' dir='ltr'><strong>furere</strong></span> <span class='ocrx_word' id='word_1_83' title='bbox 3571 796 3700 853; x_wconf 85' lang='lat' dir='ltr'><strong>fecit</strong></span> <span class='ocrx_word' id='word_1_84' title='bbox 3733 794 3881 860; x_wconf 73' lang='lat' dir='ltr'><strong>furo-</strong></span> 
     </span>
    </p>
   </div>
   <div class='ocr_carea' id='block_1_12' title="bbox 592 884 2228 963">
    <p class='ocr_par' dir='ltr' id='par_1_12' title="bbox 592 884 2195 959">
     <span class='ocr_line' id='line_1_12' title="bbox 592 884 2195 959; baseline -0.002 -18"><span class='ocrx_word' id='word_1_85' title='bbox 592 886 941 957; x_wconf 64' lang='grc' dir='ltr'>ψευδὼμεθα</span> <span class='ocrx_word' id='word_1_86' title='bbox 965 886 1064 957; x_wconf 79' lang='grc' dir='ltr'><strong>τὴν</strong></span> <span class='ocrx_word' id='word_1_87' title='bbox 1090 886 1287 957; x_wconf 83' lang='grc' dir='ltr'>κλῆσιν</span> <span class='ocrx_word' id='word_1_88' title='bbox 1315 902 1330 917; x_wconf 81' lang='grc'>⁶</span> <span class='ocrx_word' id='word_1_89' title='bbox 1359 886 1508 957; x_wconf 79' lang='grc' dir='ltr'>οἴμοι</span> <span class='ocrx_word' id='word_1_90' title='bbox 1533 885 1644 940; x_wconf 86' lang='grc' dir='ltr'><strong>τῶν</strong></span> <span class='ocrx_word' id='word_1_91' title='bbox 1666 884 1961 959; x_wconf 76' lang='grc' dir='ltr'><strong>ἀφορήτων</strong></span> <span class='ocrx_word' id='word_1_92' title='bbox 1985 889 2195 954; x_wconf 74' lang='grc' dir='ltr'>κακῶνε</span> 
     </span>
    </p>
   </div>
   <div class='ocr_carea' id='block_1_13' title="bbox 2331 884 2715 963">
    <p class='ocr_par' dir='ltr' id='par_1_13' title="bbox 2331 893 2715 963">
     <span class='ocr_line' id='line_1_13' title="bbox 2331 893 2715 963; baseline 0.008 -16"><span class='ocrx_word' id='word_1_93' title='bbox 2331 893 2386 948; x_wconf 73' lang='lat' dir='ltr'><strong>&#39;is</strong></span> <span class='ocrx_word' id='word_1_94' title='bbox 2422 893 2715 963; x_wconf 76' lang='lat' dir='ltr'><strong>magister.</strong></span> 
     </span>
    </p>
   </div>
   <div class='ocr_carea' id='block_1_14' title="bbox 593 979 3885 1061">
    <p class='ocr_par' dir='ltr' id='par_1_14' title="bbox 593 979 3885 1061">
     <span class='ocr_line' id='line_1_14' title="bbox 593 979 3885 1061; baseline 0 -27"><span class='ocrx_word' id='word_1_95' title='bbox 593 982 743 1045; x_wconf 72' lang='grc' dir='ltr'>Τοὺς</span> <span class='ocrx_word' id='word_1_96' title='bbox 769 979 1205 1051; x_wconf 77' lang='grc' dir='ltr'><strong>διδασκομένους</strong></span> <span class='ocrx_word' id='word_1_97' title='bbox 1240 979 1469 1051; x_wconf 80' lang='grc' dir='ltr'><strong>εἰρήνην</strong></span> <span class='ocrx_word' id='word_1_98' title='bbox 1510 981 1650 1049; x_wconf 79' lang='grc' dir='ltr'><strong>μετά</strong></span> <span class='ocrx_word' id='word_1_99' title='bbox 1698 980 1920 1041; x_wconf 84' lang='grc' dir='ltr'>πάντων</span> <span class='ocrx_word' id='word_1_100' title='bbox 1948 981 2193 1049; x_wconf 82' lang='grc' dir='ltr'><strong>διώκειν,</strong></span> <span class='ocrx_word' id='word_1_101' title='bbox 2234 983 2616 1061; x_wconf 70' lang='grc' dir='ltr'>ἐξεπολέμωσε</span> <span class='ocrx_word' id='word_1_102' title='bbox 2650 984 2771 1040; x_wconf 78' lang='grc' dir='ltr'>καθ’</span> <span class='ocrx_word' id='word_1_103' title='bbox 2802 986 3036 1051; x_wconf 77' lang='grc' dir='ltr'>ἑαυτοὺς</span> <span class='ocrx_word' id='word_1_104' title='bbox 3065 988 3093 1040; x_wconf 90' lang='grc' dir='ltr'><strong>ό</strong></span> <span class='ocrx_word' id='word_1_105' title='bbox 3143 984 3392 1049; x_wconf 86' lang='grc' dir='ltr'>διάϐολος</span> <span class='ocrx_word' id='word_1_106' title='bbox 3415 1003 3428 1015; x_wconf 73' lang='grc' dir='ltr'><strong>ο</strong></span> <span class='ocrx_word' id='word_1_107' title='bbox 3454 985 3585 1049; x_wconf 78' lang='grc' dir='ltr'>τοὺς</span> <span class='ocrx_word' id='word_1_108' title='bbox 3641 982 3885 1054; x_wconf 81' lang='grc' dir='ltr'>ὀφείλον-</span> 
     </span>
    </p>
   </div>
   <div class='ocr_carea' id='block_1_15' title="bbox 595 1068 3882 1158">
    <p class='ocr_par' dir='ltr' id='par_1_15' title="bbox 595 1068 3882 1158">
     <span class='ocr_line' id='line_1_15' title="bbox 595 1068 3882 1158; baseline 0 -31"><span class='ocrx_word' id='word_1_109' title='bbox 595 1093 701 1140; x_wconf 79' lang='grc' dir='ltr'><strong>τας</strong></span> <span class='ocrx_word' id='word_1_110' title='bbox 762 1075 968 1146; x_wconf 81' lang='grc' dir='ltr'><strong>πραεῖς</strong></span> <span class='ocrx_word' id='word_1_111' title='bbox 1022 1068 1168 1127; x_wconf 75' lang='grc' dir='ltr'>εῖναι</span> <span class='ocrx_word' id='word_1_112' title='bbox 1224 1074 1364 1146; x_wconf 74' lang='grc' dir='ltr'>πρὸς</span> <span class='ocrx_word' id='word_1_113' title='bbox 1424 1075 1633 1140; x_wconf 85' lang='grc' dir='ltr'>πάντας</span> <span class='ocrx_word' id='word_1_114' title='bbox 1691 1075 2039 1155; x_wconf 79' lang='grc' dir='ltr'><strong>ἀνθρώπους,</strong></span> <span class='ocrx_word' id='word_1_115' title='bbox 2074 1078 2194 1143; x_wconf 83' lang='grc' dir='ltr'>κατ’</span> <span class='ocrx_word' id='word_1_116' title='bbox 2270 1080 2518 1158; x_wconf 63' lang='grc' dir='ltr'>ἀλλήλων</span> <span class='ocrx_word' id='word_1_117' title='bbox 2583 1083 2946 1155; x_wconf 76' lang='grc' dir='ltr'>ἐκμαίνεσθαι</span> <span class='ocrx_word' id='word_1_118' title='bbox 3007 1082 3313 1151; x_wconf 82' lang='grc' dir='ltr'>πεποίηκεν</span> <span class='ocrx_word' id='word_1_119' title='bbox 3354 1082 3381 1135; x_wconf 86' lang='grc' dir='ltr'><strong>ό</strong></span> <span class='ocrx_word' id='word_1_120' title='bbox 3413 1080 3514 1148; x_wconf 81' lang='grc' dir='ltr'>τῆς</span> <span class='ocrx_word' id='word_1_121' title='bbox 3562 1078 3761 1145; x_wconf 75' lang='grc' dir='ltr'>μανίας</span> <span class='ocrx_word' id='word_1_122' title='bbox 3792 1076 3882 1140; x_wconf 83' lang='grc' dir='ltr'>ἀρ-</span> 
     </span>
    </p>
   </div>
   <div class='ocr_carea' id='block_1_16' title="bbox 600 1167 797 1240">
    <p class='ocr_par' dir='ltr' id='par_1_16' title="bbox 600 1167 797 1240">
     <span class='ocr_line' id='line_1_16' title="bbox 600 1167 797 1240; baseline -0.025 -5"><span class='ocrx_word' id='word_1_123' title='bbox 600 1167 797 1240; x_wconf 61' lang='grc' dir='ltr'>κοῖός.</span> 
     </span>
    </p>
   </div>
   <div class='ocr_carea' id='block_1_17' title="bbox 677 1261 2205 1340">
    <p class='ocr_par' dir='ltr' id='par_1_17' title="bbox 677 1261 2205 1340">
     <span class='ocr_line' id='line_1_17' title="bbox 677 1261 2205 1340; baseline 0.001 -23"><span class='ocrx_word' id='word_1_124' title='bbox 677 1264 860 1325; x_wconf 75' lang='grc' dir='ltr'>Πάλαι</span> <span class='ocrx_word' id='word_1_125' title='bbox 894 1262 998 1334; x_wconf 74' lang='grc' dir='ltr'>μὲν</span> <span class='ocrx_word' id='word_1_126' title='bbox 1029 1262 1082 1316; x_wconf 85' lang='grc' dir='ltr'>οἱ</span> <span class='ocrx_word' id='word_1_127' title='bbox 1112 1261 1205 1317; x_wconf 80' lang='grc' dir='ltr'><strong>τὸν</strong></span> <span class='ocrx_word' id='word_1_128' title='bbox 1231 1263 1470 1334; x_wconf 82' lang='grc' dir='ltr'>Χριστὸν</span> <span class='ocrx_word' id='word_1_129' title='bbox 1512 1266 1840 1334; x_wconf 79' lang='grc' dir='ltr'><strong>ἐγνωκότες,</strong></span> <span class='ocrx_word' id='word_1_130' title='bbox 1860 1270 1913 1321; x_wconf 83' lang='grc' dir='ltr'>οἱ</span> <span class='ocrx_word' id='word_1_131' title='bbox 1946 1269 2024 1340; x_wconf 81' lang='grc' dir='ltr'>τῷ</span> <span class='ocrx_word' id='word_1_132' title='bbox 2057 1271 2205 1331; x_wconf 66' lang='grc' dir='ltr'>ἐκεῖ,</span> 
     </span>
    </p>
   </div>
   <div class='ocr_carea' id='block_1_18' title="bbox 606 1356 2228 1443">
    <p class='ocr_par' dir='ltr' id='par_1_18' title="bbox 606 1356 2210 1430">
     <span class='ocr_line' id='line_1_18' title="bbox 606 1356 2210 1430; baseline 0.004 -18"><span class='ocrx_word' id='word_1_133' title='bbox 606 1375 702 1412; x_wconf 80' lang='grc' dir='ltr'><strong>νου</strong></span> <span class='ocrx_word' id='word_1_134' title='bbox 734 1357 882 1428; x_wconf 74' lang='grc' dir='ltr'>ἁγίῳ</span> <span class='ocrx_word' id='word_1_135' title='bbox 906 1356 1134 1428; x_wconf 85' lang='grc' dir='ltr'>ὀνόματι</span> <span class='ocrx_word' id='word_1_136' title='bbox 1178 1356 1628 1428; x_wconf 78' lang='grc' dir='ltr'>ἐπικεκλημένοι,</span> <span class='ocrx_word' id='word_1_137' title='bbox 1689 1360 1790 1430; x_wconf 83' lang='grc' dir='ltr'><strong>τὴν</strong></span> <span class='ocrx_word' id='word_1_138' title='bbox 1822 1363 1930 1430; x_wconf 82' lang='grc' dir='ltr'>γῆν</span> <span class='ocrx_word' id='word_1_139' title='bbox 1978 1365 2093 1427; x_wconf 86' lang='grc' dir='ltr'>τοῖς</span> <span class='ocrx_word' id='word_1_140' title='bbox 2131 1367 2210 1419; x_wconf 84' lang='grc' dir='ltr'>οί-</span> 
     </span>
    </p>
   </div>
   <div class='ocr_carea' id='block_1_19' title="bbox 2331 1356 3888 1443">
    <p class='ocr_par' dir='ltr' id='par_1_19' title="bbox 2331 1366 3888 1443">
     <span class='ocr_line' id='line_1_19' title="bbox 2331 1366 3888 1443; baseline -0.004 -17"><span class='ocrx_word' id='word_1_141' title='bbox 2331 1371 2452 1427; x_wconf 88' lang='lat' dir='ltr'><strong>nine</strong></span> <span class='ocrx_word' id='word_1_142' title='bbox 2483 1381 2677 1427; x_wconf 86' lang='lat' dir='ltr'><strong>sancto</strong></span> <span class='ocrx_word' id='word_1_143' title='bbox 2720 1371 3163 1443; x_wconf 76' lang='lat' dir='ltr'><strong>appellabantur,</strong></span> <span class='ocrx_word' id='word_1_144' title='bbox 3201 1371 3423 1440; x_wconf 84' lang='lat' dir='ltr'><strong>proprio</strong></span> <span class='ocrx_word' id='word_1_145' title='bbox 3469 1366 3740 1438; x_wconf 84' lang='lat' dir='ltr'><strong>sanguine</strong></span> <span class='ocrx_word' id='word_1_146' title='bbox 3775 1372 3888 1419; x_wconf 88' lang='lat' dir='ltr'><strong>ter-</strong></span> 
     </span>
    </p>
   </div>
   <div class='ocr_carea' id='block_1_20' title="bbox 607 1448 2228 1539">
    <p class='ocr_par' dir='ltr' id='par_1_20' title="bbox 607 1448 2207 1525">
     <span class='ocr_line' id='line_1_20' title="bbox 607 1448 2207 1525; baseline 0.003 -20"><span class='ocrx_word' id='word_1_147' title='bbox 607 1451 784 1515; x_wconf 83' lang='grc' dir='ltr'>κείοις</span> <span class='ocrx_word' id='word_1_148' title='bbox 803 1449 1043 1521; x_wconf 84' lang='grc' dir='ltr'>ήγίασαν</span> <span class='ocrx_word' id='word_1_149' title='bbox 1062 1451 1282 1519; x_wconf 77' lang='grc' dir='ltr'>αἵμασι,</span> <span class='ocrx_word' id='word_1_150' title='bbox 1311 1448 1404 1503; x_wconf 83' lang='grc' dir='ltr'>τὸν</span> <span class='ocrx_word' id='word_1_151' title='bbox 1426 1450 1750 1521; x_wconf 85' lang='grc' dir='ltr'>ἀέρα.εὑωδί</span> <span class='ocrx_word' id='word_1_152' title='bbox 1759 1469 1825 1517; x_wconf 84' lang='grc' dir='ltr'><strong>ας</strong></span> <span class='ocrx_word' id='word_1_153' title='bbox 1851 1453 2207 1525; x_wconf 77' lang='grc' dir='ltr'>ἐπλήρωσαν,</span> 
     </span>
    </p>
   </div>
   <div class='ocr_carea' id='block_1_21' title="bbox 2331 1448 3893 1539">
    <p class='ocr_par' dir='ltr' id='par_1_21' title="bbox 2331 1459 3893 1528">
     <span class='ocr_line' id='line_1_21' title="bbox 2331 1459 3893 1528; baseline -0.004 -12"><span class='ocrx_word' id='word_1_154' title='bbox 2331 1477 2425 1517; x_wconf 84' lang='lat' dir='ltr'><strong>am</strong></span> <span class='ocrx_word' id='word_1_155' title='bbox 2484 1464 3004 1528; x_wconf 83' lang='lat' dir='ltr'><strong>sanctiﬁcavcrunt,</strong></span> <span class='ocrx_word' id='word_1_156' title='bbox 3045 1461 3393 1520; x_wconf 78' lang='lat' dir='ltr'><strong>suavissimis</strong></span> <span class='ocrx_word' id='word_1_157' title='bbox 3449 1459 3714 1516; x_wconf 82' lang='lat' dir='ltr'><strong>odoribus</strong></span> <span class='ocrx_word' id='word_1_158' title='bbox 3762 1469 3893 1511; x_wconf 89' lang='lat' dir='ltr'><strong>acra</strong></span> 
     </span>
    </p>
   </div>
   <div class='ocr_carea' id='block_1_22' title="bbox 613 1540 2228 1633">
    <p class='ocr_par' dir='ltr' id='par_1_22' title="bbox 613 1540 2210 1633">
     <span class='ocr_line' id='line_1_22' title="bbox 613 1540 2210 1633; baseline 0.003 -38"><span class='ocrx_word' id='word_1_159' title='bbox 613 1543 710 1596; x_wconf 72' lang='grc' dir='ltr'><strong>τον</strong></span> <span class='ocrx_word' id='word_1_160' title='bbox 740 1540 998 1603; x_wconf 76' lang='grc' dir='ltr'>διάϐολον</span> <span class='ocrx_word' id='word_1_161' title='bbox 1050 1542 1151 1597; x_wconf 79' lang='grc' dir='ltr'><strong>σὺν</strong></span> <span class='ocrx_word' id='word_1_162' title='bbox 1177 1543 1293 1605; x_wconf 87' lang='grc' dir='ltr'>τοῖς</span> <span class='ocrx_word' id='word_1_163' title='bbox 1343 1540 1510 1596; x_wconf 79' lang='grc' dir='ltr'>αὐτοῦ</span> <span class='ocrx_word' id='word_1_164' title='bbox 1568 1543 1919 1623; x_wconf 70' lang='grc' dir='ltr'>κατῄσχυναν</span> <span class='ocrx_word' id='word_1_165' title='bbox 1966 1546 2210 1633; x_wconf 46' lang='grc' dir='ltr'>δαίμοσι,</span> 
     </span>
    </p>
   </div>
   <div class='ocr_carea' id='block_1_23' title="bbox 2331 1540 3896 1633">
    <p class='ocr_par' dir='ltr' id='par_1_23' title="bbox 2331 1547 3896 1626">
     <span class='ocr_line' id='line_1_23' title="bbox 2331 1547 3896 1626; baseline 0 -18"><span class='ocrx_word' id='word_1_166' title='bbox 2331 1556 2747 1626; x_wconf 84' lang='lat' dir='ltr'><strong>:ompleverunt,</strong></span> <span class='ocrx_word' id='word_1_167' title='bbox 2783 1556 3064 1613; x_wconf 87' lang='lat' dir='ltr'><strong>diabolum</strong></span> <span class='ocrx_word' id='word_1_168' title='bbox 3115 1570 3242 1612; x_wconf 93' lang='lat' dir='ltr'><strong>cum</strong></span> <span class='ocrx_word' id='word_1_169' title='bbox 3289 1554 3407 1610; x_wconf 82' lang='lat' dir='ltr'><strong>suis</strong></span> <span class='ocrx_word' id='word_1_170' title='bbox 3455 1552 3666 1622; x_wconf 86' lang='lat' dir='ltr'><strong>angelis</strong></span> <span class='ocrx_word' id='word_1_171' title='bbox 3697 1547 3896 1608; x_wconf 51' lang='lat' dir='ltr'><strong>confli.</strong></span> 
     </span>
    </p>
   </div>
   <div class='ocr_carea' id='block_1_24' title="bbox 610 1633 2228 1720">
    <p class='ocr_par' dir='ltr' id='par_1_24' title="bbox 610 1633 2204 1710">
     <span class='ocr_line' id='line_1_24' title="bbox 610 1633 2204 1710; baseline 0.004 -22"><span class='ocrx_word' id='word_1_172' title='bbox 610 1639 727 1698; x_wconf 81' lang='grc' dir='ltr'>τοῖς</span> <span class='ocrx_word' id='word_1_173' title='bbox 772 1633 1027 1704; x_wconf 79' lang='grc' dir='ltr'><strong>ἀγγέλοις</strong></span> <span class='ocrx_word' id='word_1_174' title='bbox 1077 1633 1329 1706; x_wconf 84' lang='grc' dir='ltr'>χορεύειν</span> <span class='ocrx_word' id='word_1_175' title='bbox 1368 1634 1613 1690; x_wconf 73' lang='grc' dir='ltr'>ἐδίδοσαν</span> <span class='ocrx_word' id='word_1_176' title='bbox 1665 1639 2054 1710; x_wconf 59' lang='grc' dir='ltr'>καῖ’σκιρτᾷν,</span> <span class='ocrx_word' id='word_1_177' title='bbox 2108 1639 2204 1696; x_wconf 80' lang='grc' dir='ltr'>τὸν</span> 
     </span>
    </p>
   </div>
   <div class='ocr_carea' id='block_1_25' title="bbox 2331 1633 3897 1720">
    <p class='ocr_par' dir='ltr' id='par_1_25' title="bbox 2331 1642 3897 1720">
     <span class='ocr_line' id='line_1_25' title="bbox 2331 1642 3897 1720; baseline -0.003 -19"><span class='ocrx_word' id='word_1_178' title='bbox 2331 1646 2470 1703; x_wconf 62' lang='lat' dir='ltr'><strong>sione</strong></span> <span class='ocrx_word' id='word_1_179' title='bbox 2512 1646 2839 1717; x_wconf 68' lang='lat' dir='ltr'><strong>affecerunt,</strong></span> <span class='ocrx_word' id='word_1_180' title='bbox 2885 1649 3097 1720; x_wconf 82' lang='lat' dir='ltr'><strong>angelis</strong></span> <span class='ocrx_word' id='word_1_181' title='bbox 3132 1648 3315 1703; x_wconf 88' lang='lat' dir='ltr'><strong>locum</strong></span> <span class='ocrx_word' id='word_1_182' title='bbox 3344 1643 3659 1703; x_wconf 74' lang='lat' dir='ltr'><strong>exsttltandi</strong></span> <span class='ocrx_word' id='word_1_183' title='bbox 3691 1652 3746 1698; x_wconf 88' lang='lat' dir='ltr'><strong>et</strong></span> <span class='ocrx_word' id='word_1_184' title='bbox 3772 1642 3897 1713; x_wconf 83' lang='lat' dir='ltr'><strong>glo-</strong></span> 
     </span>
    </p>
   </div>
   <div class='ocr_carea' id='block_1_26' title="bbox 2376 1276 3892 1352">
    <p class='ocr_par' dir='ltr' id='par_1_26' title="bbox 2376 1276 3892 1352">
     <span class='ocr_line' id='line_1_26' title="bbox 2376 1276 3892 1352; baseline -0.008 -17"><span class='ocrx_word' id='word_1_185' title='bbox 2376 1279 2670 1346; x_wconf 78' lang='lat' dir='ltr'><strong>Quondam</strong></span> <span class='ocrx_word' id='word_1_186' title='bbox 2704 1281 2798 1352; x_wconf 98' lang='lat' dir='ltr'><strong>qui</strong></span> <span class='ocrx_word' id='word_1_187' title='bbox 2827 1280 3109 1337; x_wconf 81' lang='lat' dir='ltr'><strong>Christum</strong></span> <span class='ocrx_word' id='word_1_188' title='bbox 3139 1287 3512 1351; x_wconf 65' lang='lat' dir='ltr'><strong>cognoverant</strong></span> <span class='ocrx_word' id='word_1_189' title='bbox 3543 1276 3892 1346; x_wconf 86' lang='lat' dir='ltr'><strong>ejusqueno-</strong></span> 
     </span>
    </p>
   </div>
   <div class='ocr_carea' id='block_1_27' title="bbox 620 1726 2201 1799">
    <p class='ocr_par' dir='ltr' id='par_1_27' title="bbox 620 1726 2201 1799">
     <span class='ocr_line' id='line_1_27' title="bbox 620 1726 2201 1799; baseline 0.004 -18"><span class='ocrx_word' id='word_1_190' title='bbox 620 1727 903 1798; x_wconf 83' lang='grc' dir='ltr'>Δεσπότην</span> <span class='ocrx_word' id='word_1_191' title='bbox 929 1729 1049 1791; x_wconf 90' lang='grc' dir='ltr'>ταῖς</span> <span class='ocrx_word' id='word_1_192' title='bbox 1069 1727 1302 1789; x_wconf 86' lang='grc' dir='ltr'>οίκείαις</span> <span class='ocrx_word' id='word_1_193' title='bbox 1326 1726 1578 1795; x_wconf 71' lang='grc' dir='ltr'>ἐδόξαζον</span> <span class='ocrx_word' id='word_1_194' title='bbox 1601 1733 1870 1797; x_wconf 77' lang='grc' dir='ltr'>σφαγαῖς·</span> <span class='ocrx_word' id='word_1_195' title='bbox 1902 1731 1999 1785; x_wconf 79' lang='grc' dir='ltr'>νῦν</span> <span class='ocrx_word' id='word_1_196' title='bbox 2026 1732 2083 1786; x_wconf 84' lang='grc' dir='ltr'>δὲ</span> <span class='ocrx_word' id='word_1_197' title='bbox 2112 1734 2164 1787; x_wconf 86' lang='grc' dir='ltr'><strong>τί</strong></span> <span class='ocrx_word' id='word_1_198' title='bbox 2186 1750 2201 1799; x_wconf 88' lang='grc'><strong>;</strong></span> 
     </span>
    </p>
   </div>
   <div class='ocr_carea' id='block_1_28' title="bbox 2313 1735 3895 1808">
    <p class='ocr_par' dir='ltr' id='par_1_28' title="bbox 2313 1735 3895 1808">
     <span class='ocr_line' id='line_1_28' title="bbox 2313 1735 3895 1808; baseline -0.001 -14"><span class='ocrx_word' id='word_1_199' title='bbox 2313 1739 2492 1796; x_wconf 89' lang='lat' dir='ltr'><strong>riandi</strong></span> <span class='ocrx_word' id='word_1_200' title='bbox 2528 1740 2815 1806; x_wconf 89' lang='lat' dir='ltr'><strong>dederunt,</strong></span> <span class='ocrx_word' id='word_1_201' title='bbox 2866 1755 2970 1798; x_wconf 86' lang='lat' dir='ltr'><strong>suo</strong></span> <span class='ocrx_word' id='word_1_202' title='bbox 3013 1739 3238 1805; x_wconf 86' lang='lat' dir='ltr'><strong>interitu</strong></span> <span class='ocrx_word' id='word_1_203' title='bbox 3280 1738 3577 1794; x_wconf 83' lang='lat' dir='ltr'><strong>Dominum</strong></span> <span class='ocrx_word' id='word_1_204' title='bbox 3618 1735 3895 1808; x_wconf 78' lang='lat' dir='ltr'><strong>gloriﬁca-</strong></span> 
     </span>
    </p>
   </div>
   <div class='ocr_carea' id='block_1_29' title="bbox 627 1820 2228 1905">
    <p class='ocr_par' dir='ltr' id='par_1_29' title="bbox 627 1820 2206 1896">
     <span class='ocr_line' id='line_1_29' title="bbox 627 1820 2206 1896; baseline 0.005 -23"><span class='ocrx_word' id='word_1_205' title='bbox 627 1823 697 1873; x_wconf 79' lang='grc' dir='ltr'><strong>Οἱ</strong></span> <span class='ocrx_word' id='word_1_206' title='bbox 746 1821 841 1874; x_wconf 77' lang='grc' dir='ltr'><strong>τοῦ</strong></span> <span class='ocrx_word' id='word_1_207' title='bbox 902 1820 1133 1891; x_wconf 79' lang='grc' dir='ltr'>Χριστοῦ</span> <span class='ocrx_word' id='word_1_208' title='bbox 1190 1820 1473 1891; x_wconf 76' lang='grc' dir='ltr'>ἐπώνυμοι</span> <span class='ocrx_word' id='word_1_209' title='bbox 1514 1821 1752 1891; x_wconf 79' lang='grc' dir='ltr'>ἐμίαναν</span> <span class='ocrx_word' id='word_1_210' title='bbox 1785 1824 1884 1896; x_wconf 74' lang='grc' dir='ltr'>τὴν</span> <span class='ocrx_word' id='word_1_211' title='bbox 1941 1825 2050 1896; x_wconf 78' lang='grc' dir='ltr'>γῆν</span> <span class='ocrx_word' id='word_1_212' title='bbox 2094 1830 2206 1892; x_wconf 87' lang='grc' dir='ltr'>τοῖς</span> 
     </span>
    </p>
   </div>
   <div class='ocr_carea' id='block_1_30' title="bbox 2331 1820 3899 1905">
    <p class='ocr_par' dir='ltr' id='par_1_30' title="bbox 2331 1832 3899 1905">
     <span class='ocr_line' id='line_1_30' title="bbox 2331 1832 3899 1905; baseline 0.001 -19"><span class='ocrx_word' id='word_1_213' title='bbox 2331 1840 2535 1903; x_wconf 56' lang='lat' dir='ltr'><strong>ierunt;</strong></span> <span class='ocrx_word' id='word_1_214' title='bbox 2566 1849 2714 1889; x_wconf 89' lang='lat' dir='ltr'><strong>nunc</strong></span> <span class='ocrx_word' id='word_1_215' title='bbox 2749 1842 2933 1891; x_wconf 89' lang='lat' dir='ltr'><strong>autem</strong></span> <span class='ocrx_word' id='word_1_216' title='bbox 2975 1834 3149 1905; x_wconf 84' lang='lat' dir='ltr'><strong>quid?</strong></span> <span class='ocrx_word' id='word_1_217' title='bbox 3191 1832 3492 1890; x_wconf 84' lang='lat' dir='ltr'><strong>Christiani</strong></span> <span class='ocrx_word' id='word_1_218' title='bbox 3528 1840 3731 1888; x_wconf 89' lang='lat' dir='ltr'><strong>terram</strong></span> <span class='ocrx_word' id='word_1_219' title='bbox 3762 1846 3899 1902; x_wconf 90' lang='lat' dir='ltr'><strong>pro-</strong></span> 
     </span>
    </p>
   </div>
   <div class='ocr_carea' id='block_1_31' title="bbox 631 1900 2207 1988">
    <p class='ocr_par' dir='ltr' id='par_1_31' title="bbox 631 1900 2207 1988">
     <span class='ocr_line' id='line_1_31' title="bbox 631 1900 2207 1988; baseline 0.003 -22"><span class='ocrx_word' id='word_1_220' title='bbox 631 1912 857 1976; x_wconf 74' lang='grc' dir='ltr'>οἰκείοις</span> <span class='ocrx_word' id='word_1_221' title='bbox 887 1914 1094 1984; x_wconf 77' lang='grc' dir='ltr'>αἵμασι,</span> <span class='ocrx_word' id='word_1_222' title='bbox 1128 1913 1403 1978; x_wconf 76' lang='grc' dir='ltr'><strong>δυσωδίας</strong></span> <span class='ocrx_word' id='word_1_223' title='bbox 1437 1900 1749 1983; x_wconf 76' lang='grc' dir='ltr'>ἐνέπλησαν</span> <span class='ocrx_word' id='word_1_224' title='bbox 1778 1916 1871 1970; x_wconf 82' lang='grc' dir='ltr'><strong>τὸν</strong></span> <span class='ocrx_word' id='word_1_225' title='bbox 1909 1917 2074 1987; x_wconf 84' lang='grc' dir='ltr'>ἀέρα,</span> <span class='ocrx_word' id='word_1_226' title='bbox 2112 1935 2207 1988; x_wconf 87' lang='grc' dir='ltr'>χο-</span> 
     </span>
    </p>
   </div>
   <div class='ocr_carea' id='block_1_32' title="bbox 628 2003 2209 2084">
    <p class='ocr_par' dir='ltr' id='par_1_32' title="bbox 628 2003 2209 2084">
     <span class='ocr_line' id='line_1_32' title="bbox 628 2003 2209 2084; baseline 0.004 -25"><span class='ocrx_word' id='word_1_227' title='bbox 628 2003 816 2076; x_wconf 83' lang='grc' dir='ltr'>ρεύειν</span> <span class='ocrx_word' id='word_1_228' title='bbox 836 2007 941 2069; x_wconf 85' lang='grc' dir='ltr'>τοῖς</span> <span class='ocrx_word' id='word_1_229' title='bbox 969 2005 1225 2077; x_wconf 74' lang='grc' dir='ltr'>δαίμοσιν</span> <span class='ocrx_word' id='word_1_230' title='bbox 1256 2006 1489 2073; x_wconf 78' lang='grc' dir='ltr'>ἔδωκαν,</span> <span class='ocrx_word' id='word_1_231' title='bbox 1528 2008 1794 2063; x_wconf 87' lang='grc' dir='ltr'>ὑπόθεσιν</span> <span class='ocrx_word' id='word_1_232' title='bbox 1826 2009 1923 2064; x_wconf 74' lang='grc' dir='ltr'>τοῦ</span> <span class='ocrx_word' id='word_1_233' title='bbox 1958 2012 2209 2084; x_wconf 86' lang='grc' dir='ltr'>σκυθρω-</span> 
     </span>
    </p>
   </div>
   <div class='ocr_carea' id='block_1_33' title="bbox 621 2098 2213 2178">
    <p class='ocr_par' dir='ltr' id='par_1_33' title="bbox 621 2098 2213 2178">
     <span class='ocr_line' id='line_1_33' title="bbox 621 2098 2213 2178; baseline 0.005 -25"><span class='ocrx_word' id='word_1_234' title='bbox 621 2098 818 2163; x_wconf 71' lang='grc' dir='ltr'>πάζειν</span> <span class='ocrx_word' id='word_1_235' title='bbox 841 2101 950 2165; x_wconf 81' lang='grc' dir='ltr'>τοῖς</span> <span class='ocrx_word' id='word_1_236' title='bbox 979 2100 1237 2169; x_wconf 79' lang='grc' dir='ltr'><strong>ἀγγέλοις</strong></span> <span class='ocrx_word' id='word_1_237' title='bbox 1257 2102 1558 2173; x_wconf 81' lang='grc' dir='ltr'>παρέσχον,</span> <span class='ocrx_word' id='word_1_238' title='bbox 1590 2103 1667 2175; x_wconf 82' lang='grc' dir='ltr'>τῷ</span> <span class='ocrx_word' id='word_1_239' title='bbox 1700 2104 1951 2177; x_wconf 80' lang='grc' dir='ltr'>Δεσπὸτῃ</span> <span class='ocrx_word' id='word_1_240' title='bbox 1984 2107 2213 2178; x_wconf 83' lang='grc' dir='ltr'>προεξέ-</span> 
     </span>
    </p>
   </div>
   <div class='ocr_carea' id='block_1_34' title="bbox 616 2189 2210 2264">
    <p class='ocr_par' dir='ltr' id='par_1_34' title="bbox 616 2189 2210 2264">
     <span class='ocr_line' id='line_1_34' title="bbox 616 2189 2210 2264; baseline 0.006 -20"><span class='ocrx_word' id='word_1_241' title='bbox 616 2210 796 2264; x_wconf 73' lang='grc' dir='ltr'>νησαν</span> <span class='ocrx_word' id='word_1_242' title='bbox 846 2192 1035 2261; x_wconf 76' lang='grc' dir='ltr'>ἄλγος,</span> <span class='ocrx_word' id='word_1_243' title='bbox 1102 2189 1219 2247; x_wconf 74' lang='grc' dir='ltr'>οἷον</span> <span class='ocrx_word' id='word_1_244' title='bbox 1265 2194 1378 2248; x_wconf 75' lang='grc' dir='ltr'>οὐδ’</span> <span class='ocrx_word' id='word_1_245' title='bbox 1431 2196 1482 2248; x_wconf 86' lang='lat' dir='ltr'><strong>ol</strong></span> <span class='ocrx_word' id='word_1_246' title='bbox 1513 2195 1608 2248; x_wconf 81' lang='grc' dir='ltr'><strong>ἐπὶ</strong></span> <span class='ocrx_word' id='word_1_247' title='bbox 1665 2194 1760 2249; x_wconf 80' lang='grc' dir='ltr'>τοῦ</span> <span class='ocrx_word' id='word_1_248' title='bbox 1800 2196 1963 2262; x_wconf 84' lang='grc' dir='ltr'>ξύλου</span> <span class='ocrx_word' id='word_1_249' title='bbox 2018 2198 2210 2253; x_wconf 81' lang='grc' dir='ltr'>τοῦτον</span> 
     </span>
    </p>
   </div>
   <div class='ocr_carea' id='block_1_35' title="bbox 616 2286 2214 2363">
    <p class='ocr_par' dir='ltr' id='par_1_35' title="bbox 616 2286 2214 2363">
     <span class='ocr_line' id='line_1_35' title="bbox 616 2286 2214 2363; baseline 0.004 -24"><span class='ocrx_word' id='word_1_250' title='bbox 616 2286 1072 2357; x_wconf 72' lang='grc' dir='ltr'>σταυρῶσαντες.</span> <span class='ocrx_word' id='word_1_251' title='bbox 1131 2288 1246 2340; x_wconf 74' lang='grc' dir='ltr'><strong>Καὶ</strong></span> <span class='ocrx_word' id='word_1_252' title='bbox 1300 2289 1385 2342; x_wconf 79' lang='grc' dir='ltr'><strong>ὅτι</strong></span> <span class='ocrx_word' id='word_1_253' title='bbox 1433 2287 1610 2360; x_wconf 84' lang='grc' dir='ltr'><strong>ἀληθῆ</strong></span> <span class='ocrx_word' id='word_1_254' title='bbox 1648 2290 1812 2358; x_wconf 85' lang='grc' dir='ltr'>λέγω,</span> <span class='ocrx_word' id='word_1_255' title='bbox 1850 2291 2086 2363; x_wconf 87' lang='grc' dir='ltr'>πρόσχες</span> <span class='ocrx_word' id='word_1_256' title='bbox 2117 2292 2214 2345; x_wconf 59' lang='grc' dir='ltr'><strong>καί⁵</strong></span> 
     </span>
    </p>
   </div>
   <div class='ocr_carea' id='block_1_36' title="bbox 616 2379 2210 2461">
    <p class='ocr_par' dir='ltr' id='par_1_36' title="bbox 616 2379 2210 2461">
     <span class='ocr_line' id='line_1_36' title="bbox 616 2379 2210 2461; baseline 0.008 -29"><span class='ocrx_word' id='word_1_257' title='bbox 616 2379 890 2450; x_wconf 67' lang='grc' dir='ltr'>μάνθανε.</span> <span class='ocrx_word' id='word_1_258' title='bbox 931 2380 1083 2435; x_wconf 85' lang='grc' dir='ltr'>Ἐκεῖ</span> <span class='ocrx_word' id='word_1_259' title='bbox 1100 2383 1199 2451; x_wconf 84' lang='grc' dir='ltr'>μὲν</span> <span class='ocrx_word' id='word_1_260' title='bbox 1223 2380 1331 2452; x_wconf 76' lang='grc' dir='ltr'>γὰρ</span> <span class='ocrx_word' id='word_1_261' title='bbox 1362 2383 1409 2435; x_wconf 89' lang='grc' dir='ltr'><strong>εί</strong></span> <span class='ocrx_word' id='word_1_262' title='bbox 1431 2383 1525 2437; x_wconf 75' lang='grc' dir='ltr'><strong>καὶ</strong></span> <span class='ocrx_word' id='word_1_263' title='bbox 1557 2382 1821 2461; x_wconf 72' lang='grc' dir='ltr'>ἧλγειδιά</span> <span class='ocrx_word' id='word_1_264' title='bbox 1844 2384 1943 2449; x_wconf 74' lang='grc' dir='ltr'><strong>τὰς</strong></span> <span class='ocrx_word' id='word_1_265' title='bbox 1973 2384 2210 2456; x_wconf 80' lang='grc' dir='ltr'>πληγὰς,</span> 
     </span>
    </p>
   </div>
   <div class='ocr_carea' id='block_1_37' title="bbox 617 2470 2213 2553">
    <p class='ocr_par' dir='ltr' id='par_1_37' title="bbox 617 2470 2213 2553">
     <span class='ocr_line' id='line_1_37' title="bbox 617 2470 2213 2553; baseline 0.004 -30"><span class='ocrx_word' id='word_1_266' title='bbox 617 2470 737 2524; x_wconf 80' lang='grc' dir='ltr'>ἀλλ’</span> <span class='ocrx_word' id='word_1_267' title='bbox 763 2472 957 2542; x_wconf 79' lang='grc' dir='ltr'>ἔχαιρε</span> <span class='ocrx_word' id='word_1_268' title='bbox 986 2472 1076 2526; x_wconf 75' lang='grc' dir='ltr'>διὰ</span> <span class='ocrx_word' id='word_1_269' title='bbox 1101 2474 1201 2543; x_wconf 78' lang='grc' dir='ltr'>τὴν</span> <span class='ocrx_word' id='word_1_270' title='bbox 1231 2475 1512 2545; x_wconf 80' lang='grc' dir='ltr'>σωτηρίαν</span> <span class='ocrx_word' id='word_1_271' title='bbox 1548 2475 1660 2529; x_wconf 90' lang='grc' dir='ltr'><strong>τῶν</strong></span> <span class='ocrx_word' id='word_1_272' title='bbox 1687 2476 1831 2553; x_wconf 56' lang='grc' dir='ltr'>ὑπὲρ</span> <span class='ocrx_word' id='word_1_273' title='bbox 1861 2470 1937 2531; x_wconf 85' lang='grc' dir='ltr'>ὧν</span> <span class='ocrx_word' id='word_1_274' title='bbox 1979 2478 2038 2532; x_wconf 80' lang='grc' dir='ltr'>αἱ</span> <span class='ocrx_word' id='word_1_275' title='bbox 2072 2478 2213 2548; x_wconf 83' lang='grc' dir='ltr'>πλη-</span> 
     </span>
    </p>
   </div>
   <div class='ocr_carea' id='block_1_38' title="bbox 617 2562 2215 2643">
    <p class='ocr_par' dir='ltr' id='par_1_38' title="bbox 617 2562 2215 2643">
     <span class='ocr_line' id='line_1_38' title="bbox 617 2562 2215 2643; baseline 0.008 -28"><span class='ocrx_word' id='word_1_276' title='bbox 617 2562 752 2630; x_wconf 81' lang='grc' dir='ltr'>γαί’</span> <span class='ocrx_word' id='word_1_277' title='bbox 788 2563 1033 2618; x_wconf 77' lang='grc' dir='ltr'>ἐνταῦθα</span> <span class='ocrx_word' id='word_1_278' title='bbox 1064 2563 1121 2616; x_wconf 81' lang='grc' dir='ltr'><strong>δὲ</strong></span> <span class='ocrx_word' id='word_1_279' title='bbox 1167 2564 1231 2617; x_wconf 82' lang='grc' dir='ltr'><strong>τὸ</strong></span> <span class='ocrx_word' id='word_1_280' title='bbox 1292 2565 1392 2633; x_wconf 82' lang='grc' dir='ltr'><strong>μὲν</strong></span> <span class='ocrx_word' id='word_1_281' title='bbox 1435 2565 1731 2622; x_wconf 84' lang='grc' dir='ltr'>ὀδυνᾶσθαι</span> <span class='ocrx_word' id='word_1_282' title='bbox 1790 2570 2047 2643; x_wconf 83' lang='grc' dir='ltr'>πάρεστι,</span> <span class='ocrx_word' id='word_1_283' title='bbox 2076 2568 2215 2628; x_wconf 77' lang='grc' dir='ltr'>τὸδὲ</span> 
     </span>
    </p>
   </div>
   <div class='ocr_carea' id='block_1_39' title="bbox 613 2652 2214 2735">
    <p class='ocr_par' dir='ltr' id='par_1_39' title="bbox 613 2652 2214 2735">
     <span class='ocr_line' id='line_1_39' title="bbox 613 2652 2214 2735; baseline 0.006 -27"><span class='ocrx_word' id='word_1_284' title='bbox 613 2657 836 2728; x_wconf 79' lang='grc' dir='ltr'>χαίρειν</span> <span class='ocrx_word' id='word_1_285' title='bbox 863 2656 1131 2726; x_wconf 73' lang='grc' dir='ltr'>οὐδαμοῦ.</span> <span class='ocrx_word' id='word_1_286' title='bbox 1166 2652 1297 2729; x_wconf 69' lang='grc' dir='ltr'><strong>Ἆρ’</strong></span> <span class='ocrx_word' id='word_1_287' title='bbox 1319 2658 1421 2713; x_wconf 80' lang='grc' dir='ltr'><strong>οὐκ</strong></span> <span class='ocrx_word' id='word_1_288' title='bbox 1461 2661 1690 2725; x_wconf 82' lang='grc' dir='ltr'>εἰκότως</span> <span class='ocrx_word' id='word_1_289' title='bbox 1738 2661 1841 2716; x_wconf 79' lang='grc' dir='ltr'>ἀπ’</span> <span class='ocrx_word' id='word_1_290' title='bbox 1867 2662 2051 2735; x_wconf 81' lang='grc' dir='ltr'>ἀρχῆς</span> <span class='ocrx_word' id='word_1_291' title='bbox 2073 2665 2102 2717; x_wconf 89' lang='grc' dir='ltr'><strong>ό</strong></span> <span class='ocrx_word' id='word_1_292' title='bbox 2124 2663 2214 2717; x_wconf 80' lang='grc' dir='ltr'>λό-</span> 
     </span>
    </p>
   </div>
   <div class='ocr_carea' id='block_1_40' title="bbox 623 2749 2217 2830">
    <p class='ocr_par' dir='ltr' id='par_1_40' title="bbox 623 2749 2217 2830">
     <span class='ocr_line' id='line_1_40' title="bbox 623 2749 2217 2830; baseline 0.004 -29"><span class='ocrx_word' id='word_1_293' title='bbox 623 2766 723 2817; x_wconf 85' lang='grc' dir='ltr'><strong>γος</strong></span> <span class='ocrx_word' id='word_1_294' title='bbox 756 2750 1046 2820; x_wconf 71' lang='grc' dir='ltr'>ποταμοὺς</span> <span class='ocrx_word' id='word_1_295' title='bbox 1092 2749 1279 2821; x_wconf 77' lang='grc' dir='ltr'>ἐζήτει</span> <span class='ocrx_word' id='word_1_296' title='bbox 1305 2751 1583 2823; x_wconf 80' lang='grc' dir='ltr'>δακρύων,</span> <span class='ocrx_word' id='word_1_297' title='bbox 1620 2753 1884 2810; x_wconf 79' lang='grc' dir='ltr'>τοιούτων</span> <span class='ocrx_word' id='word_1_298' title='bbox 1917 2754 2217 2830; x_wconf 87' lang='grc' dir='ltr'>συμφορῶν</span> 
     </span>
    </p>
   </div>
   <div class='ocr_carea' id='block_1_41' title="bbox 614 2842 2217 2920">
    <p class='ocr_par' dir='ltr' id='par_1_41' title="bbox 614 2842 2217 2920">
     <span class='ocr_line' id='line_1_41' title="bbox 614 2842 2217 2920; baseline 0.006 -26"><span class='ocrx_word' id='word_1_299' title='bbox 614 2842 722 2913; x_wconf 75' lang='grc' dir='ltr'>τὴν</span> <span class='ocrx_word' id='word_1_300' title='bbox 767 2842 912 2914; x_wconf 69' lang='grc' dir='ltr'>ἐμὴν</span> <span class='ocrx_word' id='word_1_301' title='bbox 964 2843 1161 2898; x_wconf 81' lang='grc' dir='ltr'>ἀθλίαν</span> <span class='ocrx_word' id='word_1_302' title='bbox 1205 2846 1647 2917; x_wconf 80' lang='grc' dir='ltr'>περιισταμένων</span> <span class='ocrx_word' id='word_1_303' title='bbox 1695 2845 1881 2920; x_wconf 77' lang='grc' dir='ltr'>ζωήν;</span> <span class='ocrx_word' id='word_1_304' title='bbox 1959 2847 2046 2912; x_wconf 82' lang='grc' dir='ltr'>Ὣς</span> <span class='ocrx_word' id='word_1_305' title='bbox 2101 2848 2217 2913; x_wconf 86' lang='grc' dir='ltr'>είθε</span> 
     </span>
    </p>
   </div>
   <div class='ocr_carea' id='block_1_42' title="bbox 620 2934 2221 3011">
    <p class='ocr_par' dir='ltr' id='par_1_42' title="bbox 620 2934 2221 3011">
     <span class='ocr_line' id='line_1_42' title="bbox 620 2934 2221 3011; baseline 0.003 -23"><span class='ocrx_word' id='word_1_306' title='bbox 620 2934 1071 3006; x_wconf 85' lang='grc' dir='ltr'>προαπολὼλειν,</span> <span class='ocrx_word' id='word_1_307' title='bbox 1106 2936 1205 2990; x_wconf 76' lang='grc' dir='ltr'>καὶ</span> <span class='ocrx_word' id='word_1_308' title='bbox 1235 2938 1313 3008; x_wconf 80' lang='grc' dir='ltr'>μὴ</span> <span class='ocrx_word' id='word_1_309' title='bbox 1354 2938 1621 3004; x_wconf 86' lang='grc' dir='ltr'>τοιούτοις</span> <span class='ocrx_word' id='word_1_310' title='bbox 1649 2939 1922 3008; x_wconf 83' lang='grc' dir='ltr'>ἀλγεινοῖς</span> <span class='ocrx_word' id='word_1_311' title='bbox 1958 2939 2221 3011; x_wconf 85' lang='grc' dir='ltr'>πράγμα-</span> 
     </span>
    </p>
   </div>
   <div class='ocr_carea' id='block_1_43' title="bbox 624 3030 2217 3106">
    <p class='ocr_par' dir='ltr' id='par_1_43' title="bbox 624 3030 2217 3106">
     <span class='ocr_line' id='line_1_43' title="bbox 624 3030 2217 3106; baseline 0.005 -25"><span class='ocrx_word' id='word_1_312' title='bbox 624 3046 714 3083; x_wconf 85' lang='grc' dir='ltr'><strong>σιν</strong></span> <span class='ocrx_word' id='word_1_313' title='bbox 750 3033 789 3101; x_wconf 83' lang='grc' dir='ltr'><strong>ή</strong></span> <span class='ocrx_word' id='word_1_314' title='bbox 813 3030 925 3103; x_wconf 74' lang='grc' dir='ltr'><strong>ἐμὴ</strong></span> <span class='ocrx_word' id='word_1_315' title='bbox 952 3033 1357 3103; x_wconf 84' lang='grc' dir='ltr'>συνετετήρητο</span> <span class='ocrx_word' id='word_1_316' title='bbox 1386 3032 1535 3106; x_wconf 74' lang='grc' dir='ltr'>ζωήί</span> <span class='ocrx_word' id='word_1_317' title='bbox 1584 3034 1727 3094; x_wconf 81' lang='grc' dir='ltr'>Ἀλλ’</span> <span class='ocrx_word' id='word_1_318' title='bbox 1763 3034 1892 3098; x_wconf 77' lang='grc' dir='ltr'>εἴτι</span> <span class='ocrx_word' id='word_1_319' title='bbox 1922 3052 2004 3089; x_wconf 91' lang='grc' dir='ltr'><strong>σοι</strong></span> <span class='ocrx_word' id='word_1_320' title='bbox 2040 3034 2217 3105; x_wconf 87' lang='grc' dir='ltr'>μέλει,</span> 
     </span>
    </p>
   </div>
   <div class='ocr_carea' id='block_1_44' title="bbox 2314 1925 3900 2000">
    <p class='ocr_par' dir='ltr' id='par_1_44' title="bbox 2314 1925 3900 2000">
     <span class='ocr_line' id='line_1_44' title="bbox 2314 1925 3900 2000; baseline -0.002 -18"><span class='ocrx_word' id='word_1_321' title='bbox 2314 1928 2599 1983; x_wconf 81' lang='lat' dir='ltr'><strong>ximorum</strong></span> <span class='ocrx_word' id='word_1_322' title='bbox 2637 1929 2909 2000; x_wconf 86' lang='lat' dir='ltr'><strong>sanguine</strong></span> <span class='ocrx_word' id='word_1_323' title='bbox 2934 1928 3379 1988; x_wconf 81' lang='lat' dir='ltr'><strong>maculaverunt,</strong></span> <span class='ocrx_word' id='word_1_324' title='bbox 3410 1926 3700 1983; x_wconf 90' lang='lat' dir='ltr'><strong>teterrimo</strong></span> <span class='ocrx_word' id='word_1_325' title='bbox 3726 1925 3900 1982; x_wconf 85' lang='lat' dir='ltr'><strong>odore</strong></span> 
     </span>
    </p>
   </div>
   <div class='ocr_carea' id='block_1_45' title="bbox 2314 2019 3903 2091">
    <p class='ocr_par' dir='ltr' id='par_1_45' title="bbox 2314 2019 3903 2091">
     <span class='ocr_line' id='line_1_45' title="bbox 2314 2019 3903 2091; baseline -0.003 -14"><span class='ocrx_word' id='word_1_326' title='bbox 2314 2037 2445 2079; x_wconf 89' lang='lat' dir='ltr'><strong>aera</strong></span> <span class='ocrx_word' id='word_1_327' title='bbox 2490 2022 2832 2091; x_wconf 74' lang='lat' dir='ltr'><strong>infecerant,</strong></span> <span class='ocrx_word' id='word_1_328' title='bbox 2861 2024 3147 2080; x_wconf 78' lang='lat' dir='ltr'><strong>exsultare</strong></span> <span class='ocrx_word' id='word_1_329' title='bbox 3174 2022 3456 2078; x_wconf 87' lang='lat' dir='ltr'><strong>diabolum</strong></span> <span class='ocrx_word' id='word_1_330' title='bbox 3497 2019 3768 2082; x_wconf 85' lang='lat' dir='ltr'><strong>fecerunt,</strong></span> <span class='ocrx_word' id='word_1_331' title='bbox 3801 2033 3903 2074; x_wconf 90' lang='lat' dir='ltr'><strong>an-</strong></span> 
     </span>
    </p>
   </div>
   <div class='ocr_carea' id='block_1_46' title="bbox 2314 2112 3900 2188">
    <p class='ocr_par' dir='ltr' id='par_1_46' title="bbox 2314 2112 3900 2188">
     <span class='ocr_line' id='line_1_46' title="bbox 2314 2112 3900 2188; baseline -0.004 -17"><span class='ocrx_word' id='word_1_332' title='bbox 2314 2117 2465 2188; x_wconf 85' lang='lat' dir='ltr'><strong>gelos</strong></span> <span class='ocrx_word' id='word_1_333' title='bbox 2480 2116 2967 2183; x_wconf 80' lang='lat' dir='ltr'><strong>contristaverunt,</strong></span> <span class='ocrx_word' id='word_1_334' title='bbox 2995 2114 3228 2171; x_wconf 88' lang='lat' dir='ltr'><strong>Domino</strong></span> <span class='ocrx_word' id='word_1_335' title='bbox 3248 2113 3494 2169; x_wconf 86' lang='lat' dir='ltr'><strong>dolorem</strong></span> <span class='ocrx_word' id='word_1_336' title='bbox 3526 2112 3900 2173; x_wconf 78' lang='lat' dir='ltr'><strong>incusserunt.</strong></span> 
     </span>
    </p>
   </div>
   <div class='ocr_carea' id='block_1_47' title="bbox 2315 2202 3901 2283">
    <p class='ocr_par' dir='ltr' id='par_1_47' title="bbox 2315 2202 3901 2283">
     <span class='ocr_line' id='line_1_47' title="bbox 2315 2202 3901 2283; baseline -0.005 -18"><span class='ocrx_word' id='word_1_337' title='bbox 2315 2211 2535 2283; x_wconf 82' lang='lat' dir='ltr'><strong>qualem</strong></span> <span class='ocrx_word' id='word_1_338' title='bbox 2602 2226 2707 2267; x_wconf 89' lang='lat' dir='ltr'><strong>nec</strong></span> <span class='ocrx_word' id='word_1_339' title='bbox 2756 2210 2858 2281; x_wconf 88' lang='lat' dir='ltr'><strong>ipsi</strong></span> <span class='ocrx_word' id='word_1_340' title='bbox 2901 2209 2994 2280; x_wconf 90' lang='lat' dir='ltr'><strong>qui</strong></span> <span class='ocrx_word' id='word_1_341' title='bbox 3031 2224 3156 2265; x_wconf 90' lang='lat' dir='ltr'><strong>eum</strong></span> <span class='ocrx_word' id='word_1_342' title='bbox 3201 2205 3617 2263; x_wconf 81' lang='lat' dir='ltr'><strong>crucifixerunt.</strong></span> <span class='ocrx_word' id='word_1_343' title='bbox 3670 2203 3739 2259; x_wconf 88' lang='lat' dir='ltr'><strong>Et</strong></span> <span class='ocrx_word' id='word_1_344' title='bbox 3770 2202 3901 2273; x_wconf 87' lang='lat' dir='ltr'><strong>quia</strong></span> 
     </span>
    </p>
   </div>
   <div class='ocr_carea' id='block_1_48' title="bbox 2314 2295 3901 2370">
    <p class='ocr_par' dir='ltr' id='par_1_48' title="bbox 2314 2295 3901 2370">
     <span class='ocr_line' id='line_1_48' title="bbox 2314 2295 3901 2370; baseline -0.006 -12"><span class='ocrx_word' id='word_1_345' title='bbox 2314 2319 2443 2360; x_wconf 80' lang='lat' dir='ltr'><strong>vera</strong></span> <span class='ocrx_word' id='word_1_346' title='bbox 2492 2303 2654 2367; x_wconf 88' lang='lat' dir='ltr'><strong>dico,</strong></span> <span class='ocrx_word' id='word_1_347' title='bbox 2690 2302 2977 2360; x_wconf 85' lang='lat' dir='ltr'><strong>considera</strong></span> <span class='ocrx_word' id='word_1_348' title='bbox 3026 2311 3082 2356; x_wconf 87' lang='lat' dir='ltr'><strong>et</strong></span> <span class='ocrx_word' id='word_1_349' title='bbox 3137 2313 3424 2370; x_wconf 80' lang='lat' dir='ltr'><strong>agnosces.</strong></span> <span class='ocrx_word' id='word_1_350' title='bbox 3497 2295 3558 2351; x_wconf 89' lang='lat' dir='ltr'><strong>Si</strong></span> <span class='ocrx_word' id='word_1_351' title='bbox 3590 2295 3664 2351; x_wconf 88' lang='lat' dir='ltr'><strong>ibi</strong></span> <span class='ocrx_word' id='word_1_352' title='bbox 3698 2296 3901 2351; x_wconf 86' lang='lat' dir='ltr'><strong>etenim</strong></span> 
     </span>
    </p>
   </div>
   <div class='ocr_carea' id='block_1_49' title="bbox 2317 2386 3907 2469">
    <p class='ocr_par' dir='ltr' id='par_1_49' title="bbox 2317 2386 3907 2469">
     <span class='ocr_line' id='line_1_49' title="bbox 2317 2386 3907 2469; baseline -0.007 -17"><span class='ocrx_word' id='word_1_353' title='bbox 2317 2405 2538 2467; x_wconf 82' lang='lat' dir='ltr'><strong>propter</strong></span> <span class='ocrx_word' id='word_1_354' title='bbox 2567 2397 2759 2469; x_wconf 83' lang='lat' dir='ltr'><strong>plagas</strong></span> <span class='ocrx_word' id='word_1_355' title='bbox 2792 2394 3123 2467; x_wconf 84' lang='lat' dir='ltr'><strong>patiebatur,</strong></span> <span class='ocrx_word' id='word_1_356' title='bbox 3167 2390 3440 2463; x_wconf 74' lang='lat' dir='ltr'><strong>gaudebat</strong></span> <span class='ocrx_word' id='word_1_357' title='bbox 3484 2396 3667 2445; x_wconf 87' lang='lat' dir='ltr'><strong>tamen</strong></span> <span class='ocrx_word' id='word_1_358' title='bbox 3702 2386 3775 2443; x_wconf 94' lang='lat' dir='ltr'><strong>ob</strong></span> <span class='ocrx_word' id='word_1_359' title='bbox 3814 2400 3907 2443; x_wconf 37' lang='lat' dir='ltr'><strong>sas</strong></span> 
     </span>
    </p>
   </div>
   <div class='ocr_carea' id='block_1_50' title="bbox 2317 2481 3906 2564">
    <p class='ocr_par' dir='ltr' id='par_1_50' title="bbox 2317 2481 3906 2564">
     <span class='ocr_line' id='line_1_50' title="bbox 2317 2481 3906 2564; baseline -0.006 -20"><span class='ocrx_word' id='word_1_360' title='bbox 2317 2488 2488 2564; x_wconf 86' lang='lat' dir='ltr'><strong>lutem</strong></span> <span class='ocrx_word' id='word_1_361' title='bbox 2516 2504 2708 2545; x_wconf 88' lang='lat' dir='ltr'><strong>eorum</strong></span> <span class='ocrx_word' id='word_1_362' title='bbox 2731 2503 2832 2560; x_wconf 90' lang='lat' dir='ltr'><strong>pro</strong></span> <span class='ocrx_word' id='word_1_363' title='bbox 2867 2488 3071 2558; x_wconf 83' lang='lat' dir='ltr'><strong>quibus</strong></span> <span class='ocrx_word' id='word_1_364' title='bbox 3111 2486 3291 2543; x_wconf 81' lang='lat' dir='ltr'><strong>fuerat</strong></span> <span class='ocrx_word' id='word_1_365' title='bbox 3324 2486 3575 2557; x_wconf 85' lang='lat' dir='ltr'><strong>plagatus</strong></span> <span class='ocrx_word' id='word_1_366' title='bbox 3605 2499 3621 2537; x_wconf 89' lang='lat'><strong>:</strong></span> <span class='ocrx_word' id='word_1_367' title='bbox 3656 2481 3748 2537; x_wconf 88' lang='lat' dir='ltr'><strong>hic</strong></span> <span class='ocrx_word' id='word_1_368' title='bbox 3773 2494 3906 2537; x_wconf 75' lang='lat' dir='ltr'><strong>vero</strong></span> 
     </span>
    </p>
   </div>
   <div class='ocr_carea' id='block_1_51' title="bbox 2319 2571 3908 2653">
    <p class='ocr_par' dir='ltr' id='par_1_51' title="bbox 2319 2571 3908 2653">
     <span class='ocr_line' id='line_1_51' title="bbox 2319 2571 3908 2653; baseline -0.008 -15"><span class='ocrx_word' id='word_1_369' title='bbox 2319 2583 2430 2653; x_wconf 89' lang='lat' dir='ltr'><strong>pati</strong></span> <span class='ocrx_word' id='word_1_370' title='bbox 2461 2590 2568 2645; x_wconf 87' lang='lat' dir='ltr'><strong>est,</strong></span> <span class='ocrx_word' id='word_1_371' title='bbox 2621 2597 2731 2637; x_wconf 87' lang='lat' dir='ltr'><strong>non</strong></span> <span class='ocrx_word' id='word_1_372' title='bbox 2784 2591 2967 2636; x_wconf 84' lang='lat' dir='ltr'><strong>autem</strong></span> <span class='ocrx_word' id='word_1_373' title='bbox 3012 2580 3260 2650; x_wconf 83' lang='lat' dir='ltr'><strong>gaudere</strong></span> <span class='ocrx_word' id='word_1_374' title='bbox 3298 2596 3311 2632; x_wconf 88' lang='lat'><strong>:</strong></span> <span class='ocrx_word' id='word_1_375' title='bbox 3355 2592 3539 2632; x_wconf 90' lang='lat' dir='ltr'><strong>nonne</strong></span> <span class='ocrx_word' id='word_1_376' title='bbox 3583 2575 3710 2644; x_wconf 85' lang='lat' dir='ltr'><strong>jure</strong></span> <span class='ocrx_word' id='word_1_377' title='bbox 3749 2571 3908 2653; x_wconf 82' lang='lat' dir='ltr'><strong>initio</strong></span> 
     </span>
    </p>
   </div>
   <div class='ocr_carea' id='block_1_52' title="bbox 2320 2652 3911 2745">
    <p class='ocr_par' dir='ltr' id='par_1_52' title="bbox 2320 2652 3911 2745">
     <span class='ocr_line' id='line_1_52' title="bbox 2320 2652 3911 2745; baseline -0.008 -12"><span class='ocrx_word' id='word_1_378' title='bbox 2320 2692 2506 2733; x_wconf 85' lang='lat' dir='ltr'><strong>sermo</strong></span> <span class='ocrx_word' id='word_1_379' title='bbox 2542 2690 2697 2730; x_wconf 87' lang='lat' dir='ltr'><strong>meus</strong></span> <span class='ocrx_word' id='word_1_380' title='bbox 2724 2674 3096 2745; x_wconf 88' lang='lat' dir='ltr'><strong>lacrymarum</strong></span> <span class='ocrx_word' id='word_1_381' title='bbox 3128 2674 3277 2728; x_wconf 87' lang='lat' dir='ltr'><strong>rivos</strong></span> <span class='ocrx_word' id='word_1_382' title='bbox 3300 2669 3539 2741; x_wconf 82' lang='lat' dir='ltr'><strong>petebat,</strong></span> <span class='ocrx_word' id='word_1_383' title='bbox 3567 2670 3711 2724; x_wconf 75' lang='lat' dir='ltr'><strong>inter</strong></span> <span class='ocrx_word' id='word_1_384' title='bbox 3734 2674 3815 2721; x_wconf 82' lang='lat' dir='ltr'><strong>tot</strong></span> <span class='ocrx_word' id='word_1_385' title='bbox 3852 2652 3911 2724; x_wconf 72' lang='lat' dir='ltr'><strong>et</strong></span> 
     </span>
    </p>
   </div>
   <div class='ocr_carea' id='block_1_53' title="bbox 2321 2757 3909 2824">
    <p class='ocr_par' dir='ltr' id='par_1_53' title="bbox 2321 2757 3909 2824">
     <span class='ocr_line' id='line_1_53' title="bbox 2321 2757 3909 2824; baseline -0.008 -1"><span class='ocrx_word' id='word_1_386' title='bbox 2321 2776 2502 2824; x_wconf 88' lang='lat' dir='ltr'><strong>tantas</strong></span> <span class='ocrx_word' id='word_1_387' title='bbox 2530 2768 2873 2823; x_wconf 85' lang='lat' dir='ltr'><strong>calamitates</strong></span> <span class='ocrx_word' id='word_1_388' title='bbox 2909 2774 3166 2820; x_wconf 70' lang='lat' dir='ltr'><strong>versante</strong></span> <span class='ocrx_word' id='word_1_389' title='bbox 3209 2779 3333 2820; x_wconf 88' lang='lat' dir='ltr'><strong>mea</strong></span> <span class='ocrx_word' id='word_1_390' title='bbox 3370 2763 3574 2817; x_wconf 88' lang='lat' dir='ltr'><strong>misera</strong></span> <span class='ocrx_word' id='word_1_391' title='bbox 3611 2760 3759 2814; x_wconf 77' lang='lat' dir='ltr'><strong>vita?</strong></span> <span class='ocrx_word' id='word_1_392' title='bbox 3786 2757 3909 2812; x_wconf 87' lang='lat' dir='ltr'><strong>Uti-</strong></span> 
     </span>
    </p>
   </div>
   <div class='ocr_carea' id='block_1_54' title="bbox 2321 2850 3910 2930">
    <p class='ocr_par' dir='ltr' id='par_1_54' title="bbox 2321 2850 3910 2930">
     <span class='ocr_line' id='line_1_54' title="bbox 2321 2850 3910 2930; baseline -0.004 -14"><span class='ocrx_word' id='word_1_393' title='bbox 2321 2875 2451 2921; x_wconf 88' lang='lat' dir='ltr'><strong>nam</strong></span> <span class='ocrx_word' id='word_1_394' title='bbox 2506 2859 2817 2930; x_wconf 86' lang='lat' dir='ltr'><strong>periissem,</strong></span> <span class='ocrx_word' id='word_1_395' title='bbox 2865 2872 2966 2912; x_wconf 90' lang='lat' dir='ltr'><strong>nec</strong></span> <span class='ocrx_word' id='word_1_396' title='bbox 3002 2856 3172 2912; x_wconf 87' lang='lat' dir='ltr'><strong>tantis</strong></span> <span class='ocrx_word' id='word_1_397' title='bbox 3224 2854 3506 2910; x_wconf 86' lang='lat' dir='ltr'><strong>doloribus</strong></span> <span class='ocrx_word' id='word_1_398' title='bbox 3563 2850 3759 2907; x_wconf 80' lang='lat' dir='ltr'><strong>fuisset</strong></span> <span class='ocrx_word' id='word_1_399' title='bbox 3787 2864 3910 2909; x_wconf 74' lang='lat' dir='ltr'><strong>mea</strong></span> 
     </span>
    </p>
   </div>
   <div class='ocr_carea' id='block_1_55' title="bbox 2321 2945 3910 3012">
    <p class='ocr_par' dir='ltr' id='par_1_55' title="bbox 2321 2945 3910 3012">
     <span class='ocr_line' id='line_1_55' title="bbox 2321 2945 3910 3012; baseline -0.006 -5"><span class='ocrx_word' id='word_1_400' title='bbox 2321 2953 2429 3007; x_wconf 84' lang='lat' dir='ltr'><strong>vita</strong></span> <span class='ocrx_word' id='word_1_401' title='bbox 2456 2952 2771 3007; x_wconf 79' lang='lat' dir='ltr'><strong>reservata!</strong></span> <span class='ocrx_word' id='word_1_402' title='bbox 2808 2947 2916 3005; x_wconf 83' lang='lat' dir='ltr'><strong>Sed</strong></span> <span class='ocrx_word' id='word_1_403' title='bbox 2970 2949 3017 3004; x_wconf 87' lang='lat' dir='ltr'><strong>si</strong></span> <span class='ocrx_word' id='word_1_404' title='bbox 3046 2949 3143 3004; x_wconf 92' lang='lat' dir='ltr'><strong>tibi</strong></span> <span class='ocrx_word' id='word_1_405' title='bbox 3167 2964 3315 3004; x_wconf 75' lang='lat' dir='ltr'><strong>cura:</strong></span> <span class='ocrx_word' id='word_1_406' title='bbox 3344 2954 3449 3012; x_wconf 86' lang='lat' dir='ltr'><strong>est,</strong></span> <span class='ocrx_word' id='word_1_407' title='bbox 3481 2945 3577 3011; x_wconf 81' lang='lat' dir='ltr'><strong>fili,</strong></span> <span class='ocrx_word' id='word_1_408' title='bbox 3616 2959 3727 2999; x_wconf 87' lang='lat' dir='ltr'><strong>non</strong></span> <span class='ocrx_word' id='word_1_409' title='bbox 3773 2958 3910 2998; x_wconf 61' lang='lat' dir='ltr'><strong>cone-</strong></span> 
     </span>
    </p>
   </div>
   <div class='ocr_carea' id='block_1_56' title="bbox 2325 3032 3929 3109">
    <p class='ocr_par' dir='ltr' id='par_1_56' title="bbox 2325 3032 3929 3109">
     <span class='ocr_line' id='line_1_56' title="bbox 2325 3032 3929 3109; baseline -0.007 -11"><span class='ocrx_word' id='word_1_410' title='bbox 2325 3042 2527 3101; x_wconf 86' lang='lat' dir='ltr'><strong>tristari</strong></span> <span class='ocrx_word' id='word_1_411' title='bbox 2569 3040 2849 3097; x_wconf 88' lang='lat' dir='ltr'><strong>Christum</strong></span> <span class='ocrx_word' id='word_1_412' title='bbox 2880 3048 2935 3096; x_wconf 92' lang='lat' dir='ltr'><strong>et</strong></span> <span class='ocrx_word' id='word_1_413' title='bbox 2968 3039 3163 3105; x_wconf 88' lang='lat' dir='ltr'><strong>Deum,</strong></span> <span class='ocrx_word' id='word_1_414' title='bbox 3194 3038 3286 3109; x_wconf 90' lang='lat' dir='ltr'><strong>qui</strong></span> <span class='ocrx_word' id='word_1_415' title='bbox 3319 3053 3419 3107; x_wconf 86' lang='lat' dir='ltr'><strong>pro</strong></span> <span class='ocrx_word' id='word_1_416' title='bbox 3453 3035 3611 3091; x_wconf 87' lang='lat' dir='ltr'><strong>nobis</strong></span> <span class='ocrx_word' id='word_1_417' title='bbox 3654 3049 3684 3089; x_wconf 88' lang='lat' dir='ltr'><strong>a</strong></span> <span class='ocrx_word' id='word_1_418' title='bbox 3725 3032 3929 3099; x_wconf 46' lang='lat' dir='ltr'><strong>Patris,</strong></span> 
     </span>
    </p>
   </div>
   <div class='ocr_carea' id='block_1_57' title="bbox 622 3123 2228 3206">
    <p class='ocr_par' dir='ltr' id='par_1_57' title="bbox 622 3123 2221 3200">
     <span class='ocr_line' id='line_1_57' title="bbox 622 3123 2221 3200; baseline 0.003 -24"><span class='ocrx_word' id='word_1_419' title='bbox 622 3124 822 3177; x_wconf 72' lang='grc' dir='ltr'>τέκνον</span> <span class='ocrx_word' id='word_1_420' title='bbox 881 3123 1065 3194; x_wconf 85' lang='grc' dir='ltr'>ἡμῶν,</span> <span class='ocrx_word' id='word_1_421' title='bbox 1101 3124 1196 3178; x_wconf 78' lang='grc' dir='ltr'>τοῦ</span> <span class='ocrx_word' id='word_1_422' title='bbox 1238 3126 1448 3187; x_wconf 76' lang='grc' dir='ltr'>ἄλυπον</span> <span class='ocrx_word' id='word_1_423' title='bbox 1501 3125 1646 3187; x_wconf 73' lang='grc' dir='ltr'>εῖναι</span> <span class='ocrx_word' id='word_1_424' title='bbox 1700 3128 1793 3182; x_wconf 86' lang='grc' dir='ltr'><strong>τὸν</strong></span> <span class='ocrx_word' id='word_1_425' title='bbox 1838 3128 2079 3200; x_wconf 75' lang='grc' dir='ltr'>Χριστὸν</span> <span class='ocrx_word' id='word_1_426' title='bbox 2124 3129 2221 3182; x_wconf 67' lang='grc' dir='ltr'><strong>καὶ</strong></span> 
     </span>
    </p>
   </div>
   <div class='ocr_carea' id='block_1_58' title="bbox 2331 3123 3915 3206">
    <p class='ocr_par' dir='ltr' id='par_1_58' title="bbox 2331 3127 3915 3206">
     <span class='ocr_line' id='line_1_58' title="bbox 2331 3127 3915 3206; baseline -0.006 -15"><span class='ocrx_word' id='word_1_427' title='bbox 2331 3138 2450 3191; x_wconf 85' lang='lat' dir='ltr'><strong>sinu</strong></span> <span class='ocrx_word' id='word_1_428' title='bbox 2482 3135 2702 3206; x_wconf 88' lang='lat' dir='ltr'><strong>prodiit,</strong></span> <span class='ocrx_word' id='word_1_429' title='bbox 2757 3139 2851 3205; x_wconf 90' lang='lat' dir='ltr'><strong>qui</strong></span> <span class='ocrx_word' id='word_1_430' title='bbox 2905 3140 3058 3191; x_wconf 87' lang='lat' dir='ltr'><strong>tanta</strong></span> <span class='ocrx_word' id='word_1_431' title='bbox 3096 3147 3292 3202; x_wconf 86' lang='lat' dir='ltr'><strong>passus</strong></span> <span class='ocrx_word' id='word_1_432' title='bbox 3353 3139 3438 3187; x_wconf 87' lang='lat' dir='ltr'><strong>est</strong></span> <span class='ocrx_word' id='word_1_433' title='bbox 3468 3140 3527 3185; x_wconf 88' lang='lat' dir='ltr'><strong>ut</strong></span> <span class='ocrx_word' id='word_1_434' title='bbox 3576 3143 3681 3184; x_wconf 90' lang='lat' dir='ltr'><strong>nos</strong></span> <span class='ocrx_word' id='word_1_435' title='bbox 3710 3127 3915 3182; x_wconf 86' lang='lat' dir='ltr'><strong>dolori-</strong></span> 
     </span>
    </p>
   </div>
   <div class='ocr_carea' id='block_1_59' title="bbox 624 3202 2228 3294">
    <p class='ocr_par' dir='ltr' id='par_1_59' title="bbox 624 3215 2221 3292">
     <span class='ocr_line' id='line_1_59' title="bbox 624 3215 2221 3292; baseline 0.002 -22"><span class='ocrx_word' id='word_1_436' title='bbox 624 3215 762 3270; x_wconf 76' lang='grc' dir='ltr'>Θεὸν</span> <span class='ocrx_word' id='word_1_437' title='bbox 797 3216 957 3287; x_wconf 80' lang='grc' dir='ltr'>ήμῶν</span> <span class='ocrx_word' id='word_1_438' title='bbox 980 3216 1071 3271; x_wconf 81' lang='grc' dir='ltr'><strong>τὸν</strong></span> <span class='ocrx_word' id='word_1_439' title='bbox 1095 3217 1164 3271; x_wconf 83' lang='grc' dir='ltr'>δι’</span> <span class='ocrx_word' id='word_1_440' title='bbox 1193 3218 1342 3288; x_wconf 79' lang='grc' dir='ltr'>ἡμᾶς</span> <span class='ocrx_word' id='word_1_441' title='bbox 1371 3220 1436 3273; x_wconf 79' lang='grc' dir='ltr'><strong>ἐκ</strong></span> <span class='ocrx_word' id='word_1_442' title='bbox 1466 3219 1578 3273; x_wconf 87' lang='grc' dir='ltr'><strong>τῶν</strong></span> <span class='ocrx_word' id='word_1_443' title='bbox 1604 3219 1890 3292; x_wconf 84' lang='grc' dir='ltr'>πατρικῶν</span> <span class='ocrx_word' id='word_1_444' title='bbox 1913 3218 2221 3278; x_wconf 84' lang='grc' dir='ltr'>κενωθέντα</span> 
     </span>
    </p>
   </div>
   <div class='ocr_carea' id='block_1_60' title="bbox 2331 3202 3918 3294">
    <p class='ocr_par' dir='ltr' id='par_1_60' title="bbox 2331 3202 3918 3294">
     <span class='ocr_line' id='line_1_60' title="bbox 2331 3202 3918 3294; baseline -0.006 -13"><span class='ocrx_word' id='word_1_445' title='bbox 2331 3227 2431 3282; x_wconf 87' lang='lat' dir='ltr'><strong>bus</strong></span> <span class='ocrx_word' id='word_1_446' title='bbox 2482 3202 2789 3289; x_wconf 70' lang='lat' dir='ltr'><strong>liberaret;</strong></span> <span class='ocrx_word' id='word_1_447' title='bbox 2812 3223 2859 3280; x_wconf 91' lang='lat' dir='ltr'><strong>si</strong></span> <span class='ocrx_word' id='word_1_448' title='bbox 2887 3238 2999 3294; x_wconf 89' lang='lat' dir='ltr'><strong>qua</strong></span> <span class='ocrx_word' id='word_1_449' title='bbox 3049 3222 3143 3278; x_wconf 90' lang='lat' dir='ltr'><strong>tibi</strong></span> <span class='ocrx_word' id='word_1_450' title='bbox 3174 3220 3490 3278; x_wconf 88' lang='lat' dir='ltr'><strong>sollicitudo</strong></span> <span class='ocrx_word' id='word_1_451' title='bbox 3550 3234 3660 3274; x_wconf 90' lang='lat' dir='ltr'><strong>non</strong></span> <span class='ocrx_word' id='word_1_452' title='bbox 3710 3216 3918 3273; x_wconf 86' lang='lat' dir='ltr'><strong>contri-</strong></span> 
     </span>
    </p>
   </div>
   <div class='ocr_carea' id='block_1_61' title="bbox 625 3310 2227 3388">
    <p class='ocr_par' dir='ltr' id='par_1_61' title="bbox 625 3310 2227 3388">
     <span class='ocr_line' id='line_1_61' title="bbox 625 3310 2227 3388; baseline 0.004 -25"><span class='ocrx_word' id='word_1_453' title='bbox 625 3310 872 3374; x_wconf 73' lang='grc' dir='ltr'>κόλπων,</span> <span class='ocrx_word' id='word_1_454' title='bbox 920 3310 1012 3364; x_wconf 75' lang='grc' dir='ltr'>τὸν</span> <span class='ocrx_word' id='word_1_455' title='bbox 1063 3312 1444 3387; x_wconf 78' lang='grc' dir='ltr'>ὑπομείναντα</span> <span class='ocrx_word' id='word_1_456' title='bbox 1499 3312 1651 3383; x_wconf 83' lang='grc' dir='ltr'>πάθη</span> <span class='ocrx_word' id='word_1_457' title='bbox 1706 3312 1794 3367; x_wconf 74' lang='grc' dir='ltr'>ἵνα</span> <span class='ocrx_word' id='word_1_458' title='bbox 1847 3314 2037 3369; x_wconf 86' lang='grc' dir='ltr'>παθῶν</span> <span class='ocrx_word' id='word_1_459' title='bbox 2063 3314 2227 3388; x_wconf 76' lang='grc' dir='ltr'>ἰήμᾶς</span> 
     </span>
    </p>
   </div>
   <div class='ocr_carea' id='block_1_62' title="bbox 622 3402 2230 3477">
    <p class='ocr_par' dir='ltr' id='par_1_62' title="bbox 622 3402 2230 3477">
     <span class='ocr_line' id='line_1_62' title="bbox 622 3402 2230 3477; baseline 0.002 -21"><span class='ocrx_word' id='word_1_460' title='bbox 622 3402 1012 3475; x_wconf 75' lang='grc' dir='ltr'>ἐλευθερώσῃ·</span> <span class='ocrx_word' id='word_1_461' title='bbox 1045 3402 1102 3456; x_wconf 71' lang='grc' dir='ltr'>εἴ</span> <span class='ocrx_word' id='word_1_462' title='bbox 1120 3404 1206 3469; x_wconf 88' lang='grc' dir='ltr'><strong>τίς</strong></span> <span class='ocrx_word' id='word_1_463' title='bbox 1252 3421 1336 3458; x_wconf 90' lang='grc' dir='ltr'><strong>σοι</strong></span> <span class='ocrx_word' id='word_1_464' title='bbox 1372 3405 1596 3475; x_wconf 76' lang='grc' dir='ltr'>φροντὶς</span> <span class='ocrx_word' id='word_1_465' title='bbox 1623 3405 1718 3459; x_wconf 81' lang='grc' dir='ltr'>τοῦ</span> <span class='ocrx_word' id='word_1_466' title='bbox 1765 3405 1840 3475; x_wconf 80' lang='grc' dir='ltr'>μὴ</span> <span class='ocrx_word' id='word_1_467' title='bbox 1893 3405 2230 3477; x_wconf 86' lang='grc' dir='ltr'>σκυθρωπά-</span> 
     </span>
    </p>
   </div>
   <div class='ocr_carea' id='block_1_63' title="bbox 624 3495 2229 3569">
    <p class='ocr_par' dir='ltr' id='par_1_63' title="bbox 624 3495 2229 3569">
     <span class='ocr_line' id='line_1_63' title="bbox 624 3495 2229 3569; baseline 0.002 -20"><span class='ocrx_word' id='word_1_468' title='bbox 624 3496 746 3561; x_wconf 59' lang='lat' dir='ltr'><strong>{stu</strong></span> <span class='ocrx_word' id='word_1_469' title='bbox 776 3495 910 3560; x_wconf 76' lang='grc' dir='ltr'>τοὺς</span> <span class='ocrx_word' id='word_1_470' title='bbox 954 3497 1383 3568; x_wconf 80' lang='grc' dir='ltr'>φιλανθρώπους</span> <span class='ocrx_word' id='word_1_471' title='bbox 1428 3498 1721 3567; x_wconf 84' lang='grc' dir='ltr'>ἀγγέλους,</span> <span class='ocrx_word' id='word_1_472' title='bbox 1768 3499 1864 3552; x_wconf 80' lang='grc' dir='ltr'>τοῦ</span> <span class='ocrx_word' id='word_1_473' title='bbox 1908 3498 1983 3568; x_wconf 82' lang='grc' dir='ltr'>μὴ</span> <span class='ocrx_word' id='word_1_474' title='bbox 2013 3499 2229 3569; x_wconf 83' lang='grc' dir='ltr'>χαίρειν</span> 
     </span>
    </p>
   </div>
   <div class='ocr_carea' id='block_1_64' title="bbox 626 3590 2233 3664">
    <p class='ocr_par' dir='ltr' id='par_1_64' title="bbox 626 3590 2233 3664">
     <span class='ocr_line' id='line_1_64' title="bbox 626 3590 2233 3664; baseline 0.001 -22"><span class='ocrx_word' id='word_1_475' title='bbox 626 3590 728 3642; x_wconf 78' lang='grc' dir='ltr'><strong>καὶ</strong></span> <span class='ocrx_word' id='word_1_476' title='bbox 770 3590 1005 3660; x_wconf 77' lang='grc' dir='ltr'>σκιρεᾷν</span> <span class='ocrx_word' id='word_1_477' title='bbox 1059 3590 1191 3652; x_wconf 80' lang='grc' dir='ltr'>τοὺς</span> <span class='ocrx_word' id='word_1_478' title='bbox 1230 3590 1687 3663; x_wconf 30' lang='grc' dir='ltr'>μισανθρώπους,</span> <span class='ocrx_word' id='word_1_479' title='bbox 1718 3590 2020 3661; x_wconf 76' lang='grc' dir='ltr'><strong>δαίμονας⁹</strong></span> <span class='ocrx_word' id='word_1_480' title='bbox 2061 3608 2233 3664; x_wconf 86' lang='grc' dir='ltr'>προσ-</span> 
     </span>
    </p>
   </div>
   <div class='ocr_carea' id='block_1_65' title="bbox 628 3682 2229 3755">
    <p class='ocr_par' dir='ltr' id='par_1_65' title="bbox 628 3682 2229 3755">
     <span class='ocr_line' id='line_1_65' title="bbox 628 3682 2229 3755; baseline 0.001 -20"><span class='ocrx_word' id='word_1_481' title='bbox 628 3682 787 3753; x_wconf 82' lang='grc' dir='ltr'>θήσω</span> <span class='ocrx_word' id='word_1_482' title='bbox 813 3682 869 3735; x_wconf 77' lang='grc' dir='ltr'>δὲ</span> <span class='ocrx_word' id='word_1_483' title='bbox 899 3683 1081 3737; x_wconf 75' lang='grc' dir='ltr'>καὶτὸ</span> <span class='ocrx_word' id='word_1_484' title='bbox 1135 3683 1271 3753; x_wconf 78' lang='grc' dir='ltr'>ἐμόν</span> <span class='ocrx_word' id='word_1_485' title='bbox 1291 3699 1307 3715; x_wconf 87' lang='grc'><strong>·</strong></span> <span class='ocrx_word' id='word_1_486' title='bbox 1339 3682 1399 3737; x_wconf 83' lang='grc' dir='ltr'><strong>εί</strong></span> <span class='ocrx_word' id='word_1_487' title='bbox 1430 3701 1484 3737; x_wconf 86' lang='grc' dir='ltr'><strong>τι</strong></span> <span class='ocrx_word' id='word_1_488' title='bbox 1511 3684 1612 3755; x_wconf 78' lang='grc' dir='ltr'>τῆς</span> <span class='ocrx_word' id='word_1_489' title='bbox 1642 3684 2229 3755; x_wconf 81' lang='grc' dir='ltr'>ὲμῆς’τεταπεινωμέ-</span> 
     </span>
    </p>
   </div>
   <div class='ocr_carea' id='block_1_66' title="bbox 629 3779 2230 3855">
    <p class='ocr_par' dir='ltr' id='par_1_66' title="bbox 629 3779 2230 3855">
     <span class='ocr_line' id='line_1_66' title="bbox 629 3779 2230 3855; baseline 0.002 -23"><span class='ocrx_word' id='word_1_490' title='bbox 629 3795 735 3849; x_wconf 86' lang='grc' dir='ltr'><strong>νης</strong></span> <span class='ocrx_word' id='word_1_491' title='bbox 764 3779 936 3851; x_wconf 73' lang='grc' dir='ltr'>είιχῆς</span> <span class='ocrx_word' id='word_1_492' title='bbox 958 3779 1038 3843; x_wconf 85' lang='grc' dir='ltr'>ὡς</span> <span class='ocrx_word' id='word_1_493' title='bbox 1065 3780 1277 3852; x_wconf 68' lang='grc' dir='ltr'>πατρὸς</span> <span class='ocrx_word' id='word_1_494' title='bbox 1310 3783 1369 3835; x_wconf 83' lang='grc' dir='ltr'>ὲν</span> <span class='ocrx_word' id='word_1_495' title='bbox 1419 3781 1584 3855; x_wconf 77' lang='grc' dir='ltr'>χρεία</span> <span class='ocrx_word' id='word_1_496' title='bbox 1638 3780 1996 3849; x_wconf 85' lang='grc' dir='ltr'>καθίστασαι,</span> <span class='ocrx_word' id='word_1_497' title='bbox 2027 3781 2230 3853; x_wconf 88' lang='grc' dir='ltr'>μηκέτι</span> 
     </span>
    </p>
   </div>
   <div class='ocr_carea' id='block_1_67' title="bbox 627 3872 2233 3946">
    <p class='ocr_par' dir='ltr' id='par_1_67' title="bbox 627 3872 2233 3946">
     <span class='ocr_line' id='line_1_67' title="bbox 627 3872 2233 3946; baseline 0.001 -21"><span class='ocrx_word' id='word_1_498' title='bbox 627 3872 927 3943; x_wconf 78' lang='grc' dir='ltr'>διανοηθῇς</span> <span class='ocrx_word' id='word_1_499' title='bbox 984 3875 1321 3944; x_wconf 75' lang='grc' dir='ltr'>ἐπηρεάσαι,</span> <span class='ocrx_word' id='word_1_500' title='bbox 1362 3874 1500 3945; x_wconf 78' lang='grc' dir='ltr'>μηδὲ</span> <span class='ocrx_word' id='word_1_501' title='bbox 1559 3874 1803 3946; x_wconf 84' lang='grc' dir='ltr'>πόλεμον</span> <span class='ocrx_word' id='word_1_502' title='bbox 1859 3873 2233 3928; x_wconf 84' lang='grc' dir='ltr'>ἀναλαϐέσθαι</span> 
     </span>
    </p>
   </div>
   <div class='ocr_carea' id='block_1_68' title="bbox 2326 3306 4015 3389">
    <p class='ocr_par' dir='ltr' id='par_1_68' title="bbox 2326 3306 4015 3389">
     <span class='ocr_line' id='line_1_68' title="bbox 2326 3306 4015 3389; baseline -0.008 -16"><span class='ocrx_word' id='word_1_503' title='bbox 2326 3316 2511 3373; x_wconf 84' lang='lat' dir='ltr'><strong>standi</strong></span> <span class='ocrx_word' id='word_1_504' title='bbox 2547 3316 2813 3386; x_wconf 83' lang='lat' dir='ltr'><strong>benignos</strong></span> <span class='ocrx_word' id='word_1_505' title='bbox 2843 3314 3090 3389; x_wconf 77' lang='lat' dir='ltr'><strong>angelus,</strong></span> <span class='ocrx_word' id='word_1_506' title='bbox 3125 3327 3235 3367; x_wconf 91' lang='lat' dir='ltr'><strong>non</strong></span> <span class='ocrx_word' id='word_1_507' title='bbox 3269 3310 3553 3368; x_wconf 81' lang='lat' dir='ltr'><strong>exsultare</strong></span> <span class='ocrx_word' id='word_1_508' title='bbox 3601 3318 3657 3364; x_wconf 93' lang='lat' dir='ltr'><strong>et</strong></span> <span class='ocrx_word' id='word_1_509' title='bbox 3694 3306 3917 3380; x_wconf 85' lang='lat' dir='ltr'><strong>gloriari</strong></span> <span class='ocrx_word' id='word_1_510' title='bbox 4013 3374 4015 3378; x_wconf 23' lang='grc' dir='ltr'>ι</span> 
     </span>
    </p>
   </div>
   <div class='ocr_carea' id='block_1_69' title="bbox 2328 3402 3918 3483">
    <p class='ocr_par' dir='ltr' id='par_1_69' title="bbox 2328 3402 3918 3483">
     <span class='ocr_line' id='line_1_69' title="bbox 2328 3402 3918 3483; baseline -0.004 -17"><span class='ocrx_word' id='word_1_511' title='bbox 2328 3410 2560 3466; x_wconf 78' lang='lat' dir='ltr'><strong>faciendi</strong></span> <span class='ocrx_word' id='word_1_512' title='bbox 2587 3410 2890 3467; x_wconf 86' lang='lat' dir='ltr'><strong>homicidas</strong></span> <span class='ocrx_word' id='word_1_513' title='bbox 2933 3410 3253 3477; x_wconf 81' lang='lat' dir='ltr'><strong>daemones;</strong></span> <span class='ocrx_word' id='word_1_514' title='bbox 3289 3408 3482 3464; x_wconf 85' lang='lat' dir='ltr'><strong>addam</strong></span> <span class='ocrx_word' id='word_1_515' title='bbox 3513 3419 3733 3483; x_wconf 80' lang='lat' dir='ltr'><strong>quoque</strong></span> <span class='ocrx_word' id='word_1_516' title='bbox 3768 3402 3918 3476; x_wconf 80' lang='lat' dir='ltr'><strong>quod</strong></span> 
     </span>
    </p>
   </div>
   <div class='ocr_carea' id='block_1_70' title="bbox 2329 3494 3921 3569">
    <p class='ocr_par' dir='ltr' id='par_1_70' title="bbox 2329 3494 3921 3569">
     <span class='ocr_line' id='line_1_70' title="bbox 2329 3494 3921 3569; baseline -0.004 -14"><span class='ocrx_word' id='word_1_517' title='bbox 2329 3502 2397 3557; x_wconf 86' lang='lat' dir='ltr'><strong>ad</strong></span> <span class='ocrx_word' id='word_1_518' title='bbox 2424 3517 2511 3556; x_wconf 91' lang='lat' dir='ltr'><strong>me</strong></span> <span class='ocrx_word' id='word_1_519' title='bbox 2537 3508 2623 3557; x_wconf 83' lang='lat' dir='ltr'><strong>est</strong></span> <span class='ocrx_word' id='word_1_520' title='bbox 2655 3518 2670 3554; x_wconf 91' lang='lat'><strong>:</strong></span> <span class='ocrx_word' id='word_1_521' title='bbox 2699 3500 2744 3557; x_wconf 90' lang='lat' dir='ltr'><strong>si</strong></span> <span class='ocrx_word' id='word_1_522' title='bbox 2768 3500 3096 3556; x_wconf 81' lang='lat' dir='ltr'><strong>humillimae</strong></span> <span class='ocrx_word' id='word_1_523' title='bbox 3133 3514 3270 3555; x_wconf 83' lang='lat' dir='ltr'><strong>meae</strong></span> <span class='ocrx_word' id='word_1_524' title='bbox 3296 3494 3740 3569; x_wconf 83' lang='lat' dir='ltr'><strong>supplicationis,</strong></span> <span class='ocrx_word' id='word_1_525' title='bbox 3793 3503 3921 3551; x_wconf 88' lang='lat' dir='ltr'><strong>tan-</strong></span> 
     </span>
    </p>
   </div>
   <div class='ocr_carea' id='block_1_71' title="bbox 2333 3589 3921 3666">
    <p class='ocr_par' dir='ltr' id='par_1_71' title="bbox 2333 3589 3921 3666">
     <span class='ocr_line' id='line_1_71' title="bbox 2333 3589 3921 3666; baseline -0.003 -17"><span class='ocrx_word' id='word_1_526' title='bbox 2333 3610 2497 3666; x_wconf 87' lang='lat' dir='ltr'><strong>quam</strong></span> <span class='ocrx_word' id='word_1_527' title='bbox 2547 3595 2742 3666; x_wconf 79' lang='lat' dir='ltr'><strong>patris,</strong></span> <span class='ocrx_word' id='word_1_528' title='bbox 2776 3596 3049 3654; x_wconf 84' lang='lat' dir='ltr'><strong>rationem</strong></span> <span class='ocrx_word' id='word_1_529' title='bbox 3106 3593 3300 3660; x_wconf 83' lang='lat' dir='ltr'><strong>habes,</strong></span> <span class='ocrx_word' id='word_1_530' title='bbox 3339 3592 3476 3664; x_wconf 35' lang='lat' dir='ltr'><strong>‘jam</strong></span> <span class='ocrx_word' id='word_1_531' title='bbox 3502 3590 3614 3647; x_wconf 87' lang='lat' dir='ltr'><strong>noli</strong></span> <span class='ocrx_word' id='word_1_532' title='bbox 3662 3589 3921 3647; x_wconf 88' lang='lat' dir='ltr'><strong>nocentia</strong></span> 
     </span>
    </p>
   </div>
   <div class='ocr_carea' id='block_1_72' title="bbox 2335 3682 3917 3758">
    <p class='ocr_par' dir='ltr' id='par_1_72' title="bbox 2335 3682 3917 3758">
     <span class='ocr_line' id='line_1_72' title="bbox 2335 3682 3917 3758; baseline -0.004 -16"><span class='ocrx_word' id='word_1_533' title='bbox 2335 3690 2598 3758; x_wconf 88' lang='lat' dir='ltr'><strong>cogitare,</strong></span> <span class='ocrx_word' id='word_1_534' title='bbox 2639 3702 2817 3757; x_wconf 87' lang='lat' dir='ltr'><strong>neque</strong></span> <span class='ocrx_word' id='word_1_535' title='bbox 2842 3687 3047 3747; x_wconf 89' lang='lat' dir='ltr'><strong>bellum</strong></span> <span class='ocrx_word' id='word_1_536' title='bbox 3094 3699 3377 3742; x_wconf 83' lang='lat' dir='ltr'><strong>resumere</strong></span> <span class='ocrx_word' id='word_1_537' title='bbox 3405 3684 3671 3740; x_wconf 85' lang='lat' dir='ltr'><strong>adversus</strong></span> <span class='ocrx_word' id='word_1_538' title='bbox 3698 3682 3917 3739; x_wconf 83' lang='lat' dir='ltr'><strong>Patrem</strong></span> 
     </span>
    </p>
   </div>
   <div class='ocr_carea' id='block_1_73' title="bbox 2335 3773 3920 3849">
    <p class='ocr_par' dir='ltr' id='par_1_73' title="bbox 2335 3773 3920 3849">
     <span class='ocr_line' id='line_1_73' title="bbox 2335 3773 3920 3849; baseline -0.003 -14"><span class='ocrx_word' id='word_1_539' title='bbox 2335 3790 2489 3845; x_wconf 84' lang='lat' dir='ltr'><strong>tuum</strong></span> <span class='ocrx_word' id='word_1_540' title='bbox 2518 3781 2863 3849; x_wconf 87' lang='lat' dir='ltr'><strong>spiritualem</strong></span> <span class='ocrx_word' id='word_1_541' title='bbox 2898 3818 2913 3842; x_wconf 89' lang='lat'><strong>,</strong></span> <span class='ocrx_word' id='word_1_542' title='bbox 2965 3778 3359 3849; x_wconf 86' lang='lat' dir='ltr'><strong>imperatorem</strong></span> <span class='ocrx_word' id='word_1_543' title='bbox 3419 3784 3674 3834; x_wconf 83' lang='lat' dir='ltr'><strong>nostrum</strong></span> <span class='ocrx_word' id='word_1_544' title='bbox 3724 3790 3752 3829; x_wconf 74' lang='grc' dir='ltr'><strong>ο</strong></span> <span class='ocrx_word' id='word_1_545' title='bbox 3808 3773 3920 3831; x_wconf 91' lang='lat' dir='ltr'><strong>Deo</strong></span> 
     </span>
    </p>
   </div>
   <div class='ocr_carea' id='block_1_74' title="bbox 2335 3867 3926 3938">
    <p class='ocr_par' dir='ltr' id='par_1_74' title="bbox 2335 3867 3926 3938">
     <span class='ocr_line' id='line_1_74' title="bbox 2335 3867 3926 3938; baseline -0.004 -11"><span class='ocrx_word' id='word_1_546' title='bbox 2335 3880 2685 3931; x_wconf 84' lang='lat' dir='ltr'><strong>coronatum.</strong></span> <span class='ocrx_word' id='word_1_547' title='bbox 2720 3871 2782 3927; x_wconf 90' lang='lat' dir='ltr'><strong>Si</strong></span> <span class='ocrx_word' id='word_1_548' title='bbox 2814 3871 2976 3937; x_wconf 61' lang='lat' dir='ltr'><strong>,enim</strong></span> <span class='ocrx_word' id='word_1_549' title='bbox 3026 3870 3147 3938; x_wconf 91' lang='lat' dir='ltr'><strong>ejus</strong></span> <span class='ocrx_word' id='word_1_550' title='bbox 3189 3869 3491 3927; x_wconf 84' lang='lat' dir='ltr'><strong>amicitiam</strong></span> <span class='ocrx_word' id='word_1_551' title='bbox 3544 3867 3792 3923; x_wconf 87' lang='lat' dir='ltr'><strong>nondum</strong></span> <span class='ocrx_word' id='word_1_552' title='bbox 3851 3867 3926 3922; x_wconf 93' lang='lat' dir='ltr'><strong>ob</strong></span> 
     </span>
    </p>
   </div>
   <div class='ocr_carea' id='block_1_75' title="bbox 629 3959 2228 4041">
    <p class='ocr_par' dir='ltr' id='par_1_75' title="bbox 629 3965 2228 4041">
     <span class='ocr_line' id='line_1_75' title="bbox 629 3965 2228 4041; baseline -0.001 -22"><span class='ocrx_word' id='word_1_553' title='bbox 629 3965 784 4029; x_wconf 75' lang='grc' dir='ltr'><strong>κατά</strong></span> <span class='ocrx_word' id='word_1_554' title='bbox 811 3965 905 4019; x_wconf 77' lang='grc' dir='ltr'>τοῦ</span> <span class='ocrx_word' id='word_1_555' title='bbox 941 3966 1038 4020; x_wconf 77' lang='grc' dir='ltr'>σοῦ</span> <span class='ocrx_word' id='word_1_556' title='bbox 1067 3966 1447 4037; x_wconf 81' lang='grc' dir='ltr'>πνευματικοῦ</span> <span class='ocrx_word' id='word_1_557' title='bbox 1502 3967 1742 4041; x_wconf 83' lang='grc' dir='ltr'>Πατρδς,</span> <span class='ocrx_word' id='word_1_558' title='bbox 1778 3968 1873 4022; x_wconf 82' lang='grc' dir='ltr'>τοῦ</span> <span class='ocrx_word' id='word_1_559' title='bbox 1904 3966 2228 4037; x_wconf 81' lang='grc' dir='ltr'>θεοστεφοῦς</span> 
     </span>
    </p>
   </div>
   <div class='ocr_carea' id='block_1_76' title="bbox 2331 3959 3927 4041">
    <p class='ocr_par' dir='ltr' id='par_1_76' title="bbox 2340 3959 3927 4032">
     <span class='ocr_line' id='line_1_76' title="bbox 2340 3959 3927 4032; baseline -0.003 -14"><span class='ocrx_word' id='word_1_560' title='bbox 2340 3963 2665 4018; x_wconf 83' lang='lat' dir='ltr'><strong>teneriorem</strong></span> <span class='ocrx_word' id='word_1_561' title='bbox 2701 3973 2915 4026; x_wconf 70' lang='lat' dir='ltr'><strong>aetatem</strong></span> <span class='ocrx_word' id='word_1_562' title='bbox 2952 3971 3214 4032; x_wconf 84' lang='lat' dir='ltr'><strong>expertus</strong></span> <span class='ocrx_word' id='word_1_563' title='bbox 3248 3976 3309 4018; x_wconf 83' lang='lat' dir='ltr'><strong>es</strong></span> <span class='ocrx_word' id='word_1_564' title='bbox 3334 3969 3390 4016; x_wconf 89' lang='lat' dir='ltr'><strong>et</strong></span> <span class='ocrx_word' id='word_1_565' title='bbox 3411 3970 3636 4032; x_wconf 86' lang='lat' dir='ltr'><strong>propter</strong></span> <span class='ocrx_word' id='word_1_566' title='bbox 3662 3959 3927 4019; x_wconf 86' lang='lat' dir='ltr'><strong>scandala</strong></span> 
     </span>
    </p>
   </div>
   <div class='ocr_carea' id='block_1_77' title="bbox 630 4053 2228 4133">
    <p class='ocr_par' dir='ltr' id='par_1_77' title="bbox 630 4054 2228 4133">
     <span class='ocr_line' id='line_1_77' title="bbox 630 4054 2228 4133; baseline 0.001 -23"><span class='ocrx_word' id='word_1_567' title='bbox 630 4061 801 4131; x_wconf 82' lang='grc' dir='ltr'>ἡμῶν</span> <span class='ocrx_word' id='word_1_568' title='bbox 837 4059 1142 4130; x_wconf 82' lang='grc' dir='ltr'>βασιλέως·</span> <span class='ocrx_word' id='word_1_569' title='bbox 1183 4056 1245 4115; x_wconf 70' lang='grc' dir='ltr'>οὗ</span> <span class='ocrx_word' id='word_1_570' title='bbox 1280 4062 1329 4113; x_wconf 85' lang='grc' dir='ltr'><strong>εί</strong></span> <span class='ocrx_word' id='word_1_571' title='bbox 1376 4059 1474 4115; x_wconf 72' lang='grc' dir='ltr'>καὶ</span> <span class='ocrx_word' id='word_1_572' title='bbox 1522 4061 1595 4132; x_wconf 83' lang='grc' dir='ltr'>μὴ</span> <span class='ocrx_word' id='word_1_573' title='bbox 1657 4062 1856 4133; x_wconf 87' lang='grc' dir='ltr'>πεῖραν</span> <span class='ocrx_word' id='word_1_574' title='bbox 1901 4059 2096 4123; x_wconf 75' lang='grc' dir='ltr'>ἔλαϐες</span> <span class='ocrx_word' id='word_1_575' title='bbox 2138 4054 2228 4130; x_wconf 79' lang='grc' dir='ltr'>τῆς</span> 
     </span>
    </p>
   </div>
   <div class='ocr_carea' id='block_1_78' title="bbox 2331 4053 3925 4133">
    <p class='ocr_par' dir='ltr' id='par_1_78' title="bbox 2342 4053 3925 4126">
     <span class='ocr_line' id='line_1_78' title="bbox 2342 4053 3925 4126; baseline -0.003 -15"><span class='ocrx_word' id='word_1_576' title='bbox 2342 4057 2620 4111; x_wconf 87' lang='lat' dir='ltr'><strong>maturius</strong></span> <span class='ocrx_word' id='word_1_577' title='bbox 2678 4070 2711 4117; x_wconf 88' lang='lat' dir='ltr'><strong>a</strong></span> <span class='ocrx_word' id='word_1_578' title='bbox 2748 4055 2991 4126; x_wconf 78' lang='lat' dir='ltr'><strong>maligno</strong></span> <span class='ocrx_word' id='word_1_579' title='bbox 3034 4064 3325 4125; x_wconf 85' lang='lat' dir='ltr'><strong>promota;</strong></span> <span class='ocrx_word' id='word_1_580' title='bbox 3372 4053 3679 4124; x_wconf 80' lang='lat' dir='ltr'><strong>experieris</strong></span> <span class='ocrx_word' id='word_1_581' title='bbox 3740 4061 3925 4108; x_wconf 80' lang='lat' dir='ltr'><strong>tamen</strong></span> 
     </span>
    </p>
   </div>
   <div class='ocr_carea' id='block_1_79' title="bbox 632 4144 2228 4227">
    <p class='ocr_par' dir='ltr' id='par_1_79' title="bbox 632 4153 2228 4227">
     <span class='ocr_line' id='line_1_79' title="bbox 632 4153 2228 4227; baseline 0 -19"><span class='ocrx_word' id='word_1_582' title='bbox 632 4153 867 4225; x_wconf 78' lang='grc' dir='ltr'>ἀγάπης</span> <span class='ocrx_word' id='word_1_583' title='bbox 904 4154 992 4209; x_wconf 87' lang='grc' dir='ltr'><strong>διά</strong></span> <span class='ocrx_word' id='word_1_584' title='bbox 1018 4172 1077 4209; x_wconf 91' lang='grc' dir='ltr'><strong>τε</strong></span> <span class='ocrx_word' id='word_1_585' title='bbox 1107 4155 1169 4209; x_wconf 76' lang='grc' dir='ltr'>τὸ</span> <span class='ocrx_word' id='word_1_586' title='bbox 1219 4156 1401 4227; x_wconf 72' lang='grc' dir='ltr'>ἄωρον</span> <span class='ocrx_word' id='word_1_587' title='bbox 1443 4156 1545 4225; x_wconf 79' lang='grc' dir='ltr'>τῆς</span> <span class='ocrx_word' id='word_1_588' title='bbox 1596 4155 1840 4225; x_wconf 73' lang='grc' dir='ltr'>ἡλικίας,</span> <span class='ocrx_word' id='word_1_589' title='bbox 1892 4155 1988 4217; x_wconf 74' lang='grc' dir='ltr'>καὶ</span> <span class='ocrx_word' id='word_1_590' title='bbox 2034 4154 2124 4210; x_wconf 89' lang='grc' dir='ltr'><strong>διά</strong></span> <span class='ocrx_word' id='word_1_591' title='bbox 2170 4154 2228 4208; x_wconf 73' lang='grc' dir='ltr'>τὸ</span> 
     </span>
    </p>
   </div>
   <div class='ocr_carea' id='block_1_80' title="bbox 2331 4144 3925 4227">
    <p class='ocr_par' dir='ltr' id='par_1_80' title="bbox 2339 4144 3925 4220">
     <span class='ocr_line' id='line_1_80' title="bbox 2339 4144 3925 4220; baseline -0.003 -16"><span class='ocrx_word' id='word_1_592' title='bbox 2339 4156 2633 4220; x_wconf 88' lang='lat' dir='ltr'><strong>postquam</strong></span> <span class='ocrx_word' id='word_1_593' title='bbox 2704 4146 2815 4204; x_wconf 92' lang='lat' dir='ltr'><strong>Deo</strong></span> <span class='ocrx_word' id='word_1_594' title='bbox 2880 4147 3183 4210; x_wconf 78' lang='lat' dir='ltr'><strong>auxiliante</strong></span> <span class='ocrx_word' id='word_1_595' title='bbox 3245 4147 3460 4210; x_wconf 84' lang='lat' dir='ltr'><strong>firmata</strong></span> <span class='ocrx_word' id='word_1_596' title='bbox 3533 4144 3699 4202; x_wconf 89' lang='lat' dir='ltr'><strong>fuerit</strong></span> <span class='ocrx_word' id='word_1_597' title='bbox 3775 4156 3925 4216; x_wconf 68' lang='lat' dir='ltr'><strong>pax,</strong></span> 
     </span>
    </p>
   </div>
   <div class='ocr_carea' id='block_1_81' title="bbox 638 4237 2228 4320">
    <p class='ocr_par' dir='ltr' id='par_1_81' title="bbox 638 4246 2228 4320">
     <span class='ocr_line' id='line_1_81' title="bbox 638 4246 2228 4320; baseline 0 -19"><span class='ocrx_word' id='word_1_598' title='bbox 638 4248 937 4318; x_wconf 70' lang='grc' dir='ltr'>ςρθάσάντα</span> <span class='ocrx_word' id='word_1_599' title='bbox 965 4249 1354 4320; x_wconf 75' lang='grc' dir='ltr'>παρεισελθεῖν</span> <span class='ocrx_word' id='word_1_600' title='bbox 1396 4250 1460 4302; x_wconf 88' lang='grc' dir='ltr'>ὲκ</span> <span class='ocrx_word' id='word_1_601' title='bbox 1488 4248 1586 4303; x_wconf 76' lang='grc' dir='ltr'><strong>τοῦ</strong></span> <span class='ocrx_word' id='word_1_602' title='bbox 1636 4247 1882 4320; x_wconf 84' lang='grc' dir='ltr'>πονηροῦ</span> <span class='ocrx_word' id='word_1_603' title='bbox 1944 4246 2228 4312; x_wconf 73' lang='grc' dir='ltr'>σκάνδαλα,</span> 
     </span>
    </p>
   </div>
   <div class='ocr_carea' id='block_1_82' title="bbox 2331 4237 3931 4320">
    <p class='ocr_par' dir='ltr' id='par_1_82' title="bbox 2341 4237 3931 4312">
     <span class='ocr_line' id='line_1_82' title="bbox 2341 4237 3931 4312; baseline -0.005 -15"><span class='ocrx_word' id='word_1_604' title='bbox 2341 4251 2504 4312; x_wconf 91' lang='lat' dir='ltr'><strong>atque</strong></span> <span class='ocrx_word' id='word_1_605' title='bbox 2533 4240 2756 4312; x_wconf 88' lang='lat' dir='ltr'><strong>propria</strong></span> <span class='ocrx_word' id='word_1_606' title='bbox 2807 4238 3142 4311; x_wconf 79' lang='lat' dir='ltr'><strong>experientia</strong></span> <span class='ocrx_word' id='word_1_607' title='bbox 3179 4237 3358 4293; x_wconf 83' lang='lat' dir='ltr'><strong>disces</strong></span> <span class='ocrx_word' id='word_1_608' title='bbox 3381 4237 3532 4292; x_wconf 90' lang='lat' dir='ltr'><strong>illum</strong></span> <span class='ocrx_word' id='word_1_609' title='bbox 3564 4237 3708 4291; x_wconf 90' lang='lat' dir='ltr'><strong>sicut</strong></span> <span class='ocrx_word' id='word_1_610' title='bbox 3747 4246 3931 4305; x_wconf 84' lang='lat' dir='ltr'><strong>pater-</strong></span> 
     </span>
    </p>
   </div>
   <div class='ocr_carea' id='block_1_83' title="bbox 638 4328 2228 4414">
    <p class='ocr_par' dir='ltr' id='par_1_83' title="bbox 638 4339 2228 4414">
     <span class='ocr_line' id='line_1_83' title="bbox 638 4339 2228 4414; baseline -0.002 -19"><span class='ocrx_word' id='word_1_611' title='bbox 638 4342 781 4396; x_wconf 74' lang='grc' dir='ltr'>ἀλλὰ</span> <span class='ocrx_word' id='word_1_612' title='bbox 810 4341 957 4414; x_wconf 69' lang='grc' dir='ltr'>λήψῃ</span> <span class='ocrx_word' id='word_1_613' title='bbox 986 4343 1209 4408; x_wconf 85' lang='grc' dir='ltr'>πάντως</span> <span class='ocrx_word' id='word_1_614' title='bbox 1237 4341 1618 4414; x_wconf 81' lang='grc' dir='ltr'>βραϐευούσης</span> <span class='ocrx_word' id='word_1_615' title='bbox 1664 4341 1763 4396; x_wconf 81' lang='grc' dir='ltr'><strong>σὺν</strong></span> <span class='ocrx_word' id='word_1_616' title='bbox 1811 4339 1932 4409; x_wconf 85' lang='grc' dir='ltr'><strong>Θεῷ</strong></span> <span class='ocrx_word' id='word_1_617' title='bbox 1959 4343 2059 4411; x_wconf 75' lang='grc' dir='ltr'>τῆς</span> <span class='ocrx_word' id='word_1_618' title='bbox 2092 4341 2228 4410; x_wconf 83' lang='grc' dir='ltr'>είρή-</span> 
     </span>
    </p>
   </div>
   <div class='ocr_carea' id='block_1_84' title="bbox 2331 4328 3927 4414">
    <p class='ocr_par' dir='ltr' id='par_1_84' title="bbox 2345 4328 3927 4405">
     <span class='ocr_line' id='line_1_84' title="bbox 2345 4328 3927 4405; baseline -0.004 -15"><span class='ocrx_word' id='word_1_619' title='bbox 2345 4336 2398 4390; x_wconf 89' lang='lat' dir='ltr'><strong>ni</strong></span> <span class='ocrx_word' id='word_1_620' title='bbox 2435 4334 2636 4405; x_wconf 85' lang='lat' dir='ltr'><strong>sceptri</strong></span> <span class='ocrx_word' id='word_1_621' title='bbox 2693 4334 2963 4397; x_wconf 69' lang='lat' dir='ltr'><strong>haeredem</strong></span> <span class='ocrx_word' id='word_1_622' title='bbox 3002 4371 3018 4395; x_wconf 84' lang='lat'><strong>,</strong></span> <span class='ocrx_word' id='word_1_623' title='bbox 3065 4333 3146 4387; x_wconf 90' lang='lat' dir='ltr'><strong>sic</strong></span> <span class='ocrx_word' id='word_1_624' title='bbox 3205 4331 3377 4394; x_wconf 82' lang='lat' dir='ltr'><strong>patris</strong></span> <span class='ocrx_word' id='word_1_625' title='bbox 3406 4330 3461 4385; x_wconf 88' lang='lat' dir='ltr'><strong>in</strong></span> <span class='ocrx_word' id='word_1_626' title='bbox 3513 4338 3565 4385; x_wconf 93' lang='lat' dir='ltr'><strong>te</strong></span> <span class='ocrx_word' id='word_1_627' title='bbox 3615 4328 3927 4391; x_wconf 85' lang='lat' dir='ltr'><strong>eharitatis,</strong></span> 
     </span>
    </p>
   </div>
   <div class='ocr_carea' id='block_1_85' title="bbox 641 4426 2228 4509">
    <p class='ocr_par' dir='ltr' id='par_1_85' title="bbox 641 4431 2228 4509">
     <span class='ocr_line' id='line_1_85' title="bbox 641 4431 2228 4509; baseline -0.003 -23"><span class='ocrx_word' id='word_1_628' title='bbox 641 4451 767 4504; x_wconf 88' lang='grc' dir='ltr'>νης,</span> <span class='ocrx_word' id='word_1_629' title='bbox 794 4435 889 4488; x_wconf 81' lang='grc' dir='ltr'><strong>καὶ</strong></span> <span class='ocrx_word' id='word_1_630' title='bbox 919 4433 1144 4509; x_wconf 79' lang='grc' dir='ltr'>μαθήσῃ</span> <span class='ocrx_word' id='word_1_631' title='bbox 1189 4435 1381 4506; x_wconf 79' lang='grc' dir='ltr'>πείρα,</span> <span class='ocrx_word' id='word_1_632' title='bbox 1407 4434 1492 4487; x_wconf 83' lang='grc' dir='ltr'>ὅτι</span> <span class='ocrx_word' id='word_1_633' title='bbox 1540 4431 1732 4503; x_wconf 83' lang='grc' dir='ltr'>ὥσπερ</span> <span class='ocrx_word' id='word_1_634' title='bbox 1782 4431 1899 4495; x_wconf 86' lang='grc' dir='ltr'><strong>τῶν</strong></span> <span class='ocrx_word' id='word_1_635' title='bbox 1942 4431 2228 4503; x_wconf 63' lang='grc' dir='ltr'>σκήπτρωπ</span> 
     </span>
    </p>
   </div>
   <div class='ocr_carea' id='block_1_86' title="bbox 2331 4426 3205 4509">
    <p class='ocr_par' dir='ltr' id='par_1_86' title="bbox 2344 4426 3205 4490">
     <span class='ocr_line' id='line_1_86' title="bbox 2344 4426 3205 4490; baseline -0.003 -7"><span class='ocrx_word' id='word_1_636' title='bbox 2344 4428 2660 4490; x_wconf 83' lang='lat' dir='ltr'><strong>dilectionis</strong></span> <span class='ocrx_word' id='word_1_637' title='bbox 2695 4438 2751 4488; x_wconf 83' lang='lat' dir='ltr'><strong>et</strong></span> <span class='ocrx_word' id='word_1_638' title='bbox 2785 4426 3205 4490; x_wconf 61' lang='lat' dir='ltr'><strong>benevolentiae.</strong></span> 
     </span>
    </p>
   </div>
   <div class='ocr_carea' id='block_1_87' title="bbox 638 4514 3931 4603">
    <p class='ocr_par' dir='ltr' id='par_1_87' title="bbox 638 4514 3931 4603">
     <span class='ocr_line' id='line_1_87' title="bbox 638 4514 3931 4603; baseline -0.004 -22"><span class='ocrx_word' id='word_1_639' title='bbox 638 4528 844 4597; x_wconf 84' lang='grc' dir='ltr'>γέγονε</span> <span class='ocrx_word' id='word_1_640' title='bbox 902 4528 1240 4603; x_wconf 74' lang='grc' dir='ltr'>κληρονόμος</span> <span class='ocrx_word' id='word_1_641' title='bbox 1292 4526 1387 4582; x_wconf 81' lang='grc' dir='ltr'>τοῦ</span> <span class='ocrx_word' id='word_1_642' title='bbox 1443 4525 1721 4599; x_wconf 87' lang='grc' dir='ltr'>μακαρίου</span> <span class='ocrx_word' id='word_1_643' title='bbox 1779 4522 1991 4596; x_wconf 63' lang='grc' dir='ltr'>πατρὸς</span> <span class='ocrx_word' id='word_1_644' title='bbox 2039 4522 2231 4591; x_wconf 81' lang='grc' dir='ltr'>αὐτοῦ,</span> <span class='ocrx_word' id='word_1_645' title='bbox 2267 4521 2411 4583; x_wconf 70' lang='grc' dir='ltr'>οὕτω</span> <span class='ocrx_word' id='word_1_646' title='bbox 2442 4522 2538 4583; x_wconf 69' lang='grc' dir='ltr'><strong>καὶ</strong></span> <span class='ocrx_word' id='word_1_647' title='bbox 2577 4524 2678 4594; x_wconf 80' lang='grc' dir='ltr'>τῆς</span> <span class='ocrx_word' id='word_1_648' title='bbox 2713 4521 2972 4597; x_wconf 82' lang='grc' dir='ltr'>στοργῆς,</span> <span class='ocrx_word' id='word_1_649' title='bbox 3016 4522 3109 4574; x_wconf 59' lang='grc' dir='ltr'><strong>καὶ⁵</strong></span> <span class='ocrx_word' id='word_1_650' title='bbox 3142 4521 3391 4591; x_wconf 81' lang='grc' dir='ltr'>ἀγάπης,</span> <span class='ocrx_word' id='word_1_651' title='bbox 3420 4517 3515 4572; x_wconf 71' lang='grc' dir='ltr'><strong>καὶ</strong></span> <span class='ocrx_word' id='word_1_652' title='bbox 3540 4516 3644 4586; x_wconf 78' lang='grc' dir='ltr'>τῆς</span> <span class='ocrx_word' id='word_1_653' title='bbox 3669 4514 3931 4585; x_wconf 76' lang='grc' dir='ltr'>γλυκείας</span> 
     </span>
    </p>
   </div>
   <div class='ocr_carea' id='block_1_88' title="bbox 639 4620 1226 4693">
    <p class='ocr_par' dir='ltr' id='par_1_88' title="bbox 639 4620 1226 4693">
     <span class='ocr_line' id='line_1_88' title="bbox 639 4620 1226 4693; baseline 0.005 -20"><span class='ocrx_word' id='word_1_654' title='bbox 639 4622 787 4693; x_wconf 63' lang='grc' dir='ltr'>πρός</span> <span class='ocrx_word' id='word_1_655' title='bbox 817 4620 875 4674; x_wconf 75' lang='grc' dir='ltr'>σὲ</span> <span class='ocrx_word' id='word_1_656' title='bbox 905 4620 1226 4685; x_wconf 80' lang='grc' dir='ltr'>διαθέσεως.</span> 
     </span>
    </p>
   </div>
   <div class='ocr_carea' id='block_1_89' title="bbox 730 4706 2228 4792">
    <p class='ocr_par' dir='ltr' id='par_1_89' title="bbox 730 4710 2228 4789">
     <span class='ocr_line' id='line_1_89' title="bbox 730 4710 2228 4789; baseline -0.005 -13"><span class='ocrx_word' id='word_1_657' title='bbox 730 4720 864 4778; x_wconf 76' lang='grc' dir='ltr'><strong>Ἐπὶ</strong></span> <span class='ocrx_word' id='word_1_658' title='bbox 898 4719 1036 4773; x_wconf 82' lang='grc' dir='ltr'>πᾶσι</span> <span class='ocrx_word' id='word_1_659' title='bbox 1064 4718 1144 4783; x_wconf 79' lang='grc' dir='ltr'>δὲ,</span> <span class='ocrx_word' id='word_1_660' title='bbox 1176 4717 1372 4772; x_wconf 87' lang='grc' dir='ltr'>τέκνον</span> <span class='ocrx_word' id='word_1_661' title='bbox 1399 4718 1579 4789; x_wconf 77' lang='grc' dir='ltr'>ἡμῶν.</span> <span class='ocrx_word' id='word_1_662' title='bbox 1622 4710 1706 4780; x_wconf 77' lang='grc' dir='ltr'>οἷς</span> <span class='ocrx_word' id='word_1_663' title='bbox 1754 4714 2228 4787; x_wconf 81' lang='grc' dir='ltr'>παρεκαλέσαμεν,</span> 
     </span>
    </p>
   </div>
   <div class='ocr_carea' id='block_1_90' title="bbox 2331 4706 3934 4792">
    <p class='ocr_par' dir='ltr' id='par_1_90' title="bbox 2425 4706 3934 4781">
     <span class='ocr_line' id='line_1_90' title="bbox 2425 4706 3934 4781; baseline -0.007 -12"><span class='ocrx_word' id='word_1_664' title='bbox 2425 4714 2581 4778; x_wconf 79' lang='lat' dir='ltr'><strong>Vide,</strong></span> <span class='ocrx_word' id='word_1_665' title='bbox 2610 4716 2686 4772; x_wconf 85' lang='lat' dir='ltr'><strong>fili</strong></span> <span class='ocrx_word' id='word_1_666' title='bbox 2715 4714 2808 4781; x_wconf 90' lang='lat' dir='ltr'><strong>mi,</strong></span> <span class='ocrx_word' id='word_1_667' title='bbox 2848 4729 2917 4770; x_wconf 91' lang='lat' dir='ltr'><strong>ne</strong></span> <span class='ocrx_word' id='word_1_668' title='bbox 2946 4710 3133 4769; x_wconf 88' lang='lat' dir='ltr'><strong>omnia</strong></span> <span class='ocrx_word' id='word_1_669' title='bbox 3171 4709 3372 4781; x_wconf 88' lang='lat' dir='ltr'><strong>quibus</strong></span> <span class='ocrx_word' id='word_1_670' title='bbox 3404 4716 3456 4763; x_wconf 90' lang='lat' dir='ltr'><strong>te</strong></span> <span class='ocrx_word' id='word_1_671' title='bbox 3497 4706 3698 4766; x_wconf 88' lang='lat' dir='ltr'><strong>hortati</strong></span> <span class='ocrx_word' id='word_1_672' title='bbox 3741 4719 3934 4762; x_wconf 89' lang='lat' dir='ltr'><strong>sumus</strong></span> 
     </span>
    </p>
   </div>
   <div class='ocr_carea' id='block_1_91' title="bbox 644 4798 2228 4884">
    <p class='ocr_par' dir='ltr' id='par_1_91' title="bbox 644 4806 2228 4884">
     <span class='ocr_line' id='line_1_91' title="bbox 644 4806 2228 4884; baseline -0.004 -17"><span class='ocrx_word' id='word_1_673' title='bbox 644 4816 744 4868; x_wconf 77' lang='grc' dir='ltr'><strong>καὶ</strong></span> <span class='ocrx_word' id='word_1_674' title='bbox 766 4815 874 4883; x_wconf 77' lang='grc' dir='ltr'>ὅρα</span> <span class='ocrx_word' id='word_1_675' title='bbox 908 4812 983 4883; x_wconf 76' lang='grc' dir='ltr'>μὴ</span> <span class='ocrx_word' id='word_1_676' title='bbox 1014 4811 1466 4884; x_wconf 68' lang='grc' dir='ltr'>καταφρονήσῃς*</span> <span class='ocrx_word' id='word_1_677' title='bbox 1498 4809 1594 4864; x_wconf 81' lang='grc' dir='ltr'>τοῦ</span> <span class='ocrx_word' id='word_1_678' title='bbox 1649 4809 1902 4879; x_wconf 77' lang='grc' dir='ltr'>Χριστοῦ</span> <span class='ocrx_word' id='word_1_679' title='bbox 1943 4808 2041 4862; x_wconf 77' lang='grc' dir='ltr'><strong>καὶ</strong></span> <span class='ocrx_word' id='word_1_680' title='bbox 2095 4806 2228 4862; x_wconf 80' lang='grc' dir='ltr'>Θεοῦ</span> 
     </span>
    </p>
   </div>
   <div class='ocr_carea' id='block_1_92' title="bbox 2331 4798 3934 4884">
    <p class='ocr_par' dir='ltr' id='par_1_92' title="bbox 2340 4798 3934 4878">
     <span class='ocr_line' id='line_1_92' title="bbox 2340 4798 3934 4878; baseline -0.007 -14"><span class='ocrx_word' id='word_1_681' title='bbox 2340 4809 2615 4878; x_wconf 85' lang='lat' dir='ltr'><strong>despicias</strong></span> <span class='ocrx_word' id='word_1_682' title='bbox 2642 4827 2657 4864; x_wconf 90' lang='lat'><strong>:</strong></span> <span class='ocrx_word' id='word_1_683' title='bbox 2677 4807 2881 4863; x_wconf 91' lang='lat' dir='ltr'><strong>Christi</strong></span> <span class='ocrx_word' id='word_1_684' title='bbox 2902 4819 3140 4875; x_wconf 88' lang='lat' dir='ltr'><strong>namque</strong></span> <span class='ocrx_word' id='word_1_685' title='bbox 3163 4811 3218 4859; x_wconf 89' lang='lat' dir='ltr'><strong>et</strong></span> <span class='ocrx_word' id='word_1_686' title='bbox 3243 4800 3337 4857; x_wconf 86' lang='lat' dir='ltr'><strong>Dei</strong></span> <span class='ocrx_word' id='word_1_687' title='bbox 3367 4799 3543 4861; x_wconf 87' lang='lat' dir='ltr'><strong>nostri</strong></span> <span class='ocrx_word' id='word_1_688' title='bbox 3575 4798 3666 4859; x_wconf 79' lang='lat' dir='ltr'><strong>illa</strong></span> <span class='ocrx_word' id='word_1_689' title='bbox 3689 4811 3793 4851; x_wconf 81' lang='lat' dir='ltr'><strong>vox</strong></span> <span class='ocrx_word' id='word_1_690' title='bbox 3811 4805 3934 4853; x_wconf 90' lang='lat' dir='ltr'><strong>est:</strong></span> 
     </span>
    </p>
   </div>
   <div class='ocr_carea' id='block_1_93' title="bbox 645 4891 2228 4976">
    <p class='ocr_par' dir='ltr' id='par_1_93' title="bbox 645 4897 2228 4976">
     <span class='ocr_line' id='line_1_93' title="bbox 645 4897 2228 4976; baseline -0.007 -17"><span class='ocrx_word' id='word_1_691' title='bbox 645 4903 815 4976; x_wconf 76' lang='grc' dir='ltr'>ήμῶν</span> <span class='ocrx_word' id='word_1_692' title='bbox 843 4904 996 4974; x_wconf 81' lang='grc' dir='ltr'>φωνή</span> <span class='ocrx_word' id='word_1_693' title='bbox 1033 4904 1202 4967; x_wconf 76' lang='grc' dir='ltr'>ἐστιν,</span> <span class='ocrx_word' id='word_1_694' title='bbox 1235 4920 1254 4953; x_wconf 81' lang='grc' dir='ltr'><strong>ι</strong></span> <span class='ocrx_word' id='word_1_695' title='bbox 1311 4900 1370 4955; x_wconf 87' lang='lat' dir='ltr'>&#39;U</span> <span class='ocrx_word' id='word_1_696' title='bbox 1398 4897 1611 4954; x_wconf 83' lang='grc' dir='ltr'>ἀθετῶν</span> <span class='ocrx_word' id='word_1_697' title='bbox 1636 4899 1805 4969; x_wconf 81' lang='grc' dir='ltr'>ὑμᾶς,</span> <span class='ocrx_word' id='word_1_698' title='bbox 1831 4898 1933 4969; x_wconf 73' lang='grc' dir='ltr'><strong>ἐμὲ</strong></span> <span class='ocrx_word' id='word_1_699' title='bbox 1958 4897 2178 4961; x_wconf 82' lang='grc' dir='ltr'>ἀθετεῖ·</span> <span class='ocrx_word' id='word_1_700' title='bbox 2217 4915 2228 4948; x_wconf 87' lang='grc' dir='ltr'><strong>ι</strong></span> 
     </span>
    </p>
   </div>
   <div class='ocr_carea' id='block_1_94' title="bbox 2331 4891 3935 4976">
    <p class='ocr_par' dir='ltr' id='par_1_94' title="bbox 2348 4891 3935 4970">
     <span class='ocr_line' id='line_1_94' title="bbox 2348 4891 3935 4970; baseline -0.007 -15"><span class='ocrx_word' id='word_1_701' title='bbox 2348 4922 2367 4955; x_wconf 77' lang='grc' dir='ltr'><strong>ι</strong></span> <span class='ocrx_word' id='word_1_702' title='bbox 2396 4901 2502 4968; x_wconf 82' lang='lat' dir='ltr'><strong>Qui</strong></span> <span class='ocrx_word' id='word_1_703' title='bbox 2536 4916 2632 4957; x_wconf 79' lang='lat' dir='ltr'><strong>vos</strong></span> <span class='ocrx_word' id='word_1_704' title='bbox 2650 4899 2879 4970; x_wconf 88' lang='lat' dir='ltr'><strong>spernit,</strong></span> <span class='ocrx_word' id='word_1_705' title='bbox 2902 4913 2990 4952; x_wconf 91' lang='lat' dir='ltr'><strong>me</strong></span> <span class='ocrx_word' id='word_1_706' title='bbox 3020 4895 3258 4967; x_wconf 88' lang='lat' dir='ltr'><strong>spernit;</strong></span> <span class='ocrx_word' id='word_1_707' title='bbox 3291 4913 3310 4947; x_wconf 73' lang='grc' dir='ltr'><strong>ι</strong></span> <span class='ocrx_word' id='word_1_708' title='bbox 3335 4891 3630 4957; x_wconf 80' lang='lat' dir='ltr'><strong>illiuslicet</strong></span> <span class='ocrx_word' id='word_1_709' title='bbox 3654 4898 3935 4961; x_wconf 83' lang='lat' dir='ltr'><strong>peccator,</strong></span> 
     </span>
    </p>
   </div>
   <div class='ocr_carea' id='block_1_95' title="bbox 649 4983 2228 5066">
    <p class='ocr_par' dir='ltr' id='par_1_95' title="bbox 649 4990 2228 5066">
     <span class='ocr_line' id='line_1_95' title="bbox 649 4990 2228 5066; baseline -0.005 -15"><span class='ocrx_word' id='word_1_710' title='bbox 649 4990 739 5065; x_wconf 73' lang='grc' dir='ltr'><strong>οὗ,</strong></span> <span class='ocrx_word' id='word_1_711' title='bbox 772 4998 825 5051; x_wconf 85' lang='grc' dir='ltr'><strong>εί</strong></span> <span class='ocrx_word' id='word_1_712' title='bbox 858 4997 957 5050; x_wconf 76' lang='grc' dir='ltr'><strong>καὶ</strong></span> <span class='ocrx_word' id='word_1_713' title='bbox 979 4993 1332 5066; x_wconf 78' lang='grc' dir='ltr'>ἁμαρτωλὸς,</span> <span class='ocrx_word' id='word_1_714' title='bbox 1358 4992 1437 5066; x_wconf 82' lang='grc' dir='ltr'>τῷ</span> <span class='ocrx_word' id='word_1_715' title='bbox 1491 4992 1871 5062; x_wconf 80' lang='grc' dir='ltr'>θυσιαστηρίῳ</span> <span class='ocrx_word' id='word_1_716' title='bbox 1916 4992 2228 5062; x_wconf 76' lang='grc' dir='ltr'>παρέστηκα</span> 
     </span>
    </p>
   </div>
   <div class='ocr_carea' id='block_1_96' title="bbox 2331 4983 3936 5066">
    <p class='ocr_par' dir='ltr' id='par_1_96' title="bbox 2344 4983 3936 5061">
     <span class='ocr_line' id='line_1_96' title="bbox 2344 4983 3936 5061; baseline -0.008 -10"><span class='ocrx_word' id='word_1_717' title='bbox 2344 4995 2504 5051; x_wconf 87' lang='lat' dir='ltr'><strong>altari</strong></span> <span class='ocrx_word' id='word_1_718' title='bbox 2532 4994 2731 5050; x_wconf 86' lang='lat' dir='ltr'><strong>assiste</strong></span> <span class='ocrx_word' id='word_1_719' title='bbox 2757 5002 2812 5047; x_wconf 89' lang='lat' dir='ltr'><strong>et</strong></span> <span class='ocrx_word' id='word_1_720' title='bbox 2847 5006 2878 5045; x_wconf 89' lang='lat' dir='ltr'><strong>a</strong></span> <span class='ocrx_word' id='word_1_721' title='bbox 2911 4988 3114 5061; x_wconf 88' lang='lat' dir='ltr'><strong>Spiritu</strong></span> <span class='ocrx_word' id='word_1_722' title='bbox 3150 4995 3342 5049; x_wconf 80' lang='lat' dir='ltr'><strong>saneto</strong></span> <span class='ocrx_word' id='word_1_723' title='bbox 3373 4984 3580 5056; x_wconf 69' lang='lat' dir='ltr'><strong>ligandi</strong></span> <span class='ocrx_word' id='word_1_724' title='bbox 3626 4994 3792 5055; x_wconf 84' lang='lat' dir='ltr'><strong>atque</strong></span> <span class='ocrx_word' id='word_1_725' title='bbox 3821 4983 3936 5039; x_wconf 87' lang='lat' dir='ltr'><strong>sol-</strong></span> 
     </span>
    </p>
   </div>
   <div class='ocr_carea' id='block_1_97' title="bbox 646 5077 2228 5162">
    <p class='ocr_par' dir='ltr' id='par_1_97' title="bbox 646 5081 2228 5162">
     <span class='ocr_line' id='line_1_97' title="bbox 646 5081 2228 5162; baseline -0.008 -17"><span class='ocrx_word' id='word_1_726' title='bbox 646 5091 750 5146; x_wconf 72' lang='grc' dir='ltr'><strong>καὶ</strong></span> <span class='ocrx_word' id='word_1_727' title='bbox 787 5090 942 5162; x_wconf 87' lang='grc' dir='ltr'><strong>παρά</strong></span> <span class='ocrx_word' id='word_1_728' title='bbox 986 5087 1081 5143; x_wconf 78' lang='grc' dir='ltr'>τοῦ</span> <span class='ocrx_word' id='word_1_729' title='bbox 1109 5087 1268 5155; x_wconf 84' lang='grc' dir='ltr'>ἁγίου</span> <span class='ocrx_word' id='word_1_730' title='bbox 1323 5084 1644 5155; x_wconf 85' lang='grc' dir='ltr'>Πνεύματος</span> <span class='ocrx_word' id='word_1_731' title='bbox 1687 5083 1840 5137; x_wconf 83' lang='grc' dir='ltr'>λύειν</span> <span class='ocrx_word' id='word_1_732' title='bbox 1895 5082 1992 5136; x_wconf 74' lang='grc' dir='ltr'><strong>καὶ</strong></span> <span class='ocrx_word' id='word_1_733' title='bbox 2022 5081 2228 5152; x_wconf 65' lang='lat' dir='ltr'><strong>deep.in</strong></span> 
     </span>
    </p>
   </div>
   <div class='ocr_carea' id='block_1_98' title="bbox 2331 5077 3935 5162">
    <p class='ocr_par' dir='ltr' id='par_1_98' title="bbox 2344 5077 3935 5156">
     <span class='ocr_line' id='line_1_98' title="bbox 2344 5077 3935 5156; baseline -0.005 -15"><span class='ocrx_word' id='word_1_734' title='bbox 2344 5087 2506 5142; x_wconf 83' lang='lat' dir='ltr'><strong>vendi</strong></span> <span class='ocrx_word' id='word_1_735' title='bbox 2551 5092 2874 5156; x_wconf 80' lang='lat' dir='ltr'><strong>potestatem</strong></span> <span class='ocrx_word' id='word_1_736' title='bbox 2908 5082 3114 5151; x_wconf 86' lang='lat' dir='ltr'><strong>accepi.</strong></span> <span class='ocrx_word' id='word_1_737' title='bbox 3155 5079 3292 5136; x_wconf 83' lang='lat' dir='ltr'><strong>Vide</strong></span> <span class='ocrx_word' id='word_1_738' title='bbox 3325 5094 3478 5151; x_wconf 86' lang='lat' dir='ltr'><strong>ergo,</strong></span> <span class='ocrx_word' id='word_1_739' title='bbox 3518 5094 3738 5134; x_wconf 89' lang='lat' dir='ltr'><strong>rursum</strong></span> <span class='ocrx_word' id='word_1_740' title='bbox 3772 5077 3898 5133; x_wconf 89' lang='lat' dir='ltr'><strong>dico</strong></span> <span class='ocrx_word' id='word_1_741' title='bbox 3914 5119 3935 5140; x_wconf 86' lang='lat'><strong>,</strong></span> 
     </span>
    </p>
   </div>
   <div class='ocr_carea' id='block_1_99' title="bbox 649 5172 2249 5257">
    <p class='ocr_par' dir='ltr' id='par_1_99' title="bbox 649 5172 2249 5257">
     <span class='ocr_line' id='line_1_99' title="bbox 649 5172 2249 5257; baseline -0.005 -21"><span class='ocrx_word' id='word_1_742' title='bbox 649 5182 851 5238; x_wconf 72' lang='grc' dir='ltr'>ἔλαϐον</span> <span class='ocrx_word' id='word_1_743' title='bbox 872 5181 1145 5257; x_wconf 72' lang='grc' dir='ltr'>ἐξουσίαν.</span> <span class='ocrx_word' id='word_1_744' title='bbox 1181 5180 1326 5249; x_wconf 81' lang='grc' dir='ltr'><strong>ὐρα</strong></span> <span class='ocrx_word' id='word_1_745' title='bbox 1348 5174 1465 5243; x_wconf 73' lang='grc' dir='ltr'>οὖν,</span> <span class='ocrx_word' id='word_1_746' title='bbox 1489 5176 1653 5231; x_wconf 81' lang='grc' dir='ltr'>πάλιν</span> <span class='ocrx_word' id='word_1_747' title='bbox 1672 5174 1838 5246; x_wconf 80' lang='grc' dir='ltr'>φημὶ,</span> <span class='ocrx_word' id='word_1_748' title='bbox 1859 5173 1953 5228; x_wconf 76' lang='grc' dir='ltr'><strong>καὶ</strong></span> <span class='ocrx_word' id='word_1_749' title='bbox 1980 5172 2056 5245; x_wconf 81' lang='grc' dir='ltr'>μὴ</span> <span class='ocrx_word' id='word_1_750' title='bbox 2076 5190 2249 5228; x_wconf 75' lang='grc' dir='ltr'>καταο</span> 
     </span>
    </p>
   </div>
   <div class='ocr_carea' id='block_1_100' title="bbox 656 5267 2259 5349">
    <p class='ocr_par' dir='ltr' id='par_1_100' title="bbox 656 5267 2259 5349">
     <span class='ocr_line' id='line_1_100' title="bbox 656 5267 2259 5349; baseline -0.019 -13"><span class='ocrx_word' id='word_1_751' title='bbox 656 5277 966 5349; x_wconf 76' lang='grc' dir='ltr'>φρονήσῃς,</span> <span class='ocrx_word' id='word_1_752' title='bbox 980 5273 1168 5346; x_wconf 84' lang='grc' dir='ltr'>δεσμῷ</span> <span class='ocrx_word' id='word_1_753' title='bbox 1187 5290 1247 5327; x_wconf 90' lang='grc' dir='ltr'><strong>σε</strong></span> <span class='ocrx_word' id='word_1_754' title='bbox 1268 5270 1758 5340; x_wconf 86' lang='grc' dir='ltr'>καθυποϐάλλομεν</span> <span class='ocrx_word' id='word_1_755' title='bbox 1775 5267 1956 5337; x_wconf 84' lang='grc' dir='ltr'>ἀλύτῳ</span> <span class='ocrx_word' id='word_1_756' title='bbox 1974 5269 2069 5321; x_wconf 74' lang='grc' dir='ltr'><strong>καὶ</strong></span> <span class='ocrx_word' id='word_1_757' title='bbox 2086 5267 2259 5338; x_wconf 75' lang='grc' dir='ltr'><strong>ἀρῥή-</strong></span> 
     </span>
    </p>
   </div>
   <div class='ocr_carea' id='block_1_101' title="bbox 650 5358 2245 5437">
    <p class='ocr_par' dir='ltr' id='par_1_101' title="bbox 650 5358 2245 5437">
     <span class='ocr_line' id='line_1_101' title="bbox 650 5358 2245 5437; baseline -0.009 -14"><span class='ocrx_word' id='word_1_758' title='bbox 650 5387 733 5437; x_wconf 69' lang='grc' dir='ltr'>τις)</span> <span class='ocrx_word' id='word_1_759' title='bbox 755 5371 816 5422; x_wconf 79' lang='grc' dir='ltr'>ὲν</span> <span class='ocrx_word' id='word_1_760' title='bbox 844 5367 1041 5437; x_wconf 73' lang='grc' dir='ltr'>Πατρὶ,</span> <span class='ocrx_word' id='word_1_761' title='bbox 1058 5369 1156 5420; x_wconf 72' lang='grc' dir='ltr'><strong>καὶ</strong></span> <span class='ocrx_word' id='word_1_762' title='bbox 1170 5364 1306 5436; x_wconf 73' lang='grc' dir='ltr'>Υἱῷ,</span> <span class='ocrx_word' id='word_1_763' title='bbox 1326 5364 1422 5418; x_wconf 77' lang='grc' dir='ltr'>καὶ</span> <span class='ocrx_word' id='word_1_764' title='bbox 1444 5363 1587 5434; x_wconf 83' lang='grc' dir='ltr'>ἁγίῳ</span> <span class='ocrx_word' id='word_1_765' title='bbox 1603 5360 1743 5415; x_wconf 84' lang='grc' dir='ltr'>Πνεύ</span> <span class='ocrx_word' id='word_1_766' title='bbox 1754 5378 1908 5432; x_wconf 88' lang='grc' dir='ltr'>ματι,</span> <span class='ocrx_word' id='word_1_767' title='bbox 1934 5358 2029 5413; x_wconf 78' lang='grc' dir='ltr'>τοῦ</span> <span class='ocrx_word' id='word_1_768' title='bbox 2054 5358 2129 5429; x_wconf 81' lang='grc' dir='ltr'>μὴ</span> <span class='ocrx_word' id='word_1_769' title='bbox 2146 5359 2245 5429; x_wconf 78' lang='grc' dir='ltr'><strong>τῆς</strong></span> 
     </span>
    </p>
   </div>
   <div class='ocr_carea' id='block_1_102' title="bbox 659 5451 2244 5533">
    <p class='ocr_par' dir='ltr' id='par_1_102' title="bbox 659 5451 2244 5533">
     <span class='ocr_line' id='line_1_102' title="bbox 659 5451 2244 5533; baseline -0.01 -16"><span class='ocrx_word' id='word_1_770' title='bbox 659 5464 762 5533; x_wconf 79' lang='grc' dir='ltr'><strong>σῆς</strong></span> <span class='ocrx_word' id='word_1_771' title='bbox 787 5461 871 5514; x_wconf 75' lang='grc' dir='ltr'>ἔτι</span> <span class='ocrx_word' id='word_1_772' title='bbox 889 5460 1077 5532; x_wconf 86' lang='grc' dir='ltr'>χώρας</span> <span class='ocrx_word' id='word_1_773' title='bbox 1098 5456 1378 5523; x_wconf 76' lang='grc' dir='ltr'>ἐξελάσαι,</span> <span class='ocrx_word' id='word_1_774' title='bbox 1410 5457 1550 5527; x_wconf 79' lang='grc' dir='ltr'>μήτε</span> <span class='ocrx_word' id='word_1_775' title='bbox 1581 5454 1665 5518; x_wconf 77' lang='grc' dir='ltr'><strong>σε,</strong></span> <span class='ocrx_word' id='word_1_776' title='bbox 1691 5454 1831 5525; x_wconf 86' lang='grc' dir='ltr'>μήτε</span> <span class='ocrx_word' id='word_1_777' title='bbox 1859 5453 1953 5506; x_wconf 74' lang='grc' dir='ltr'>τὸν</span> <span class='ocrx_word' id='word_1_778' title='bbox 1977 5451 2069 5505; x_wconf 77' lang='grc' dir='ltr'><strong>σὺν</strong></span> <span class='ocrx_word' id='word_1_779' title='bbox 2089 5451 2244 5514; x_wconf 74' lang='grc' dir='ltr'>λαὸν,</span> 
     </span>
    </p>
   </div>
   <div class='ocr_carea' id='block_1_103' title="bbox 658 5542 2256 5630">
    <p class='ocr_par' dir='ltr' id='par_1_103' title="bbox 658 5542 2256 5630">
     <span class='ocr_line' id='line_1_103' title="bbox 658 5542 2256 5630; baseline -0.01 -20"><span class='ocrx_word' id='word_1_780' title='bbox 658 5557 801 5630; x_wconf 78' lang='grc' dir='ltr'>μηδὲ</span> <span class='ocrx_word' id='word_1_781' title='bbox 828 5552 1039 5627; x_wconf 82' lang='grc' dir='ltr'>βλάϐην</span> <span class='ocrx_word' id='word_1_782' title='bbox 1068 5550 1196 5605; x_wconf 79' lang='grc' dir='ltr'>τινὰ</span> <span class='ocrx_word' id='word_1_783' title='bbox 1218 5550 1252 5620; x_wconf 78' lang='grc' dir='ltr'>ἦ</span> <span class='ocrx_word' id='word_1_784' title='bbox 1274 5551 1541 5620; x_wconf 72' lang='grc' dir='ltr'>ἐπήρειαν</span> <span class='ocrx_word' id='word_1_785' title='bbox 1588 5548 1684 5600; x_wconf 72' lang='grc' dir='ltr'><strong>καὶ</strong></span> <span class='ocrx_word' id='word_1_786' title='bbox 1717 5542 2101 5616; x_wconf 72' lang='grc' dir='ltr'>αἰχμαλωσίαν</span> <span class='ocrx_word' id='word_1_787' title='bbox 2154 5545 2256 5595; x_wconf 82' lang='grc' dir='ltr'><strong>ὲπ-</strong></span> 
     </span>
    </p>
   </div>
   <div class='ocr_carea' id='block_1_104' title="bbox 658 5633 2255 5719">
    <p class='ocr_par' dir='ltr' id='par_1_104' title="bbox 658 5633 2255 5719">
     <span class='ocr_line' id='line_1_104' title="bbox 658 5633 2255 5719; baseline -0.011 -14"><span class='ocrx_word' id='word_1_788' title='bbox 658 5650 911 5719; x_wconf 84' lang='grc' dir='ltr'>ενεγκεῖν</span> <span class='ocrx_word' id='word_1_789' title='bbox 928 5650 1055 5711; x_wconf 88' lang='grc' dir='ltr'>ταῖς</span> <span class='ocrx_word' id='word_1_790' title='bbox 1084 5646 1298 5717; x_wconf 85' lang='grc' dir='ltr'>χώραις</span> <span class='ocrx_word' id='word_1_791' title='bbox 1325 5643 1360 5714; x_wconf 79' lang='grc' dir='ltr'><strong>ἦ</strong></span> <span class='ocrx_word' id='word_1_792' title='bbox 1388 5643 1500 5706; x_wconf 87' lang='grc' dir='ltr'>τοῖς</span> <span class='ocrx_word' id='word_1_793' title='bbox 1531 5640 1681 5705; x_wconf 88' lang='grc' dir='ltr'>λαοῖς</span> <span class='ocrx_word' id='word_1_794' title='bbox 1696 5633 1772 5695; x_wconf 78' lang='grc' dir='ltr'>ὧν</span> <span class='ocrx_word' id='word_1_795' title='bbox 1796 5641 1830 5708; x_wconf 84' lang='grc' dir='ltr'>ἠ</span> <span class='ocrx_word' id='word_1_796' title='bbox 1866 5636 2255 5706; x_wconf 86' lang='grc' dir='ltr'>ἀποκλήρωσις</span> 
     </span>
    </p>
   </div>
   <div class='ocr_carea' id='block_1_105' title="bbox 659 5727 2256 5813">
    <p class='ocr_par' dir='ltr' id='par_1_105' title="bbox 659 5727 2256 5813">
     <span class='ocr_line' id='line_1_105' title="bbox 659 5727 2256 5813; baseline -0.011 -13"><span class='ocrx_word' id='word_1_797' title='bbox 659 5746 755 5805; x_wconf 74' lang='grc' dir='ltr'>καὶ</span> <span class='ocrx_word' id='word_1_798' title='bbox 778 5742 1000 5809; x_wconf 80' lang='grc' dir='ltr'>ἐξουσία</span> <span class='ocrx_word' id='word_1_799' title='bbox 1049 5739 1218 5813; x_wconf 85' lang='grc' dir='ltr'>μέχρι</span> <span class='ocrx_word' id='word_1_800' title='bbox 1248 5737 1344 5790; x_wconf 80' lang='grc' dir='ltr'>τοῦ</span> <span class='ocrx_word' id='word_1_801' title='bbox 1376 5734 1472 5791; x_wconf 81' lang='grc' dir='ltr'>νῦν</span> <span class='ocrx_word' id='word_1_802' title='bbox 1505 5735 1727 5805; x_wconf 81' lang='grc' dir='ltr'>ὑπῆρχε</span> <span class='ocrx_word' id='word_1_803' title='bbox 1763 5733 1876 5794; x_wconf 86' lang='grc' dir='ltr'>τοῖς</span> <span class='ocrx_word' id='word_1_804' title='bbox 1907 5727 2256 5800; x_wconf 84' lang='grc' dir='ltr'>Χριστιανῶν</span> 
     </span>
    </p>
   </div>
   <div class='ocr_carea' id='block_1_106' title="bbox 661 5825 2260 5917">
    <p class='ocr_par' dir='ltr' id='par_1_106' title="bbox 661 5825 2260 5917">
     <span class='ocr_line' id='line_1_106' title="bbox 661 5825 2260 5917; baseline -0.011 -23"><span class='ocrx_word' id='word_1_805' title='bbox 661 5841 995 5912; x_wconf 81' lang='grc' dir='ltr'>σκήπτροις,</span> <span class='ocrx_word' id='word_1_806' title='bbox 1034 5833 1133 5906; x_wconf 80' lang='grc' dir='ltr'><strong>ἀφ’</strong></span> <span class='ocrx_word' id='word_1_807' title='bbox 1157 5827 1222 5889; x_wconf 76' lang='grc' dir='ltr'><strong>οὗ</strong></span> <span class='ocrx_word' id='word_1_808' title='bbox 1242 5832 1441 5917; x_wconf 77' lang='grc' dir='ltr'>χρόνον</span> <span class='ocrx_word' id='word_1_809' title='bbox 1474 5834 1584 5896; x_wconf 86' lang='grc' dir='ltr'>τοῖς</span> <span class='ocrx_word' id='word_1_810' title='bbox 1617 5829 1955 5909; x_wconf 80' lang='grc' dir='ltr'>Βουλγάροις</span> <span class='ocrx_word' id='word_1_811' title='bbox 1978 5825 2260 5905; x_wconf 77' lang='grc' dir='ltr'>ἐξεγένετο</span> 
     </span>
    </p>
   </div>
   <div class='ocr_carea' id='block_1_107' title="bbox 2348 5167 3935 5246">
    <p class='ocr_par' dir='ltr' id='par_1_107' title="bbox 2348 5167 3935 5246">
     <span class='ocr_line' id='line_1_107' title="bbox 2348 5167 3935 5246; baseline -0.008 -13"><span class='ocrx_word' id='word_1_812' title='bbox 2348 5193 2418 5233; x_wconf 89' lang='lat' dir='ltr'><strong>ne</strong></span> <span class='ocrx_word' id='word_1_813' title='bbox 2475 5175 2789 5246; x_wconf 88' lang='lat' dir='ltr'><strong>asperneris</strong></span> <span class='ocrx_word' id='word_1_814' title='bbox 2836 5189 2850 5227; x_wconf 86' lang='lat'><strong>:</strong></span> <span class='ocrx_word' id='word_1_815' title='bbox 2896 5171 3118 5245; x_wconf 76' lang='lat' dir='ltr'><strong>vinculo</strong></span> <span class='ocrx_word' id='word_1_816' title='bbox 3169 5178 3222 5226; x_wconf 88' lang='lat' dir='ltr'><strong>te</strong></span> <span class='ocrx_word' id='word_1_817' title='bbox 3278 5170 3516 5241; x_wconf 75' lang='lat' dir='ltr'><strong>figamus</strong></span> <span class='ocrx_word' id='word_1_818' title='bbox 3565 5167 3935 5224; x_wconf 85' lang='lat' dir='ltr'><strong>indissolubili</strong></span> 
     </span>
    </p>
   </div>
   <div class='ocr_carea' id='block_1_108' title="bbox 2356 5260 3933 5341">
    <p class='ocr_par' dir='ltr' id='par_1_108' title="bbox 2356 5260 3933 5341">
     <span class='ocr_line' id='line_1_108' title="bbox 2356 5260 3933 5341; baseline -0.01 -15"><span class='ocrx_word' id='word_1_819' title='bbox 2356 5281 2524 5341; x_wconf 86' lang='lat' dir='ltr'><strong>atque</strong></span> <span class='ocrx_word' id='word_1_820' title='bbox 2550 5266 2809 5324; x_wconf 71' lang='lat' dir='ltr'><strong>ineﬂabili</strong></span> <span class='ocrx_word' id='word_1_821' title='bbox 2839 5267 2892 5320; x_wconf 94' lang='lat' dir='ltr'><strong>in</strong></span> <span class='ocrx_word' id='word_1_822' title='bbox 2925 5264 3106 5329; x_wconf 86' lang='lat' dir='ltr'><strong>Patre,</strong></span> <span class='ocrx_word' id='word_1_823' title='bbox 3138 5272 3191 5318; x_wconf 86' lang='lat' dir='ltr'><strong>et</strong></span> <span class='ocrx_word' id='word_1_824' title='bbox 3212 5262 3356 5318; x_wconf 90' lang='lat' dir='ltr'><strong>Filio</strong></span> <span class='ocrx_word' id='word_1_825' title='bbox 3388 5270 3443 5317; x_wconf 89' lang='lat' dir='ltr'><strong>et</strong></span> <span class='ocrx_word' id='word_1_826' title='bbox 3473 5260 3683 5331; x_wconf 90' lang='lat' dir='ltr'><strong>Spiritu</strong></span> <span class='ocrx_word' id='word_1_827' title='bbox 3720 5266 3933 5321; x_wconf 87' lang='lat' dir='ltr'><strong>sancto,</strong></span> 
     </span>
    </p>
   </div>
   <div class='ocr_carea' id='block_1_109' title="bbox 2354 5361 3937 5430">
    <p class='ocr_par' dir='ltr' id='par_1_109' title="bbox 2354 5361 3937 5430">
     <span class='ocr_line' id='line_1_109' title="bbox 2354 5361 3937 5430; baseline -0.009 -13"><span class='ocrx_word' id='word_1_828' title='bbox 2354 5377 2425 5417; x_wconf 92' lang='lat' dir='ltr'><strong>ne</strong></span> <span class='ocrx_word' id='word_1_829' title='bbox 2450 5361 2563 5430; x_wconf 86' lang='lat' dir='ltr'><strong>jam</strong></span> <span class='ocrx_word' id='word_1_830' title='bbox 2603 5375 2632 5412; x_wconf 92' lang='lat' dir='ltr'><strong>a</strong></span> <span class='ocrx_word' id='word_1_831' title='bbox 2670 5367 2765 5412; x_wconf 92' lang='lat' dir='ltr'><strong>tuo</strong></span> <span class='ocrx_word' id='word_1_832' title='bbox 2796 5371 2961 5427; x_wconf 78' lang='lat' dir='ltr'><strong>regno</strong></span> <span class='ocrx_word' id='word_1_833' title='bbox 2993 5370 3179 5417; x_wconf 83' lang='lat' dir='ltr'><strong>exeas,</strong></span> <span class='ocrx_word' id='word_1_834' title='bbox 3234 5367 3412 5424; x_wconf 89' lang='lat' dir='ltr'><strong>neque</strong></span> <span class='ocrx_word' id='word_1_835' title='bbox 3466 5362 3521 5409; x_wconf 87' lang='lat' dir='ltr'><strong>tu</strong></span> <span class='ocrx_word' id='word_1_836' title='bbox 3553 5366 3732 5422; x_wconf 89' lang='lat' dir='ltr'><strong>neque</strong></span> <span class='ocrx_word' id='word_1_837' title='bbox 3760 5365 3937 5420; x_wconf 89' lang='lat' dir='ltr'><strong>popu-</strong></span> 
     </span>
    </p>
   </div>
   <div class='ocr_carea' id='block_1_110' title="bbox 2355 5446 3940 5515">
    <p class='ocr_par' dir='ltr' id='par_1_110' title="bbox 2355 5446 3940 5515">
     <span class='ocr_line' id='line_1_110' title="bbox 2355 5446 3940 5515; baseline -0.009 -7"><span class='ocrx_word' id='word_1_838' title='bbox 2355 5454 2445 5509; x_wconf 89' lang='lat' dir='ltr'><strong>lus</strong></span> <span class='ocrx_word' id='word_1_839' title='bbox 2474 5463 2642 5515; x_wconf 89' lang='lat' dir='ltr'><strong>tuus;</strong></span> <span class='ocrx_word' id='word_1_840' title='bbox 2680 5464 2820 5504; x_wconf 87' lang='lat' dir='ltr'><strong>neve</strong></span> <span class='ocrx_word' id='word_1_841' title='bbox 2854 5447 3115 5505; x_wconf 85' lang='lat' dir='ltr'><strong>damnum</strong></span> <span class='ocrx_word' id='word_1_842' title='bbox 3147 5455 3242 5501; x_wconf 87' lang='lat' dir='ltr'><strong>aut</strong></span> <span class='ocrx_word' id='word_1_843' title='bbox 3270 5446 3659 5503; x_wconf 88' lang='lat' dir='ltr'><strong>detrimentum</strong></span> <span class='ocrx_word' id='word_1_844' title='bbox 3689 5449 3783 5494; x_wconf 86' lang='lat' dir='ltr'><strong>aut</strong></span> <span class='ocrx_word' id='word_1_845' title='bbox 3809 5455 3940 5511; x_wconf 76' lang='lat' dir='ltr'><strong>cap-</strong></span> 
     </span>
    </p>
   </div>
   <div class='ocr_carea' id='block_1_111' title="bbox 2359 5533 3937 5610">
    <p class='ocr_par' dir='ltr' id='par_1_111' title="bbox 2359 5533 3937 5610">
     <span class='ocr_line' id='line_1_111' title="bbox 2359 5533 3937 5610; baseline -0.008 -12"><span class='ocrx_word' id='word_1_846' title='bbox 2359 5546 2619 5606; x_wconf 75' lang='lat' dir='ltr'><strong>tivitatem</strong></span> <span class='ocrx_word' id='word_1_847' title='bbox 2651 5540 2856 5601; x_wconf 85' lang='lat' dir='ltr'><strong>inferas</strong></span> <span class='ocrx_word' id='word_1_848' title='bbox 2880 5540 2965 5596; x_wconf 88' lang='lat' dir='ltr'><strong>his</strong></span> <span class='ocrx_word' id='word_1_849' title='bbox 2999 5539 3318 5610; x_wconf 80' lang='lat' dir='ltr'><strong>regionibus</strong></span> <span class='ocrx_word' id='word_1_850' title='bbox 3342 5537 3425 5591; x_wconf 84' lang='lat' dir='ltr'><strong>vel</strong></span> <span class='ocrx_word' id='word_1_851' title='bbox 3462 5533 3674 5605; x_wconf 87' lang='lat' dir='ltr'><strong>populis</strong></span> <span class='ocrx_word' id='word_1_852' title='bbox 3702 5545 3937 5601; x_wconf 84' lang='lat' dir='ltr'><strong>quorum</strong></span> 
     </span>
    </p>
   </div>
   <div class='ocr_carea' id='block_1_112' title="bbox 2358 5624 3943 5707">
    <p class='ocr_par' dir='ltr' id='par_1_112' title="bbox 2358 5624 3943 5707">
     <span class='ocr_line' id='line_1_112' title="bbox 2358 5624 3943 5707; baseline -0.01 -15"><span class='ocrx_word' id='word_1_853' title='bbox 2358 5636 2650 5707; x_wconf 88' lang='lat' dir='ltr'><strong>imperium</strong></span> <span class='ocrx_word' id='word_1_854' title='bbox 2700 5647 2877 5704; x_wconf 86' lang='lat' dir='ltr'><strong>usque</strong></span> <span class='ocrx_word' id='word_1_855' title='bbox 2926 5632 3089 5688; x_wconf 88' lang='lat' dir='ltr'><strong>modo</strong></span> <span class='ocrx_word' id='word_1_856' title='bbox 3140 5626 3436 5686; x_wconf 81' lang='lat' dir='ltr'><strong>Christiani</strong></span> <span class='ocrx_word' id='word_1_857' title='bbox 3479 5624 3758 5696; x_wconf 76' lang='lat' dir='ltr'><strong>principes</strong></span> <span class='ocrx_word' id='word_1_858' title='bbox 3795 5624 3943 5679; x_wconf 86' lang='lat' dir='ltr'><strong>obti-</strong></span> 
     </span>
    </p>
   </div>
   <div class='ocr_carea' id='block_1_113' title="bbox 2357 5714 3945 5797">
    <p class='ocr_par' dir='ltr' id='par_1_113' title="bbox 2357 5714 3945 5797">
     <span class='ocr_line' id='line_1_113' title="bbox 2357 5714 3945 5797; baseline -0.011 -11"><span class='ocrx_word' id='word_1_859' title='bbox 2357 5737 2619 5791; x_wconf 87' lang='lat' dir='ltr'><strong>nuerunt,</strong></span> <span class='ocrx_word' id='word_1_860' title='bbox 2641 5742 2706 5783; x_wconf 82' lang='lat' dir='ltr'><strong>ex</strong></span> <span class='ocrx_word' id='word_1_861' title='bbox 2730 5742 2840 5797; x_wconf 91' lang='lat' dir='ltr'><strong>quo</strong></span> <span class='ocrx_word' id='word_1_862' title='bbox 2859 5741 2954 5797; x_wconf 89' lang='lat' dir='ltr'><strong>per</strong></span> <span class='ocrx_word' id='word_1_863' title='bbox 2974 5722 3386 5780; x_wconf 85' lang='lat' dir='ltr'><strong>immaculatum</strong></span> <span class='ocrx_word' id='word_1_864' title='bbox 3407 5718 3678 5789; x_wconf 86' lang='lat' dir='ltr'><strong>baptisma</strong></span> <span class='ocrx_word' id='word_1_865' title='bbox 3698 5714 3945 5785; x_wconf 64' lang='lat' dir='ltr'><strong>Bulgari;</strong></span> 
     </span>
    </p>
   </div>
   <div class='ocr_carea' id='block_1_114' title="bbox 2359 5805 3933 5905">
    <p class='ocr_par' dir='ltr' id='par_1_114' title="bbox 2359 5805 3933 5905">
     <span class='ocr_line' id='line_1_114' title="bbox 2359 5805 3933 5905; baseline -0.013 -23"><span class='ocrx_word' id='word_1_866' title='bbox 2359 5805 2588 5905; x_wconf 73' lang='lat' dir='ltr'><strong>contigit</strong></span> <span class='ocrx_word' id='word_1_867' title='bbox 2614 5818 2891 5887; x_wconf 75' lang='lat' dir='ltr'><strong>Christum</strong></span> <span class='ocrx_word' id='word_1_868' title='bbox 2911 5825 2965 5883; x_wconf 79' lang='lat' dir='ltr'><strong>et</strong></span> <span class='ocrx_word' id='word_1_869' title='bbox 2993 5818 3373 5881; x_wconf 77' lang='lat' dir='ltr'><strong>universorum</strong></span> <span class='ocrx_word' id='word_1_870' title='bbox 3397 5809 3569 5866; x_wconf 89' lang='lat' dir='ltr'><strong>Deum</strong></span> <span class='ocrx_word' id='word_1_871' title='bbox 3611 5820 3933 5887; x_wconf 62' lang='lat' dir='ltr'><strong>agnoscere,</strong></span> 
     </span>
    </p>
   </div>
  </div>
