4178 6416
453 337 523 398 ’Μ
1589 337 1898 395 ΝΠΣΟΙΛΙ
1944 337 2055 400 CP.

2164 332 2616 395 \TRlAllClle
3678 325 3748 389 ΡΟ

456 456 623 511 atque
675 439 884 498 foedera
955 442 1095 499 inter
1155 443 1439 500 Romanos
1484 454 1540 501 et
1596 446 1857 514 Bulgaros
1909 448 2044 500 inita

2164 443 2239 497 Βιὰ
2300 444 2395 497 τοῦ
2456 443 2847 513 παναχράντου
2918 439 3299 510 βαπτίσματος
3356 437 3746 510 τὸνΧριστὸν

458 535 744 605 utriusque
773 536 1064 606 potestatis
1088 537 1225 592 lines
1248 537 1774 593 determinaverunt.
1796 537 2049 592 Misimus

2155 536 2251 589 aceti
2281 535 2418 588 Θεὸν
2439 534 2550 588 τῶν
2594 535 2739 588 ὅλων
2772 531 3097 601 ἐπιγνῶναι,
3133 532 3230 585 καί
3269 530 3341 584 τά
3395 528 3746 602 γεγενημένα

457 626 638 681 autem
665 626 731 682 ad
764 634 838 694 te,
868 628 963 694 ﬁli,
996 644 1105 683 non
1127 639 1186 683 ut
1221 630 1451 695 donum,
1486 632 1578 686 sed
1612 640 1670 686 ut
1694 631 2049 686 mediatorem

2164 628 2277 683 τότε
2312 628 2582 697 σύμφωνα
2601 627 2711 681 τῶν
2737 644 2794 679 τε
2832 624 3126 695 Ῥωμαίων
3155 628 3248 679 καὶ
3280 624 3614 695 Βουλγάρων
3649 618 3751 695 τὴν

457 728 626 788 atque
651 719 951 786 vindicem,
983 731 1229 777 nostram
1266 724 1741 791 exhortationem;
1768 724 1973 779 Christi
1998 732 2053 779 et

458 808 553 865 Dei
604 811 779 867 nostri
832 812 1020 868 divina
1084 817 1303 888 eloquia
1348 815 1413 872 ad
1460 832 1558 873 cor
1588 826 1742 873 tuum
1795 818 2050 874 misimus

455 903 702 973 prudens
749 915 826 971 et,
862 916 921 961 ut
944 908 1247 975 arbritror,
1283 921 1654 976 mansuetum,
1689 912 1906 967 etiamsi
1936 912 2053 967 dia—

458 994 569 1050 holi
593 994 852 1052 scandala
884 994 1016 1054 illud
1053 1000 1533 1069 exacerbaverint;
1560 1002 1765 1073 quibus
1792 1013 2050 1073 tanquam

456 1086 527 1141 ob
557 1087 749 1145 oculos
781 1088 988 1145 habens
1016 1090 1163 1147 illius
1194 1093 1466 1148 salutares
1512 1094 1799 1163 passiones
1833 1094 2055 1163 sangui-

458 1193 700 1251 nemque
750 1197 968 1236 sacrum
1004 1198 1104 1252 pro
1135 1184 1324 1238 mundi
1364 1199 1500 1254 pace
1530 1184 1786 1250 effusum,
1817 1201 1924 1240 non
1958 1186 2051 1238 de-

459 1271 761 1341 dignabere.
815 1282 970 1329 meos
1013 1284 1329 1336 sermones,
1374 1275 1468 1330 sed
1511 1276 1764 1346 recipies,
1793 1285 2054 1346 tanquam

461 1360 608 1416 ﬁlius
624 1370 836 1432 patrem
861 1364 1162 1430 honoraris,
1191 1370 1413 1423 nostras
1435 1366 1865 1433 cohortationes,
1892 1378 2057 1439 alque

461 1453 663 1508 sarculo
686 1454 996 1524 exenrplum
1024 1457 1311 1527 relinques
1340 1460 1390 1512 iu
1416 1457 1647 1528 gloriam
1676 1461 1859 1531 magni
1888 1458 1980 1516 Dei
2004 1470 2057 1516 et

461 1545 766 1602 Salvatoris
798 1549 994 1614 nostri,
1027 1550 1079 1603 in
1113 1550 1332 1605 laudem
1363 1566 1584 1622 quoque
1617 1553 1718 1613 lui,
1753 1564 1810 1607 et
1833 1596 1847 1613 .
1875 1555 1919 1609 si
1950 1554 2054 1619 vis,

457 1642 636 1695 dicam
671 1643 805 1708 mei,
833 1656 899 1699 ac
930 1645 983 1698 in
1022 1645 1367 1714 gloriationls
1396 1650 1683 1702 materiam
1722 1651 1856 1704 mihi
1878 1693 1892 1712 ,
1915 1667 2055 1720 quo-

2161 719 2521 790 ἐπικράτειαν
2548 717 2856 789 διορίζοντα
2892 714 3356 788 συμπεφώνηται.
3396 716 3768 772 Ἀπεστείλα-⁴

2159 829 2260 883 μεν
2303 812 2360 865 δέ
2398 811 2498 882 οὐχ
2557 812 2634 876 ὡς
2685 810 2884 882 δῶρον,
2935 810 3053 865 ἀλλ’
3115 810 3190 875 ὡς
3253 810 3483 881 μεσίτην
3532 812 3627 866 καὶ
3677 812 3755 863 οἰ-

2157 906 2417 960 κειοῦντα
2448 905 2549 977 τὴν
2580 904 2760 976 ἡμῶν,
2789 906 2986 958 τέκνον
3020 905 3176 974 ἐμὸν,
3210 902 3542 975 παραίνεσιν
3586 907 3655 976 τῇ
3683 906 3750 975 σῇ

2157 999 2399 1071 φρονίμη
2426 999 2520 1052 καὶ
2554 998 2781 1070 πραείᾳ,
2827 999 2903 1061 ὡς
2950 997 3063 1066 ἐγὼ
3120 997 3408 1068 πείθομαι,
3449 997 3673 1069 καρδίᾳ,
3705 998 3755 1049 εἰ

2157 1093 2251 1147 καὶ
2276 1094 2343 1147 τά
2375 1093 2471 1149 τοῦ
2522 1093 2763 1164 πονηροῦ
2798 1091 3075 1147 σκάνδαλα
3130 1090 3345 1161 ταύτην
3397 1091 3753 1161 ἐξετράχυνε,

2157 1187 2229 1239 τὰ
2261 1186 2382 1240 θεῖα
2405 1183 2502 1240 τοῦ
2558 1185 2804 1254 Χριστοῦ
2859 1187 2956 1239 καὶ
2998 1184 3135 1239 Θεοῦ
3197 1203 3301 1253 μου
3336 1184 3533 1253 λόγια·
3574 1184 3642 1237 δι’
3677 1176 3755 1237 ὧν

2158 1276 2348 1347 ὥσπερ
2374 1278 2431 1329 ἐν
2454 1275 2761 1347 ὀφθαλμοῖς
2793 1276 2935 1347 ἔχων
2985 1276 3055 1329 τά
3083 1276 3297 1330 ἐκείνου
3349 1276 3596 1347 σωτήρια
3644 1274 3756 1328 τῶν

2159 1369 2468 1442 ἀνθρώπων
2525 1370 2699 1442 πάθη,
2734 1372 2795 1425 τὸ
2834 1370 3049 1425 ἐκείνου
3099 1369 3342 1424 κενωθέν
3396 1369 3552 1439 ἅγιον
3614 1356 3755 1440 αἷμα

2160 1465 2301 1535 ὑπὲρ
2332 1466 2562 1537 εἰρήνης
2584 1466 2679 1519 τοῦ
2723 1465 2953 1534 κόσμου,
2992 1465 3066 1537 μὴ
3096 1466 3223 1530 τοὺς
3269 1465 3439 1534 ἐμοὺς
3469 1462 3756 1534 ἀτιμάσῃς

2162 1556 2383 1627 λόγους,
2420 1556 2559 1612 ἀλλὰ
2590 1557 2742 1623 δέξαι
2786 1559 2862 1622 ὡς
2893 1560 3089 1612 τέκνον
3121 1560 3290 1629 τιμᾷν
3325 1558 3563 1628 πατέρα,
3598 1556 3758 1620 είδὼς

2161 1650 2262 1714 τὰς
2304 1650 2585 1722 ἡμετέρας
2641 1652 3023 1722 παραινέσεις,
3080 1653 3175 1705 καὶ
3230 1651 3498 1704 κατάλιπε
3546 1649 3624 1722 τῷ
3657 1647 3758 1719 βίῳ

459 1733 606 1786 niam
656 1732 826 1787 lilium
886 1735 1170 1790 habuerim
1198 1734 1430 1792 docilem
1478 1755 1719 1811 memque
1760 1744 2059 1797 senectutis

2165 1733 2528 1817 ’παράδειγμα
2566 1747 2646 1809 εἰς
2697 1745 2859 1811 δόξαν
2912 1744 3013 1813 μὲν
3070 1743 3164 1797 τοῦ
3216 1742 3457 1814 μεγάλου
3494 1742 3630 1796 Θεοῦ
3665 1742 3760 1796 καὶ

393 1862 397 1866 μ
465 1835 874 1893 veneratorem,
911 1830 1005 1900 qui
1040 1831 1317 1886 scandulis
1354 1832 1585 1889 funestis
1610 1843 1775 1903 atque
1798 1835 2055 1902 pessimis

2164 1836 2413 1907 Σωτῆρος
2455 1836 2634 1906 ἡμῶν,
2674 1834 2754 1901 εἰς
2815 1837 3081 1908 καύχημα
3108 1837 3164 1889 δὲ
3216 1835 3331 1901 σὸν,
3368 1834 3548 1905 βούλει
3587 1832 3756 1903 λέγω,

462 1936 492 1973 a
528 1916 752 1975 diabolo
785 1920 926 1976 forte
956 1925 1199 1979 evocatis
1250 1936 1593 1996 accensoque
1639 1926 2051 1997 inextinguibili

2164 1930 2249 1982 καὶ
2272 1930 2332 1983 τὸ
2368 1928 2520 2000 ἐμὸν.
2559 1930 2653 1984 καὶ
2704 1931 2786 1993 είς
2828 1928 3225 2000 σεμνολόγημα
3250 1928 3375 1998 ἐμοί⁵
3398 1967 3413 1991 ,
3445 1928 3529 1981 ὅτι
3576 1924 3759 1980 τοιοῦ-

464 2011 743 2078 inccndio,
768 2013 978 2070 nefario
997 2013 1232 2070 daemoni
1258 2026 1364 2071 non
1387 2018 1634 2088 per-irrisit
1674 2018 1929 2073 incendio
1947 2034 1976 2072 a
1995 2034 2055 2075 se

2164 2041 2248 2077 τον
2273 2022 2431 2093 έσχον
2464 2024 2578 2077 υἱὸν
2598 2024 2831 2093 εὐπειθῆ
2850 2023 2946 2077 καὶ
2969 2024 3068 2095 τὴν
3094 2022 3234 2093 ἐμὴν
3258 2021 3451 2076 πολιὰν
3478 2020 3754 2091 τιμῶντα,

465 2118 703 2162 accenso
745 2107 957 2162 diutius
993 2107 1239 2179 gioriari,
1270 2111 1364 2165 sed
1395 2112 1628 2167 senioris
1659 2112 1833 2181 patris
1874 2110 2055 2184 lacry-

2164 2116 2220 2180 ὃς
2252 2133 2385 2169 ποτε
2423 2117 2519 2170 τοῦ
2552 2118 2798 2189 πονηροῦ
2845 2114 3104 2185 δαίμονος
3134 2115 3416 2170 σκάνδαλα
3467 2114 3622 2168 δεινὰ
3663 2112 3762 2166 καὶ

465 2195 571 2249 mis
607 2195 1011 2266 gemitibusQue
1040 2211 1095 2253 et
1126 2200 1412 2256 doloribus
1473 2204 1671 2258 cedens
1695 2244 1710 2269 ,
1741 2209 2059 2258 mansuetu-

2164 2210 2399 2281 μέγιστα
2452 2202 2814 2280 ἐμϐαλόντος,
2844 2210 2943 2263 καὶ
2976 2209 3191 2273 τούτοις
3224 2208 3419 2277 ὥσπερ
3474 2206 3762 2277 πυρκαϊάν

462 2287 580 2341 dini
599 2296 656 2343 et
677 2284 1040 2347 moderationi
1062 2293 1130 2347 de
1154 2295 1325 2348 animi
1360 2296 1729 2351 amaritudine
1769 2298 2055 2353 victoriam

2164 2306 2575 2375 ἀναφλέξαντος
2602 2306 3034 2371 ἀκατάσὸεστον,
3066 2305 3167 2358 οὐκ
3215 2305 3418 2357 ἔδωκεν
3467 2301 3653 2374 χώραν
3683 2298 3763 2370 τῷ

457 2381 759 2448 witeessit,
796 2393 961 2453 atque
1000 2385 1187 2442 cordis
1221 2389 1401 2457 ignem
1435 2390 1816 2460 exstinguens,
1851 2392 1975 2447 belli
2005 2401 2061 2447 et

2164 2399 2388 2468 πονηρῷ
2418 2396 2635 2470 δαίμονι
2683 2399 2777 2451 ἐπὶ
2810 2399 2947 2452 πολὺ
2983 2396 3365 2466 ἐγκαυχᾶσθαι
3391 2398 3457 2466 τῇ
3491 2392 3621 2463 παρ’
3664 2394 3763 2447 αὖ·

464 2484 659 2541 ρηεηαι
708 2476 852 2531 mala
890 2477 944 2531 in
986 2492 1214 2547 pacem,
1246 2480 1597 2536 dilectionem
1656 2494 1711 2539 et
1757 2484 2057 2539 amicitiam

2164 2493 2259 2546 τοῦ
2282 2490 2580 2566 ἐξαφθείσῃ
2607 2494 2886 2564 πυρκαιᾷ·
2928 2491 3063 2546 ἀλλὰ
3098 2490 3361 2561 γέροντος
3388 2487 3595 2557 πατρὸς
3644 2487 3764 2550 τοῖς

465 2569 851 2623 commutavit.
914 2569 1075 2626 Faxit
1137 2570 1300 2635 Deus,
1358 2573 1404 2629 si
1452 2587 1628 2644 usque
1679 2575 1844 2631 modo
1900 2578 2059 2647 (proh
2163 2584 3431 2657 δάκρυσιπροσχὼνκαὶτοῖςόὅυρμοῖςκαὶτοῖς
3455 2582 3762 2654 ἀλγήμασι,

466 2659 673 2716 diaboli
705 2663 1082 2734 malignitas!)
1108 2678 1217 2718 non
1242 2666 1372 2720 sivit
1399 2665 1716 2722 inviolatam
1748 2668 1919 2723 fuisse
1939 2685 2059 2724 eam

2168 2679 2247 2748 τῷ
2272 2679 2435 2749 πράῳ
2453 2679 2549 2732 καὶ
2583 2679 2825 2731 ἐπιεικεῖ
2851 2678 3021 2730 ἔδωκε
3062 2676 3284 2746 νικῆσαι
3312 2675 3413 2743 τῆς
3448 2673 3630 2745 ψυχῆς
3663 2672 3762 2743 τὴν

466 2766 694 2822 pacem,
733 2754 932 2809 aniodo
995 2754 1111 2809 fore
1166 2758 1237 2810 ab
1284 2756 1434 2811 omni
1487 2757 1691 2813 damno
1741 2768 1904 2829 atque
1953 2762 2066 2815 disc

466 2846 726 2900 sensione
777 2846 1156 2913 incolumem,
1211 2849 1594 2921 dmmonisque
1666 2852 1888 2907 invidia:
1952 2869 2062 2910 non

465 2942 762 2995 obnoxiam
790 2982 804 3004 ,
828 2934 924 2997 sed
957 2944 1228 2997 lirmatam
1264 2945 1522 2999 ﬁrmitate
1544 2945 1697 3016 pacis
1731 2946 1876 3001 illius
1898 2963 2061 3016 quam

2168 2768 2420 2841 πικρίαν,
2440 2770 2534 2822 καὶ
2550 2769 2610 2822 τὸ
2630 2770 2742 2839 πῦρ
2768 2762 3081 2831 ἀποσϐέσας
3101 2766 3194 2820 τοῦ
3214 2765 3414 2835 θυμοῦ,
3432 2765 3502 2818 τὰ
3529 2765 3627 2836 τῆς
3660 2764 3763 2835 μά-

2172 2879 2277 2932 χης
2304 2860 2518 2931 χαλεπὰ
2546 2862 2640 2914 καὶ
2672 2861 2766 2914 τοῦ
2797 2860 3062 2927 πολέμου,
3091 2858 3396 2929 μετέϐαλεν
3418 2858 3499 2921 είς
3536 2858 3765 2929 εἰρήνην

2174 2955 2271 3007 καὶ
2295 2952 2526 3023 ἀγάπην
2551 2954 2647 3007 καὶ
2679 2954 2887 3023 φιλίαν.
2916 2955 3019 3007 Ἤν
3052 2953 3326 3025 παράσχοι
3366 2949 3522 3018 Θεὸς,
3576 2951 3625 3004 εἰ
3670 2951 3767 3004 καὶ

465 3032 692 3097 reliquit
719 3032 994 3100 Christus,
1016 3034 1160 3089 Deus
1182 3041 1369 3090 noster
1384 3044 1437 3091 et
1454 3035 1635 3100 Pater,
1656 3036 1725 3091 iis
1758 3037 1854 3106 qui
1888 3039 2063 3108 ipsum

2172 3045 2335 3117 μέχρι
2366 3045 2459 3099 τοῦ
2492 3046 2610 3112 νῦν,
2639 3045 2740 3115 φεῦ
2777 3046 2878 3117 τῆς
2912 3045 3005 3100 τοῦ
3052 3045 3294 3118 πονηροῦ
3327 3044 3597 3115 ἐπηρείας
3622 3043 3635 3096 ἰ
3665 3044 3768 3096 ούκ

467 3121 680 3177 Patrem
711 3124 1048 3180 conﬁtentur
1073 3136 1129 3181 et
1155 3128 1385 3198 gloriam
1435 3127 1556 3198 ejus
1600 3136 1769 3199 atque
1790 3128 2070 3185 heredita-

2171 3138 2388 3209 ἀφῆκεν
2409 3141 2847 3213 ἀνεπηρέαστον,
2866 3136 2980 3194 ἀλλ’
3004 3139 3116 3195 ἀπό
3143 3157 3205 3209 γε
3234 3140 3330 3194 τοῦ
3358 3138 3628 3212 παρόντος
3648 3139 3768 3191 δια-

465 3225 572 3270 ιιτιιι
605 3216 951 3275 desiderant.

2085 3223 2126 3279 ϐ
2157 3232 2379 3286 τελέσαι
2416 3233 2698 3305 ἀνωτέραν
2724 3233 2896 3304 αὐτὴν
2926 3233 3109 3304 πάσης
3143 3234 3345 3305 βλάϐης
3372 3234 3468 3287 καὶ
3501 3233 3753 3304 διχοστα-

468 3311 613 3373 σίας,
636 3310 733 3363 καί
764 3309 858 3364 τοῦ
891 3310 1087 3382 φθόνου
1118 3311 1214 3367 τοῦ
1242 3312 1496 3385 δαίμονος
1523 3314 1811 3385 κρείττονα
1850 3314 2239 3391 διαμένουσαν,
2278 3327 2374 3379 καὶ
2407 3326 2932 3397 κατησφαλισμένην
2957 3328 3023 3397 τῇ
3090 3325 3365 3398 ἀσφαλείᾳ
3392 3325 3494 3393 τῆς
3526 3326 3754 3395 εἰρήνης

467 3403 705 3473 ἐκείνης,
734 3404 805 3477 ἢν
859 3406 1154 3459 κατέλιπεν
1174 3409 1202 3461 ὸ
1236 3405 1473 3478 Χριστὸς
1503 3409 1596 3462 καί
1617 3408 1752 3474 Θεὸς
1788 3408 1967 3482 ἡμῶν,
1996 3414 2095 3467 καὶ
2130 3417 2347 3489 Πατὴρ,
2381 3420 2495 3482 τοῖς
2524 3416 2882 3488 ὁμολογοῦσιν
2925 3417 3090 3471 αὑτὸν
3128 3416 3376 3490 Πατέρα,
3404 3414 3500 3471 καί
3530 3416 3628 3488 τὴν
3662 3416 3762 3471 αὐ.

466 3498 562 3552 τοῦ
588 3497 916 3553 ἐπιποθοῦσι
946 3498 1106 3568 δόξαν
1144 3500 1240 3556 καὶ
1276 3500 1666 3573 κληρονομίαν.

542 3597 778 3653 Litteras
817 3598 911 3668 qui
950 3598 1212 3669 portabit,
1246 3598 1333 3653 ille
1360 3608 1450 3654 tua
1482 3599 1865 3657 benevolentia
1910 3600 2063 3657 frua-

2263 3604 2323 3657 'D
2356 3602 2412 3656 δέ
2442 3601 2538 3657 τοῦ
2590 3600 2924 3675 γράμματος
2971 3605 3354 3677 ἆποκομιστὴι,
3400 3607 3772 3664 ἁπολαυσάτω

469 3704 580 3759 tor,
613 3702 667 3747 et
705 3694 926 3764 quidem
960 3688 1032 3749 ob
1076 3708 1234 3749 suam
1272 3693 1531 3749 virtutem
1574 3712 1587 3749 :
1633 3712 1777 3751 unus
1807 3696 1953 3751 enim
1985 3703 2063 3752 est

2167 3689 2265 3770 τῆς
2293 3698 2390 3769 σῆς
2414 3699 2734 3762 ἐπιεικείας,
2760 3698 2916 3752 τοῦτο
2932 3694 3031 3770 μὲν
3046 3700 3133 3754 διά
3153 3688 3249 3771 τὴν
3275 3700 3588 3772 προσοῦσαν
3617 3702 3771 3775 αὐτῷ

466 3796 532 3841 ex
564 3785 777 3859 Olympi
807 3785 1030 3852 ascetis,
1066 3783 1190 3841 ﬁdei
1218 3795 1400 3841 tamen
1434 3787 1662 3843 verbum
1697 3791 1839 3842 inter
1867 3787 2071 3844 Alanos

471 3882 526 3936 in
565 3881 765 3935 Virtute
798 3879 1039 3950 Spiritus
1073 3881 1249 3937 sancti
1286 3879 1687 3945 disseminavit,
1711 3889 1877 3950 atque
1900 3894 1929 3934 a
1961 3878 2069 3935 Deo

472 3973 683 4043 accepit
716 3973 918 4030 divinis
953 3972 1217 4044 apostolis
1252 3973 1399 4028 haud
1431 3974 1609 4044 impar
1653 3974 2020 4030 ministerium
2051 3991 2066 4040 ;

472 4080 596 4139 quae
617 4069 752 4123 satis
782 4075 911 4122 sunt
944 4066 1011 4123 ad
1039 4066 1446 4123 conciliandum
1479 4082 1604 4123 eum
1666 4076 1830 4138 atque
1878 4067 2072 4123 unicu-

473 4164 604 4218 dum
640 4162 966 4218 veneranda:
995 4168 1103 4217 tua:
1133 4160 1408 4232 majeStati
1440 4179 1455 4229 ;
1499 4166 1554 4217 et
1585 4162 1629 4217 si
1656 4177 1764 4233 qua
1786 4171 1866 4216 est
1896 4162 2070 4216 nostri

476 4257 616 4327 apud
638 4267 691 4311 te
717 4254 881 4319 ratio,
906 4270 1028 4311 esse
1047 4262 1231 4309 autem
1252 4269 1365 4310 non
1393 4254 1528 4310 mihi
1548 4255 1779 4311 dubium
1796 4264 1900 4322 est,
1925 4254 1997 4310 ob
2018 4256 2071 4311 id

473 4356 698 4420 quoque
736 4358 827 4404 tua
865 4346 976 4403 frui
1013 4346 1397 4403 benevolentia
1440 4347 1640 4417 dignus
1670 4348 1956 4411 habeatur,
1990 4354 2073 4401 at-

2172 3791 2395 3861 ἀρετὴν,
2429 3791 2524 3844 καί
2538 3792 2646 3861 γάρ
2665 3791 2693 3845 ὀ
2712 3791 3000 3863 ἄνθρωπός
3024 3793 3141 3846 ἐστι
3162 3792 3263 3862 μὲν
3294 3788 3401 3847 τῶν
3422 3795 3480 3849 ἐν
3506 3793 3772 3866 Ὀλύμπῳ

2170 3881 2428 3952 ἀσκητῶν
2465 3881 2905 3953 καθηγούμενος,
2936 3884 2999 3937 οὗ
3036 3885 3141 3955 μὲν
3174 3884 3313 3940 ἀλλὰ
3345 3887 3440 3940 καὶ
3468 3886 3560 3940 τὸν
3608 3886 3770 3955 λόγον

2168 3977 2271 4045 τῆς
2296 3974 2537 4039 πίστεως
2587 3977 2646 4029 ἐν
2683 3976 2934 4040 Ἀλανοῖς
2971 3970 3130 4041 οὗτος
3182 3978 3239 4031 ἐν
3287 3980 3354 4049 τῇ
3413 3979 3645 4050 δυνάμει
3676 3980 3770 4035 τοῦ

2173 4065 2444 4134 παναγίου
2499 4064 2727 4139 ἔσπειρε
2765 4066 3107 4139 Πνεύματος,
3159 4066 3253 4123 καί
3313 4068 3405 4122 ίσα
3442 4072 3557 4133 τοῖς
3605 4069 3774 4136 θείοις

2172 4158 2503 4224 ἀποστόλοις
2538 4159 2928 4232 λειτουργῆσαι
2972 4160 3128 4231 παρά
3176 4161 3315 4217 Θεοῦ
3370 4164 3775 4237 ἀποκεκλήρω-

2171 4268 2283 4307 ται.
2330 4255 2488 4307 Ἐστι
2519 4254 2618 4324 μὲν
2649 4254 2745 4309 οῦν
2785 4255 2958 4308 ταῦτα
2986 4255 3222 4326 μέγιστα
3251 4256 3389 4328 πρὸς
3426 4258 3487 4311 τὸ
3508 4258 3773 4329 συστῆσαι

2176 4347 2341 4401 αὐτὸν
2374 4347 2470 4401 καὶ
2498 4347 2804 4410 οἰκειῶσαι,
2830 4347 3023 4402 τέκνον
3050 4348 3232 4419 ἡμῶν,
3271 4351 3338 4422 τῇ
3370 4352 3438 4423 σῇ
3463 4349 3776 4423 θεοτιμήτῳ

473 4459 581 4512 que
596 4444 762 4498 citius
787 4444 853 4498 ad
878 4457 980 4497 nos
1002 4449 1333 4498 revertatur.
1360 4441 1509 4498 Bene
1528 4441 1799 4497 valentem
1822 4450 1875 4496 te
1893 4448 2063 4495 servet

2174 4438 2397 4510 ἐξουσίᾳ
2418 4456 2430 4471 ·
2469 4440 2517 4493 εἰ
2544 4439 2599 4492 δέ
2628 4439 2713 4502 τίς
2737 4442 2875 4504 ἐστι,
2905 4439 3001 4493 καὶ
3046 4441 3209 4513 ἡμῶν
3262 4442 3413 4515 παρὰ
3459 4444 3545 4496 σοὶ
3591 4442 3771 4513 λόγος,

474 4536 731 4591 Christus
767 4534 910 4589 Deus
933 4544 1124 4591 noster
1152 4543 1209 4590 et
1238 4543 1423 4590 mente
1457 4542 1513 4590 et
1556 4548 1788 4604 corpore
1810 4573 1826 4597 ,
1861 4533 2063 4603 tibique

2178 4532 2278 4585 οὐκ
2316 4530 2646 4601 ἀμφιϐάλλω
2697 4529 2755 4584 δέ
2787 4531 3004 4597 πάντως
3054 4533 3137 4588 ὅτι
3182 4534 3327 4601 ἐστὶ,
3362 4537 3455 4591 καὶ
3499 4535 3588 4591 διὰ
3616 4536 3779 4589 τοῦτο

476 4629 569 4684 det
619 4643 682 4682 ea
714 4628 983 4699 cogitare,
1016 4640 1214 4683 curare
1245 4634 1302 4682 et
1331 4640 1497 4696 agere
1534 4641 1659 4697 qua:
1694 4638 1747 4681 te
1790 4626 1847 4680 in
1892 4624 2063 4680 t‘uturc

2177 4623 2469 4696 ἀξιωθήτω
2514 4628 2616 4698 τῆς
2660 4626 2761 4697 σῆς
2814 4627 3122 4693 ἐπιεικείας
3181 4628 3517 4696 ἀπολαῦσαι,
3549 4629 3646 4684 καὶ
3686 4629 3777 4684 διὰ

476 4722 682 4777 smculo
739 4721 889 4777 illius
916 4721 1104 4792 gloriae
1138 4717 1410 4776 hteredem
1472 4717 1699 4783 faciant,
1740 4718 2063 4776 beatissima

2179 4718 2382 4789 τάχους
2437 4718 2541 4792 τὴν
2599 4719 2739 4791 πρὸς
2790 4714 2942 4791 ημᾶς
2997 4722 3355 4777 ἐπανέλευσιν
3418 4722 3774 4794 ποιήσασθαι.

477 4814 685 4885 gloriae,
735 4815 1035 4893 suavisque
1096 4812 1423 4884 voluptatis,
1457 4824 1581 4868 cum
1631 4809 1776 4867 Deus
1805 4812 1949 4866 inter
1981 4825 2063 4865 eos

2191 4813 2541 4883 Ἒρῤωμένον
2597 4822 2659 4866 σε
2714 4812 2942 4881 φυλάξοι
2994 4814 3233 4885 Χριστὸς
3263 4816 3450 4879 όΘεὸς
3497 4814 3656 4886 ἡμῶν
3681 4815 3779 4870 καὶ

475 4908 570 4978 qui
624 4908 731 4964 sibi
770 4908 1102 4979 placuerint,
1140 4907 1357 4963 medius
1410 4915 1603 4971 stans,
1648 4904 1759 4961 illis
1811 4912 2063 4976 tanquam

2175 4898 2324 4975 ψυχῇ
2364 4904 2463 4958 καὶ
2498 4904 2738 4975 σώματι,
2764 4905 2952 4959 ἐκεῖνα
2993 4906 3089 4960 καὶ
3124 4907 3430 4977 φρονοῦντα
3467 4908 3565 4962 καὶ
3614 4907 3779 4980 μελε-

476 5000 584 5055 diis
615 4998 1065 5070 incorruptibiles
1106 4998 1334 5055 delicias
1383 4998 1698 5055 distribuet.

2177 4997 2359 5051 τῶντα
2415 4998 2511 5051 καὶ
2542 4996 2877 5063 πράττοντα,
2932 4996 3035 5051 ὅσα
3090 5000 3147 5051 ἐν
3187 4998 3268 5072 τῷ
3319 5000 3573 5072 μέλλοντι
3617 4998 3779 5054 αἰῶνι

476 5100 578 5172 τῆς
610 5099 826 5155 ἐκείνου
857 5099 1200 5171 κληρονόμον
1258 5099 1601 5171 καταστήσοι
1630 5096 1812 5168 δόξης,
1849 5099 1953 5169 τῆς
1980 5096 2152 5158 ὅντως
2216 5092 2499 5167 μακαρίας
2563 5092 2724 5162 δόξης
2757 5092 2856 5145 καὶ
2925 5092 3169 5168 τερπνῆς
3232 5094 3518 5162 γλυκείας,
3558 5095 3646 5147 ὅτε
3669 5084 3779 5146 τῶν

478 5196 975 5269 εὐαρεστησάντων
1024 5194 1175 5267 αὑτῷ
1209 5196 1267 5251 ἐν
1310 5193 1464 5267 μέσῳ
1519 5192 1653 5256 Θεὸς
1710 5190 1788 5246 ὢν
1816 5190 1892 5256 ὡς
1926 5189 2071 5255 θεοῖς
2104 5187 2515 5260 καθιστάμενος
2557 5185 2656 5251 τὰς
2702 5185 2969 5260 διανομὰς
3039 5188 3270 5263 παρέξει
3340 5190 3450 5246 τῶν
3480 5189 3781 5263 ἀφθάρτων

479 5292 862 5350 ἀπολαύσεων.

1046 5429 1117 5485 X.
1152 5430 1234 5484 Ad
1258 5428 1520 5485 eumdem.

2786 5422 2823 5478 l'
2833 5464 2848 5479 .
2888 5424 2970 5489 Τῷ
3015 5422 3177 5488 αὐτῷ
3189 5462 3205 5477 .

555 5570 771 5627 Dictum
802 5560 935 5625 illud
966 5582 1145 5639 ipsum
1180 5567 1325 5637 quod
1357 5565 1412 5621 in
1441 5565 1621 5636 capite
1660 5574 1764 5620 tua:
1803 5564 2083 5635 prmclarae

486 5675 649 5735 atque
699 5662 963 5735 sapientis
1002 5661 1248 5733 epistola:
1292 5659 1549 5731 posuisti,
1584 5674 1685 5731 ego
1726 5674 1946 5731 quoque
1994 5657 2085 5713 hic

486 5756 541 5811 in
588 5756 768 5825 capite
818 5768 986 5825 pono,
1041 5752 1115 5808 tili
1160 5753 1256 5818 mi,
1292 5753 1337 5809 si
1376 5763 1553 5807 tamen
1590 5751 1759 5806 ﬁlium
1797 5749 2085 5805 nemiuare

483 5858 719 5921 oportet,
742 5849 834 5920 qui
866 5857 1075 5918 patrem
1102 5847 1304 5918 injuria
1348 5845 1544 5914 allicit;
1580 5855 1734 5916 pater
1774 5853 1954 5900 tamen
1987 5843 2084 5901 tibi

2258 5564 2399 5619 Αὐτὸ
2450 5562 2608 5618 τοῦτο
2665 5560 2764 5633 τῆς
2810 5561 2987 5631 καλῆς
3026 5560 3121 5614 καί
3156 5559 3431 5632 φρονίμης
3490 5558 3781 5631 ἐπιστολῆς

2186 5675 2281 5711 σου
2336 5656 2396 5710 τὸ
2435 5656 2861 5727 προηγούμενον
2924 5655 3101 5727 ῥῆμα,
3140 5652 3296 5721 κάγὼ
3361 5651 3782 5725 προηγούμενον

2183 5750 2401 5821 τίθημι,
2448 5751 2639 5804 τέκνον
2697 5746 2877 5819 ἡμῶν,
2934 5744 3092 5819 εἴπερ
3123 5746 3208 5800 δεῖ
3263 5745 3458 5800 τέκνον
3507 5746 3695 5799 καλεῖν
3720 5742 3783 5798 τὸ

2188 5840 2412 5916 ὑδρίζον
2444 5842 2659 5915 πατέρα
2691 5842 2912 5909 τέκνον,
2943 5838 3125 5911 πατὴρ
3160 5838 3215 5892 δὲ
3271 5839 3382 5907 σὸς,
3429 5837 3494 5893 ἄν
3518 5856 3577 5894 τε
3615 5836 3783 5909 βούλῃ
