4178 6480
591 446 661 510 81
2067 447 2483 513 EPISTOLAE.
3816 457 3888 520 82

594 559 669 613 ἄν
700 574 764 611 τε
805 556 883 629 μῆ
915 556 1109 630 βούλῃ,
1145 556 1449 622 ἐπίσκοπος
1498 556 1546 610 εἰ
1600 558 1694 611 καί
1729 555 2018 628 ἐλάχιστος
2049 558 2079 611 6
2106 557 2193 627 τὴι

2307 562 2412 622 est,
2453 550 2586 613 velis
2619 556 2781 624 nolis,
2809 557 3123 631 episcopus,
3152 576 3466 632 quanquam
3492 564 3771 634 minimus,
3794 569 3889 638 qui

597 655 684 716 εἰς
710 652 850 706 Θεὸν
877 651 955 723 μὴ
983 651 1381 725 ἀπηρνημένος
1411 649 1718 707 εὐσέϐειαν.
1748 650 1860 705 Καὶ
1888 649 2000 722 γὰρ
2029 650 2077 704 εἰ
2110 652 2207 705 καὶ

600 743 960 815 ἁμαρτωλοὶ,
986 741 1104 796 ἀλλ’
1131 743 1233 812 οὐχ
1276 743 1421 814 ὑμᾶς
1453 741 1750 797 ἐπίσκοποι
1804 743 2001 814 κριτὰς
2048 742 2207 815 ἔχου-

550 903 569 910 _
605 854 735 892 σιν·
784 837 946 908 ὑμῶν
969 836 1028 891 δὲ
1086 836 1278 908 κριταὶ
1322 836 1685 907 τυγχάνουσιν
1725 837 1775 890 οἰ
1809 836 2121 911 ἐπίσκοποι,
2158 837 2213 891 et

558 915 670 998 1γε
707 931 811 1001 τῆς
836 927 1084 1000 Χριστοῦ
1136 928 1344 1000 ἀγέλης
1381 929 1527 994 ἐστὲ,
1571 929 1667 982 καὶ
1719 928 1795 1002 μὴ
1848 930 1949 1002 τῆς
1991 929 2204 984 ἐκείνου

604 1024 857 1094 ποίμνης
900 1021 1288 1094 πλανώμενοι*
1342 1020 1459 1076 ἀλλ’
1513 1021 1937 1092 ὲμωράνθημεν,
1971 1022 2046 1087 ὡς
2069 1023 2206 1097 ἔφης

577 1090 632 1171 g6
662 1090 940 1188 qipévtpo;
964 1114 1029 1169 σύ
1054 1131 1070 1146 ⁶
1100 1090 1558 1186 ἐὐχαριστοῦμεν
1606 1114 1685 1186 τῷ
1746 1090 1867 1185 Θεῷ
1921 1115 2082 1187 ήμῶν
2126 1090 2204 1187 τῷ

603 1210 774 1279 χάριν
794 1208 910 1262 τῶν
960 1208 1249 1279 ἁμαρτιῶν
1275 1209 1435 1276 ἡμῶν
1483 1209 1565 1273 είς
1604 1208 1666 1262 τὸ
1694 1207 1895 1280 ἔδαφος
1933 1210 2081 1280 ἡμᾶς
2104 1213 2203 1287 τῆς

605 1298 828 1368 ὕϐρεως
852 1297 1095 1369 ῥίψαντι.
1134 1295 1280 1350 Ἀλλ’
1295 1296 1416 1351 εἰπέ
1440 1315 1552 1368 μοι,
1576 1299 1605 1352 6
1627 1298 1792 1368 σοφὸς
1811 1300 1877 1354 σὺ
1893 1299 1991 1354 καὶ
2014 1318 2203 1373 φρονι-

610 1389 889 1462 μῶσατος,
913 1391 964 1443 εί
983 1388 1093 1457 ἐγὼ
1113 1389 1297 1460 μωρὸς
1314 1390 1586 1461 όγηραιδς
1602 1390 1807 1462 πατὴρ,
1825 1392 1919 1445 καὶ
1935 1391 2200 1447 δυσωπῶν

607 1483 778 1536 παῖδα
798 1483 1019 1535 νεανίαν
1036 1481 1181 1553 ὑπὲρ
1195 1482 1445 1554 είρήνης,
1466 1482 1607 1554 ὑπὲρ
1623 1483 1978 1555 διαλλ.αγῆς,ὑ
1988 1484 2090 1555 πὲρ
2106 1485 2199 1540 τοῦ

606 1575 774 1647 λῆξαι
834 1574 1143 1645 κενούμενα
1209 1575 1560 1645 Χριστιανῶν
1612 1576 1847 1648 αἵματα,
1894 1576 1976 1640 τίς
2003 1577 2069 1631 ἂν
2110 1578 2198 1647 εἴη

609 1669 836 1732 νεανίας
887 1668 1002 1731 υίὸς
1053 1670 1082 1722 6
1111 1668 1205 1721 τὸν
1260 1671 1480 1739 πατέρα
1533 1670 1789 1740 εἰρηνικά
1843 1669 2203 1731 δυσωποῦντα

618 1761 807 1830 μωρὸν
833 1759 1122 1815 ἀποκαλῶν
1147 1778 1162 1828 ;
1194 1760 1439 1833 Πρόσχες
1471 1756 1561 1815 οἶα
1600 1763 1842 1832 φρονεῖς,
1873 1756 1960 1815 οἷα
1989 1763 2207 1831 λέγειςι

622 1846 719 1905 οἷα
746 1851 986 1921 γράφεις.
1013 1870 1033 1903 ι
1075 1847 1252 1918 Εἶδον,
1275 1851 1462 1921 ἔλεγεν
1499 1855 1528 1906 6
1550 1855 1864 1926 προφήτης,
1893 1855 2200 1925 ὑπερυψού-

2313 648 2369 702 in
2395 647 2565 703 Deum
2598 650 2852 721 pietatem
2885 666 2993 708 non
3016 653 3251 724 negavit.
3292 654 3521 716 Etiamsi
3547 657 3744 713 etenim
3761 673 3892 730 pec-

2310 743 2577 810 caverint,
2610 757 2710 798 vos
2744 742 2954 811 judices
3009 759 3116 805 non
3148 746 3350 801 habent
3379 747 3647 818 episcopi;
3677 749 3891 823 judices

2307 847 2338 888 e
2355 842 2544 888 contra
2569 834 2737 890 vestri
2755 845 2884 891 sunt
2900 835 3163 909 epiSCOpi,
3185 836 3232 893 si
3254 845 3432 893 tamen
3454 854 3484 894 e
3504 840 3707 896 Christi
3729 858 3892 918 grege

2306 925 2462 989 estis,
2490 940 2599 979 non
2627 935 2808 982 autem
2840 926 2998 996 longe
3041 927 3110 982 ab
3148 927 3269 1000 ejus
3311 929 3440 993 ovili
3483 942 3763 999 errantes;
3796 934 3892 988 sed

2306 1016 2634 1085 insanimus,
2665 1027 2724 1083 ut
2752 1017 2892 1076 dicis
2917 1029 2973 1077 tu
3000 1021 3220 1091 sapiens
3246 1035 3264 1075 :
3298 1020 3411 1079 Deo.
3433 1023 3637 1095 gratias
3655 1024 3888 1095 agimus,

2305 1112 2397 1179 qui
2433 1122 2657 1181 propter
2686 1124 2909 1183 peccata
2940 1124 3150 1182 nostra,
3183 1115 3250 1173 ad
3289 1117 3455 1173 imam
3486 1117 3742 1189 iujuriam
3772 1133 3893 1188 pro-

2304 1205 2518 1258 stravit:
2542 1204 2660 1260 ‘Sed
2687 1207 2773 1261 die
2808 1207 2966 1274 mihi,
3011 1218 3064 1263 tu
3091 1209 3310 1279 sapiens
3336 1218 3389 1264 et
3405 1209 3890 1280 prudentissimus,

2305 1295 2350 1351 si
2378 1312 2479 1367 ego
2516 1299 2745 1355 insanus
2793 1300 2976 1377 senior
3026 1311 3202 1377 pater,
3236 1301 3510 1373 juniorem
3568 1301 3738 1361 ﬁlium
3796 1318 3893 1372 pro

2302 1403 2434 1459 pace
2466 1390 2782 1456 obsecrans,
2828 1376 2926 1463 pro
2952 1376 3210 1459 induciis,
3245 1396 3346 1469 pr’o
3387 1394 3688 1451 cessatione
3731 1393 3893 1450 Chri-

2301 1481 2466 1536 stiani
2492 1484 2773 1554 sanguinis
2800 1484 3103 1552 eﬂ‘usionis,
3135 1485 3265 1561 quid
3289 1494 3375 1540 est
3400 1485 3587 1557 junior
3610 1486 3757 1541 lilius
3789 1499 3893 1556 pa-

2305 1581 2441 1627 trem
2469 1589 2567 1644 pro
2591 1589 2725 1644 pace
2760 1575 3135 1639 obsecrantem
3158 1564 3443 1648 appellans
3472 1578 3767 1632 insanum?
3794 1578 3890 1632 At-

2301 1665 2547 1719 tendisne
2569 1680 2690 1735 quae
2710 1666 2936 1733 sentias,
2967 1682 3090 1737 quae
3103 1666 3277 1734 dicas,
3304 1683 3427 1739 quae
3455 1667 3731 1723 scribas‘u
3745 1667 3890 1733 Vidi,

2299 1755 2481 1825 inquit
2508 1757 2791 1827 prepheta,
2821 1758 3287 1828 superexaltatum
3315 1768 3369 1815 et
3406 1759 3677 1816 elevatum
3723 1758 3891 1832 (quod

2298 1850 2612 1917 omisimus,
2645 1849 2716 1903 ob
2751 1850 2830 1903 tui
2865 1852 3226 1905 reverentiam
3245 1859 3326 1906 est
3357 1851 3644 1919 omissum,
3676 1866 3782 1906 non
3801 1867 3889 1913 au-

629 1961 797 2014 μενον
829 1946 911 1999 καὶ
938 1944 1306 2014 ἐπαιρόμενον
1355 1945 1438 2017 (τὸ
1465 1924 1845 2025 παραλειφθὲν
1900 1924 2033 2016 ήμῖν
2058 1947 2193 2000 αἰδοῖ

2302 1950 2406 1996 tem
2437 1949 2498 1998 tu
2518 1942 2787 2013 ignoras),
2818 1942 3065 2011 transivi,
3087 1951 3142 1998 et
3184 1958 3312 1999 ecce
3340 1959 3447 2003 non
3479 1954 3633 2012 erat;
3666 1945 3894 2019 quaesivi

618 2039 687 2106 τῇ
718 2037 852 2105 πρὸς
879 2037 935 2089 σὲ
968 2037 1402 2108 παραλέλειπται
1420 2054 1433 2069 ο
1465 2038 1531 2091 σὺ
1555 2038 1611 2091 δὲ
1637 2039 1737 2092 οὐκ
1762 2039 2085 2111 ήγνόηκας),
2107 2041 2201 2094 καὶ

608 2130 912 2199 παρῆλθον,
943 2133 1038 2184 καὶ
1064 2131 1174 2185 ίδοὺ
1198 2133 1300 2184 οὐκ
1329 2127 1418 2202 ἦν,
1444 2132 1541 2186 καὶ
1577 2133 1824 2204 ἐζήτησα
1876 2134 2061 2202 αὑτὸν,
2105 2137 2202 2190 καὶ

602 2223 705 2293 οὐχ
744 2223 944 2297 εὑρέθη
979 2227 1006 2278 ὁ
1029 2225 1195 2287 τόπος
1224 2225 1415 2279 αὐτοῦ.
1460 2245 1480 2278 ι
1516 2225 1684 2281 Ἀλλὰ
1734 2227 1895 2281 τοῦτο
1919 2228 1980 2282 τὸ
2034 2229 2201 2302 μέρος

600 2315 871 2370 τοσοῦτον
924 2318 1103 2387 ἐχέτω
1148 2317 1212 2372 τὸ
1252 2317 1528 2389 γράμμα·
1588 2320 1658 2373 τά
1696 2318 1755 2372 δὲ
1781 2319 1983 2391 ἐφεξῆς
2005 2320 2197 2374 ἄκουε.

601 2410 698 2480 Μὴ
732 2409 927 2479 νόμιζε
957 2412 1063 2481 τὴν.
1085 2411 1464 2483 γεγενημένην
1480 2406 1651 2491 ἧτταν
1673 2412 1781 2466 τῶν
1808 2413 1917 2468 σῶν
1952 2413 2199 2482 ματαίων

597 2502 884 2573 λογισμῶν
908 2505 1002 2557 ἐπὶ
1039 2504 1320 2559 τελειώσει
1369 2505 1722 2577 γεγενῆσθαι,
1759 2506 1833 2577 μὴ
1867 2506 2026 2561 τοῦτο
2067 2507 2198 2560 ὑπο-

596 2596 881 2665 λάμϐανε·
909 2597 1019 2651 εἶδ’
1059 2598 1492 2669 ὑπολαμϐάνεις,
1516 2600 1592 2663 ὡς
1618 2599 1891 2670 φλυαρίαν
1919 2603 2198 2672 ἀποστρά-

599 2690 740 2761 φηθι
763 2690 865 2761 τὴν
891 2690 1189 2762 ὑπόληψιν.
1230 2691 1397 2746 Ἀλλά
1449 2694 1730 2764 νενίκηται
1757 2693 1785 2744 6
1813 2692 1951 2763 πρὸς
1979 2693 2037 2746 σὲ
2066 2694 2197 2758 λαὸς

597 2782 1038 2854 ἐκστρατεύσας,
1063 2782 1284 2855 πρῶτον
1311 2784 1411 2854 μὲν
1445 2784 1714 2855 κρίμασιν
1739 2787 2078 2857 ἀπορρήτοις
2100 2786 2194 2839 τοῦ

599 2876 660 2940 ἐξ
711 2875 1060 2946 ἀποκρύφων
1114 2876 1360 2947 ταμείων
1415 2877 1514 2942 τάς
1536 2878 1735 2934 ἑαυτοῦ
1768 2878 1981 2955 κρίσεις
2030 2879 2193 2932 ὁπότε

599 2968 852 3038 βούλοιτο
876 2968 1214 3039 προάγοντος
1234 2985 1247 2998 ’
1284 2968 1538 3041 δεύτερον
1563 2969 1641 3035 δὲ,
1674 2969 1799 3022 ὅσον
1822 2969 1941 3022 ἔστι
1974 2971 2069 3022 καὶ
2099 2969 2193 3022 ἀν-

597 3056 845 3127 θρώποις
901 3057 1127 3123 εἰδέναι,
1185 3056 1296 3111 τῶν
1332 3057 1553 3110 οἰκείων
1594 3057 1783 3110 ἕνεκεν
1834 3056 2190 3127 σφαλμάτων.

596 3149 805 3212 Κακῶς
856 3151 1031 3213 ποιεῖς
1070 3149 1166 3205 καὶ
1223 3149 1287 3202 οὐ
1336 3150 1831 3221 περιεσκεμμένως
1886 3148 1988 3220 τὴν
2032 3148 2216 3229 νίκην.

2304 2048 2451 2094 eum,
2480 2041 2536 2087 et
2564 2049 2673 2088 non
2703 2043 2784 2089 est
2810 2033 3060 2089 inventus
3085 2034 3234 2091 locus
3266 2035 3385 2107 ejus
3404 2035 3445 2095 ⁸.
3472 2054 3493 2088 ι
3525 2034 3632 2091 Sed
3667 2036 3756 2092 hic
3790 2047 3895 2092 stet

2306 2125 2418 2180 hzec
2443 2115 2747 2182 litterarum
2778 2141 2949 2197 pars;
2989 2129 3134 2198 quod
3179 2130 3425 2200 sequitur
3466 2129 3618 2186 audi.
3654 2128 3733 2184 Ne
3775 2130 3897 2185 exi.

2302 2220 2492 2272 stimes
2524 2232 2643 2273 eam
2675 2234 2797 2289 qua:
2824 2220 3025 2275 accidit
3078 2221 3285 2276 cladem
3342 2222 3689 2290 perﬁciendis
3741 2223 3894 2278 vanis

2301 2308 2546 2363 consiliis
2579 2311 2688 2365 tuis
2718 2326 2838 2367 esse
2857 2311 3250 2381 profecturam,
3274 2313 3379 2368 hoc
3406 2313 3518 2369 noli
3543 2328 3895 2384 supponere;

2299 2412 2352 2457 et
2382 2404 2427 2458 si
2460 2405 2744 2474 supponis,
2782 2414 3046 2477 tanquam
3069 2422 3244 2478 nugas
3277 2407 3710 2478 suppositionem
3741 2416 3891 2462 tuam

2301 2495 2494 2564 alijiee.
2542 2494 2733 2552 Victus
2789 2506 2872 2553 est
2913 2499 3148 2569 populus
3206 2500 3299 2569 qui
3350 2510 3531 2563 tecum
3589 2498 3890 2568 dimicavit,

2299 2591 2478 2658 primo
2502 2590 2723 2658 quidem
2741 2590 3108 2663 investigabili
3133 2594 3363 2649 consilio
3381 2594 3501 2666 ejus
3523 2593 3641 2664 qui,
3673 2595 3896 2667 quando.

2298 2681 2433 2746 vult,
2468 2696 2499 2736 e
2532 2691 2744 2738 secreto
2774 2686 3161 2754 promptuario.
3196 2700 3295 2740 sua
3326 2685 3529 2755 judicia
3559 2687 3775 2753 educit;
3805 2702 3895 2742 se-

2296 2774 2476 2827 cundo
2504 2785 2712 2840 autem,
2736 2775 2789 2829 in
2822 2786 3089 2844 quantum
3111 2776 3429 2841 hominibus
3448 2779 3591 2834 scire
3611 2781 3794 2845 datur,
3821 2780 3892 2833 ob

2296 2867 2513 2937 propria
2539 2866 2756 2921 delicta.
2794 2867 2958 2923 Erras
3012 2869 3426 2937 inconsulteque
3462 2871 3656 2938 sentis,
3719 2872 3896 2928 vieto-

2295 2962 2433 3014 riazn
2465 2960 2529 3014 ad
2566 2961 2832 3030 privatam
2869 2970 3019 3016 tuam
3052 2963 3405 3032 cupiditatem
3436 2964 3680 3022 referens
3712 2974 3765 3022 et
3787 2981 3892 3037 pu-

2294 3063 2416 3107 tans
2448 3068 2649 3109 caesum
2681 3069 2805 3109 esse
2833 3054 2956 3109 ideo
2981 3058 3241 3126 p0pulum
3270 3055 3580 3113 Romanum
3615 3067 3675 3112 ut
3715 3060 3895 3130 impe~

2297 3148 2378 3200 rio
2413 3162 2605 3201 eorum
2643 3146 2920 3216 potireris.
2959 3146 3156 3203 Junior
3185 3163 3283 3216 es;
3332 3149 3539 3219 itaque,
3571 3151 3616 3205 si
3645 3150 3754 3222 jam
3782 3170 3891 3209 non

598 3245 738 3315 πρὸς
761 3245 861 3315 τὴν
887 3244 1023 3298 ἰδίαν
1055 3243 1321 3316 ἁρπάζων
1376 3243 1701 3313 ἐπιθυμίαν,
1747 3243 1842 3296 καὶ
1871 3242 2192 3311 ὑπολογιζό-

2295 3240 2539 3304 audiisti,
2575 3240 2760 3308 disce;
2798 3241 2868 3308 si,
2903 3249 3195 3312 postquam
3234 3243 3533 3313 audiveris,
3569 3246 3721 3302 luisti
3746 3247 3892 3303 obli-

595 3356 763 3408 μενος
797 3339 877 3403 ὠς
927 3339 1116 3393 ἕνεκεν
1149 3339 1244 3395 τοῦ
1299 3340 1359 3392 σὲ
1403 3338 1515 3393 τῶν
1559 3337 1846 3409 Ῥωμαίων
1895 3337 2192 3406 κατασχεῖν

2299 3343 2410 3398 tus,
2447 3333 2753 3390 recordare.

588 3433 874 3500 ἐξουσίαν,
906 3436 972 3488 τὸ
1023 3434 1250 3504 γεγονὸς
1317 3434 1627 3505 ἁμάρτημα
1693 3432 1773 3504 τῷ
1834 3430 2133 3502 Ῥωμαῖκῷ
2196 3431 2398 3500 συνέϐη
2426 3429 2565 3498 λαῷ.
2622 3430 2761 3494 Νέος
2792 3425 2874 3484 εἴ·
2934 3430 3029 3485 καὶ
3059 3431 3238 3503 εἰμὲν
3288 3433 3390 3497 οὐκ
3453 3433 3718 3509 ἤκουσας,
3755 3433 3894 3507 μάν-

591 3528 758 3582 θανεο
793 3530 844 3581 εί
870 3528 925 3582 δὲ
949 3528 1190 3591 ἀκούσας
1221 3527 1565 3599 ἐπιλέλησαι,
1594 3526 1996 3597 ἀναμνήσθητι.

669 3621 849 3675 Πάλαι
900 3621 1031 3675 ποτὲ
1068 3624 1102 3692 ή
1154 3622 1400 3693 Περσικὴ
1452 3624 1683 3693 στρατιὰ
1733 3623 1895 3693 μέχρι
1937 3619 2044 3674 τῶν
2096 3623 2183 3673 ἐν-

588 3716 774 3771 ταῦθα
802 3716 1086 3787 ηὐλίσατο,
1110 3718 1209 3773 καὶ
1236 3716 1304 3781 ἃς
1345 3718 1595 3781 ἀπειλεῖς
1633 3716 1913 3786 πυρκαϊὰς
1961 3713 2059 3770 καὶ
2101 3714 2183 3767 οἰ-

589 3809 1006 3878 κοδομημάτων
1061 3809 1453 3880 καταστροφάς
1502 3807 1858 3880 διεπράξατο.
1932 3806 2072 3860 Ἀλλ’
2136 3810 2185 3860 οἱ

590 3899 697 3970 μὲν
729 3899 1038 3965 ἀπώλοντο,
1075 3901 1168 3954 καὶ
1190 3901 1316 3954 ὅσον
1352 3902 1433 3963 είς
1469 3902 1693 3971 μνήμην
1722 3900 1990 3967 ὀνόματος
2034 3916 2190 3969 περι-

586 3990 897 4044 λείπονταιο
928 3992 962 4061 ἡ
995 3991 1053 4044 δὲ
1098 3990 1384 4062 Ῥωμαῖκὴ
1418 3990 1673 4061 βασιλεία
1723 3990 1816 4044 ἐπὶ
1842 3992 1946 4057 τῆς
1975 3990 2189 4054 οἰκείας

586 4085 799 4153 ἕστηκε
824 4085 1111 4154 κρηπξδος.
1158 4086 1321 4139 Ἀλλά
1353 4086 1452 4139 καὶ
1485 4084 1598 4139 ἀνω
1619 4085 1828 4139 τούτων
1852 4084 1920 4138 τὰ
1942 4083 2054 4138 τῶν
2104 4084 2191 4138 Ἀ·

590 4177 787 4248 ϐάρων
807 4178 966 4248 γένη,
1005 4172 1081 4233 ὧν
1131 4179 1293 4249 ὑμεῖς
1334 4177 1654 4240 ἀποσπάδες
1705 4178 1822 4247 (καὶ
1874 4177 2045 4248 μηδέν
2106 4194 2188 4231 σοι

587 4271 735 4341 πρὸς
771 4269 941 4341 βάρος
975 4273 1003 4324 6
1030 4270 1231 4343 λόγος),
1255 4275 1367 4326 ’καὶ
1397 4271 1576 4325 δοῦλοι
1638 4271 1734 4324 καὶ
1779 4270 2050 4341 δραπέται
2085 4286 2183 4338 γε-

588 4364 815 4433 γόνατε,
850 4364 945 4417 ἐπὶ
983 4364 1238 4418 πλεῖστον
1277 4365 1375 4436 τὴν
1408 4364 1657 4437 μεγάλην
1695 4364 1905 4436 ταύτην
1954 4362 2052 4418 καὶ
2079 4362 2186 4417 ὑπὸ

585 4458 658 4526 τῇ
689 4454 917 4509 πάντων
938 4456 1199 4528 δεσποίνῃ
1213 4457 1306 4510 καλ⁸
1327 4457 1499 4528 κυρίᾳ
1522 4454 1980 4528 στρατηγουμένῃ
2006 4455 2182 4521 πόλει,

587 4551 762 4622 μέχρι
794 4550 891 4603 καὶ
936 4548 1047 4603 τῶν
1073 4549 1270 4619 τειχῶν
1298 4550 1613 4620 ἐπέδραμον
1638 4568 1652 4581 ο
1708 4549 1846 4605 ἀλλά
1893 4552 1989 4603 καὶ
2036 4541 2186 4603 οὗτοι

2354 3614 2608 3672 Persicus
2636 3616 2767 3671 olim
2811 3617 3083 3673 exercitus
3103 3618 3211 3673 huc
3234 3635 3407 3691 usque
3436 3624 3804 3693 pernoctavit,
3837 3632 3895 3681 et

2279 3721 2403 3777 quae
2419 3708 2648 3764 minaris
2667 3708 2916 3764 incendia
2939 3710 3405 3780 aedificiorumque
3428 3715 3743 3777 eversiones
3770 3731 3893 3787 per-

2284 3801 2433 3871 egit;
2468 3801 2562 3856 sed
2594 3801 2895 3871 perierunt,
2959 3812 3015 3857 et
3044 3803 3266 3859 nonnisi
3307 3805 3362 3859 in
3396 3807 3637 3862 nominis
3671 3826 3885 3865 memo-

2287 3894 2370 3947 ria
2417 3902 2759 3963 supersunt;
2798 3893 3046 3950 Romana
3108 3912 3238 3951 vero
3269 3907 3509 3968 potestas
3538 3900 3656 3956 suis
3688 3902 3886 3958 funda-

2292 3985 2496 4039 mentis
2518 3984 2782 4039 constitit.
2814 3985 2919 4040 Sed
2949 3996 3076 4042 ante
3106 3986 3229 4044 illos
3243 3989 3543 4046 Avarorurn
3571 4009 3724 4065 gens.
3754 4010 3893 4067 quo-

2294 4091 2417 4131 rum
2448 4092 2546 4132 vos
2585 4093 2775 4134 ramus
2802 4078 2936 4136 estis
2958 4081 3186 4137 avulsus
3211 4094 3263 4136 et
3293 4083 3385 4154 (ne
3435 4087 3617 4156 gravis
3670 4087 3766 4145 tibi
3819 4091 3892 4145 sit

2292 4184 2477 4225 sermo
2509 4170 2688 4240 meus)
2718 4174 2865 4227 servi
2894 4179 2949 4227 et
2984 4173 3197 4243 fugitivi
3228 4187 3419 4232 contra
3444 4180 3604 4233 istam
3634 4197 3889 4252 magnam

2288 4262 2507 4328 urbem,
2542 4262 2621 4316 illi
2646 4264 2891 4319 omnium
2937 4266 3177 4323 dominae
3213 4283 3280 4324 ac
3312 4271 3515 4342 reginae
3544 4273 3664 4328 urbi
3704 4274 3893 4345 subjec

2285 4361 2454 4420 ctam,
2512 4355 2954 4412 numerosissimi
3009 4360 3256 4431 adusque
3304 4365 3508 4425 mantia
3559 4365 3888 4424 irruerunt:

2286 4455 2342 4501 at
2366 4446 2653 4517 perierunt
2670 4449 2724 4503 hi
2751 4463 2995 4519 quoque,
3018 4467 3117 4508 nec
3140 4454 3253 4524 jam
3282 4469 3583 4527 supersunt
3606 4461 3783 4529 gentis
3804 4476 3891 4517 re-

2286 4540 2506 4607 liquiae;
2542 4542 2660 4597 bazc
2691 4559 2823 4599 vero
2852 4544 3025 4617 gloria
3056 4557 3220 4618 atque
3242 4552 3486 4620 potentia
3515 4554 3619 4609 sibi
3640 4570 3671 4608 a
3689 4557 3892 4626 princi-

583 4642 902 4707 ἀπώλοντο,
938 4643 1033 4695 καὶ
1057 4641 1181 4695 οὐδὲ
1204 4641 1462 4712 λείψανον
1489 4642 1584 4696 τοῦ
1630 4642 1825 4711 γένους
1860 4640 2180 4710 ὑφίσταται,

2295 4635 2386 4705 pio
2401 4635 2544 4691 datis
2565 4637 2835 4707 splendet.
2858 4637 3025 4695 Visne
3042 4641 3209 4695 alium
3230 4658 3448 4712 quoque
3462 4646 3557 4702 tibi
3580 4649 3891 4711 scribamus

582 4732 737 4803 αὕτη
771 4732 830 4785 δὲ
856 4732 955 4785 σὺν
977 4735 1043 4803 τῇ
1076 4731 1316 4805 λαχούσῃ
1341 4733 1484 4803 αὐτῇ
1511 4732 1572 4798 ἐξ
1596 4734 1774 4803 ἀρχῆς
1798 4734 1893 4787 καὶ
1918 4732 2044 4804 δόξῃ
2090 4734 2186 4787 καὶ

585 4825 844 4897 βασιλείᾳ
864 4824 1240 4896 φαιδρύνεται.
1264 4824 1456 4880 Βούλει
1479 4843 1560 4880 σοι
1579 4832 1673 4881 καὶ
1689 4826 1859 4896 ἀλλην
1880 4826 2186 4897 γράψωμεν

583 4917 936 4988 τυραννικὴν
971 4918 1185 4987 ἔφοδον,
1212 4918 1307 4981 καὶ
1350 4918 1462 4974 οὐδ’
1492 4919 1619 4977 ὅσον
1648 4921 1743 4973 καὶ
1766 4918 1926 4985 ἀξίαν
1959 4918 2185 4990 συγκρί-

582 5010 781 5065 νεσθαι
803 5012 872 5080 τῇ
899 5009 1147 5082 ὑμετέρα
1172 5011 1386 5081 ἑφόδῳς
1412 5010 1487 5065 Τὸ
1506 5011 1849 5083 Σαρακηνῶν
1879 5011 2037 5080 γένος
2061 5028 2187 5065 ναυ-

583 5104 643 5159 σὶ
683 5103 790 5173 μὲν
822 5103 1108 5175 μυριάσιν,
1159 5104 1369 5176 ἱππότῃ
1397 5104 1456 5158 δὲ
1516 5105 1611 5163 καὶ
1648 5103 1798 5176 πεζῷ
1844 5104 1962 5175 λαῷ
2011 5105 2185 5176 ὑπερ-

582 5196 869 5261 cauom,
904 5194 1005 5266 τὴν
1033 5194 1285 5266 μεγάλην
1314 5195 1524 5265 ταύτην
1560 5196 1657 5250 καὶ
1692 5194 1767 5260 ὡς
1806 5195 2030 5266 ἀληθῶς
2083 5194 2179 5250 τοῦ

582 5288 728 5342 Θεοῦ
768 5288 926 5343 πόλιν
955 5279 1048 5342 ἐπὶ
1082 5288 1298 5359 χρόνοις
1360 5290 1504 5343 ἑπτὰ
1559 5290 2040 5364 περιεκύκλωσαν,
2088 5292 2187 5346 καὶ⁵

586 5382 809 5445 πάντας
862 5378 1007 5437 εἶδεν
1038 5382 1313 5451 ἀπώλεια,
1362 5383 1460 5437 καὶ
1507 5384 1796 5450 παντελῶς
1832 5385 2004 5456 ὀλίγοι
2044 5387 2184 5457 πρὸς

580 5474 687 5543 τὴν
743 5474 884 5530 ἰδίαν
913 5475 1160 5546 πατρίδα
1222 5474 1599 5547 ὑπέστρεψαν
1634 5475 1776 5549 αὕτη
1828 5477 1887 5531 δὲ
1933 5478 2182 5551 διαμένει

580 5566 681 5622 καὶ
707 5564 1037 5633 διασώζεται
1060 5567 1160 5637 τῆς
1186 5567 1245 5635 ἐξ
1272 5568 1452 5640 ἀρχῆς
1490 5568 1745 5633 εὐδοκίας
1782 5571 2179 5643 φρουρουμένη

580 5662 706 5722 ταῖς
765 5662 1055 5733 πτέρυξιν.
1116 5661 1408 5731 Ἠγάπησα
1459 5662 1553 5716 καὶ
1607 5663 1813 5732 ἀγαπῶ
1868 5680 1950 5730 σε,
1990 5663 2184 5717 τέκνον

577 5754 761 5826 ἡμῶν,
792 5758 821 5809 6
850 5754 1191 5829 μωρανοείς,
1218 5755 1291 5820 ὡς
1320 5758 1384 5810 σὺ
1431 5756 1633 5826 λέγεις,
1670 5757 1875 5829 πατὴρ,
1920 5759 2014 5811 καὶ
2038 5775 2181 5827 συμ-

651 5914 671 5945 ⁶
700 5913 839 5971 i’sal.
877 5930 1073 5982 xxxvi,
1106 5912 1196 5968 55.

2287 4732 2631 4803 tyrannicum
2674 4734 2960 4791 incursum
2993 4752 3100 4791 non
3132 4739 3276 4809 quod
3310 4739 3510 4813 dignus
3544 4743 3731 4814 sitqui
3760 4761 3899 4805 cum.

2288 4835 2475 4881 vestro
2534 4824 2797 4884 incursus
2848 4830 3242 4900 comparetur?
3276 4830 3681 4891 Saracenorum
3727 4854 3889 4911 gens,

2288 4930 2414 4970 eum
2479 4916 2978 4978 innumerabilibus
3032 4924 3290 4992 navibus,
3338 4941 3461 4982 cum
3506 4933 3887 4992 numerosiora

2285 5009 2536 5093 equitatu
2558 5025 2628 5066 ac
2669 5010 2911 5081 peditatu
2944 5028 3042 5083 per
3062 5026 3269 5086 septem
3318 5033 3496 5077 annos
3532 5037 3786 5093 magnam
3822 5026 3888 5081 il-

2287 5083 2395 5157 lam
2414 5112 2469 5158 et
2496 5118 2622 5160 vere
2659 5103 2756 5161 Dei
2786 5106 2974 5162 urbem
3011 5108 3441 5183 circumcinxit;
3474 5131 3779 5191 omnesque
3794 5134 3887 5187 pe-

2291 5195 2523 5262 rierunt,
2539 5204 2595 5252 et
2611 5197 2932 5269 paucissimi
2952 5208 3163 5257 tantum
3182 5204 3237 5258 in
3258 5206 3490 5276 patriam
3510 5220 3639 5266 sunt
3653 5215 3899 5275 reversi..

2296 5288 2423 5346 llaec
2458 5306 2586 5348 vero
2630 5292 2883 5351 subsistit
2905 5305 2960 5351 et
2988 5308 3365 5367 conservatur,
3402 5304 3644 5376 antiquae
3674 5306 3768 5362 Dei
3795 5307 3884 5362 be-

2290 5386 2616 5444 nevolentiae
2633 5389 2979 5458 protectione
3004 5393 3300 5450 custodita.
3328 5394 3405 5451 Te
3428 5397 3590 5454 dilexi
3626 5406 3789 5471 atque
3804 5400 3888 5455 di-

2288 5477 2418 5550 ligo,
2440 5478 2515 5534 illi
2544 5480 2640 5545 mi,
2665 5481 2911 5549 insanus,
2943 5491 3002 5538 ut
3029 5485 3137 5552 ais,
3167 5497 3345 5557 pater,
3366 5489 3579 5559 tibique
3599 5490 3806 5553 suadeo
3828 5492 3887 5546 in

2286 5587 2445 5639 sana,
2466 5573 2844 5639 utarbitraris,
2874 5592 3000 5632 vere
3025 5587 3209 5634 autem
3231 5597 3336 5636 non
3371 5582 3561 5636 insana
3591 5598 3605 5636 :
3635 5597 3881 5639 errorem

2289 5664 2535 5735 relinque
2556 5682 2745 5721 eorum
2772 5670 2865 5739 qui
2890 5678 2940 5725 te
2959 5672 3273 5743 decipiunt;
3300 5688 3490 5728 vanam
3509 5691 3659 5747 spem
3684 5676 3884 5746 abjice,

2288 5764 2581 5815 contentus
2637 5759 2714 5814 sis
2746 5775 2809 5816 ea
2839 5771 3105 5831 potestate
3137 5779 3301 5834 quam
3355 5780 3383 5821 a
3420 5766 3530 5823 tuis
3578 5768 3884 5840 majoribus
