4178 6412
491 454 560 519 83
1627 447 1940 517 NICULM
1982 445 2089 516 (ΖΡ.

2192 446 2412 516 ΔΊἫῙΑ
2426 445 2649 517 ΒΕΙῙΕ
3708 454 3779 520 84

492 562 777 647 accepisti,
831 577 900 629 ne
946 587 1040 630 eos
1069 561 1339 643 subjicere
1370 562 1503 626 velis
1529 585 1630 641 per
1676 586 1816 638 quos
1848 560 2084 623 didicisti

2192 567 2434 621 ϐουλεύω
2460 584 2566 629 σοι,
2604 567 2669 620 σὺ
2707 567 2806 637 μὲν
2835 567 2910 631 ὡς
2949 569 3213 638 νομίζεις,
3241 571 3423 639 μωρὰ,
3470 560 3690 636 πάντως
3718 565 3782 627 δέ

492 670 877 726 universorum
942 667 1232 721 Dominum
1278 679 1610 736 agnoscere;
1651 679 1834 727 nemo,
1859 662 2084 717 alterius

493 777 706 829 servus,
742 761 810 816 ab
835 760 1024 832 aliquo
1068 770 1255 829 postea
1307 759 1590 825 liberatus,
1630 757 1676 815 si
1710 772 1853 812 sana
1901 763 2085 811 mente

492 858 564 910 sit
600 856 884 926 przeditus,
925 854 1124 925 quaerit
1157 853 1428 909 dominari
1464 852 1594 907 illia
1626 866 1736 923 quo
1761 866 1791 906 e
1822 836 2086 906 servitute

490 947 755 1002 liberatus
785 946 908 1001 fuit.
945 941 1245 1002 Considera
1272 953 1327 998 ιιι
1354 952 1592 1013 queque,
1653 956 1754 997 vos
1784 939 2086 996 daemonio-

495 1044 617 1093 rum
654 1052 844 1095 servos
878 1038 1048 1096 fuisse
1096 1048 1259 1108 atque
1292 1051 1484 1091 eorum
1531 1026 1796 1092 servitute
1826 1034 2086 1089 liberatos

492 1124 562 1185 ab
587 1132 670 1186 liis
687 1128 804 1203 qui,
821 1131 914 1186 Dei
933 1130 1129 1209 gratia,
1149 1122 1455 1186 Romanum
1479 1121 1767 1199 imperium
1786 1128 2048 1198 regebant
2072 1143 2087 1192 ;

491 1224 660 1278 nolite
691 1233 872 1279 mente
909 1223 1116 1292 agitare
1142 1238 1334 1278 eorum
1366 1216 1621 1277 dominos
1660 1214 1802 1285 ﬁeri,
1832 1236 1862 1275 a
1885 1218 2088 1290 quibus

491 1312 744 1371 libertate
776 1316 961 1372 donati
995 1317 1149 1372 estis.
1186 1316 1365 1372 Nolite
1398 1331 1572 1387 usque
1615 1330 1682 1370 eo
1712 1310 1907 1385 ingrati
1942 1328 2085 1372 esse.

492 1424 671 1479 neque
715 1405 861 1463 illam
908 1410 1227 1465 memoriam
1261 1411 1558 1480 relinquas,
1590 1405 1763 1464 fuisse
1795 1404 2087 1479 quemdam

493 1490 855 1570 Bulgarorum
905 1501 1206 1572 principem
1243 1502 1337 1572 qui
1379 1502 1618 1557 voluerit
1669 1502 1722 1556 in
1764 1501 2088 1556 servitutem

497 1595 749 1665 redigere
782 1609 877 1650 eos
908 1595 1059 1666 ipsos
1085 1596 1176 1667 qni
1238 1587 1596 1667 Bulgarorum
1633 1598 1849 1668 gentem
1900 1612 1931 1652 e
1969 1596 2090 1652 dia-

490 1683 603 1741 boli
647 1687 911 1743 servitute
957 1681 1329 1745 liberaverunt
1361 1698 1415 1745 et
1462 1683 1813 1745 liberatorum
1862 1697 2089 1746 Suorum

496 1771 612 1831 fieri
644 1777 927 1835 dominus.
980 1778 1109 1836 llaec
1139 1781 1335 1851 scripsi
1372 1782 1598 1839 insanus
1636 1797 1758 1853 ego,
1787 1781 2090 1838 secundum

494 1865 644 1921 tuam
669 1867 1010 1938 Opinionem,
1044 1871 1109 1926 ad
1149 1882 1199 1927 te
1214 1872 1516 1943 sapientem
1552 1891 1565 1927 :
1598 1872 1691 1927 sed
1709 1888 1817 1926 non
1852 1872 2091 1943 ignoras,

2193 659 2255 712 οὐ
2286 658 2467 729 μωρά·
2503 658 2774 712 κατάλιπε
2809 658 2919 712 τῶν
2965 676 3026 711 σε
3071 659 3466 730 πλανησάντων
3498 662 3601 730 τὴν
3642 663 3780 716 πλά-

2192 758 2312 821 νην·
2370 750 2531 821 ῥῖψον
2584 750 2685 814 τὰς
2747 750 2987 821 ματαίας
3049 751 3300 816 ἐλπίδας,
3354 754 3661 824 ἀρκέσθητι
3711 758 3819 837 τῇΙ

2189 836 2411 912 ἐξουσίᾳ
2449 842 2519 915 ἣν
2551 844 2617 895 ἐκ
2672 842 2783 895 τῶν
2822 841 2932 895 σῶν
2997 844 3253 924 πατέρων
3302 846 3779 918 ἐκληρονόμησαςν

2193 929 2269 1006 μὴ
2305 928 2497 1005 βούλου
2553 924 2840 998 δεσπόζειν
2903 924 2996 1003 ὑφ’
3044 929 3122 991 ὧν
3170 937 3458 1008 ἐδιδάχθης
3515 940 3784 1008 ἐπιγινώ-
3884 929 3889 935 ’

2194 1044 2346 1081 σκειν
2383 1027 2474 1080 τὸν
2505 1027 2614 1080 τῶν
2648 1027 2787 1080 ὅλων
2811 1027 3128 1099 Δεσπότηνο
3162 1029 3341 1094 οὐδεὶς
3379 1029 3569 1094 δοῦλος
3599 1032 3783 1103 ὑπάρ-

2190 1138 2303 1192 χων
2341 1121 2510 1186 τινὸς,
2540 1115 2661 1175 εἶτα
2693 1119 2783 1188 ὑφ’
2820 1109 3012 1192 ἐτέρου
3058 1121 3158 1192 τῆς
3204 1122 3449 1186 δουλείας
3527 1122 3780 1193 ἀπηλλα-
3818 1110 3825 1139 ²

2190 1214 2416 1286 γμένος,
2442 1214 2538 1268 καὶ
2574 1214 2895 1284 σωφρονῶν,
2938 1213 3193 1283 ἐπιζητεῖ
3229 1215 3487 1284 γενέσθαι
3513 1211 3783 1286 δεσπότης

2191 1308 2285 1364 τοῦ
2318 1309 2417 1381 τῆς
2449 1308 2699 1372 δουλείας
2729 1308 2894 1360 αὐτὸν
2929 1306 3373 1374 ἀπαλλάξαντος.
3407 1291 3782 1379 Ἐνθυμήθητὶ

2193 1403 2290 1458 καὶ
2316 1404 2404 1467 σὺ,
2431 1403 2515 1456 ὅτι
2537 1401 2721 1456 δοῦλοι
2745 1402 3049 1471 δαιμονίων
3107 1398 3230 1474 ἦτε,
3286 1401 3384 1456 καὶ
3413 1402 3515 1473 τῆς
3550 1400 3782 1455 ἐκείνων

2191 1489 2550 1566 ἀπηλλάγητε
2584 1493 2835 1557 δουλείας
2862 1495 2969 1548 ὑπὸ
2996 1494 3107 1549 τῶν
3139 1494 3275 1548 Θεοῦ
3332 1495 3518 1565 χάριτι
3564 1493 3784 1548 διεπόν-

2193 1606 2304 1641 των
2331 1585 2433 1656 τὴν
2481 1587 2805 1658 Ῥωμαϊκὴν
2862 1587 3137 1652 ἐξουσίαν’
3200 1587 3277 1657 μὴ
3327 1585 3618 1656 διανοῆσθε
3672 1586 3786 1640 τῶν

2194 1680 2285 1749 ὑφ’
2350 1664 2426 1734 ὧν
2481 1681 2582 1749 τῆς
2638 1676 2955 1751 ἐλευθερίας
3012 1679 3311 1753 ἠξιώθητε,
3374 1680 3636 1735 δεσπόται
3692 1698 3787 1750 γε·

2194 1775 2399 1829 νέσθαι·
2434 1777 2509 1848 μὴ
2537 1777 2630 1830 ἐπὶ
2664 1776 2920 1830 τοσοῦτον
2949 1776 3408 1848 ἁγνωμονήσητε,
3448 1775 3584 1846 μηδέ
3608 1793 3787 1829 κατα-

2197 1872 2361 1942 λίπῃς
2396 1874 2621 1943 μνήμην
2668 1874 2951 1945 τοιαύτην,
2981 1872 3058 1937 ὡς
3090 1871 3286 1940 γέγονέ
3324 1889 3409 1937 τις
3458 1872 3789 1947 Βουλγάρων

493 1962 681 2029 utpote
701 1961 944 2031 sapiens,
980 1959 1025 2019 si
1050 1971 1228 2019 tamen
1260 1966 1478 2034 sapiens
1496 1964 1680 2020 istud:
1706 1983 1724 2016 α
1751 1964 1825 2019 Da
1847 1965 2089 2020 occasio-

2202 1966 2472 2036 ἀρχηγὸς,
2505 1965 2564 2029 ὃς
2585 1965 2855 2036 ἐῦουλὴθη
2885 1966 3013 2030 τοὺς
3041 1964 3517 2036 ἐλευθερώσαντας
3546 1963 3607 2018 τὸ
3629 1963 3790 2018 Βουλ-

494 2057 619 2108 nem
655 2055 907 2124 sapienti,
942 2067 997 2112 et
1019 2058 1316 2128 sapientior
1343 2059 1449 2113 erit
1481 2059 1522 2113 ⁷.
1553 2077 1573 2111 ι

2206 2060 2393 2129 γάρων
2414 2062 2574 2128 γένος
2592 2062 2657 2114 ἐκ
2680 2063 2781 2132 τῆς
2798 2059 2895 2114 τοῦ
2912 2058 3164 2113 διαϐόλου
3183 2057 3449 2122 δουλείας,
3476 2058 3566 2127 ὑφ’
3590 2058 3789 2112 ἑαυτὸν

493 2136 783 2215 δουλῶσαι,
807 2149 903 2204 καλ⁸
932 2152 1189 2221 γενέσθαι
1220 2152 1327 2206 τῶν
1348 2150 1842 2235 ἐλευθερωσὰντων
1862 2156 2153 2227 δεσπότης.
2172 2156 2362 2211 Ταῦτά
2398 2174 2480 2210 σοι
2505 2156 2765 2228 γέγραφα
2804 2158 2833 2209 ὁ
2877 2158 3061 2228 μωρὸς
3089 2155 3233 2209 κατά
3262 2154 3361 2226 τὴν
3392 2155 3492 2226 σὴν
3519 2155 3680 2222 δόξαν
3709 2156 3787 2219 ὡς
3856 2144 3867 2152 ”

494 2240 779 2313 φρονίμῳ·
802 2243 868 2298 σὺ
891 2240 949 2299 δὲ
977 2247 1081 2300 οὐκ
1103 2249 1321 2314 ἀγνοεῖς
1349 2248 1426 2312 ὡς
1462 2250 1650 2318 σοφὸς,
1684 2250 1804 2318 εἴγε
1838 2251 2024 2322 σοφὸς,
2050 2252 2113 2305 τό
2133 2268 2147 2283 '
2185 2270 2205 2305 ι
2238 2248 2395 2305 Δίδου
2430 2252 2581 2324 σοφῷ
2613 2250 2897 2324 ἀφορμὴν,
2933 2251 3027 2305 καὶ
3054 2250 3367 2322 σοφώτερος
3393 2250 3570 2308 ἔσται.
3615 2269 3635 2302 ›
3668 2327 3677 2334 .

1018 2380 1112 2436 XI.
1163 2383 1247 2437 Ad
1294 2386 1557 2441 eamdem.-

571 2508 627 2571 Si
666 2513 923 2586 possibile
941 2530 1086 2576 esset
1117 2532 1205 2578 me
1230 2523 1295 2579 ad
1323 2533 1372 2579 te
1404 2525 1703 2595 proﬁcisei,
1744 2518 1817 2582 illi
1843 2528 1940 2595 mi,
1972 2543 2083 2583 non

500 2605 551 2660 ii
598 2605 783 2667 facere
828 2612 1154 2681 renuissem,
1211 2606 1305 2671 sed
1339 2633 1518 2688 neque
1561 2620 1774 2676 itineris
1802 2621 2089 2691 longitudi-

2764 2386 2869 2445 lA'.
2917 2390 3004 2457 Τῷ
3052 2388 3236 2456 αὐτῷ.

2265 2535 2327 2587 Ei
2366 2533 2468 2604 μὲν
2518 2523 2747 2586 δυνατὸν
2781 2518 2850 2603 ἧν
2901 2530 3066 2584 αὐτὸν
3125 2531 3226 2598 ἐμὲ
3282 2530 3419 2601 πρὸς
3458 2529 3540 2596 σέ,
3596 2529 3791 2583 τέκνον

2191 2628 2372 2700 ήμῶν,
2406 2626 2841 2699 παραγενέσθαι,
2893 2627 2996 2681 οὐκ
3038 2625 3107 2679 ἂν
3156 2625 3572 2696 παρῃτησάμην
3625 2623 3789 2676 τοῦτο

497 2704 624 2756 ἥρω
682 2718 859 2774 neque
916 2706 1114 2764 hiemis
1161 2709 1418 2765 duritiam
1456 2705 1640 2783 magni
1679 2717 1998 2784 pendermc,
2033 2726 2089 2773 et

2192 2723 2442 2793 ποιῆσαι·
2477 2722 2615 2776 ἀλλὰ
2648 2723 2747 2776 καὶ
2782 2722 2882 2791 τῆς
2907 2720 3029 2774 ὁδοῦ
3063 2720 3125 2773 τὸ
3164 2719 3362 2790 μῆκος,
3399 2721 3498 2772 καὶ
3532 2717 3629 2771 τοῦ
3669 2736 3786 2788 χει-

497 2796 562 2849 ad
599 2806 750 2853 tuam
775 2796 1234 2868 gloriosissimam
1264 2804 1609 2875 majeSIatem
1638 2809 1791 2864 adire
1822 2827 1931 2865 non
1975 2822 2089 2866 tar-

2194 2816 2374 2888 μῶνος
2399 2815 2502 2886 τὴν
2526 2815 2755 2886 πικρίαν
2801 2816 2861 2869 ἐν
2908 2814 3150 2884 δευτέρῳ
3191 2812 3258 2866 ἂν
3291 2812 3520 2882 ἐθέμην,
3563 2812 3659 2865 καὶ
3689 2811 3789 2882 τὴν

498 2887 710 2946 darem.
759 2882 919 2949 Nunc
965 2904 1147 2952 autem
1211 2910 1469 2956 senectus
1494 2910 1609 2957 me‘
1631 2903 1895 2973 opprimit
1920 2914 1973 2960 et
2000 2906 2089 2961 vix

2192 2882 2328 2978 πρὸς
2359 2882 2849 2976 τὴννμεγαλόδοξόν
2883 2922 2978 2959 σου
3030 2882 3204 2975 ἀρχὴν
3251 2904 3354 2957 οὐκ
3396 2901 3626 2974 ὤκνησα
3679 2921 3784 2956 που

498 2980 639 3037 leeto
667 2983 819 3040 exire
839 2986 1011 3042 sinit:
1047 2980 1216 3054 unde,
1252 2991 1381 3047 licet
1410 2993 1630 3060 invitus,
1664 2996 1733 3051 ab
1756 2997 1846 3051 illa
1877 2998 2093 3068 profec-

499 3070 647 3129 tione
698 3079 1030 3149 prohibeor;
1082 3098 1246 3152 quam
1292 3086 1339 3140 si
1393 3086 1573 3144 facere
1620 3092 1924 3160 potuissem
1978 3108 2084 3147 non

497 3175 644 3224 'certe
671 3184 795 3226 meo
850 3173 1121 3232 desiderio
1177 3177 1462 3237 fraudatus
1503 3182 1759 3240 fuissem.
1790 3183 1911 3240 Non
1937 3186 2084 3241 enim

2193 2999 2346 3070 ρείαν
2395 2999 2762 3069 ποιήσασθαι.
2799 2998 2918 3051 Νῦν
2962 2997 3018 3052 δὲ
3063 2996 3148 3049 ὅτι
3194 2997 3289 3050 καὶ
3344 2996 3406 3049 τὸ
3452 2999 3628 3067 γῆρας
3664 2995 3791 3049 ἐπίο

2196 3103 2399 3153 κειται,
2439 3090 2533 3142 καὶ
2578 3091 2611 3160 ή
2661 3091 2859 3143 τούτου
2915 3087 3163 3160 βαρύτης
3211 3087 3412 3158 μικροῦ
3445 3088 3543 3142 καλ⁸
3577 3088 3675 3142 τοῦ
3723 3089 3791 3141 ἐκ

2198 3183 2294 3253 τῆς
2320 3181 2509 3252 κλίνης
2538 3183 2690 3253 ἡμᾶς
2726 3183 3053 3238 ἀνίστασθαι
3086 3184 3310 3254 ἀπόρως
3357 3178 3662 3253 διατίθησι,
3692 3180 3791 3234 καὶ

497 3265 829 3329 cessassem,
866 3264 1032 3321 modo
1059 3268 1242 3325 verbis
1278 3273 1612 3341 supplicans,
1662 3285 1850 3344 caput,
1874 3276 2087 3340 oculos,

2198 3274 2429 3339 ἄκοντες
2493 3275 2810 3347 ἐπεχόμεθα
2851 3276 2950 3347 τῆς
2998 3275 3255 3347 τοιαύτης
3315 3275 3518 3347 ὁρμῆς,
3561 3276 3628 3347 ἣν
3668 3269 3792 3328 οἶδα

498 3352 759 3410 dilectum
790 3358 1003 3413 vultum
1040 3376 1352 3433 manusque
1380 3364 1733 3436 deosculans,
1764 3370 1924 3426 modo
1948 3386 2092 3440 quo.

498 3448 608 3513 (itte
669 3457 847 3518 genua
901 3445 1245 3523 amplexatus
1269 3465 1322 3511 et
1357 3457 1540 3512 forsan
1574 3461 1739 3529 pedes
1781 3463 2088 3533 usquedum

496 3540 608 3595 voti
637 3555 862 3612 compos
918 3544 1143 3602 fuissem
1204 3548 1402 3606 factus.
1462 3550 1568 3607 Sed
1618 3555 1801 3623 gravis
1824 3571 1909 3610 me
1946 3566 2092 3611 tenet

499 3640 772 3702 Senectus,
797 3637 1235 3711 valetudinisque
1263 3643 1620 3701 inexorabilis
1649 3648 1916 3717 tyrannis,
1947 3653 2091 3704 unde

499 3729 707 3798 Scripto
736 3745 874 3801 opus
898 3742 1002 3789 est.
1059 3733 1166 3790 Sed
1208 3725 1388 3806 primo
1420 3738 1734 3805 considera,
1760 3741 1833 3795 iiii
1866 3743 1964 3809 mi,
1994 3759 2092 3798 cn-

491 3816 584 3890 jns
619 3823 697 3877 rei
747 3826 922 3895 gratia
982 3828 1246 3893 scribam,
1278 3832 1329 3884 ct
1384 3832 1433 3886 si
1482 3831 1625 3888 forte
1684 3844 1911 3904 propter
1967 3852 2089 3893 mea

499 3918 722 3982 peccata
761 3918 1023 3988 indignus
1069 3918 1171 3977 sim
1216 3925 1309 3991 qui
1367 3932 1422 3980 et
1491 3925 1718 3993 audiar,
1770 3929 2090 4000 magnitudo

502 4021 685 4066 tamen
720 4012 798 4065 rei
836 4027 937 4082 pro
961 4028 1071 4082 qua
1124 4016 1307 4072 scribo
1341 4026 1493 4073 tuum
1516 4019 1662 4088 pium
1690 4022 1936 4077 animum
1968 4023 2091 4080 liceo

498 4107 609 4169 tat;
639 4103 787 4172 quod
818 4105 1056 4161 arbitror
1106 4116 1159 4162 te
1212 4125 1435 4179 quoque
1492 4112 1811 4169 desiderare
1837 4125 1891 4170 et
1916 4133 2079 4187 qum-

497 4205 639 4263 rere,
682 4195 808 4253 licet
837 4193 1121 4255 obstacula
1142 4202 1212 4257 ab
1247 4204 1565 4259 hominibus
1594 4207 1725 4262 oriri
1772 4209 1930 4264 solita
1958 4210 2091 4267 illud

498 4290 704 4345 bonum
760 4286 1095 4348 desiderium
1145 4310 1519 4366 compescant.
1567 4299 1681 4356 Cur
1723 4312 1908 4357 autem
1979 4321 2089 4359 non

498 4381 662 4438 citius
691 4381 816 4437 dico
847 4376 1048 4442 mentis
1080 4402 1214 4442 meae
1249 4397 1438 4443 votum
1468 4400 1523 4446 et
1572 4409 1687 4447 rem
1724 4396 1929 4465 ipsam?
1962 4396 2093 4453 Mem

500 4477 882 4546 supplicationi
949 4495 1234 4537 accessum
1302 4500 1548 4555 praeparo
1599 4498 1654 4543 et
1703 4489 1862 4556 quasi
1947 4491 2089 4545 viam

497 4578 767 4637 praestrno
793 4590 808 4626 :
839 4574 1208 4644 supplicamus
1230 4585 1283 4631 et
1315 4579 1689 4649 obsecramus,
1718 4582 1791 4637 ﬁli
1828 4583 1923 4647 mi,
1945 4584 2089 4639 illam

496 4663 563 4718 ad
596 4672 647 4719 te
692 4667 1062 4734 precationem
1122 4670 1401 4728 mittentes
1448 4673 1608 4744 cujus
1671 4662 1981 4745 apostolum
2035 4689 2090 4733 et
2123 4653 2164 4708 Π

496 4759 730 4828 legatum
756 4758 921 4816 Pater
961 4771 1017 4816 et
1047 4761 1189 4819 Dens
1232 4764 1623 4822 universorum
1686 4768 1887 4825 Filium
1921 4787 2083 4826 suum

494 4852 837 4923 unigenitum
871 4852 924 4909 in
964 4866 1139 4912 terras
1173 4841 1362 4924 misit;
1394 4860 1545 4915 misit
1595 4861 1868 4931 siquidem
1912 4880 1943 4920 e
1987 4881 2090 4921 suo

494 4945 618 4998 sinu
656 4940 1012 5003 immaculato
1037 4949 1300 5018 aequalem
1334 4950 1437 5006 sibi
1500 4952 1725 5023 Filium,
1753 4962 1814 5009 ut
1845 4955 2088 5013 inimici-

491 5035 692 5090 tiarum
723 5038 984 5106 parietem
1017 5052 1282 5096 everteret
1324 5059 1625 5116 pacemque
1668 5045 1809 5102 inter
1843 5062 1939 5104 eos
1991 5050 2086 5118 qui

494 5127 633 5182 bella
668 5129 925 5199 gerebant
963 5133 1226 5190 ﬁrmaret.
1257 5125 1649 5208 Snpplicamus
1683 5155 1787 5195 nos
1844 5141 2087 5199 humiles

491 5221 586 5291 qnl
636 5232 831 5280 sancto
885 5226 1048 5282 altari
1096 5237 1364 5294 astamus,
1413 5248 1521 5286 non
1587 5242 1810 5303 propter
1861 5235 2083 5306 aliquod

494 5316 776 5385 meritum,
822 5319 916 5375 sed
946 5332 1169 5392 prepter
1200 5326 1585 5381 incessabilem
1609 5327 1912 5384 bonitatem
1964 5329 2086 5399 ejus

493 5408 588 5478 q‘ui
647 5425 750 5466 nos
801 5423 991 5468 sancta
1060 5415 1239 5486 gratia
1298 5420 1522 5473 donavit
1590 5419 1882 5491 :idipsum
1932 5421 2082 5490 pium

497 5514 649 5558 unum
679 5506 922 5563 animum
949 5526 1208 5579 rogamus
1234 5514 1379 5581 quod
1417 5514 1588 5569 Deum
1620 5515 1778 5570 altari
1813 5523 2082 5579 astantes,

498 5601 548 5664 id
573 5611 677 5662 c5t.
703 5608 854 5674 pacis
879 5609 1312 5665 restitutionem.

2189 3369 2264 3433 ὡς
2297 3371 2456 3442 εἴπερ
2485 3366 2554 3442 ἧν
2585 3369 2950 3437 ἐνδείξασθαι,
2983 3370 3086 3424 οὐκ
3114 3370 3180 3425 ἂν
3211 3370 3486 3439 ἀπέτυχον
3518 3368 3614 3422 τοῦ
3653 3385 3788 3422 σκο-

2192 3462 2320 3515 ποῦ·
2348 3463 2408 3516 οὐ
2448 3464 2556 3533 γὰρ
2592 3463 2661 3517 ἄν
2691 3465 3046 3533 ἐπαυσάμην,
3075 3463 3237 3518 τοῦτο
3266 3464 3366 3533 μὲν
3400 3465 3612 3534 ῥήμασι
3653 3463 3790 3517 δυσδ

2190 3554 2378 3620 ωπῶν,
2446 3556 2608 3610 τοῦτο
2636 3556 2693 3611 δέ
2729 3558 2830 3627 τὴν
2870 3556 3116 3628 κεφαλὴν
3143 3557 3239 3612 καὶ
3284 3557 3355 3610 τὰ
3403 3555 3651 3627 ὄμματα,
3695 3556 3791 3609 καὶ

2188 3649 2251 3700 τὸ
2283 3648 2437 3715 φίλον
2464 3649 2589 3718 ἐμοὶ
2619 3649 2939 3720 πρόσωπον,
2976 3651 3072 3704 καλ⁵
3097 3653 3196 3715 τάς
3224 3653 3417 3722 χεῖρας
3449 3649 3791 3717 καταφιλῶν,

2188 3740 2351 3794 τοῦτο
2382 3741 2441 3795 δὲ
2474 3743 2569 3795 καὶ
2611 3744 2859 3812 γονάτων
2892 3745 3227 3814 ἁπτόμενος,
3263 3743 3431 3815 τυχὸν
3468 3744 3524 3796 δέ
3555 3742 3792 3795 καὶτῶν

2192 3833 2395 3897 ποδῶν,
2445 3835 2551 3898 ἕως
2600 3836 2667 3890 ἂν
2700 3837 2763 3890 τὸ
2813 3837 3261 3907 σπουδαζόμενον
3319 3835 3791 3907 κατεπραξὰμην.

2204 3925 2348 3980 Ἀλλ’
2383 3928 2575 3997 ἐπέχει
2631 3946 2701 3998 με
2752 3930 2855 3999 τῆς
2904 3928 3165 4000 τοιαύτης
3217 3928 3398 3998 ὁρμῆς
3453 3928 3515 3980 τὸ
3554 3928 3795 3998 χαλεπὸν

2192 4018 2395 4091 γῆρας,
2429 4021 2524 4073 καὶ
2559 4022 2590 4092 ἡ
2620 4022 3004 4093 ἀπαραίτητος
3036 4022 3302 4090 τυραννὶς
3335 4020 3433 4088 τῆς
3462 4018 3782 4082 ἀσθενείας·

2190 4114 2277 4168 διὰ
2315 4114 2494 4168 ταῦτα
2543 4115 2925 4187 προσδεόμενα
2967 4113 3513 4185 γράμματος.’Δλλὰ
3570 4112 3794 4183 πρῶτον

2191 4210 2559 4279 κατανόησον,
2597 4209 2791 4263 τέκνον
2827 4210 3010 4281 ἡμῶν,
3047 4207 3191 4278 ὑπὲρ
3235 4207 3381 4269 τίνος
3423 4207 3455 4275 ἡ
3492 4204 3793 4276 πρεσϐεία,

2194 4302 2289 4353 καὶ
2322 4302 2372 4354 εί
2418 4301 2584 4372 τυχὸν
2643 4299 2756 4368 ἐγὼ
2804 4300 2896 4353 διὰ
2939 4300 3037 4363 τὰς
3079 4299 3221 4367 ἐμθις
3258 4298 3535 4368 ἁμαρτίας
3571 4297 3794 4364 ἀνάξιος

2194 4391 2607 4459 εἰσακούεσθαι,
2667 4392 2808 4445 ἀλλὰ
2861 4391 2922 4445 τὸ
2989 4390 3224 4461 μέγεθος
3289 4389 3381 4443 τοῦ
3436 4390 3794 4459 πράγματος,

2196 4484 2341 4555 ὑπὲρ
2370 4474 2433 4538 οὗ
2462 4485 2873 4556 πρεσϐεύομεν,
2916 4482 3018 4554 τὴν
3071 4483 3173 4551 σὴν
3223 4481 3579 4554 φιλόχριστον
3613 4483 3793 4535 δυσω-

2197 4579 2430 4651 πησὰτω
2459 4579 2661 4652 ψυχὴν,
2703 4581 2864 4651 ὅπερ,
2898 4573 3079 4650 οἶμαι,
3120 4578 3214 4631 καὶ
3269 4577 3433 4640 αὐτὸς
3498 4575 3794 4647 ἐπιθυμεῖς

2196 4674 2292 4726 καὶ
2321 4670 2531 4742 ζητεῖς,
2566 4675 2662 4725 καὶ
2706 4666 2794 4724 οἷα
2827 4671 2898 4725 τὰ
2928 4670 2989 4736 ἐξ
3037 4669 3348 4741 ἀνθρώπιον
3405 4669 3793 4741 ἐναντιώματα

2195 4767 2297 4837 τὴν
2345 4766 2520 4836 καλὴν
2562 4765 2774 4837 ταύτην
2809 4764 3110 4837 ἁνακρούει
3156 4764 3482 4831 ἐπιθυμίαν.
3547 4762 3712 4817 Ἀλλά
3741 4764 3794 4815 τί
3853 4755 3861 4763 ⁷

2198 4858 2276 4931 μὴ
2299 4859 2485 4929 τάχιον
2511 4859 2657 4929 λέγω
2687 4859 2748 4911 τὸ
2782 4857 3035 4929 βούλημα
3064 4857 3163 4927 τῆς
3195 4857 3378 4928 ψυχῆς
3412 4859 3507 4911 καὶ
3549 4858 3612 4910 τὸ
3652 4861 3793 4929 πρᾶ-

2195 4973 2356 5027 γμα;
2393 4953 3027 5027 Προπαρασκευάζομαι
3059 4953 3117 5006 δὲ
3162 4953 3257 5007 καὶ
3292 4947 3406 5007 οἷον
3441 4954 3794 5025 προοδοποιῶ

2194 5049 2295 5115 τὴν
2332 5049 2707 5120 προσαγωγὴν
2736 5050 2802 5117 τῇ
2826 5046 3134 5117 ,ἱκετηρίᾳο
3168 5046 3495 5117 ἱκετεύομεν
3537 5048 3632 5100 καὶ
3675 5044 3793 5099 δεό-

2199 5141 2361 5212 μεθα,
2424 5142 2616 5194 τέκνον
2667 5141 2850 5210 ἡμῶν,
2901 5141 3123 5209 ἐκείνην
3188 5158 3272 5194 σοι
3315 5140 3416 5208 τὴν
3462 5138 3648 5209 δέησιν
3698 5138 3791 5207 φέ-

2198 5253 2405 5308 ροντες,
2442 5230 2512 5308 ἦς
2545 5236 2574 5285 ὁ
2622 5234 2816 5304 Πατὴρ
2848 5234 2944 5286 καὶ
2979 5234 3115 5296 Θεὸς
3165 5234 3275 5287 τῶν
3321 5231 3461 5286 ὅλων
3497 5231 3590 5284 τὸν
3627 5247 3791 5297 μονοα
3855 5245 3863 5253 '

2205 5328 2338 5398 γενῆ
2385 5326 2556 5381 αὐτοῦ
2607 5327 2737 5381 Υίὺν
2779 5326 3085 5380 ἀπόστολον
3138 5325 3235 5378 καὶ
3282 5322 3528 5394 πρέσϐυν
3566 5322 3647 5383 είς
3694 5320 3791 5373 τὸν

2196 5426 2402 5492 κόσμον
2434 5420 2759 5475 ἀπέστειλεν
2784 5435 2799 5448 ·
2834 5418 3127 5473 ἀπέστειλε
3159 5416 3269 5487 γὰρ
3287 5417 3350 5470 ἐκ
3368 5415 3480 5469 τῶν
3501 5414 3792 5484 ἁχράντων

2197 5518 2292 5569 καὶ
2338 5515 2501 5569 θείων
2559 5516 2779 5569 κόλπων
2835 5513 2930 5566 τὸν
2984 5511 3250 5582 ὁμότιμον
3307 5508 3474 5564 αὑτοῦ
3522 5509 3616 5561 καὶ
3654 5508 3791 5578 ὁμό-

2133 5612 2317 5681 ο,οΞον
2354 5612 2478 5663 Υἱῖλν
2506 5612 2600 5663 ἐπὶ
2626 5608 2687 5663 τὺ
2719 5605 2930 5660 καταλῦ
2968 5623 3059 5658 σαι
3110 5604 3209 5673 μὲν
3240 5604 3300 5656 τὸ
3332 5603 3653 5675 μεσότοιχον
3688 5604 3789 5672 τῆς

499 5691 718 5767 ἔχθρας,
756 5697 1060 5768 βραῦεὖσαι
1092 5702 1150 5754 δὲ
1178 5703 1276 5777 τὴν
1335 5705 1564 5775 εἰρήνην
1618 5708 1729 5768 τοῖς
1808 5703 1927 5758 κατ’
1970 5704 2220 5775 ἀλλήλων
2286 5701 2868 5771 ἐκπεπολεμωμένοις.
2920 5697 3297 5767 Δυσωποῦμεν
3384 5696 3545 5766 ἡμεῖς
3594 5696 3643 5748 οί
3684 5712 3788 5746 τα-

504 5792 674 5844 πεινοὶ
727 5796 821 5847 καὶ
850 5796 1229 5867 παρίστασθαι
1273 5800 1348 5868 τῷ
1403 5801 1544 5871 ἁγίῳ
1612 5801 1988 5872 θυσιαστηρίῳ
2052 5800 2510 5865 καταξιωθέντες,
2539 5796 2657 5851 οὐδὲ
2690 5795 2755 5848 δι’
2781 5793 2838 5846 ἒν
2913 5792 3182 5863 ἡμέτερον
3255 5788 3614 5860 κατόρθωμα,
3649 5786 3787 5840 ἀλλὰ

573 5953 591 5980 ⁷
619 5954 784 6006 Ριον.
821 5970 895 6021 ix,
923 5953 978 6010 θ.
