4178 6488
666 378 742 443 89

677 583 955 651 Κρείσσον
976 579 1190 648 ἀγαθὸν
1218 581 1417 651 ὄνομα,
1439 581 1630 640 τέκνον
1657 578 1810 649 eum,
1865 578 1928 631 ού
1962 578 2122 648 μόνον
2143 577 2285 648 ὑπὲρ

677 675 916 737 πλοῦτον
952 672 1152 737 πολὺν,
1209 672 1346 732 ἀλλά
1410 672 1505 728 καὶ
1563 672 1704 743 ὑπὲρ
1751 671 1935 725 πᾶσαν
1985 669 2144 735 δόξαν
2193 672 2286 723 καὶ

683 765 950 839 βιωτικὴν
981 763 1379 835 περιφάνειαν.
1473 830 1485 842 _

771 859 981 917 Ἐννόει
1019 873 1112 927 μοι
1159 857 1337 920 ταῦτα
1405 857 1502 911 καὶ
1561 857 1703 926 ὅπερ
1749 858 1816 910 ὲκ
1872 854 2065 919 παιδὸς
2111 853 2286 924 ὄνομα

684 949 853 1012 καλὸν
889 947 1264 1018 ὲπεπόθησας,
1321 950 1547 1018 μνήμην
1605 947 1826 1016 ἔντιμον
1872 947 1966 999 καὶ
2000 945 2282 1016 λαμπράν.

683 1040 909 1110 ταύτην
946 1039 1024 1110 μὴ
1049 1038 1414 1110 ἀπολέσωμεν
1440 1039 1528 1093 διά
1565 1037 1904 1110 φιλονεικίαν
1936 1037 2028 1090 καὶ
2056 1035 2286 1107 πικρίαν

684 1133 894 1202 ψυχῆς
939 1131 1108 1192 καλὸν
1134 1131 1347 1201 ἑφόδιον
1391 1131 1528 1201 πρὸς
1578 1130 1670 1183 τὸν
1741 1129 2008 1200 μέλλοντα
2055 1127 2168 1198 βίον
2226 1128 2288 1179 τὸ

692 1225 1012 1295 συναπᾶραι
1054 1225 1195 1294 μετά
1221 1223 1330 1278 τῶν
1363 1223 1464 1294 τῆς
1490 1224 1693 1293 ἀρετῆς
1749 1221 2065 1292 έγκωμίωνε
2119 1220 2287 1274 καλὸν

690 1319 750 1376 δὲ
773 1320 869 1371 καὶ
893 1318 954 1370 τὸ
988 1316 1317 1369 καταλιπεῖν
1340 1317 1452 1380 τοῖς
1482 1317 1594 1378 σοῖς
1622 1313 1864 1384 χρηστοῦ
1889 1313 2097 1384 πατρὸς
2121 1311 2288 1366 τέκνα.

693 1409 1006 1474 καλεῖσθαι,
1037 1405 1342 1472 ἐπιεικοῦς,
1377 1407 1578 1478 πράου,
1609 1405 1843 1476 ἡμέρου,
1872 1401 2281 1472 φιλανθρώπου,

695 1501 836 1556 ἀλλά
884 1500 960 1578 μὴ
999 1499 1068 1562 τά
1100 1499 1309 1552 τούτων
1342 1498 1562 1558 ἐναντία
1595 1514 1609 1530 ⁶
1647 1497 1783 1568 μηδὲ
1820 1497 2054 1566 ¹γένοιτο,
2093 1492 2285 1549 τέκνον

699 1593 858 1666 ἐμὶν,
904 1594 1046 1648 οὕτω
1101 1593 1231 1656 τοὺς
1288 1591 1416 1654 σούς
1462 1590 1636 1656 υἱοὺς,
1688 1590 1760 1644 τὰ
1813 1589 1924 1660 ἐμὲ
1974 1587 2288 1656 γλυκύτατα

701 1688 1038 1758 δυστυχῆσαι
1073 1687 1270 1753 τέκνα,
1334 1684 1474 1738 ὥστε
1505 1683 1623 1738 ἀνθ’
1657 1675 1734 1737 ὧν
1767 1678 1925 1737 εἷπον
1959 1680 2142 1735 καλῶν
2178 1679 2289 1732 ὀνο-

715 1781 928 1851 μάτων,
983 1776 1392 1847 κληρονομῆσαι
1448 1774 1556 1829 τῶν
1601 1772 1885 1828 ἐναντίων.
1967 1771 2207 1832 Ἐκεῖνος
2259 1768 2288 1820 ὁ

2155 371 2564 437 EPISTOLAI.
3893 384 3964 448 90

670 497 773 552 sit;
831 485 1054 556 σφαγὰς
1133 485 1232 540 καὶ
1279 487 1379 552 τάς
1451 485 1768 558 μιαιφονίας
1816 485 2271 556 βδελυσσόμενοι;

2401 487 2576 540 Belius
2632 499 2718 544 est
2773 491 2976 553 bonum
3019 509 3218 550 nomen
3258 534 3273 560 ,
3325 496 3398 551 lili
3457 500 3567 564 mi,
3632 515 3736 553 non
3783 504 3959 556 solum

2387 576 2594 634 divitiis
2645 581 2856 649 multis,
2922 586 3017 641 sed
3062 596 3118 642 et
3161 588 3310 647 omni
3357 590 3528 659 gloria
3587 599 3640 645 et
3689 592 3965 648 mundano

2390 671 2618 728 honore.

2461 857 2593 914 Mihi
2624 875 2846 933 quoque
2878 869 3054 918 tecum
3097 875 3293 935 reputo
3327 865 3472 936 quod
3505 865 3572 920 ab
3602 864 3830 920 infantia
3870 867 3970 920 bo-

2388 968 2519 1006 num
2560 970 2759 1009 nomen
2793 956 3133 1024 desiderasti,
3156 961 3588 1030 memoriamque
3646 963 3968 1016 honoratam

2389 1052 2555 1113 atque
2604 1045 2871 1101 illustrem
2903 1064 2918 1112 ;
2947 1064 3110 1117 quam
3165 1063 3233 1104 ne
3268 1051 3557 1118 perdamus
3588 1050 3887 1105 ambitione
3918 1059 3972 1106 et

2389 1136 2554 1190 animi
2590 1138 2907 1206 acerbitate;
2936 1139 3140 1193 bonum
3163 1141 3420 1196 viaticum
3441 1143 3508 1195 ad
3540 1141 3778 1196 futuram
3805 1147 3966 1198 vitam

2390 1241 2515 1281 cum
2557 1230 2772 1284 virtutis
2822 1230 2984 1285 laude
3043 1233 3325 1302 migrare:
3379 1233 3579 1286 bonum
3607 1231 3827 1303 quoque
3863 1234 3970 1290 tuis

2389 1319 2575 1376 liberis
2610 1323 2915 1392 relinquere
2948 1339 3078 1391 quo,
3144 1325 3497 1379 nominentur
3533 1325 3699 1392 patris
3755 1327 3847 1380 lilii
3874 1342 3973 1398 0p-

2391 1411 2530 1477 timi,
2562 1414 2849 1477 moderati,
2901 1416 3200 1478 mansueti,
3232 1417 3395 1478 lenis,
3437 1415 3687 1480 humani,
3728 1431 3838 1470 non
3870 1433 3975 1471 au-

2389 1513 2538 1568 tem,
2573 1505 2884 1571 contraria;
2929 1506 3092 1569 absit,
3131 1506 3204 1560 ﬁli
3240 1507 3332 1573 mi,
3361 1517 3482 1561 tuos
3510 1507 3732 1574 liberos,
3768 1508 3974 1563 dulcis-

2391 1594 2560 1650 simos
2610 1611 2760 1652 meos
2795 1597 2976 1663 ‘Jilios,
3033 1598 3103 1651 ita
3142 1600 3374 1653 miseros
3403 1598 3539 1663 fore,
3573 1609 3648 1665 ut,
3675 1616 3772 1669 pro
3807 1602 3968 1656 bonis

2393 1688 2845 1759 nominibusqu
2873 1690 3009 1757 diri,
3047 1692 3321 1745 contraria
3356 1692 3634 1746 obtineant
3661 1709 3676 1758 ;
3706 1709 3826 1762 quae
3859 1694 3970 1746 ha:-

2392 1777 2599 1832 reditas
2630 1778 2858 1831 multum
2895 1788 3118 1848 praestat
3153 1782 3457 1849 potentiam
3488 1794 3652 1852 atque
3679 1784 3974 1838 auctorita-

732 1872 938 1940 κλῆρος
981 1867 1298 1939 τιμιώτερος
1323 1867 1423 1938 τῆς
1463 1867 1764 1940 μελλούσης
1793 1866 1978 1930 αὐτοῖς
2003 1861 2156 1932 παρὰ
2191 1859 2284 1914 σοῦ

2401 1877 2501 1921 tem
2562 1885 2700 1938 quas
2723 1871 2804 1924 eis
2837 1884 2896 1923 es
2929 1869 3259 1938 relicturus;
3295 1886 3431 1941 quas
3457 1889 3679 1939 curans,
3716 1884 3976 1943 tanquam

718 1960 1217 2031 καταλιμπάνεσθαι
1246 1960 1422 2030 ἀρχῆς
1464 1959 1560 2012 καὶ
1594 1958 1867 2025 ἐξουσίας·
1923 1950 1999 2010 ὧν
2030 1955 2094 2009 σὺ
2126 1970 2291 2026 φρον-

709 2052 831 2112 τίδα
866 2050 1207 2120 ποιούμενος,
1231 2049 1308 2114 ὡς
1335 2049 1502 2113 ὅντως
1530 2048 1681 2119 παρὰ
1697 2047 1835 2102 Θεοῦ
1860 2045 1954 2100 τοῦ
1982 2045 2074 2100 σοῦ
2101 2045 2290 2110 ἔθνους

703 2148 898 2225 ἄρχειν
924 2144 1224 2209 καταστάς.
1263 2144 1373 2196 Καὶ
1434 2143 1665 2214 προσέτι
1719 2143 1822 2212 τῆς
1871 2140 1932 2206 ἐξ
1981 2142 2158 2213 ἀρχῆς
2195 2157 2288 2194 σου

702 2237 1016 2300 ἐπιεικείας
1045 2236 1140 2296 καὶ
1161 2235 1373 2306 ἡμέρου
1408 2234 1590 2304 ψυχῆς
1622 2232 1699 2304 μὴ
1733 2234 2104 2304 ἐξιστάμενος,
2146 2233 2292 2287 ἀνοι-

703 2329 798 2392 ξον
832 2331 969 2399 ἡμῖν
995 2329 1061 2390 τά
1088 2323 1226 2393 ὦτα,
1258 2327 1354 2380 καὶ
1383 2327 1490 2398 πρὸ
1554 2325 1663 2382 τῶν
1699 2324 1855 2381 ὢτων
1902 2325 2002 2396 τὴν
2036 2325 2290 2396 καρδίαν,

701 2423 799 2476 καὶ
818 2420 1060 2490 πρόσχες
1074 2423 1186 2494 τοῖς
1204 2418 1519 2488 λεγομένοις
1537 2416 1612 2481 ὡς
1633 2415 1785 2488 παρά
1806 2415 1959 2486 φίλου
1977 2414 2296 2486 λεγομένοις

701 2516 800 2572 καὶ
831 2513 998 2585 [forte
1023 2512 1256 2584 πατρὸς]
1289 2513 1429 2583 πρὸς
1474 2509 1824 2580 ἀγαπῶντος.
1851 2508 1915 2563 Ei
1939 2509 2014 2580 μὴ
2067 2508 2294 2580 νομίζῃς

703 2607 931 2670 ἀνάξιον
964 2606 1027 2658 τὸ
1058 2606 1246 2658 καλεῖν
1285 2605 1521 2674 πατέρα,
1544 2603 1594 2656 εί
1623 2605 1717 2664 καὶ
1765 2601 2115 2672 ἁμαρτωλὸν,
2143 2603 2294 2670 ὅμως

701 2699 765 2754 δὲ
816 2698 1162 2769 πρεσϐύτην,
1195 2697 1291 2754 καὶ
1340 2694 1641 2750 ἐπισκόπου
1678 2694 1832 2764 τάξιν
1861 2694 2118 2764 λαχόντα,
2148 2692 2240 2755 οὓς
2268 2693 2296 2745 ὀ

704 2791 946 2860 Χριστος
980 2788 1140 2858 ἡμῶν
1170 2788 1269 2841 καὶ
1295 2785 1427 2849 Θεὸς
1462 2785 1868 2856 πνευματικοὺς
1894 2785 2022 2853 ὑμῖν
2049 2781 2294 2854 παρέσχε

707 2883 981 2951 πατέρας,
1026 2879 1206 2951 πολλῷ
1253 2879 1365 2940 τῶν
1423 2878 1567 2936 κατὰ
1629 2879 1810 2946 σάρκα
1841 2876 2246 2946 γνησιωτέρους
2278 2891 2292 2906 ο

708 2977 834 3028 ἐπεὶ
869 2976 939 3030 τὰ
980 2976 1080 3044 μὲν
1110 2975 1210 3044 τῆς
1241 2972 1443 3044 σαρκὸς
1462 2973 1673 3037 λύεται,
1697 2971 1837 3025 τὰδὲ
1873 2969 1968 3022 τοῦ
1989 2968 2298 3034 πνεύματος

710 3069 906 3126 ἄλυτα.
964 3067 1115 3119 Ἀλλ’
1153 3069 1232 3130 εἰς
1289 3067 1453 3136 εὐχὴν
1482 3068 1509 3118 ὁ
1539 3065 1698 3133 λόγος
1745 3063 1904 3133 ἡμῶν
1965 3061 2292 3114 τελευτάτω·

709 3161 808 3213 καὶ
861 3159 917 3210 τί
957 3157 1210 3228 ἕτερονῆ
1246 3156 1406 3210 τοῦτο
1469 3155 1683 3227 φαμέν;
1729 3157 1816 3218 Ὠς
1861 3155 1945 3226 εἴη
1985 3153 2220 3224 Χριστὸς
2271 3154 2298 3204 ὁ

2395 1961 2490 2031 qui
2523 1977 2554 2016 a
2585 1961 2694 2016 Deo
2726 1971 2831 2016 tuae
2858 1964 3005 2032 genti
3035 1964 3358 2029 dominaris,
3394 1973 3556 2036 atque
3580 1967 3756 2036 prima
3791 1967 3980 2022 mode-

2395 2055 2609 2111 ratione
2637 2065 2690 2110 et
2717 2057 2901 2111 cordis
2931 2058 3354 2112 mansuetudine
3386 2075 3492 2113 non
3539 2059 3820 2125 decidens,
3891 2075 3981 2115 no-

2397 2149 2482 2203 bis
2536 2164 2700 2205 aures
2725 2159 2847 2204 tuas
2895 2150 3045 2220 aperi
3079 2161 3242 2220 atque
3305 2161 3432 2206 ante
3459 2167 3621 2206 aures
3673 2168 3767 2206 cor
3800 2162 3977 2219 tuum,
4068 2191 4080 2210 .

2395 2249 2449 2296 et
2466 2241 2625 2296 diclis
2655 2242 2872 2296 attende
2926 2251 3182 2312 tanquam
3215 2243 3283 2296 ab
3313 2243 3492 2298 amico
3541 2253 3592 2297 et
3635 2259 3697 2297 ex
3754 2245 3981 2301 caritate

2396 2330 2595 2397 dictis;
2661 2333 2764 2386 nisi
2821 2331 3104 2401 indignum
3163 2333 3334 2387 ducas
3361 2340 3445 2387 me
3494 2349 3688 2387 vocare
3742 2343 3976 2402 patrem,

2397 2426 2613 2480 etiamsi
2637 2434 3001 2494 pcecatorem,
3035 2425 3306 2482 seniorem
3331 2436 3509 2479 tamen
3537 2435 3592 2479 et
3613 2424 3977 2495 episcopalem

2399 2518 2723 2587 dignitatem
2793 2518 3092 2581 sortitum;
3146 2533 3283 2584 quos
3340 2515 3594 2570 Christus
3633 2515 3774 2570 Deus
3799 2525 3980 2572 noster

2400 2609 2557 2663 vobis
2611 2607 2929 2676 Spiritualcs
2978 2607 3127 2661 dedit
3189 2617 3390 2676 patres,
3441 2611 3613 2660 multo
3667 2607 3981 2662 carnalibus

2399 2701 2720 2772 parentibus
2781 2701 3149 2766 amantiores;
3199 2701 3382 2754 carni-5
3435 2705 3578 2754 enim
3628 2703 3842 2755 vincula
3874 2701 3986 2756 sol-

2405 2799 2628 2852 vuntur,
2662 2788 2892 2858 spiritus
2954 2799 3134 2841 autem
3199 2787 3632 2850 indissolubilis;
3671 2787 3764 2840 sed
3797 2787 3849 2839 in
3885 2786 3983 2840 0b-

2403 2885 2762 2939 secrationcm
2824 2884 3040 2938 desinat
3092 2898 3273 2937 sermo
3334 2893 3554 2947 noster;
3625 2882 3751 2952 quid
3797 2889 3980 2936 autem

2403 2975 2548 3028 aliud
2578 2975 2823 3029 dicemus
2851 2991 3013 3046 quam
3046 2974 3231 3029 istud?
3254 2972 3478 3028 Utinam
3515 2973 3790 3038 Christus,
3817 2987 3978 3026 verus

2407 3067 2546 3120 Deus
2591 3075 2795 3128 noster,
2837 3067 2929 3135 qui
2994 3067 3047 3119 in
3101 3067 3364 3120 tnundutn
3422 3066 3571 3120 venit
3622 3065 3688 3118 ad
3746 3064 3983 3119 tollenda

2407 3158 2686 3222 si-a‘ndala,
2711 3172 3037 3226 generosum
3075 3167 3226 3212 tuum
3277 3159 3519 3211 animum
3574 3157 3898 3222 demulceat,
3930 3165 3984 3211 et

708 3251 966 3322 ἀληθινὸς
1009 3251 1141 3312 Θεὸς
1183 3250 1364 3320 ἡμῶν,
1391 3252 1418 3306 ὁ
1444 3248 1613 3303 ἐλθὼν
1644 3251 1723 3312 είς
1756 3249 1850 3302 τὸν
1893 3248 2096 3315 κόσμον
2121 3247 2293 3298 ἑκκα-

2402 3250 2446 3302 si
2486 3249 2615 3319 quid
2649 3250 2701 3303 in
2742 3265 2866 3304 eum
2932 3251 3174 3305 scandali
3233 3251 3442 3317 incidit,
3481 3252 3654 3317 tollat,
3691 3267 3754 3306 ac
3788 3251 3986 3306 divina:

711 3345 884 3415 θάραι
921 3341 990 3396 τὰ
1045 3341 1343 3405 σκάνδαλα,
1409 3337 1743 3410 ὲξομαλίζων
1798 3337 1898 3409 τὴν
1955 3338 2054 3398 σὺν
2099 3336 2298 3405 εὐγενῆ

706 3436 912 3507 ψυχὴν,
937 3435 1030 3486 καὶ
1059 3434 1184 3486 εἴτι
1245 3431 1543 3494 σκάνδαλον
1587 3433 1646 3490 ἐν
1684 3431 1825 3502 αὐτῇ
1858 3429 2301 3498 παραπέπτωκεν

714 3526 1130 3596 ἁνακαθαίρων,
1161 3523 1283 3599 ἰκαὶ
1321 3525 1382 3576 τὸ
1433 3522 1494 3588 ἐξ
1519 3523 1694 3592 ἀρχῆς
1732 3524 1832 3591 τῆς
1868 3521 2152 3588 θειοτάτης
2189 3518 2303 3586 φῶς

711 3621 961 3688 ἀγάπης,
1009 3620 1147 3688 ὅπερ
1195 3615 1530 3670 ἐσπούδασεν
1585 3617 1612 3668 ό
1662 3613 1759 3668 τοῦ
1819 3613 2046 3675 σκότους
2121 3609 2306 3680 πατὴρ

709 3711 1048 3772 ἀποσϐέσαι,
1091 3707 1254 3762 πάλιν
1282 3709 1339 3759 ὲν
1391 3707 1518 3777 ύμῖν
1553 3707 1810 3762 ἀνάπτων
1847 3707 1936 3764 καὶ
1959 3703 2131 3762 ποιῶν
2175 3707 2302 3757 ἀνα-

708 3806 978 3872 )άμπειν·
1007 3805 1035 3854 ὁ
1071 3801 1170 3871 τὴν
1203 3801 1408 3870 ἔχθραν
1457 3799 1790 3862 ἀποκτείνας
1814 3801 1870 3852 ἐν
1899 3801 1966 3869 τῇ
2014 3802 2179 3868 σαρκὶ
2209 3799 2302 3850 aia.-

707 3897 833 3959 τοῦ,
867 3897 963 3947 καὶ
999 3893 1244 3962 συνάψας
1281 3893 1349 3946 τά
1371 3893 1655 3955 διεστῶτα,
1693 3893 1720 3942 ὁ
1750 3892 2175 3961 εἰρηνοποιήσας
2233 3890 2304 3942 τά

707 3988 898 4042 πάντα
957 3988 1044 4040 διὰ
1109 3987 1203 4040 τοῦ
1252 3987 1408 4054 ἁγίου
1468 3987 1564 4043 καὶ
1617 3984 1999 4052 παναχράντου
2048 3983 2304 4051 αἵματος,

708 4080 882 4143 αὐτὸς
932 4081 1026 4133 κού⁵
1054 4079 1148 4136 νῦν
1207 4080 1392 4132 πᾶσαν
1427 4077 1718 4146 διχόνοιαν,
1752 4077 1934 4129 πᾶσαν
1997 4075 2304 4138 διάστασιν,

710 4175 902 4237 πᾶσαν
937 4172 1134 4246 ἔχθραν
1166 4169 1407 4241 ἐξορίσάι
1457 4169 1519 4232 ἐκ
1550 4186 1611 4222 τε
1666 4169 1992 4237 Βουλγάρων
2045 4167 2140 4219 καὶ
2179 4164 2311 4220 Ῥω..

2398 3346 2683 3401 eharilatis
2732 3346 2970 3412 iumen,
3011 3349 3154 3416 quod
3201 3349 3553 3417 exstinguere
3619 3355 3848 3402 conatus
3903 3356 3989 3401 est

2401 3447 2554 3506 pater
2615 3438 2992 3500 tenebrarum,
3027 3454 3249 3491 sursum
3301 3438 3353 3490 in
3409 3447 3460 3491 te
3511 3439 3774 3492 accendat
3825 3447 3988 3508 atque

2404 3529 2724 3582 illuccscere
2775 3527 3106 3596 faciatzqei
3167 3527 3484 3581 inimicitias
3541 3527 3596 3580 in
3662 3541 3760 3579 sua
3823 3539 3989 3579 carne

2405 3622 2628 3684 solrit',
2660 3620 2752 3690 qui
2779 3621 2954 3675 divisa
2989 3621 3289 3689 copulavit,
3325 3621 3417 3691 qui
3452 3619 3636 3673 omnia
3681 3632 3840 3673 sacro
3885 3633 3988 3673 suo

2411 3725 2465 3768 et
2497 3714 2848 3767 immaculato
2875 3715 3142 3781 sanguine
3169 3711 3492 3780 pacilicat'it,
3519 3711 3633 3780 ipse
3669 3725 3812 3763 nunc
3854 3723 3991 3776 quo-

2407 3821 2514 3875 que
2585 3819 2805 3857 onmem
2885 3803 3337 3866 dissensiooem,
3397 3818 3589 3856 onmes
3655 3801 3986 3863 discordias,

2405 3913 2704 3966 Omnesque
2738 3895 3055 3949 inimicitias
3092 3910 3122 3948 a
3171 3893 3435 3948 Romanis
3468 3903 3522 3947 et
3551 3893 3799 3961 Bulgaris
3833 3907 3989 3946 aver-

2409 4002 2505 4055 tat,
2535 4007 2738 4060 eosquc
2770 4004 2989 4044 rursum
3022 3987 3076 4041 in
3101 4003 3271 4041 unum
3333 3987 3528 4056 jungat
3555 3995 3608 4039 et
3637 3985 3740 4038 frui
3777 3992 3990 4053 praestet

2410 4084 2568 4136 bonis
2603 4082 2773 4151 pacis,
2813 4094 3080 4148 oppresso
3109 4078 3274 4133 citius
3295 4078 3681 4132 scandalorum
3734 4075 3993 4131 dissemi-

2412 4191 2603 4230 naiore
2633 4173 2966 4241 malitiwque
2995 4171 3232 4240 parenti.

713 4271 924 4339 μαίων,
960 4269 1054 4320 καὶ
1085 4265 1250 4320 πάλιν
1277 4266 1354 4328 είς
1386 4263 1446 4317 ἓν
1475 4263 1724 4334 συνάψοι,
1768 4267 1862 4317 καὶ
1903 4266 1962 4320 ὲν
2007 4265 2306 4319 ἀπολαύσει
2341 4267 2457 4338 δοίη
2499 4267 2758 4336 γενέσθαι
2789 4263 2896 4318 τῶν
2924 4265 3021 4333 τῆς
3076 4263 3302 4334 εἰρήνης
3371 4263 3575 4328 καλῶν,
3619 4257 3996 4328 συντριϐέντος

712 4363 774 4417 ἐν
807 4358 966 4428 τάχει
994 4358 1089 4414 τοῦ
1118 4357 1236 4419 τῶν,
1253 4357 1569 4414 σκανδάλων
1613 4357 1860 4428 σπορέως
1904 4358 2000 4411 καὶ
2043 4357 2144 4426 τῆς
2181 4360 2380 4424 κακίας
2424 4361 2769 4430 γεννήτορος.

933 4496 1038 4548 AB’
1073 4497 1155 4562 Τῷ
1184 4496 1640 4570 ἀρχιεστισκόπέφ
1692 4498 2087 4567 Βουλγτιριάς.

800 4628 1184 4699 Ἐπιστάμεθα
1208 4630 1309 4700 τὴν
1340 4629 1499 4701 ὑμῶν
1537 4630 1939 4701 ἀρχιερατικὴν
1987 4629 2306 4700 τελειότητα

707 4725 851 4794 περὶ
894 4723 992 4781 τοῦ
1023 4724 1349 4792 πράγματος
1409 4719 1474 4777 οὗ
1504 4723 1742 4792 γράφειν
1781 4722 2164 4794 προήχθημεν,
2236 4721 2307 4780 τά

707 4811 858 4863 αὑτά
911 4811 1194 4879 φρονεῖνᾶ
1245 4813 1339 4866 καὶ
1394 4812 1551 4884 ἡμεῖς
1623 4814 1949 4882 φρονοῦμεν,
2022 4814 2124 4883 τὴν
2181 4814 2307 4883 ἴσην

708 4903 917 4972 ὀδύνην
952 4903 1138 4973 φέρειν
1187 4906 1244 4962 ἑν
1306 4908 1374 4980 τῇ
1407 4905 1626 4976 καρδίᾳ,
1670 4908 1784 4968 τοῖς
1813 4906 2014 4973 ὁμοίως
2037 4906 2307 4970 διαξαίνε-

712 4994 848 5045 σθαι
878 4996 1254 5063 σπαραγμοῖς.
1278 4996 1385 5048 Καὶ
1415 4994 1502 5051 διά
1541 4995 1704 5049 τοῦτο
1724 4999 2010 5066 γράφομεν
2027 4997 2088 5056 ού
2104 4996 2306 5067 παραί-

712 5101 870 5137 νεσιν
905 5085 1027 5136 οὐδὲ
1047 5083 1419 5148 διδασκαλίαν,
1455 5083 1571 5142 ἀλλ’
1597 5080 1709 5138 οἷον
1734 5085 2052 5154 συνομιλίαν
2089 5085 2181 5137 καὶ
2203 5085 2305 5137 ὅσα

714 5180 764 5231 εί
798 5176 1074 5248 παρόντες
1103 5177 1240 5246 ὁμοῦ
1292 5179 1389 5230 καὶ
1442 5178 1936 5250 συνδιατρίϐοντες,
1991 5177 2190 5241 κοινῶς
2243 5179 2310 5230 ἂν

713 5269 1152 5339 διεσκεψάμεθα.
1183 5269 1373 5331 Ταῦτα
1400 5269 1457 5322 δὲ
1480 5270 1597 5328 ἐστι
1640 5274 1769 5341 περὶ
1803 5273 1914 5323 τῶν
1966 5271 2308 5324 καταλαϐόν-

713 5380 828 5414 των
859 5362 1056 5414 κακῶν
1082 5362 1170 5415 τὸν
1207 5363 1306 5418 ἕνα
1353 5363 1452 5434 μὲν
1487 5363 1729 5432 Χριστοῦ
1786 5364 1936 5428 λαὸν,
2004 5364 2311 5434 Ῥωμαίους

716 5454 869 5524 φημὶ
899 5457 994 5506 καὶ
1026 5454 1395 5525 Βουλγάρους,
1419 5455 1878 5526 διαμερισθέντας
1897 5456 1954 5509 δὲ
1976 5455 2034 5522 ἐξ
2063 5457 2308 5524 ἀλλήλων

717 5547 825 5600 ὑπὸ
851 5545 952 5600 τοῦ
993 5546 1051 5612 ἐξ
1090 5548 1265 5618 ἀρχῆς
1297 5548 1390 5600 τὸν
1416 5547 1704 5617 ἄνθρωπον
1733 5550 1838 5602 ἀπὸ
1860 5547 1995 5600 Θεοῦ
2028 5549 2310 5619 διατεμόν-

715 5657 808 5703 τος
869 5641 968 5694 καὶ
1015 5639 1438 5711 διαμερίσαντος
1504 5642 1593 5694 τὸν
1653 5641 1802 5694 λαόν.
1881 5641 2054 5710 ’Υπὲρ
2106 5643 2309 5710 ταύτης

798 5799 818 5826 ⁸
852 5796 1057 5866 Εμὲιεε.
1085 5812 1140 5863 ιι,
1182 5796 1264 5850 Η.

2335 4460 2384 4515 D

2669 4495 2787 4550 ΧΗ.
2834 4495 2918 4548 Ad
2947 4493 3215 4564 Bulgaria
3263 4492 3738 4562 archiepiscopum.

2479 4629 2598 4685 Non
2641 4631 2958 4700 ignoramus
3019 4637 3258 4682 vestram
3312 4622 3838 4692 archiepiscopalcm
3872 4637 3995 4688 per—

2410 4699 2723 4788 fectionem,
2743 4723 2808 4776 de
2833 4699 2937 4790 qua
2971 4735 3030 4774 re
3065 4717 3305 4774 scribere
3332 4716 3598 4783 cogimur,
3626 4715 3688 4766 de
3712 4729 3773 4765 ea
3806 4712 3994 4765 eadem

2411 4833 2474 4872 ac
2502 4832 2602 4872 nos
2647 4815 2876 4880 sentire,
2943 4812 3209 4882 aqualem
3239 4810 3291 4864 in
3319 4809 3483 4863 corde
3531 4805 3675 4859 ferre
3726 4803 3996 4868 dolorem,

2408 4910 2600 4965 iisdem
2632 4908 2967 4962 cruciatibus
2995 4903 3288 4959 cat-minari
3321 4919 3335 4968 ;
3368 4901 3601 4967 ideoque
3643 4913 3752 4950 non
3792 4897 3998 4948 exlio.-

2411 5001 2670 5055 tationem
2722 5007 3056 5069 praeceptave
3109 4995 3423 5057 scribimus,
3471 4991 3566 5046 sed
3626 4989 3785 5059 quasi
3830 4987 3977 5042 collo

2411 5094 2599 5162 quium
2650 5099 2704 5145 et
2761 5089 2964 5158 qualia,
2997 5089 3041 5142 si
3068 5089 3231 5142 simul
3260 5099 3509 5140 essemus
3554 5098 3616 5137 ac
3658 5081 3989 5144 viveremus

2411 5183 2779 5238 cormnuniter
2829 5180 3288 5249 investigat-emus
3317 5195 3331 5244 ;
3370 5175 3460 5229 hic
3511 5189 3675 5244 porro
3708 5174 3890 5242 agitur
3922 5169 3992 5222 de

2415 5274 2573 5327 malis
2614 5288 2738 5342 quae
2777 5271 2981 5326 Christi
3023 5269 3279 5338 populum
3331 5252 3672 5330 invaserunt,
3712 5263 3991 5316 Romanos

2415 5376 2468 5420 et
2504 5367 2788 5435 Bulgaros,
2841 5365 2910 5418 ab
2942 5363 3176 5416 invicem
3235 5377 3380 5415 nunc
3426 5369 3710 5429 separatos
3778 5356 3847 5408 ab
3899 5353 3992 5406 illo

2415 5457 2509 5527 qui
2541 5459 2596 5510 in
2629 5455 2898 5526 principio
2925 5453 3202 5507 hominem
3224 5467 3251 5502 a
3281 5451 3389 5504 Deo
3416 5448 3692 5518 separavit
3738 5454 3789 5498 et
3822 5459 3992 5510 popu-

2416 5552 2527 5604 lum
2560 5550 2612 5603 iu
2650 5559 2839 5618 partes
2884 5545 3204 5612 divisit;de
3246 5545 3332 5596 illa
3390 5541 3676 5596 scribimus
3721 5536 3990 5589 sollicitu-

2418 5645 2545 5697 dine
2606 5640 2912 5704 communi,
2963 5655 3124 5708 quam
3181 5655 3279 5689 nos
3322 5632 3692 5687 indesinenter
3747 5627 3800 5680 in
3831 5626 3994 5682 corde
