4178 6418
479 382 544 450 91
1616 365 1931 432 NICOLAI
1970 364 2082 426 CP.
2122 357 2637 424 PATRIARCILE
3686 348 3758 412 92

483 487 984 559 ferenteslugemus
1006 495 1060 541 et
1109 482 1379 556 gemimus
1411 487 1468 537 et
1494 492 1662 551 quam
1693 476 1812 532 scio
1842 482 1898 530 te
1918 470 2075 528 simi-

2195 468 2467 539 γράφομεν
2518 464 2621 536 τῆς
2664 462 2854 533 κοινῆς
2905 459 3205 559 φροντίδος,
3262 460 3330 532 ἢν
3361 457 3566 559 Δὥσπερ
3596 462 3760 559 ημεῑς

482 584 606 639 liter
640 583 782 638 ferre
811 590 989 652 etpro
1022 594 1130 650 qua
1152 577 1410 648 laerymte
1435 581 1541 627 tute
1569 570 1666 625 tibi
1691 575 1822 625 sunt
1844 578 2016 637 panes
2049 577 2066 616 :

482 690 546 729 ea
586 675 790 729 nostris
839 671 1040 728 etenim
1097 676 1280 725 vestra
1313 663 1565 719 novimus
1603 671 1882 729 :quorum
1917 668 2075 710 nam-

483 780 592 834 que
615 779 757 834 opus
785 777 842 819 et
881 758 1249 816 ministerium
1281 763 1408 811 sunt
1443 753 1659 816 eadem,
1692 761 1884 803 eorum
1907 744 2065 799 decet

482 859 704 916 eosdem
738 870 861 913 esse
884 862 942 910 et
970 852 1187 908 dolores
1213 857 1377 918 atque
1399 845 1617 899 labores
1642 856 1658 905 ;
1695 839 1791 896 sed
1825 836 2074 892 eamdem

487 950 646 1006 vobis
674 963 739 1003 ac
769 946 927 1001 nobis
959 958 1080 999 esse
1113 940 1442 996 anxietatem
1476 944 1642 1006 atque
1670 931 1915 987 dolorem
1940 926 2079 985 satis

488 1050 572 1099 est
623 1040 697 1094 ita
733 1033 1147 1094 memoravisse.

569 1313 860 1383 Reliquum
892 1311 1054 1382 igitur
1088 1317 1174 1363 est
1212 1306 1326 1377 jam
1382 1312 1444 1360 ut
1474 1302 1630 1373 quasi
1667 1299 1997 1370 colloquium
2027 1307 2084 1354 et

491 1406 966 1476 investigationem
995 1412 1345 1476 communem
1394 1395 1728 1463 incipiamus
1765 1411 1779 1447 :
1812 1392 1903 1446 alii
1936 1389 2082 1445 aliud

491 1505 817 1569 acceperunt
841 1494 897 1549 in
926 1490 1185 1563 praesenti
1221 1490 1331 1544 vita
1355 1486 1753 1548 ministerium,
1773 1483 1901 1538 dico
1922 1496 2082 1552 reges

491 1600 547 1647 et
579 1589 859 1645 civitatum
891 1584 1202 1655 principes,
1262 1580 1476 1652 quique
1522 1577 1648 1633 aliis
1708 1575 2085 1647 praeﬁciuntur

494 1680 753 1750 negoti.s,
779 1687 875 1731 aut
892 1670 1392 1730 administrationis
1429 1669 1841 1738 dispensatores
1866 1662 2075 1720 consti-

496 1779 769 1833 tuuntur,
822 1783 1057 1836 quorum
1104 1764 1359 1832 quisque,
1417 1760 1634 1815 muneri
1679 1772 1781 1814 suo
1814 1758 2077 1822 intentus,

2175 558 2544 621 ἀδιαλείπτως
2582 555 2844 627 φέροντες
2905 551 3238 624 στενάζομεν
3290 553 3385 607 καὶ
3426 551 3758 625 θρηνοῦμεν,

2175 647 2291 705 οἶδα
2326 650 2409 703 ὅτι
2453 648 2551 702 καὶ
2590 647 2754 710 αὐτὸς
2786 645 2989 716 ὁμοίως
3024 646 3231 716 φέρεις,
3265 644 3359 699 καὶ
3386 644 3551 715 άρτος
3587 661 3670 698 σοι
3694 645 3764 697 τά

2177 741 2394 810 δάκρυα
2444 739 2680 806 γίνεται’
2711 738 2776 790 ἔκ
2811 736 2921 790 τῶν
2953 735 3241 813 ⁴ιδμετέρων
3280 735 3390 806 γάρ
3420 735 3491 789 τά
3515 735 3763 807 ὑμέτερα

2175 830 2563 901 διδασκόμεθα·
2618 824 2694 883 ὧν
2721 829 2835 899 γάρ
2860 828 2922 881 τὸ
2943 826 3103 898 ἔργον
3128 826 3223 879 καὶ
3246 828 3284 898 ἡ
3312 826 3558 881 διακονία
3577 828 3760 899 κοινὴ,

2177 923 2385 979 τούτων
2411 923 2562 986 εἰκὸς
2591 922 2747 977 κοινά
2780 921 3031 991 γίνεσθαι
3067 920 3136 973 τά
3165 920 3316 993 πάθη
3356 921 3453 974 καὶ
3503 924 3632 986 τοὺς
3663 940 3765 977 καο

2182 1017 2408 1090 μάτους*
2443 1015 2561 1070 ἀλλ’
2599 1016 2682 1069 ὅτι
2717 1015 2819 1085 μὲν
2851 1016 2884 1085 ἡ
2922 1014 3063 1085 αὐτὴ
3102 1012 3304 1085 συνοχὴ
3355 1014 3451 1068 καὶ
3500 1014 3570 1068 τά
3599 1015 3765 1085 ὅμοια

2181 1111 2365 1163 κεντεῖ
2395 1109 2539 1179 ἄλγη
2578 1106 2678 1178 τὴν
2709 1107 2809 1179 σὴν
2840 1105 3095 1175 καρδίαν,
3133 1098 3220 1159 οἷα
3250 1103 3349 1159 καὶ
3400 1106 3572 1177 ἡμᾶς,
3601 1108 3769 1178 ἀρκεῖ

2179 1201 2438 1255 τοσοῦτον
2467 1198 2902 1270 ἐπιμνησθῆναι.

2256 1294 2461 1348 Λοιπὸν
2482 1292 2540 1346 δὲ
2564 1291 2665 1363 ήδη
2696 1292 2795 1361 τῆς
2825 1289 2938 1344 οἷον
2965 1291 3284 1360 συνομιλίας
3309 1291 3402 1345 καὶ
3435 1291 3537 1361 τῆς
3578 1290 3765 1359 κοινῆς

2182 1385 2551 1458 ἀπαρχόμεθα
2573 1384 3035 1455 συνδιασκέψεως·
3071 1384 3223 1439 ἄλλοι
3286 1386 3387 1456 μὲν
3417 1384 3605 1447 ἄλλαις
3649 1383 3763 1436 ἀπο

2185 1480 2463 1547 ετάγησαν
2509 1477 2810 1541 διακονίαις
2865 1479 2924 1531 ἔν
2974 1480 3042 1549 τῇ
3097 1476 3347 1552 παρούσῃ
3403 1475 3576 1546 ταύτῃ
3628 1475 3768 1545 ζωῇ,

2187 1570 2431 1641 βασιλεῖς
2483 1568 2630 1637 λέγω
2684 1568 2780 1622 καὶ¹
2833 1568 3103 1638 ἄρχοντας
3167 1566 3415 1630 πόλεων,
3465 1565 3770 1628 ἐπιστάτας

2186 1660 2533 1733 πραγμάτων
2562 1659 2763 1723 ἄλλων,
2808 1658 3133 1728 οἰκονόμους
3159 1658 3261 1728 τῆς
3313 1658 3657 1728 διοικήσεως,
3692 1649 3772 1710 ὧν

2185 1753 2415 1816 ἔκαστος
2444 1750 2579 1822 πρὸς
2605 1752 2671 1822 ἣν
2715 1748 2875 1803 ἔλασε
2938 1749 3093 1814 τάξιν
3148 1749 3396 1819 ἀφορῶν,
3451 1748 3514 1801 τὸ
3567 1749 3771 1802 οἰκεῖον

496 1861 779 1934 proprium
809 1874 969 1929 opus,
1003 1859 1047 1911 si
1080 1854 1321 1925 prudens
1380 1863 1484 1918 est,
1524 1858 1783 1907 accurate
1829 1847 2089 1919 perﬁcere

2195 1846 2341 1909 ὅστις
2378 1845 2605 1916 ἔμφρων
2638 1843 2927 1907 σπουδάζει
2953 1843 3262 1913 ἀμέμπτως
3291 1841 3455 1913 ἔργον
3478 1841 3772 1896 ἔπιτελεῖνο

498 1954 720 2018 studet;
749 1966 853 2007 nos
883 1965 1011 2004 vt-ro
1041 1961 1199 2002 sacro
1260 1944 1422 1999 altari
1485 1953 1670 1998 astare
1698 1940 1841 2012 jussi
1868 1940 1915 1996 si
1969 1940 2092 1995 aliis

499 2044 753 2117 pluribus
799 2042 1115 2100 ministrare
1146 2038 1433 2102 debemus,
1455 2031 1588 2091 ante
1610 2035 1793 2090 omnia
1824 2043 2006 2089 tamen
2025 2033 2091 2087 ad

391 2164 395 2168 >
499 2151 689 2207 pacem
746 2130 1195 2204 promovendam
1265 2140 1431 2199 atque
1484 2143 1552 2182 ex
1617 2126 1797 2181 medio
1858 2123 2092 2179 tollenda

502 2225 760 2283 scandala
794 2222 1231 2290 inimicitiasque
1255 2217 1525 2287 assumpti
1558 2230 1753 2271 sumus
1775 2233 1788 2269 :
1810 2213 2093 2268 tremenda

500 2318 776 2388 siquidem
813 2314 1071 2370 sacriﬁcii
1136 2312 1345 2368 oblatio
1385 2325 1551 2381 quam
1593 2309 1647 2363 in
1681 2309 1831 2363 illius
1880 2321 2095 2379 meme;-

500 2411 639 2464 riam
679 2407 916 2465 facimus
956 2405 1072 2475 qui,
1134 2402 1203 2458 ad
1235 2403 1528 2479 solvendas
1568 2411 1808 2456 aeternas
1853 2398 2095 2454 inimici-

509 2500 614 2555 tias
653 2508 708 2555 et
762 2498 1153 2553 destruendum
1212 2495 1511 2549 violentum
1570 2493 1856 2547 hominum
1904 2503 2094 2547 contra

504 2592 674 2646 Deum
709 2589 953 2644 furorem
984 2585 1445 2656 compescendum
1469 2598 1632 2653 quem
1655 2584 1803 2637 nulla
1826 2597 1951 2651 spes
1979 2590 2098 2637 erat

504 2685 561 2738 in
599 2683 750 2754 pacis
791 2681 1032 2736 studium
1093 2694 1219 2735 esse
1278 2676 1732 2743 convcrtendum,
1764 2675 1947 2729 omnia
1975 2691 2097 2746 qua:

503 2792 700 2845 passus
726 2784 811 2830 est
841 2774 949 2845 pati
1002 2772 1193 2837 voluit,
1221 2780 1403 2842 sputa,
1451 2771 1664 2838 alapas,
1691 2770 2090 2825 sceleratorum

503 2875 758 2932 mortem,
783 2880 881 2919 nos
920 2863 1180 2919 admonet
1212 2863 1334 2918 sine
1380 2861 1809 2926 intermissione,
1840 2861 2096 2915 omnibus

501 2959 734 3025 viribus,
765 2957 916 3013 omni
951 2955 1155 3019 mente,
1186 2954 1448 3024 omnique
1471 2969 1745 3018 sermone,
1771 2954 1925 3023 pacis
1974 2969 2096 3009 esse

504 3048 789 3119 adjutores
837 3046 1144 3110 studiosos,
1202 3043 1614 3099 inimicitiarum
1675 3044 1862 3100 hostes
1899 3055 1955 3100 et
1978 3053 2095 3101 toto

2194 1937 2359 2007 ἡμεῖς
2384 1935 2441 1989 δὲ
2495 1935 2546 1988 οἱ
2599 1931 2971 2005 παρίστασθαι
3012 1931 3089 2001 τῷ
3143 1931 3286 2001 ἁγίῳ
3334 1929 3776 2001 ἀποτεταγμένοι

2194 2026 2591 2099 θυσιαστηρίῳ,
2632 2029 2683 2079 εἰ
2721 2028 2817 2080 καὶ
2847 2023 3061 2079 πολλῶν
3092 2022 3271 2078 ἀλλων
3302 2023 3583 2094 χρεῶσται
3634 2022 3772 2077 καθ-

2194 2123 2508 2191 εστήκαμεν
2547 2119 2819 2173 ἐπιτελεῖν
2866 2119 2968 2188 τὴν
3019 2116 3318 2181 διακονίαν,
3374 2115 3510 2172 ἀλλά
3556 2133 3620 2186 γε
3669 2117 3777 2186 πρὸ

2196 2206 2398 2277 παντὸς
2421 2212 2609 2284 ἐτέρου
2638 2212 2698 2264 τὸ
2737 2211 2841 2281 τῆς
2884 2211 3109 2281 εἰρήνης
3135 2208 3297 2280 ἔργον
3324 2209 3419 2263 καὶ
3465 2209 3528 2262 τὸ
3554 2206 3776 2263 διώκειν
3848 2226 3859 2233 ·

2195 2308 2259 2359 ὲκ
2291 2306 2458 2376 μέσου
2485 2304 2555 2358 τά
2580 2303 2853 2357 σκάνδαλα
2883 2302 2976 2355 καὶ
2993 2300 3092 2372 τὴν
3108 2300 3327 2373 ἔχθραν,
3359 2302 3440 2364 είς
3470 2300 3777 2372 ὑπουργίαν

2196 2397 2483 2468 ἐλάϐομεν.
2530 2395 2591 2449 Ἡ
2620 2394 2729 2465 γὰρ
2798 2395 2896 2464 τῆς
2952 2393 3188 2464 φρικτῆς
3246 2392 3527 2462 ἱερουργία
3564 2393 3779 2459 θυσίας,

2195 2490 2261 2561 ἦν
2290 2492 2372 2553 εἰς
2430 2489 2743 2559 ἀνάμνησιν
2788 2486 3152 2555 ἐπιτελοῦμεν
3207 2482 3304 2536 τοῦ
3340 2486 3439 2539 ἳνα
3495 2485 3777 2557 καταλύσῃ

2196 2582 2296 2654 τὴν
2327 2581 2547 2635 αίὼνιον
2587 2580 2810 2654 ἔχθραν,
2866 2582 2966 2651 τὴν
2999 2580 3179 2651 βιαίαν
3227 2581 3447 2652 ἐκείνην
3475 2581 3613 2652 πρὸς
3644 2579 3778 2634 Θεὸν

2195 2674 2306 2729 τῶν
2364 2671 2672 2745 ἀνθρώπων
2715 2673 2916 2744 μανίαν
2938 2674 3033 2726 καὶ
3095 2674 3422 2729 ἀνέλπιστον
3442 2676 3522 2737 είς
3543 2672 3779 2734 σπουδάς

2198 2769 2423 2839 είρήνης
2450 2766 2729 2837 συμϐῆναι
2776 2767 3179 2836 ὑπομείναντος
3218 2768 3319 2821 ὅσα
3368 2766 3651 2836 ὑπέμεινε,
3711 2763 3781 2816 τά

2198 2858 2595 2931 ἔμπτύσματα,
2625 2857 2694 2911 τά
2729 2857 3071 2930 ῥαπίσματα,
3108 2859 3200 2913 τὸν
3235 2859 3470 2912 θάνατον
3519 2857 3629 2910 τῶν
3680 2872 3782 2908 κα-

2198 2951 2472 3022 κούργων,
2499 2950 2659 3004 τοῦτο
2696 2953 2831 3022 ἡμῖν
2884 2951 3325 3021 παρακελεύεται
3353 2950 3442 3004 διά
3478 2949 3678 3011 παντὸς
3720 2946 3783 3000 τὸ

2200 3047 2352 3119 πάσῃ
2386 3044 2639 3117 δυνάμει,
2680 3045 2833 3116 πάσῃ
2864 3045 3141 3116 περινοίᾳ,
3194 3045 3360 3098 παντὶ
3389 3044 3533 3113 λόγῳ
3574 3042 3676 3113 τῆς
3700 3042 3783 3094 εί·-

504 3140 671 3195 corde
694 3138 834 3192 viam
875 3138 1152 3192 scandalis
1208 3135 1604 3202 intercludere;
1664 3136 1933 3206 siquidem
1970 3149 2091 3192 tan-

2208 3141 2377 3209 ρὴνης
2441 3132 2583 3192 εἶναι
2651 3136 2979 3199 σπουδαίους
3044 3135 3386 3206 συμμάχους,
3429 3135 3531 3205 τῆς
3582 3132 3784 3204 ἔχθρας

504 3244 669 3298 quam
702 3228 774 3282 ob
829 3227 1021 3282 oculos
1080 3225 1239 3281 nobis
1288 3241 1545 3296 magnum
1604 3226 1737 3281 illud
1800 3226 2093 3282 ministerii

509 3322 685 3376 nostri
720 3319 1040 3388 mysterium
1088 3318 1267 3389 ipsum
1289 3318 1529 3374 ostendit
1557 3316 1757 3373 Filium
1815 3319 2096 3391 benignis-

506 3411 629 3467 simi
665 3408 867 3476 Patris,
924 3409 1019 3479 qui
1085 3410 1167 3463 sic
1218 3408 1408 3462 dilexit
1464 3409 1728 3464 mundqu
1768 3416 1827 3464 ut
1873 3424 1999 3463 eum
2026 3410 2094 3464 ad

505 3518 609 3559 nos
634 3501 844 3557 miserit
881 3520 895 3557 :
939 3501 1035 3556 sed
1067 3501 1214 3555 enim
1242 3497 1594 3570 Unigenitum
1631 3501 1807 3566 illum,
1834 3500 2094 3556 dilectum

504 3596 719 3666 Agnum
742 3592 837 3649 Dei
870 3592 1237 3660 immolatum,
1266 3592 1708 3663 propitiationem
1741 3591 1949 3648 factum
1992 3608 2094 3663 pro

507 3687 709 3741 nostris
751 3685 805 3739 in
838 3684 1008 3740 Deum
1044 3693 1099 3740 et
1122 3684 1687 3748 Patreminimiettiis,
1714 3688 1875 3755 quasi
1908 3685 2097 3741 visibi-

505 3777 610 3831 lem
660 3788 786 3831 ante
815 3777 1007 3831 oculos
1062 3784 1285 3831 nostros
1318 3776 1512 3831 statuit
1542 3790 1765 3830 sacrum
1798 3776 1938 3831 illud
1975 3792 2096 3847 my-

505 3869 758 3933 sterium,
782 3868 880 3938 qui
933 3868 1136 3924 divinae
1161 3868 1348 3938 gloria:
1393 3866 1573 3924 factus
1603 3868 1777 3923 haeres
1809 3870 2096 3923 confusio-

509 3974 634 4015 nem
665 3970 875 4015 tantam
945 3969 1112 4028 atque
1166 3960 1525 4028 ignominiam
1564 3960 1633 4013 ab
1659 3959 2094 4016 hontinibussibi

506 4050 771 4120 subjectis
870 4051 1113 4104 inustum
1177 4052 1550 4122 contempsit,
1611 4060 1669 4106 ut
1736 4051 2092 4119 abalienatos,

513 4142 791 4207 inimicos,
824 4145 1035 4207 hostes,
1071 4156 1170 4210 per
1186 4156 1316 4197 suas
1374 4142 1680 4212 passiones,
1715 4158 1813 4214 per
1840 4144 2095 4210 vulnera,

509 4249 606 4307 per
638 4232 995 4304 ignominiam
1054 4232 1335 4299 liberaret,
1383 4233 1503 4305 paci
1560 4235 1873 4290 restitueret
1899 4244 1958 4290 et
2001 4234 2094 4290 Dei

511 4325 807 4380 familiares
844 4323 1083 4379 ediceret
1128 4341 1143 4380 :
1189 4325 1321 4394 quid
1384 4340 1535 4396 ergo,
1608 4328 1777 4380 frater
1806 4335 1861 4381 et
1890 4326 2080 4397 coepi-

509 4432 697 4488 scope,
761 4432 867 4472 nos
932 4416 1113 4471 facere
1182 4418 1441 4487 Oportet?
1498 4418 1662 4489 quale
1716 4433 1813 4474 cor
1869 4419 2091 4485 habere,

2204 3230 2519 3300 πολεμίους,
2562 3229 2659 3284 καὶ
2690 3229 2839 3299 πάσῃ
2878 3227 3022 3298 ψυχῇ
3076 3227 3390 3281 ἀποκλείειν
3442 3226 3543 3297 τὴν
3574 3226 3781 3279 είσοδον

2197 3324 2307 3376 τῶν
2340 3322 2655 3376 σκανδάλων
2676 3338 2691 3353 ο
2718 3320 2949 3391 ἐπείπερ
2985 3315 3097 3373 οἷον
3155 3319 3245 3373 ἐπ’
3295 3318 3417 3389 ὖψιν
3449 3320 3580 3390 ἡμῖν
3623 3317 3785 3371 τοῦτο

2198 3415 2263 3487 δὴ
2306 3417 2368 3469 τὸ
2401 3416 2544 3487 μέγα
2582 3416 2686 3485 τῆς
2752 3414 3065 3485 ἱερουργίας
3127 3415 3427 3485 μυστήριον
3469 3411 3785 3465 ὑποδείκνυ-

2201 3526 2306 3573 σιν,
2353 3510 2522 3562 αὑτὸν
2555 3508 2648 3561 τὸν
2693 3507 2818 3560 Υίὸν
2861 3505 2956 3560 τοῦ
3001 3505 3384 3576 φιλανθρώπου
3436 3506 3671 3576 Πατρὶς,
3724 3503 3785 3568 ὃς

2197 3601 2455 3655 τοσοῦτον
2488 3600 2747 3671 ἠγάπησε
2784 3598 2879 3651 τὸν
2917 3598 3145 3664 κόσμον,
3216 3598 3356 3651 ὥστε
3418 3596 3606 3652 τοῦτον
3655 3594 3785 3660 ἑξα-

2200 3692 2484 3745 ποστεῖλαι
2553 3690 2691 3761 πρὸς
2748 3692 2896 3761 ἡμᾶς
2923 3705 2937 3720 ⁶
3009 3690 3144 3744 ἀλλά
3198 3689 3308 3762 γάρ
3354 3689 3447 3743 τὸν
3503 3687 3787 3756 Μονογενῆ

2198 3783 2408 3848 τοῦτον,
2448 3781 2542 3835 τὸν
2584 3779 2888 3852 ἀγαπητὸν,
2921 3780 3013 3833 τὸν
3049 3778 3245 3849 Ἀμνδν
3274 3780 3368 3832 τοῦ
3419 3777 3555 3831 Θεοῦ
3583 3776 3786 3846 θυόμεη

2199 3890 2288 3927 νον
2336 3873 2433 3927 καὶ
2467 3872 2735 3943 ὲξίλασμα
2770 3871 3056 3940 γινόμενον
3107 3871 3209 3940 τῆς
3263 3869 3543 3941 ἡμετέρας
3585 3868 3789 3939 ἔχθρας

2199 3965 2337 4038 πρὸς
2390 3966 2481 4020 τὸν
2538 3964 2671 4018 Θεὸν
2714 3965 2809 4017 καὶ
2850 3964 3087 4035 Πατέρα,
3139 3965 3253 4027 τοῖς
3280 3962 3581 4033 ὀφθαλμοῖς
3629 3961 3791 4031 ἡμῶν

2199 4056 2392 4127 ὥσπερ
2437 4056 2716 4127 ὁρώμενον
2776 4054 2837 4108 τὸ
2910 4055 3180 4121 πανάγιον
3247 4053 3407 4106 τοῦτο
3481 4053 3787 4121 μυστήριον

2206 4148 2569 4219 παρίστησιν,
2619 4146 2677 4210 ὃς
2715 4144 3056 4215 κληρονόμος
3103 4141 3181 4196 ὢν
3224 4142 3323 4211 τῆς
3376 4142 3566 4211 θεῖκῆς
3604 4139 3785 4210 δόξης,

2200 4239 2609 4310 κατεφρόνησεν
2667 4236 2939 4307 αἰσχύνης
2990 4233 3265 4304 τοσαύτης
3308 4232 3404 4286 καὶ
3445 4231 3663 4296 ἀδοξίας
3693 4229 3789 4284 ὑπ’

2197 4331 2504 4404 ἀνθρώπων
2540 4332 2633 4385 ὑπ’
2665 4328 2814 4400 αὐτῷ
2836 4327 3201 4399 τολμηθείσης
3223 4342 3239 4393 ;
3274 4325 3392 4381 Ἷνα
3416 4326 3542 4390 τοὺς
3564 4324 3791 4378 διεστῶ-

2199 4441 2318 4490 τας,
2357 4425 2483 4487 τοὺς
2519 4422 2768 4495 ἐχθροὺς,
2819 4421 2945 4484 τοὺς
2983 4417 3277 4489 πολεμίους
3311 4417 3400 4472 διά
3432 4417 3542 4471 τῶν
3568 4404 3787 4470 οἰκείων

510 4521 806 4576 quamnam
833 4506 1259 4561 sollicitudinem
1289 4517 1343 4562 et
1374 4508 1876 4573 anxietatem,cum
1910 4509 2091 4566 videa-

2205 4514 2415 4580 παθῶν,
2445 4513 2535 4567 διά
2556 4514 2666 4566 τῶν
2691 4512 3047 4582 τραυμάτων,
3076 4510 3167 4564 διά
3191 4510 3291 4579 τῆς
3320 4508 3588 4579 αἰσχύνης
3609 4505 3789 4561 ἀπαλ-

515 4613 638 4654 mus
676 4600 943 4668 quosdam
981 4600 1038 4655 in
1094 4600 1331 4655 invicem
1380 4601 1718 4657 insanientes
1751 4612 1804 4656 et
1832 4618 1931 4670 pro
1966 4616 2100 4672 pace

517 4688 926 4746 inimicitiarum
962 4691 1285 4748 studiosos?
1313 4689 1382 4745 Et
1414 4693 1531 4747 haec
1584 4692 1705 4748 dico
1742 4692 1810 4747 de
1869 4693 2100 4762 singulis

512 4789 567 4836 et
594 4783 834 4838 vicissim
885 4801 901 4836 :
968 4794 1235 4854 quantam
1313 4783 1483 4854 igitur
1535 4784 1794 4840 adhibere
1835 4786 2100 4841 debemus

513 4873 847 4942 vigilantiam
878 4875 947 4953 ad
1015 4890 1113 4931 eos
1154 4875 1249 4944 qui
1296 4877 1368 4928 ita
1404 4891 1434 4928 a
1466 4876 1683 4930 diabolo
1740 4887 1869 4931 sunt
1919 4877 2098 4932 allecti

487 4937 910 5036 {conciliandom
968 4968 1308 5021 revocandos
1337 4967 1406 5021 ad
1441 4982 1633 5035 pacem
1660 4975 1716 5021 et
1766 4969 2100 5036 persuaden-

490 5021 612 5123 gdos
642 5065 701 5109 ut
754 5064 851 5125 per
904 5058 1237 5112 cbaritatem
1276 5059 1344 5113 ad
1390 5021 1645 5114 unionem
1686 5021 1956 5115 redeant?
1993 5062 2098 5117 Sed

514 5164 637 5202 cum
691 5163 802 5203 non
832 5164 974 5203 unus
1022 5158 1119 5205 aut
1187 5152 1318 5215 duo,
1376 5163 1471 5206 aut
1526 5150 1738 5217 decem,
1785 5162 1880 5207 aut
1926 5154 2100 5208 multo

512 5239 724 5311 plures,
758 5240 953 5297 donius
1003 5250 1137 5309 tota,
1173 5254 1271 5299 aut
1329 5245 1544 5309 civitas,
1582 5246 1675 5300 sed
1717 5255 1769 5299 et
1801 5262 1937 5316 gens
1986 5254 2100 5301 tota

514 5344 707 5391 contra
763 5344 933 5391 totam
986 5351 1225 5405 gentem,
1284 5338 1397 5394 imo
1459 5337 1704 5407 ejusdem
1748 5340 1893 5405 ﬁdei,
1928 5342 2094 5410 proh!

518 5442 764 5482 meorum
796 5429 1048 5484 dolorum
1067 5431 1317 5501 pondus!
1352 5431 1559 5486 diaboli
1595 5431 1847 5487 efﬁcacia
1876 5432 1930 5485 in
1955 5433 2099 5487 istud

516 5519 717 5573 malum
750 5520 1079 5591 impingunt,
1103 5523 1235 5590 quid
1269 5523 1730 5591 faciemus?quid
1764 5524 2100 5593 excogitabi-

517 5610 679 5695 inu_s?
715 5612 847 5679 quid
884 5612 1198 5682 sapicmus?
1249 5627 1370 5682 quae
1429 5612 1549 5667 dies
1577 5622 1673 5669 aut
1717 5628 1837 5681 quae
1868 5628 1972 5665 nos
2002 5629 2101 5668 nos

517 5714 547 5751 υ
575 5707 723 5756 tanta
780 5704 1155 5762 sollicitudine
1193 5714 1247 5762 et
1290 5707 1573 5762 anxietate
1633 5706 1977 5773 requiescere
2020 5704 2099 5760 fa-

517 5788 623 5845 ciet
650 5792 673 5844 ?

2202 4606 2339 4678 λάξῃ
2369 4606 2464 4660 καὶ
2509 4605 2721 4676 συνάψῃ
2772 4607 2838 4676 τῇ
2868 4604 3080 4675 εἰρήνῃ,
3135 4603 3229 4656 καὶ
3259 4602 3499 4666 οίκείους
3529 4601 3787 4672 ἀπεργά-

2204 4715 2364 4768 σηται
2380 4697 2458 4767 τῷ
2474 4696 2615 4766 Θεῷ.
2642 4697 2710 4749 Τί
2738 4692 2853 4762 οὖν,
2880 4695 3078 4764 ἀδελφὲ
3101 4696 3197 4748 καὶ
3220 4694 3493 4765 συνιερεῦ,
3512 4695 3591 4747 δεῖ
3611 4694 3781 4763 πράτν

2200 4807 2316 4843 τειν
2334 4791 2481 4861 ἡμᾶς
2505 4806 2520 4855 ;
2542 4787 2800 4858 Ποταπὴν
2824 4787 2971 4857 ἔχειν
2996 4787 3252 4857 καρδίαν,
3270 4788 3465 4841 ὁποίαν
3489 4788 3783 4856 μέριμναν,

2204 4880 2400 4949 ἡλίκην
2432 4880 2701 4948 ἀγωνίαν,
2750 4882 2882 4934 ὅταν
2910 4880 3065 4941 τινάς
3110 4879 3329 4950 ὁρῶμεν
3387 4878 3511 4931 κατ’
3540 4878 3788 4947 ἀλλήλων

2204 4971 2666 5042 ἔκμαινομένους,
2722 4972 2818 5024 καὶ
2874 4972 2975 5036 τὴν
3013 4970 3218 5043 ἔχθραν
3248 4972 3370 5025 ἀντὶ
3420 4972 3520 5043 τῆς
3565 4972 3785 5038 ἀγάπης

2202 5064 2682 5133 ἀλλασσομένους;
2718 5064 2831 5116 Καὶ⁵
2852 5061 3031 5117 ταῦτά
3060 5079 3208 5134 φημι
3240 5065 3370 5135 περὶ
3395 5064 3505 5117 τῶν
3531 5063 3655 5116 καθ’
3688 5063 3783 5116 ἕνα

2201 5158 2339 5220 τέως
2384 5157 2481 5209 καὶ
2532 5159 2636 5211 ἀνὰ
2679 5160 2877 5231 μέρος..
2908 5156 3091 5229 Πόσην
3139 5153 3234 5212 οὖν
3282 5159 3783 5229 κεχρεωστήκαμεν

2203 5250 2464 5319 πρόνοιαν
2522 5250 2731 5319 φέρειν,
2781 5247 2924 5302 ὥστε
2978 5250 3107 5312 τοὺς
3157 5248 3300 5302 οὕτω
3346 5249 3785 5317 διατεθειμένους
3871 5254 3877 5259 ”

2201 5344 2301 5405 τὰς
2330 5342 2509 5412 ψυχὰς
2541 5342 2647 5395 ὑπὸ
2677 5343 2771 5395 τοῦ
2804 5342 3048 5413 πονηροῦ
3090 5342 3455 5412 συμϐιϐάσαι,
3508 5343 3603 5395 καὶ
3630 5345 3785 5415 εἰρη-

2203 5436 2519 5505 νοποιῆσαι,
2568 5435 2663 5487 καὶ
2723 5436 2912 5487 πεῖσαι
2960 5432 3123 5487 πάλιν
3172 5434 3260 5486 διὰ
3292 5434 3393 5502 τῆς
3450 5432 3671 5505 ἀγάπης
3704 5436 3786 5498 εἰς

2203 5529 2431 5597 ἑνότητα
2482 5525 2797 5593 συνελοείν;
2840 5527 3009 5579 Ὅταν
3043 5525 3100 5578 δὲ
3147 5526 3244 5592 οὐχ
3287 5520 3389 5589 εἷς,
3425 5525 3547 5578 οὐδὲ
3579 5526 3691 5593 δύο,
3720 5530 3782 5581 οὐ

2202 5617 2357 5684 δέκα,
2399 5619 2523 5672 οὐδὲ
2578 5618 2762 5687 πολλῷ
2796 5618 3004 5671 τούτων
3050 5619 3269 5682 πλείους
3313 5619 3608 5690 ὁλόκληρος
3635 5622 3785 5674 οἰκία

2205 5711 2301 5764 καὶ
2331 5709 2508 5773 πόλις,
2546 5708 2664 5762 ἀλλ’
2695 5709 2849 5771 ἔθνος
2881 5710 3003 5762 ὅλον
3034 5709 3170 5780 πρὸς
3212 5710 3332 5765 ὅλον
3359 5712 3509 5775 ἔθνος
3539 5715 3632 5765 καὶ
3663 5714 3784 5766 τότε

2205 5804 2530 5873 όμόπιστον,
2581 5802 2727 5870 οἴμοι
2772 5801 2878 5856 τῶν
2916 5802 3065 5873 ἐμῶν
3109 5804 3298 5859 παθῶν
3339 5805 3397 5858 τὸ
3455 5801 3780 5874 βαρύτατον,
