  <div class='ocr_page' id='page_1' title='image "/cluster/home/n/w/nwhite01/storage/ocr_20150623/111/coo.31924054870153/057.png"; bbox 0 0 4178 6408; ppageno 0'>
   <div class='ocr_carea' id='block_1_1' title="bbox 488 346 3753 425">
    <p class='ocr_par' dir='ltr' id='par_1_1' title="bbox 488 346 3753 425">
     <span class='ocr_line' id='line_1_1' title="bbox 488 346 3753 425; baseline -0.003 -3"><span class='ocrx_word' id='word_1_1' title='bbox 488 360 558 424; x_wconf 88' lang='grc'>95</span> <span class='ocrx_word' id='word_1_2' title='bbox 1618 356 1930 417; x_wconf 73' lang='lat' dir='ltr'><strong>NICOLAI</strong></span> <span class='ocrx_word' id='word_1_3' title='bbox 1973 355 2081 425; x_wconf 68' lang='lat' dir='ltr'><strong>CF.</strong></span> <span class='ocrx_word' id='word_1_4' title='bbox 2125 355 2640 422; x_wconf 66' lang='lat' dir='ltr'><strong>PATBIARCHE</strong></span> <span class='ocrx_word' id='word_1_5' title='bbox 3678 346 3753 411; x_wconf 83' lang='lat'><strong>96</strong></span> 
     </span>
    </p>
   </div>
   <div class='ocr_carea' id='block_1_2' title="bbox 491 466 3752 547">
    <p class='ocr_par' dir='ltr' id='par_1_2' title="bbox 491 466 3752 547">
     <span class='ocr_line' id='line_1_2' title="bbox 491 466 3752 547; baseline -0.002 -22"><span class='ocrx_word' id='word_1_6' title='bbox 491 473 658 543; x_wconf 80' lang='grc' dir='ltr'><strong>μένης</strong></span> <span class='ocrx_word' id='word_1_7' title='bbox 715 473 775 527; x_wconf 86' lang='grc' dir='ltr'><strong>τδ</strong></span> <span class='ocrx_word' id='word_1_8' title='bbox 821 473 915 527; x_wconf 77' lang='grc' dir='ltr'>τοῦ</span> <span class='ocrx_word' id='word_1_9' title='bbox 974 473 1299 546; x_wconf 78' lang='grc' dir='ltr'>πράγματος</span> <span class='ocrx_word' id='word_1_10' title='bbox 1368 471 1725 544; x_wconf 83' lang='grc' dir='ltr'>χρεώστημα,</span> <span class='ocrx_word' id='word_1_11' title='bbox 1797 467 2257 524; x_wconf 81' lang='grc' dir='ltr'>συνεπιλαϐέσθαι</span> <span class='ocrx_word' id='word_1_12' title='bbox 2308 471 2374 539; x_wconf 83' lang='grc' dir='ltr'>τῇ</span> <span class='ocrx_word' id='word_1_13' title='bbox 2440 470 2687 541; x_wconf 67' lang='grc' dir='ltr'>ἡμετέρᾳ</span> <span class='ocrx_word' id='word_1_14' title='bbox 2737 466 3532 547; x_wconf 79' lang='grc' dir='ltr'>πρεσϐείᾳ,ὲξευμενίσασθαι,</span> <span class='ocrx_word' id='word_1_15' title='bbox 3608 466 3752 521; x_wconf 83' lang='grc' dir='ltr'>καθ-</span> 
     </span>
    </p>
   </div>
   <div class='ocr_carea' id='block_1_3' title="bbox 490 563 1642 638">
    <p class='ocr_par' dir='ltr' id='par_1_3' title="bbox 490 563 1642 638">
     <span class='ocr_line' id='line_1_3' title="bbox 490 563 1642 638; baseline 0.003 -22"><span class='ocrx_word' id='word_1_16' title='bbox 490 563 768 619; x_wconf 83' lang='grc' dir='ltr'>ικετεῦσαι</span> <span class='ocrx_word' id='word_1_17' title='bbox 804 564 896 619; x_wconf 83' lang='grc' dir='ltr'>τὸν</span> <span class='ocrx_word' id='word_1_18' title='bbox 930 567 1283 638; x_wconf 77' lang='grc' dir='ltr'><strong>ἠγαπημένον</strong></span> <span class='ocrx_word' id='word_1_19' title='bbox 1307 567 1424 620; x_wconf 75' lang='grc' dir='ltr'>υίὺν</span> <span class='ocrx_word' id='word_1_20' title='bbox 1459 569 1491 636; x_wconf 84' lang='grc' dir='ltr'><strong>ή</strong></span> <span class='ocrx_word' id='word_1_21' title='bbox 1503 567 1642 636; x_wconf 86' lang='grc' dir='ltr'>μῶν.</span> 
     </span>
    </p>
   </div>
   <div class='ocr_carea' id='block_1_4' title="bbox 561 657 2158 734">
    <p class='ocr_par' dir='ltr' id='par_1_4' title="bbox 561 657 2158 734">
     <span class='ocr_line' id='line_1_4' title="bbox 561 657 2158 734; baseline 0.001 -20"><span class='ocrx_word' id='word_1_22' title='bbox 561 657 804 716; x_wconf 84' lang='lat' dir='ltr'><strong>Plurima</strong></span> <span class='ocrx_word' id='word_1_23' title='bbox 847 672 976 717; x_wconf 88' lang='lat' dir='ltr'><strong>sunt</strong></span> <span class='ocrx_word' id='word_1_24' title='bbox 1029 679 1150 734; x_wconf 65' lang='lat' dir='ltr'><strong>qua:</strong></span> <span class='ocrx_word' id='word_1_25' title='bbox 1201 671 1348 719; x_wconf 86' lang='lat' dir='ltr'><strong>tuam</strong></span> <span class='ocrx_word' id='word_1_26' title='bbox 1406 663 1838 727; x_wconf 82' lang='lat' dir='ltr'><strong>obsecrationem</strong></span> <span class='ocrx_word' id='word_1_27' title='bbox 1889 660 2158 731; x_wconf 66' lang='lat' dir='ltr'><strong>iuvareA</strong></span> 
     </span>
    </p>
   </div>
   <div class='ocr_carea' id='block_1_5' title="bbox 493 744 2076 828">
    <p class='ocr_par' dir='ltr' id='par_1_5' title="bbox 493 744 2076 828">
     <span class='ocr_line' id='line_1_5' title="bbox 493 744 2076 828; baseline -0.001 -20"><span class='ocrx_word' id='word_1_28' title='bbox 493 764 723 823; x_wconf 90' lang='lat' dir='ltr'><strong>possunt</strong></span> <span class='ocrx_word' id='word_1_29' title='bbox 762 772 777 810; x_wconf 93' lang='lat'><strong>:</strong></span> <span class='ocrx_word' id='word_1_30' title='bbox 821 756 996 825; x_wconf 91' lang='lat' dir='ltr'><strong>primo</strong></span> <span class='ocrx_word' id='word_1_31' title='bbox 1043 744 1458 828; x_wconf 36' lang='lat' dir='ltr'><strong>quidem‘quod</strong></span> <span class='ocrx_word' id='word_1_32' title='bbox 1520 756 1672 826; x_wconf 90' lang='lat' dir='ltr'><strong>prius</strong></span> <span class='ocrx_word' id='word_1_33' title='bbox 1710 755 1970 815; x_wconf 87' lang='lat' dir='ltr'><strong>diximus,</strong></span> <span class='ocrx_word' id='word_1_34' title='bbox 2022 753 2076 807; x_wconf 90' lang='lat' dir='ltr'><strong>id</strong></span> 
     </span>
    </p>
   </div>
   <div class='ocr_carea' id='block_1_6' title="bbox 494 843 2077 917">
    <p class='ocr_par' dir='ltr' id='par_1_6' title="bbox 494 843 2077 917">
     <span class='ocr_line' id='line_1_6' title="bbox 494 843 2077 917; baseline -0.001 -19"><span class='ocrx_word' id='word_1_35' title='bbox 494 854 580 907; x_wconf 86' lang='lat' dir='ltr'><strong>est</strong></span> <span class='ocrx_word' id='word_1_36' title='bbox 632 845 835 901; x_wconf 85' lang='lat' dir='ltr'><strong>Christi</strong></span> <span class='ocrx_word' id='word_1_37' title='bbox 874 855 930 911; x_wconf 84' lang='lat' dir='ltr'><strong>et</strong></span> <span class='ocrx_word' id='word_1_38' title='bbox 972 846 1065 902; x_wconf 89' lang='lat' dir='ltr'><strong>Dei</strong></span> <span class='ocrx_word' id='word_1_39' title='bbox 1099 847 1270 903; x_wconf 92' lang='lat' dir='ltr'><strong>nostri</strong></span> <span class='ocrx_word' id='word_1_40' title='bbox 1311 847 1721 912; x_wconf 85' lang='lat' dir='ltr'><strong>inconsolabilis</strong></span> <span class='ocrx_word' id='word_1_41' title='bbox 1750 845 1905 901; x_wconf 90' lang='lat' dir='ltr'><strong>dolor</strong></span> <span class='ocrx_word' id='word_1_42' title='bbox 1932 843 2077 917; x_wconf 85' lang='lat' dir='ltr'><strong>quod</strong></span> 
     </span>
    </p>
   </div>
   <div class='ocr_carea' id='block_1_7' title="bbox 495 935 2078 1008">
    <p class='ocr_par' dir='ltr' id='par_1_7' title="bbox 495 935 2078 1008">
     <span class='ocr_line' id='line_1_7' title="bbox 495 935 2078 1008; baseline -0.001 -18"><span class='ocrx_word' id='word_1_43' title='bbox 495 937 589 1007; x_wconf 82' lang='lat' dir='ltr'><strong>qui</strong></span> <span class='ocrx_word' id='word_1_44' title='bbox 631 940 949 1007; x_wconf 74' lang='lat' dir='ltr'><strong>prmclarum</strong></span> <span class='ocrx_word' id='word_1_45' title='bbox 1003 941 1123 1008; x_wconf 84' lang='lat' dir='ltr'><strong>ejus</strong></span> <span class='ocrx_word' id='word_1_46' title='bbox 1158 956 1355 995; x_wconf 90' lang='lat' dir='ltr'><strong>nomen</strong></span> <span class='ocrx_word' id='word_1_47' title='bbox 1385 946 1625 1008; x_wconf 85' lang='lat' dir='ltr'><strong>portant.</strong></span> <span class='ocrx_word' id='word_1_48' title='bbox 1654 939 1798 1008; x_wconf 91' lang='lat' dir='ltr'><strong>quod</strong></span> <span class='ocrx_word' id='word_1_49' title='bbox 1829 947 1887 999; x_wconf 88' lang='lat' dir='ltr'><strong>ut</strong></span> <span class='ocrx_word' id='word_1_50' title='bbox 1920 935 2078 995; x_wconf 88' lang='lat' dir='ltr'><strong>nobis</strong></span> 
     </span>
    </p>
   </div>
   <div class='ocr_carea' id='block_1_8' title="bbox 497 1015 2079 1097">
    <p class='ocr_par' dir='ltr' id='par_1_8' title="bbox 497 1015 2079 1097">
     <span class='ocr_line' id='line_1_8' title="bbox 497 1015 2079 1097; baseline 0.001 -16"><span class='ocrx_word' id='word_1_51' title='bbox 497 1028 727 1084; x_wconf 81' lang='lat' dir='ltr'><strong>donaret</strong></span> <span class='ocrx_word' id='word_1_52' title='bbox 774 1030 915 1085; x_wconf 92' lang='lat' dir='ltr'><strong>sicut</strong></span> <span class='ocrx_word' id='word_1_53' title='bbox 942 1032 1061 1086; x_wconf 86' lang='lat' dir='ltr'><strong>ovis</strong></span> <span class='ocrx_word' id='word_1_54' title='bbox 1119 1032 1187 1096; x_wconf 82' lang='lat' dir='ltr'><strong>ad</strong></span> <span class='ocrx_word' id='word_1_55' title='bbox 1225 1015 1557 1097; x_wconf 74' lang='lat' dir='ltr'><strong>occisionem</strong></span> <span class='ocrx_word' id='word_1_56' title='bbox 1615 1030 1813 1091; x_wconf 89' lang='lat' dir='ltr'><strong>ductus</strong></span> <span class='ocrx_word' id='word_1_57' title='bbox 1838 1031 1986 1093; x_wconf 81' lang='lat' dir='ltr'><strong>est’,</strong></span> <span class='ocrx_word' id='word_1_58' title='bbox 2022 1029 2079 1085; x_wconf 88' lang='lat' dir='ltr'><strong>iu</strong></span> 
     </span>
    </p>
   </div>
   <div class='ocr_carea' id='block_1_9' title="bbox 496 1109 2080 1189">
    <p class='ocr_par' dir='ltr' id='par_1_9' title="bbox 496 1109 2080 1189">
     <span class='ocr_line' id='line_1_9' title="bbox 496 1109 2080 1189; baseline 0.001 -19"><span class='ocrx_word' id='word_1_59' title='bbox 496 1115 731 1171; x_wconf 80' lang='lat' dir='ltr'><strong>invicem</strong></span> <span class='ocrx_word' id='word_1_60' title='bbox 776 1118 1009 1173; x_wconf 88' lang='lat' dir='ltr'><strong>belluiua</strong></span> <span class='ocrx_word' id='word_1_61' title='bbox 1047 1119 1256 1187; x_wconf 83' lang='lat' dir='ltr'><strong>feritate</strong></span> <span class='ocrx_word' id='word_1_62' title='bbox 1284 1109 1602 1185; x_wconf 80' lang='lat' dir='ltr'><strong>eﬂerantur,</strong></span> <span class='ocrx_word' id='word_1_63' title='bbox 1642 1127 1829 1174; x_wconf 87' lang='lat' dir='ltr'><strong>sancta</strong></span> <span class='ocrx_word' id='word_1_64' title='bbox 1858 1132 2080 1189; x_wconf 85' lang='lat' dir='ltr'><strong>quoque</strong></span> 
     </span>
    </p>
   </div>
   <div class='ocr_carea' id='block_1_10' title="bbox 497 1210 2079 1289">
    <p class='ocr_par' dir='ltr' id='par_1_10' title="bbox 497 1210 2079 1289">
     <span class='ocr_line' id='line_1_10' title="bbox 497 1210 2079 1289; baseline 0.001 -26"><span class='ocrx_word' id='word_1_65' title='bbox 497 1210 697 1277; x_wconf 78' lang='lat' dir='ltr'><strong>templa</strong></span> <span class='ocrx_word' id='word_1_66' title='bbox 748 1211 800 1263; x_wconf 92' lang='lat' dir='ltr'><strong>in</strong></span> <span class='ocrx_word' id='word_1_67' title='bbox 847 1211 1046 1278; x_wconf 82' lang='lat' dir='ltr'><strong>quibus</strong></span> <span class='ocrx_word' id='word_1_68' title='bbox 1100 1211 1263 1265; x_wconf 91' lang='lat' dir='ltr'><strong>Deum</strong></span> <span class='ocrx_word' id='word_1_69' title='bbox 1295 1211 1544 1281; x_wconf 83' lang='lat' dir='ltr'><strong>implorat</strong></span> <span class='ocrx_word' id='word_1_70' title='bbox 1576 1225 1677 1280; x_wconf 90' lang='lat' dir='ltr'><strong>pro</strong></span> <span class='ocrx_word' id='word_1_71' title='bbox 1723 1226 1782 1266; x_wconf 88' lang='lat' dir='ltr'><strong>se</strong></span> <span class='ocrx_word' id='word_1_72' title='bbox 1811 1211 1949 1289; x_wconf 90' lang='lat' dir='ltr'><strong>ipso,</strong></span> <span class='ocrx_word' id='word_1_73' title='bbox 1981 1226 2079 1279; x_wconf 92' lang='lat' dir='ltr'><strong>pro</strong></span> 
     </span>
    </p>
   </div>
   <div class='ocr_carea' id='block_1_11' title="bbox 495 1290 2080 1375">
    <p class='ocr_par' dir='ltr' id='par_1_11' title="bbox 495 1290 2080 1375">
     <span class='ocr_line' id='line_1_11' title="bbox 495 1290 2080 1375; baseline 0.001 -20"><span class='ocrx_word' id='word_1_74' title='bbox 495 1301 749 1375; x_wconf 79' lang='lat' dir='ltr'><strong>conjuge.</strong></span> <span class='ocrx_word' id='word_1_75' title='bbox 788 1318 890 1371; x_wconf 86' lang='lat' dir='ltr'><strong>pro</strong></span> <span class='ocrx_word' id='word_1_76' title='bbox 925 1304 1112 1365; x_wconf 85' lang='lat' dir='ltr'><strong>liberis</strong></span> <span class='ocrx_word' id='word_1_77' title='bbox 1138 1312 1191 1358; x_wconf 92' lang='lat' dir='ltr'><strong>et</strong></span> <span class='ocrx_word' id='word_1_78' title='bbox 1224 1290 1476 1358; x_wconf 86' lang='lat' dir='ltr'><strong>universa</strong></span> <span class='ocrx_word' id='word_1_79' title='bbox 1503 1312 1661 1373; x_wconf 80' lang='lat' dir='ltr'><strong>gente</strong></span> <span class='ocrx_word' id='word_1_80' title='bbox 1684 1308 1842 1373; x_wconf 86' lang='lat' dir='ltr'><strong>cujus</strong></span> <span class='ocrx_word' id='word_1_81' title='bbox 1874 1303 2080 1359; x_wconf 88' lang='lat' dir='ltr'><strong>consti-</strong></span> 
     </span>
    </p>
   </div>
   <div class='ocr_carea' id='block_1_12' title="bbox 495 1391 2079 1462">
    <p class='ocr_par' dir='ltr' id='par_1_12' title="bbox 495 1391 2079 1462">
     <span class='ocr_line' id='line_1_12' title="bbox 495 1391 2079 1462; baseline 0.003 -18"><span class='ocrx_word' id='word_1_82' title='bbox 495 1398 645 1444; x_wconf 88' lang='lat' dir='ltr'><strong>tutus</strong></span> <span class='ocrx_word' id='word_1_83' title='bbox 684 1398 769 1445; x_wconf 90' lang='lat' dir='ltr'><strong>est</strong></span> <span class='ocrx_word' id='word_1_84' title='bbox 804 1391 1077 1462; x_wconf 84' lang='lat' dir='ltr'><strong>princeps,</strong></span> <span class='ocrx_word' id='word_1_85' title='bbox 1127 1407 1344 1447; x_wconf 88' lang='lat' dir='ltr'><strong>sacrum</strong></span> <span class='ocrx_word' id='word_1_86' title='bbox 1375 1393 1539 1457; x_wconf 86' lang='lat' dir='ltr'><strong>etiam</strong></span> <span class='ocrx_word' id='word_1_87' title='bbox 1571 1401 1621 1448; x_wconf 87' lang='lat' dir='ltr'><strong>et</strong></span> <span class='ocrx_word' id='word_1_88' title='bbox 1669 1395 2079 1462; x_wconf 67' lang='lat' dir='ltr'><strong>immaculatum</strong></span> 
     </span>
    </p>
   </div>
   <div class='ocr_carea' id='block_1_13' title="bbox 493 1483 2077 1554">
    <p class='ocr_par' dir='ltr' id='par_1_13' title="bbox 493 1483 2077 1554">
     <span class='ocr_line' id='line_1_13' title="bbox 493 1483 2077 1554; baseline 0.004 -21"><span class='ocrx_word' id='word_1_89' title='bbox 493 1496 691 1550; x_wconf 89' lang='lat' dir='ltr'><strong>corpus</strong></span> <span class='ocrx_word' id='word_1_90' title='bbox 722 1491 775 1536; x_wconf 88' lang='lat' dir='ltr'><strong>et</strong></span> <span class='ocrx_word' id='word_1_91' title='bbox 796 1483 1042 1554; x_wconf 80' lang='lat' dir='ltr'><strong>sanguis,</strong></span> <span class='ocrx_word' id='word_1_92' title='bbox 1061 1499 1182 1553; x_wconf 65' lang='lat' dir='ltr'><strong>qua:</strong></span> <span class='ocrx_word' id='word_1_93' title='bbox 1214 1486 1552 1540; x_wconf 90' lang='lat' dir='ltr'><strong>manducans</strong></span> <span class='ocrx_word' id='word_1_94' title='bbox 1579 1494 1633 1540; x_wconf 89' lang='lat' dir='ltr'><strong>et</strong></span> <span class='ocrx_word' id='word_1_95' title='bbox 1654 1485 1843 1541; x_wconf 89' lang='lat' dir='ltr'><strong>bibens</strong></span> <span class='ocrx_word' id='word_1_96' title='bbox 1866 1487 2077 1540; x_wconf 82' lang='lat' dir='ltr'><strong>ﬁrmam</strong></span> 
     </span>
    </p>
   </div>
   <div class='ocr_carea' id='block_1_14' title="bbox 493 1574 2081 1649">
    <p class='ocr_par' dir='ltr' id='par_1_14' title="bbox 493 1574 2081 1649">
     <span class='ocr_line' id='line_1_14' title="bbox 493 1574 2081 1649; baseline 0.006 -23"><span class='ocrx_word' id='word_1_97' title='bbox 493 1586 652 1639; x_wconf 84' lang='lat' dir='ltr'><strong>spem</strong></span> <span class='ocrx_word' id='word_1_98' title='bbox 719 1574 883 1629; x_wconf 83' lang='lat' dir='ltr'><strong>habet</strong></span> <span class='ocrx_word' id='word_1_99' title='bbox 937 1576 1243 1631; x_wconf 86' lang='lat' dir='ltr'><strong>sanctitatis</strong></span> <span class='ocrx_word' id='word_1_100' title='bbox 1290 1578 1405 1632; x_wconf 86' lang='lat' dir='ltr'><strong>lieri</strong></span> <span class='ocrx_word' id='word_1_101' title='bbox 1457 1592 1516 1633; x_wconf 90' lang='lat' dir='ltr'><strong>se</strong></span> <span class='ocrx_word' id='word_1_102' title='bbox 1572 1578 1890 1649; x_wconf 80' lang='lat' dir='ltr'><strong>participem</strong></span> <span class='ocrx_word' id='word_1_103' title='bbox 1923 1595 1938 1644; x_wconf 92' lang='lat'><strong>;</strong></span> <span class='ocrx_word' id='word_1_104' title='bbox 1970 1578 2081 1635; x_wconf 80' lang='lat' dir='ltr'><strong>tuis</strong></span> 
     </span>
    </p>
   </div>
   <div class='ocr_carea' id='block_1_15' title="bbox 489 1664 2084 1740">
    <p class='ocr_par' dir='ltr' id='par_1_15' title="bbox 489 1664 2084 1740">
     <span class='ocr_line' id='line_1_15' title="bbox 489 1664 2084 1740; baseline 0.006 -24"><span class='ocrx_word' id='word_1_105' title='bbox 489 1664 835 1720; x_wconf 84' lang='lat' dir='ltr'><strong>sermonibus</strong></span> <span class='ocrx_word' id='word_1_106' title='bbox 854 1666 923 1721; x_wconf 91' lang='lat' dir='ltr'><strong>ob</strong></span> <span class='ocrx_word' id='word_1_107' title='bbox 956 1667 1104 1722; x_wconf 90' lang='lat' dir='ltr'><strong>illius</strong></span> <span class='ocrx_word' id='word_1_108' title='bbox 1126 1666 1314 1724; x_wconf 91' lang='lat' dir='ltr'><strong>oculos</strong></span> <span class='ocrx_word' id='word_1_109' title='bbox 1344 1684 1515 1739; x_wconf 84' lang='lat' dir='ltr'><strong>pone,</strong></span> <span class='ocrx_word' id='word_1_110' title='bbox 1545 1686 1664 1740; x_wconf 87' lang='lat' dir='ltr'><strong>quae</strong></span> <span class='ocrx_word' id='word_1_111' title='bbox 1691 1670 1923 1739; x_wconf 86' lang='lat' dir='ltr'><strong>propriis</strong></span> <span class='ocrx_word' id='word_1_112' title='bbox 1952 1685 2084 1726; x_wconf 85' lang='lat' dir='ltr'><strong>ocu-</strong></span> 
     </span>
    </p>
   </div>
   <div class='ocr_carea' id='block_1_16' title="bbox 490 1754 2082 1833">
    <p class='ocr_par' dir='ltr' id='par_1_16' title="bbox 490 1754 2082 1833">
     <span class='ocr_line' id='line_1_16' title="bbox 490 1754 2082 1833; baseline 0.004 -25"><span class='ocrx_word' id='word_1_113' title='bbox 490 1754 559 1809; x_wconf 89' lang='lat' dir='ltr'><strong>lis</strong></span> <span class='ocrx_word' id='word_1_114' title='bbox 581 1763 637 1809; x_wconf 87' lang='lat' dir='ltr'><strong>et</strong></span> <span class='ocrx_word' id='word_1_115' title='bbox 674 1765 800 1812; x_wconf 87' lang='lat' dir='ltr'><strong>ante</strong></span> <span class='ocrx_word' id='word_1_116' title='bbox 831 1766 923 1813; x_wconf 90' lang='lat' dir='ltr'><strong>tua</strong></span> <span class='ocrx_word' id='word_1_117' title='bbox 963 1759 1104 1813; x_wconf 86' lang='lat' dir='ltr'><strong>dicta</strong></span> <span class='ocrx_word' id='word_1_118' title='bbox 1132 1760 1270 1815; x_wconf 90' lang='lat' dir='ltr'><strong>vidit</strong></span> <span class='ocrx_word' id='word_1_119' title='bbox 1309 1775 1409 1819; x_wconf 85' lang='lat' dir='ltr'><strong>nec</strong></span> <span class='ocrx_word' id='word_1_120' title='bbox 1433 1763 1686 1832; x_wconf 80' lang='lat' dir='ltr'><strong>ignorare</strong></span> <span class='ocrx_word' id='word_1_121' title='bbox 1726 1771 1926 1833; x_wconf 81' lang='lat' dir='ltr'><strong>potest,</strong></span> <span class='ocrx_word' id='word_1_122' title='bbox 1959 1763 2082 1817; x_wconf 85' lang='lat' dir='ltr'><strong>uui-</strong></span> 
     </span>
    </p>
   </div>
   <div class='ocr_carea' id='block_1_17' title="bbox 489 1850 2079 1919">
    <p class='ocr_par' dir='ltr' id='par_1_17' title="bbox 489 1850 2079 1919">
     <span class='ocr_line' id='line_1_17' title="bbox 489 1850 2079 1919; baseline 0.007 -24"><span class='ocrx_word' id='word_1_123' title='bbox 489 1857 709 1897; x_wconf 88' lang='lat' dir='ltr'><strong>versam</strong></span> <span class='ocrx_word' id='word_1_124' title='bbox 749 1861 913 1915; x_wconf 90' lang='lat' dir='ltr'><strong>quam</strong></span> <span class='ocrx_word' id='word_1_125' title='bbox 960 1850 1269 1919; x_wconf 79' lang='lat' dir='ltr'><strong>peragravit</strong></span> <span class='ocrx_word' id='word_1_126' title='bbox 1303 1858 1503 1905; x_wconf 89' lang='lat' dir='ltr'><strong>terram</strong></span> <span class='ocrx_word' id='word_1_127' title='bbox 1544 1852 1770 1907; x_wconf 91' lang='lat' dir='ltr'><strong>omnino</strong></span> <span class='ocrx_word' id='word_1_128' title='bbox 1807 1852 2079 1908; x_wconf 84' lang='lat' dir='ltr'><strong>desertam</strong></span> 
     </span>
    </p>
   </div>
   <div class='ocr_carea' id='block_1_18' title="bbox 493 1934 2078 2011">
    <p class='ocr_par' dir='ltr' id='par_1_18' title="bbox 493 1934 2078 2011">
     <span class='ocr_line' id='line_1_18' title="bbox 493 1934 2078 2011; baseline 0.006 -23"><span class='ocrx_word' id='word_1_129' title='bbox 493 1934 612 1989; x_wconf 92' lang='lat' dir='ltr'><strong>loco</strong></span> <span class='ocrx_word' id='word_1_130' title='bbox 636 1935 855 2004; x_wconf 89' lang='lat' dir='ltr'><strong>pristini</strong></span> <span class='ocrx_word' id='word_1_131' title='bbox 888 1948 1138 2007; x_wconf 87' lang='lat' dir='ltr'><strong>ornatus,</strong></span> <span class='ocrx_word' id='word_1_132' title='bbox 1194 1956 1450 2011; x_wconf 78' lang='lat' dir='ltr'><strong>agrorum</strong></span> <span class='ocrx_word' id='word_1_133' title='bbox 1497 1943 1865 1999; x_wconf 87' lang='lat' dir='ltr'><strong>miserandam</strong></span> <span class='ocrx_word' id='word_1_134' title='bbox 1895 1942 2078 1999; x_wconf 83' lang='lat' dir='ltr'><strong>defor-</strong></span> 
     </span>
    </p>
   </div>
   <div class='ocr_carea' id='block_1_19' title="bbox 2259 653 3758 737">
    <p class='ocr_par' dir='ltr' id='par_1_19' title="bbox 2259 653 3758 737">
     <span class='ocr_line' id='line_1_19' title="bbox 2259 653 3758 737; baseline -0.003 -24"><span class='ocrx_word' id='word_1_135' title='bbox 2259 660 2443 733; x_wconf 87' lang='grc' dir='ltr'>Ἔχεις</span> <span class='ocrx_word' id='word_1_136' title='bbox 2489 660 2692 726; x_wconf 86' lang='grc' dir='ltr'>πολλὰς</span> <span class='ocrx_word' id='word_1_137' title='bbox 2747 661 3007 737; x_wconf 74' lang='grc' dir='ltr'>ἀφορμὰς</span> <span class='ocrx_word' id='word_1_138' title='bbox 3058 657 3431 731; x_wconf 77' lang='grc' dir='ltr'>συνεργούσας</span> <span class='ocrx_word' id='word_1_139' title='bbox 3479 656 3619 725; x_wconf 68' lang='grc' dir='ltr'>πρὸς</span> <span class='ocrx_word' id='word_1_140' title='bbox 3656 653 3758 725; x_wconf 77' lang='grc' dir='ltr'>τὴν</span> 
     </span>
    </p>
   </div>
   <div class='ocr_carea' id='block_1_20' title="bbox 2183 748 3759 825">
    <p class='ocr_par' dir='ltr' id='par_1_20' title="bbox 2183 748 3759 825">
     <span class='ocr_line' id='line_1_20' title="bbox 2183 748 3759 825; baseline -0.004 -18"><span class='ocrx_word' id='word_1_141' title='bbox 2183 753 2395 807; x_wconf 77' lang='grc' dir='ltr'>ἐκείνου</span> <span class='ocrx_word' id='word_1_142' title='bbox 2430 754 2747 823; x_wconf 84' lang='grc' dir='ltr'>δυσώπησιν</span> <span class='ocrx_word' id='word_1_143' title='bbox 2769 771 2783 785; x_wconf 69' lang='grc'><em>³</em></span> <span class='ocrx_word' id='word_1_144' title='bbox 2823 754 3041 825; x_wconf 83' lang='grc' dir='ltr'>πρῶτον</span> <span class='ocrx_word' id='word_1_145' title='bbox 3094 752 3213 821; x_wconf 80' lang='grc' dir='ltr'>μὲν,</span> <span class='ocrx_word' id='word_1_146' title='bbox 3244 752 3343 804; x_wconf 82' lang='grc' dir='ltr'>ὅσα</span> <span class='ocrx_word' id='word_1_147' title='bbox 3372 751 3401 803; x_wconf 87' lang='grc' dir='ltr'><strong>ὁ</strong></span> <span class='ocrx_word' id='word_1_148' title='bbox 3430 748 3587 821; x_wconf 92' lang='grc' dir='ltr'>λόγος</span> <span class='ocrx_word' id='word_1_149' title='bbox 3622 764 3759 817; x_wconf 81' lang='grc' dir='ltr'>προ-</span> 
     </span>
    </p>
   </div>
   <div class='ocr_carea' id='block_1_21' title="bbox 2177 838 3761 914">
    <p class='ocr_par' dir='ltr' id='par_1_21' title="bbox 2177 838 3761 914">
     <span class='ocr_line' id='line_1_21' title="bbox 2177 838 3761 914; baseline -0.006 -18"><span class='ocrx_word' id='word_1_150' title='bbox 2177 843 2361 898; x_wconf 84' lang='grc' dir='ltr'>λαϐὼν</span> <span class='ocrx_word' id='word_1_151' title='bbox 2386 841 2533 904; x_wconf 75' lang='grc' dir='ltr'>εἷπε,</span> <span class='ocrx_word' id='word_1_152' title='bbox 2566 846 2664 898; x_wconf 74' lang='grc' dir='ltr'><strong>τοῦ</strong></span> <span class='ocrx_word' id='word_1_153' title='bbox 2696 842 2938 914; x_wconf 81' lang='grc' dir='ltr'><strong>Χριστοῦ</strong></span> <span class='ocrx_word' id='word_1_154' title='bbox 2970 842 3065 897; x_wconf 75' lang='grc' dir='ltr'>καὶ</span> <span class='ocrx_word' id='word_1_155' title='bbox 3090 840 3226 895; x_wconf 78' lang='grc' dir='ltr'>Θεοῦ</span> <span class='ocrx_word' id='word_1_156' title='bbox 3265 839 3425 914; x_wconf 86' lang='grc' dir='ltr'>ήμῶν</span> <span class='ocrx_word' id='word_1_157' title='bbox 3453 838 3515 891; x_wconf 83' lang='grc' dir='ltr'>τὸ</span> <span class='ocrx_word' id='word_1_158' title='bbox 3540 840 3761 907; x_wconf 79' lang='grc' dir='ltr'>ἀπαρα-</span> 
     </span>
    </p>
   </div>
   <div class='ocr_carea' id='block_1_22' title="bbox 2182 930 3758 1007">
    <p class='ocr_par' dir='ltr' id='par_1_22' title="bbox 2182 930 3758 1007">
     <span class='ocr_line' id='line_1_22' title="bbox 2182 930 3758 1007; baseline -0.005 -18"><span class='ocrx_word' id='word_1_159' title='bbox 2182 936 2423 1007; x_wconf 85' lang='grc' dir='ltr'>μύθητον</span> <span class='ocrx_word' id='word_1_160' title='bbox 2454 936 2642 1005; x_wconf 77' lang='grc' dir='ltr'>ἄλγος,</span> <span class='ocrx_word' id='word_1_161' title='bbox 2677 937 2761 1005; x_wconf 81' lang='grc' dir='ltr'><strong>ἐφ’</strong></span> <span class='ocrx_word' id='word_1_162' title='bbox 2785 933 2868 1001; x_wconf 77' lang='grc' dir='ltr'><strong>οἷς</strong></span> <span class='ocrx_word' id='word_1_163' title='bbox 2891 937 2942 989; x_wconf 81' lang='grc' dir='ltr'>οἱ</span> <span class='ocrx_word' id='word_1_164' title='bbox 2968 938 3029 991; x_wconf 78' lang='grc' dir='ltr'><strong>τὺ</strong></span> <span class='ocrx_word' id='word_1_165' title='bbox 3054 934 3263 989; x_wconf 76' lang='grc' dir='ltr'>ἐκείνου</span> <span class='ocrx_word' id='word_1_166' title='bbox 3286 934 3468 1002; x_wconf 88' lang='grc' dir='ltr'>τίμιον</span> <span class='ocrx_word' id='word_1_167' title='bbox 3496 930 3758 1000; x_wconf 80' lang='grc' dir='ltr'>φέροντες</span> 
     </span>
    </p>
   </div>
   <div class='ocr_carea' id='block_1_23' title="bbox 2178 1019 3759 1101">
    <p class='ocr_par' dir='ltr' id='par_1_23' title="bbox 2178 1019 3759 1101">
     <span class='ocr_line' id='line_1_23' title="bbox 2178 1019 3759 1101; baseline -0.007 -18"><span class='ocrx_word' id='word_1_168' title='bbox 2178 1030 2351 1099; x_wconf 73' lang='grc' dir='ltr'>ὄνομα</span> <span class='ocrx_word' id='word_1_169' title='bbox 2384 1028 2460 1093; x_wconf 88' lang='grc' dir='ltr'>ὡς</span> <span class='ocrx_word' id='word_1_170' title='bbox 2492 1029 2766 1101; x_wconf 87' lang='grc' dir='ltr'>πρόϐατον</span> <span class='ocrx_word' id='word_1_171' title='bbox 2801 1029 2893 1083; x_wconf 74' lang='grc' dir='ltr'><strong>ἐπὶ</strong></span> <span class='ocrx_word' id='word_1_172' title='bbox 2924 1027 3137 1097; x_wconf 77' lang='grc' dir='ltr'>σφαγὴν</span> <span class='ocrx_word' id='word_1_173' title='bbox 3170 1024 3449 1095; x_wconf 84' lang='grc' dir='ltr'>ἀχθέντος,</span> <span class='ocrx_word' id='word_1_174' title='bbox 3482 1023 3570 1075; x_wconf 82' lang='grc' dir='ltr'>ἵνα</span> <span class='ocrx_word' id='word_1_175' title='bbox 3599 1019 3759 1075; x_wconf 82' lang='grc' dir='ltr'>τοῦτο</span> 
     </span>
    </p>
   </div>
   <div class='ocr_carea' id='block_1_24' title="bbox 2179 1113 3757 1194">
    <p class='ocr_par' dir='ltr' id='par_1_24' title="bbox 2179 1113 3757 1194">
     <span class='ocr_line' id='line_1_24' title="bbox 2179 1113 3757 1194; baseline -0.007 -18"><span class='ocrx_word' id='word_1_176' title='bbox 2179 1123 2311 1194; x_wconf 74' lang='grc' dir='ltr'>ἡμῖν</span> <span class='ocrx_word' id='word_1_177' title='bbox 2349 1121 2409 1174; x_wconf 82' lang='grc' dir='ltr'>τὸ</span> <span class='ocrx_word' id='word_1_178' title='bbox 2441 1122 2612 1191; x_wconf 81' lang='grc' dir='ltr'>ὄνομα</span> <span class='ocrx_word' id='word_1_179' title='bbox 2662 1121 2979 1192; x_wconf 79' lang='grc' dir='ltr'><strong>χαρίσηται,</strong></span> <span class='ocrx_word' id='word_1_180' title='bbox 3028 1119 3151 1172; x_wconf 88' lang='grc' dir='ltr'>κατ’</span> <span class='ocrx_word' id='word_1_181' title='bbox 3181 1117 3427 1187; x_wconf 82' lang='grc' dir='ltr'>ἀλλήλων</span> <span class='ocrx_word' id='word_1_182' title='bbox 3455 1113 3757 1184; x_wconf 76' lang='grc' dir='ltr'>ἐξεθηριὼ-</span> 
     </span>
    </p>
   </div>
   <div class='ocr_carea' id='block_1_25' title="bbox 2180 1197 3761 1283">
    <p class='ocr_par' dir='ltr' id='par_1_25' title="bbox 2180 1197 3761 1283">
     <span class='ocr_line' id='line_1_25' title="bbox 2180 1197 3761 1283; baseline -0.006 -17"><span class='ocrx_word' id='word_1_183' title='bbox 2180 1197 2372 1283; x_wconf 67' lang='grc' dir='ltr'>θήσαν,</span> <span class='ocrx_word' id='word_1_184' title='bbox 2404 1214 2528 1275; x_wconf 78' lang='grc' dir='ltr'>τοὺς</span> <span class='ocrx_word' id='word_1_185' title='bbox 2586 1214 2766 1282; x_wconf 80' lang='grc' dir='ltr'>ἱεροὺς</span> <span class='ocrx_word' id='word_1_186' title='bbox 2810 1212 2971 1274; x_wconf 76' lang='grc' dir='ltr'>ναοὺς</span> <span class='ocrx_word' id='word_1_187' title='bbox 3001 1211 3059 1264; x_wconf 82' lang='grc' dir='ltr'>ὲν</span> <span class='ocrx_word' id='word_1_188' title='bbox 3091 1206 3171 1272; x_wconf 73' lang='grc' dir='ltr'><strong>οἷς</strong></span> <span class='ocrx_word' id='word_1_189' title='bbox 3199 1209 3335 1278; x_wconf 75' lang='grc' dir='ltr'>πρὸς</span> <span class='ocrx_word' id='word_1_190' title='bbox 3378 1205 3615 1270; x_wconf 77' lang='grc' dir='ltr'>ἔντευξιν</span> <span class='ocrx_word' id='word_1_191' title='bbox 3647 1207 3761 1259; x_wconf 81' lang='grc' dir='ltr'>είσ-</span> 
     </span>
    </p>
   </div>
   <div class='ocr_carea' id='block_1_26' title="bbox 2178 1295 3759 1375">
    <p class='ocr_par' dir='ltr' id='par_1_26' title="bbox 2178 1295 3759 1375">
     <span class='ocr_line' id='line_1_26' title="bbox 2178 1295 3759 1375; baseline -0.006 -17"><span class='ocrx_word' id='word_1_192' title='bbox 2178 1305 2398 1375; x_wconf 81' lang='grc' dir='ltr'>έρχεται</span> <span class='ocrx_word' id='word_1_193' title='bbox 2458 1303 2550 1357; x_wconf 83' lang='grc' dir='ltr'>τοῦ</span> <span class='ocrx_word' id='word_1_194' title='bbox 2602 1302 2739 1356; x_wconf 79' lang='grc' dir='ltr'>Θεοῦ</span> <span class='ocrx_word' id='word_1_195' title='bbox 2781 1301 2920 1373; x_wconf 82' lang='grc' dir='ltr'>ὑπὲρ</span> <span class='ocrx_word' id='word_1_196' title='bbox 2953 1300 3149 1354; x_wconf 79' lang='grc' dir='ltr'>ἑαυτοῦ</span> <span class='ocrx_word' id='word_1_197' title='bbox 3171 1340 3185 1365; x_wconf 93' lang='grc'><strong>,</strong></span> <span class='ocrx_word' id='word_1_198' title='bbox 3214 1298 3360 1371; x_wconf 80' lang='grc' dir='ltr'>ὑπὲρ</span> <span class='ocrx_word' id='word_1_199' title='bbox 3393 1297 3619 1363; x_wconf 79' lang='grc' dir='ltr'><strong>παίδων,</strong></span> <span class='ocrx_word' id='word_1_200' title='bbox 3658 1295 3759 1349; x_wconf 80' lang='grc' dir='ltr'>καὶ</span> 
     </span>
    </p>
   </div>
   <div class='ocr_carea' id='block_1_27' title="bbox 2179 1386 3759 1465">
    <p class='ocr_par' dir='ltr' id='par_1_27' title="bbox 2179 1386 3759 1465">
     <span class='ocr_line' id='line_1_27' title="bbox 2179 1386 3759 1465; baseline -0.005 -15"><span class='ocrx_word' id='word_1_201' title='bbox 2179 1396 2304 1450; x_wconf 83' lang='grc' dir='ltr'>ὅλου</span> <span class='ocrx_word' id='word_1_202' title='bbox 2353 1396 2498 1465; x_wconf 77' lang='grc' dir='ltr'>φημὶ</span> <span class='ocrx_word' id='word_1_203' title='bbox 2551 1395 2646 1448; x_wconf 77' lang='grc' dir='ltr'><strong>τοῦ</strong></span> <span class='ocrx_word' id='word_1_204' title='bbox 2700 1394 2911 1461; x_wconf 74' lang='grc' dir='ltr'>ἔθνους,</span> <span class='ocrx_word' id='word_1_205' title='bbox 2964 1386 3026 1448; x_wconf 69' lang='grc' dir='ltr'>οὗ</span> <span class='ocrx_word' id='word_1_206' title='bbox 3075 1393 3360 1457; x_wconf 78' lang='grc' dir='ltr'><strong>δεσπόζειν</strong></span> <span class='ocrx_word' id='word_1_207' title='bbox 3403 1391 3664 1455; x_wconf 78' lang='grc' dir='ltr'><strong>κατέστη,</strong></span> <span class='ocrx_word' id='word_1_208' title='bbox 3697 1389 3759 1442; x_wconf 74' lang='grc' dir='ltr'>τὸ</span> 
     </span>
    </p>
   </div>
   <div class='ocr_carea' id='block_1_28' title="bbox 2179 1477 3760 1557">
    <p class='ocr_par' dir='ltr' id='par_1_28' title="bbox 2179 1477 3760 1557">
     <span class='ocr_line' id='line_1_28' title="bbox 2179 1477 3760 1557; baseline -0.006 -16"><span class='ocrx_word' id='word_1_209' title='bbox 2179 1486 2334 1554; x_wconf 76' lang='grc' dir='ltr'>ἅγιον</span> <span class='ocrx_word' id='word_1_210' title='bbox 2365 1487 2459 1540; x_wconf 71' lang='grc' dir='ltr'>καὶ</span> <span class='ocrx_word' id='word_1_211' title='bbox 2509 1488 2886 1557; x_wconf 82' lang='grc' dir='ltr'>πανάχραντον</span> <span class='ocrx_word' id='word_1_212' title='bbox 2935 1486 3097 1555; x_wconf 85' lang='grc' dir='ltr'>σῶμα</span> <span class='ocrx_word' id='word_1_213' title='bbox 3142 1486 3236 1538; x_wconf 73' lang='grc' dir='ltr'>καὶ</span> <span class='ocrx_word' id='word_1_214' title='bbox 3270 1481 3432 1552; x_wconf 78' lang='grc' dir='ltr'>αἷμα,</span> <span class='ocrx_word' id='word_1_215' title='bbox 3459 1477 3534 1536; x_wconf 84' lang='grc' dir='ltr'><strong>ῶν</strong></span> <span class='ocrx_word' id='word_1_216' title='bbox 3559 1481 3760 1543; x_wconf 66' lang='grc' dir='ltr'>ἐσθίων</span> 
     </span>
    </p>
   </div>
   <div class='ocr_carea' id='block_1_29' title="bbox 2181 1570 3758 1644">
    <p class='ocr_par' dir='ltr' id='par_1_29' title="bbox 2181 1570 3758 1644">
     <span class='ocr_line' id='line_1_29' title="bbox 2181 1570 3758 1644; baseline -0.006 -13"><span class='ocrx_word' id='word_1_217' title='bbox 2181 1578 2277 1631; x_wconf 68' lang='grc' dir='ltr'>καὶ</span> <span class='ocrx_word' id='word_1_218' title='bbox 2308 1577 2485 1630; x_wconf 87' lang='grc' dir='ltr'>πίνων</span> <span class='ocrx_word' id='word_1_219' title='bbox 2525 1577 2891 1639; x_wconf 82' lang='grc' dir='ltr'>ἀδιστάκτους</span> <span class='ocrx_word' id='word_1_220' title='bbox 2934 1576 3158 1639; x_wconf 73' lang='grc' dir='ltr'>ἐλπίδας</span> <span class='ocrx_word' id='word_1_221' title='bbox 3200 1573 3315 1644; x_wconf 74' lang='grc' dir='ltr'>ἔχει</span> <span class='ocrx_word' id='word_1_222' title='bbox 3344 1571 3623 1642; x_wconf 83' lang='grc' dir='ltr'>ἀγιασμού</span> <span class='ocrx_word' id='word_1_223' title='bbox 3658 1570 3758 1638; x_wconf 86' lang='grc' dir='ltr'>μέ-</span> 
     </span>
    </p>
   </div>
   <div class='ocr_carea' id='block_1_30' title="bbox 2182 1662 3761 1739">
    <p class='ocr_par' dir='ltr' id='par_1_30' title="bbox 2182 1662 3761 1739">
     <span class='ocr_line' id='line_1_30' title="bbox 2182 1662 3761 1739; baseline -0.005 -16"><span class='ocrx_word' id='word_1_224' title='bbox 2182 1687 2337 1739; x_wconf 88' lang='grc' dir='ltr'>τοχος</span> <span class='ocrx_word' id='word_1_225' title='bbox 2366 1668 2633 1736; x_wconf 88' lang='grc' dir='ltr'>γίνεσθαι,</span> <span class='ocrx_word' id='word_1_226' title='bbox 2672 1669 3035 1738; x_wconf 84' lang='grc' dir='ltr'>Παράστησον</span> <span class='ocrx_word' id='word_1_227' title='bbox 3086 1665 3235 1736; x_wconf 83' lang='grc' dir='ltr'>αὐτῷ</span> <span class='ocrx_word' id='word_1_228' title='bbox 3263 1666 3353 1720; x_wconf 83' lang='grc' dir='ltr'>διὰ</span> <span class='ocrx_word' id='word_1_229' title='bbox 3393 1664 3504 1717; x_wconf 87' lang='grc' dir='ltr'><strong>τῶν</strong></span> <span class='ocrx_word' id='word_1_230' title='bbox 3528 1663 3639 1716; x_wconf 86' lang='grc' dir='ltr'>σῶν</span> <span class='ocrx_word' id='word_1_231' title='bbox 3668 1662 3761 1716; x_wconf 85' lang='grc' dir='ltr'>λό-</span> 
     </span>
    </p>
   </div>
   <div class='ocr_carea' id='block_1_31' title="bbox 2180 1756 3760 1830">
    <p class='ocr_par' dir='ltr' id='par_1_31' title="bbox 2180 1756 3760 1830">
     <span class='ocr_line' id='line_1_31' title="bbox 2180 1756 3760 1830; baseline -0.004 -17"><span class='ocrx_word' id='word_1_232' title='bbox 2180 1778 2296 1830; x_wconf 88' lang='grc' dir='ltr'><strong>γων</strong></span> <span class='ocrx_word' id='word_1_233' title='bbox 2323 1764 2381 1815; x_wconf 79' lang='grc' dir='ltr'>ὲν</span> <span class='ocrx_word' id='word_1_234' title='bbox 2433 1760 2736 1830; x_wconf 76' lang='grc' dir='ltr'>ὀφθαλμοῖς</span> <span class='ocrx_word' id='word_1_235' title='bbox 2785 1761 2883 1813; x_wconf 82' lang='grc' dir='ltr'>ὅσα</span> <span class='ocrx_word' id='word_1_236' title='bbox 2932 1761 3140 1825; x_wconf 73' lang='grc' dir='ltr'>ἐκεῖνος</span> <span class='ocrx_word' id='word_1_237' title='bbox 3185 1757 3416 1820; x_wconf 85' lang='grc' dir='ltr'>οίκείαις</span> <span class='ocrx_word' id='word_1_238' title='bbox 3458 1756 3617 1824; x_wconf 70' lang='grc' dir='ltr'>ὕψεσι</span> <span class='ocrx_word' id='word_1_239' title='bbox 3664 1757 3760 1808; x_wconf 80' lang='grc' dir='ltr'>καὶ</span> 
     </span>
    </p>
   </div>
   <div class='ocr_carea' id='block_1_32' title="bbox 2181 1845 3762 1924">
    <p class='ocr_par' dir='ltr' id='par_1_32' title="bbox 2181 1845 3762 1924">
     <span class='ocr_line' id='line_1_32' title="bbox 2181 1845 3762 1924; baseline -0.003 -18"><span class='ocrx_word' id='word_1_240' title='bbox 2181 1853 2288 1924; x_wconf 75' lang='grc' dir='ltr'><strong>πρὸ</strong></span> <span class='ocrx_word' id='word_1_241' title='bbox 2317 1853 2426 1906; x_wconf 90' lang='grc' dir='ltr'><strong>τῶν</strong></span> <span class='ocrx_word' id='word_1_242' title='bbox 2458 1853 2568 1906; x_wconf 89' lang='grc' dir='ltr'><strong>σῶν</strong></span> <span class='ocrx_word' id='word_1_243' title='bbox 2593 1852 2774 1922; x_wconf 86' lang='grc' dir='ltr'>λόγων</span> <span class='ocrx_word' id='word_1_244' title='bbox 2809 1851 3140 1921; x_wconf 80' lang='grc' dir='ltr'>τεθεαμένος</span> <span class='ocrx_word' id='word_1_245' title='bbox 3165 1851 3266 1903; x_wconf 79' lang='grc' dir='ltr'>οὐκ</span> <span class='ocrx_word' id='word_1_246' title='bbox 3300 1849 3504 1917; x_wconf 87' lang='grc' dir='ltr'>ἀγνοεῖ,</span> <span class='ocrx_word' id='word_1_247' title='bbox 3536 1847 3631 1917; x_wconf 86' lang='grc' dir='ltr'>τῆς</span> <span class='ocrx_word' id='word_1_248' title='bbox 3655 1845 3762 1915; x_wconf 88' lang='grc' dir='ltr'>γῆς</span> 
     </span>
    </p>
   </div>
   <div class='ocr_carea' id='block_1_33' title="bbox 2181 1937 3759 2015">
    <p class='ocr_par' dir='ltr' id='par_1_33' title="bbox 2181 1937 3759 2015">
     <span class='ocr_line' id='line_1_33' title="bbox 2181 1937 3759 2015; baseline -0.006 -17"><span class='ocrx_word' id='word_1_249' title='bbox 2181 1946 2314 2015; x_wconf 82' lang='grc' dir='ltr'>ὅσην</span> <span class='ocrx_word' id='word_1_250' title='bbox 2369 1945 2555 2015; x_wconf 81' lang='grc' dir='ltr'>διῆλθε</span> <span class='ocrx_word' id='word_1_251' title='bbox 2596 1944 2698 2014; x_wconf 78' lang='grc' dir='ltr'>τὴν</span> <span class='ocrx_word' id='word_1_252' title='bbox 2724 1943 2961 2014; x_wconf 78' lang='grc' dir='ltr'>ἐρημίαν</span> <span class='ocrx_word' id='word_1_253' title='bbox 3004 1944 3106 2010; x_wconf 85' lang='grc' dir='ltr'>τὴν</span> <span class='ocrx_word' id='word_1_254' title='bbox 3158 1941 3281 1995; x_wconf 74' lang='grc' dir='ltr'>ἀντὶ</span> <span class='ocrx_word' id='word_1_255' title='bbox 3325 1940 3427 2008; x_wconf 80' lang='grc' dir='ltr'>τῆς</span> <span class='ocrx_word' id='word_1_256' title='bbox 3475 1937 3759 2008; x_wconf 85' lang='grc' dir='ltr'>ὀρωμένης</span> 
     </span>
    </p>
   </div>
   <div class='ocr_carea' id='block_1_34' title="bbox 494 2016 2074 2111">
    <p class='ocr_par' dir='ltr' id='par_1_34' title="bbox 494 2026 2074 2103">
     <span class='ocr_line' id='line_1_34' title="bbox 494 2026 2074 2103; baseline 0.008 -24"><span class='ocrx_word' id='word_1_257' title='bbox 494 2026 740 2082; x_wconf 88' lang='lat' dir='ltr'><strong>mitatem</strong></span> <span class='ocrx_word' id='word_1_258' title='bbox 772 2030 844 2084; x_wconf 93' lang='lat' dir='ltr'><strong>ob</strong></span> <span class='ocrx_word' id='word_1_259' title='bbox 892 2041 1099 2100; x_wconf 82' lang='lat' dir='ltr'><strong>segetes</strong></span> <span class='ocrx_word' id='word_1_260' title='bbox 1134 2032 1434 2103; x_wconf 89' lang='lat' dir='ltr'><strong>vineasque</strong></span> <span class='ocrx_word' id='word_1_261' title='bbox 1462 2044 1516 2090; x_wconf 92' lang='lat' dir='ltr'><strong>et</strong></span> <span class='ocrx_word' id='word_1_262' title='bbox 1542 2035 1799 2103; x_wconf 86' lang='lat' dir='ltr'><strong>arbores;</strong></span> <span class='ocrx_word' id='word_1_263' title='bbox 1832 2051 2074 2095; x_wconf 87' lang='lat' dir='ltr'><strong>comme-</strong></span> 
     </span>
    </p>
   </div>
   <div class='ocr_carea' id='block_1_35' title="bbox 2174 2016 3762 2111">
    <p class='ocr_par' dir='ltr' id='par_1_35' title="bbox 2182 2032 3762 2111">
     <span class='ocr_line' id='line_1_35' title="bbox 2182 2032 3762 2111; baseline -0.007 -18"><span class='ocrx_word' id='word_1_264' title='bbox 2182 2039 2311 2111; x_wconf 78' lang='grc' dir='ltr'>ἄχρι</span> <span class='ocrx_word' id='word_1_265' title='bbox 2342 2037 2435 2091; x_wconf 82' lang='grc' dir='ltr'><strong>τοῦ</strong></span> <span class='ocrx_word' id='word_1_266' title='bbox 2476 2037 2572 2092; x_wconf 83' lang='grc' dir='ltr'><strong>νῦν</strong></span> <span class='ocrx_word' id='word_1_267' title='bbox 2628 2036 2990 2108; x_wconf 84' lang='grc' dir='ltr'>ὡραιότητος,</span> <span class='ocrx_word' id='word_1_268' title='bbox 3017 2036 3127 2090; x_wconf 89' lang='grc' dir='ltr'><strong>τῶν</strong></span> <span class='ocrx_word' id='word_1_269' title='bbox 3177 2033 3371 2105; x_wconf 88' lang='grc' dir='ltr'>χωρῶν</span> <span class='ocrx_word' id='word_1_270' title='bbox 3408 2033 3506 2103; x_wconf 81' lang='grc' dir='ltr'>ὅση</span> <span class='ocrx_word' id='word_1_271' title='bbox 3560 2032 3625 2083; x_wconf 84' lang='grc' dir='ltr'>ὲκ</span> <span class='ocrx_word' id='word_1_272' title='bbox 3650 2032 3762 2083; x_wconf 79' lang='grc' dir='ltr'><strong>τῶν</strong></span> 
     </span>
    </p>
   </div>
   <div class='ocr_carea' id='block_1_36' title="bbox 493 2123 2079 2198">
    <p class='ocr_par' dir='ltr' id='par_1_36' title="bbox 493 2123 2079 2198">
     <span class='ocr_line' id='line_1_36' title="bbox 493 2123 2079 2198; baseline 0.008 -27"><span class='ocrx_word' id='word_1_273' title='bbox 493 2133 646 2172; x_wconf 87' lang='lat' dir='ltr'><strong>mora</strong></span> <span class='ocrx_word' id='word_1_274' title='bbox 667 2135 950 2176; x_wconf 87' lang='lat' dir='ltr'><strong>sacrarum</strong></span> <span class='ocrx_word' id='word_1_275' title='bbox 972 2123 1082 2178; x_wconf 87' lang='lat' dir='ltr'><strong>Deo</strong></span> <span class='ocrx_word' id='word_1_276' title='bbox 1112 2125 1310 2180; x_wconf 68' lang='lat' dir='ltr'><strong>aedium</strong></span> <span class='ocrx_word' id='word_1_277' title='bbox 1330 2128 1690 2189; x_wconf 83' lang='lat' dir='ltr'><strong>eversionem,</strong></span> <span class='ocrx_word' id='word_1_278' title='bbox 1717 2144 1853 2198; x_wconf 90' lang='lat' dir='ltr'><strong>quas</strong></span> <span class='ocrx_word' id='word_1_279' title='bbox 1867 2129 2079 2198; x_wconf 90' lang='lat' dir='ltr'><strong>piorum</strong></span> 
     </span>
    </p>
   </div>
   <div class='ocr_carea' id='block_1_37' title="bbox 496 2210 2079 2285">
    <p class='ocr_par' dir='ltr' id='par_1_37' title="bbox 496 2210 2079 2285">
     <span class='ocr_line' id='line_1_37' title="bbox 496 2210 2079 2285; baseline 0.008 -25"><span class='ocrx_word' id='word_1_280' title='bbox 496 2223 695 2265; x_wconf 85' lang='lat' dir='ltr'><strong>manus</strong></span> <span class='ocrx_word' id='word_1_281' title='bbox 727 2211 780 2264; x_wconf 92' lang='lat' dir='ltr'><strong>in</strong></span> <span class='ocrx_word' id='word_1_282' title='bbox 802 2210 897 2266; x_wconf 85' lang='lat' dir='ltr'><strong>Dei</strong></span> <span class='ocrx_word' id='word_1_283' title='bbox 936 2214 1162 2282; x_wconf 75' lang='lat' dir='ltr'><strong>gloriam</strong></span> <span class='ocrx_word' id='word_1_284' title='bbox 1211 2225 1361 2272; x_wconf 89' lang='lat' dir='ltr'><strong>tanto</strong></span> <span class='ocrx_word' id='word_1_285' title='bbox 1394 2216 1581 2273; x_wconf 88' lang='lat' dir='ltr'><strong>labore</strong></span> <span class='ocrx_word' id='word_1_286' title='bbox 1632 2218 2079 2285; x_wconf 70' lang='lat' dir='ltr'><strong>aadiiicaverunt;</strong></span> 
     </span>
    </p>
   </div>
   <div class='ocr_carea' id='block_1_38' title="bbox 494 2300 2079 2378">
    <p class='ocr_par' dir='ltr' id='par_1_38' title="bbox 494 2300 2079 2378">
     <span class='ocr_line' id='line_1_38' title="bbox 494 2300 2079 2378; baseline 0.009 -27"><span class='ocrx_word' id='word_1_287' title='bbox 494 2300 632 2355; x_wconf 87' lang='lat' dir='ltr'><strong>adde</strong></span> <span class='ocrx_word' id='word_1_288' title='bbox 684 2304 847 2357; x_wconf 90' lang='lat' dir='ltr'><strong>etiam</strong></span> <span class='ocrx_word' id='word_1_289' title='bbox 892 2308 1105 2361; x_wconf 88' lang='lat' dir='ltr'><strong>ruinam</strong></span> <span class='ocrx_word' id='word_1_290' title='bbox 1161 2309 1556 2364; x_wconf 89' lang='lat' dir='ltr'><strong>venerabilium</strong></span> <span class='ocrx_word' id='word_1_291' title='bbox 1596 2310 2079 2378; x_wconf 81' lang='lat' dir='ltr'><strong>monasteriorum,</strong></span> 
     </span>
    </p>
   </div>
   <div class='ocr_carea' id='block_1_39' title="bbox 493 2390 2078 2472">
    <p class='ocr_par' dir='ltr' id='par_1_39' title="bbox 493 2390 2078 2472">
     <span class='ocr_line' id='line_1_39' title="bbox 493 2390 2078 2472; baseline 0.008 -29"><span class='ocrx_word' id='word_1_292' title='bbox 493 2390 548 2444; x_wconf 94' lang='lat' dir='ltr'><strong>in</strong></span> <span class='ocrx_word' id='word_1_293' title='bbox 580 2393 781 2461; x_wconf 79' lang='lat' dir='ltr'><strong>quibus</strong></span> <span class='ocrx_word' id='word_1_294' title='bbox 813 2398 1091 2464; x_wconf 87' lang='lat' dir='ltr'><strong>monachi,</strong></span> <span class='ocrx_word' id='word_1_295' title='bbox 1125 2400 1180 2454; x_wconf 90' lang='lat' dir='ltr'><strong>in</strong></span> <span class='ocrx_word' id='word_1_296' title='bbox 1210 2401 1411 2470; x_wconf 87' lang='lat' dir='ltr'><strong>quibus</strong></span> <span class='ocrx_word' id='word_1_297' title='bbox 1442 2403 1682 2472; x_wconf 77' lang='lat' dir='ltr'><strong>virgines</strong></span> <span class='ocrx_word' id='word_1_298' title='bbox 1705 2403 1939 2470; x_wconf 83' lang='lat' dir='ltr'><strong>hymnos</strong></span> <span class='ocrx_word' id='word_1_299' title='bbox 1967 2401 2078 2456; x_wconf 88' lang='lat' dir='ltr'><strong>Deo</strong></span> 
     </span>
    </p>
   </div>
   <div class='ocr_carea' id='block_1_40' title="bbox 494 2483 2075 2565">
    <p class='ocr_par' dir='ltr' id='par_1_40' title="bbox 494 2483 2075 2565">
     <span class='ocr_line' id='line_1_40' title="bbox 494 2483 2075 2565; baseline 0.008 -28"><span class='ocrx_word' id='word_1_300' title='bbox 494 2483 616 2538; x_wconf 90' lang='lat' dir='ltr'><strong>sine</strong></span> <span class='ocrx_word' id='word_1_301' title='bbox 647 2486 1056 2546; x_wconf 89' lang='lat' dir='ltr'><strong>intermissione</strong></span> <span class='ocrx_word' id='word_1_302' title='bbox 1080 2494 1370 2560; x_wconf 88' lang='lat' dir='ltr'><strong>canebant,</strong></span> <span class='ocrx_word' id='word_1_303' title='bbox 1405 2510 1634 2565; x_wconf 83' lang='lat' dir='ltr'><strong>quaeque</strong></span> <span class='ocrx_word' id='word_1_304' title='bbox 1675 2495 2075 2565; x_wconf 89' lang='lat' dir='ltr'><strong>nuncjacentia</strong></span> 
     </span>
    </p>
   </div>
   <div class='ocr_carea' id='block_1_41' title="bbox 493 2576 2069 2654">
    <p class='ocr_par' dir='ltr' id='par_1_41' title="bbox 493 2576 2069 2654">
     <span class='ocr_line' id='line_1_41' title="bbox 493 2576 2069 2654; baseline 0.01 -27"><span class='ocrx_word' id='word_1_305' title='bbox 493 2576 895 2646; x_wconf 84' lang='lat' dir='ltr'><strong>relinquuntur.</strong></span> <span class='ocrx_word' id='word_1_306' title='bbox 928 2581 1080 2637; x_wconf 84' lang='lat' dir='ltr'><strong>Adde</strong></span> <span class='ocrx_word' id='word_1_307' title='bbox 1109 2599 1328 2654; x_wconf 91' lang='lat' dir='ltr'><strong>quoque</strong></span> <span class='ocrx_word' id='word_1_308' title='bbox 1353 2586 1602 2642; x_wconf 89' lang='lat' dir='ltr'><strong>diversas</strong></span> <span class='ocrx_word' id='word_1_309' title='bbox 1636 2588 1914 2642; x_wconf 88' lang='lat' dir='ltr'><strong>hominum</strong></span> <span class='ocrx_word' id='word_1_310' title='bbox 1962 2603 2069 2642; x_wconf 67' lang='lat' dir='ltr'><strong>caa-</strong></span> 
     </span>
    </p>
   </div>
   <div class='ocr_carea' id='block_1_42' title="bbox 491 2668 2131 2738">
    <p class='ocr_par' dir='ltr' id='par_1_42' title="bbox 491 2668 2131 2738">
     <span class='ocr_line' id='line_1_42' title="bbox 491 2668 2131 2738; baseline 0.008 -18"><span class='ocrx_word' id='word_1_311' title='bbox 491 2668 605 2733; x_wconf 90' lang='lat' dir='ltr'><strong>des,</strong></span> <span class='ocrx_word' id='word_1_312' title='bbox 640 2671 803 2738; x_wconf 85' lang='lat' dir='ltr'><strong>proh!</strong></span> <span class='ocrx_word' id='word_1_313' title='bbox 831 2673 998 2728; x_wconf 90' lang='lat' dir='ltr'><strong>nimia</strong></span> <span class='ocrx_word' id='word_1_314' title='bbox 1030 2675 1292 2732; x_wconf 81' lang='lat' dir='ltr'><strong>daemonis</strong></span> <span class='ocrx_word' id='word_1_315' title='bbox 1316 2679 1528 2734; x_wconf 90' lang='lat' dir='ltr'><strong>scelesti</strong></span> <span class='ocrx_word' id='word_1_316' title='bbox 1553 2679 1634 2735; x_wconf 88' lang='lat' dir='ltr'><strong>vis</strong></span> <span class='ocrx_word' id='word_1_317' title='bbox 1664 2680 1862 2734; x_wconf 87' lang='lat' dir='ltr'><strong>misera</strong></span> <span class='ocrx_word' id='word_1_318' title='bbox 1897 2680 1909 2733; x_wconf 77' lang='grc' dir='ltr'><strong>ί</strong></span> <span class='ocrx_word' id='word_1_319' title='bbox 1944 2694 2071 2735; x_wconf 88' lang='lat' dir='ltr'><strong>san-</strong></span> <span class='ocrx_word' id='word_1_320' title='bbox 2114 2672 2131 2684; x_wconf 68' lang='grc'><strong>“</strong></span> 
     </span>
    </p>
   </div>
   <div class='ocr_carea' id='block_1_43' title="bbox 492 2766 2071 2842">
    <p class='ocr_par' dir='ltr' id='par_1_43' title="bbox 492 2766 2071 2842">
     <span class='ocr_line' id='line_1_43' title="bbox 492 2766 2071 2842; baseline 0.009 -29"><span class='ocrx_word' id='word_1_321' title='bbox 492 2771 703 2815; x_wconf 90' lang='lat' dir='ltr'><strong>ctorum</strong></span> <span class='ocrx_word' id='word_1_322' title='bbox 739 2766 1443 2840; x_wconf 80' lang='lat' dir='ltr'><strong>mouachorum,virginum</strong></span> <span class='ocrx_word' id='word_1_323' title='bbox 1473 2772 1875 2842; x_wconf 86' lang='lat' dir='ltr'><strong>mulierumque</strong></span> <span class='ocrx_word' id='word_1_324' title='bbox 1904 2774 2071 2827; x_wconf 79' lang='lat' dir='ltr'><strong>cada-</strong></span> 
     </span>
    </p>
   </div>
   <div class='ocr_carea' id='block_1_44' title="bbox 485 2853 2071 2935">
    <p class='ocr_par' dir='ltr' id='par_1_44' title="bbox 485 2853 2071 2935">
     <span class='ocr_line' id='line_1_44' title="bbox 485 2853 2071 2935; baseline 0.011 -32"><span class='ocrx_word' id='word_1_325' title='bbox 485 2865 613 2906; x_wconf 89' lang='lat' dir='ltr'><strong>vera</strong></span> <span class='ocrx_word' id='word_1_326' title='bbox 641 2853 888 2923; x_wconf 86' lang='lat' dir='ltr'><strong>dispersa</strong></span> <span class='ocrx_word' id='word_1_327' title='bbox 920 2866 1085 2929; x_wconf 86' lang='lat' dir='ltr'><strong>atque</strong></span> <span class='ocrx_word' id='word_1_328' title='bbox 1115 2860 1407 2932; x_wconf 88' lang='lat' dir='ltr'><strong>insepulta,</strong></span> <span class='ocrx_word' id='word_1_329' title='bbox 1429 2864 1768 2935; x_wconf 85' lang='lat' dir='ltr'><strong>canibusque</strong></span> <span class='ocrx_word' id='word_1_330' title='bbox 1800 2875 1856 2920; x_wconf 87' lang='lat' dir='ltr'><strong>et</strong></span> <span class='ocrx_word' id='word_1_331' title='bbox 1879 2865 2071 2920; x_wconf 83' lang='lat' dir='ltr'><strong>bestiis</strong></span> 
     </span>
    </p>
   </div>
   <div class='ocr_carea' id='block_1_45' title="bbox 485 2946 1001 3019">
    <p class='ocr_par' dir='ltr' id='par_1_45' title="bbox 485 2946 1001 3019">
     <span class='ocr_line' id='line_1_45' title="bbox 485 2946 1001 3019; baseline 0.016 -21"><span class='ocrx_word' id='word_1_332' title='bbox 485 2946 726 3013; x_wconf 71' lang='lat' dir='ltr'><strong>prtedam</strong></span> <span class='ocrx_word' id='word_1_333' title='bbox 766 2950 1001 3019; x_wconf 83' lang='lat' dir='ltr'><strong>objecta.</strong></span> 
     </span>
    </p>
   </div>
   <div class='ocr_carea' id='block_1_46' title="bbox 2186 2125 3762 2202">
    <p class='ocr_par' dir='ltr' id='par_1_46' title="bbox 2186 2125 3762 2202">
     <span class='ocr_line' id='line_1_46' title="bbox 2186 2125 3762 2202; baseline -0.006 -17"><span class='ocrx_word' id='word_1_334' title='bbox 2186 2131 2456 2202; x_wconf 75' lang='grc' dir='ltr'><strong>σταχύων,</strong></span> <span class='ocrx_word' id='word_1_335' title='bbox 2491 2133 2593 2201; x_wconf 79' lang='grc' dir='ltr'>ὅση</span> <span class='ocrx_word' id='word_1_336' title='bbox 2625 2129 2684 2197; x_wconf 77' lang='grc' dir='ltr'>ἐξ</span> <span class='ocrx_word' id='word_1_337' title='bbox 2715 2128 3000 2199; x_wconf 83' lang='grc' dir='ltr'>ἀμπέλων,</span> <span class='ocrx_word' id='word_1_338' title='bbox 3032 2129 3129 2197; x_wconf 85' lang='grc' dir='ltr'>ὅση</span> <span class='ocrx_word' id='word_1_339' title='bbox 3163 2128 3227 2181; x_wconf 79' lang='grc' dir='ltr'>ὲκ</span> <span class='ocrx_word' id='word_1_340' title='bbox 3251 2126 3360 2179; x_wconf 90' lang='grc' dir='ltr'><strong>τῶν</strong></span> <span class='ocrx_word' id='word_1_341' title='bbox 3392 2125 3568 2187; x_wconf 76' lang='grc' dir='ltr'>ἄλλων</span> <span class='ocrx_word' id='word_1_342' title='bbox 3593 2125 3762 2193; x_wconf 84' lang='grc' dir='ltr'>ἀκρο-</span> 
     </span>
    </p>
   </div>
   <div class='ocr_carea' id='block_1_47' title="bbox 2180 2216 3762 2293">
    <p class='ocr_par' dir='ltr' id='par_1_47' title="bbox 2180 2216 3762 2293">
     <span class='ocr_line' id='line_1_47' title="bbox 2180 2216 3762 2293; baseline -0.006 -16"><span class='ocrx_word' id='word_1_343' title='bbox 2180 2226 2361 2292; x_wconf 88' lang='grc' dir='ltr'>δρύων</span> <span class='ocrx_word' id='word_1_344' title='bbox 2409 2224 2650 2293; x_wconf 75' lang='grc' dir='ltr'>ἐλεεινὴν</span> <span class='ocrx_word' id='word_1_345' title='bbox 2702 2222 3005 2292; x_wconf 81' lang='grc' dir='ltr'>ἀμορφίαν.</span> <span class='ocrx_word' id='word_1_346' title='bbox 3060 2220 3398 2289; x_wconf 85' lang='grc' dir='ltr'>Ἀνάμνησον</span> <span class='ocrx_word' id='word_1_347' title='bbox 3450 2216 3614 2270; x_wconf 81' lang='grc' dir='ltr'>αὐτὸν</span> <span class='ocrx_word' id='word_1_348' title='bbox 3662 2216 3762 2286; x_wconf 85' lang='grc' dir='ltr'>τῆς</span> 
     </span>
    </p>
   </div>
   <div class='ocr_carea' id='block_1_48' title="bbox 2182 2308 3762 2385">
    <p class='ocr_par' dir='ltr' id='par_1_48' title="bbox 2182 2308 3762 2385">
     <span class='ocr_line' id='line_1_48' title="bbox 2182 2308 3762 2385; baseline -0.006 -15"><span class='ocrx_word' id='word_1_349' title='bbox 2182 2316 2572 2385; x_wconf 78' lang='grc' dir='ltr'>καταστροφῆς</span> <span class='ocrx_word' id='word_1_350' title='bbox 2600 2315 2710 2369; x_wconf 89' lang='grc' dir='ltr'><strong>τῶν</strong></span> <span class='ocrx_word' id='word_1_351' title='bbox 2743 2315 2912 2382; x_wconf 80' lang='grc' dir='ltr'>ἁγίων</span> <span class='ocrx_word' id='word_1_352' title='bbox 2952 2312 3046 2367; x_wconf 82' lang='grc' dir='ltr'><strong>τοῦ</strong></span> <span class='ocrx_word' id='word_1_353' title='bbox 3090 2311 3227 2381; x_wconf 80' lang='grc' dir='ltr'>Θεοῦ</span> <span class='ocrx_word' id='word_1_354' title='bbox 3260 2312 3449 2374; x_wconf 74' lang='grc' dir='ltr'>οἴκων,</span> <span class='ocrx_word' id='word_1_355' title='bbox 3482 2308 3576 2373; x_wconf 76' lang='grc' dir='ltr'>οὓς</span> <span class='ocrx_word' id='word_1_356' title='bbox 3605 2309 3762 2362; x_wconf 82' lang='grc' dir='ltr'>εὐσε-</span> 
     </span>
    </p>
   </div>
   <div class='ocr_carea' id='block_1_49' title="bbox 2180 2401 3761 2477">
    <p class='ocr_par' dir='ltr' id='par_1_49' title="bbox 2180 2401 3761 2477">
     <span class='ocr_line' id='line_1_49' title="bbox 2180 2401 3761 2477; baseline -0.004 -18"><span class='ocrx_word' id='word_1_357' title='bbox 2180 2407 2294 2460; x_wconf 82' lang='grc' dir='ltr'><strong>ϐῶν</strong></span> <span class='ocrx_word' id='word_1_358' title='bbox 2325 2409 2510 2477; x_wconf 84' lang='grc' dir='ltr'>χεῖρες</span> <span class='ocrx_word' id='word_1_359' title='bbox 2554 2407 2632 2470; x_wconf 88' lang='grc' dir='ltr'><strong>είς</strong></span> <span class='ocrx_word' id='word_1_360' title='bbox 2667 2405 2825 2470; x_wconf 81' lang='grc' dir='ltr'>δόξαν</span> <span class='ocrx_word' id='word_1_361' title='bbox 2874 2406 3009 2458; x_wconf 83' lang='grc' dir='ltr'>Θεοῦ</span> <span class='ocrx_word' id='word_1_362' title='bbox 3058 2403 3196 2472; x_wconf 84' lang='grc' dir='ltr'><strong>μετά</strong></span> <span class='ocrx_word' id='word_1_363' title='bbox 3235 2402 3446 2455; x_wconf 83' lang='grc' dir='ltr'>πολλῶν</span> <span class='ocrx_word' id='word_1_364' title='bbox 3496 2401 3761 2470; x_wconf 80' lang='grc' dir='ltr'>καμάτων</span> 
     </span>
    </p>
   </div>
   <div class='ocr_carea' id='block_1_50' title="bbox 2182 2491 3834 2570">
    <p class='ocr_par' dir='ltr' id='par_1_50' title="bbox 2182 2491 3834 2570">
     <span class='ocr_line' id='line_1_50' title="bbox 2182 2491 3834 2570; baseline -0.005 -19"><span class='ocrx_word' id='word_1_365' title='bbox 2182 2498 2499 2570; x_wconf 84' lang='grc' dir='ltr'>ἀνήγειραν.</span> <span class='ocrx_word' id='word_1_366' title='bbox 2530 2498 2771 2567; x_wconf 84' lang='grc' dir='ltr'>Πρόσθες</span> <span class='ocrx_word' id='word_1_367' title='bbox 2794 2499 2895 2567; x_wconf 79' lang='grc' dir='ltr'>τὴν</span> <span class='ocrx_word' id='word_1_368' title='bbox 2930 2494 3209 2550; x_wconf 81' lang='grc' dir='ltr'>ἀπώλειαν</span> <span class='ocrx_word' id='word_1_369' title='bbox 3239 2494 3346 2547; x_wconf 90' lang='grc' dir='ltr'><strong>τῶν</strong></span> <span class='ocrx_word' id='word_1_370' title='bbox 3373 2491 3590 2562; x_wconf 85' lang='grc' dir='ltr'>σεμνῶν</span> <span class='ocrx_word' id='word_1_371' title='bbox 3622 2492 3761 2544; x_wconf 85' lang='grc' dir='ltr'>διαι-</span> <span class='ocrx_word' id='word_1_372' title='bbox 3811 2527 3834 2548; x_wconf 87' lang='grc'><strong>.</strong></span> 
     </span>
    </p>
   </div>
   <div class='ocr_carea' id='block_1_51' title="bbox 2174 2576 3760 2659">
    <p class='ocr_par' dir='ltr' id='par_1_51' title="bbox 2174 2576 3760 2659">
     <span class='ocr_line' id='line_1_51' title="bbox 2174 2576 3760 2659; baseline -0.005 -17"><span class='ocrx_word' id='word_1_373' title='bbox 2174 2590 2459 2659; x_wconf 83' lang='grc' dir='ltr'>τημάτων,</span> <span class='ocrx_word' id='word_1_374' title='bbox 2501 2590 2558 2642; x_wconf 82' lang='grc' dir='ltr'>ὲν</span> <span class='ocrx_word' id='word_1_375' title='bbox 2609 2581 2691 2651; x_wconf 72' lang='grc' dir='ltr'>οἷς</span> <span class='ocrx_word' id='word_1_376' title='bbox 2735 2586 3085 2658; x_wconf 80' lang='grc' dir='ltr'>μονάζοντες,</span> <span class='ocrx_word' id='word_1_377' title='bbox 3133 2588 3191 2639; x_wconf 79' lang='grc' dir='ltr'>ὲν</span> <span class='ocrx_word' id='word_1_378' title='bbox 3229 2576 3310 2647; x_wconf 75' lang='grc' dir='ltr'>οἷς</span> <span class='ocrx_word' id='word_1_379' title='bbox 3363 2583 3625 2653; x_wconf 79' lang='grc' dir='ltr'>παρθένοι</span> <span class='ocrx_word' id='word_1_380' title='bbox 3674 2581 3760 2635; x_wconf 77' lang='grc' dir='ltr'><strong>διὰ</strong></span> 
     </span>
    </p>
   </div>
   <div class='ocr_carea' id='block_1_52' title="bbox 2178 2674 3749 2751">
    <p class='ocr_par' dir='ltr' id='par_1_52' title="bbox 2178 2674 3749 2751">
     <span class='ocr_line' id='line_1_52' title="bbox 2178 2674 3749 2751; baseline -0.005 -18"><span class='ocrx_word' id='word_1_381' title='bbox 2178 2684 2375 2745; x_wconf 76' lang='grc' dir='ltr'>παντὸς</span> <span class='ocrx_word' id='word_1_382' title='bbox 2402 2680 2605 2751; x_wconf 75' lang='grc' dir='ltr'>ὕμνους</span> <span class='ocrx_word' id='word_1_383' title='bbox 2626 2681 2942 2749; x_wconf 82' lang='grc' dir='ltr'>ἀνέπεμπον</span> <span class='ocrx_word' id='word_1_384' title='bbox 2976 2679 3052 2743; x_wconf 84' lang='grc' dir='ltr'>τῷ</span> <span class='ocrx_word' id='word_1_385' title='bbox 3085 2677 3227 2748; x_wconf 76' lang='grc' dir='ltr'>Θεῷ,</span> <span class='ocrx_word' id='word_1_386' title='bbox 3250 2677 3347 2729; x_wconf 73' lang='grc' dir='ltr'>καὶ</span> <span class='ocrx_word' id='word_1_387' title='bbox 3376 2676 3472 2729; x_wconf 85' lang='grc' dir='ltr'>νῦν</span> <span class='ocrx_word' id='word_1_388' title='bbox 3513 2676 3570 2727; x_wconf 82' lang='grc' dir='ltr'>ὲν</span> <span class='ocrx_word' id='word_1_389' title='bbox 3601 2674 3749 2743; x_wconf 74' lang='grc' dir='ltr'>ἔρει-</span> 
     </span>
    </p>
   </div>
   <div class='ocr_carea' id='block_1_53' title="bbox 2176 2768 3757 2842">
    <p class='ocr_par' dir='ltr' id='par_1_53' title="bbox 2176 2768 3757 2842">
     <span class='ocr_line' id='line_1_53' title="bbox 2176 2768 3757 2842; baseline -0.006 -14"><span class='ocrx_word' id='word_1_390' title='bbox 2176 2776 2324 2838; x_wconf 88' lang='grc' dir='ltr'>πίοις</span> <span class='ocrx_word' id='word_1_391' title='bbox 2353 2776 2637 2827; x_wconf 87' lang='grc' dir='ltr'>λέλειπται</span> <span class='ocrx_word' id='word_1_392' title='bbox 2684 2772 3064 2842; x_wconf 79' lang='grc' dir='ltr'>κατακείμενα</span> <span class='ocrx_word' id='word_1_393' title='bbox 3087 2787 3101 2802; x_wconf 74' lang='grc'><strong>⁸</strong></span> <span class='ocrx_word' id='word_1_394' title='bbox 3137 2769 3374 2842; x_wconf 85' lang='grc' dir='ltr'>πρόσθες</span> <span class='ocrx_word' id='word_1_395' title='bbox 3408 2768 3503 2821; x_wconf 72' lang='grc' dir='ltr'>ἐπὶ</span> <span class='ocrx_word' id='word_1_396' title='bbox 3544 2768 3757 2827; x_wconf 79' lang='grc' dir='ltr'>τούτοις</span> 
     </span>
    </p>
   </div>
   <div class='ocr_carea' id='block_1_54' title="bbox 2174 2860 3757 2937">
    <p class='ocr_par' dir='ltr' id='par_1_54' title="bbox 2174 2860 3757 2937">
     <span class='ocr_line' id='line_1_54' title="bbox 2174 2860 3757 2937; baseline -0.006 -19"><span class='ocrx_word' id='word_1_397' title='bbox 2174 2870 2275 2929; x_wconf 81' lang='grc' dir='ltr'>τὰς</span> <span class='ocrx_word' id='word_1_398' title='bbox 2309 2866 2683 2937; x_wconf 82' lang='grc' dir='ltr'>πολυτρόπους</span> <span class='ocrx_word' id='word_1_399' title='bbox 2717 2865 2827 2918; x_wconf 78' lang='grc' dir='ltr'><strong>τῶν</strong></span> <span class='ocrx_word' id='word_1_400' title='bbox 2873 2865 3179 2934; x_wconf 79' lang='grc' dir='ltr'>ἀνθρώπων</span> <span class='ocrx_word' id='word_1_401' title='bbox 3204 2863 3442 2931; x_wconf 73' lang='grc' dir='ltr'>σφαγὰς,</span> <span class='ocrx_word' id='word_1_402' title='bbox 3481 2861 3626 2928; x_wconf 81' lang='grc' dir='ltr'>οἴμοι</span> <span class='ocrx_word' id='word_1_403' title='bbox 3658 2860 3757 2927; x_wconf 69' lang='grc' dir='ltr'>τῆς</span> 
     </span>
    </p>
   </div>
   <div class='ocr_carea' id='block_1_55' title="bbox 2176 2951 3755 3031">
    <p class='ocr_par' dir='ltr' id='par_1_55' title="bbox 2176 2951 3755 3031">
     <span class='ocr_line' id='line_1_55' title="bbox 2176 2951 3755 3031; baseline -0.007 -18"><span class='ocrx_word' id='word_1_404' title='bbox 2176 2959 2445 3031; x_wconf 83' lang='grc' dir='ltr'>τοσαύτης</span> <span class='ocrx_word' id='word_1_405' title='bbox 2471 2957 2564 3012; x_wconf 78' lang='grc' dir='ltr'>τοῦ</span> <span class='ocrx_word' id='word_1_406' title='bbox 2595 2957 2837 3027; x_wconf 77' lang='grc' dir='ltr'>πονηροῦ</span> <span class='ocrx_word' id='word_1_407' title='bbox 2872 2958 3125 3027; x_wconf 87' lang='grc' dir='ltr'>δαίμονος</span> <span class='ocrx_word' id='word_1_408' title='bbox 3162 2956 3367 3026; x_wconf 79' lang='grc' dir='ltr'>ἰσχύος,</span> <span class='ocrx_word' id='word_1_409' title='bbox 3401 2955 3508 3007; x_wconf 87' lang='grc' dir='ltr'><strong>τῶν</strong></span> <span class='ocrx_word' id='word_1_410' title='bbox 3540 2951 3755 3025; x_wconf 85' lang='grc' dir='ltr'>ἱερέων,</span> 
     </span>
    </p>
   </div>
   <div class='ocr_carea' id='block_1_56' title="bbox 484 3042 3758 3129">
    <p class='ocr_par' dir='ltr' id='par_1_56' title="bbox 484 3042 3758 3129">
     <span class='ocr_line' id='line_1_56' title="bbox 484 3042 3758 3129; baseline 0.001 -30"><span class='ocrx_word' id='word_1_411' title='bbox 484 3042 595 3096; x_wconf 80' lang='grc' dir='ltr'><strong>τῶν</strong></span> <span class='ocrx_word' id='word_1_412' title='bbox 647 3046 995 3115; x_wconf 78' lang='grc' dir='ltr'>μοναξόντων</span> <span class='ocrx_word' id='word_1_413' title='bbox 1044 3051 1277 3123; x_wconf 83' lang='grc' dir='ltr'>ἀνδρῶν,</span> <span class='ocrx_word' id='word_1_414' title='bbox 1337 3054 1612 3121; x_wconf 86' lang='grc' dir='ltr'>γυναικῶν</span> <span class='ocrx_word' id='word_1_415' title='bbox 1659 3057 1928 3128; x_wconf 76' lang='grc' dir='ltr'>ἑρριμένα</span> <span class='ocrx_word' id='word_1_416' title='bbox 2000 3057 2255 3128; x_wconf 85' lang='grc' dir='ltr'>σώματα,</span> <span class='ocrx_word' id='word_1_417' title='bbox 2302 3059 2398 3111; x_wconf 72' lang='grc' dir='ltr'>καὶ</span> <span class='ocrx_word' id='word_1_418' title='bbox 2477 3055 2602 3129; x_wconf 75' lang='grc' dir='ltr'>μηδ’</span> <span class='ocrx_word' id='word_1_419' title='bbox 2641 3055 2773 3109; x_wconf 81' lang='grc' dir='ltr'>αὐτὸ</span> <span class='ocrx_word' id='word_1_420' title='bbox 2837 3056 2997 3108; x_wconf 81' lang='grc' dir='ltr'>τοῦτο</span> <span class='ocrx_word' id='word_1_421' title='bbox 3037 3053 3219 3123; x_wconf 83' lang='grc' dir='ltr'>ταφῆς</span> <span class='ocrx_word' id='word_1_422' title='bbox 3258 3050 3559 3122; x_wconf 75' lang='grc' dir='ltr'>ἠξιωμένα,</span> <span class='ocrx_word' id='word_1_423' title='bbox 3620 3044 3758 3101; x_wconf 83' lang='grc' dir='ltr'>ἀλλὰ</span> 
     </span>
    </p>
   </div>
   <div class='ocr_carea' id='block_1_57' title="bbox 488 3138 1784 3220">
    <p class='ocr_par' dir='ltr' id='par_1_57' title="bbox 488 3138 1784 3220">
     <span class='ocr_line' id='line_1_57' title="bbox 488 3138 1784 3220; baseline 0.012 -33"><span class='ocrx_word' id='word_1_424' title='bbox 488 3138 617 3189; x_wconf 74' lang='grc' dir='ltr'>κυσὶ</span> <span class='ocrx_word' id='word_1_425' title='bbox 648 3141 742 3193; x_wconf 79' lang='grc' dir='ltr'>καὶ</span> <span class='ocrx_word' id='word_1_426' title='bbox 770 3142 983 3212; x_wconf 79' lang='grc' dir='ltr'>θηρίοις</span> <span class='ocrx_word' id='word_1_427' title='bbox 1008 3145 1088 3206; x_wconf 85' lang='grc' dir='ltr'><strong>είς</strong></span> <span class='ocrx_word' id='word_1_428' title='bbox 1120 3144 1326 3215; x_wconf 84' lang='grc' dir='ltr'>βρῶσιν</span> <span class='ocrx_word' id='word_1_429' title='bbox 1358 3149 1784 3220; x_wconf 81' lang='grc' dir='ltr'>προτεθειμένα.</span> 
     </span>
    </p>
   </div>
   <div class='ocr_carea' id='block_1_58' title="bbox 558 3230 2070 3310">
    <p class='ocr_par' dir='ltr' id='par_1_58' title="bbox 558 3230 2070 3310">
     <span class='ocr_line' id='line_1_58' title="bbox 558 3230 2070 3310; baseline 0.011 -29"><span class='ocrx_word' id='word_1_430' title='bbox 558 3230 695 3294; x_wconf 79' lang='lat' dir='ltr'><strong>Quid</strong></span> <span class='ocrx_word' id='word_1_431' title='bbox 727 3243 907 3289; x_wconf 87' lang='lat' dir='ltr'><strong>autem</strong></span> <span class='ocrx_word' id='word_1_432' title='bbox 933 3237 1177 3291; x_wconf 61' lang='lat' dir='ltr'><strong>ea‘dieo?</strong></span> <span class='ocrx_word' id='word_1_433' title='bbox 1211 3238 1456 3310; x_wconf 81' lang='lat' dir='ltr'><strong>Magnam</strong></span> <span class='ocrx_word' id='word_1_434' title='bbox 1477 3242 1643 3297; x_wconf 83' lang='lat' dir='ltr'><strong>habes</strong></span> <span class='ocrx_word' id='word_1_435' title='bbox 1674 3242 2070 3298; x_wconf 82' lang='lat' dir='ltr'><strong>etineli&#39;abilem</strong></span> 
     </span>
    </p>
   </div>
   <div class='ocr_carea' id='block_1_59' title="bbox 2257 3230 3757 3309">
    <p class='ocr_par' dir='ltr' id='par_1_59' title="bbox 2257 3230 3757 3309">
     <span class='ocr_line' id='line_1_59' title="bbox 2257 3230 3757 3309; baseline -0.009 -15"><span class='ocrx_word' id='word_1_436' title='bbox 2257 3240 2365 3294; x_wconf 78' lang='lat' dir='ltr'><strong>Kal.</strong></span> <span class='ocrx_word' id='word_1_437' title='bbox 2404 3240 2457 3293; x_wconf 85' lang='grc' dir='ltr'><strong>τί</strong></span> <span class='ocrx_word' id='word_1_438' title='bbox 2480 3239 2625 3309; x_wconf 87' lang='grc' dir='ltr'>λέγω</span> <span class='ocrx_word' id='word_1_439' title='bbox 2651 3238 2860 3301; x_wconf 78' lang='grc' dir='ltr'>ταῦτας</span> <span class='ocrx_word' id='word_1_440' title='bbox 2897 3239 3081 3307; x_wconf 83' lang='grc' dir='ltr'>Ἔχεις</span> <span class='ocrx_word' id='word_1_441' title='bbox 3108 3235 3309 3306; x_wconf 83' lang='grc' dir='ltr'>πολλὴν</span> <span class='ocrx_word' id='word_1_442' title='bbox 3352 3234 3445 3287; x_wconf 80' lang='grc' dir='ltr'>καὶ</span> <span class='ocrx_word' id='word_1_443' title='bbox 3478 3230 3757 3302; x_wconf 82' lang='grc' dir='ltr'>ἀμύθητον</span> 
     </span>
    </p>
   </div>
   <div class='ocr_carea' id='block_1_60' title="bbox 486 3320 2074 3404">
    <p class='ocr_par' dir='ltr' id='par_1_60' title="bbox 486 3322 2071 3404">
     <span class='ocr_line' id='line_1_60' title="bbox 486 3322 2071 3404; baseline 0.009 -29"><span class='ocrx_word' id='word_1_444' title='bbox 486 3322 768 3391; x_wconf 88' lang='lat' dir='ltr'><strong>copiamin</strong></span> <span class='ocrx_word' id='word_1_445' title='bbox 794 3325 884 3380; x_wconf 89' lang='lat' dir='ltr'><strong>illa</strong></span> <span class='ocrx_word' id='word_1_446' title='bbox 916 3344 1024 3382; x_wconf 91' lang='lat' dir='ltr'><strong>non</strong></span> <span class='ocrx_word' id='word_1_447' title='bbox 1057 3331 1237 3385; x_wconf 88' lang='lat' dir='ltr'><strong>audita</strong></span> <span class='ocrx_word' id='word_1_448' title='bbox 1267 3334 1529 3401; x_wconf 76' lang='lat' dir='ltr'><strong>tragoedia</strong></span> <span class='ocrx_word' id='word_1_449' title='bbox 1563 3344 1617 3389; x_wconf 81' lang='lat' dir='ltr'><strong>et</strong></span> <span class='ocrx_word' id='word_1_450' title='bbox 1646 3335 1987 3404; x_wconf 87' lang='lat' dir='ltr'><strong>potissimum</strong></span> <span class='ocrx_word' id='word_1_451' title='bbox 2019 3338 2071 3390; x_wconf 93' lang='lat' dir='ltr'><strong>in</strong></span> 
     </span>
    </p>
   </div>
   <div class='ocr_carea' id='block_1_61' title="bbox 2174 3320 3755 3404">
    <p class='ocr_par' dir='ltr' id='par_1_61' title="bbox 2178 3324 3755 3403">
     <span class='ocr_line' id='line_1_61' title="bbox 2178 3324 3755 3403; baseline -0.006 -20"><span class='ocrx_word' id='word_1_452' title='bbox 2178 3335 2243 3383; x_wconf 87' lang='grc' dir='ltr'>ὲκ</span> <span class='ocrx_word' id='word_1_453' title='bbox 2282 3333 2378 3401; x_wconf 75' lang='grc' dir='ltr'>τῆς</span> <span class='ocrx_word' id='word_1_454' title='bbox 2410 3332 2766 3403; x_wconf 86' lang='grc' dir='ltr'>ἀνιστορήτου</span> <span class='ocrx_word' id='word_1_455' title='bbox 2790 3330 2993 3401; x_wconf 77' lang='grc' dir='ltr'>ταύτης</span> <span class='ocrx_word' id='word_1_456' title='bbox 3016 3327 3323 3400; x_wconf 80' lang='grc' dir='ltr'>τραγῳδίας</span> <span class='ocrx_word' id='word_1_457' title='bbox 3345 3327 3443 3398; x_wconf 84' lang='grc' dir='ltr'>τὴν</span> <span class='ocrx_word' id='word_1_458' title='bbox 3468 3324 3755 3394; x_wconf 81' lang='grc' dir='ltr'>εὐπορίαν,</span> 
     </span>
    </p>
   </div>
   <div class='ocr_carea' id='block_1_62' title="bbox 489 3417 2071 3497">
    <p class='ocr_par' dir='ltr' id='par_1_62' title="bbox 489 3417 2071 3497">
     <span class='ocr_line' id='line_1_62' title="bbox 489 3417 2071 3497; baseline 0.011 -30"><span class='ocrx_word' id='word_1_459' title='bbox 489 3417 909 3474; x_wconf 81' lang='lat' dir='ltr'><strong>mansuetudine</strong></span> <span class='ocrx_word' id='word_1_460' title='bbox 942 3433 997 3475; x_wconf 91' lang='lat' dir='ltr'><strong>et</strong></span> <span class='ocrx_word' id='word_1_461' title='bbox 1031 3423 1422 3490; x_wconf 81' lang='lat' dir='ltr'><strong>perfectissima</strong></span> <span class='ocrx_word' id='word_1_462' title='bbox 1454 3425 1599 3481; x_wconf 89' lang='lat' dir='ltr'><strong>illius</strong></span> <span class='ocrx_word' id='word_1_463' title='bbox 1631 3442 1788 3497; x_wconf 91' lang='lat' dir='ltr'><strong>quem</strong></span> <span class='ocrx_word' id='word_1_464' title='bbox 1813 3428 2071 3484; x_wconf 88' lang='lat' dir='ltr'><strong>obsecra-</strong></span> 
     </span>
    </p>
   </div>
   <div class='ocr_carea' id='block_1_63' title="bbox 487 3504 2066 3585">
    <p class='ocr_par' dir='ltr' id='par_1_63' title="bbox 487 3504 2066 3585">
     <span class='ocr_line' id='line_1_63' title="bbox 487 3504 2066 3585; baseline 0.011 -27"><span class='ocrx_word' id='word_1_465' title='bbox 487 3504 571 3560; x_wconf 87' lang='lat' dir='ltr'><strong>bis</strong></span> <span class='ocrx_word' id='word_1_466' title='bbox 595 3509 899 3579; x_wconf 83' lang='lat' dir='ltr'><strong>prudentia,</strong></span> <span class='ocrx_word' id='word_1_467' title='bbox 938 3515 1080 3568; x_wconf 89' lang='lat' dir='ltr'><strong>unde</strong></span> <span class='ocrx_word' id='word_1_468' title='bbox 1109 3515 1775 3585; x_wconf 85' lang='lat' dir='ltr'><strong>adjuveturintercessio:</strong></span> <span class='ocrx_word' id='word_1_469' title='bbox 1806 3523 1900 3577; x_wconf 86' lang='lat' dir='ltr'><strong>sed</strong></span> <span class='ocrx_word' id='word_1_470' title='bbox 1925 3523 2066 3576; x_wconf 82' lang='lat' dir='ltr'><strong>enim</strong></span> 
     </span>
    </p>
   </div>
   <div class='ocr_carea' id='block_1_64' title="bbox 486 3598 2070 3679">
    <p class='ocr_par' dir='ltr' id='par_1_64' title="bbox 486 3598 2070 3679">
     <span class='ocr_line' id='line_1_64' title="bbox 486 3598 2070 3679; baseline 0.011 -28"><span class='ocrx_word' id='word_1_471' title='bbox 486 3598 624 3654; x_wconf 90' lang='lat' dir='ltr'><strong>meis</strong></span> <span class='ocrx_word' id='word_1_472' title='bbox 670 3601 886 3673; x_wconf 89' lang='lat' dir='ltr'><strong>tuisque</strong></span> <span class='ocrx_word' id='word_1_473' title='bbox 914 3607 1076 3661; x_wconf 88' lang='lat' dir='ltr'><strong>simul</strong></span> <span class='ocrx_word' id='word_1_474' title='bbox 1115 3608 1302 3663; x_wconf 87' lang='lat' dir='ltr'><strong>dolore</strong></span> <span class='ocrx_word' id='word_1_475' title='bbox 1340 3617 1394 3663; x_wconf 91' lang='lat' dir='ltr'><strong>et</strong></span> <span class='ocrx_word' id='word_1_476' title='bbox 1418 3625 1519 3679; x_wconf 90' lang='lat' dir='ltr'><strong>pro</strong></span> <span class='ocrx_word' id='word_1_477' title='bbox 1565 3612 1845 3667; x_wconf 87' lang='lat' dir='ltr'><strong>communi</strong></span> <span class='ocrx_word' id='word_1_478' title='bbox 1894 3614 2070 3669; x_wconf 83' lang='lat' dir='ltr'><strong>salute</strong></span> 
     </span>
    </p>
   </div>
   <div class='ocr_carea' id='block_1_65' title="bbox 483 3697 2070 3774">
    <p class='ocr_par' dir='ltr' id='par_1_65' title="bbox 483 3697 2070 3774">
     <span class='ocr_line' id='line_1_65' title="bbox 483 3697 2070 3774; baseline 0.011 -33"><span class='ocrx_word' id='word_1_479' title='bbox 483 3697 539 3742; x_wconf 89' lang='lat' dir='ltr'><strong>et</strong></span> <span class='ocrx_word' id='word_1_480' title='bbox 559 3705 693 3759; x_wconf 85' lang='lat' dir='ltr'><strong>pace</strong></span> <span class='ocrx_word' id='word_1_481' title='bbox 716 3704 997 3761; x_wconf 79' lang='lat' dir='ltr'><strong>permotus</strong></span> <span class='ocrx_word' id='word_1_482' title='bbox 1031 3697 1208 3751; x_wconf 88' lang='lat' dir='ltr'><strong>debita</strong></span> <span class='ocrx_word' id='word_1_483' title='bbox 1243 3699 1637 3767; x_wconf 84' lang='lat' dir='ltr'><strong>sollicitudine,</strong></span> <span class='ocrx_word' id='word_1_484' title='bbox 1661 3717 1722 3757; x_wconf 90' lang='lat' dir='ltr'><strong>ea</strong></span> <span class='ocrx_word' id='word_1_485' title='bbox 1756 3703 1917 3758; x_wconf 87' lang='lat' dir='ltr'><strong>etiam</strong></span> <span class='ocrx_word' id='word_1_486' title='bbox 1947 3720 2070 3774; x_wconf 66' lang='lat' dir='ltr'><strong>qua!</strong></span> 
     </span>
    </p>
   </div>
   <div class='ocr_carea' id='block_1_66' title="bbox 484 3778 2068 3865">
    <p class='ocr_par' dir='ltr' id='par_1_66' title="bbox 484 3778 2068 3865">
     <span class='ocr_line' id='line_1_66' title="bbox 484 3778 2068 3865; baseline 0.011 -33"><span class='ocrx_word' id='word_1_487' title='bbox 484 3778 551 3833; x_wconf 88' lang='lat' dir='ltr'><strong>ad</strong></span> <span class='ocrx_word' id='word_1_488' title='bbox 582 3796 706 3835; x_wconf 76' lang='lat' dir='ltr'><strong>eum</strong></span> <span class='ocrx_word' id='word_1_489' title='bbox 762 3787 1035 3853; x_wconf 87' lang='lat' dir='ltr'><strong>pertinent</strong></span> <span class='ocrx_word' id='word_1_490' title='bbox 1064 3789 1378 3845; x_wconf 87' lang='lat' dir='ltr'><strong>demonstra</strong></span> <span class='ocrx_word' id='word_1_491' title='bbox 1430 3810 1443 3846; x_wconf 90' lang='lat'><strong>:</strong></span> <span class='ocrx_word' id='word_1_492' title='bbox 1489 3802 1740 3847; x_wconf 90' lang='lat' dir='ltr'><strong>nostrum</strong></span> <span class='ocrx_word' id='word_1_493' title='bbox 1773 3809 1936 3863; x_wconf 91' lang='lat' dir='ltr'><strong>porro</strong></span> <span class='ocrx_word' id='word_1_494' title='bbox 1973 3811 2068 3865; x_wconf 80' lang='lat' dir='ltr'><strong>pro</strong></span> 
     </span>
    </p>
   </div>
   <div class='ocr_carea' id='block_1_67' title="bbox 482 3874 2064 3955">
    <p class='ocr_par' dir='ltr' id='par_1_67' title="bbox 482 3874 2064 3955">
     <span class='ocr_line' id='line_1_67' title="bbox 482 3874 2064 3955; baseline 0.008 -28"><span class='ocrx_word' id='word_1_495' title='bbox 482 3874 642 3930; x_wconf 86' lang='lat' dir='ltr'><strong>nobis</strong></span> <span class='ocrx_word' id='word_1_496' title='bbox 677 3877 911 3933; x_wconf 77' lang='lat' dir='ltr'><strong>oliicium</strong></span> <span class='ocrx_word' id='word_1_497' title='bbox 964 3896 1030 3936; x_wconf 91' lang='lat' dir='ltr'><strong>co</strong></span> <span class='ocrx_word' id='word_1_498' title='bbox 1081 3883 1247 3938; x_wconf 90' lang='lat' dir='ltr'><strong>modo</strong></span> <span class='ocrx_word' id='word_1_499' title='bbox 1278 3883 1443 3953; x_wconf 87' lang='lat' dir='ltr'><strong>imple</strong></span> <span class='ocrx_word' id='word_1_500' title='bbox 1492 3900 1603 3954; x_wconf 91' lang='lat' dir='ltr'><strong>quo</strong></span> <span class='ocrx_word' id='word_1_501' title='bbox 1643 3887 1962 3955; x_wconf 89' lang='lat' dir='ltr'><strong>nosmetipsi</strong></span> <span class='ocrx_word' id='word_1_502' title='bbox 2021 3888 2064 3943; x_wconf 91' lang='lat' dir='ltr'><strong>si</strong></span> 
     </span>
    </p>
   </div>
   <div class='ocr_carea' id='block_1_68' title="bbox 481 3966 2068 4049">
    <p class='ocr_par' dir='ltr' id='par_1_68' title="bbox 481 3966 2068 4049">
     <span class='ocr_line' id='line_1_68' title="bbox 481 3966 2068 4049; baseline 0.01 -30"><span class='ocrx_word' id='word_1_503' title='bbox 481 3966 800 4024; x_wconf 81' lang='lat' dir='ltr'><strong>adessemus</strong></span> <span class='ocrx_word' id='word_1_504' title='bbox 837 3987 852 4024; x_wconf 90' lang='lat'><strong>:</strong></span> <span class='ocrx_word' id='word_1_505' title='bbox 883 3987 1078 4027; x_wconf 86' lang='lat' dir='ltr'><strong>manus</strong></span> <span class='ocrx_word' id='word_1_506' title='bbox 1113 3973 1260 4029; x_wconf 90' lang='lat' dir='ltr'><strong>illius</strong></span> <span class='ocrx_word' id='word_1_507' title='bbox 1300 3975 1683 4046; x_wconf 88' lang='lat' dir='ltr'><strong>complectere,</strong></span> <span class='ocrx_word' id='word_1_508' title='bbox 1713 3992 1909 4048; x_wconf 53' lang='lat' dir='ltr'><strong>genua</strong></span> <span class='ocrx_word' id='word_1_509' title='bbox 1943 3994 2068 4049; x_wconf 90' lang='lat' dir='ltr'><strong>prc-</strong></span> 
     </span>
    </p>
   </div>
   <div class='ocr_carea' id='block_1_69' title="bbox 482 4056 2068 4137">
    <p class='ocr_par' dir='ltr' id='par_1_69' title="bbox 482 4056 2068 4137">
     <span class='ocr_line' id='line_1_69' title="bbox 482 4056 2068 4137; baseline 0.01 -27"><span class='ocrx_word' id='word_1_510' title='bbox 482 4056 682 4124; x_wconf 90' lang='lat' dir='ltr'><strong>heude,</strong></span> <span class='ocrx_word' id='word_1_511' title='bbox 715 4068 788 4126; x_wconf 88' lang='lat' dir='ltr'><strong>et,</strong></span> <span class='ocrx_word' id='word_1_512' title='bbox 823 4061 868 4116; x_wconf 87' lang='lat' dir='ltr'><strong>si</strong></span> <span class='ocrx_word' id='word_1_513' title='bbox 904 4076 1043 4132; x_wconf 89' lang='lat' dir='ltr'><strong>opus</strong></span> <span class='ocrx_word' id='word_1_514' title='bbox 1075 4073 1179 4131; x_wconf 86' lang='lat' dir='ltr'><strong>est,</strong></span> <span class='ocrx_word' id='word_1_515' title='bbox 1209 4065 1375 4120; x_wconf 86' lang='lat' dir='ltr'><strong>etiam</strong></span> <span class='ocrx_word' id='word_1_516' title='bbox 1407 4068 1591 4135; x_wconf 84' lang='lat' dir='ltr'><strong>pedes,</strong></span> <span class='ocrx_word' id='word_1_517' title='bbox 1618 4083 1727 4123; x_wconf 88' lang='lat' dir='ltr'><strong>uno</strong></span> <span class='ocrx_word' id='word_1_518' title='bbox 1756 4071 1944 4137; x_wconf 89' lang='lat' dir='ltr'><strong>verbo,</strong></span> <span class='ocrx_word' id='word_1_519' title='bbox 1980 4071 2068 4126; x_wconf 91' lang='lat' dir='ltr'><strong>ni-</strong></span> 
     </span>
    </p>
   </div>
   <div class='ocr_carea' id='block_1_70' title="bbox 482 4148 2060 4232">
    <p class='ocr_par' dir='ltr' id='par_1_70' title="bbox 482 4148 2060 4232">
     <span class='ocr_line' id='line_1_70' title="bbox 482 4148 2060 4232; baseline 0.01 -30"><span class='ocrx_word' id='word_1_520' title='bbox 482 4148 559 4203; x_wconf 87' lang='lat' dir='ltr'><strong>hil</strong></span> <span class='ocrx_word' id='word_1_521' title='bbox 594 4159 685 4204; x_wconf 91' lang='lat' dir='ltr'><strong>aut</strong></span> <span class='ocrx_word' id='word_1_522' title='bbox 724 4150 929 4218; x_wconf 88' lang='lat' dir='ltr'><strong>dicere,</strong></span> <span class='ocrx_word' id='word_1_523' title='bbox 988 4164 1082 4210; x_wconf 90' lang='lat' dir='ltr'><strong>aut</strong></span> <span class='ocrx_word' id='word_1_524' title='bbox 1116 4154 1294 4211; x_wconf 80' lang='lat' dir='ltr'><strong>facere</strong></span> <span class='ocrx_word' id='word_1_525' title='bbox 1345 4159 1586 4225; x_wconf 90' lang='lat' dir='ltr'><strong>omittas,</strong></span> <span class='ocrx_word' id='word_1_526' title='bbox 1626 4164 1928 4232; x_wconf 86' lang='lat' dir='ltr'><strong>usquedum</strong></span> <span class='ocrx_word' id='word_1_527' title='bbox 1993 4164 2060 4218; x_wconf 88' lang='lat' dir='ltr'><strong>ad</strong></span> 
     </span>
    </p>
   </div>
   <div class='ocr_carea' id='block_1_71' title="bbox 483 4242 2064 4317">
    <p class='ocr_par' dir='ltr' id='par_1_71' title="bbox 483 4242 2064 4317">
     <span class='ocr_line' id='line_1_71' title="bbox 483 4242 2064 4317; baseline 0.009 -23"><span class='ocrx_word' id='word_1_528' title='bbox 483 4242 638 4310; x_wconf 82' lang='lat' dir='ltr'><strong>pacis</strong></span> <span class='ocrx_word' id='word_1_529' title='bbox 705 4242 909 4298; x_wconf 90' lang='lat' dir='ltr'><strong>bonum</strong></span> <span class='ocrx_word' id='word_1_530' title='bbox 986 4260 1222 4317; x_wconf 83' lang='lat' dir='ltr'><strong>superna</strong></span> <span class='ocrx_word' id='word_1_531' title='bbox 1291 4252 1710 4307; x_wconf 83' lang='lat' dir='ltr'><strong>mansuetudine</strong></span> <span class='ocrx_word' id='word_1_532' title='bbox 1769 4255 2064 4310; x_wconf 89' lang='lat' dir='ltr'><strong>inclinetur</strong></span> 
     </span>
    </p>
   </div>
   <div class='ocr_carea' id='block_1_72' title="bbox 483 4331 2064 4411">
    <p class='ocr_par' dir='ltr' id='par_1_72' title="bbox 483 4331 2064 4411">
     <span class='ocr_line' id='line_1_72' title="bbox 483 4331 2064 4411; baseline 0.009 -25"><span class='ocrx_word' id='word_1_533' title='bbox 483 4331 660 4388; x_wconf 84' lang='lat' dir='ltr'><strong>dulcis</strong></span> <span class='ocrx_word' id='word_1_534' title='bbox 700 4334 794 4388; x_wconf 78' lang='lat' dir='ltr'><strong>lilii</strong></span> <span class='ocrx_word' id='word_1_535' title='bbox 824 4336 995 4391; x_wconf 91' lang='lat' dir='ltr'><strong>nostri</strong></span> <span class='ocrx_word' id='word_1_536' title='bbox 1027 4339 1268 4402; x_wconf 81' lang='lat' dir='ltr'><strong>animus,</strong></span> <span class='ocrx_word' id='word_1_537' title='bbox 1315 4340 1528 4411; x_wconf 84' lang='lat' dir='ltr'><strong>virique</strong></span> <span class='ocrx_word' id='word_1_538' title='bbox 1568 4343 1634 4397; x_wconf 86' lang='lat' dir='ltr'><strong>ab</strong></span> <span class='ocrx_word' id='word_1_539' title='bbox 1674 4358 1738 4398; x_wconf 91' lang='lat' dir='ltr'><strong>eo</strong></span> <span class='ocrx_word' id='word_1_540' title='bbox 1781 4345 2064 4400; x_wconf 88' lang='lat' dir='ltr'><strong>mittantur</strong></span> 
     </span>
    </p>
   </div>
   <div class='ocr_carea' id='block_1_73' title="bbox 482 4431 2061 4502">
    <p class='ocr_par' dir='ltr' id='par_1_73' title="bbox 482 4431 2061 4502">
     <span class='ocr_line' id='line_1_73' title="bbox 482 4431 2061 4502; baseline 0.01 -26"><span class='ocrx_word' id='word_1_541' title='bbox 482 4438 579 4494; x_wconf 89' lang='lat' dir='ltr'><strong>per</strong></span> <span class='ocrx_word' id='word_1_542' title='bbox 605 4440 744 4495; x_wconf 83' lang='lat' dir='ltr'><strong>quos</strong></span> <span class='ocrx_word' id='word_1_543' title='bbox 774 4438 1107 4484; x_wconf 87' lang='lat' dir='ltr'><strong>renoventur</strong></span> <span class='ocrx_word' id='word_1_544' title='bbox 1129 4433 1281 4502; x_wconf 88' lang='lat' dir='ltr'><strong>pacis</strong></span> <span class='ocrx_word' id='word_1_545' title='bbox 1308 4431 1537 4499; x_wconf 79' lang='lat' dir='ltr'><strong>fcedera,</strong></span> <span class='ocrx_word' id='word_1_546' title='bbox 1571 4446 1899 4491; x_wconf 82' lang='lat' dir='ltr'><strong>evanescant</strong></span> <span class='ocrx_word' id='word_1_547' title='bbox 1936 4437 2061 4492; x_wconf 87' lang='lat' dir='ltr'><strong>belli</strong></span> 
     </span>
    </p>
   </div>
   <div class='ocr_carea' id='block_1_74' title="bbox 481 4515 2060 4599">
    <p class='ocr_par' dir='ltr' id='par_1_74' title="bbox 481 4515 2060 4599">
     <span class='ocr_line' id='line_1_74' title="bbox 481 4515 2060 4599; baseline 0.008 -28"><span class='ocrx_word' id='word_1_548' title='bbox 481 4515 1010 4591; x_wconf 87' lang='lat' dir='ltr'><strong>inimicitiarumque</strong></span> <span class='ocrx_word' id='word_1_549' title='bbox 1034 4525 1198 4590; x_wconf 89' lang='lat' dir='ltr'><strong>mala,</strong></span> <span class='ocrx_word' id='word_1_550' title='bbox 1238 4528 1472 4595; x_wconf 90' lang='lat' dir='ltr'><strong>pellatur</strong></span> <span class='ocrx_word' id='word_1_551' title='bbox 1496 4527 1747 4583; x_wconf 87' lang='lat' dir='ltr'><strong>diabolus</strong></span> <span class='ocrx_word' id='word_1_552' title='bbox 1777 4530 1871 4599; x_wconf 88' lang='lat' dir='ltr'><strong>qui</strong></span> <span class='ocrx_word' id='word_1_553' title='bbox 1904 4544 2060 4584; x_wconf 64' lang='lat' dir='ltr'><strong>com«</strong></span> 
     </span>
    </p>
   </div>
   <div class='ocr_carea' id='block_1_75' title="bbox 480 4611 2058 4693">
    <p class='ocr_par' dir='ltr' id='par_1_75' title="bbox 480 4611 2058 4693">
     <span class='ocr_line' id='line_1_75' title="bbox 480 4611 2058 4693; baseline 0.009 -30"><span class='ocrx_word' id='word_1_554' title='bbox 480 4611 740 4670; x_wconf 86' lang='lat' dir='ltr'><strong>munibus</strong></span> <span class='ocrx_word' id='word_1_555' title='bbox 771 4611 1140 4672; x_wconf 83' lang='lat' dir='ltr'><strong>Romanorum</strong></span> <span class='ocrx_word' id='word_1_556' title='bbox 1173 4619 1640 4690; x_wconf 81' lang='lat' dir='ltr'><strong>Bulgarorumque</strong></span> <span class='ocrx_word' id='word_1_557' title='bbox 1665 4622 1822 4676; x_wconf 91' lang='lat' dir='ltr'><strong>malis</strong></span> <span class='ocrx_word' id='word_1_558' title='bbox 1843 4623 2058 4693; x_wconf 80' lang='lat' dir='ltr'><strong>gaudet,</strong></span> 
     </span>
    </p>
   </div>
   <div class='ocr_carea' id='block_1_76' title="bbox 478 4702 2058 4783">
    <p class='ocr_par' dir='ltr' id='par_1_76' title="bbox 478 4702 2058 4783">
     <span class='ocr_line' id='line_1_76' title="bbox 478 4702 2058 4783; baseline 0.009 -27"><span class='ocrx_word' id='word_1_559' title='bbox 478 4702 706 4760; x_wconf 82' lang='lat' dir='ltr'><strong>redeant</strong></span> <span class='ocrx_word' id='word_1_560' title='bbox 758 4707 928 4762; x_wconf 88' lang='lat' dir='ltr'><strong>libere</strong></span> <span class='ocrx_word' id='word_1_561' title='bbox 957 4711 1286 4767; x_wconf 85' lang='lat' dir='ltr'><strong>venerabilis</strong></span> <span class='ocrx_word' id='word_1_562' title='bbox 1339 4712 1557 4768; x_wconf 89' lang='lat' dir='ltr'><strong>dilectio</strong></span> <span class='ocrx_word' id='word_1_563' title='bbox 1589 4713 1957 4783; x_wconf 79' lang='lat' dir='ltr'><strong>praeclaraque</strong></span> <span class='ocrx_word' id='word_1_564' title='bbox 1991 4714 2058 4769; x_wconf 82' lang='lat' dir='ltr'><strong>il-</strong></span> 
     </span>
    </p>
   </div>
   <div class='ocr_carea' id='block_1_77' title="bbox 478 4795 2063 4875">
    <p class='ocr_par' dir='ltr' id='par_1_77' title="bbox 478 4795 2063 4875">
     <span class='ocr_line' id='line_1_77' title="bbox 478 4795 2063 4875; baseline 0.008 -27"><span class='ocrx_word' id='word_1_565' title='bbox 478 4795 585 4852; x_wconf 89' lang='lat' dir='ltr'><strong>lius</strong></span> <span class='ocrx_word' id='word_1_566' title='bbox 621 4799 761 4853; x_wconf 89' lang='lat' dir='ltr'><strong>bona</strong></span> <span class='ocrx_word' id='word_1_567' title='bbox 790 4815 888 4870; x_wconf 90' lang='lat' dir='ltr'><strong>per</strong></span> <span class='ocrx_word' id='word_1_568' title='bbox 902 4817 1026 4871; x_wconf 59' lang='lat' dir='ltr'><strong>quae</strong></span> <span class='ocrx_word' id='word_1_569' title='bbox 1048 4802 1230 4857; x_wconf 69' lang='lat' dir='ltr'><strong>laetitia</strong></span> <span class='ocrx_word' id='word_1_570' title='bbox 1260 4804 1641 4875; x_wconf 85' lang='lat' dir='ltr'><strong>bonorumque</strong></span> <span class='ocrx_word' id='word_1_571' title='bbox 1670 4805 1823 4873; x_wconf 87' lang='lat' dir='ltr'><strong>copia</strong></span> <span class='ocrx_word' id='word_1_572' title='bbox 1846 4805 2063 4875; x_wconf 89' lang='lat' dir='ltr'><strong>utrique</strong></span> 
     </span>
    </p>
   </div>
   <div class='ocr_carea' id='block_1_78' title="bbox 479 4889 2063 4956">
    <p class='ocr_par' dir='ltr' id='par_1_78' title="bbox 479 4889 2063 4956">
     <span class='ocr_line' id='line_1_78' title="bbox 479 4889 2063 4956; baseline 0.007 -16"><span class='ocrx_word' id='word_1_573' title='bbox 479 4889 678 4956; x_wconf 82' lang='lat' dir='ltr'><strong>populo</strong></span> <span class='ocrx_word' id='word_1_574' title='bbox 710 4892 978 4947; x_wconf 86' lang='lat' dir='ltr'><strong>accedent</strong></span> <span class='ocrx_word' id='word_1_575' title='bbox 1024 4908 1089 4948; x_wconf 90' lang='lat' dir='ltr'><strong>ac</strong></span> <span class='ocrx_word' id='word_1_576' title='bbox 1119 4893 1626 4950; x_wconf 88' lang='lat' dir='ltr'><strong>crudelissimorum</strong></span> <span class='ocrx_word' id='word_1_577' title='bbox 1665 4910 1861 4951; x_wconf 90' lang='lat' dir='ltr'><strong>sensus</strong></span> <span class='ocrx_word' id='word_1_578' title='bbox 1894 4896 2063 4951; x_wconf 86' lang='lat' dir='ltr'><strong>malo-</strong></span> 
     </span>
    </p>
   </div>
   <div class='ocr_carea' id='block_1_79' title="bbox 478 4982 2065 5059">
    <p class='ocr_par' dir='ltr' id='par_1_79' title="bbox 478 4982 2065 5059">
     <span class='ocr_line' id='line_1_79' title="bbox 478 4982 2065 5059; baseline 0.006 -27"><span class='ocrx_word' id='word_1_579' title='bbox 478 4993 626 5043; x_wconf 89' lang='lat' dir='ltr'><strong>rum,</strong></span> <span class='ocrx_word' id='word_1_580' title='bbox 653 4982 836 5039; x_wconf 88' lang='lat' dir='ltr'><strong>vultus</strong></span> <span class='ocrx_word' id='word_1_581' title='bbox 864 4985 1130 5041; x_wconf 84' lang='lat' dir='ltr'><strong>demissio</strong></span> <span class='ocrx_word' id='word_1_582' title='bbox 1158 4988 1339 5059; x_wconf 62' lang='lat' dir='ltr'><strong>:atque</strong></span> <span class='ocrx_word' id='word_1_583' title='bbox 1385 4987 1652 5044; x_wconf 67' lang='lat' dir='ltr'><strong>maestitia</strong></span> <span class='ocrx_word' id='word_1_584' title='bbox 1683 5002 1713 5043; x_wconf 93' lang='lat' dir='ltr'><strong>e</strong></span> <span class='ocrx_word' id='word_1_585' title='bbox 1746 4986 1928 5043; x_wconf 88' lang='lat' dir='ltr'><strong>medio</strong></span> <span class='ocrx_word' id='word_1_586' title='bbox 1961 4989 2065 5043; x_wconf 90' lang='lat' dir='ltr'><strong>tol-</strong></span> 
     </span>
    </p>
   </div>
   <div class='ocr_carea' id='block_1_80' title="bbox 478 5067 681 5127">
    <p class='ocr_par' dir='ltr' id='par_1_80' title="bbox 478 5067 681 5127">
     <span class='ocr_line' id='line_1_80' title="bbox 478 5067 681 5127; baseline 0.02 -5"><span class='ocrx_word' id='word_1_587' title='bbox 478 5067 681 5127; x_wconf 81' lang='lat' dir='ltr'><strong>lentur.</strong></span> 
     </span>
    </p>
   </div>
   <div class='ocr_carea' id='block_1_81' title="bbox 2175 3418 3757 3496">
    <p class='ocr_par' dir='ltr' id='par_1_81' title="bbox 2175 3418 3757 3496">
     <span class='ocr_line' id='line_1_81' title="bbox 2175 3418 3757 3496; baseline -0.006 -20"><span class='ocrx_word' id='word_1_588' title='bbox 2175 3425 2271 3477; x_wconf 74' lang='grc' dir='ltr'>καὶ</span> <span class='ocrx_word' id='word_1_589' title='bbox 2296 3425 2388 3477; x_wconf 74' lang='grc' dir='ltr'><strong>ἐπὶ</strong></span> <span class='ocrx_word' id='word_1_590' title='bbox 2422 3426 2557 3478; x_wconf 79' lang='grc' dir='ltr'>πᾶσι</span> <span class='ocrx_word' id='word_1_591' title='bbox 2592 3426 2692 3496; x_wconf 82' lang='grc' dir='ltr'>τὴν</span> <span class='ocrx_word' id='word_1_592' title='bbox 2721 3422 2815 3477; x_wconf 81' lang='grc' dir='ltr'><strong>τοῦ</strong></span> <span class='ocrx_word' id='word_1_593' title='bbox 2849 3421 3246 3490; x_wconf 83' lang='grc' dir='ltr'>δυσωπημένου</span> <span class='ocrx_word' id='word_1_594' title='bbox 3291 3419 3629 3490; x_wconf 78' lang='grc' dir='ltr'>ἡμερότητα,</span> <span class='ocrx_word' id='word_1_595' title='bbox 3661 3418 3757 3467; x_wconf 78' lang='grc' dir='ltr'>καὶ</span> 
     </span>
    </p>
   </div>
   <div class='ocr_carea' id='block_1_82' title="bbox 2173 3507 3755 3587">
    <p class='ocr_par' dir='ltr' id='par_1_82' title="bbox 2173 3507 3755 3587">
     <span class='ocr_line' id='line_1_82' title="bbox 2173 3507 3755 3587; baseline -0.005 -19"><span class='ocrx_word' id='word_1_596' title='bbox 2173 3518 2273 3585; x_wconf 82' lang='grc' dir='ltr'>τὴν</span> <span class='ocrx_word' id='word_1_597' title='bbox 2308 3517 2655 3586; x_wconf 81' lang='grc' dir='ltr'>τελειοτάτην</span> <span class='ocrx_word' id='word_1_598' title='bbox 2689 3515 2953 3587; x_wconf 84' lang='grc' dir='ltr'>φρόνησιν</span> <span class='ocrx_word' id='word_1_599' title='bbox 2984 3514 3063 3575; x_wconf 80' lang='grc' dir='ltr'>εἰς</span> <span class='ocrx_word' id='word_1_600' title='bbox 3092 3512 3153 3565; x_wconf 82' lang='grc' dir='ltr'>τὸ</span> <span class='ocrx_word' id='word_1_601' title='bbox 3188 3507 3755 3581; x_wconf 79' lang='grc' dir='ltr'>συγκαταπράξασθαι</span> 
     </span>
    </p>
   </div>
   <div class='ocr_carea' id='block_1_83' title="bbox 2172 3601 3754 3682">
    <p class='ocr_par' dir='ltr' id='par_1_83' title="bbox 2172 3601 3754 3682">
     <span class='ocr_line' id='line_1_83' title="bbox 2172 3601 3754 3682; baseline -0.007 -17"><span class='ocrx_word' id='word_1_602' title='bbox 2172 3613 2273 3682; x_wconf 79' lang='grc' dir='ltr'>τὴν</span> <span class='ocrx_word' id='word_1_603' title='bbox 2316 3610 2654 3682; x_wconf 86' lang='grc' dir='ltr'>πρεσϐείαν·</span> <span class='ocrx_word' id='word_1_604' title='bbox 2706 3609 2842 3665; x_wconf 87' lang='grc' dir='ltr'><strong>ἀλλά</strong></span> <span class='ocrx_word' id='word_1_605' title='bbox 2887 3609 2996 3680; x_wconf 79' lang='grc' dir='ltr'>γὰρ</span> <span class='ocrx_word' id='word_1_606' title='bbox 3036 3607 3355 3677; x_wconf 87' lang='grc' dir='ltr'>κινούμενος</span> <span class='ocrx_word' id='word_1_607' title='bbox 3407 3607 3528 3669; x_wconf 88' lang='grc' dir='ltr'>ταῖς</span> <span class='ocrx_word' id='word_1_608' title='bbox 3559 3601 3754 3667; x_wconf 87' lang='grc' dir='ltr'>κοινῶς</span> 
     </span>
    </p>
   </div>
   <div class='ocr_carea' id='block_1_84' title="bbox 2172 3696 3755 3773">
    <p class='ocr_par' dir='ltr' id='par_1_84' title="bbox 2172 3696 3755 3773">
     <span class='ocr_line' id='line_1_84' title="bbox 2172 3696 3755 3773; baseline -0.006 -16"><span class='ocrx_word' id='word_1_609' title='bbox 2172 3704 2274 3773; x_wconf 81' lang='grc' dir='ltr'>ἐμέ</span> <span class='ocrx_word' id='word_1_610' title='bbox 2306 3721 2366 3757; x_wconf 89' lang='grc' dir='ltr'><strong>τε</strong></span> <span class='ocrx_word' id='word_1_611' title='bbox 2398 3705 2490 3757; x_wconf 65' lang='grc' dir='ltr'>καὶ</span> <span class='ocrx_word' id='word_1_612' title='bbox 2526 3704 2585 3755; x_wconf 73' lang='grc' dir='ltr'>σὲ</span> <span class='ocrx_word' id='word_1_613' title='bbox 2617 3702 3008 3773; x_wconf 83' lang='grc' dir='ltr'>ἀπαραιτήτως</span> <span class='ocrx_word' id='word_1_614' title='bbox 3033 3699 3387 3769; x_wconf 84' lang='grc' dir='ltr'>συνεχούσαις</span> <span class='ocrx_word' id='word_1_615' title='bbox 3413 3696 3628 3758; x_wconf 82' lang='grc' dir='ltr'>ὀδύναις</span> <span class='ocrx_word' id='word_1_616' title='bbox 3658 3696 3755 3748; x_wconf 79' lang='grc' dir='ltr'>καὶ</span> 
     </span>
    </p>
   </div>
   <div class='ocr_carea' id='block_1_85' title="bbox 2171 3787 3757 3865">
    <p class='ocr_par' dir='ltr' id='par_1_85' title="bbox 2171 3787 3757 3865">
     <span class='ocr_line' id='line_1_85' title="bbox 2171 3787 3757 3865; baseline -0.006 -17"><span class='ocrx_word' id='word_1_617' title='bbox 2171 3798 2292 3859; x_wconf 71' lang='grc' dir='ltr'>ταῖς</span> <span class='ocrx_word' id='word_1_618' title='bbox 2336 3794 2592 3865; x_wconf 81' lang='grc' dir='ltr'>ἐχούσαις</span> <span class='ocrx_word' id='word_1_619' title='bbox 2620 3795 2770 3863; x_wconf 75' lang='grc' dir='ltr'>ἡμᾶς</span> <span class='ocrx_word' id='word_1_620' title='bbox 2811 3792 3097 3862; x_wconf 77' lang='grc' dir='ltr'>ὀφειλέτας</span> <span class='ocrx_word' id='word_1_621' title='bbox 3144 3793 3440 3861; x_wconf 81' lang='grc' dir='ltr'>μερίμναις</span> <span class='ocrx_word' id='word_1_622' title='bbox 3476 3788 3617 3858; x_wconf 78' lang='grc' dir='ltr'>ὑπὲρ</span> <span class='ocrx_word' id='word_1_623' title='bbox 3651 3787 3757 3856; x_wconf 74' lang='grc' dir='ltr'>τῆς</span> 
     </span>
    </p>
   </div>
   <div class='ocr_carea' id='block_1_86' title="bbox 2172 3880 3754 3956">
    <p class='ocr_par' dir='ltr' id='par_1_86' title="bbox 2172 3880 3754 3956">
     <span class='ocr_line' id='line_1_86' title="bbox 2172 3880 3754 3956; baseline -0.005 -18"><span class='ocrx_word' id='word_1_624' title='bbox 2172 3888 2360 3956; x_wconf 75' lang='grc' dir='ltr'>κοινῆς</span> <span class='ocrx_word' id='word_1_625' title='bbox 2396 3886 2673 3956; x_wconf 83' lang='grc' dir='ltr'>σωτηρίας</span> <span class='ocrx_word' id='word_1_626' title='bbox 2716 3883 2808 3937; x_wconf 71' lang='grc' dir='ltr'>καὶ</span> <span class='ocrx_word' id='word_1_627' title='bbox 2840 3884 3085 3955; x_wconf 57' lang='grc' dir='ltr'>είρήνηης,</span> <span class='ocrx_word' id='word_1_628' title='bbox 3123 3882 3390 3947; x_wconf 78' lang='grc' dir='ltr'>ἐπίδειξαι</span> <span class='ocrx_word' id='word_1_629' title='bbox 3432 3882 3528 3951; x_wconf 86' lang='grc' dir='ltr'>μὲν</span> <span class='ocrx_word' id='word_1_630' title='bbox 3560 3880 3656 3932; x_wconf 75' lang='grc' dir='ltr'>καὶ</span> <span class='ocrx_word' id='word_1_631' title='bbox 3684 3881 3754 3931; x_wconf 74' lang='grc' dir='ltr'>τὰ</span> 
     </span>
    </p>
   </div>
   <div class='ocr_carea' id='block_1_87' title="bbox 2175 3969 3752 4048">
    <p class='ocr_par' dir='ltr' id='par_1_87' title="bbox 2175 3969 3752 4048">
     <span class='ocr_line' id='line_1_87' title="bbox 2175 3969 3752 4048; baseline -0.006 -17"><span class='ocrx_word' id='word_1_632' title='bbox 2175 3978 2305 4048; x_wconf 84' lang='grc' dir='ltr'>παρ’</span> <span class='ocrx_word' id='word_1_633' title='bbox 2342 3976 2538 4030; x_wconf 78' lang='grc' dir='ltr'>ἑαυτοῦ</span> <span class='ocrx_word' id='word_1_634' title='bbox 2565 3991 2579 4006; x_wconf 87' lang='grc'><strong>·</strong></span> <span class='ocrx_word' id='word_1_635' title='bbox 2619 3976 2911 4047; x_wconf 85' lang='grc' dir='ltr'>πλήρωσον</span> <span class='ocrx_word' id='word_1_636' title='bbox 2943 3974 3001 4026; x_wconf 79' lang='grc' dir='ltr'>δὲ</span> <span class='ocrx_word' id='word_1_637' title='bbox 3032 3972 3129 4026; x_wconf 74' lang='grc' dir='ltr'><strong>καὶ</strong></span> <span class='ocrx_word' id='word_1_638' title='bbox 3158 3971 3274 4024; x_wconf 87' lang='grc' dir='ltr'>ἀνθ’</span> <span class='ocrx_word' id='word_1_639' title='bbox 3313 3970 3471 4041; x_wconf 81' lang='grc' dir='ltr'>ήμῶν</span> <span class='ocrx_word' id='word_1_640' title='bbox 3506 3970 3574 4029; x_wconf 80' lang='grc' dir='ltr'>τὰ</span> <span class='ocrx_word' id='word_1_641' title='bbox 3607 3969 3752 4040; x_wconf 82' lang='grc' dir='ltr'>ἡμέ-</span> 
     </span>
    </p>
   </div>
   <div class='ocr_carea' id='block_1_88' title="bbox 2170 4063 3752 4141">
    <p class='ocr_par' dir='ltr' id='par_1_88' title="bbox 2170 4063 3752 4141">
     <span class='ocr_line' id='line_1_88' title="bbox 2170 4063 3752 4141; baseline -0.006 -18"><span class='ocrx_word' id='word_1_642' title='bbox 2170 4087 2306 4141; x_wconf 87' lang='grc' dir='ltr'>τερα</span> <span class='ocrx_word' id='word_1_643' title='bbox 2331 4070 2429 4123; x_wconf 86' lang='grc' dir='ltr'>ὅσα</span> <span class='ocrx_word' id='word_1_644' title='bbox 2454 4070 2501 4121; x_wconf 84' lang='grc' dir='ltr'><strong>εί</strong></span> <span class='ocrx_word' id='word_1_645' title='bbox 2530 4068 2797 4138; x_wconf 83' lang='grc' dir='ltr'>παρόντες</span> <span class='ocrx_word' id='word_1_646' title='bbox 2820 4067 2886 4121; x_wconf 84' lang='grc' dir='ltr'>ἂν</span> <span class='ocrx_word' id='word_1_647' title='bbox 2910 4065 3067 4118; x_wconf 73' lang='grc' dir='ltr'>αὐτοὶ</span> <span class='ocrx_word' id='word_1_648' title='bbox 3090 4063 3502 4135; x_wconf 78' lang='grc' dir='ltr'>διεπραξάμεθα</span> <span class='ocrx_word' id='word_1_649' title='bbox 3523 4078 3537 4092; x_wconf 85' lang='lat'><strong><em>°</em></strong></span> <span class='ocrx_word' id='word_1_650' title='bbox 3565 4066 3752 4133; x_wconf 81' lang='grc' dir='ltr'>χεῖρας</span> 
     </span>
    </p>
   </div>
   <div class='ocr_carea' id='block_1_89' title="bbox 2172 4155 3753 4231">
    <p class='ocr_par' dir='ltr' id='par_1_89' title="bbox 2172 4155 3753 4231">
     <span class='ocr_line' id='line_1_89' title="bbox 2172 4155 3753 4231; baseline -0.006 -18"><span class='ocrx_word' id='word_1_651' title='bbox 2172 4162 2529 4231; x_wconf 81' lang='grc' dir='ltr'>περίπτυξαι,</span> <span class='ocrx_word' id='word_1_652' title='bbox 2563 4159 2733 4213; x_wconf 77' lang='grc' dir='ltr'>λαϐοῦ</span> <span class='ocrx_word' id='word_1_653' title='bbox 2774 4160 3038 4227; x_wconf 83' lang='grc' dir='ltr'>γονάτων,</span> <span class='ocrx_word' id='word_1_654' title='bbox 3077 4158 3127 4210; x_wconf 86' lang='grc' dir='ltr'><strong>εί</strong></span> <span class='ocrx_word' id='word_1_655' title='bbox 3166 4158 3346 4228; x_wconf 82' lang='grc' dir='ltr'>δεήσει</span> <span class='ocrx_word' id='word_1_656' title='bbox 3373 4156 3468 4209; x_wconf 77' lang='grc' dir='ltr'>καὶ</span> <span class='ocrx_word' id='word_1_657' title='bbox 3500 4155 3610 4208; x_wconf 88' lang='grc' dir='ltr'><strong>τῶν</strong></span> <span class='ocrx_word' id='word_1_658' title='bbox 3650 4171 3753 4205; x_wconf 82' lang='grc' dir='ltr'>πο-</span> 
     </span>
    </p>
   </div>
   <div class='ocr_carea' id='block_1_90' title="bbox 2167 4247 3747 4320">
    <p class='ocr_par' dir='ltr' id='par_1_90' title="bbox 2167 4247 3747 4320">
     <span class='ocr_line' id='line_1_90' title="bbox 2167 4247 3747 4320; baseline -0.006 -13"><span class='ocrx_word' id='word_1_659' title='bbox 2167 4255 2295 4318; x_wconf 90' lang='grc' dir='ltr'>δῶν,</span> <span class='ocrx_word' id='word_1_660' title='bbox 2325 4257 2421 4307; x_wconf 60' lang='lat' dir='ltr'><strong>uati.</strong></span> <span class='ocrx_word' id='word_1_661' title='bbox 2462 4252 2650 4314; x_wconf 86' lang='grc' dir='ltr'>ἁπλῶς</span> <span class='ocrx_word' id='word_1_662' title='bbox 2706 4251 2888 4319; x_wconf 88' lang='grc' dir='ltr'>λόγοις</span> <span class='ocrx_word' id='word_1_663' title='bbox 2934 4251 3029 4304; x_wconf 73' lang='grc' dir='ltr'>καὶ</span> <span class='ocrx_word' id='word_1_664' title='bbox 3073 4250 3366 4320; x_wconf 82' lang='grc' dir='ltr'>πράγμασι</span> <span class='ocrx_word' id='word_1_665' title='bbox 3406 4248 3482 4319; x_wconf 80' lang='grc' dir='ltr'>μὴ</span> <span class='ocrx_word' id='word_1_666' title='bbox 3531 4247 3747 4317; x_wconf 77' lang='grc' dir='ltr'>ἀπόσχῃ</span> 
     </span>
    </p>
   </div>
   <div class='ocr_carea' id='block_1_91' title="bbox 2168 4338 3748 4414">
    <p class='ocr_par' dir='ltr' id='par_1_91' title="bbox 2168 4338 3748 4414">
     <span class='ocr_line' id='line_1_91' title="bbox 2168 4338 3748 4414; baseline -0.005 -16"><span class='ocrx_word' id='word_1_667' title='bbox 2168 4348 2349 4401; x_wconf 84' lang='grc' dir='ltr'>πάντα</span> <span class='ocrx_word' id='word_1_668' title='bbox 2392 4346 2583 4411; x_wconf 74' lang='grc' dir='ltr'>ποιῶν,</span> <span class='ocrx_word' id='word_1_669' title='bbox 2621 4346 2725 4408; x_wconf 73' lang='grc' dir='ltr'>ἕως</span> <span class='ocrx_word' id='word_1_670' title='bbox 2760 4345 2824 4396; x_wconf 84' lang='grc' dir='ltr'>ἂν</span> <span class='ocrx_word' id='word_1_671' title='bbox 2854 4345 2921 4414; x_wconf 78' lang='grc' dir='ltr'>τῇ</span> <span class='ocrx_word' id='word_1_672' title='bbox 2962 4343 3172 4397; x_wconf 84' lang='grc' dir='ltr'>ἄνωθεν</span> <span class='ocrx_word' id='word_1_673' title='bbox 3223 4341 3480 4413; x_wconf 78' lang='grc' dir='ltr'>εὐμενείᾳ</span> <span class='ocrx_word' id='word_1_674' title='bbox 3511 4339 3648 4410; x_wconf 71' lang='grc' dir='ltr'>πρὸς</span> <span class='ocrx_word' id='word_1_675' title='bbox 3686 4338 3748 4391; x_wconf 72' lang='grc' dir='ltr'>τὸ</span> 
     </span>
    </p>
   </div>
   <div class='ocr_carea' id='block_1_92' title="bbox 2166 4433 3744 4511">
    <p class='ocr_par' dir='ltr' id='par_1_92' title="bbox 2166 4433 3744 4511">
     <span class='ocr_line' id='line_1_92' title="bbox 2166 4433 3744 4511; baseline -0.006 -20"><span class='ocrx_word' id='word_1_676' title='bbox 2166 4440 2264 4509; x_wconf 84' lang='grc' dir='ltr'>τῆς</span> <span class='ocrx_word' id='word_1_677' title='bbox 2291 4440 2517 4511; x_wconf 86' lang='grc' dir='ltr'>εἰρήνης</span> <span class='ocrx_word' id='word_1_678' title='bbox 2568 4437 2733 4491; x_wconf 68' lang='grc' dir='ltr'>καλὸν</span> <span class='ocrx_word' id='word_1_679' title='bbox 2774 4439 2807 4508; x_wconf 83' lang='grc' dir='ltr'><strong>ή</strong></span> <span class='ocrx_word' id='word_1_680' title='bbox 2844 4438 3072 4506; x_wconf 88' lang='grc' dir='ltr'>γλυκεῖα</span> <span class='ocrx_word' id='word_1_681' title='bbox 3104 4435 3198 4488; x_wconf 83' lang='grc' dir='ltr'>τοῦ</span> <span class='ocrx_word' id='word_1_682' title='bbox 3241 4436 3515 4505; x_wconf 81' lang='grc' dir='ltr'>ἡμετέρου</span> <span class='ocrx_word' id='word_1_683' title='bbox 3549 4433 3744 4485; x_wconf 84' lang='grc' dir='ltr'>τέκνου</span> 
     </span>
    </p>
   </div>
   <div class='ocr_carea' id='block_1_93' title="bbox 2171 4521 3748 4603">
    <p class='ocr_par' dir='ltr' id='par_1_93' title="bbox 2171 4521 3748 4603">
     <span class='ocr_line' id='line_1_93' title="bbox 2171 4521 3748 4603; baseline -0.007 -19"><span class='ocrx_word' id='word_1_684' title='bbox 2171 4531 2402 4603; x_wconf 84' lang='grc' dir='ltr'>συνέλθῃ</span> <span class='ocrx_word' id='word_1_685' title='bbox 2434 4529 2603 4601; x_wconf 73' lang='grc' dir='ltr'>ψυχὴ,</span> <span class='ocrx_word' id='word_1_686' title='bbox 2634 4529 2732 4582; x_wconf 75' lang='grc' dir='ltr'>καὶ</span> <span class='ocrx_word' id='word_1_687' title='bbox 2762 4527 3039 4597; x_wconf 85' lang='grc' dir='ltr'>ἄνθρωποι</span> <span class='ocrx_word' id='word_1_688' title='bbox 3082 4528 3212 4597; x_wconf 86' lang='grc' dir='ltr'>παρ’</span> <span class='ocrx_word' id='word_1_689' title='bbox 3238 4524 3404 4578; x_wconf 75' lang='grc' dir='ltr'>αὑτοῦ</span> <span class='ocrx_word' id='word_1_690' title='bbox 3441 4521 3748 4588; x_wconf 68' lang='grc' dir='ltr'>ἐξαποστα-</span> 
     </span>
    </p>
   </div>
   <div class='ocr_carea' id='block_1_94' title="bbox 2166 4612 3743 4688">
    <p class='ocr_par' dir='ltr' id='par_1_94' title="bbox 2166 4612 3743 4688">
     <span class='ocr_line' id='line_1_94' title="bbox 2166 4612 3743 4688; baseline -0.008 -14"><span class='ocrx_word' id='word_1_691' title='bbox 2166 4622 2323 4688; x_wconf 86' lang='grc' dir='ltr'>λῶσι,</span> <span class='ocrx_word' id='word_1_692' title='bbox 2361 4620 2428 4672; x_wconf 84' lang='grc' dir='ltr'><strong>δι’</strong></span> <span class='ocrx_word' id='word_1_693' title='bbox 2459 4614 2534 4674; x_wconf 79' lang='grc' dir='ltr'><strong>ὧν</strong></span> <span class='ocrx_word' id='word_1_694' title='bbox 2573 4616 3100 4686; x_wconf 83' lang='grc' dir='ltr'>ἀνακαινισθήσεται</span> <span class='ocrx_word' id='word_1_695' title='bbox 3130 4615 3230 4686; x_wconf 81' lang='grc' dir='ltr'>μὲν</span> <span class='ocrx_word' id='word_1_696' title='bbox 3251 4616 3320 4668; x_wconf 83' lang='grc' dir='ltr'>τὰ</span> <span class='ocrx_word' id='word_1_697' title='bbox 3358 4613 3458 4683; x_wconf 82' lang='grc' dir='ltr'>τῆς</span> <span class='ocrx_word' id='word_1_698' title='bbox 3497 4612 3743 4680; x_wconf 76' lang='grc' dir='ltr'>εἰρήνης,</span> 
     </span>
    </p>
   </div>
   <div class='ocr_carea' id='block_1_95' title="bbox 2165 4703 3744 4782">
    <p class='ocr_par' dir='ltr' id='par_1_95' title="bbox 2165 4703 3744 4782">
     <span class='ocr_line' id='line_1_95' title="bbox 2165 4703 3744 4782; baseline -0.006 -18"><span class='ocrx_word' id='word_1_699' title='bbox 2165 4711 2650 4782; x_wconf 84' lang='grc' dir='ltr'>καταργηθήσεται</span> <span class='ocrx_word' id='word_1_700' title='bbox 2676 4707 2735 4763; x_wconf 81' lang='grc' dir='ltr'>δὲ</span> <span class='ocrx_word' id='word_1_701' title='bbox 2762 4709 2832 4761; x_wconf 84' lang='grc' dir='ltr'>τὰ</span> <span class='ocrx_word' id='word_1_702' title='bbox 2852 4707 2960 4760; x_wconf 90' lang='grc' dir='ltr'><strong>τῶν</strong></span> <span class='ocrx_word' id='word_1_703' title='bbox 2984 4707 3239 4777; x_wconf 81' lang='grc' dir='ltr'>πολέμων</span> <span class='ocrx_word' id='word_1_704' title='bbox 3272 4704 3368 4758; x_wconf 77' lang='grc' dir='ltr'>καὶ</span> <span class='ocrx_word' id='word_1_705' title='bbox 3392 4704 3490 4773; x_wconf 82' lang='grc' dir='ltr'>τῆς</span> <span class='ocrx_word' id='word_1_706' title='bbox 3522 4703 3744 4781; x_wconf 65' lang='grc' dir='ltr'>ἔχθραις,</span> 
     </span>
    </p>
   </div>
   <div class='ocr_carea' id='block_1_96' title="bbox 2161 4799 3749 4871">
    <p class='ocr_par' dir='ltr' id='par_1_96' title="bbox 2161 4799 3749 4871">
     <span class='ocr_line' id='line_1_96' title="bbox 2161 4799 3749 4871; baseline -0.008 -13"><span class='ocrx_word' id='word_1_707' title='bbox 2161 4802 2573 4871; x_wconf 82' lang='grc' dir='ltr'>ἀπελαθήσεται</span> <span class='ocrx_word' id='word_1_708' title='bbox 2604 4802 2661 4855; x_wconf 84' lang='grc' dir='ltr'>δὲ</span> <span class='ocrx_word' id='word_1_709' title='bbox 2701 4801 2794 4855; x_wconf 64' lang='grc' dir='ltr'><strong>καί¹</strong></span> <span class='ocrx_word' id='word_1_710' title='bbox 2820 4799 3066 4861; x_wconf 83' lang='grc' dir='ltr'>διάϐολος</span> <span class='ocrx_word' id='word_1_711' title='bbox 3094 4802 3120 4852; x_wconf 86' lang='grc' dir='ltr'>ὁ</span> <span class='ocrx_word' id='word_1_712' title='bbox 3151 4800 3272 4860; x_wconf 86' lang='grc' dir='ltr'>ταῖς</span> <span class='ocrx_word' id='word_1_713' title='bbox 3302 4799 3511 4859; x_wconf 84' lang='grc' dir='ltr'>κοιναῖς</span> <span class='ocrx_word' id='word_1_714' title='bbox 3536 4810 3749 4864; x_wconf 87' lang='grc' dir='ltr'>συμφο-</span> 
     </span>
    </p>
   </div>
   <div class='ocr_carea' id='block_1_97' title="bbox 2167 4887 3746 4968">
    <p class='ocr_par' dir='ltr' id='par_1_97' title="bbox 2167 4887 3746 4968">
     <span class='ocr_line' id='line_1_97' title="bbox 2167 4887 3746 4968; baseline -0.006 -21"><span class='ocrx_word' id='word_1_715' title='bbox 2167 4897 2289 4968; x_wconf 82' lang='grc' dir='ltr'>ραῖς</span> <span class='ocrx_word' id='word_1_716' title='bbox 2319 4893 2647 4964; x_wconf 85' lang='grc' dir='ltr'>Βουλγάρων</span> <span class='ocrx_word' id='word_1_717' title='bbox 2683 4892 2781 4945; x_wconf 74' lang='grc' dir='ltr'>καὶ</span> <span class='ocrx_word' id='word_1_718' title='bbox 2825 4891 3115 4961; x_wconf 84' lang='grc' dir='ltr'>Ῥωμαίων</span> <span class='ocrx_word' id='word_1_719' title='bbox 3139 4887 3568 4960; x_wconf 76' lang='grc' dir='ltr'>ἐπορχούμενος,</span> <span class='ocrx_word' id='word_1_720' title='bbox 3603 4887 3746 4957; x_wconf 79' lang='grc' dir='ltr'>παῤ-</span> 
     </span>
    </p>
   </div>
   <div class='ocr_carea' id='block_1_98' title="bbox 2164 4981 3745 5059">
    <p class='ocr_par' dir='ltr' id='par_1_98' title="bbox 2164 4981 3745 5059">
     <span class='ocr_line' id='line_1_98' title="bbox 2164 4981 3745 5059; baseline -0.006 -17"><span class='ocrx_word' id='word_1_721' title='bbox 2164 4989 2492 5059; x_wconf 81' lang='grc' dir='ltr'>ρησιάσεται</span> <span class='ocrx_word' id='word_1_722' title='bbox 2530 4987 2585 5040; x_wconf 83' lang='grc' dir='ltr'>δὲ</span> <span class='ocrx_word' id='word_1_723' title='bbox 2644 4987 2807 5041; x_wconf 83' lang='grc' dir='ltr'>πάλιν</span> <span class='ocrx_word' id='word_1_724' title='bbox 2843 4988 2879 5057; x_wconf 87' lang='grc' dir='ltr'><strong>ή</strong></span> <span class='ocrx_word' id='word_1_725' title='bbox 2927 4986 3235 5057; x_wconf 85' lang='grc' dir='ltr'>τιμιωτάτη</span> <span class='ocrx_word' id='word_1_726' title='bbox 3295 4984 3508 5054; x_wconf 83' lang='grc' dir='ltr'>ἀγάπη,</span> <span class='ocrx_word' id='word_1_727' title='bbox 3547 4982 3640 5034; x_wconf 72' lang='grc' dir='ltr'>καὶ</span> <span class='ocrx_word' id='word_1_728' title='bbox 3675 4981 3745 5034; x_wconf 70' lang='grc' dir='ltr'><strong>τὰ</strong></span> 
     </span>
    </p>
   </div>
   <div class='ocr_carea' id='block_1_99' title="bbox 2163 5073 3744 5151">
    <p class='ocr_par' dir='ltr' id='par_1_99' title="bbox 2163 5073 3744 5151">
     <span class='ocr_line' id='line_1_99' title="bbox 2163 5073 3744 5151; baseline -0.005 -18"><span class='ocrx_word' id='word_1_729' title='bbox 2163 5081 2386 5151; x_wconf 80' lang='grc' dir='ltr'>ἐκείνης</span> <span class='ocrx_word' id='word_1_730' title='bbox 2411 5081 2571 5150; x_wconf 88' lang='grc' dir='ltr'>τίμια</span> <span class='ocrx_word' id='word_1_731' title='bbox 2605 5081 2932 5151; x_wconf 84' lang='grc' dir='ltr'>πράγματα,</span> <span class='ocrx_word' id='word_1_732' title='bbox 2964 5079 3023 5145; x_wconf 75' lang='grc' dir='ltr'>ἐξ</span> <span class='ocrx_word' id='word_1_733' title='bbox 3056 5077 3130 5132; x_wconf 81' lang='grc' dir='ltr'>ὧν</span> <span class='ocrx_word' id='word_1_734' title='bbox 3162 5076 3469 5148; x_wconf 76' lang='grc' dir='ltr'>εὐφροσύνη</span> <span class='ocrx_word' id='word_1_735' title='bbox 3505 5075 3601 5128; x_wconf 76' lang='grc' dir='ltr'>καὶ</span> <span class='ocrx_word' id='word_1_736' title='bbox 3632 5073 3744 5127; x_wconf 87' lang='grc' dir='ltr'><strong>τῶν</strong></span> 
     </span>
    </p>
   </div>
   <div class='ocr_carea' id='block_1_100' title="bbox 478 5160 3743 5243">
    <p class='ocr_par' dir='ltr' id='par_1_100' title="bbox 478 5160 3743 5243">
     <span class='ocr_line' id='line_1_100' title="bbox 478 5160 3743 5243; baseline 0.002 -28"><span class='ocrx_word' id='word_1_737' title='bbox 478 5160 664 5215; x_wconf 80' lang='grc' dir='ltr'>καλῶν</span> <span class='ocrx_word' id='word_1_738' title='bbox 700 5164 1006 5231; x_wconf 76' lang='grc' dir='ltr'>ἀπόλαυσις</span> <span class='ocrx_word' id='word_1_739' title='bbox 1050 5168 1384 5242; x_wconf 85' lang='grc' dir='ltr'>ἀμφοτέροις</span> <span class='ocrx_word' id='word_1_740' title='bbox 1426 5174 1539 5236; x_wconf 72' lang='grc' dir='ltr'>τοῖς</span> <span class='ocrx_word' id='word_1_741' title='bbox 1568 5170 1720 5235; x_wconf 66' lang='grc' dir='ltr'>λαοῖς</span> <span class='ocrx_word' id='word_1_742' title='bbox 1780 5173 2243 5243; x_wconf 84' lang='grc' dir='ltr'>προσγενήσεται,</span> <span class='ocrx_word' id='word_1_743' title='bbox 2275 5173 2385 5225; x_wconf 90' lang='grc' dir='ltr'><strong>τῶν</strong></span> <span class='ocrx_word' id='word_1_744' title='bbox 2453 5171 2861 5243; x_wconf 85' lang='grc' dir='ltr'>χαλεπωτάτων</span> <span class='ocrx_word' id='word_1_745' title='bbox 2916 5171 2974 5225; x_wconf 82' lang='grc' dir='ltr'>δὲ</span> <span class='ocrx_word' id='word_1_746' title='bbox 3039 5170 3382 5241; x_wconf 82' lang='grc' dir='ltr'>πραγμάτων</span> <span class='ocrx_word' id='word_1_747' title='bbox 3405 5170 3440 5242; x_wconf 86' lang='grc' dir='ltr'><strong>ή</strong></span> <span class='ocrx_word' id='word_1_748' title='bbox 3462 5170 3625 5238; x_wconf 86' lang='grc' dir='ltr'>πεῖρα</span> <span class='ocrx_word' id='word_1_749' title='bbox 3647 5167 3743 5221; x_wconf 78' lang='grc' dir='ltr'>καὶ</span> 
     </span>
    </p>
   </div>
   <div class='ocr_carea' id='block_1_101' title="bbox 479 5256 2363 5337">
    <p class='ocr_par' dir='ltr' id='par_1_101' title="bbox 479 5256 2363 5337">
     <span class='ocr_line' id='line_1_101' title="bbox 479 5256 2363 5337; baseline 0.005 -28"><span class='ocrx_word' id='word_1_750' title='bbox 479 5256 513 5326; x_wconf 77' lang='grc' dir='ltr'><strong>ἠ</strong></span> <span class='ocrx_word' id='word_1_751' title='bbox 544 5258 820 5328; x_wconf 82' lang='grc' dir='ltr'>κατήφεια</span> <span class='ocrx_word' id='word_1_752' title='bbox 845 5263 940 5314; x_wconf 74' lang='grc' dir='ltr'>καὶ</span> <span class='ocrx_word' id='word_1_753' title='bbox 962 5262 996 5331; x_wconf 80' lang='grc' dir='ltr'><strong>ἡ</strong></span> <span class='ocrx_word' id='word_1_754' title='bbox 1030 5265 1428 5336; x_wconf 88' lang='grc' dir='ltr'>σκυθρωπότης</span> <span class='ocrx_word' id='word_1_755' title='bbox 1456 5265 1563 5319; x_wconf 84' lang='grc' dir='ltr'><strong>τῶν</strong></span> <span class='ocrx_word' id='word_1_756' title='bbox 1582 5263 1890 5335; x_wconf 82' lang='grc' dir='ltr'>προσώπων</span> <span class='ocrx_word' id='word_1_757' title='bbox 1910 5266 2363 5337; x_wconf 84' lang='grc' dir='ltr'>ἀφανισθήσεται.</span> 
     </span>
    </p>
   </div>
   <div class='ocr_carea' id='block_1_102' title="bbox 697 5392 1815 5468">
    <p class='ocr_par' dir='ltr' id='par_1_102' title="bbox 697 5392 1815 5468">
     <span class='ocr_line' id='line_1_102' title="bbox 697 5392 1815 5468; baseline 0.01 -23"><span class='ocrx_word' id='word_1_758' title='bbox 697 5392 837 5451; x_wconf 80' lang='grc' dir='ltr'><strong>ΧΙΙΙ.</strong></span> <span class='ocrx_word' id='word_1_759' title='bbox 860 5395 944 5453; x_wconf 78' lang='lat' dir='ltr'><strong>Ad</strong></span> <span class='ocrx_word' id='word_1_760' title='bbox 971 5400 1201 5468; x_wconf 83' lang='lat' dir='ltr'><strong>primum</strong></span> <span class='ocrx_word' id='word_1_761' title='bbox 1238 5399 1498 5455; x_wconf 83' lang='lat' dir='ltr'><strong>Simeonis</strong></span> <span class='ocrx_word' id='word_1_762' title='bbox 1528 5401 1815 5461; x_wconf 80' lang='lat' dir='ltr'><strong>hominem.</strong></span> 
     </span>
    </p>
   </div>
   <div class='ocr_carea' id='block_1_103' title="bbox 544 5524 2048 5602">
    <p class='ocr_par' dir='ltr' id='par_1_103' title="bbox 544 5524 2048 5602">
     <span class='ocr_line' id='line_1_103' title="bbox 544 5524 2048 5602; baseline 0.009 -24"><span class='ocrx_word' id='word_1_763' title='bbox 544 5524 900 5585; x_wconf 78' lang='lat' dir='ltr'><strong>Maximarum</strong></span> <span class='ocrx_word' id='word_1_764' title='bbox 943 5534 1304 5602; x_wconf 86' lang='lat' dir='ltr'><strong>potentiarum</strong></span> <span class='ocrx_word' id='word_1_765' title='bbox 1335 5534 1577 5595; x_wconf 83' lang='lat' dir='ltr'><strong>ministri</strong></span> <span class='ocrx_word' id='word_1_766' title='bbox 1605 5536 1857 5592; x_wconf 80' lang='lat' dir='ltr'><strong>maximis</strong></span> <span class='ocrx_word' id='word_1_767' title='bbox 1880 5538 2048 5591; x_wconf 88' lang='lat' dir='ltr'><strong>virtu-</strong></span> 
     </span>
    </p>
   </div>
   <div class='ocr_carea' id='block_1_104' title="bbox 472 5619 2048 5700">
    <p class='ocr_par' dir='ltr' id='par_1_104' title="bbox 472 5619 2048 5700">
     <span class='ocr_line' id='line_1_104' title="bbox 472 5619 2048 5700; baseline 0.01 -28"><span class='ocrx_word' id='word_1_768' title='bbox 472 5619 615 5673; x_wconf 78' lang='lat' dir='ltr'><strong>tibus</strong></span> <span class='ocrx_word' id='word_1_769' title='bbox 643 5633 697 5676; x_wconf 83' lang='lat' dir='ltr'><strong>et</strong></span> <span class='ocrx_word' id='word_1_770' title='bbox 727 5624 933 5681; x_wconf 89' lang='lat' dir='ltr'><strong>meritis</strong></span> <span class='ocrx_word' id='word_1_771' title='bbox 969 5636 1255 5695; x_wconf 88' lang='lat' dir='ltr'><strong>ornantur,</strong></span> <span class='ocrx_word' id='word_1_772' title='bbox 1308 5629 1378 5683; x_wconf 81' lang='lat' dir='ltr'><strong>[ili</strong></span> <span class='ocrx_word' id='word_1_773' title='bbox 1413 5630 1507 5694; x_wconf 91' lang='lat' dir='ltr'><strong>mi,</strong></span> <span class='ocrx_word' id='word_1_774' title='bbox 1542 5644 1714 5698; x_wconf 86' lang='lat' dir='ltr'><strong>eoque</strong></span> <span class='ocrx_word' id='word_1_775' title='bbox 1747 5630 1917 5699; x_wconf 80' lang='lat' dir='ltr'><strong>magis</strong></span> <span class='ocrx_word' id='word_1_776' title='bbox 1942 5646 2048 5700; x_wconf 57' lang='lat' dir='ltr'><strong>quo</strong></span> 
     </span>
    </p>
   </div>
   <div class='ocr_carea' id='block_1_105' title="bbox 547 5799 941 5866">
    <p class='ocr_par' dir='ltr' id='par_1_105' title="bbox 547 5799 941 5866">
     <span class='ocr_line' id='line_1_105' title="bbox 547 5799 941 5866; baseline -0.005 -12"><span class='ocrx_word' id='word_1_777' title='bbox 547 5800 567 5833; x_wconf 81' lang='lat'><strong>’</strong></span> <span class='ocrx_word' id='word_1_778' title='bbox 603 5799 709 5854; x_wconf 83' lang='lat' dir='ltr'><strong>lsa.</strong></span> <span class='ocrx_word' id='word_1_779' title='bbox 739 5816 856 5866; x_wconf 80' lang='lat' dir='ltr'><strong>Lm,</strong></span> <span class='ocrx_word' id='word_1_780' title='bbox 891 5800 941 5852; x_wconf 88' lang='lat'><strong>7.</strong></span> 
     </span>
    </p>
   </div>
   <div class='ocr_carea' id='block_1_106' title="bbox 2341 5399 3566 5472">
    <p class='ocr_par' dir='ltr' id='par_1_106' title="bbox 2341 5399 3566 5472">
     <span class='ocr_line' id='line_1_106' title="bbox 2341 5399 3566 5472; baseline 0.001 -16"><span class='ocrx_word' id='word_1_781' title='bbox 2341 5399 2439 5457; x_wconf 81' lang='lat' dir='ltr'><strong>II&quot;.</strong></span> <span class='ocrx_word' id='word_1_782' title='bbox 2478 5401 2565 5465; x_wconf 82' lang='grc' dir='ltr'><strong>Τῷ</strong></span> <span class='ocrx_word' id='word_1_783' title='bbox 2593 5404 2802 5472; x_wconf 78' lang='grc' dir='ltr'>πρώτῳ</span> <span class='ocrx_word' id='word_1_784' title='bbox 2838 5402 3127 5472; x_wconf 77' lang='grc' dir='ltr'>ἀνθρώπῳ</span> <span class='ocrx_word' id='word_1_785' title='bbox 3167 5400 3273 5456; x_wconf 84' lang='grc' dir='ltr'>τοῦ</span> <span class='ocrx_word' id='word_1_786' title='bbox 3300 5400 3566 5470; x_wconf 81' lang='grc' dir='ltr'>Συμεών.</span> 
     </span>
    </p>
   </div>
   <div class='ocr_carea' id='block_1_107' title="bbox 2233 5534 3739 5609">
    <p class='ocr_par' dir='ltr' id='par_1_107' title="bbox 2233 5534 3739 5609">
     <span class='ocr_line' id='line_1_107' title="bbox 2233 5534 3739 5609; baseline -0.001 -19"><span class='ocrx_word' id='word_1_787' title='bbox 2233 5538 2355 5591; x_wconf 79' lang='grc' dir='ltr'>Τῶν</span> <span class='ocrx_word' id='word_1_788' title='bbox 2410 5541 2664 5609; x_wconf 81' lang='grc' dir='ltr'>μεγαλων</span> <span class='ocrx_word' id='word_1_789' title='bbox 2718 5540 2980 5606; x_wconf 80' lang='grc' dir='ltr'>ἐξουσιῶν</span> <span class='ocrx_word' id='word_1_790' title='bbox 3031 5540 3081 5591; x_wconf 78' lang='grc' dir='ltr'><strong>οἱ</strong></span> <span class='ocrx_word' id='word_1_791' title='bbox 3131 5537 3400 5609; x_wconf 81' lang='grc' dir='ltr'>ὑπηρέται</span> <span class='ocrx_word' id='word_1_792' title='bbox 3451 5534 3739 5608; x_wconf 82' lang='grc' dir='ltr'>μεγίσταις</span> 
     </span>
    </p>
   </div>
   <div class='ocr_carea' id='block_1_108' title="bbox 2159 5627 3737 5701">
    <p class='ocr_par' dir='ltr' id='par_1_108' title="bbox 2159 5627 3737 5701">
     <span class='ocr_line' id='line_1_108' title="bbox 2159 5627 3737 5701; baseline -0.003 -17"><span class='ocrx_word' id='word_1_793' title='bbox 2159 5631 2406 5701; x_wconf 69' lang='grc' dir='ltr'>ἀρεταῖς,</span> <span class='ocrx_word' id='word_1_794' title='bbox 2448 5633 2636 5685; x_wconf 78' lang='grc' dir='ltr'>τέκνον</span> <span class='ocrx_word' id='word_1_795' title='bbox 2687 5633 2865 5701; x_wconf 80' lang='grc' dir='ltr'>ήμῶν,</span> <span class='ocrx_word' id='word_1_796' title='bbox 2925 5630 3257 5701; x_wconf 71' lang='grc' dir='ltr'>κοσμοῦν-ται</span> <span class='ocrx_word' id='word_1_797' title='bbox 3307 5630 3401 5683; x_wconf 74' lang='grc' dir='ltr'>καὶ</span> <span class='ocrx_word' id='word_1_798' title='bbox 3456 5627 3737 5699; x_wconf 79' lang='grc' dir='ltr'>κατορθώ-</span> 
     </span>
    </p>
   </div>
  </div>
