4178 6414
509 277 581 339 99
1647 280 1956 343 NICOLAI
1997 284 2112 346 (ΣΡ.
2153 285 2435 346 PATRIA
2448 287 2670 347 RClIrE

3680 282 3786 348 100

508 383 684 439 Patris
713 384 804 452 qui
840 391 889 440 te
912 399 940 439 α
969 384 1239 456 principio
1292 385 1480 443 dilexit
1500 396 1553 443 et
1580 389 1881 445 etiamnum
1913 392 2085 465 diligit

2203 398 2297 452 καὶ
2339 398 2495 466 φίλος
2543 401 2767 471 ῥήματα
2818 399 3025 471 πατρὸς
3057 398 3116 463 ἐξ
3145 397 3321 470 ἀρχῆς
3356 415 3415 451 σε
3449 396 3786 468 φιλήσαντος

505 485 557 528 ct
590 475 864 544 geminam
919 491 1047 547 erga
1080 487 1131 532 te
1182 478 1507 534 charitatem
1569 481 1622 535 in
1657 481 1862 552 Spiritu
1906 495 2096 540 sancto

504 574 704 630 servat,
734 565 800 619 iis
821 581 946 633 qua:
970 567 1282 632 scribimus,
1318 572 1553 637 attende,
1590 572 1701 640 fili;
1734 573 1786 631 in
1821 573 1930 629 Deo
1950 577 2093 631 enim

506 673 829 725 persuasum
882 658 1143 715 habemus
1201 661 1528 719 oblectantia
1585 674 1640 721 et
1691 667 1934 737 jucunda
1994 687 2095 727 nos

505 749 829 819 scripturas,
863 750 1022 807 factis
1063 755 1319 810 amicitia:
1365 772 1563 812 nomen
1617 761 2040 819 corroborautes
2078 784 2091 819 :

506 842 657 905 audi,
714 858 935 899 rursum
989 845 1134 909 dico,
1173 857 1231 901 ut
1282 846 1366 903 vir
1398 847 1517 915 Dei,
1567 866 1635 907 ne
1682 852 1841 923 plura
1889 855 2090 922 dicam,

504 933 691 987 nuntia
708 933 945 991 divinam
967 946 1376 994 tuamxmentem
1405 951 1662 998 satiatura
1697 962 1711 998 :
1742 946 1789 1002 si
1821 948 1964 1003 enim
1995 965 2093 1020 pro

505 1027 790 1094 temporali
834 1036 1121 1097 potestate,
1147 1032 1397 1088 excitatis
1419 1049 1450 1087 a
1473 1035 1688 1091 diabolo
1711 1039 1984 1097 scandalis
1996 1056 2093 1111 per

501 1130 597 1171 eos
626 1118 718 1187 qui
755 1127 947 1173 contra
982 1129 1132 1176 tuum
1159 1123 1292 1178 mihi
1323 1125 1576 1182 dilectum
1610 1128 1960 1189 decertavere
1999 1151 2092 1191 ca-

503 1220 620 1278 put,
649 1208 735 1264 ira
767 1222 1072 1269 commotus
1097 1215 1269 1284 fuisti,
1301 1226 1466 1290 atque
1492 1237 1603 1276 non
1636 1223 1793 1292 juxta
1819 1242 1938 1283 mea
1966 1237 2091 1286 vota

503 1303 702 1367 sentis,
735 1307 851 1358 scio
891 1316 1071 1365 tamen
1117 1310 1398 1369 evidenter
1416 1320 1470 1368 te
1517 1313 1585 1369 de
1612 1315 1877 1375 Ecclesia:
1908 1323 2089 1388 malis,

500 1395 679 1461 idest,
734 1399 1126 1458 dilaceratione
1182 1414 1236 1460 ct
1290 1407 1528 1463 ﬁliorum
1581 1410 1702 1480 ejus
1743 1413 2086 1485 dissidentia,

498 1490 879 1546 contristatum
923 1510 1143 1565 quoque
1194 1512 1318 1553 esse
1342 1508 1398 1555 et
1425 1510 1737 1560 nostrarum
1763 1509 2087 1567 acerbarum

496 1579 878 1637 unnstidarum
910 1583 1082 1640 fuisse
1110 1589 1450 1659 participem,
1479 1591 1536 1649 in
1581 1593 1665 1649 bis
1716 1598 1882 1653 etiam
1926 1599 2089 1657 Chri-

495 1678 641 1724 stum
672 1673 1036 1731 honorantem
1069 1677 1234 1732 Deum
1263 1691 1510 1738 nostrum
1547 1698 1576 1738 a
1597 1700 1708 1756 quo
1732 1687 1828 1743 tibi
1856 1704 2088 1760 regnare

493 1771 549 1815 et
577 1763 868 1820 incolumis
909 1782 1030 1824 esse
1084 1767 1273 1826 datum
1317 1785 1423 1839 est,
1469 1784 1525 1831 et
1556 1776 1611 1831 in
1650 1777 1836 1835 futuro
1883 1784 2086 1840 saeculo

493 1854 713 1911 dabitur
747 1856 896 1915 salus
932 1867 984 1915 et
1015 1859 1135 1916 sine
1157 1859 1260 1917 ﬁne
1282 1863 1477 1933 gloria,
1509 1874 1568 1922 ut
1589 1867 1832 1936 {oramus
1875 1881 1931 1931 et
1960 1888 2087 1944 spe-

494 1958 705 2002 ramus.

568 2223 920 2295 Nuntiamus,
955 2228 1030 2286 ﬁli
1061 2233 1158 2298 mi,
1213 2238 1403 2292 nuntia
1462 2254 1586 2310 quae
1618 2243 1809 2300 audire
1837 2247 2083 2305 omnium

493 2316 591 2372 tibi
616 2320 1013 2389 gratissimum,
1052 2327 1324 2399 nobisque
1351 2334 1603 2391 nuntiare
1635 2339 2087 2399 convenientissi-

432 2440 437 2445 ο
495 2424 643 2464 mutu
672 2427 735 2466 ac
775 2417 1010 2472 maxime
1048 2422 1363 2491 proprium;
1397 2425 1547 2484 unita
1581 2438 1666 2485 est
1694 2428 1784 2486 Dei
1815 2430 2082 2501 Ecclesia,

489 2503 729 2559 cessavit
790 2507 934 2562 illius
973 2511 1064 2580 qui
1094 2527 1123 2565 a
1152 2513 1421 2586 principio
1451 2533 1571 2573 eam
1599 2521 1932 2595 conturbare
1962 2539 2087 2580 ma-

494 2595 641 2664 ligne
673 2610 903 2656 conatus
942 2612 1043 2668 est,
1077 2607 1334 2673 procella,
1372 2610 1522 2665 unita
1552 2621 1638 2667 est
1677 2615 2084 2684 quodammodo

487 2697 542 2742 ct
570 2692 804 2746 cessavit
833 2696 1101 2762 proceila:
1132 2699 1223 2767 qui
1249 2700 1469 2769 quidem
1512 2719 1571 2759 se
1604 2720 1632 2759 a
1669 2706 1831 2763 nobis
1859 2723 2085 2779 separa-

487 2792 757 2839 ret-nutet
783 2801 879 2840 sua
910 2792 1250 2860 separatione
1298 2795 1495 2851 rationi
1552 2798 1956 2872 valedixcrant,
1988 2816 2083 2860 eos

481 2888 600 2937 sua:
644 2880 959 2936 ambitionis
993 2884 1250 2952 paenituit
1283 2897 1338 2943 et
1369 2888 1459 2943 Dei
1495 2892 1672 2961 gratia
1710 2894 1777 2949 ad
1831 2907 2081 2958 nostrum

494 2981 717 3025 sensum
755 2983 884 3026 sunt
941 2976 1189 3043 reversi;
1236 2981 1381 3048 quod
1444 2983 1660 3050 petebat
1694 2984 1963 3054 Ecclesia,
2028 2990 2084 3044 id

2200 491 2297 544 καὶ
2333 492 2617 558 φιλοῦντος
2651 492 2746 545 καὶ
2796 491 3064 557 σώζοντος
3111 491 3351 563 στοργὴν
3381 490 3615 561 γνησίαν
3645 489 3787 562 πρὸς

2201 582 2259 634 σὲ
2310 583 2369 634 ἑν
2410 583 2550 653 ἀγίῳ
2605 583 2909 653 Πνεύματι,
2969 584 3230 654 πρόσχες,
3265 582 3458 636 τέκνον
3510 582 3667 652 ὲμδν,
3704 577 3789 645 οἷς

2198 672 2488 743 γράφομεν
2514 685 2527 699 ·
2584 673 2927 744 πεποίθαμεν
2959 673 3069 745 γὰρ
3097 674 3156 728 ἑν
3207 673 3328 746 Θεῷ
3359 674 3444 728 ὅτι
3484 672 3554 726 τὰ
3595 690 3789 726 συνευ-

2200 767 2503 836 φραίνοντα
2537 769 2635 822 καὶ
2685 768 2986 840 συνήδοντα
3038 769 3349 842 γράφομεν,
3399 768 3498 823 καὶ
3544 768 3640 822 ἐπὶ
3671 769 3788 831 τοῖς

2197 856 2382 928 ἔργοις
2433 858 2494 918 τὸ
2523 859 2694 927 ὄνομα
2736 861 2840 930 τῆς
2863 861 3048 930 φιλίας
3105 859 3470 930 βεϐαιοῦντες.
3514 860 3788 917 ’Δκουσον

2198 951 2294 1004 καὶ
2340 951 2503 1009 πάλιν
2553 954 2697 1023 φημὶ
2728 954 2805 1017 ὡς
2840 953 2944 1007 τοῦ
2974 954 3110 1007 Θεοῦ
3157 953 3449 1024 ἄνθρωπος
3501 954 3789 1024 συντόμως

2196 1042 2392 1106 εἰπεῖν,
2426 1044 2723 1113 εὐαγγέλια
2770 1045 2950 1117 ψυχὴν
3003 1045 3226 1117 θεοφιλῆ
3280 1045 3694 1115 θεραπεύοντα·
3732 1047 3785 1102 εἰ

2194 1133 2305 1203 γὰρ
2336 1134 2428 1187 καὶ
2460 1135 2599 1205 πρὸς
2623 1137 2725 1208 τὴν
2756 1137 3033 1211 κοσμικὴν
3060 1137 3316 1205 ἐξουσίαν
3348 1137 3443 1191 τοῦ
3470 1140 3685 1195 Σατανᾶ
3713 1138 3787 1198 τὰ

2197 1226 2469 1281 σκάνδαλα
2506 1230 2869 1301 κεκινηκότος
2917 1230 2987 1287 δι’
3016 1224 3091 1285 ὧν
3124 1231 3271 1285 κατὰ
3298 1230 3399 1301 τῆς
3430 1231 3531 1302 σῆς
3575 1231 3784 1301 ἠγωνί-

2194 1334 2361 1372 σαντο
2380 1319 2573 1389 τιμίας
2601 1321 2729 1389 ἐμοὶ
2751 1321 3001 1391 κεφαλῆς
3033 1321 3458 1395 ἑξετραχύνθης,
3487 1324 3583 1376 καὶ
3605 1322 3786 1387 ἄλλως

2190 1411 2224 1480 ἥ
2259 1411 2336 1476 ὡς
2390 1410 2542 1466 ἔστιν
2593 1413 2728 1483 εὐχή
2780 1431 2870 1484 μοι
2920 1414 3250 1481 διατίθεσαι,
3308 1413 3428 1469 ἀλλ’
3476 1414 3786 1484 ἐπίσταμαι

2191 1501 2440 1572 ἀκριϐῶς
2467 1504 2549 1556 ὅτι
2582 1504 2677 1557 ἑπὶ
2714 1504 2792 1575 τῷ
2822 1503 2989 1559 πάθει
3012 1504 3112 1574 τῆς
3158 1504 3511 1576 Ἐκκλησίας,
3541 1502 3689 1574 λέγω
3716 1502 3786 1576 δὴ

2189 1593 2268 1663 τῷ
2300 1595 2622 1668 σπαραγμῷ
2657 1596 2755 1651 καὶ
2777 1600 2843 1667 τῇ
2885 1597 3168 1652 διαστάσει
3207 1597 3318 1651 τῶν
3345 1596 3557 1651 τέκνων
3586 1597 3785 1665 αὐτῆς,

2190 1689 2288 1743 καὶ
2314 1678 2628 1759 συνήλγείς,
2658 1690 2752 1744 καὶ
2784 1691 3035 1761 συνείχου
3069 1690 3188 1761 μεθ’
3214 1689 3374 1761 ἡμῶν
3401 1692 3627 1760 πικραῖς
3658 1692 3786 1754 ταῖς

2188 1780 2427 1847 ὀδύναις,
2489 1781 2672 1851 τιμῶν
2719 1782 2816 1836 κα)⁹
2870 1783 2934 1836 ἑν
2979 1782 3155 1854 τούτῳ
3213 1782 3452 1854 Χριστὸν
3505 1785 3598 1837 τὸν
3647 1783 3785 1838 Θεὸν

2190 1874 2375 1944 ἡμῶν,
2406 1875 2540 1944 παρ’
2567 1867 2629 1929 οὗ
2672 1891 2754 1928 σοι
2809 1875 2905 1930 καὶ
2943 1875 3005 1929 τὸ
3038 1876 3208 1947 ἄρχον
3247 1876 3341 1930 καὶ
3389 1875 3451 1930 τὸ
3483 1874 3786 1943 σώζεσθαι,

2190 1965 2286 2022 καὶ
2315 1967 2349 2037 ἠ
2377 1966 2436 2021 ἑν
2474 1966 2553 2037 τῷ
2595 1966 2849 2037 μέλλοντι
2897 1968 3054 2023 αἰῶνι
3099 1967 3460 2021 ἀποκείσεται
3509 1968 3784 2039 σωτηρία,

2190 2063 2287 2116 καὶ
2331 2059 2470 2131 τιμὴ
2520 2059 2905 2133 ἀτελεύτητος,
2955 2060 3031 2126 ῶς
3085 2077 3150 2130 γε
3180 2059 3458 2132 εὐχόμεθα
3497 2062 3594 2115 καὶ
3622 2059 3788 2115 ἑλπί-

2190 2153 2380 2225 ζομεν.
3034 2228 3049 2239 .

2262 2248 2754 2320 Εὐαγγελιζόμεθά
2782 2266 2888 2317 σοι,
2916 2248 3112 2303 τέκνον
3145 2248 3327 2321 ἡμῶν,
3356 2248 3677 2317 εὐαγγέλια,
3703 2240 3784 2303 ὧν

2191 2340 2288 2396 καί⁸
2340 2342 2425 2394 σοὶ
2458 2341 2521 2395 τὸ
2548 2341 2786 2396 ἀκοῦσαι
2836 2341 3059 2395 πάντων
3090 2340 3381 2412 ἡδύτατον,
3420 2342 3516 2395 καὶ
3562 2342 3694 2411 ἡμῖν
3720 2342 3784 2394 τὸ

2189 2434 2658 2505 εὐαγγελίσασθαι
2699 2436 3159 2506 πρεπωδέστατον
3191 2437 3412 2489 πάντων
3453 2436 3549 2488 καὶ
3581 2434 3785 2488 οἰκειό-

2188 2545 2373 2582 τατον.
2411 2529 2661 2583 Ἥνωται
2690 2530 2723 2599 ἡ
2756 2529 2851 2583 τοῦ
2884 2528 3022 2583 Θεοῦ
3063 2528 3387 2602 Ἐκκλησία,
3441 2528 3654 2600 ἐπαύθη
3680 2528 3779 2582 τοῦ

2188 2621 2249 2687 ἑξ
2304 2620 2483 2691 ἀρχῆς
2529 2621 3020 2692 πονηρευσαμένου
3072 2622 3280 2691 ταύτην
3338 2622 3701 2692 ἑκταράσοειν
3742 2621 3778 2691 ἡ

2191 2716 2472 2783 καταιγὶς,
2513 2715 2724 2786 ἥνωται
2750 2714 2807 2769 δὲ
2839 2716 2957 2778 πῶς
2988 2717 3085 2770 καὶ
3111 2718 3142 2787 ή
3181 2715 3439 2784 καταιγὶς
3470 2716 3779 2769 πέπαυται.

2188 2808 2254 2861 Οἱ
2287 2807 2389 2878 μὲν
2434 2805 2496 2871 ἑξ
2540 2805 2701 2878 ἡμῶν
2735 2806 3138 2877 κεχωρισμένοι
3186 2808 3285 2860 καὶ
3322 2804 3417 2858 τοῦ
3453 2805 3588 2859 ἰδίου
3622 2806 3784 2858 ἁντε-
3820 2808 3827 2811 “

2189 2901 2411 2972 χόμενοι
2445 2899 2733 2972 χωρισμοῦ
2760 2900 3103 2975 ἀπετάξαντο
3132 2900 3210 2970 τῷ
3232 2899 3420 2968 οἰκείῳ
3445 2898 3779 2971 φρονήματι,

2191 2992 2550 3063 μετέγνωσαν
2584 2992 2672 3061 ἐφ’
2700 2984 2784 3054 οῖς
2832 2990 3227 3060 ἐφιλονείκουν,
3265 2990 3361 3043 καὶ
3390 2988 3652 3056 συνῆλθεν
3679 2989 3783 3058 χά-

485 3059 728 3114 confessi
754 3070 921 3127 sunt;
957 3073 1031 3142 et,
1064 3082 1132 3122 ne
1160 3067 1319 3137 plura
1344 3071 1546 3138 dicam,
1600 3091 1761 3131 suum
1800 3091 2082 3149 peccatum

2191 3059 2303 3157 ριτι
2342 3059 2497 3138 ήΘεοῦ
2537 3059 2913 3155 τῷὴήμετέρῳ
2967 3085 3314 3154 φρονήματι·
3356 3081 3452 3136 καὶ
3493 3082 3522 3136 ὃ
3553 3083 3618 3152 τῇ
3661 3081 3785 3134 Ἐκ-

485 3147 809 3207 conﬁtentes
837 3153 889 3207 in
924 3155 1180 3213 Ecclesia
1212 3161 1371 3217 uiuas
1404 3163 1636 3235 benigne
1659 3147 1884 3238 apertas
1921 3189 2086 3230 vene-

488 3251 652 3308 runt;
688 3244 1171 3306 occlodchatenim
1204 3269 1378 3325 usque
1408 3259 1571 3315 modo
1599 3277 1729 3318 suas
1773 3264 1933 3320 ulnas
1982 3266 2086 3323 Ec-

485 3333 651 3388 clesia
684 3335 925 3395 humano
970 3357 1143 3410 more,
1174 3347 1302 3417 quia
1337 3348 1414 3404 illi
1461 3350 1708 3409 humano
1734 3357 1896 3411 etiam
1931 3373 2086 3415 more

483 3420 775 3485 senserant
790 3438 841 3483 et
858 3447 965 3501 qua
993 3439 1180 3493 nescio
1203 3440 1268 3494 de
1286 3456 1450 3498 causa
1469 3447 1841 3506 contradicere
1863 3465 2085 3508 amave-

482 3522 635 3581 rant;
671 3532 955 3592 postquam
974 3532 1274 3602 autemgtlla
1294 3536 1478 3591 omnia
1503 3542 1768 3596 removeri
1795 3541 1904 3599 Deo
1923 3545 2086 3615 placi-

480 3613 595 3661 tum
618 3608 803 3680 fuerit,
823 3616 1002 3673 dit-ina
1027 3621 1421 3685 interveniente
1440 3645 1595 3701 pace,
1617 3641 1669 3688 In
1695 3651 1859 3690 unum
1874 3639 2084 3694 coalui-

482 3712 605 3754 mus
628 3710 681 3756 et
707 3709 904 3776 recepti
934 3722 1068 3767 sunt
1100 3724 1360 3787 tanquam
1392 3727 1636 3792 germani
1673 3726 1769 3780 filii
1818 3729 1912 3798 qui
1945 3731 2082 3787 huc-

481 3805 657 3862 usque
722 3813 754 3853 a
820 3802 984 3859 nobis
1054 3806 1430 3879 discederant,
1479 3814 1588 3872 illis
1628 3820 1787 3887 quasi
1849 3823 2084 3892 propriis

486 3889 750 3947 membris
803 3896 1030 3955 adunati
1093 3918 1287 3981 sumus
1321 3917 1376 3962 et
1410 3909 1631 3965 tandem
1684 3889 1929 3971 Ecclesia
1952 3889 1965 3892 τ
1987 3916 2079 3972 Dei

478 3993 649 4041 unum
687 3996 774 4041 est
832 4000 1017 4059 caput,
1079 3995 1257 4062 primo
1314 4000 1571 4067 pontiﬁce
1619 4013 1674 4059 et
1729 4004 1842 4063 Deo
1890 4018 2080 4065 nostro

479 4080 534 4125 et
572 4075 731 4130 nobis
764 4078 1029 4149 indignis.
1062 4073 1478 4163 archiepiseOpo
1519 4104 1725 4162 tamen,
1771 4115 2080 4173 congruen-

480 4170 564 4219 ter
591 4180 813 4235 quoque
846 4186 1226 4243 coagmentata
1251 4190 1305 4235 et
1328 4198 1524 4241 secure
1558 4170 1906 4258 guberhatai
1939 4210 2080 4264 pra:-

481 4262 565 4308 ter
592 4271 812 4327 paucos,
849 4265 966 4333 qui,
1003 4281 1127 4322 cum
1178 4284 1404 4340 possent
1439 4278 1580 4334 bona
1626 4283 1823 4352 agendi
1868 4262 2079 4344 ratione

481 4343 845 4420 innotescere,
917 4372 988 4412 ne
1052 4361 1220 4417 vitam
1274 4365 1394 4423 sine
1429 4372 1654 4428 nomine
1691 4377 2076 4455 transigerent,

479 4442 749 4500 suadente
806 4462 903 4503 sua
948 4454 1175 4520 malitia,
1212 4473 1320 4513 nou
1358 4473 1487 4517 sunt
1514 4467 1692 4533 veriti,
1727 4483 1826 4524 sua
1857 4442 2082 4542 separa:

484 4534 633 4590 tione
661 4538 964 4609 cupientes,
997 4557 1265 4615 quantum
1305 4555 1357 4607 iu
1395 4555 1528 4624 ipsis
1554 4568 1721 4625 esset,
1747 4561 2077 4641 clarescere,

479 4626 737 4687 Ecclesiae.
751 4634 1014 4692 unitatem
1047 4639 1412 4714 labefactare;
1443 4658 1698 4707 caeterum
1720 4669 1831 4710 non
1853 4626 2082 4712 omnino

418 4756 429 4771 ι
481 4721 592 4776 illis
627 4724 760 4780 satis
790 4727 896 4781 erit
934 4738 1100 4800 caput
1127 4733 1329 4791 habere
1354 4753 1611 4809 maguum
1659 4743 1825 4800 Deum
1854 4757 1908 4802 et
1926 4763 2081 4803 sum~
2120 4794 2125 4797 .

480 4828 628 4868 mum
660 4818 980 4885 pontificem
1016 4833 1292 4895 nostrum,
1321 4830 1416 4884 sed
1439 4831 1556 4886 sive
1586 4836 1868 4904 nunc;sive
1888 4848 2075 4906 postea

480 4921 581 4960 suo
616 4910 779 4979 capiti
813 4926 875 4967 se
897 4913 1227 4985 adjungeut;
1257 4922 1352 4990 qui
1386 4923 1442 4977 ni
1478 4923 1704 4992 faciant,
1740 4929 1880 4985 nihil
1903 4931 2031 4987 inde
2062 4951 2078 4987 :

480 5001 581 5070 ipsi
600 5005 747 5060 enirn
778 5008 832 5061 in
864 5009 986 5066 loco
1008 5014 1229 5082 quidem
1249 5032 1279 5071 a
1300 5033 1359 5073 se
1397 5020 1570 5077 electo
1609 5023 1870 5095 jacebunt
1896 5045 1911 5095 ;
1951 5045 2082 5085 san-

479 5104 565 5148 cta
603 5111 731 5152 vero
768 5098 862 5155 Dei
892 5103 1135 5161 Ecclesia
1195 5113 1625 5178 perturbationis
1659 5133 1773 5175 sua:
1795 5135 1960 5177 causa
1981 5138 2077 5178 ex-

481 5194 688 5255 empta,
717 5195 936 5261 propria
960 5198 1257 5256 stabilitate
1285 5204 1486 5273 gaudet
1512 5205 1736 5264 Christo
1755 5226 1855 5267 suo
1870 5227 2077 5283 sponso

481 5278 688 5348 gratias
720 5295 887 5353 agens
919 5289 1064 5356 quod
1113 5294 1390 5352 scandalis
1440 5299 1525 5353 sit-
1558 5299 1788 5359 liberata
1834 5278 2079 5375 suosque

482 5371 692 5427 circum
732 5389 791 5429 se
822 5375 1027 5435 liberos
1058 5392 1266 5442 stantes
1300 5390 1641 5460 conspiciat,
1698 5411 2075 5467 quoscumque

482 5479 591 5519 non
626 5469 910 5540 potuitqui
943 5472 1217 5533 hominem
1240 5494 1271 5535 a
1308 5482 1576 5555 principio
1594 5485 1737 5545 felici
1758 5490 2082 5563 despoliavit

490 5557 752 5626 amicitia,
779 5578 935 5620 sacra
967 5582 1113 5624 nunc
1146 5571 1483 5641 plenitudine
1510 5579 1801 5638 abducere.

2191 3172 2396 3248 κλησίᾳ
2425 3177 2693 3247 ἐζητεῖτο,
2726 3178 2882 3247 κοινῇ
2925 3174 3139 3238 τούτοις
3183 3172 3611 3245 συνωμολογήθη
3632 3190 3647 3205 ·
3686 3172 3784 3227 καὶ

2192 3272 2477 3342 συντόμως
2502 3272 2683 3325 εἰπεῖν
2714 3269 2778 3324 τὸ
2802 3271 3005 3324 οίκείον
3035 3268 3476 3340 ὁμολογήσαντες
3504 3268 3781 3336 πταῖσμα,

2186 3365 2307 3426 ταῖς
2359 3361 2637 3431 ἀγκάλαις
2699 3360 3011 3431 προσῆλθον
3053 3360 3153 3429 τῆς
3198 3358 3533 3429 Ἐκκλησίας
3590 3359 3785 3428 φιλανθ

2189 3454 2429 3527 θρώπως
2470 3454 2896 3521 ὑπανοιγείσαις
2938 3452 3144 3515 αὐτοῖς.
3189 3450 3479 3505 ’Λπὲκλειε
3531 3451 3631 3519 μὲν
3671 3448 3781 3522 γὰρ

2192 3550 2359 3621 μέχρι
2395 3548 2492 3603 τοῦ
2526 3548 2802 3619 παρόντος
2842 3548 2877 3618 ἡ
2922 3545 3221 3616 Ἐκκλησία
3266 3544 3366 3609 τάς
3391 3544 3664 3612 ἀγκάλας,
3689 3538 3782 3598 οἷα

2186 3643 2258 3697 τά
2295 3642 2621 3713 ἀνθρώπινα
2664 3639 2937 3694 κάκείνων
2984 3638 3347 3710 ἀνθρωπίνως
3390 3637 3779 3708 διακειμένων,

2187 3738 2283 3791 καὶ
2314 3736 2417 3789 οὐκ
2448 3729 2566 3788 οἴδα
2605 3733 2794 3797 ποίαις
2823 3733 3030 3797 αἰτίαις
3059 3730 3405 3800 ἀγαπώντων
3440 3729 3535 3784 τοῦ
3570 3730 3787 3785 ἀντιλέ-

2187 3849 2328 3900 γειν.
2378 3828 2531 3883 Ἐπεὶ
2560 3828 2620 3882 δὲ
2670 3828 2852 3882 πάντα
2883 3828 3072 3881 ἐκεῖνα
3106 3825 3243 3879 Θεοῦ
3285 3825 3508 3898 εὐδοκία
3557 3825 3782 3906 γέγονεν

2185 3919 2455 3986 ἑκποδὼν,
2493 3920 2593 3989 τῆς
2640 3918 2793 3984 θείας
2839 3917 3252 3989 μεσιτευσάσης
3299 3918 3546 3989 εἰρήνης,
3584 3915 3789 3988 συνήλ-

2182 4013 2356 4082 θομεν
2403 4014 2484 4076 είς
2535 4012 2790 4081 ἑνότητα,
2854 4011 2943 4064 καὶ
2988 4008 3408 4080 προσελάὸομεν
3464 4009 3592 4072 τοὺς
3640 4008 3782 4070 τέως

2185 4103 2246 4168 ἑξ
2277 4101 2436 4174 ἡμῶν
2468 4102 2855 4174 διισταμένους
2895 4101 2971 4165 ὡς
3000 4103 3184 4155 οἰκεῖα
3214 4101 3405 4166 τέκνα,
3445 4099 3541 4154 κα)⁸
3569 4099 3643 4162 ὡς
3680 4098 3784 4168 μὲ-

2183 4198 2337 4251 λεσιν
2394 4194 2551 4259 ίδίοις
2603 4193 2991 4265 συνήφθημεν,
3041 4196 3139 4249 καὶ
3198 4194 3387 4248 λοιπὸν
3434 4193 3645 4264 ἔστινὴ
3683 4192 3783 4248 τοῦ

2183 4287 2320 4342 Θεοῦ
2382 4287 2685 4359 Ἐκκλησία
2723 4287 2824 4357 μία
2874 4285 3088 4355 κεφαλὴ
3139 4284 3218 4355 τῷ
3271 4285 3474 4356 πρώτῳ
3529 4284 3790 4354 ἀρχιερεῖ

2187 4382 2281 4434 καὶ
2304 4380 2427 4451 Θεῷ
2456 4379 2643 4451 ἡμῶν,
2685 4380 2782 4433 καὶ
2821 4379 2959 4449 ἡμῖν
2986 4381 3101 4442 τοῖς
3134 4378 3401 4445 ἀναξίοις,
3429 4377 3582 4449 ὅμως
3609 4376 3655 4429 δ’
3684 4370 3785 4430 οῦν

2187 4470 2614 4541 ἁρχιερατεύειν
2660 4469 3017 4541 ἠξιωμένοις,
3054 4470 3149 4524 καὶ
3196 4466 3780 4540 συναρμολογουμένη,

2192 4564 2284 4618 καὶ
2314 4562 2612 4635 ἀταράχως
2640 4563 3061 4635 διευθυνομένη.
3094 4564 3246 4636 Πλὴν
3279 4564 3478 4633 ὀλίγων
3511 4563 3696 4626 τινῶν,
3727 4561 3785 4615 οἶ

2186 4654 2249 4709 τὸ
2278 4654 2654 4727 γνωρίζεσθαι
2695 4655 2915 4727 ἔχοντες
2967 4654 3029 4723 ἑξ
3073 4656 3284 4725 ἀγαθοῦ
3312 4654 3543 4726 τρόπου,
3589 4652 3678 4707 ἵνα
3705 4651 3788 4725 μὴ

2187 4748 2281 4802 τὸν
2313 4749 2431 4819 βίον
2466 4748 2753 4820 ἀνώνυμον
2787 4750 3154 4822 διαπερῶσιν,
3188 4751 3255 4803 ἑκ
3295 4749 3396 4819 τῆς
3427 4746 3643 4802 ἑαυτῶν
3683 4764 3787 4800 πε-

2193 4840 2537 4912 ρινοούμενοι
2574 4843 2776 4907 κακίας
2816 4843 2878 4898 τὸ
2904 4842 3056 4914 δῆλοι
3082 4840 3380 4912 τυγχάνειν
3413 4839 3540 4893 ὅσον
3569 4839 3658 4891 ἐπ’
3682 4838 3789 4892 αὖ·

2189 4936 2302 4997 τοῖς
2333 4934 2412 5005 τῷ
2462 4936 2653 5009 οἰκείῳ
2702 4936 2980 5009 μερισμῷ,
3031 4937 3225 4990 λυπεῖν
3271 4934 3372 5005 τὴν
3426 4934 3662 5005 ἑνότητα
3714 4932 3781 4985 οὐ

2187 5024 2601 5089 διευλαϐοῦνται
2625 5028 2725 5098 τῆς
2742 5027 3098 5098 Ἐκκλησίας⁹
3119 5026 3257 5099 πλὴν
3280 5026 3378 5079 καὶ
3398 5017 3545 5078 οὗτοι
3564 5023 3787 5086 πάντως

2188 5120 2237 5172 εί
2284 5119 2388 5190 τῆς
2435 5122 2683 5191 κεφαλῆς
2715 5122 2878 5192 ἡμῶν
2912 5123 3019 5175 sic:
3073 5120 3167 5175 τοῦ
3226 5118 3465 5190 μεγάλου
3516 5116 3654 5170 Θεοῦ
3684 5117 3786 5170 καὶ

2188 5213 2494 5284 ἀρχιερέως
2523 5215 2707 5285 ήμῶν,
2733 5215 3087 5286 ἀγαπήσουσι
3133 5214 3295 5284 τυχὸν
3325 5213 3427 5283 μὲν
3470 5209 3589 5275 νῦν,
3617 5212 3782 5280 τυχὸν

2189 5306 2247 5361 δὲ
2276 5305 2419 5376 μετὰ
2445 5305 2607 5361 τοῦτο
2637 5306 3093 5379 συναρμοσθῆναι
3114 5309 3181 5377 τῇ
3213 5303 3428 5360 ἑαυτῶν
3452 5302 3664 5373 κεφαλῇ
3687 5318 3703 5333 ο
3729 5305 3783 5357 εί

2188 5399 2375 5470 δὲμὴ,
2418 5401 2658 5471 πρᾶγμα
2685 5400 2841 5455 οὐδέν
2862 5415 2878 5432 ο
2912 5402 2960 5453 οἱ
2993 5399 3093 5469 μὲν
3140 5400 3251 5468 γὰρ
3286 5396 3559 5449 κείσονται
3591 5396 3673 5458 είς
3709 5395 3781 5467 ἢν

2188 5492 2222 5562 ὴ
2255 5491 2464 5546 τούτων
2493 5493 2726 5547 ἀπόνοια
2760 5493 3046 5558 ἐξελέξατο
3082 5489 3269 5560 χώραν
3294 5505 3308 5520 ·
3342 5490 3377 5560 ἡ
3409 5488 3469 5542 δὲ
3506 5487 3638 5558 ἁγία
3678 5486 3778 5540 τοῦ
3886 5502 3889 5505 ‘

2186 5586 2322 5640 Θεοῦ
2387 5587 2691 5657 Ἐκκλησία
2755 5586 2859 5656 τῆς
2920 5584 3304 5652 ταραττούσης
3359 5580 3532 5653 αὐτὴν
3595 5579 3780 5642 αίτίας

492 5650 908 5728 ἀπηλλαγμένη,
942 5659 1054 5732 ἔχει
1094 5666 1194 5735 τὴν
1259 5668 1398 5724 ἰδίαν
1462 5671 1619 5736 τάξιν
1669 5674 1931 5747 εὐσταθῆ,
2007 5678 2415 5749 εὐχαριστοῦσα
2465 5650 2691 5751 Χριστῷ
2771 5650 2852 5749 τῶ
2891 5650 3114 5749 νυμφίῳ
3173 5676 3369 5746 αὐτῆς,
3403 5675 3546 5747 ὑπὲρ
3605 5666 3682 5727 ὧν
3714 5690 3775 5725 τε

490 5744 604 5801 τῶν
634 5751 946 5810 σκανδάλων
976 5759 1346 5833 ἀπήλλακται,
1384 5767 1479 5820 καὶ
1510 5769 1653 5839 ὑπὲρ
1693 5762 1767 5823 ὧν
1793 5770 1863 5825 τὰ
1888 5744 2291 5843 οἰκεῖαῆκύκλῳ
2361 5744 2538 5844 αὐτῆς
2571 5744 2974 5844 παριστάμενα
2992 5744 3205 5845 καθορᾷ
3278 5771 3469 5838 τέκνα,
3500 5769 3660 5831 ὅσους
3693 5766 3778 5839 μὴ
