4178 6480
475 349 576 417 103

1605 331 1919 396 NiCOLAI
1959 326 2068 392 ΟΡ.
2107 324 2623 390 PATRIARCH/E

3652 320 3757 386 104

470 466 645 537 magis
676 460 999 519 accenditur
1026 457 1174 530 quod
1199 468 1295 512 eos
1330 461 1521 511 contra
1555 466 1613 507 se
1644 444 1847 505 bellum
1882 456 2073 519 gerere

2193 442 2528 514 φθονοῦντος.
2561 439 2800 510 μάλιστα
2832 436 2889 493 δὲ
2921 438 3276 508 Χριπιανοῖς
3297 453 3311 470 ·
3345 438 3487 492 κατὰ
3515 454 3767 509 χριστιαο

479 559 651 623 novit,
688 556 834 626 quod
862 570 960 625 per
982 551 1332 608 Christianos
1357 548 1619 603 universo
1651 543 1784 598 orbe
1814 539 2073 595 exterrui-

476 658 641 706 natus
661 658 771 711 est,
806 655 862 702 et
891 644 1196 700 Christiani
1246 655 1420 711 usque
1459 638 1622 693 modo
1660 635 1807 689 illius
1839 641 2075 703 potesta-

476 752 587 799 tem
626 739 923 796 humiliant
961 748 1009 792 et
1042 749 1207 807 quam
1244 746 1506 805 perverse
1545 728 1784 784 instituit
1830 726 2076 798 tyranni-

479 835 601 887 dem
642 829 890 901 quotidie
928 836 1218 890 evertunt;
1246 839 1370 895 quae
1394 832 1613 893 propter
1643 822 1696 875 in
1727 820 2075 876 Christianos

476 923 686 978 insanit
723 931 777 976 et
808 929 1071 990 quantum
1104 918 1156 972 in
1184 932 1244 972 se
1268 926 1373 981 est,
1407 914 1668 970 omnibus
1698 914 1877 968 modis
1899 914 2077 968 studet

473 1026 570 1066 eos
602 1010 933 1065 centristare
985 1005 1225 1061 vicissim
1267 1016 1324 1058 et
1362 1003 1521 1058 malis
1555 1001 1822 1067 obruere;
1865 1015 1933 1056 ex
1955 1001 2076 1055 dia-

477 1104 587 1160 boli
620 1103 865 1173 quidem.
909 1109 967 1155 ut
996 1099 1134 1164 dixi,
1176 1097 1386 1153 malitia
1439 1107 1564 1150 nata
1612 1103 1740 1150 sunt
1769 1094 1909 1149 mala
1946 1093 2073 1159 ista,

477 1210 641 1250 omne
679 1194 884 1248 malum
937 1190 1294 1261 superantia:
1324 1186 1421 1242 sed
1458 1186 1625 1240 etiam
1656 1200 1723 1239 ex
1757 1183 2075 1239 hominibus

477 1291 593 1342 sive
622 1287 767 1340 illius
795 1283 1019 1339 malitiae
1047 1279 1495 1350 cooperantibus,
1528 1278 1644 1332 sive
1665 1283 1849 1331 mente
1874 1276 2074 1345 captis,

482 1390 539 1435 et
574 1380 654 1434 sic
680 1378 854 1432 honos
888 1376 1063 1442 magis
1083 1371 1319 1427 discerni
1361 1369 1730 1435 facientibus;
1758 1370 1850 1439 qui
1874 1368 2076 1423 bellum

485 1480 676 1527 contra
710 1468 1138 1530 suscitavertmt,
1171 1464 1288 1518 sive
1317 1461 1534 1517 nefario
1573 1460 1809 1516 dtrmoui
1866 1474 2078 1530 coope-

479 1573 691 1627 rantes,
744 1562 858 1616 sive
886 1559 1085 1614 mentis
1112 1557 1415 1611 infortunio
1443 1555 1500 1609 in
1539 1556 1590 1609 id
1624 1555 1914 1608 consilium
1950 1553 2076 1619 acti,

478 1652 982 1719 suavissimamque
1016 1659 1166 1702 tuam
1196 1655 1435 1701 utentem
1461 1646 1527 1699 ad
1570 1646 1729 1700 islatn
1762 1644 2080 1714 dispositio-

380 1770 387 1777 -
478 1757 605 1798 nem
652 1746 1012 1810 redegerunt;
1086 1746 1146 1792 nt
1187 1752 1333 1806 saepe
1367 1737 1568 1791 etenim
1601 1736 1802 1791 accidit
1849 1734 2077 1789 minima

483 1834 723 1890 scintilla
793 1830 1020 1885 accendi
1079 1828 1354 1883 llammam
1412 1827 1937 1896 inexstinguibilem,
2008 1827 2078 1881 ita

478 1941 703 1997 quoque
736 1939 801 1979 ex
838 1924 1074 1978 istorum
1115 1922 1401 1976 hominum
1448 1920 1679 1975 stultitia
1717 1920 1978 1974 decidens
2025 1919 2079 1973 in

459 2036 578 2079 -cor
608 2033 761 2077 tuum
798 2021 1034 2076 scintilla
1070 2033 1322 2090 magnam
1352 2016 1499 2071 illam
1523 2013 1800 2070 ﬂammam
1829 2015 2081 2071 accendit

484 2131 658 2184 usque
682 2114 847 2168 modo
878 2110 1401 2182 inexstinguibilem.

2175 536 2285 590 νῶν
2310 534 2420 606 γὰρ
2451 532 2654 604 μᾶλλον
2689 532 2826 599 πρὸς
2860 530 3059 600 φθόνον
3090 529 3387 596 ἐξάπτεται
3421 530 3450 582 ό
3493 530 3766 599 διάϐολος,

2174 628 2311 682 διότι
2338 626 2567 688 τούτους
2607 622 2717 678 οἶδε
2749 621 3203 694 πολεμιωτάτους
3244 624 3419 696 αὐτῷ,
3457 624 3592 679 διότι
3619 627 3770 695 παρὰ

2176 718 2529 792 Χριστιανῶν
2564 721 2631 772 ἐκ
2662 718 2844 788 πάσης
2873 716 3131 786 ἀπηλάθη
3164 715 3264 785 τῆς
3290 718 3648 787 οἰκουμένης,
3681 718 3773 771 καὶ

2177 812 2505 882 Χριστιανοὶ
2536 810 2699 881 μέχρι
2729 811 2825 864 καὶ
2853 815 3097 882 σήμερον
3123 808 3221 880 τὴν
3252 810 3574 864 δυναστείαν
3601 811 3774 864 αὐτοῦ

2175 903 2539 968 ταπεινοῦσι,
2593 903 2690 956 καὶ
2735 903 2802 974 ἦν
2848 902 3037 967 κακῶς
3079 901 3402 974 ᾠκοδόμησε
3452 904 3775 975 τυραννίδα,

2177 994 2385 1064 ταύτην
2419 994 2507 1048 διὰ
2534 994 2736 1058 παντὸς
2777 993 3135 1050 καταλύουσι.
3174 996 3490 1051 Διασταῦτα
3519 996 3779 1065 μαίνεται

2178 1086 2322 1138 κατὰ
2347 1086 2721 1156 Χριστιανῶν,
2756 1084 2845 1139 διὰ
2873 1085 3048 1139 ταῦτα
3073 1088 3328 1150 παντοῖος
3361 1086 3573 1155 γίνεται
3604 1086 3686 1148 εἰς
3713 1084 3780 1138 τὸ

2181 1178 2304 1232 καθ’
2337 1179 2464 1233 ὅσον
2495 1179 2724 1233 δύναται
2768 1179 3091 1233 ἀντιλυπεῖν
3121 1178 3218 1234 καὶ
3266 1181 3580 1249 συμφοραῖς
3613 1192 3779 1247 περι-

2182 1269 2401 1323 ϐἆλλειν
2431 1270 2654 1333 αὐτούς.
2688 1262 2835 1323 Ἦκε
2871 1270 2972 1341 μὲν
3000 1269 3116 1338 οὖν,
3143 1270 3221 1334 ὡς
3252 1263 3434 1335 εἶπον,
3462 1272 3527 1323 ὲκ
3546 1270 3646 1338 τῆς
3674 1267 3775 1322 τοῦ

2160 1351 2430 1420 ’διαϐόλου
2482 1365 2684 1431 κακίας
2713 1365 2782 1419 τὰ
2808 1366 2961 1420 δεινὰ
2998 1363 3172 1419 ταῦτα
3224 1367 3319 1420 καὶ¹
3357 1366 3503 1435 πέρα
3548 1364 3775 1417 δεινῶνο

2183 1454 2294 1531 ἧκε
2326 1459 2383 1513 δὲ
2412 1460 2506 1512 καὶ
2540 1457 2602 1524 ἐξ
2634 1459 2966 1531 ἀνθρώπων,
3000 1458 3164 1513 τοῦτο
3196 1457 3296 1530 μὲν
3327 1461 3395 1530 τῇ
3428 1457 3637 1512 ἐκείνου
3670 1474 3778 1510 κα-

2182 1553 2277 1624 κίξι
2330 1552 2781 1624 ὑπουργούντων,
2812 1552 2974 1606 τοῦτο
3002 1551 3060 1606 δὲ
3106 1551 3202 1605 καὶ
3226 1549 3661 1621 ,δυστυχούντων
3694 1552 3781 1613 εἰς

2183 1650 2414 1718 φρένας,
2440 1647 2534 1700 καὶ
2568 1647 2668 1715 τὴν
2708 1645 2944 1717 ἐκλογὴν
2979 1645 3184 1717 μᾶλλον
3230 1644 3342 1698 τῶν
3375 1643 3559 1698 καλῶν
3587 1661 3780 1698 ποιου-

2186 1741 2366 1809 μένων
2389 1755 2405 1771 ·
2436 1739 2487 1793 οἳ
2519 1741 2614 1792 καὶ
2645 1740 2735 1793 τὸν
2769 1740 2906 1811 πρὸς
2948 1740 3008 1793 σε
3050 1740 3328 1809 ἀνήραντο
3360 1736 3623 1808 πόλεμον,
3664 1738 3783 1789 εἴτε

2110 1861 2156 1921 Β
2184 1832 2262 1903 τῷ
2292 1832 2516 1903 πονηρῷ
2562 1832 2784 1902 δαίμονι
2828 1831 3247 1904 συνεργοῦντες,
3275 1832 3389 1885 εἴτε
3426 1830 3527 1921 ,διὰ
3552 1827 3784 1921 λφρενῶν

2187 1923 2485 1993 δυστυχίαν
2514 1922 2676 1976 τοῦτο
2712 1921 3091 1992 βουληθέντες,
3125 1922 3223 1975 καὶ
3256 1921 3355 1991 τὴν
3385 1918 3485 1990 σὴν
3511 1918 3785 1988 γλυκεῖαν

2186 2018 2368 2088 ψυχὴν
2412 2015 2558 2070 οὕτω
2600 2012 3024 2080 διατεθεικότες.
3070 2010 3229 2069 Ἑπεὶ
3261 2016 3357 2068 καὶ
3396 2014 3606 2082 πέφυκε
3647 2012 3787 2066 πελ-

2187 2109 2347 2173 λακις
2370 2109 2464 2162 καὶ
2497 2109 2696 2180 μικρὸς
2727 2108 2967 2179 σπινθὴρ
2999 2106 3268 2162 ἄσϐεστον
3293 2106 3470 2176 φλόγα
3496 2105 3783 2172 ἐξάπτειν,

480 2213 626 2267 οὕτω
676 2211 770 2263 καὶ
813 2207 922 2262 τῶν
969 2206 1277 2278 ἀνθρώπων
1317 2204 1549 2259 ἐκείνων
1594 2203 1714 2270 «te;
1754 2203 2073 2277 ἀφροσύνης
2114 2206 2374 2275 turturth
2431 2208 2671 2279 σπινθὴρ
2704 2208 2788 2270 εἰς
2839 2208 2940 2277 τὴν
2992 2207 3120 2277 Αὴν
3188 2203 3421 2276 καρδίαν
3463 2201 3635 2275 ἀνῆψε
3681 2200 3786 2275 τὴν

490 2304 745 2378 μεγάλην
776 2301 986 2370 ταύτην
1018 2299 1219 2369 φλόγα,
1252 2299 1348 2352 καὶ
1378 2300 1523 2363 τέως
1555 2298 1686 2370 ἄχρι
1717 2298 1813 2352 τοῦ
1844 2298 1942 2353 νῦν
1965 2300 2405 2356 ἀκατάσϐεστον.

557 2397 685 2460 Sed,
721 2396 796 2448 lili
823 2395 895 2447 mi
921 2391 1414 2456 desideratissime,
1444 2404 1514 2445 ne
1543 2392 1623 2445 sic
1658 2390 1880 2444 vincant
1906 2389 2083 2455 mala;

486 2502 668 2557 neque
718 2487 800 2539 vir
832 2484 975 2549 talis,
1013 2483 1192 2553 qualis
1244 2498 1328 2547 es,
1383 2492 1490 2536 non
1547 2481 1754 2535 habens
1795 2482 2087 2551 prudentia

482 2580 748 2651 aequalem
790 2578 935 2632 inter
957 2586 1265 2630 coaetaneos
1294 2581 1349 2628 et
1377 2572 1547 2627 animi
1596 2574 1957 2643 generositate
2002 2574 2090 2628 iu-

483 2673 899 2744 compat‘abills,
925 2671 995 2724 ab
1029 2669 1348 2724 hominibus
1373 2667 1690 2738 vulgaribus
1714 2678 1769 2722 et
1800 2669 1889 2722 vix
1925 2670 2086 2723 unius

483 2767 632 2822 ebuli
660 2765 868 2819 malitia
905 2762 1166 2827 vincaris,
1206 2774 1404 2837 neque,
1440 2770 1508 2814 eo
1547 2759 1694 2831 quod
1744 2760 1903 2814 istius
1935 2760 2085 2814 modi

486 2860 740 2915 homines
762 2868 814 2910 te
836 2853 1309 2917 exacet-haverint,
1338 2852 1701 2907 immortalem
1725 2864 1910 2908 serves
1938 2868 2089 2907 ama-

490 2951 787 3004 ritudinem
824 2954 1017 3001 contra
1055 2945 1361 2998 Rontanum
1419 2942 1711 3012 imperium
1742 2957 1770 2996 a
1803 2956 1912 3014 quo
1965 2944 2089 3015 plui-

489 3040 629 3095 rima
655 3051 710 3093 et
734 3053 930 3107 magna
962 3052 1071 3090 non
1108 3038 1290 3092 neseis
1321 3039 1598 3104 accepisse
1617 3028 1917 3104 benelicia;
1954 3038 2086 3106 quid

491 3133 638 3186 enim
681 3131 748 3184 ad
779 3128 1089 3183 llomanum
1144 3128 1435 3197 imperium
1490 3138 1544 3183 et
1573 3129 1639 3183 ad
1682 3132 1801 3199 ejus
1856 3130 2086 3198 populos

2278 2394 2439 2447 Ἀλλὰ
2463 2392 2592 2464 μὴν,
2615 2392 2804 2445 τέκνον
2828 2410 2930 2463 μου
2956 2391 3230 2458 ποθεινὸν,
3256 2392 3332 2463 μὴ
3345 2389 3492 2444 οὕτω
3513 2389 3786 2461 νικήσωσι

2193 2487 2264 2540 τὰ
2294 2488 2445 2539 κακὰ
2469 2499 2483 2513 ⁸
2545 2485 2684 2555 μηδὲ
2719 2486 2977 2555 θεοφιλὴς
3022 2484 3313 2555 ἄνθρωπος
3370 2482 3555 2546 ὁποῖος
3588 2477 3642 2535 si
3693 2481 3783 2548 σὺ,

2195 2581 2407 2649 καὶμὴ
2462 2578 2601 2650 ἔχων
2652 2582 2710 2632 ἐν
2765 2581 3031 2649 φρονήσει
3086 2578 3494 2648 παρισούμενον
3540 2578 3608 2647 τῇ
3660 2574 3785 2629 καθ’

2193 2673 2407 2726 ἑαυτῶν
2434 2676 2620 2741 γενεᾷ,
2656 2671 2751 2726 καὶ
2779 2672 2860 2734 εἰς
2889 2671 3070 2741 ψυχῆς
3104 2671 3391 2739 εὐγένειαν
3427 2670 3783 2740 ἀσύγκριτος,

2193 2764 2504 2834 ἀνθρώπων
2557 2763 2820 2834 χυδαίων,
2865 2764 2964 2816 καὶ
3002 2765 3072 2821 τί
3132 2764 3262 2818 ἄλλο
3308 2763 3344 2834 ἢ
3401 2764 3540 2834 μηδὲ
3592 2759 3786 2815 ὀϐολοῦ

2196 2858 2388 2924 ἀξίων,
2423 2856 2667 2927 ἡττηοῇς
2691 2857 2791 2927 τῆς
2820 2856 3043 2921 κακίας,
3083 2855 3207 2927 μηδ’
3232 2854 3315 2909 ὅτι
3348 2855 3657 2925 ἐπίκραναν
3688 2853 3787 2907 ἄν⁸

2195 2950 2406 3025 θρωποι
2456 2951 2711 3021 τοιοῦτοι,
2764 2951 2856 3004 διὰ
2898 2950 3061 3003 τοῦτο
3111 2946 3473 3019 βουληθῶμεν
3514 2946 3790 3002 ἀθάνατον

2195 3044 2341 3114 ἔχειν
2394 3043 2626 3115 πικρίαν
2667 3041 2810 3094 κατὰ
2857 3042 2957 3114 τῆς
3012 3039 3340 3110 Ῥωμαῖκῆς
3386 3038 3660 3103 ἐξουσίας,
3720 3030 3791 3107 ἧς

2195 3136 2493 3188 ἐπίστασαι
2522 3134 2738 3187 πολλῶν
2766 3135 2863 3187 καὶ
2895 3132 3155 3201 μεγάλων
3196 3130 3533 3203 εὐεργεσιῶν
3566 3130 3623 3182 ἐν
3648 3131 3791 3181 ιΞιπο⁴

490 3222 747 3294 pertinet,
781 3222 827 3275 si
859 3221 949 3275 hic
978 3220 1063 3274 vel
1099 3220 1191 3273 ille
1224 3220 1431 3275 nullius
1460 3218 1615 3289 pretii
1640 3220 1939 3275 homuncio
1963 3234 2090 3274 cnn-

2201 3226 2394 3279 λαύσει
2450 3227 2774 3295 γενόμενος.
2834 3218 2901 3280 Τί
2960 3226 3072 3297 γὰρ
3126 3225 3268 3296 πρὸς
3323 3224 3423 3295 τὴν
3471 3223 3793 3294 Ῥωμαϊκὴν

490 3322 576 3368 tra
617 3321 671 3368 te
697 3312 959 3367 audacter
985 3310 1056 3365 sit
1092 3309 1380 3364 invectus?
1410 3308 1551 3375 Quid
1580 3311 1648 3365 ad
1676 3322 1856 3379 regem
1887 3312 2090 3366 nullius

2199 3319 2376 3390 ἀρχὴν
2406 3320 2501 3372 καὶ
2530 3318 2621 3371 τὸν
2648 3318 2963 3388 ὑποχείριον
2992 3319 3166 3389 αὐτῆς
3197 3317 3349 3381 λαὸν,
3380 3316 3429 3368 εί
3459 3317 3487 3368 ὖ
3518 3316 3668 3369 δεῖνα
3694 3315 3796 3368 καὶ

491 3405 572 3461 rei
606 3406 912 3468 conscium,
945 3403 988 3457 si
1022 3403 1249 3473 quidam
1299 3403 1575 3469 homines,
1630 3418 1719 3457 res
1772 3402 1918 3456 illius
1957 3403 2097 3457 male

492 3498 766 3569 gerentes,
808 3496 861 3550 id
895 3495 1108 3552 consilii
1146 3497 1412 3551 adversus
1442 3498 1492 3550 te
1526 3495 1812 3565 ceperint?
1841 3497 2092 3550 Attamen

495 3589 853 3645 eoutristatus
885 3603 944 3643 es
991 3604 1006 3642 :
1045 3586 1403 3642 sufﬁcientem
1461 3603 1682 3657 pinnam
1732 3589 1994 3658 repetiiin
2029 3586 2098 3643 ab

496 3684 584 3739 his
627 3682 720 3753 qui
751 3694 802 3737 te
839 3682 1317 3745 contristaverant,
1353 3682 1462 3736 imo
1504 3696 1635 3736 vero
1674 3698 1890 3754 aequum
1927 3684 2099 3736 multo

493 3785 842 3846 superantem
867 3790 884 3842 ;
914 3788 1084 3845 quum
1119 3776 1246 3845 quis
1288 3778 1432 3830 enim
1466 3775 1543 3829 illi
1573 3775 1667 3845 qui
1703 3777 1806 3831 sibi
1836 3775 2097 3845 iniuriam

498 3867 708 3925 inferre
738 3870 946 3935 studet,
981 3869 1179 3939 aequali
1218 3870 1420 3924 damno
1446 3869 1652 3933 aifecit,
1687 3869 1792 3924 nisi
1847 3869 2100 3924 acerbior

498 3964 591 4027 sit,
632 3966 770 4019 satis
799 3963 998 4028 habet;
1039 3976 1208 4030 quum
1261 3971 1447 4015 autem
1505 3962 1674 4016 minio
1724 3962 1940 4031 majori,
1974 3962 2101 4031 quis

495 4056 609 4125 jam
649 4053 806 4110 lucus
844 4055 1165 4125 imlignandi
1214 4063 1269 4109 et
1302 4052 1519 4107 volendi
1564 4054 1739 4123 magis
1772 4055 2102 4109 contristare

503 4160 534 4202 a
567 4161 680 4216 quo
718 4145 1360 4202 contristatusestYNon
1417 4147 1541 4202 dico
1583 4146 1651 4201 de
1702 4148 1887 4216 aliquo
1947 4161 2103 4200 tuan»

504 4246 689 4303 sueto,
726 4246 786 4293 ut
818 4248 874 4293 tu
902 4240 1040 4309 ipse,
1069 4248 1124 4294 et
1153 4241 1415 4307 immane,
1456 4239 1549 4294 sed
1576 4239 1912 4309 quicumque
1940 4232 2107 4294 Inhu-

502 4344 703 4384 manus
760 4339 816 4384 et
841 4328 994 4384 ferox
1052 4326 1473 4385 amaritudinem
1525 4344 1744 4385 omnem
1810 4326 2102 4401 relinquet,

501 4420 707 4477 furoris
761 4423 943 4492 ignem
989 4422 1335 4493 comprimet,
1367 4422 1664 4493 foedusque
1718 4430 1841 4477 cum
1892 4438 1956 4478 eo
2008 4423 2103 4494 qui

499 4514 708 4569 insulse
731 4520 973 4584 eruperat
1000 4528 1202 4570 manus
1260 4513 1465 4571 inferre
1518 4515 1752 4584 ittjuStas
1786 4514 1947 4570 inibit
1983 4532 1998 4571 :
2042 4526 2100 4571 tu

501 4617 725 4676 quoque
778 4609 961 4678 igitur,
1012 4608 1085 4662 lili
1131 4609 1233 4675 mi,
1267 4609 1402 4662 iram
1434 4608 1671 4674 dimitte,
1710 4609 1777 4664 ad
1825 4613 2099 4681 propriam

505 4700 948 4768 redilenitatem,
976 4700 1097 4771 facq
1108 4717 1174 4756 ue
1203 4717 1423 4757 cessare
1442 4701 1739 4758 homicidia
1760 4706 2103 4772 caeterasque

500 4795 846 4850 calamitates
873 4804 995 4867 Quae
1028 4811 1060 4850 a
1090 4795 1423 4852 Christianis
1447 4811 1622 4866 usque
1651 4796 1815 4853 modo
1831 4794 2101 4853 Christlaa

502 4896 603 4941 nos
638 4888 983 4945 invaserunt.

2197 3412 2227 3463 ὁ
2256 3412 2405 3465 δεῖνα
2436 3410 2601 3475 λόγου
2638 3410 2868 3481 μηδενὸς
2904 3409 3270 3481 ἀνθρωπάρια
3315 3412 3395 3473 είς
3427 3404 3490 3462 τὺ
3520 3409 3665 3463 κατὰ
3694 3408 3792 3462 σοῦ

2199 3503 2576 3575 ἐξηνέχθησαν
2628 3504 2872 3575 θράσος-ς
2910 3504 2975 3557 Τί
3016 3505 3190 3557 ταῦτα
3234 3504 3379 3575 πρὸς
3429 3503 3524 3556 τὸν
3559 3500 3797 3573 βασιλέα

2196 3598 2291 3651 τὸν
2323 3598 2491 3669 μηδὲν
2527 3598 2831 3663 συνειδότα,
2864 3599 2912 3650 εί
2942 3597 3225 3668 ἄνθρωποι
3255 3595 3324 3649 τὰ
3359 3577 3573 3651 ἐκείνου
3608 3596 3797 3666 πρᾶγ*

2203 3707 2352 3761 ματα
2393 3688 2581 3751 κακῶς
2633 3687 2985 3751 διοικοῦντες,
3021 3688 3120 3756 τὴν
3166 3685 3342 3756 αὐτὴν
3397 3685 3626 3756 γνώμην
3663 3685 3801 3755 περὶ

2202 3784 2297 3835 σοῦ
2335 3783 2666 3836 ἁνελάϐοντο
2692 3799 2707 3849 ;
2750 3783 2900 3852 Πλὴν
2932 3780 3213 3851 ἐλυπήθης
3235 3793 3249 3808 ⁸
3288 3776 3432 3850 ἔχεις
3464 3779 3660 3847 ἱκανὴν
3689 3780 3804 3846 τὴν

2200 3875 2358 3947 δίκην
2392 3878 2535 3930 κατά
2582 3877 2693 3929 τῶν
2735 3874 3120 3945 λυπησάντων,
3177 3874 3381 3944 μᾶλλον
3430 3873 3489 3926 δὲ
3520 3872 3657 3925 πολὺ
3700 3870 3807 3924 τοῦ

2205 3968 2396 4023 ἱκανοῦ
2448 3969 2879 4039 ὑπεραίρουσαν.
2914 3968 3089 4020 Ὅταν
3131 3966 3241 4036 γάρ
3286 3976 3372 4029 τις
3409 3964 3503 4019 τὸν
3538 3962 3805 4033 ἀδικῆσαι

2208 4063 2585 4134 μελετήσαντα
2618 4061 2762 4116 κατὰ
2795 4062 2855 4116 τὸ
2892 4062 3010 4116 ἴσον
3047 4056 3302 4132 ὑποϐάλῃ
3333 4059 3432 4129 τῆς
3460 4058 3690 4129 ζημίας,
3720 4056 3807 4129 μὴ

2204 4154 2328 4208 λίαν
2363 4154 2562 4224 πικρὸς
2601 4152 2700 4221 ὢν,
2739 4153 2855 4223 εχει
2903 4151 2964 4205 τὸ
2998 4153 3218 4206 ἱκανόνο
3250 4152 3380 4205 ὅταν
3406 4149 3467 4203 δὲ
3498 4151 3593 4203 καὶ
3629 4150 3709 4213 εἰς
3737 4149 3806 4202 τὸ

2200 4247 2665 4316 ἀπειροπλάσιον,
2701 4246 2820 4309 πῶς
2847 4246 2961 4317 ἔχει
2988 4245 3176 4318 χώραν
3210 4244 3292 4297 ἔτι
3319 4245 3674 4315 χαλεπαίνειν
3704 4244 3805 4298 καὶ

2209 4340 2376 4394 πλέον
2430 4340 2625 4395 λυπεῖν
2683 4339 2974 4409 βούλεσθαι
3030 4338 3124 4394 τὸν
3179 4340 3534 4411 λυπήσαντα;
3579 4340 3690 4393 Καὶ
3734 4340 3805 4392 οὐ

2206 4432 2353 4500 λέγω
2381 4434 2508 4501 περί
2545 4450 2691 4495 τινος
2716 4432 2812 4486 τοῦ
2846 4434 2989 4487 κατὰ
3022 4433 3083 4486 σὲ
3119 4434 3328 4505 ἡμέρου
3357 4434 3450 4486 καὶ
3490 4426 3808 4503 φιλανθρὼο

2210 4540 2334 4589 που,
2371 4525 2486 4579 ἀλλ’
2537 4521 2651 4588 οἷος
2699 4523 2769 4580 ἂν
2901 4526 3327 4598 ἀφιλάνθρωπος
3386 4528 3480 4580 καὶ
3524 4518 3806 4597 ἀνήμερος

2209 4614 2483 4669 παύσεται
2532 4616 2754 4679 πάντως
2787 4618 2890 4688 τῆς
2932 4619 3187 4689 πικρίας,
3225 4618 3320 4672 καὶ
3375 4618 3709 4672 κατασϐέσει
3740 4619 3807 4671 τὸ

2209 4706 2325 4776 πῦρ
2355 4706 2452 4759 τοῦ
2487 4707 2688 4777 θυμοῦ,
2722 4709 2819 4761 καὶ
2862 4708 3150 4763 σπείσεται
3178 4709 3317 4779 πρὶς
3359 4709 3451 4761 τὸν
3486 4708 3648 4778 ἄρξαι
3682 4719 3807 4777 χει-

2208 4796 2321 4865 ρῶν
2359 4797 2564 4852 ἅδίκων
2593 4799 2996 4871 ἀπονοηθέντα.
3028 4794 3138 4854 Καὶ
3166 4799 3252 4873 δὴ,
3284 4802 3476 4855 τέκνον
3496 4803 3675 4872 ἡμῶν,
3709 4801 3807 4869 λῆο

2207 4891 2297 4955 ξον
2322 4892 2418 4944 καὶ
2445 4892 2611 4957 αὐτὸς
2636 4894 2739 4961 τῆς
2768 4894 2965 4965 ὀργῆς,
2998 4895 3097 4949 καὶ
3121 4895 3258 4967 πρὸς
3279 4888 3341 4951 τὸ
3364 4898 3567 4951 οἰκεῖον
3591 4897 3806 4967 ἥμερον

503 4974 791 5047 ἐπανελθε,
824 4982 925 5034 καὶ
954 4981 1042 5044 δὸς
1075 4979 1281 5034 παῦσιν
1308 4980 1431 5045 ταῖς
1462 4980 1967 5052 ἀνθρωποφονίαις,
2000 4979 2105 5034 καὶ
2135 4983 2256 5046 ταῖς
2293 4983 2484 5046 ἄλλαις
2532 4988 2868 5056 συμφοραῖς,
2912 4985 3035 5040 ὅσαι
3107 4986 3262 5059 παρὰ
3344 4978 3692 5060 Χριστιανῶν
3720 4984 3807 5040 εἰς

502 5074 872 5146 Χριστιανοὺς
905 5077 1071 5147 μέχρι
1101 5074 1201 5128 τοῦ
1232 5076 1502 5146 παρόντος
1536 5079 1822 5146 γεγόνασι.

572 5171 702 5227 llaec
725 5176 897 5240 nunc,
950 5170 1026 5228 ﬁli
1070 5173 1144 5228 mi
1180 5174 1530 5238 suavissime,
1575 5182 1672 5245 per
1730 5180 2102 5231 atramentum

503 5263 602 5319 tibi
651 5264 931 5331 dico;scd
974 5265 1021 5320 si
1051 5264 1329 5331 Christus,
1365 5265 1508 5321 Deus
1546 5270 1756 5333 n’oster,
1787 5274 1895 5337 pax
1938 5282 2103 5324 exsu-

502 5373 704 5429 perans
729 5364 948 5414 omnem
984 5374 1231 5428 sensum,
1259 5375 1360 5415 sua
1407 5361 1788 5416 exhortatione
1817 5362 1891 5416 ita
1944 5374 2101 5417 men-

507 5462 617 5505 tem
686 5461 838 5506 tuam
897 5452 1157 5522 disponat
1207 5463 1266 5506 ut
1318 5468 1421 5508 nos
1446 5462 1636 5508 coram
1672 5463 1725 5508 te
1775 5455 2103 5511 assistamus

506 5551 560 5599 et
606 5548 828 5615 proprio
878 5561 974 5601 ore
1020 5546 1135 5600 haec
1164 5546 1295 5601 etsi
1336 5547 1466 5616 quid
1528 5547 1674 5600 aliud
1734 5548 1974 5617 postulet
2000 5564 2110 5613 res,

456 5701 471 5713 _
508 5624 825 5706 loquamur,
847 5632 914 5693 ad
951 5639 1275 5693 veniendum
1311 5639 1377 5692 ad
1408 5649 1459 5693 te
1482 5641 1715 5710 prompti
1745 5640 1974 5705 erimus,
2010 5648 2110 5695 nec

510 5738 851 5785 senectutem
872 5731 1208 5797 timebimus,
1230 5733 1324 5788 sed
1343 5748 1517 5803 neque
1533 5735 1907 5788 iulirmitatem
1927 5744 2105 5804 neque

512 5819 729 5877 itineris
756 5823 996 5889 labores,
1033 5826 1163 5879 dum
1200 5830 1589 5884 tantummodo
1622 5829 1753 5883 velit
1811 5831 1875 5882 ad
1906 5838 2100 5897 pacem

2285 5177 2445 5246 Λέγω
2468 5193 2554 5232 σοι
2587 5179 2785 5245 ταῦτα,
2814 5180 3007 5234 τέκνον
3050 5194 3155 5250 μου
3184 5181 3547 5251 γλυκύτατον,
3581 5181 3677 5235 νῦν
3704 5183 3808 5253 μὲν

2210 5269 2302 5323 διὰ
2352 5270 2619 5341 μέλανος-θ
2654 5272 2708 5323 εἰ
2742 5271 2798 5324 δὲ
2821 5272 3064 5343 Χριστὸς
3102 5275 3130 5327 ό
3157 5272 3291 5337 Θεὸς
3343 5273 3523 5344 ἡμῶν,
3566 5275 3600 5345 ἡ
3628 5275 3806 5329 πάντα

2211 5361 2338 5417 νοῦν
2384 5363 2733 5434 ὑπερέχουσα
2776 5367 2995 5438 εἰρήνη,
3025 5364 3113 5419 διὰ
3147 5367 3248 5438 τῆς
3299 5366 3469 5421 αὐτοῦ
3511 5369 3807 5441 παραδιλή-

2218 5473 2358 5515 σεως
2386 5456 2488 5527 τὴν
2545 5457 2647 5530 σὴν
2672 5458 2769 5510 ἐπὶ
2817 5459 2994 5531 τούτῳ
3023 5458 3274 5530 διαθήσει
3333 5459 3537 5531 ψυχὴν,
3585 5462 3674 5515 ἵνα
3713 5468 3809 5517 καὶ

2216 5551 2381 5619 ἡμεῖς
2412 5548 2571 5605 αὐτοὶ
2597 5552 2741 5605 κατὰ
2772 5553 3067 5621 πρόσωπόν
3093 5562 3178 5606 σοι
3222 5555 3677 5627 ἐμφανισθῶμεν,
3711 5560 3809 5612 καὶ

2211 5645 2396 5716 οἰκείᾳ
2427 5645 2654 5719 γλώσσῃ
2682 5645 2857 5700 ταῦτα
2882 5663 2943 5699 τε
2976 5649 3070 5700 καὶ
3098 5648 3152 5699 εί
3176 5665 3229 5701 τι
3257 5649 3449 5719 ἕτερον
3480 5651 3807 5723 ἐπιζητήσει

2211 5738 2281 5791 τὰ
2335 5739 2642 5808 πράγματα
2711 5741 2981 5809 εἴπωμεν,
3047 5741 3258 5813 ἕτοιμοί
3321 5740 3493 5814 ἐσμεν
3547 5744 3681 5817 πρὸς
3744 5744 3805 5798 σὲ

2211 5833 2389 5897 ἥκειν.
2422 5834 2520 5885 καὶ
2566 5834 2626 5886 οὐ
2667 5834 2957 5905 δειλιῶμεν
3001 5835 3060 5891 τὸ
3097 5839 3299 5909 γῆρας,
3335 5838 3458 5892 οὔτε
3505 5838 3601 5911 τὴν
3638 5838 3803 5896 ἀσθέ-
