4178 6428
719 309 824 371 ΗΣ·
2150 311 2571 375 Ἐί¹15Τω..ιΕ.
3890 316 3987 381 1C8

725 437 901 483 δειλν,
929 418 1059 472 οὒτε
1096 418 1197 489 τὴν
1228 418 1297 471 ἑκ
1329 416 1425 488 τῆς
1472 416 1778 488 ὁδοιπορίας
1821 418 2217 488 ταλαιπωρίαν,
2251 416 2317 471 ἂν

2424 428 2513 472 tua
2553 417 2721 474 virtus
2770 416 3048 485 ἱιιιιίυοιίς
3075 422 3303 476 ostende
3332 407 3461 492 ergo
3504 425 3658 490 mihi,
3688 437 3865 482 utrum
3888 428 3987 482 tibi

725 512 897 581 μόνον
936 508 1079 577 πρὸς
1111 509 1342 578 είρήνην
1369 510 1641 561 ἐπινεύειν
1664 509 1697 577 ή
1723 510 1790 580 σὴ
1815 508 2096 581 ἀγαπήσει
2122 511 2315 580 ἀρετή.

724 604 909 671 Δῖδλου
943 601 1131 655 τοίνυν
1176 601 1334 672 ἡμῖν,
1374 601 1424 653 ει
1468 600 1627 653 τοῦτο
1659 600 1793 664 Θεὸς
1838 602 1931 653 ἐπὶ
1965 601 2093 655 νοῦν
2118 618 2200 655 σοι
2230 603 2321 655 τέ-

725 699 883 746 θεικε
916 692 979 744 τὸ
1013 691 1163 761 μέγα
1203 690 1301 741 καὶ
1338 690 1606 759 σωτήριον
1629 692 1864 760 πρᾶγμα
1903 678 2196 761 Ῥωμαίοις
2228 692 2321 745 καὶ

726 785 1074 855 Βουλγάροις
1104 782 1244 854 πρὸς
1283 781 1345 835 τὸ
1394 783 1556 834 αὺτὶν
1584 781 1685 851 ἐμὲ
1734 782 2166 853 παραγενέσθαι,
2198 783 2321 837 καθ’

722 878 787 930 ὃν
820 878 890 931 ἂν
922 874 1157 929 δυνατόν
1199 876 1316 926 ἐστι
1354 872 1608 941 γενέσθαι
1650 872 1836 938 τόπον,
1882 872 1976 926 καὶ
2022 873 2320 926 θεάσασθαί

726 988 790 1023 σε
824 970 890 1022 τὸ
920 967 1049 1038 ἐμοὶ
1098 965 1482 1019 ποθεινότατον
1524 964 1728 1035 θέαμα,
1763 968 1856 1019 καὶ
1898 965 2230 1036 συλλαλῆσαι
2252 967 2320 1019 τὰ

729 1065 1028 1133 πρόσφορα
1059 1062 1157 1113 καὶ
1189 1052 1544 1129 συμφέροντα
1587 1058 1719 1128 περὶ
1751 1058 1850 1128 τῆς
1888 1058 1947 1110 ἒν
1977 1057 2096 1127 Θεῷ
2124 1059 2232 1110 ἀπό
2257 1075 2319 1125 γε

694 1202 695 1205 η
734 1152 826 1204 τοῦ
855 1151 955 1204 νῦν
997 1152 1230 1221 εἰρήνης
1288 1149 1383 1202 καὶ
1411 1148 1509 1218 τῆς
1559 1151 1746 1219 κοινῆς
1779 1150 2168 1211 καταστάσεως
2188 1164 2200 1176 ·
2229 1149 2315 1216 δήσ

733 1244 828 1297 λου
856 1245 917 1297 δὲ
945 1243 1038 1295 διὰ
1067 1240 1165 1295 τοῦ
1194 1240 1519 1294 ἀποστεῖλαι
1549 1243 1674 1303 τοὺς
1702 1239 2144 1311 κατασχεθέντας
2190 1242 2295 1293 Ῥω

738 1334 978 1403 μαῖκοὺς
1010 1314 1493 1402 ἀποκρισιαρίους,
1525 1332 1619 1384 καὶ
1660 1331 1754 1383 τοῦ
1782 1330 1937 1401 ῆκειν
1981 1330 2067 1383 διὰ
2094 1331 2191 1399 τῆς
2225 1330 2319 1381 αὑ-

736 1426 845 1476 τῶν
873 1422 1135 1494 γλώσσης
1168 1422 1267 1474 σὺν
1301 1421 1379 1491 τῷ
1401 1424 1691 1495 γράμματί
1723 1438 1816 1474 σου
1845 1420 1945 1491 τὴν
1979 1421 2321 1489 ἀπαγγελίαν

737 1515 837 1583 τῆς
875 1514 1124 1583 φιλοθέου
1167 1529 1263 1565 σου
1296 1514 1692 1584 προαιρέσεως,
1735 1510 1802 1564 ἵν’
1841 1511 1985 1564 οὕτω
2017 1514 2155 1582 μετά
2182 1516 2319 1580 πλη-

746 1606 1008 1675 ροφορίας
1070 1606 1300 1667 ἑαυτοὺς
1352 1603 1713 1666 ὲκδεδωκότες
1766 1602 2085 1674 προθύμως,
2130 1605 2179 1655 εί
2225 1604 2320 1656 καὶ

745 1696 894 1767 ὓπερ
944 1697 1167 1767 δύναμιν
1200 1695 1363 1766 ἡμῶν
1416 1696 1477 1749 τὸ
1529 1696 1760 1767 πρᾶγμα
1790 1696 1924 1766 πρὸς
1953 1697 2077 1758 τοὺς
2124 1696 2320 1758 πόνους

2425 512 2477 564 in
2524 520 2756 565 mentem
2807 511 3097 566 immiserit
3139 510 3280 567 Deus
3337 528 3591 581 magnum
3626 517 3755 571 illud
3786 530 3839 572 ct
3878 517 3987 573 Ro-

2422 603 2601 658 manis
2655 602 3015 673 Bulgarisque
3059 604 3323 669 salutare,
3360 606 3430 659 ita
3473 615 3532 659 ut
3567 616 3618 662 te
3670 609 3883 672 adeam,
3937 613 3989 666 in

2422 707 2751 763 quocunth
2779 693 2897 748 loco
2931 694 3183 763 possibile
3201 695 3323 758 erit,
3349 706 3513 765 atque
3531 697 3993 756 desideratissimn

2421 794 2717 853 conspectu
2753 783 2926 850 fruar,
2957 794 3011 839 et
3043 795 3219 841 tecum
3251 787 3317 840 de
3360 803 3491 856 pace
3516 799 3569 845 et
3604 788 3670 843 de
3717 795 3993 847 communi

2420 875 2541 943 ejus
2575 874 2915 929 institutione
2951 876 3326 930 convenientia
3376 887 3430 932 et
3472 879 3623 934 utilia
3670 882 3994 946 conferam;

2422 963 2648 1019 ostende
2702 972 2883 1018 autem
2924 972 3164 1018 retentos
3196 964 3519 1020 dimittenda
3558 962 3835 1023 Romanos
3863 985 3997 1040 apo-

2421 1056 2718 1121 crisiarios,
2750 1065 2809 1109 ut
2845 1070 3032 1110 eorum
3055 1070 3170 1120 ore,
3195 1073 3300 1112 una
3334 1069 3389 1114 et
3422 1075 3611 1115 manus
3645 1069 3749 1113 ture
3783 1059 3996 1125 litteris,

2374 1196 2377 1205 ν
2424 1148 2569 1201 illius
2610 1159 2715 1201 tua!
2743 1149 2845 1218 piae
2875 1148 3253 1217 dispositionis
3291 1151 3470 1206 veniat
3497 1151 3772 1219 nuntium,
3816 1165 3870 1209 et
3917 1156 4000 1209 sic.

2424 1242 2761 1310 nosmetipsi.
2790 1256 2856 1295 ex
2895 1242 3112 1296 certiori
3166 1243 3290 1305 llde,
3321 1244 3423 1299 iter
3455 1244 3620 1298 alacri
3654 1246 3836 1300 animo
3871 1262 3997 1301 sus-

2422 1332 2710 1401 cipientes,
2741 1332 2957 1388 etiamsi
3000 1342 3215 1387 nostras
3244 1333 3384 1388 vires
3431 1335 3657 1388 excedat
3690 1352 3774 1389 res
3808 1338 3879 1389 oh
3906 1338 3997 1391 iti-

2423 1424 2569 1478 neris
2622 1424 2993 1489 labores,sive
3034 1424 3101 1479 ad
3150 1424 3450 1479 meridiem.
3499 1426 3614 1480 sive
3670 1443 3997 1496 quocunque

2423 1513 2527 1578 tibi.
2546 1513 2834 1581 placuerit,
2864 1514 3293 1578 descendamus;
3325 1514 3573 1568 dicentur
3594 1530 3721 1583 ergo
3748 1522 3867 1584 qua?
3892 1515 3996 1569 llo-

2423 1620 2709 1659 manorum
2772 1614 2828 1660 et
2856 1603 3214 1677 Bulgarornm
3272 1604 3438 1659 refert
3483 1606 3590 1660 dici
3624 1616 3677 1660 et
3724 1608 3896 1661 audiri
3937 1618 3999 1663 ut

2423 1707 2599 1750 cesset
2640 1695 2835 1750 bellum
2871 1696 3240 1766 'firmeturque
3286 1712 3412 1766 pax,
3460 1712 3566 1767 qua
3608 1699 3998 1768 glorificabitur

753 1766 1136 1857 τῆςίπορείας,
1178 1790 1292 1841 εῐτε
1347 1786 1485 1857 πρὸς
1519 1787 1617 1858 τὴν
1666 1766 2039 1859 μεσημδρίαν,
2069 1787 2101 1859 ἢ
2137 1787 2319 1843 ἄλλοθι

2423 1783 2591 1847 Deus,
2621 1784 2990 1839 confundetur
3030 1782 3283 1842 diabolus
3320 1795 3374 1841 et
3399 1766 3517 1857 ejus
3551 1766 3823 1857 ministri;
3884 1807 3999 1845 ma-

756 1873 822 1932 οῦ
858 1880 926 1931 ἂν
959 1881 1118 1950 ἀρέσῃ
1147 1878 1572 1949 καταλάϐωμεν.
1606 1881 1716 1932 Καὶ
1737 1880 1838 1933 ὅσα
1864 1883 2138 1952 συμφέρει
2185 1882 2323 1935 Ῥω-

747 1972 941 2040 μαίοις
970 1971 1061 2023 καὶ
1090 1970 1426 2041 Βουλγάροις
1453 1972 1628 2024 εἰπεῖν
1668 1972 1762 2024 καὶ
1790 1971 2045 2035 ἀκοῦσαι,
2080 1972 2324 2045 ῥηθήσε-

736 2080 857 2126 ται,
895 2063 967 2116 δι’
986 2056 1064 2116 ὧν
1093 2063 1250 2133 λήξει
1270 2066 1369 2134 μὲν
1394 2064 1462 2117 τά
1482 2063 1577 2116 τοῦ
1600 2063 1867 2133 πολέμου,
1887 2063 2323 2136 βραϐευθήσεται

729 2152 793 2207 δὲ
842 2155 1041 2223 είρῆνη
1070 2172 1083 2186 ο
1126 2156 1211 2223 ἐφ’
1250 2150 1285 2228 ᾖ
1314 2153 1711 2225 δοξασθήσεται
1740 2156 1769 2207 ό
1802 2155 1956 2222 Θεὸς,
1986 2173 2320 2226 καταισχυν-

731 2245 971 2313 θήσεται
995 2245 1054 2296 δὲ
1076 2245 1329 2307 διάὸολος
1351 2245 1447 2297 καὶ
1474 2245 1526 2297 οι
1553 2245 1729 2316 τούτῳ
1754 2244 2316 2317 ὲξυπηρετησάμενοι’

731 2337 1226 2408 μεγαλυνθήσεται
1254 2335 1310 2389 δὲ
1360 2337 1454 2389 καὶ
1486 2336 1547 2388 τὸ
1569 2335 1659 2389 σὺν
1689 2336 1862 2408 ὖνομα
1890 2338 1948 2391 ἒν
1975 2320 2033 2391 τε
2066 2340 2143 2408 τῷ
2172 2356 2321 2409 παρ-

726 2430 847 2484 όντι
917 2433 1083 2485 αίωνι
1132 2432 1229 2484 καὶ
1260 2432 1318 2483 ὲν
1366 2431 1446 2500 τῷ
1496 2430 1782 2500 μέλλοντι·
1814 2431 1909 2483 καὶ
1948 2429 2235 2500 βιώσουσιν
2266 2431 2320 2483 ὲν

727 2522 1046 2577 ἀναπαύσει
1091 2526 1188 2576 καὶ
1221 2522 1512 2592 ἀπαλλαγῇ
1560 2522 1670 2575 τῶν
1706 2522 1894 2575 κακῶν
1938 2522 1967 2574 ὅ
1997 2538 2057 2574 τε
2093 2520 2198 2573 ὑπὸ
2224 2522 2323 2590 τὴν

733 2614 836 2684 σὴν
864 2619 1029 2684 χεῖρα
1061 2616 1348 2687 δεδομένος
1377 2615 1528 2681 λαὸς,
1565 2614 1658 2669 καὶ
1687 2615 1736 2668 οἱ
1771 2613 2058 2677 τελοῦντες
2085 2614 2192 2668 ὑπὸ
2223 2615 2322 2684 τὴν

2420 1877 2767 1946 gniticabitur
2788 1892 3005 1948 quoque
3036 1894 3236 1933 nomen
3268 1888 3421 1934 tuum
3450 1882 3501 1935 in
3527 1882 3730 1937 saeculo
3750 1886 3998 1953 prasenti

2421 1978 2476 2023 et
2515 1968 2569 2022 in
2602 1968 2817 2035 futuro;
2848 1985 2949 2025 nec
2967 1985 3073 2024 non
3096 1980 3151 2024 et
3182 1974 3235 2025 in
3281 1973 3666 2041 tranquillitate
3680 1982 3736 2027 et
3751 1974 3996 2028 omnium

2422 2059 2689 2114 malorum
2716 2060 3067 2128 exemptione
3102 2062 3302 2131 degent
3330 2062 3563 2132 populus
3587 2064 3681 2118 tibi
3720 2065 3773 2117 in
3804 2080 3999 2119 manus

2422 2153 2654 2206 traditus
2700 2163 2755 2206 et
2784 2152 2877 2221 qui
2909 2151 3013 2207 sub
3053 2134 3283 2222 imperio
3315 2171 3335 2210 ι
3361 2154 3505 2222 quod
3563 2170 3687 2209 cum
3738 2153 3847 2210 Deo
3889 2174 4000 2209 ma-

2425 2245 2593 2314 gister
2621 2254 2675 2300 et
2718 2245 2828 2299 dux
2863 2247 2929 2299 ad
2962 2246 3192 2301 salutem
3245 2246 3342 2301 tibi
3387 2247 3488 2301 fuit
3520 2258 3575 2301 et
3605 2257 3657 2302 te
3686 2263 3714 2302 α
3752 2249 3998 2319 pristinis

2424 2338 2667 2392 moribus
2697 2338 2895 2391 avertit
2948 2348 3109 2406 atque
3146 2339 3212 2392 ad
3257 2340 3433 2394 multo
3459 2340 3716 2395 meliores
3764 2351 3818 2395 et
3866 2357 3999 2411 prie.

2420 2426 2712 2482 stantiores
2728 2430 3013 2492 convertit,
3033 2446 3095 2483 ac
3119 2431 3213 2484 tibi
3237 2432 3576 2485 occasionem
3595 2432 3739 2487 dedit
3767 2432 3996 2502 teipsum

2423 2519 2755 2591 gloriﬁcandi
2785 2531 2839 2574 et
2876 2522 3192 2586 extollendi,
3226 2526 3366 2577 unde
3412 2522 3613 2579 Christi
3644 2539 3772 2594 pars
3799 2527 4000 2594 prima-

2426 2613 2507 2666 ria
2539 2612 2891 2680 uuncuperis.

733 2707 1016 2776 βασιλείαν
1037 2721 1053 2737 ·
1089 2708 1213 2779 ἥτις
1242 2708 1339 2763 σὺν
1372 2708 1502 2777 Θεῷ
1530 2710 1626 2761 καὶ
1673 2708 1996 2772 διδάσκαλός
2042 2725 2125 2761 σοι
2171 2707 2269 2761 καὶ
2303 2706 2495 2776 ὁδηγδς
2550 2707 2643 2758 καὶ
2691 2704 2827 2774 πρὸς
2874 2704 3151 2772 σωτηρίαν
3218 2704 3450 2770 ἐγένετο,
3482 2706 3575 2759 καὶ
3603 2705 3712 2757 τῶν
3741 2706 3988 2776 ἀρχαίων

735 2797 876 2850 ἰθών
926 2800 1337 2872 άναλαδομένη,
1382 2801 1519 2872 πρὸς
1551 2801 1620 2854 τὰ
1666 2800 1847 2871 πολλῷ
1882 2803 2168 2870 κρείττονα
2216 2800 2312 2853 καὶ
2351 2799 2686 2871 ὑπερέχοντα
2748 2796 3067 2866 μετέστησε,
3100 2797 3193 2849 καὶ
3219 2796 3311 2848 τοῦ
3373 2798 3685 2864 δοξάζεσθαι
3726 2801 3818 2852 καὶ
3876 2817 4000 2871 σεμ.

736 2891 1015 2957 νύνεσθαι,
1044 2895 1137 2946 καὶ
1166 2893 1339 2957 οὕτως
1360 2894 1453 2946 τοῦ
1478 2895 1717 2948 Χριστοῦ
1741 2896 1945 2966 ἀρχικὴ
1976 2899 2149 2965 μοῖρα
2178 2892 2539 2964 γνωρίζεσθαι
2577 2895 2674 2955 τὰς
2705 2892 2956 2961 ἀφορμὰς
2996 2893 3398 2961 ἑμπαρέσχετο.

1307 3073 1411 3125 1Ε’.
1454 3073 1537 3137 Τῷ
1569 3071 1751 3138 αὐτῷ.

808 3251 1231 3335 τάΙγράμματά
1283 3269 1400 3320 σου,
1435 3252 1728 3327 θεοτίμητε
1759 3256 1916 3326 ἡμῶν
1942 3254 2051 3321 υἱὲ,
2087 3256 2320 3326 δεξάμε-

733 3359 819 3395 νοι
852 3343 1034 3412 χαρᾶς
1094 3343 1333 3413 ἀληθοῦς
1379 3346 1475 3398 καὶ
1528 3349 1907 3417 πνευματικῆς
1962 3349 2319 3420 ὲπλήσθημεν

732 3437 957 3509 ῆεενῆς,
987 3439 1085 3493 καί⁵
1114 3439 1500 3511 ὲπηυξάμεθα,
1529 3443 1578 3494 εί
1609 3446 1705 3495 καὶ
1733 3444 2070 3515 ἁμαρτωλοὶ,
2103 3446 2220 3499 ἀνθ’
2245 3441 2320 3500 ὧν

731 3533 880 3585 οὕτω
904 3533 1185 3603 πρόθυμος
1217 3534 1408 3602 ἐγένου
1432 3537 1512 3597 εἰς
1533 3535 1826 3608 πρόσωπον
1851 3536 2023 3591 ἐλθεῖν
2056 3540 2153 3606 τῆς
2179 3543 2319 3611 ἐμῆς

730 3627 1155 3695 ταπεινότητος,
1191 3625 1490 3695 ἀξιωθῆναί
1532 3642 1590 3679 σε
1645 3626 1742 3680 τοῦ
1776 3628 2070 3699 προσώπου
2124 3630 2319 3702 θεατὴν

731 3717 999 3784 γενέσθαι
1072 3719 1188 3786 μετ’
1257 3719 1737 3791 εὐπαρρησιάστου
1800 3721 2162 3791 συνειδήσεως
2224 3721 2318 3775 τοῦ

730 3808 952 3876 Κυρίου
1000 3808 1161 3879 ἡμῶν
1200 3808 1378 3879 Ἰησοῦ
1411 3811 1676 3882 Χριστοῦ,
1706 3812 1835 3867 ὅταν
1863 3813 1961 3883 έρῇ
1988 3815 2100 3874 τοῖς
2149 3813 2319 3877 ἀξίοις

726 3898 836 3965 τῆς
872 3900 1158 3971 μακαρίας
1192 3902 1409 3972 ἐκείνης
1440 3904 1645 3973 φωνῆς·
1670 3921 1689 3955 ι
1731 3903 1920 3969 Δεῦτε,
1942 3906 1989 3957 οἱ
2020 3906 2321 3976 εὐλογημέ-

733 4006 819 4042 νοι
847 3989 947 4042 τοῦ
982 3992 1191 4063 Πατρός
1221 4010 1343 4062 μου,
1368 3993 1816 4065 κληρονομήσατε
1847 3995 1948 4065 τὴν
1982 3998 2320 4067 ἡτοιμασμέ-

731 4099 837 4149 νην
868 4082 1003 4151 ὑμῖν
1032 4083 1313 4152 βασιλείαν
1345 4087 1452 4140 άπδ
1484 4088 1794 4156 καταϐολῆς
1830 4089 2056 4157 κόσμου.
2097 4108 2115 4142 ι
2151 4088 2320 4143 Τοῦτο

736 4172 843 4238 μὲν
867 4172 1159 4243 ηὐξάμεθά
1181 4191 1264 4227 σοι
1293 4178 1389 4229 καὶ
1422 4177 1713 4249 εὐχόμεθα,
1749 4179 1884 4232 διότι
1914 4180 2321 4251 ἐμφανισθῆναι

731 4262 942 4315 αὐτίκα
973 4266 1040 4333 τῇ
1070 4264 1302 4333 δηλώσει
1333 4267 1410 4337 τῷ
1438 4269 1697 4339 ἡμετέρῳ
1730 4272 2125 4342 προεθυμήθης
2149 4287 2321 4342 προσ-

729 4352 911 4423 ὡπῳ⁶
953 4354 1223 4426 παράσχοι
1273 4357 1331 4410 δὲ
1375 4358 1404 4410 ὀ
1449 4361 1611 4423 αὐτὸς
1646 4360 1851 4432 Κύριος
1895 4363 2053 4434 ἡμῶν
2110 4363 2319 4433 Ἰησοῦς

733 4444 1003 4513 Χριστὸς,
1032 4451 1066 4520 ἡ
1094 4450 1440 4521 ὑπερέχουσα
1460 4453 1635 4507 πάντα
1657 4456 1782 4509 νοῦν
1804 4455 2018 4528 είρήνη,
2044 4460 2074 4527 ἡ
2105 4459 2317 4529 ἀγάπη,

734 4540 769 4605 ἡ
799 4538 1055 4609 ἀλήθεια,
1086 4543 1119 4612 ἡ
1147 4544 1391 4615 σωτηρία
1412 4545 1592 4616 ήμῶν,
1621 4548 1713 4600 καὶ
1743 4548 1823 4601 ἔτι
1856 4547 2060 4617 μᾶλλον
2091 4550 2325 4618 προσεύ-

735 4630 937 4694 ξασθαι
973 4633 1103 4701 ὐμῖν
1127 4635 1212 4688 διά
1243 4636 1362 4705 βίου
1380 4639 1580 4702 παντὸς
1610 4641 1735 4693 ὅσαι
1761 4640 1859 4709 τῆς
1880 4644 2146 4711 ταπεινῆς
2176 4642 2323 4713 ζωῆς

732 4722 896 4791 ἡμῶν
932 4725 990 4775 αἱ
1038 4724 1290 4795 βραχεῖαι
1318 4729 1548 4801 ἡμέραι,
1600 4731 1741 4802 ὑπὲρ
1769 4725 1845 4785 ὧν
1874 4734 1967 4786 καὶ
1998 4733 2080 4787 ἔτι
2116 4735 2323 4806 πρόθυ-

732 4829 838 4878 μος
878 4818 1209 4870 κατανεύειν
1251 4818 1467 4891 ὁφθήσῃ
1516 4825 1629 4884 τοῖς
1670 4824 1965 4892 ἡμετέροις
1993 4824 2195 4893 λόγοις,
2226 4823 2321 4889 οὒς

730 4899 969 4967 ἥκοντες
989 4907 1121 4976 πρὸς
1150 4908 1210 4961 σὲ
1241 4910 1587 4981 φθεγξόμεθα
1622 4914 1719 4965 σὺν
1747 4914 1865 4983 Θεῷ
1897 4914 1975 4985 τῷ
2003 4914 2200 4969 διδόντι
2233 4918 2319 4970 λό-

730 5006 832 5057 γον
864 4996 1135 5061 συνέοεως
1168 5001 1309 5072 ὐπὶρ
1327 5002 1428 5072 τῆς
1463 5004 1650 5072 κοινῆς
1677 5004 1911 5070 εὐζωῒας
1941 5007 2033 5060 καὶ
2065 5008 2316 5067 ἀναπαύ-

732 5097 878 5144 σεως
909 5081 1005 5133 τοῦ
1060 5083 1381 5155 Βουλγάρων
1436 5096 1533 5147 καὶ
1573 5095 1863 5166 Ῥωμαίων
1916 5098 2129 5164 γένους.
2174 5100 2315 5154 Ἀλλ’

697 5170 883 5249 ¹οὕτω
924 5173 1025 5240 μὲν
1056 5175 1086 5245 ἡ
1116 5176 1260 5246 ἁρχὴ
1288 5176 1385 5230 τοῦ
1415 5186 1763 5250 γράμματος,
1812 5187 2008 5240 τέκνον
2042 5188 2225 5259 ἡμῶν,
2256 5188 2315 5256 ἐξ

704 5264 705 5267 “
733 5262 892 5329 ἱεράς
928 5263 1238 5335 άπάρχεται
1283 5266 1415 5336 ἡμῖν
1440 5269 1606 5339 εὐχῆς
1626 5286 1642 5302 ο
1678 5275 1820 5345 ὑπὶρ
1864 5275 1922 5328 δὲ
1947 5275 2057 5331 τῶν
2086 5277 2313 5345 λοιπῶν,

728 5355 830 5405 καὶ
854 5352 891 5406 ἃ.
924 5354 1125 5422 μεταξὺ
1150 5354 1248 5409 τοῦ
1273 5357 1605 5428 γράμματος
1638 5363 1951 5435 ινεφέρετο,
2011 5368 2175 5439 χάριν
2217 5370 2313 5424 τοῦ

2950 3069 2996 3122 Χ
3009 3067 3070 3123 ν.
3112 3069 3150 3122 Α
3163 3070 3195 3121 ιι
3240 3069 3500 3123 eumdem.

2491 3251 2621 3306 Tuae
2652 3251 2865 3314 litterae,
2906 3250 2976 3304 liii
3002 3249 3097 3313 mi,
3131 3250 3451 3302 veneranda:
3481 3250 3590 3304 veri
3617 3260 3669 3303 et
3699 3250 4003 3320 spirituum

2422 3345 2605 3415 gaudii
2649 3360 2737 3399 me
2763 3343 3129 3413 repleverunt,
3167 3351 3221 3395 et
3246 3357 3364 3403 oro,
3402 3341 3525 3396 licet
3559 3352 3827 3411 peccator,
3854 3358 3996 3414 quoe
4057 3327 4065 3335 ’

2422 3438 2568 3491 niam
2598 3445 2709 3489 tam
2745 3445 3034 3505 promptus
3072 3433 3224 3488 fuisti
3246 3435 3312 3487 ad
3345 3433 3671 3488 veniendum
3720 3435 3786 3489 ad
3822 3436 4001 3490 humi-

2422 3530 2627 3586 litatem
2652 3545 2849 3596 meam,
2877 3537 2931 3584 te
2961 3537 3383 3596 conspecturum
3407 3544 3529 3584 esse
3553 3543 3677 3583 cum
3710 3531 4000 3599 purissima

2421 3622 2762 3677 conscientia
2827 3621 3114 3676 Dominum
3170 3630 3418 3674 nostrum
3466 3619 3650 3674 Jesum
3698 3621 3998 3686 Christum,
4090 3666 4101 3677 .

2421 3726 2546 3766 cum
2566 3713 2633 3767 ad
2661 3713 2860 3767 electos
2885 3712 3098 3766 beatum
3117 3711 3245 3765 illud
3269 3710 3413 3765 dicet
3435 3712 3658 3765 verbum
3685 3727 3700 3765 :
3740 3729 3758 3763 ι
3786 3710 3996 3774 Venite.

2424 3803 2693 3857 benedicti
2732 3801 2911 3856 Patris
2954 3800 3083 3866 mei,
3141 3801 3368 3870 accipite
3411 3800 3724 3854 haereditate
3769 3816 3997 3870 regnum

2421 3896 2565 3966 quod
2584 3894 2737 3949 vobis
2763 3905 3011 3965 paratum
3035 3902 3117 3948 est
3140 3908 3170 3948 a
3193 3894 3582 3948 constitutione
3605 3894 3812 3947 mundi.
3829 3911 3847 3943 ι
3875 3893 4002 3948 Haec

2423 3988 2517 4042 tibi
2536 3996 2784 4056 precatus
2800 4002 2920 4041 sum
2948 3996 3003 4042 et
3024 4001 3235 4058 precor,
3255 3986 3511 4056 quoniam
3538 3987 3720 4041 statim
3747 3997 3863 4056 post
3883 4001 4000 4042 ma-

2422 4078 2733 4134 nifestatum
2754 4088 2935 4133 votum
2957 4092 3159 4143 incum,
3184 4078 3249 4132 ad
3272 4092 3356 4132 me
3395 4078 3680 4133 visendum
3712 4090 4000 4148 promptus

2422 4171 2619 4236 fueris;
2649 4170 2781 4224 mihi
2814 4178 3030 4240 praestet
3053 4171 3167 4240 ipse
3189 4170 3448 4225 Dominus
3463 4170 3819 4225 nosterJesus
3838 4170 3997 4225 Chrio

2422 4274 2560 4331 stus,
2582 4264 2675 4334 qui
2714 4272 2797 4318 est
2821 4278 2924 4333 pax
2973 4277 3310 4334 eXsuperans
3343 4278 3562 4317 omnem
3597 4277 3846 4329 sensum,
3872 4263 4001 4316 cha-

2428 4357 2582 4419 ritas,
2614 4354 2812 4409 veritas
2831 4364 2884 4408 et
2917 4356 3066 4409 salus
3095 4364 3302 4419 nostra,
3327 4356 3498 4426 magis
3520 4357 3705 4423 etiam,
3724 4372 3821 4428 per
3838 4373 4003 4413 omne

2429 4459 2641 4516 tempus
2668 4456 2722 4500 et
2748 4456 2883 4516 quot
2904 4456 3032 4500 sunt
3062 4447 3254 4501 breves
3287 4448 3405 4501 dies
3438 4449 3661 4504 humilis
3684 4451 3810 4505 vita
3840 4465 3996 4512 meae,

2428 4554 2523 4607 pro
2547 4547 2601 4592 te
2622 4538 2831 4607 precari
2874 4548 2933 4593 ut
2962 4550 3245 4609 promptus
3289 4540 3469 4593 adhuc
3499 4540 3732 4595 videaris
3770 4542 3836 4596 ad
3869 4556 4000 4596 con-

2426 4631 2769 4684 sentiendum
2793 4631 3138 4687 sermonibus
3170 4645 3310 4701 quos
3340 4634 3405 4686 ad
3433 4643 3482 4687 te
3504 4635 3783 4689 venientes
3810 4635 4000 4707 loque-

2428 4736 2568 4786 mur,
2603 4723 2890 4791 adjuvante
2939 4721 3048 4777 Deo
3098 4723 3190 4794 qni
3221 4724 3319 4777 dat
3340 4723 3498 4779 verba
3547 4727 3863 4795 prudentiae,
3899 4743 4002 4798 pro

2426 4815 2703 4867 communi
2738 4814 2994 4869 felicitate
3020 4824 3090 4881 {et
3120 4817 3509 4887 tranquillitate
3554 4816 3913 4889 Bulgarorum
3944 4835 3999 4874 et

2427 4905 2837 4974 Romanorum;
2869 4906 2921 4960 id
2955 4917 3040 4961 est
3067 4909 3371 4965 litterarum
3403 4922 3714 4966 nostrarum
3756 4913 3999 4979 initium,

2424 4996 2500 5050 liii
2528 4996 2628 5062 mi,
2659 5014 2687 5050 a
2712 5011 2866 5051 sacra
2890 4999 3196 5066 precatione
3217 5010 3394 5055 ortum
3424 5017 3441 5056 :
3471 5002 3539 5058 de
3562 5002 3770 5060 caeteris
3792 5017 3998 5068 autem.

2420 5107 2542 5162 quae
2566 5092 2620 5147 in
2655 5091 2847 5146 mediis
2872 5094 2980 5148 tuis
3019 5092 3336 5163 legebantur
3358 5094 3575 5160 litteris,
3610 5110 3679 5150 ne
3702 5096 3994 5166 importuni

2419 5199 2669 5241 essemus
2702 5199 3016 5241 sermonum
3040 5185 3704 5258 diuturnitate,pmcipue
3718 5204 3867 5251 cum,
3887 5188 3998 5241 Deo

2418 5278 2657 5343 volente,
2691 5291 2973 5346 speramus
3034 5287 3093 5333 te
3142 5291 3205 5332 os
3241 5276 3309 5330 ad
3368 5292 3431 5333 os
3480 5278 3706 5349 alloqui,
3755 5278 3997 5334 scribere

2420 5383 2881 5441 supervacaneum
2920 5371 3036 5423 fore
3063 5368 3341 5426 duximus.

732 5447 813 5515 μὴ
834 5448 1060 5521 ὀχληροὶ
1086 5452 1346 5518 γενέσθαι
1372 5453 1450 5523 τῷ
1485 5456 1652 5525 μήκει
1715 5460 1826 5514 τῶν
1864 5461 2058 5530 λόγων,
2113 5463 2350 5533 μάλιστα
2386 5466 2469 5521 ὅτι
2542 5465 2837 5535 ἐλπίζομεν
2870 5465 3007 5518 Θεοῦ
3055 5462 3382 5536 βουλομένου
3441 5469 3616 5539 στόμα
3648 5466 3782 5536 πρδς
3814 5461 3991 5530 στόμα

724 5541 982 5612 λαλῆσαι,
1014 5546 1269 5615 περιττὸν
1293 5549 1621 5620 ἡγησάμεθα
1648 5555 1898 5625 γράφειν.

816 5721 1021 5776 Ἐκεῖνο
1047 5721 1103 5776 δὶ
1139 5721 1307 5793 μόνον
1332 5723 1408 5787 ὡς
1462 5725 1761 5798 ἀναγκαῖον
1808 5732 2118 5807 γράφομεν,
2168 5734 2305 5807 ἠγα-

967 5816 1246 5878 Ριιτιιοι..
1287 5814 1407 5877 Gn.
1439 5816 1601 5889 CXI.

2485 5735 2599 5794 Hoc
2637 5745 2843 5793 tantum
2876 5728 3068 5809 utpote
3113 5734 3478 5795 necessarium
3548 5732 3866 5804 scilbimus,
3908 5739 3991 5793 di-

3631 5826 3667 5886 lt
