4178 6420
542 319 635 384 itii
725 377 730 382 .
1669 320 1977 394 Nicout
2013 334 2121 394 cr.
2159 322 2668 398 PATRIARCH£

3701 326 3803 402 l32

537 457 634 496 nos
655 441 888 496 advocas
927 450 981 496 et
1017 441 1082 496 ad
1115 443 1524 512 suscipiendum
1567 445 1666 497 iter
1688 446 1932 500 excitas!
1969 448 2110 502 dicis

2214 449 2387 503 ταῦτα
2447 453 2721 505 λάθωσινἱ
2775 440 2911 505 ἀλλὰ
2969 453 3060 504 καὶ
3111 454 3139 505 ὁ
3187 452 3342 520 λόγος
3387 452 3506 522 μεθ’
3537 446 3598 505 οῦ
3651 454 3799 522 ἡμᾶς

534 535 707 590 ειιίιιι⁷
751 536 1050 606 apostolos.
1118 539 1368 606 quamvis
1420 555 1516 608 pro
1565 539 1787 594 incertis
1827 550 2114 595 currerent

536 638 872 697 eventusque
902 630 1096 698 ignari,
1130 638 1307 684 tamen
1339 645 1436 700 pro
1475 645 1707 700 superna
1739 634 1986 689 mercede
2015 650 2114 688 cu-

536 735 601 775 cu
613 721 778 776 rrisse
815 730 869 777 et
893 721 1196 778 laborasse.

607 1006 758 1062 lllam
815 1007 1256 1062 exhortationem
1294 1021 1439 1072 amo,
1479 1007 1552 1062 (ili
1595 1009 1664 1062 tui
1713 1009 2108 1064 dilectissime:

539 1101 606 1157 iis
637 1100 784 1154 enim
842 1114 963 1168 quae
1015 1099 1172 1156 dicis.
1207 1099 1486 1154 confiteris
1537 1101 1679 1169 quod
1723 1116 1822 1154 nos
1871 1116 2110 1169 quoque,

536 1207 722 1244 eorum
758 1190 952 1254 instar,
997 1188 1299 1243 secundum
1343 1190 1434 1242 Dei
1478 1189 1810 1243 voluntatem
1867 1190 2113 1243 laborare

537 1284 818 1350 cupimus;
853 1282 1130 1350 quomodo
1190 1297 1422 1349 namque
1477 1283 1635 1336 aliter
1687 1283 1907 1336 dabitur
1953 1283 2112 1337 nobis

536 1389 767 1437 merces,
799 1374 902 1426 nisi
958 1374 1258 1425 secundum
1301 1371 1396 1427 Dei
1447 1374 1778 1428 voluntatem
1826 1383 2113 1439 susceptus

537 1470 606 1522 sit
637 1470 790 1523 labor
811 1469 1039 1522 noster?
1069 1467 1535 1537 quemadmodum
1567 1467 1711 1520 cuitu
1739 1481 1926 1521 eorum
1959 1467 2114 1520 labor

542 1561 652 1614 Deo
689 1563 936 1628 placebat
973 1560 1094 1614 ideo
1126 1560 1272 1628 quod
1302 1557 1602 1628 secundum
1627 1557 1747 1626 ejus
1775 1558 2112 1611 voluntatem

533 1653 865 1713 laborarent,
893 1649 1311 1718 mercedemque
1329 1649 1396 1702 ab
1424 1665 1491 1704 eo
1521 1658 1866 1718 receperunt,
1894 1648 1969 1700 ita
1991 1662 2112 1699 om-

533 1745 666 1798 nino
692 1753 747 1798 et
781 1753 968 1798 noster
998 1742 1174 1806 labor,
1210 1740 1257 1794 si
1285 1751 1503 1810 propter
1529 1739 1675 1792 illum
1715 1754 1746 1792 a
1780 1737 1889 1791 Deo
1907 1752 2114 1792 merce-

533 1837 657 1890 dem
713 1834 1080 1903 accipiemus,
1132 1833 1210 1886 uti
1251 1832 1527 1901 sapienter
1554 1829 1764 1890 fateris.
1811 1832 2110 1885 secundum

536 1925 630 1981 Dei
685 1925 1020 1979 voluntatem
1069 1923 1370 1992 suscipitur
1415 1939 1432 1976 :
1481 1939 1661 1976 annon
1695 1938 1826 1992 ergo
1867 1933 2111 1978 nostrum

537 2016 742 2070 vereris
779 2011 1018 2069 laborem
1067 2030 1225 2083 quem
1259 2015 1401 2068 Deus
1423 2015 1635 2082 probat,
1687 2015 1780 2082 qui
1812 2014 2113 2068 secundum

535 2109 683 2163 illius
738 2107 1077 2160 voluntatem
1136 2106 1480 2174 suscipitur?
1519 2095 1840 2171 Quomodo;
1881 2105 1984 2160 nisi
2039 2105 2113 2160 ita

533 2191 702 2266 esset,
741 2200 1049 2254 mercedem
1092 2213 1193 2267 pro
1227 2213 1293 2252 eo
1328 2198 1614 2252 redderet?
1645 2215 1750 2251 non
1809 2201 2008 2265 probas
2038 2207 2112 2260 te,

534 2309 656 2356 nec,
715 2303 774 2346 ut
805 2293 982 2355 decet,
1020 2292 1280 2356 bonoras,
1331 2307 1431 2345 nec
1459 2307 1556 2360 pro
1590 2291 1868 2344 laboribus
1924 2304 2112 2358 pacem

533 2382 812 2445 concedis,
845 2382 944 2435 sed
987 2373 1188 2435 frustra
1220 2381 1545 2449 defatigatus
1578 2396 1677 2434 nos
1696 2380 1928 2434 dimittis
1957 2396 1972 2446 ;
2019 2379 2112 2432 sed

534 2473 816 2543 quomodo
849 2471 932 2524 fas
963 2479 1051 2525 est
1094 2471 1262 2525 Deum
1302 2471 1535 2540 probare
1585 2479 1828 2525 nostrum
1873 2469 2112 2522 laborem

534 2575 588 2620 et
625 2582 722 2635 pro
743 2581 810 2620 eo
852 2566 1158 2619 mercedem
1200 2563 1252 2618 in
1286 2579 1384 2618 sua
1431 2563 1703 2617 charitate
1756 2561 2006 2625 reddere,
2059 2571 2114 2616 te

535 2673 744 2721 autem.
783 2661 856 2714 liti
900 2661 996 2723 mi,
1048 2659 1142 2727 qui
1204 2658 1327 2726 pius
1374 2673 1458 2722 es,
1508 2655 1605 2711 Dei
1667 2655 1934 2712 voluntati
2003 2671 2110 2709 non

533 2755 889 2817 concordare,
938 2754 1030 2806 sed
1068 2750 1342 2811 contraria
1376 2748 1618 2804 sentire?
1653 2747 1718 2802 Et
1749 2764 1909 2817 quem
1963 2730 2114 2801 labo-

534 2861 671 2906 rem.
719 2854 906 2914 utpote
937 2857 1037 2912 pro
1073 2858 1132 2897 se
1173 2851 1511 2910 susceptum,
1553 2847 1672 2895 sine
1709 2842 1959 2896 mercede
2000 2854 2110 2894 non

535 2938 797 3006 relinquit
840 2948 892 2990 te
947 2944 1200 3003 tanquam
1260 2934 1422 2987 vilem
1465 2933 1750 3002 despicere
1799 2943 1854 2987 et
1905 2933 2112 2986 nullius

534 3029 696 3098 pretii
748 3026 996 3081 habere?
1049 3025 1352 3080 Considera
1409 3035 1591 3078 utrum
1653 3024 1752 3092 piae
1795 3024 1996 3078 mentis
2041 3022 2114 3075 sit

534 3119 785 3186 dignum,
817 3128 998 3171 utrntn
1036 3131 1144 3170 non
1183 3116 1401 3169 aliunde
1440 3117 1665 3169 veniens
1705 3130 1868 3184 quam
1895 3130 1960 3169 ex
1987 3127 2112 3166 vere

535 3209 786 3279 prudenti
829 3223 991 3262 sensu
1051 3218 1192 3262 tuo:
1261 3205 1448 3260 dixisti
1507 3219 1766 3275 namque.
1815 3213 1870 3258 et
1912 3207 2112 3274 optime

534 3299 741 3364 dixisti,
778 3299 1039 3369 apostolis
1075 3298 1451 3352 laborantibus
1495 3311 1524 3349 a
1556 3296 1667 3350 Deo
1695 3297 1956 3350 redditam
1993 3310 2114 3350 esse

535 3407 863 3455 mercedem,
896 3392 1021 3447 Ιὶριιι
1042 3407 1136 3445 eos
1170 3390 1498 3460 persuadere
1533 3391 1860 3460 quandoque
1881 3407 1988 3444 non
2021 3405 2114 3458 po-

536 3489 738 3544 tuerint
789 3488 855 3540 ad
890 3501 1030 3554 quos
1059 3485 1230 3540 ibant.

603 3673 838 3742 Quinam
861 3679 1044 3726 autem
1077 3669 1452 3726 inobedientes
1480 3669 1702 3733 fuerint,
1749 3669 1906 3724 nobis
1948 3668 2110 3722 etiam

532 3763 622 3819 dic
660 3781 674 3817 :
706 3777 897 3816 nunties
934 3777 1066 3816 sane
1089 3761 1236 3816 dices
1257 3761 1576 3830 quicunque
1609 3775 1716 3814 non
1739 3760 1986 3813 sciebant
2025 3774 2113 3813 se-

534 3857 771 3911 cundum
801 3855 894 3912 Dei
925 3856 1256 3909 voluntatem
1279 3869 1402 3908 esse
1451 3854 1826 3922 apostolorum
1875 3852 2112 3914 labores,

534 3966 633 4006 nec
661 3965 756 4005 eos
789 3949 1036 4004 mercede
1065 3948 1260 4018 dignos
1292 3947 1585 4013 habebant,
1619 3945 1712 4000 sed
1752 3944 1926 4014 magis
1957 3957 2115 4012 ptena

532 4052 588 4097 et
618 4040 924 4111 supplicio;
961 4039 1196 4108 ideoque
1228 4052 1325 4092 eos
1351 4037 1814 4107 persequebantur
1856 4045 1910 4090 et
1941 4033 2112 4088 casti-

533 4135 736 4204 gabant
767 4151 782 4187 :
815 4133 909 4202 qui
946 4144 1126 4186 autem
1155 4130 1353 4184 fatetur
1385 4130 1695 4185 mercedem
1741 4144 1842 4182 nos
1871 4142 1992 4181 esse
2023 4141 2115 4180 ac-

532 4237 808 4294 cepturos,
868 4225 1158 4278 conﬁtetur
1205 4222 1355 4292 prius
1403 4231 1620 4276 nostros
1662 4235 1693 4273 a
1747 4218 1858 4272 Deo
1893 4215 2112 4286 probari

535 4319 750 4372 labores
772 4331 948 4384 eaque
979 4316 1049 4369 de
1069 4330 1236 4368 causa
1263 4313 1413 4367 reddi
1450 4313 1788 4372 mercedem;
1820 4308 2111 4376 etquidem

534 4409 679 4462 Deus
732 4417 950 4461 nostras
995 4408 1187 4476 probat
1234 4404 1580 4476 latigationes
1626 4409 1680 4454 et
1717 4401 1867 4470 justo
1905 4397 2112 4467 judicio

2217 541 2524 610 προσκαλῇ,
2559 543 2655 595 καὶ
2686 541 2820 611 πρὸς
2881 543 2980 612 τὴν
3024 542 3143 595 ὁδὸν
3173 545 3504 612 ,παρορμᾷῇ
3553 541 3627 606 ὡς
3664 543 3799 596 θαυ-

2217 633 2419 702 μαστὸς
2450 633 2544 686 καὶ
2574 633 2696 685 λίαν
2738 634 3027 695 ὲπαινετός
3053 636 3067 686 ί
3105 633 3299 700 Λέγεις
3333 636 3445 704 γὰρ
3470 633 3545 696 ὠς
3577 635 3626 685 οί
3657 635 3795 687 ἀπό⁴⁵

2216 721 2421 785 στολοι,
2453 725 2746 794 τρέχοντες
2801 723 2888 775 ἐπ’
2921 725 3160 793 ἀδήλοις,
3196 724 3378 778 καὶτὸ
3420 724 3795 794 ἐκϐησόμενον

2211 817 2314 870 οὐκ
2377 817 2602 879 ειδότες,
2659 819 2808 885 ὅμως
2845 819 3070 887 ἔτρεχον
3109 817 3203 869 καὶ
3251 818 3493 870 ἐκοπίων
3545 817 3633 870 διά
3691 818 3794 888 τὴν

2213 909 2422 962 ἄνωθεν
2467 907 2920 978 μισθαποδοσίαν.

2297 1001 2522 1069 Ἀγαπῶ
2547 1003 2647 1070 τὴν
2685 999 3034 1072 παραίνεσιν,
3093 1001 3289 1054 τέκνον
3329 1018 3431 1070 μου
3464 1001 3752 1079 ἀγαπητόν
3774 1011 3790 1030 ⁸

2214 1093 2309 1145 καὶ
2338 1093 2447 1161 γὰρ
2483 1090 2542 1156 ἐξ
2579 1085 2654 1144 ὦν
2721 1091 2902 1158 λέγεις
2955 1092 3361 1161 συνομολογείς,
3397 1092 3477 1144 ὅτι
3501 1091 3598 1144 καὶ
3631 1092 3796 1160 ἡμεῖς

2216 1185 2359 1236 κατὰ
2391 1183 2646 1255 βούλησιν
2683 1181 2842 1246 Θεοῦ,
2874 1182 3066 1254 ὥσπερ
3103 1185 3324 1249 ἐκεῖνοι,
3357 1183 3796 1253 προθυμούμεθα

2215 1277 2436 1343 κοπιᾷν.
2469 1275 2592 1334 Πῶς
2617 1274 2726 1343 γὰρ
2753 1272 2928 1336 ἄλλως
2962 1276 3318 1326 ἀποκείσεται
3349 1276 3479 1344 ἡμῖν
3504 1276 3531 1328 ὁ
3571 1273 3790 1344 μισθὸς.

2215 1369 2377 1438 εἰμὴ
2411 1367 2556 1420 κατά
2595 1367 2732 1418 Θεοῦ
2770 1365 3028 1436 βούλησιν
3071 1369 3100 1420 ό
3151 1369 3320 1429 κόπος
3349 1366 3544 1436 ἡμῶνς
3576 1368 3792 1431 Ὥσπερ

2215 1461 2325 1529 γὰρ
2358 1459 2590 1519 ἐκείνοις
2641 1454 2710 1528 ἧν
2764 1460 2791 1510 ό
2823 1458 2990 1520 κόπος
3016 1458 3269 1526 ἀρέσκων
3312 1457 3450 1526 Θεῷ,
3481 1457 3615 1509 διότι
3651 1474 3796 1508 κατι

2213 1553 2274 1606 τὸ
2292 1553 2508 1622 θέλημά
2531 1551 2724 1603 τοῦτου
2759 1550 3018 1614 ἐκοπίων,
3051 1551 3144 1602 καὶ
3173 1551 3302 1620 παρ’
3337 1549 3507 1602 αὐτοῦ
3538 1547 3749 1617 ἐλάμὸα
3788 1580 3792 1584 -

2215 1661 2305 1698 νον
2330 1645 2421 1696 τὸν
2453 1642 2670 1713 μισθόνο
2695 1641 2840 1696 οὕτω
2870 1644 3088 1705 πάντως
3127 1642 3220 1696 καὶ
3251 1643 3279 1694 ὁ
3314 1643 3577 1714 ἡμέτερος
3603 1643 3794 1702 κόπος,

2216 1738 2264 1788 εί
2319 1734 2513 1804 μισθὸν
2569 1734 2711 1803 ὑπὲρ
2764 1733 2930 1786 αὑτοῦ
3006 1735 3364 1805 λαμδάνομεν
3417 1737 3569 1805 παρά
3614 1733 3792 1794 Θεοῦ,

2215 1829 2397 1892 καθὼς
2429 1824 2488 1881 εὖ
2523 1827 2740 1898 φρονῶν
2769 1828 3074 1898 ὁμολογεῖς,
3111 1829 3255 1882 κατά
3283 1827 3540 1898 βούλησιν
3580 1827 3796 1898 γίνεται

2217 1923 2374 1977 θεοῦ.
2435 1918 2572 1976 Εἶτα
2607 1923 2668 1974 οῦ
2715 1921 2855 1991 φοϐῇ
2897 1921 2988 1973 τὸν
3045 1923 3213 1974 κόπον
3264 1919 3448 1992 ἡμῶν,
3490 1920 3550 1973 δν
3593 1921 3622 1972 ό
3657 1919 3796 1979 Θελά

2215 2016 2561 2086 ἀποδέχεται,
2589 2015 2665 2079 ὼς
2693 2013 2838 2068 κατά
2873 2014 2935 2067 τὸ
2989 2013 3156 2066 αὑτοῦ
3201 2001 3488 2083 γινόμενον
3542 2011 3797 2080 θέλημας

2217 2111 2333 2174 πῶς
2367 2112 2476 2180 γὰρ
2515 2110 2603 2172 ἂν,
2629 2110 2678 2161 εί
2721 2109 2796 2176 μὴ
2824 2106 2982 2160 τοῦτο
3028 2099 3119 2178 ἦν,
3151 2107 3241 2159 τὸν
3263 2107 3404 2178 ὑπὲρ
3426 2104 3592 2172 αὑτοῦ
3616 2104 3794 2156 wide:

2218 2199 2444 2274 μισθόν;
2479 2202 2557 2270 μὴ
2605 2201 2999 2270 ἀποδεχόμενος
3053 2200 3141 2264 σὺ,
3176 2199 3314 2269 μηδὲ
3373 2198 3571 2268 τιμῶν,
3601 2195 3795 2264 ὥσπερ

2214 2295 2333 2364 ἐστὶ
2369 2293 2602 2363 πρέπον,
2666 2292 2762 2344 καὶ
2827 2294 3082 2361 παρέχων
3112 2289 3521 2358 συγκατάθεσιν
3568 2289 3797 2356 εἰρήνης

2214 2389 2280 2440 δι’
2311 2380 2386 2438 ὧν
2409 2383 2714 2452 κοπιῶμεν,
2748 2383 2864 2435 ἀλλ’
2895 2383 3263 2451 ἀποστρέφεις
3315 2383 3628 2450 κοπιῶντας
3670 2385 3794 2438 διαο

2214 2477 2401 2546 κενῆς.
2438 2476 2547 2528 Καὶ
2571 2474 2688 2538 πῶς
2746 2475 2858 2543 ἔχει
2909 2474 3089 2541 λόγον,
3122 2474 3255 2526 Θεὸν
3297 2475 3397 2544 μὲν
3429 2475 3793 2546 ἀποδέχεσθαι

2213 2570 2312 2639 τὴν
2335 2567 2474 2639 ἐμὴν
2495 2567 2900 2638 ταλαιπωρίαν,
2944 2568 3039 2620 καὶ
3070 2566 3193 2620 ἀντὶ
3229 2566 3437 2635 ταύτης
3468 2566 3668 2620 διδόναι
3698 2567 3792 2620 δό-

2216 2677 2299 2715 σιν
2324 2661 2422 2730 τῆς
2457 2658 2656 2712 ἑαυτοῦ
2691 2659 3054 2729 ἀγαθότητος,
3111 2658 3174 2710 σὲ
3223 2658 3280 2712 δέ
3330 2657 3580 2724 φιλόθεον
3613 2657 3793 2728 ὑπεὶρ-ι

2215 2771 2400 2823 χοντα,
2457 2753 2646 2806 τέκνον
2687 2751 2872 2820 ἡμῶν,
2936 2751 3012 2820 μὴ
3051 2749 3131 2813 τῷ
3163 2750 3294 2820 θείῳ
3327 2749 3630 2820 βουλήματι
3661 2765 3790 2800 συνά

2213 2848 2449 2918 τρέχειν,
2487 2845 2625 2899 ἀλλὰ
2657 2847 2878 2915 φρονεῖν
2937 2843 3189 2910 ἐναντίας
3239 2843 3334 2896 καὶ
3363 2842 3533 2911 ὅνπερ
3580 2842 3795 2901 ἐκεῖνος

2214 2941 2378 2993 πόνον
2398 2939 2579 3009 ἡμῶν,
2605 2938 2680 3001 ὡς
2715 2937 2856 3008 ὑπὲρ
2880 2935 3047 2989 αὐτοῦ
3069 2936 3377 3003 γινόμενον,
3427 2933 3656 3004 ἄμισθον
3690 2934 3793 2986 οὐκ

2214 3033 2298 3103 ἐᾷ,
2330 3031 2392 3084 σὲ
2424 3029 2613 3083 τοῦτον
2641 3029 2715 3093 ὡς
2749 3028 2956 3098 φαῦλον
2987 3029 3253 3098 παρορᾷν,
3279 3026 3374 3079 καὶ
3398 3025 3612 3088 οὐδενὸς
3640 3023 3794 3088 ἀξιον

2140 3158 2182 3214 c
2214 3126 2375 3192 λόγου
2422 3124 2727 3192 νομίζεινςι
2760 3121 2966 3190 Σκέψαι
3017 3122 3066 3172 εἰ
3130 3120 3282 3185 ἄξιον
3326 3117 3485 3172 τοῦτο
3539 3116 3790 3183 φιλοθέυν

2214 3217 2413 3287 ψυχῆς.
2447 3217 2543 3269 καὶ
2557 3215 2656 3284 οὐχ
2686 3214 2958 3284 ἑτέρωθεν
2977 3213 3149 3292 ,τοῦτο
3178 3212 3473 3279 συνάγεται
3504 3211 3620 3264 ἀλλ’
3653 3209 3686 3280 ἢ
3725 3211 3791 3261 te

2212 3311 2320 3363 τῶν
2363 3309 2471 3378 σῶν
2506 3309 2723 3377 άληθῶς
2750 3307 3032 3377 φρονίμων
3069 3306 3263 3374 λόγων.
3299 3304 3476 3375 "Egon;
3515 3304 3650 3373 γὰρ,
3687 3304 3783 3356 καὶ

2213 3399 2395 3461 καλῶς
2417 3398 2578 3466 ἔφης,
2605 3397 2680 3460 ὡς
2734 3398 2847 3458 τοῖς
2882 3395 3203 3456 ἀποστόλοις
3247 3394 3312 3446 ἐκ
3367 3390 3505 3444 Θεοῦ
3532 3391 3559 3443 ό
3597 3389 3788 3458 μισθὸς

2214 3490 2416 3543 ἐδίδοτο
2449 3487 2707 3551 κοπιῶσι,
2741 3487 2844 3540 κᾶν
2878 3487 3015 3557 πρὸς
3075 3484 3169 3547 οὓς
3205 3483 3457 3554 ἀπῄεσαν
3506 3483 3677 3535 ἐνίοτε
3715 3481 3792 3550 μὴ

2213 3583 2425 3636 πείθειν
2453 3579 2735 3652 ἠδύναντο.

2295 3673 2460 3726 Ἀλλά
2490 3672 2636 3734 τίνες
2669 3671 2720 3723 οἱ
2776 3669 2852 3741 μὴ
2910 3668 3246 3738 πειθόμενοι,
3281 3668 3379 3720 καὶ
3425 3664 3584 3718 τοῦτο
3621 3654 3742 3718 εἰπέ
3779 3679 3792 3693 °

2214 3767 2432 3828 πάντως
2454 3765 2622 3835 ἐρεῖς,
2653 3763 2735 3816 ὅτι
2763 3763 2877 3816 ὅσοι
2903 3763 2978 3834 μὴ
3008 3762 3226 3834 ᾔδεισαν
3253 3758 3395 3814 κατά
3419 3757 3556 3810 Θεοῦ
3594 3756 3795 3828 βούλη-

2215 3877 2300 3912 σιν
2324 3853 2465 3910 εῖναι
2493 3857 2586 3910 τὸν
2619 3857 2786 3909 κόπον
2808 3856 2917 3908 τῶν
2957 3855 3296 3916 ἀποστόλων,
3339 3851 3452 3906 οὐδ’
3478 3851 3661 3918 ἀξίους
3689 3853 3796 3901 αὺ-

2212 3951 2338 4013 τοὺς
2375 3947 2608 4018 ἡγοῦντο
2637 3946 3087 4018 μισθαποδοσίας,
3118 3945 3255 4000 ἀλλά
3287 3943 3488 4014 μᾶλλον
3517 3943 3796 4004 κολάσεως

2215 4046 2310 4096 καὶ
2333 4041 2630 4112 τιμωρίας·
2672 4040 2760 4093 διὰ
2822 4039 2984 4092 τοῦτο
3031 4037 3258 4090 ἐδίωκον
3296 4038 3392 4090 καὶ
3421 4033 3798 4105 ἐτιμωροῦντο

2215 4135 2413 4199 αὐτούς
2445 4152 2457 4164 ·
2518 4138 2546 4189 ό
2602 4134 2658 4188 δὲ
2709 4131 2991 4202 ὁμολογῶν
3026 4129 3296 4202 λήψεσθαι
3330 4128 3517 4198 μισθὸν
3573 4128 3798 4187 πάντως

2216 4230 2488 4300 πρότερον
2517 4227 2769 4296 ὁμολογεί
2820 4225 2903 4278 ὅτι
2943 4223 3266 4292 ἀποδέχεται
3310 4220 3619 4282 κοπιῶντας
3645 4219 3800 4289 ἡμᾶς

2192 4326 2242 4376 ,ὁ
2274 4322 2425 4385 Θεὸς,
2461 4319 2556 4373 καὶ
2591 4320 2783 4372 τούτου
2843 4317 3004 4388 χάριν
3059 4315 3245 4368 δίδωσι
3303 4314 3395 4366 τὸν
3438 4312 3661 4382 μισθόν·
3702 4314 3800 4364 καλ

2217 4413 2348 4476 Θεὸς
2408 4412 2507 4480 μὲν
2561 4409 2891 4478 ἀποδέχεται
2924 4410 3024 4478 τὴν
3069 4405 3210 4476 ἐμὴν
3256 4403 3658 4474 ταλαιπωρίαν,
3700 4405 3801 4455 καὶ

537 4501 786 4553 mercede
815 4507 1060 4562 coronat,
1095 4509 1149 4550 tu
1181 4513 1309 4551 vero
1329 4533 1345 4556 ,
1403 4499 1567 4548 homo
1594 4508 1717 4547 cum
1742 4491 1954 4552 sis,n0tt
1989 4504 2111 4558 pro-

2217 4505 2610 4576 ἀντομείϐεται
2638 4505 2734 4571 τῆς
2770 4501 2988 4563 δικαίας
3025 4499 3261 4570 κρίσεως
3293 4498 3460 4551 αὑτοῦ
3504 4501 3569 4568 τῇ
3598 4497 3798 4567 μισθαά

536 4589 734 4644 bares?
779 4589 912 4642 tlmli
949 4599 1002 4642 et
1032 4600 1190 4642 tetra:
1225 4586 1487 4640 Dominus
1546 4593 1764 4638 nostros
1815 4596 1920 4634 non
1955 4579 2109 4632 dedi-

534 4696 732 4751 gnatur
789 4683 1046 4748 labores;
1104 4683 1148 4734 si
1195 4681 1342 4732 enim
1397 4677 1803 4746 dedignaretur,
1839 4671 2112 4741 quomodo

533 4774 838 4827 mercedem
899 4771 1189 4826 redderet?
1235 4772 1315 4841 'l'u
1369 4783 1536 4831 vero,
1589 4771 1635 4822 si
1699 4765 1898 4835 populo
1960 4771 2113 4816 tanto

534 4866 771 4933 imperas
794 4877 1033 4933 quantus
1077 4875 1160 4916 est
1203 4863 1292 4930 qui
1327 4863 1421 4916 tibi
1445 4860 1757 4929 subjicitur,
1790 4865 1912 4926 post
1949 4855 2114 4908 breve

536 4968 717 5010 tamen
775 4967 990 5025 tempus
1025 4955 1093 5008 ab
1131 4955 1388 5009 omnibus
1437 4953 1756 5008 hominibus
1793 4961 2112 5020 segregatus

532 5063 720 5102 coram
773 5048 1152 5101 universorum
1185 5046 1416 5101 Domino
1469 5047 1697 5108 natabis,
1745 5055 1960 5100 nostras
1987 5045 2113 5096 fati-

535 5141 784 5211 gationes
839 5140 1236 5209 parvipendes?
1272 5138 1377 5194 Sed
1406 5139 1683 5208 quomodo
1713 5139 1936 5208 dignum
1963 5136 2108 5192 istud

536 5244 633 5288 tuo
664 5232 908 5302 ingenio,
944 5241 1035 5287 tua
1077 5232 1272 5300 pietate
1302 5234 1517 5301 tuisque
1566 5232 1770 5299 ubique
1803 5231 2112 5300 praedicatis

534 5325 821 5381 moribus?
849 5325 1003 5390 Quod
1043 5342 1151 5379 non
1175 5327 1240 5380 ad
1264 5326 1688 5380 subvertendam
1722 5334 1891 5387 tuam,
1912 5323 1984 5377 [ili
2011 5322 2112 5386 mi,

533 5418 970 5490 propositionem
994 5419 1251 5482 dicimus,
1281 5420 1376 5473 sed
1407 5419 1478 5473 ad
1507 5417 2110 5474 commonefaciendnm

535 5521 592 5565 te
625 5521 684 5566 et
707 5513 776 5566 ad
799 5512 1036 5566 dandam
1069 5512 1164 5566 tibi
1198 5513 1452 5580 prudenti
1490 5514 1837 5566 occasione
1889 5519 1948 5565 ut
1979 5525 2114 5579 pru-

463 5655 478 5660 _
531 5603 746 5657 dentior
777 5609 1013 5671 evadas;
1051 5604 1198 5671 volo,
1243 5605 1315 5659 lili
1354 5605 1429 5658 mi
1473 5605 1850 5670 dilectissime,
1869 5605 2112 5660 sermoni

531 5691 711 5746 adhuc
765 5699 1035 5761 attendas,
1090 5706 1146 5749 et
1199 5695 1658 5766 quemadmodum
1691 5697 1852 5751 nobis
1881 5712 2116 5766 prasen-

533 5783 677 5838 t'rbus
704 5799 890 5841 nostra
913 5790 1054 5842 dicta
1083 5788 1305 5876 cordate
1327 5789 1568 5856 audires,
1615 5789 1686 5844 ita
1727 5791 1965 5846 sermoni
1988 5804 2114 5846 cor-

2215 4599 2462 4667 ποδοσίᾳ,
2514 4597 2580 4649 σὺ
2612 4596 2668 4648 δὲ
2698 4593 2982 4665 ἄνθρωπος
3031 4591 3107 4645 ὢν
3137 4592 3238 4645 οὐκ
3291 4591 3569 4662 ἀποδέχῃς
3617 4589 3676 4642 '0
3709 4591 3803 4642 δε-

2215 4690 2433 4754 σπόζων
2471 4687 2703 4760 οὐρανοῦ
2754 4688 2851 4741 καὶ
2887 4688 2989 4754 γῆς
3044 4687 3146 4739 οὐκ
3191 4684 3452 4752 ἀτιμάζει
3481 4684 3574 4736 τὸν
3624 4684 3800 4735 κόπον

2213 4784 2369 4853 ἡμῶν
2391 4799 2402 4812 ·
2431 4781 2546 4844 πῶς
2573 4782 2705 4850 γὰρ,
2730 4781 2778 4832 εί
2802 4778 3078 4848 ἀτιμάζει,
3105 4778 3291 4830 δίδωσι
3323 4777 3412 4830 τὸν
3447 4773 3640 4846 μισθόν
3664 4791 3679 4838 ;
3721 4775 3802 4827 ΣΞ)

2212 4876 2291 4938 δὲ,
2317 4877 2366 4928 εἰ
2392 4875 2489 4928 καὶ
2516 4873 2802 4937 δεσπόζεις
2853 4870 2985 4925 λαοῦ
3016 4872 3144 4923 ὅσου
3182 4871 3314 4923 ποτὲ
3362 4869 3460 4922 καὶ
3483 4868 3798 4931 δεσπόζεις,

2213 4966 2351 5019 ἀλλά
2399 4979 2464 5031 γε
2530 4965 2649 5034 μετ’
2702 4963 2887 5030 ὀλίγον
2955 4963 3162 5030 γυμνὸς
3210 4962 3430 5015 πάντων
3490 4959 3802 5032 ἀνθρώπων

2215 5056 2592 5127 παρίστασθαι
2642 5054 2856 5125 μέλλων
2919 5055 2997 5121 τῷ
3028 5055 3274 5126 Δεσπότῃ
3318 5053 3425 5108 τῶν
3471 5053 3632 5117 ὅλων,
3662 5047 3802 5122 παρ’

2213 5149 2365 5202 οὐδὲν
2415 5146 2576 5216 τίθης
2620 5146 2720 5216 τὴν
2771 5146 3054 5216 ἡμετέραν
3083 5146 3506 5215 ταλαιπωρίανς
3550 5146 3660 5200 Καὶ
3687 5145 3802 5197 sto;

2215 5241 2496 5311 προσῆκον
2518 5237 2675 5292 τοῦτό
2708 5255 2770 5305 γε
2802 5239 2921 5309 ῆτῇ
2958 5241 3172 5294 συνέσει
3213 5257 3330 5303 σου,
3368 5233 3401 5310 ἢ
3443 5241 3508 5309 τῇ
3543 5238 3804 5310 (etiam;

2216 5350 2332 5397 σου,
2378 5332 2411 5403 ἦ
2447 5335 2513 5401 τῇ
2539 5331 2674 5402 ἄλλῃ
2714 5331 2970 5405 βοωμὲνῃ
3001 5333 3111 5386 τῶν
3145 5332 3364 5401 τρόπων
3389 5347 3483 5386 σου
3516 5331 3803 5387 καταστά-

2216 5443 2337 5492 σει;
2371 5425 2560 5478 Ταῦτα
2591 5426 2694 5479 οὐκ
2724 5425 3125 5495 ἀνατρέποντες
3167 5423 3400 5492 λέγομεν
3450 5423 3511 5477 τὸ
3545 5424 3638 5477 σὸν
3665 5426 3790 5492 πρό-

2211 5519 2421 5587 δλημα,
2463 5517 2655 5571 τέκνον
2711 5515 2890 5587 ἡμῶν,
2949 5515 3066 5569 ἀλλ’
3126 5515 3646 5587 ὑπομιμνήσκοντες
3703 5516 3802 5569 καὶ

2212 5609 2448 5671 διδόντες
2481 5607 2738 5678 ἀφορμὴν
2765 5607 3017 5674 φρονίμῳ
3039 5605 3177 5659 Θεοῦ
3217 5606 3406 5676 χάριτι
3433 5605 3574 5672 ὄντι,
3603 5621 3799 5676 φρονιδ

2217 5700 2450 5770 μοιτέρῳ
2473 5699 2752 5767 γενέσθαι.
2780 5696 3052 5768 Βούλομαι
3079 5714 3162 5764 σε,
3199 5699 3282 5754 υίέ
3315 5716 3419 5769 μου
3443 5699 3707 5768 ἡγαπημί
3725 5714 3797 5758 ,8,

2216 5797 2308 5848 καὶ
2353 5793 2432 5847 ἔτι
2462 5793 2540 5864 τῷ
2590 5792 2734 5863 λόγῳ
2779 5796 3146 5863 προσαγαγεῖν
3192 5794 3442 5858 σεαυτὸν,
3473 5795 3565 5846 καὶ
3605 5791 3800 5857 ὥσπερ
