  <div class='ocr_page' id='page_1' title='image "/cluster/home/n/w/nwhite01/storage/ocr_20150623/111/coo.31924054870153/077.png"; bbox 0 0 4178 6410; ppageno 0'>
   <div class='ocr_carea' id='block_1_1' title="bbox 536 329 645 397">
    <p class='ocr_par' dir='ltr' id='par_1_1' title="bbox 536 329 645 397">
     <span class='ocr_line' id='line_1_1' title="bbox 536 329 645 397; baseline 0.064 -7"><span class='ocrx_word' id='word_1_1' title='bbox 536 329 645 397; x_wconf 69' lang='lat'><strong>135</strong></span> 
     </span>
    </p>
   </div>
   <div class='ocr_carea' id='block_1_2' title="bbox 1662 332 2681 395">
    <p class='ocr_par' dir='ltr' id='par_1_2' title="bbox 1662 332 2681 395">
     <span class='ocr_line' id='line_1_2' title="bbox 1662 332 2681 395; baseline 0 -2"><span class='ocrx_word' id='word_1_2' title='bbox 1662 333 1975 395; x_wconf 82' lang='lat' dir='ltr'><strong>NICULAI</strong></span> <span class='ocrx_word' id='word_1_3' title='bbox 2019 333 2129 393; x_wconf 73' lang='grc' dir='ltr'><strong>(ΣΡ.</strong></span> <span class='ocrx_word' id='word_1_4' title='bbox 2170 332 2681 394; x_wconf 69' lang='grc' dir='ltr'><strong>ΡΑΤΒΙΑΠΕιῙιΕ</strong></span> 
     </span>
    </p>
   </div>
   <div class='ocr_carea' id='block_1_3' title="bbox 3692 288 3811 400">
    <p class='ocr_par' dir='ltr' id='par_1_3' title="bbox 3692 288 3811 400">
     <span class='ocr_line' id='line_1_3' title="bbox 3692 288 3811 400; baseline 0.017 -2"><span class='ocrx_word' id='word_1_5' title='bbox 3692 288 3811 400; x_wconf 61' lang='grc' dir='ltr'>ιλιι</span> 
     </span>
    </p>
   </div>
   <div class='ocr_carea' id='block_1_4' title="bbox 534 446 2110 522">
    <p class='ocr_par' dir='ltr' id='par_1_4' title="bbox 534 448 2110 521">
     <span class='ocr_line' id='line_1_4' title="bbox 534 448 2110 521; baseline -0.002 -16"><span class='ocrx_word' id='word_1_6' title='bbox 534 450 846 505; x_wconf 79' lang='lat' dir='ltr'><strong>inferiorem</strong></span> <span class='ocrx_word' id='word_1_7' title='bbox 887 459 939 504; x_wconf 86' lang='lat' dir='ltr'><strong>te</strong></span> <span class='ocrx_word' id='word_1_8' title='bbox 991 449 1280 520; x_wconf 64' lang='lat' dir='ltr'><strong>praebere;</strong></span> <span class='ocrx_word' id='word_1_9' title='bbox 1324 449 1468 521; x_wconf 87' lang='lat' dir='ltr'><strong>apud</strong></span> <span class='ocrx_word' id='word_1_10' title='bbox 1500 448 1651 503; x_wconf 87' lang='lat' dir='ltr'><strong>illum</strong></span> <span class='ocrx_word' id='word_1_11' title='bbox 1706 450 1977 519; x_wconf 86' lang='lat' dir='ltr'><strong>siquidem</strong></span> <span class='ocrx_word' id='word_1_12' title='bbox 2008 464 2110 502; x_wconf 92' lang='lat' dir='ltr'><strong>non</strong></span> 
     </span>
    </p>
   </div>
   <div class='ocr_carea' id='block_1_5' title="bbox 2214 446 3798 522">
    <p class='ocr_par' dir='ltr' id='par_1_5' title="bbox 2220 446 3798 522">
     <span class='ocr_line' id='line_1_5' title="bbox 2220 446 3798 522; baseline 0.004 -23"><span class='ocrx_word' id='word_1_13' title='bbox 2220 450 2741 519; x_wconf 71' lang='grc' dir='ltr'>παραστησάμενος,</span> <span class='ocrx_word' id='word_1_14' title='bbox 2786 448 3049 521; x_wconf 74' lang='grc' dir='ltr'>ἐννοήσῃς</span> <span class='ocrx_word' id='word_1_15' title='bbox 3084 448 3130 501; x_wconf 81' lang='grc' dir='ltr'><strong>εί</strong></span> <span class='ocrx_word' id='word_1_16' title='bbox 3164 446 3374 518; x_wconf 71' lang='grc' dir='ltr'>πρέπον</span> <span class='ocrx_word' id='word_1_17' title='bbox 3418 453 3484 521; x_wconf 71' lang='grc' dir='ltr'>τῇ</span> <span class='ocrx_word' id='word_1_18' title='bbox 3524 453 3590 522; x_wconf 71' lang='grc' dir='ltr'>σῇ</span> <span class='ocrx_word' id='word_1_19' title='bbox 3624 470 3798 522; x_wconf 76' lang='grc' dir='ltr'>μεγα-</span> 
     </span>
    </p>
   </div>
   <div class='ocr_carea' id='block_1_6' title="bbox 537 541 2113 613">
    <p class='ocr_par' dir='ltr' id='par_1_6' title="bbox 537 541 2113 613">
     <span class='ocr_line' id='line_1_6' title="bbox 537 541 2113 613; baseline -0.003 -16"><span class='ocrx_word' id='word_1_20' title='bbox 537 544 635 597; x_wconf 86' lang='lat' dir='ltr'><strong>fuit</strong></span> <span class='ocrx_word' id='word_1_21' title='bbox 666 557 804 612; x_wconf 88' lang='lat' dir='ltr'><strong>opus</strong></span> <span class='ocrx_word' id='word_1_22' title='bbox 835 542 1074 596; x_wconf 88' lang='lat' dir='ltr'><strong>secunda</strong></span> <span class='ocrx_word' id='word_1_23' title='bbox 1117 544 1409 613; x_wconf 77' lang='lat' dir='ltr'><strong>legati0ne,</strong></span> <span class='ocrx_word' id='word_1_24' title='bbox 1465 542 1559 597; x_wconf 85' lang='lat' dir='ltr'><strong>sed</strong></span> <span class='ocrx_word' id='word_1_25' title='bbox 1598 541 1781 595; x_wconf 84' lang='lat' dir='ltr'><strong>statim</strong></span> <span class='ocrx_word' id='word_1_26' title='bbox 1816 542 2113 610; x_wconf 86' lang='lat' dir='ltr'><strong>alloqueuti</strong></span> 
     </span>
    </p>
   </div>
   <div class='ocr_carea' id='block_1_7' title="bbox 542 632 2114 703">
    <p class='ocr_par' dir='ltr' id='par_1_7' title="bbox 542 632 2114 703">
     <span class='ocr_line' id='line_1_7' title="bbox 542 632 2114 703; baseline -0.003 -15"><span class='ocrx_word' id='word_1_27' title='bbox 542 635 956 703; x_wconf 82' lang='lat' dir='ltr'><strong>archiepiscopo</strong></span> <span class='ocrx_word' id='word_1_28' title='bbox 986 632 1280 688; x_wconf 88' lang='lat' dir='ltr'><strong>obsecutus</strong></span> <span class='ocrx_word' id='word_1_29' title='bbox 1309 643 1411 698; x_wconf 90' lang='lat' dir='ltr'><strong>est,</strong></span> <span class='ocrx_word' id='word_1_30' title='bbox 1444 648 1596 686; x_wconf 85' lang='lat' dir='ltr'><strong>arma</strong></span> <span class='ocrx_word' id='word_1_31' title='bbox 1625 634 1872 702; x_wconf 86' lang='lat' dir='ltr'><strong>projecit,</strong></span> <span class='ocrx_word' id='word_1_32' title='bbox 1912 632 2114 684; x_wconf 86' lang='lat' dir='ltr'><strong>bellum</strong></span> 
     </span>
    </p>
   </div>
   <div class='ocr_carea' id='block_1_8' title="bbox 534 720 2118 790">
    <p class='ocr_par' dir='ltr' id='par_1_8' title="bbox 534 720 2118 790">
     <span class='ocr_line' id='line_1_8' title="bbox 534 720 2118 790; baseline 0.001 -18"><span class='ocrx_word' id='word_1_33' title='bbox 534 721 739 786; x_wconf 88' lang='lat' dir='ltr'><strong>omisit,</strong></span> <span class='ocrx_word' id='word_1_34' title='bbox 775 736 878 773; x_wconf 93' lang='lat' dir='ltr'><strong>non</strong></span> <span class='ocrx_word' id='word_1_35' title='bbox 911 729 1107 789; x_wconf 88' lang='lat' dir='ltr'><strong>putans</strong></span> <span class='ocrx_word' id='word_1_36' title='bbox 1145 723 1391 790; x_wconf 86' lang='lat' dir='ltr'><strong>seipsum</strong></span> <span class='ocrx_word' id='word_1_37' title='bbox 1437 720 1632 775; x_wconf 87' lang='lat' dir='ltr'><strong>decere</strong></span> <span class='ocrx_word' id='word_1_38' title='bbox 1687 722 1779 775; x_wconf 65' lang='lat' dir='ltr'><strong>irae</strong></span> <span class='ocrx_word' id='word_1_39' title='bbox 1835 720 2118 789; x_wconf 81' lang='lat' dir='ltr'><strong>indulgere</strong></span> 
     </span>
    </p>
   </div>
   <div class='ocr_carea' id='block_1_9' title="bbox 534 811 2117 883">
    <p class='ocr_par' dir='ltr' id='par_1_9' title="bbox 534 811 2117 883">
     <span class='ocr_line' id='line_1_9' title="bbox 534 811 2117 883; baseline 0 -18"><span class='ocrx_word' id='word_1_40' title='bbox 534 822 630 866; x_wconf 85' lang='lat' dir='ltr'><strong>aut</strong></span> <span class='ocrx_word' id='word_1_41' title='bbox 666 813 860 866; x_wconf 72' lang='lat' dir='ltr'><strong>bellua:</strong></span> <span class='ocrx_word' id='word_1_42' title='bbox 894 811 1067 865; x_wconf 87' lang='lat' dir='ltr'><strong>instar</strong></span> <span class='ocrx_word' id='word_1_43' title='bbox 1100 813 1319 882; x_wconf 87' lang='lat' dir='ltr'><strong>proprio</strong></span> <span class='ocrx_word' id='word_1_44' title='bbox 1349 812 1522 881; x_wconf 78' lang='lat' dir='ltr'><strong>abripi</strong></span> <span class='ocrx_word' id='word_1_45' title='bbox 1559 813 1783 882; x_wconf 91' lang='lat' dir='ltr'><strong>impetu,</strong></span> <span class='ocrx_word' id='word_1_46' title='bbox 1816 815 1907 866; x_wconf 83' lang='lat' dir='ltr'><strong>sed</strong></span> <span class='ocrx_word' id='word_1_47' title='bbox 1940 815 2117 883; x_wconf 84' lang='lat' dir='ltr'><strong>potius</strong></span> 
     </span>
    </p>
   </div>
   <div class='ocr_carea' id='block_1_10' title="bbox 537 902 2115 974">
    <p class='ocr_par' dir='ltr' id='par_1_10' title="bbox 537 902 2115 974">
     <span class='ocr_line' id='line_1_10' title="bbox 537 902 2115 974; baseline 0.001 -19"><span class='ocrx_word' id='word_1_48' title='bbox 537 903 903 974; x_wconf 85' lang='lat' dir='ltr'><strong>perniciosum</strong></span> <span class='ocrx_word' id='word_1_49' title='bbox 932 904 1207 967; x_wconf 86' lang='lat' dir='ltr'><strong>ardorem,</strong></span> <span class='ocrx_word' id='word_1_50' title='bbox 1245 903 1402 972; x_wconf 83' lang='lat' dir='ltr'><strong>quasi</strong></span> <span class='ocrx_word' id='word_1_51' title='bbox 1464 902 1657 968; x_wconf 89' lang='lat' dir='ltr'><strong>freno,</strong></span> <span class='ocrx_word' id='word_1_52' title='bbox 1717 904 2115 972; x_wconf 80' lang='lat' dir='ltr'><strong>archiepiscopi</strong></span> 
     </span>
    </p>
   </div>
   <div class='ocr_carea' id='block_1_11' title="bbox 460 997 2118 1067">
    <p class='ocr_par' dir='ltr' id='par_1_11' title="bbox 460 997 2118 1067">
     <span class='ocr_line' id='line_1_11' title="bbox 460 997 2118 1067; baseline 0.001 -17"><span class='ocrx_word' id='word_1_53' title='bbox 460 1050 467 1055; x_wconf 83' lang='grc'><strong>,</strong></span> <span class='ocrx_word' id='word_1_54' title='bbox 534 997 880 1050; x_wconf 85' lang='lat' dir='ltr'><strong>sernmnibns</strong></span> <span class='ocrx_word' id='word_1_55' title='bbox 906 997 1271 1067; x_wconf 89' lang='lat' dir='ltr'><strong>compressit;</strong></span> <span class='ocrx_word' id='word_1_56' title='bbox 1332 1012 1433 1051; x_wconf 91' lang='lat' dir='ltr'><strong>nos</strong></span> <span class='ocrx_word' id='word_1_57' title='bbox 1468 1012 1599 1051; x_wconf 80' lang='lat' dir='ltr'><strong>vero</strong></span> <span class='ocrx_word' id='word_1_58' title='bbox 1659 1009 1710 1052; x_wconf 88' lang='lat' dir='ltr'><strong>te</strong></span> <span class='ocrx_word' id='word_1_59' title='bbox 1762 998 1986 1060; x_wconf 88' lang='lat' dir='ltr'><strong>adituri,</strong></span> <span class='ocrx_word' id='word_1_60' title='bbox 2039 1006 2118 1051; x_wconf 85' lang='lat' dir='ltr'><strong>tot</strong></span> 
     </span>
    </p>
   </div>
   <div class='ocr_carea' id='block_1_12' title="bbox 529 1086 2113 1158">
    <p class='ocr_par' dir='ltr' id='par_1_12' title="bbox 529 1086 2113 1158">
     <span class='ocr_line' id='line_1_12' title="bbox 529 1086 2113 1158; baseline 0.001 -19"><span class='ocrx_word' id='word_1_61' title='bbox 529 1086 643 1156; x_wconf 88' lang='lat' dir='ltr'><strong>jam</strong></span> <span class='ocrx_word' id='word_1_62' title='bbox 682 1088 931 1155; x_wconf 78' lang='lat' dir='ltr'><strong>precibus</strong></span> <span class='ocrx_word' id='word_1_63' title='bbox 960 1088 1283 1157; x_wconf 72' lang='lat' dir='ltr'><strong>przemissis,</strong></span> <span class='ocrx_word' id='word_1_64' title='bbox 1310 1088 1776 1143; x_wconf 76' lang='lat' dir='ltr'><strong>denuntiationem</strong></span> <span class='ocrx_word' id='word_1_65' title='bbox 1801 1088 2113 1158; x_wconf 89' lang='lat' dir='ltr'><strong>accepimus</strong></span> 
     </span>
    </p>
   </div>
   <div class='ocr_carea' id='block_1_13' title="bbox 536 1177 2113 1247">
    <p class='ocr_par' dir='ltr' id='par_1_13' title="bbox 536 1177 2113 1247">
     <span class='ocr_line' id='line_1_13' title="bbox 536 1177 2113 1247; baseline -0.001 -15"><span class='ocrx_word' id='word_1_66' title='bbox 536 1192 643 1232; x_wconf 91' lang='lat' dir='ltr'><strong>non</strong></span> <span class='ocrx_word' id='word_1_67' title='bbox 679 1178 914 1246; x_wconf 85' lang='lat' dir='ltr'><strong>amplius</strong></span> <span class='ocrx_word' id='word_1_68' title='bbox 945 1178 1239 1247; x_wconf 77' lang='lat' dir='ltr'><strong>quidquam</strong></span> <span class='ocrx_word' id='word_1_69' title='bbox 1277 1177 1570 1246; x_wconf 90' lang='lat' dir='ltr'><strong>adepturos</strong></span> <span class='ocrx_word' id='word_1_70' title='bbox 1602 1188 1896 1247; x_wconf 65' lang='lat' dir='ltr'><strong>praesentes</strong></span> <span class='ocrx_word' id='word_1_71' title='bbox 1952 1194 2113 1247; x_wconf 88' lang='lat' dir='ltr'><strong>quam</strong></span> 
     </span>
    </p>
   </div>
   <div class='ocr_carea' id='block_1_14' title="bbox 535 1269 2111 1339">
    <p class='ocr_par' dir='ltr' id='par_1_14' title="bbox 535 1269 2111 1339">
     <span class='ocr_line' id='line_1_14' title="bbox 535 1269 2111 1339; baseline 0 -16"><span class='ocrx_word' id='word_1_72' title='bbox 535 1285 657 1323; x_wconf 87' lang='lat' dir='ltr'><strong>cum</strong></span> <span class='ocrx_word' id='word_1_73' title='bbox 717 1285 747 1323; x_wconf 91' lang='lat' dir='ltr'><strong>e</strong></span> <span class='ocrx_word' id='word_1_74' title='bbox 780 1269 1076 1339; x_wconf 78' lang='lat' dir='ltr'><strong>longinquo</strong></span> <span class='ocrx_word' id='word_1_75' title='bbox 1106 1282 1481 1338; x_wconf 76' lang='lat' dir='ltr'><strong>&#39;precaremur</strong></span> <span class='ocrx_word' id='word_1_76' title='bbox 1513 1286 1527 1322; x_wconf 93' lang='lat'><strong>:</strong></span> <span class='ocrx_word' id='word_1_77' title='bbox 1561 1271 1689 1338; x_wconf 89' lang='lat' dir='ltr'><strong>quid</strong></span> <span class='ocrx_word' id='word_1_78' title='bbox 1722 1270 1883 1331; x_wconf 88' lang='lat' dir='ltr'><strong>dicis,</strong></span> <span class='ocrx_word' id='word_1_79' title='bbox 1913 1269 1987 1323; x_wconf 91' lang='lat' dir='ltr'><strong>lili</strong></span> <span class='ocrx_word' id='word_1_80' title='bbox 2042 1272 2111 1324; x_wconf 91' lang='lat' dir='ltr'><strong>mi</strong></span> 
     </span>
    </p>
   </div>
   <div class='ocr_carea' id='block_1_15' title="bbox 534 1362 2111 1435">
    <p class='ocr_par' dir='ltr' id='par_1_15' title="bbox 534 1362 2111 1435">
     <span class='ocr_line' id='line_1_15' title="bbox 534 1362 2111 1435; baseline -0.001 -20"><span class='ocrx_word' id='word_1_81' title='bbox 534 1362 978 1424; x_wconf 89' lang='lat' dir='ltr'><strong>honoratissime,</strong></span> <span class='ocrx_word' id='word_1_82' title='bbox 1018 1364 1299 1418; x_wconf 85' lang='lat' dir='ltr'><strong>hominum</strong></span> <span class='ocrx_word' id='word_1_83' title='bbox 1336 1363 1697 1419; x_wconf 89' lang='lat' dir='ltr'><strong>acutissime?</strong></span> <span class='ocrx_word' id='word_1_84' title='bbox 1731 1363 1829 1429; x_wconf 86' lang='lat' dir='ltr'><strong>Qui</strong></span> <span class='ocrx_word' id='word_1_85' title='bbox 1863 1364 2111 1435; x_wconf 81' lang='lat' dir='ltr'><strong>gloriam,</strong></span> 
     </span>
    </p>
   </div>
   <div class='ocr_carea' id='block_1_16' title="bbox 537 1454 2116 1523">
    <p class='ocr_par' dir='ltr' id='par_1_16' title="bbox 537 1454 2116 1523">
     <span class='ocr_line' id='line_1_16' title="bbox 537 1454 2116 1523; baseline 0.001 -20"><span class='ocrx_word' id='word_1_86' title='bbox 537 1464 707 1522; x_wconf 85' lang='lat' dir='ltr'><strong>utque</strong></span> <span class='ocrx_word' id='word_1_87' title='bbox 750 1455 1004 1519; x_wconf 82' lang='lat' dir='ltr'><strong>maxime,</strong></span> <span class='ocrx_word' id='word_1_88' title='bbox 1035 1456 1266 1523; x_wconf 89' lang='lat' dir='ltr'><strong>appetis,</strong></span> <span class='ocrx_word' id='word_1_89' title='bbox 1312 1455 1527 1509; x_wconf 89' lang='lat' dir='ltr'><strong>feresne</strong></span> <span class='ocrx_word' id='word_1_90' title='bbox 1582 1472 1611 1508; x_wconf 91' lang='lat' dir='ltr'><strong>a</strong></span> <span class='ocrx_word' id='word_1_91' title='bbox 1646 1456 1819 1510; x_wconf 84' lang='lat' dir='ltr'><strong>Gaina</strong></span> <span class='ocrx_word' id='word_1_92' title='bbox 1864 1454 2116 1508; x_wconf 81' lang='lat' dir='ltr'><strong>modera-</strong></span> 
     </span>
    </p>
   </div>
   <div class='ocr_carea' id='block_1_17' title="bbox 536 1543 2116 1617">
    <p class='ocr_par' dir='ltr' id='par_1_17' title="bbox 536 1543 2116 1617">
     <span class='ocr_line' id='line_1_17' title="bbox 536 1543 2116 1617; baseline -0.001 -22"><span class='ocrx_word' id='word_1_93' title='bbox 536 1543 678 1597; x_wconf 86' lang='lat' dir='ltr'><strong>tione</strong></span> <span class='ocrx_word' id='word_1_94' title='bbox 703 1556 756 1598; x_wconf 82' lang='lat' dir='ltr'><strong>et</strong></span> <span class='ocrx_word' id='word_1_95' title='bbox 786 1548 1205 1600; x_wconf 87' lang='lat' dir='ltr'><strong>mansuetudine</strong></span> <span class='ocrx_word' id='word_1_96' title='bbox 1254 1548 1549 1617; x_wconf 87' lang='lat' dir='ltr'><strong>superari?</strong></span> <span class='ocrx_word' id='word_1_97' title='bbox 1602 1548 1900 1616; x_wconf 83' lang='lat' dir='ltr'><strong>patierisne</strong></span> <span class='ocrx_word' id='word_1_98' title='bbox 1936 1561 2002 1601; x_wconf 91' lang='lat' dir='ltr'><strong>eo</strong></span> <span class='ocrx_word' id='word_1_99' title='bbox 2031 1546 2116 1597; x_wconf 62' lang='lat' dir='ltr'><strong>illa</strong></span> 
     </span>
    </p>
   </div>
   <div class='ocr_carea' id='block_1_18' title="bbox 536 1635 2113 1708">
    <p class='ocr_par' dir='ltr' id='par_1_18' title="bbox 536 1635 2113 1708">
     <span class='ocr_line' id='line_1_18' title="bbox 536 1635 2113 1708; baseline 0 -18"><span class='ocrx_word' id='word_1_100' title='bbox 536 1635 791 1691; x_wconf 88' lang='lat' dir='ltr'><strong>feriorem</strong></span> <span class='ocrx_word' id='word_1_101' title='bbox 819 1653 941 1692; x_wconf 86' lang='lat' dir='ltr'><strong>esse</strong></span> <span class='ocrx_word' id='word_1_102' title='bbox 967 1638 1263 1692; x_wconf 86' lang='lat' dir='ltr'><strong>convinci?</strong></span> <span class='ocrx_word' id='word_1_103' title='bbox 1293 1637 1403 1708; x_wconf 81' lang='lat' dir='ltr'><strong>Ego</strong></span> <span class='ocrx_word' id='word_1_104' title='bbox 1434 1655 1531 1708; x_wconf 91' lang='lat' dir='ltr'><strong>pro</strong></span> <span class='ocrx_word' id='word_1_105' title='bbox 1566 1649 1616 1692; x_wconf 86' lang='lat' dir='ltr'><strong>te</strong></span> <span class='ocrx_word' id='word_1_106' title='bbox 1652 1640 1918 1692; x_wconf 88' lang='lat' dir='ltr'><strong>erubesco</strong></span> <span class='ocrx_word' id='word_1_107' title='bbox 1951 1647 2113 1706; x_wconf 85' lang='lat' dir='ltr'><strong>atque</strong></span> 
     </span>
    </p>
   </div>
   <div class='ocr_carea' id='block_1_19' title="bbox 533 1729 2112 1800">
    <p class='ocr_par' dir='ltr' id='par_1_19' title="bbox 533 1729 2112 1800">
     <span class='ocr_line' id='line_1_19' title="bbox 533 1729 2112 1800; baseline -0.003 -15"><span class='ocrx_word' id='word_1_108' title='bbox 533 1730 874 1796; x_wconf 87' lang='lat' dir='ltr'><strong>confundor;</strong></span> <span class='ocrx_word' id='word_1_109' title='bbox 906 1746 1087 1784; x_wconf 89' lang='lat' dir='ltr'><strong>nonne</strong></span> <span class='ocrx_word' id='word_1_110' title='bbox 1118 1733 1343 1800; x_wconf 88' lang='lat' dir='ltr'><strong>insuper</strong></span> <span class='ocrx_word' id='word_1_111' title='bbox 1377 1730 1654 1784; x_wconf 89' lang='lat' dir='ltr'><strong>hominum</strong></span> <span class='ocrx_word' id='word_1_112' title='bbox 1688 1729 2112 1798; x_wconf 73' lang='lat' dir='ltr'><strong>vituperationes</strong></span> 
     </span>
    </p>
   </div>
   <div class='ocr_carea' id='block_1_20' title="bbox 2220 538 3800 618">
    <p class='ocr_par' dir='ltr' id='par_1_20' title="bbox 2220 538 3800 618">
     <span class='ocr_line' id='line_1_20' title="bbox 2220 538 3800 618; baseline 0.005 -28"><span class='ocrx_word' id='word_1_113' title='bbox 2220 538 2422 608; x_wconf 77' lang='grc' dir='ltr'>λοδόξῳ</span> <span class='ocrx_word' id='word_1_114' title='bbox 2457 541 2630 608; x_wconf 84' lang='grc' dir='ltr'>ἀρετῇ</span> <span class='ocrx_word' id='word_1_115' title='bbox 2674 538 2885 591; x_wconf 78' lang='grc' dir='ltr'>ἐκείνου</span> <span class='ocrx_word' id='word_1_116' title='bbox 2917 539 3149 607; x_wconf 79' lang='grc' dir='ltr'>ὀφθῆναι</span> <span class='ocrx_word' id='word_1_117' title='bbox 3187 540 3512 608; x_wconf 87' lang='grc' dir='ltr'>λειπόμενον</span> <span class='ocrx_word' id='word_1_118' title='bbox 3530 542 3588 593; x_wconf 82' lang='grc' dir='ltr'>ὲν</span> <span class='ocrx_word' id='word_1_119' title='bbox 3620 544 3800 618; x_wconf 73' lang='grc' dir='ltr'>ταύτῃ</span> 
     </span>
    </p>
   </div>
   <div class='ocr_carea' id='block_1_21' title="bbox 2217 630 3797 711">
    <p class='ocr_par' dir='ltr' id='par_1_21' title="bbox 2217 630 3797 711">
     <span class='ocr_line' id='line_1_21' title="bbox 2217 630 3797 711; baseline 0.003 -28"><span class='ocrx_word' id='word_1_120' title='bbox 2217 635 2282 702; x_wconf 79' lang='grc' dir='ltr'>τῇ</span> <span class='ocrx_word' id='word_1_121' title='bbox 2312 631 2591 685; x_wconf 85' lang='grc' dir='ltr'>ὑποθέσει.</span> <span class='ocrx_word' id='word_1_122' title='bbox 2639 631 2699 685; x_wconf 87' lang='lat'><strong>&#39;0</strong></span> <span class='ocrx_word' id='word_1_123' title='bbox 2770 632 2873 703; x_wconf 75' lang='grc' dir='ltr'>μὲν.</span> <span class='ocrx_word' id='word_1_124' title='bbox 2926 631 3034 701; x_wconf 74' lang='grc' dir='ltr'><strong>γάρ</strong></span> <span class='ocrx_word' id='word_1_125' title='bbox 3090 631 3193 684; x_wconf 80' lang='grc' dir='ltr'>οὐκ</span> <span class='ocrx_word' id='word_1_126' title='bbox 3240 630 3797 711; x_wconf 56' lang='grc' dir='ltr'>ὲδεήθτδπρεσδείας</span> 
     </span>
    </p>
   </div>
   <div class='ocr_carea' id='block_1_22' title="bbox 2216 722 3801 797">
    <p class='ocr_par' dir='ltr' id='par_1_22' title="bbox 2216 722 3801 797">
     <span class='ocr_line' id='line_1_22' title="bbox 2216 722 3801 797; baseline 0.003 -21"><span class='ocrx_word' id='word_1_127' title='bbox 2216 724 2500 794; x_wconf 80' lang='grc' dir='ltr'><strong>δευτέρας,</strong></span> <span class='ocrx_word' id='word_1_128' title='bbox 2532 723 2647 776; x_wconf 82' lang='grc' dir='ltr'>ἀλλ’</span> <span class='ocrx_word' id='word_1_129' title='bbox 2680 723 2827 789; x_wconf 77' lang='grc' dir='ltr'>ἅπαξ</span> <span class='ocrx_word' id='word_1_130' title='bbox 2865 722 3025 792; x_wconf 82' lang='grc' dir='ltr'>μόνον</span> <span class='ocrx_word' id='word_1_131' title='bbox 3065 722 3692 797; x_wconf 36' lang='grc' dir='ltr'>προσελθόντιοὲπείσθη</span> <span class='ocrx_word' id='word_1_132' title='bbox 3722 726 3801 795; x_wconf 84' lang='grc' dir='ltr'>τῷ</span> 
     </span>
    </p>
   </div>
   <div class='ocr_carea' id='block_1_23' title="bbox 2217 814 3801 887">
    <p class='ocr_par' dir='ltr' id='par_1_23' title="bbox 2217 814 3801 887">
     <span class='ocr_line' id='line_1_23' title="bbox 2217 814 3801 887; baseline 0.003 -21"><span class='ocrx_word' id='word_1_133' title='bbox 2217 817 2488 885; x_wconf 81' lang='grc' dir='ltr'>ἀρχιερεῖ,</span> <span class='ocrx_word' id='word_1_134' title='bbox 2547 816 2645 869; x_wconf 58' lang='grc' dir='ltr'><strong>καλ⁵</strong></span> <span class='ocrx_word' id='word_1_135' title='bbox 2700 816 2771 867; x_wconf 84' lang='grc' dir='ltr'><strong>τά</strong></span> <span class='ocrx_word' id='word_1_136' title='bbox 2825 814 2966 867; x_wconf 80' lang='grc' dir='ltr'>ὅπλα</span> <span class='ocrx_word' id='word_1_137' title='bbox 2994 814 3201 883; x_wconf 82' lang='grc' dir='ltr'>ῥίπτει,</span> <span class='ocrx_word' id='word_1_138' title='bbox 3231 815 3327 868; x_wconf 67' lang='grc' dir='ltr'><strong>καὶ</strong></span> <span class='ocrx_word' id='word_1_139' title='bbox 3358 817 3483 877; x_wconf 75' lang='grc' dir='ltr'>τοὺς</span> <span class='ocrx_word' id='word_1_140' title='bbox 3528 816 3801 887; x_wconf 75' lang='grc' dir='ltr'><strong>πολέμους</strong></span> 
     </span>
    </p>
   </div>
   <div class='ocr_carea' id='block_1_24' title="bbox 2217 906 3803 980">
    <p class='ocr_par' dir='ltr' id='par_1_24' title="bbox 2217 906 3803 980">
     <span class='ocr_line' id='line_1_24' title="bbox 2217 906 3803 980; baseline 0.004 -23"><span class='ocrx_word' id='word_1_141' title='bbox 2217 907 2407 969; x_wconf 81' lang='grc' dir='ltr'><strong>παύει,</strong></span> <span class='ocrx_word' id='word_1_142' title='bbox 2440 906 2540 975; x_wconf 84' lang='grc' dir='ltr'>οὐχ</span> <span class='ocrx_word' id='word_1_143' title='bbox 2564 908 2919 976; x_wconf 81' lang='grc' dir='ltr'>ἡγησάμενος</span> <span class='ocrx_word' id='word_1_144' title='bbox 2959 908 3170 976; x_wconf 83' lang='grc' dir='ltr'>πρέπον</span> <span class='ocrx_word' id='word_1_145' title='bbox 3194 907 3340 979; x_wconf 84' lang='grc' dir='ltr'><strong>αὑτῷ</strong></span> <span class='ocrx_word' id='word_1_146' title='bbox 3367 909 3689 979; x_wconf 75' lang='grc' dir='ltr'>χαρίζεσθαι</span> <span class='ocrx_word' id='word_1_147' title='bbox 3722 911 3803 980; x_wconf 85' lang='grc' dir='ltr'>τῷ</span> 
     </span>
    </p>
   </div>
   <div class='ocr_carea' id='block_1_25' title="bbox 2228 997 3804 1071">
    <p class='ocr_par' dir='ltr' id='par_1_25' title="bbox 2228 997 3804 1071">
     <span class='ocr_line' id='line_1_25' title="bbox 2228 997 3804 1071; baseline 0.002 -21"><span class='ocrx_word' id='word_1_148' title='bbox 2228 998 2405 1066; x_wconf 71' lang='grc' dir='ltr'>θυμῷ,</span> <span class='ocrx_word' id='word_1_149' title='bbox 2464 998 2574 1050; x_wconf 80' lang='grc' dir='ltr'>οὐδ’</span> <span class='ocrx_word' id='word_1_150' title='bbox 2631 997 2820 1068; x_wconf 79' lang='grc' dir='ltr'>ὥσπερ</span> <span class='ocrx_word' id='word_1_151' title='bbox 2876 998 3067 1071; x_wconf 72' lang='grc' dir='ltr'>θηρίον</span> <span class='ocrx_word' id='word_1_152' title='bbox 3117 1000 3281 1066; x_wconf 78' lang='grc' dir='ltr'>μόνον</span> <span class='ocrx_word' id='word_1_153' title='bbox 3336 1001 3662 1069; x_wconf 73' lang='grc' dir='ltr'>ᾲντέχεσθαι</span> <span class='ocrx_word' id='word_1_154' title='bbox 3700 1001 3804 1068; x_wconf 76' lang='grc' dir='ltr'>τῆς</span> 
     </span>
    </p>
   </div>
   <div class='ocr_carea' id='block_1_26' title="bbox 2219 1090 3807 1161">
    <p class='ocr_par' dir='ltr' id='par_1_26' title="bbox 2219 1090 3807 1161">
     <span class='ocr_line' id='line_1_26' title="bbox 2219 1090 3807 1161; baseline 0.001 -20"><span class='ocrx_word' id='word_1_155' title='bbox 2219 1090 2355 1153; x_wconf 78' lang='grc' dir='ltr'>ἰδίας</span> <span class='ocrx_word' id='word_1_156' title='bbox 2381 1092 2583 1161; x_wconf 81' lang='grc' dir='ltr'><strong>ὁρμῆς,</strong></span> <span class='ocrx_word' id='word_1_157' title='bbox 2629 1090 2765 1142; x_wconf 83' lang='grc' dir='ltr'>ἀλλὰ</span> <span class='ocrx_word' id='word_1_158' title='bbox 2812 1090 3015 1159; x_wconf 85' lang='grc' dir='ltr'>μᾶλλον</span> <span class='ocrx_word' id='word_1_159' title='bbox 3053 1091 3286 1161; x_wconf 75' lang='grc' dir='ltr'>ἐπέσχεν</span> <span class='ocrx_word' id='word_1_160' title='bbox 3317 1091 3495 1143; x_wconf 79' lang='grc' dir='ltr'>έκεῖνο</span> <span class='ocrx_word' id='word_1_161' title='bbox 3523 1091 3582 1142; x_wconf 87' lang='grc' dir='ltr'>τὸ</span> <span class='ocrx_word' id='word_1_162' title='bbox 3623 1090 3807 1160; x_wconf 74' lang='grc' dir='ltr'>ψυχώο</span> 
     </span>
    </p>
   </div>
   <div class='ocr_carea' id='block_1_27' title="bbox 2216 1180 3803 1257">
    <p class='ocr_par' dir='ltr' id='par_1_27' title="bbox 2216 1180 3803 1257">
     <span class='ocr_line' id='line_1_27' title="bbox 2216 1180 3803 1257; baseline 0.001 -21"><span class='ocrx_word' id='word_1_163' title='bbox 2216 1185 2411 1255; x_wconf 86' lang='grc' dir='ltr'>λεθρον</span> <span class='ocrx_word' id='word_1_164' title='bbox 2434 1186 2663 1255; x_wconf 82' lang='grc' dir='ltr'><strong>ὅρμημα</strong></span> <span class='ocrx_word' id='word_1_165' title='bbox 2698 1180 2810 1239; x_wconf 77' lang='grc' dir='ltr'>οἷόν</span> <span class='ocrx_word' id='word_1_166' title='bbox 2847 1204 2951 1239; x_wconf 91' lang='grc' dir='ltr'>τινι</span> <span class='ocrx_word' id='word_1_167' title='bbox 2993 1187 3198 1257; x_wconf 78' lang='grc' dir='ltr'><strong>χαλινῷ</strong></span> <span class='ocrx_word' id='word_1_168' title='bbox 3235 1189 3348 1250; x_wconf 80' lang='grc' dir='ltr'>τοῖς</span> <span class='ocrx_word' id='word_1_169' title='bbox 3379 1189 3678 1257; x_wconf 71' lang='grc' dir='ltr'><strong>εἰρηνικοῖς</strong></span> <span class='ocrx_word' id='word_1_170' title='bbox 3704 1187 3803 1240; x_wconf 88' lang='grc' dir='ltr'><strong>τοῦ</strong></span> 
     </span>
    </p>
   </div>
   <div class='ocr_carea' id='block_1_28' title="bbox 2215 1276 3805 1347">
    <p class='ocr_par' dir='ltr' id='par_1_28' title="bbox 2215 1276 3805 1347">
     <span class='ocr_line' id='line_1_28' title="bbox 2215 1276 3805 1347; baseline 0.001 -18"><span class='ocrx_word' id='word_1_171' title='bbox 2215 1276 2520 1344; x_wconf 78' lang='grc' dir='ltr'><strong>ἀρχιερέως</strong></span> <span class='ocrx_word' id='word_1_172' title='bbox 2556 1276 2762 1344; x_wconf 88' lang='grc' dir='ltr'>λόγοις·</span> <span class='ocrx_word' id='word_1_173' title='bbox 2841 1278 3004 1347; x_wconf 74' lang='grc' dir='ltr'>ἡμεῖς</span> <span class='ocrx_word' id='word_1_174' title='bbox 3042 1277 3100 1331; x_wconf 81' lang='grc' dir='ltr'>δὲ</span> <span class='ocrx_word' id='word_1_175' title='bbox 3128 1278 3537 1346; x_wconf 78' lang='grc' dir='ltr'><strong>παραγενέσθαι</strong></span> <span class='ocrx_word' id='word_1_176' title='bbox 3567 1278 3706 1346; x_wconf 79' lang='grc' dir='ltr'>πρὸς</span> <span class='ocrx_word' id='word_1_177' title='bbox 3740 1278 3805 1331; x_wconf 73' lang='grc' dir='ltr'>σὶ</span> 
     </span>
    </p>
   </div>
   <div class='ocr_carea' id='block_1_29' title="bbox 2220 1364 3803 1439">
    <p class='ocr_par' dir='ltr' id='par_1_29' title="bbox 2220 1364 3803 1439">
     <span class='ocr_line' id='line_1_29' title="bbox 2220 1364 3803 1439; baseline 0.003 -24"><span class='ocrx_word' id='word_1_178' title='bbox 2220 1364 2509 1431; x_wconf 78' lang='grc' dir='ltr'>μέλλοντες</span> <span class='ocrx_word' id='word_1_179' title='bbox 2573 1368 2713 1433; x_wconf 87' lang='grc' dir='ltr'><strong>μετά</strong></span> <span class='ocrx_word' id='word_1_180' title='bbox 2773 1369 3045 1429; x_wconf 81' lang='grc' dir='ltr'><strong>τοσαύτας</strong></span> <span class='ocrx_word' id='word_1_181' title='bbox 3114 1366 3505 1436; x_wconf 61' lang='grc' dir='ltr'>προλαὸούσαςη</span> <span class='ocrx_word' id='word_1_182' title='bbox 3553 1368 3803 1439; x_wconf 81' lang='grc' dir='ltr'>δεήσεις,</span> 
     </span>
    </p>
   </div>
   <div class='ocr_carea' id='block_1_30' title="bbox 2214 1454 3804 1529">
    <p class='ocr_par' dir='ltr' id='par_1_30' title="bbox 2214 1454 3804 1529">
     <span class='ocr_line' id='line_1_30' title="bbox 2214 1454 3804 1529; baseline 0.002 -21"><span class='ocrx_word' id='word_1_183' title='bbox 2214 1458 2492 1525; x_wconf 81' lang='grc' dir='ltr'>ἀπόφασιν</span> <span class='ocrx_word' id='word_1_184' title='bbox 2544 1454 2846 1525; x_wconf 71' lang='grc' dir='ltr'>ἐδεξάμεθα</span> <span class='ocrx_word' id='word_1_185' title='bbox 2906 1459 3073 1527; x_wconf 83' lang='grc' dir='ltr'>μηδὲν</span> <span class='ocrx_word' id='word_1_186' title='bbox 3108 1459 3267 1510; x_wconf 87' lang='grc' dir='ltr'>πλέον</span> <span class='ocrx_word' id='word_1_187' title='bbox 3302 1458 3445 1524; x_wconf 72' lang='grc' dir='ltr'>ἕξειν</span> <span class='ocrx_word' id='word_1_188' title='bbox 3488 1459 3804 1529; x_wconf 84' lang='grc' dir='ltr'>παραγενό-</span> 
     </span>
    </p>
   </div>
   <div class='ocr_carea' id='block_1_31' title="bbox 2222 1549 3801 1621">
    <p class='ocr_par' dir='ltr' id='par_1_31' title="bbox 2222 1549 3801 1621">
     <span class='ocr_line' id='line_1_31' title="bbox 2222 1549 3801 1621; baseline -0.001 -18"><span class='ocrx_word' id='word_1_189' title='bbox 2222 1568 2403 1620; x_wconf 83' lang='grc' dir='ltr'>μενοι,</span> <span class='ocrx_word' id='word_1_190' title='bbox 2441 1570 2515 1604; x_wconf 91' lang='grc' dir='ltr'><strong>ων</strong></span> <span class='ocrx_word' id='word_1_191' title='bbox 2569 1554 2663 1605; x_wconf 73' lang='grc' dir='ltr'>καὶ</span> <span class='ocrx_word' id='word_1_192' title='bbox 2698 1552 2932 1613; x_wconf 81' lang='grc' dir='ltr'>ἀπόντες</span> <span class='ocrx_word' id='word_1_193' title='bbox 2966 1549 3235 1619; x_wconf 76' lang='grc' dir='ltr'><strong>ὤφθημεν</strong></span> <span class='ocrx_word' id='word_1_194' title='bbox 3266 1550 3569 1621; x_wconf 78' lang='grc' dir='ltr'>δεηθέντες.</span> <span class='ocrx_word' id='word_1_195' title='bbox 3609 1551 3674 1603; x_wconf 90' lang='grc' dir='ltr'>Τί</span> <span class='ocrx_word' id='word_1_196' title='bbox 3709 1550 3801 1601; x_wconf 83' lang='grc' dir='ltr'>λέ-</span> 
     </span>
    </p>
   </div>
   <div class='ocr_carea' id='block_1_32' title="bbox 2215 1640 3797 1713">
    <p class='ocr_par' dir='ltr' id='par_1_32' title="bbox 2215 1640 3797 1713">
     <span class='ocr_line' id='line_1_32' title="bbox 2215 1640 3797 1713; baseline -0.003 -17"><span class='ocrx_word' id='word_1_197' title='bbox 2215 1661 2356 1711; x_wconf 81' lang='grc' dir='ltr'>γεις,</span> <span class='ocrx_word' id='word_1_198' title='bbox 2391 1644 2474 1696; x_wconf 81' lang='grc' dir='ltr'>υἱέ</span> <span class='ocrx_word' id='word_1_199' title='bbox 2524 1661 2625 1713; x_wconf 91' lang='grc' dir='ltr'><strong>μου</strong></span> <span class='ocrx_word' id='word_1_200' title='bbox 2674 1644 3031 1713; x_wconf 84' lang='grc' dir='ltr'>τετιμημένε,</span> <span class='ocrx_word' id='word_1_201' title='bbox 3079 1640 3419 1696; x_wconf 84' lang='grc' dir='ltr'>συνετώτατε</span> <span class='ocrx_word' id='word_1_202' title='bbox 3451 1642 3797 1711; x_wconf 84' lang='grc' dir='ltr'>άνθρὼπων;</span> 
     </span>
    </p>
   </div>
   <div class='ocr_carea' id='block_1_33' title="bbox 2224 1734 3800 1806">
    <p class='ocr_par' dir='ltr' id='par_1_33' title="bbox 2224 1734 3800 1806">
     <span class='ocr_line' id='line_1_33' title="bbox 2224 1734 3800 1806; baseline 0 -19"><span class='ocrx_word' id='word_1_203' title='bbox 2224 1736 2284 1787; x_wconf 84' lang='lat'><strong>&#39;0</strong></span> <span class='ocrx_word' id='word_1_204' title='bbox 2315 1736 2473 1805; x_wconf 78' lang='grc' dir='ltr'>δόξης</span> <span class='ocrx_word' id='word_1_205' title='bbox 2505 1736 2665 1806; x_wconf 75' lang='grc' dir='ltr'>εἴπερ</span> <span class='ocrx_word' id='word_1_206' title='bbox 2688 1752 2774 1797; x_wconf 89' lang='grc' dir='ltr'><strong>τις</strong></span> <span class='ocrx_word' id='word_1_207' title='bbox 2802 1734 2962 1797; x_wconf 80' lang='grc' dir='ltr'>ἄλλος</span> <span class='ocrx_word' id='word_1_208' title='bbox 2988 1734 3173 1803; x_wconf 82' lang='grc' dir='ltr'>ἔφεσιν</span> <span class='ocrx_word' id='word_1_209' title='bbox 3200 1734 3561 1802; x_wconf 70' lang='grc' dir='ltr'>κεκτημένος,</span> <span class='ocrx_word' id='word_1_210' title='bbox 3588 1734 3800 1803; x_wconf 83' lang='grc' dir='ltr'>ὑπομέ-</span> 
     </span>
    </p>
   </div>
   <div class='ocr_carea' id='block_1_34' title="bbox 535 1814 2110 1899">
    <p class='ocr_par' dir='ltr' id='par_1_34' title="bbox 535 1820 2105 1892">
     <span class='ocr_line' id='line_1_34' title="bbox 535 1820 2105 1892; baseline -0.002 -17"><span class='ocrx_word' id='word_1_211' title='bbox 535 1823 1067 1892; x_wconf 81' lang='lat' dir='ltr'><strong>recogitas,quando</strong></span> <span class='ocrx_word' id='word_1_212' title='bbox 1101 1832 1191 1876; x_wconf 90' lang='lat' dir='ltr'><strong>tua</strong></span> <span class='ocrx_word' id='word_1_213' title='bbox 1226 1821 1480 1891; x_wconf 82' lang='lat' dir='ltr'><strong>majestas</strong></span> <span class='ocrx_word' id='word_1_214' title='bbox 1509 1826 1562 1875; x_wconf 92' lang='lat' dir='ltr'><strong>in</strong></span> <span class='ocrx_word' id='word_1_215' title='bbox 1584 1821 1852 1888; x_wconf 84' lang='lat' dir='ltr'><strong>judicium</strong></span> <span class='ocrx_word' id='word_1_216' title='bbox 1878 1820 2105 1883; x_wconf 82' lang='lat' dir='ltr'><strong>venerit,</strong></span> 
     </span>
    </p>
   </div>
   <div class='ocr_carea' id='block_1_35' title="bbox 2214 1814 3798 1899">
    <p class='ocr_par' dir='ltr' id='par_1_35' title="bbox 2218 1825 3798 1899">
     <span class='ocr_line' id='line_1_35' title="bbox 2218 1825 3798 1899; baseline -0.003 -18"><span class='ocrx_word' id='word_1_217' title='bbox 2218 1845 2331 1890; x_wconf 86' lang='grc' dir='ltr'>νεις</span> <span class='ocrx_word' id='word_1_218' title='bbox 2362 1828 2631 1899; x_wconf 80' lang='grc' dir='ltr'>ἡττᾶσθαι</span> <span class='ocrx_word' id='word_1_219' title='bbox 2657 1828 2755 1898; x_wconf 87' lang='grc' dir='ltr'>τῆς</span> <span class='ocrx_word' id='word_1_220' title='bbox 2777 1826 2872 1881; x_wconf 88' lang='grc' dir='ltr'><strong>τοῦ</strong></span> <span class='ocrx_word' id='word_1_221' title='bbox 2921 1828 3091 1880; x_wconf 83' lang='grc' dir='ltr'><strong>Γαῖνᾶ</strong></span> <span class='ocrx_word' id='word_1_222' title='bbox 3128 1827 3435 1888; x_wconf 78' lang='grc' dir='ltr'>ἐπιεικείας</span> <span class='ocrx_word' id='word_1_223' title='bbox 3462 1825 3559 1878; x_wconf 64' lang='grc' dir='ltr'><strong>κα)⁵</strong></span> <span class='ocrx_word' id='word_1_224' title='bbox 3592 1825 3798 1895; x_wconf 75' lang='grc' dir='ltr'>ἡμερό-</span> 
     </span>
    </p>
   </div>
   <div class='ocr_carea' id='block_1_36' title="bbox 529 1911 2110 1991">
    <p class='ocr_par' dir='ltr' id='par_1_36' title="bbox 529 1911 2101 1983">
     <span class='ocr_line' id='line_1_36' title="bbox 529 1911 2101 1983; baseline -0.001 -15"><span class='ocrx_word' id='word_1_225' title='bbox 529 1913 646 1968; x_wconf 80' lang='lat' dir='ltr'><strong>sive</strong></span> <span class='ocrx_word' id='word_1_226' title='bbox 687 1914 739 1967; x_wconf 92' lang='lat' dir='ltr'><strong>in</strong></span> <span class='ocrx_word' id='word_1_227' title='bbox 772 1915 881 1968; x_wconf 82' lang='lat' dir='ltr'><strong>vita</strong></span> <span class='ocrx_word' id='word_1_228' title='bbox 918 1925 1031 1979; x_wconf 92' lang='lat' dir='ltr'><strong>tua,</strong></span> <span class='ocrx_word' id='word_1_229' title='bbox 1089 1915 1203 1968; x_wconf 84' lang='lat' dir='ltr'><strong>sive</strong></span> <span class='ocrx_word' id='word_1_230' title='bbox 1256 1926 1377 1983; x_wconf 87' lang='lat' dir='ltr'><strong>post</strong></span> <span class='ocrx_word' id='word_1_231' title='bbox 1414 1924 1642 1969; x_wconf 91' lang='lat' dir='ltr'><strong>mortem</strong></span> <span class='ocrx_word' id='word_1_232' title='bbox 1678 1913 1819 1982; x_wconf 90' lang='lat' dir='ltr'><strong>apud</strong></span> <span class='ocrx_word' id='word_1_233' title='bbox 1864 1928 1960 1967; x_wconf 91' lang='lat' dir='ltr'><strong>eos</strong></span> <span class='ocrx_word' id='word_1_234' title='bbox 2009 1911 2101 1981; x_wconf 88' lang='lat' dir='ltr'><strong>qui</strong></span> 
     </span>
    </p>
   </div>
   <div class='ocr_carea' id='block_1_37' title="bbox 2214 1911 3794 1991">
    <p class='ocr_par' dir='ltr' id='par_1_37' title="bbox 2214 1918 3794 1991">
     <span class='ocr_line' id='line_1_37' title="bbox 2214 1918 3794 1991; baseline -0.003 -18"><span class='ocrx_word' id='word_1_235' title='bbox 2214 1938 2369 1989; x_wconf 84' lang='grc' dir='ltr'>τητος</span> <span class='ocrx_word' id='word_1_236' title='bbox 2394 1936 2409 1985; x_wconf 89' lang='lat'><strong>;</strong></span> <span class='ocrx_word' id='word_1_237' title='bbox 2443 1920 2622 1982; x_wconf 82' lang='grc' dir='ltr'>Ὅλως</span> <span class='ocrx_word' id='word_1_238' title='bbox 2647 1920 2818 1991; x_wconf 73' lang='grc' dir='ltr'>ἀνέχῃ</span> <span class='ocrx_word' id='word_1_239' title='bbox 2838 1919 3090 1987; x_wconf 84' lang='grc' dir='ltr'>δεύτερος</span> <span class='ocrx_word' id='word_1_240' title='bbox 3122 1919 3330 1971; x_wconf 75' lang='grc' dir='ltr'>ἐκείνου</span> <span class='ocrx_word' id='word_1_241' title='bbox 3350 1918 3623 1987; x_wconf 84' lang='grc' dir='ltr'>ἀπελέγχε</span> <span class='ocrx_word' id='word_1_242' title='bbox 3634 1919 3794 1980; x_wconf 85' lang='grc' dir='ltr'>σθαι;</span> 
     </span>
    </p>
   </div>
   <div class='ocr_carea' id='block_1_38' title="bbox 526 2005 2107 2071">
    <p class='ocr_par' dir='ltr' id='par_1_38' title="bbox 526 2005 2107 2071">
     <span class='ocr_line' id='line_1_38' title="bbox 526 2005 2107 2071; baseline -0.004 -9"><span class='ocrx_word' id='word_1_243' title='bbox 526 2006 795 2062; x_wconf 81' lang='lat' dir='ltr'><strong>historias</strong></span> <span class='ocrx_word' id='word_1_244' title='bbox 852 2006 1148 2061; x_wconf 78' lang='lat' dir='ltr'><strong>noverint?</strong></span> <span class='ocrx_word' id='word_1_245' title='bbox 1193 2005 1328 2071; x_wconf 87' lang='lat' dir='ltr'><strong>Quis</strong></span> <span class='ocrx_word' id='word_1_246' title='bbox 1375 2008 1519 2060; x_wconf 92' lang='lat' dir='ltr'><strong>enim</strong></span> <span class='ocrx_word' id='word_1_247' title='bbox 1583 2005 1952 2060; x_wconf 80' lang='lat' dir='ltr'><strong>Romanorum</strong></span> <span class='ocrx_word' id='word_1_248' title='bbox 2013 2011 2107 2056; x_wconf 87' lang='lat' dir='ltr'><strong>aut</strong></span> 
     </span>
    </p>
   </div>
   <div class='ocr_carea' id='block_1_39' title="bbox 530 2096 2107 2169">
    <p class='ocr_par' dir='ltr' id='par_1_39' title="bbox 530 2096 2107 2169">
     <span class='ocr_line' id='line_1_39' title="bbox 530 2096 2107 2169; baseline -0.001 -19"><span class='ocrx_word' id='word_1_249' title='bbox 530 2097 890 2169; x_wconf 78' lang='lat' dir='ltr'><strong>Bulgarorum</strong></span> <span class='ocrx_word' id='word_1_250' title='bbox 914 2098 1253 2168; x_wconf 80' lang='lat' dir='ltr'><strong>temporibus</strong></span> <span class='ocrx_word' id='word_1_251' title='bbox 1275 2099 1540 2163; x_wconf 85' lang='lat' dir='ltr'><strong>venturis,</strong></span> <span class='ocrx_word' id='word_1_252' title='bbox 1566 2099 1812 2160; x_wconf 89' lang='lat' dir='ltr'><strong>audiens,</strong></span> <span class='ocrx_word' id='word_1_253' title='bbox 1833 2096 2107 2152; x_wconf 71' lang='lat' dir='ltr'><strong>scandulis</strong></span> 
     </span>
    </p>
   </div>
   <div class='ocr_carea' id='block_1_40' title="bbox 533 2190 2108 2261">
    <p class='ocr_par' dir='ltr' id='par_1_40' title="bbox 533 2190 2108 2261">
     <span class='ocr_line' id='line_1_40' title="bbox 533 2190 2108 2261; baseline -0.002 -17"><span class='ocrx_word' id='word_1_254' title='bbox 533 2193 676 2246; x_wconf 90' lang='lat' dir='ltr'><strong>inter</strong></span> <span class='ocrx_word' id='word_1_255' title='bbox 711 2190 984 2246; x_wconf 80' lang='lat' dir='ltr'><strong>Romanos</strong></span> <span class='ocrx_word' id='word_1_256' title='bbox 1009 2202 1063 2246; x_wconf 87' lang='lat' dir='ltr'><strong>et</strong></span> <span class='ocrx_word' id='word_1_257' title='bbox 1094 2191 1383 2261; x_wconf 78' lang='lat' dir='ltr'><strong>Bulgaros,</strong></span> <span class='ocrx_word' id='word_1_258' title='bbox 1417 2191 1893 2261; x_wconf 88' lang='lat' dir='ltr'><strong>archiepiscopum</strong></span> <span class='ocrx_word' id='word_1_259' title='bbox 1926 2191 2108 2244; x_wconf 85' lang='lat' dir='ltr'><strong>senio-</strong></span> 
     </span>
    </p>
   </div>
   <div class='ocr_carea' id='block_1_41' title="bbox 533 2281 2103 2352">
    <p class='ocr_par' dir='ltr' id='par_1_41' title="bbox 533 2281 2103 2352">
     <span class='ocr_line' id='line_1_41' title="bbox 533 2281 2103 2352; baseline -0.001 -17"><span class='ocrx_word' id='word_1_260' title='bbox 533 2296 645 2335; x_wconf 91' lang='lat' dir='ltr'><strong>rem</strong></span> <span class='ocrx_word' id='word_1_261' title='bbox 671 2283 929 2338; x_wconf 88' lang='lat' dir='ltr'><strong>statuisse</strong></span> <span class='ocrx_word' id='word_1_262' title='bbox 947 2283 1268 2352; x_wconf 76' lang='lat' dir='ltr'><strong>legationem</strong></span> <span class='ocrx_word' id='word_1_263' title='bbox 1297 2283 1593 2352; x_wconf 80' lang='lat' dir='ltr'><strong>suscipere,</strong></span> <span class='ocrx_word' id='word_1_264' title='bbox 1622 2283 1687 2335; x_wconf 88' lang='lat' dir='ltr'><strong>ad</strong></span> <span class='ocrx_word' id='word_1_265' title='bbox 1718 2281 2103 2351; x_wconf 86' lang='lat' dir='ltr'><strong>imponendum</strong></span> 
     </span>
    </p>
   </div>
   <div class='ocr_carea' id='block_1_42' title="bbox 530 2374 2104 2445">
    <p class='ocr_par' dir='ltr' id='par_1_42' title="bbox 530 2374 2104 2445">
     <span class='ocr_line' id='line_1_42' title="bbox 530 2374 2104 2445; baseline -0.002 -16"><span class='ocrx_word' id='word_1_266' title='bbox 530 2375 674 2430; x_wconf 78' lang='lat' dir='ltr'><strong>bello</strong></span> <span class='ocrx_word' id='word_1_267' title='bbox 701 2376 885 2441; x_wconf 85' lang='lat' dir='ltr'><strong>linem,</strong></span> <span class='ocrx_word' id='word_1_268' title='bbox 914 2386 1201 2445; x_wconf 88' lang='lat' dir='ltr'><strong>utramque</strong></span> <span class='ocrx_word' id='word_1_269' title='bbox 1229 2385 1440 2444; x_wconf 70' lang='lat' dir='ltr'><strong>gentem</strong></span> <span class='ocrx_word' id='word_1_270' title='bbox 1473 2376 1538 2429; x_wconf 86' lang='lat' dir='ltr'><strong>ad</strong></span> <span class='ocrx_word' id='word_1_271' title='bbox 1570 2374 1855 2444; x_wconf 86' lang='lat' dir='ltr'><strong>pristinam</strong></span> <span class='ocrx_word' id='word_1_272' title='bbox 1916 2388 2104 2443; x_wconf 89' lang='lat' dir='ltr'><strong>pacem</strong></span> 
     </span>
    </p>
   </div>
   <div class='ocr_carea' id='block_1_43' title="bbox 530 2467 2108 2546">
    <p class='ocr_par' dir='ltr' id='par_1_43' title="bbox 530 2467 2108 2546">
     <span class='ocr_line' id='line_1_43' title="bbox 530 2467 2108 2546; baseline -0.002 -23"><span class='ocrx_word' id='word_1_273' title='bbox 530 2469 916 2533; x_wconf 86' lang='lat' dir='ltr'><strong>revocandam,</strong></span> <span class='ocrx_word' id='word_1_274' title='bbox 949 2468 1309 2539; x_wconf 79' lang='lat' dir='ltr'><strong>Bulgarorum</strong></span> <span class='ocrx_word' id='word_1_275' title='bbox 1343 2483 1470 2521; x_wconf 91' lang='lat' dir='ltr'><strong>vero</strong></span> <span class='ocrx_word' id='word_1_276' title='bbox 1504 2468 1786 2546; x_wconf 86' lang='lat' dir='ltr'><strong>dominum</strong></span> <span class='ocrx_word' id='word_1_277' title='bbox 1853 2482 1966 2521; x_wconf 88' lang='lat' dir='ltr'><strong>non</strong></span> <span class='ocrx_word' id='word_1_278' title='bbox 2023 2467 2108 2520; x_wconf 89' lang='lat' dir='ltr'><strong>di-</strong></span> 
     </span>
    </p>
   </div>
   <div class='ocr_carea' id='block_1_44' title="bbox 531 2559 2103 2632">
    <p class='ocr_par' dir='ltr' id='par_1_44' title="bbox 531 2559 2103 2632">
     <span class='ocr_line' id='line_1_44' title="bbox 531 2559 2103 2632; baseline -0.004 -17"><span class='ocrx_word' id='word_1_279' title='bbox 531 2574 750 2632; x_wconf 78' lang='lat' dir='ltr'><strong>gnatum</strong></span> <span class='ocrx_word' id='word_1_280' title='bbox 786 2578 909 2617; x_wconf 82' lang='lat' dir='ltr'><strong>esse</strong></span> <span class='ocrx_word' id='word_1_281' title='bbox 941 2562 1266 2631; x_wconf 72' lang='lat' dir='ltr'><strong>legationem</strong></span> <span class='ocrx_word' id='word_1_282' title='bbox 1297 2561 1559 2630; x_wconf 86' lang='lat' dir='ltr'><strong>recipere,</strong></span> <span class='ocrx_word' id='word_1_283' title='bbox 1595 2559 1719 2629; x_wconf 87' lang='lat' dir='ltr'><strong>quis</strong></span> <span class='ocrx_word' id='word_1_284' title='bbox 1735 2559 1965 2614; x_wconf 89' lang='lat' dir='ltr'><strong>audiens</strong></span> <span class='ocrx_word' id='word_1_285' title='bbox 1996 2572 2103 2611; x_wconf 93' lang='lat' dir='ltr'><strong>non</strong></span> 
     </span>
    </p>
   </div>
   <div class='ocr_carea' id='block_1_45' title="bbox 532 2650 2109 2722">
    <p class='ocr_par' dir='ltr' id='par_1_45' title="bbox 532 2650 2109 2722">
     <span class='ocr_line' id='line_1_45' title="bbox 532 2650 2109 2722; baseline -0.003 -13"><span class='ocrx_word' id='word_1_286' title='bbox 532 2667 583 2709; x_wconf 92' lang='lat' dir='ltr'><strong>te</strong></span> <span class='ocrx_word' id='word_1_287' title='bbox 613 2654 912 2716; x_wconf 80' lang='lat' dir='ltr'><strong>accusabit,</strong></span> <span class='ocrx_word' id='word_1_288' title='bbox 935 2654 1061 2722; x_wconf 82' lang='lat' dir='ltr'><strong>quis</strong></span> <span class='ocrx_word' id='word_1_289' title='bbox 1090 2668 1195 2707; x_wconf 91' lang='lat' dir='ltr'><strong>non</strong></span> <span class='ocrx_word' id='word_1_290' title='bbox 1235 2653 1378 2707; x_wconf 87' lang='lat' dir='ltr'><strong>dicet</strong></span> <span class='ocrx_word' id='word_1_291' title='bbox 1407 2668 1528 2721; x_wconf 60' lang='lat' dir='ltr'><strong>qua:</strong></span> <span class='ocrx_word' id='word_1_292' title='bbox 1557 2668 1657 2721; x_wconf 79' lang='lat' dir='ltr'><strong>ego</strong></span> <span class='ocrx_word' id='word_1_293' title='bbox 1691 2668 1796 2706; x_wconf 87' lang='lat' dir='ltr'><strong>non</strong></span> <span class='ocrx_word' id='word_1_294' title='bbox 1824 2650 2109 2705; x_wconf 73' lang='lat' dir='ltr'><strong>dicerem?</strong></span> 
     </span>
    </p>
   </div>
   <div class='ocr_carea' id='block_1_46' title="bbox 2220 2007 3795 2086">
    <p class='ocr_par' dir='ltr' id='par_1_46' title="bbox 2220 2007 3795 2086">
     <span class='ocr_line' id='line_1_46' title="bbox 2220 2007 3795 2086; baseline -0.003 -18"><span class='ocrx_word' id='word_1_295' title='bbox 2220 2016 2363 2084; x_wconf 85' lang='grc' dir='ltr'><strong>Ἐγὼ</strong></span> <span class='ocrx_word' id='word_1_296' title='bbox 2411 2017 2534 2070; x_wconf 75' lang='grc' dir='ltr'>ἀντὶ</span> <span class='ocrx_word' id='word_1_297' title='bbox 2592 2014 2687 2067; x_wconf 86' lang='grc' dir='ltr'><strong>σοῦ</strong></span> <span class='ocrx_word' id='word_1_298' title='bbox 2716 2017 2957 2086; x_wconf 72' lang='grc' dir='ltr'>ἐρυθριῶ</span> <span class='ocrx_word' id='word_1_299' title='bbox 3000 2014 3096 2068; x_wconf 77' lang='grc' dir='ltr'>καὶ</span> <span class='ocrx_word' id='word_1_300' title='bbox 3130 2014 3481 2084; x_wconf 74' lang='grc' dir='ltr'>αἰσχύνομαι.</span> <span class='ocrx_word' id='word_1_301' title='bbox 3524 2007 3655 2064; x_wconf 81' lang='grc' dir='ltr'>Εἶτα</span> <span class='ocrx_word' id='word_1_302' title='bbox 3692 2010 3795 2064; x_wconf 83' lang='grc' dir='ltr'>οὐκ</span> 
     </span>
    </p>
   </div>
   <div class='ocr_carea' id='block_1_47' title="bbox 2208 2105 3794 2180">
    <p class='ocr_par' dir='ltr' id='par_1_47' title="bbox 2208 2105 3794 2180">
     <span class='ocr_line' id='line_1_47' title="bbox 2208 2105 3794 2180; baseline -0.004 -18"><span class='ocrx_word' id='word_1_303' title='bbox 2208 2110 2416 2180; x_wconf 71' lang='grc' dir='ltr'>ἐνθυμῇ</span> <span class='ocrx_word' id='word_1_304' title='bbox 2456 2110 2557 2174; x_wconf 78' lang='grc' dir='ltr'>τὰς</span> <span class='ocrx_word' id='word_1_305' title='bbox 2620 2111 2683 2162; x_wconf 76' lang='grc' dir='ltr'>ὲκ</span> <span class='ocrx_word' id='word_1_306' title='bbox 2715 2109 2825 2161; x_wconf 83' lang='grc' dir='ltr'>τῶν</span> <span class='ocrx_word' id='word_1_307' title='bbox 2881 2107 3187 2179; x_wconf 84' lang='grc' dir='ltr'>ἀνθρώπων</span> <span class='ocrx_word' id='word_1_308' title='bbox 3240 2108 3500 2177; x_wconf 72' lang='grc' dir='ltr'>μέμψεις,</span> <span class='ocrx_word' id='word_1_309' title='bbox 3548 2105 3676 2157; x_wconf 85' lang='grc' dir='ltr'>ὅταν</span> <span class='ocrx_word' id='word_1_310' title='bbox 3712 2105 3794 2165; x_wconf 84' lang='grc' dir='ltr'><strong>είς</strong></span> 
     </span>
    </p>
   </div>
   <div class='ocr_carea' id='block_1_48' title="bbox 2211 2198 3791 2273">
    <p class='ocr_par' dir='ltr' id='par_1_48' title="bbox 2211 2198 3791 2273">
     <span class='ocr_line' id='line_1_48' title="bbox 2211 2198 3791 2273; baseline -0.005 -19"><span class='ocrx_word' id='word_1_311' title='bbox 2211 2202 2502 2272; x_wconf 74' lang='grc' dir='ltr'>σύγκρισιν</span> <span class='ocrx_word' id='word_1_312' title='bbox 2542 2202 2575 2271; x_wconf 80' lang='grc' dir='ltr'><strong>ἡ</strong></span> <span class='ocrx_word' id='word_1_313' title='bbox 2608 2201 2674 2273; x_wconf 82' lang='grc' dir='ltr'>σὴ</span> <span class='ocrx_word' id='word_1_314' title='bbox 2696 2201 2946 2271; x_wconf 79' lang='grc' dir='ltr'>τιμιότης</span> <span class='ocrx_word' id='word_1_315' title='bbox 2988 2201 3098 2252; x_wconf 78' lang='grc' dir='ltr'>εἴτε</span> <span class='ocrx_word' id='word_1_316' title='bbox 3128 2199 3204 2269; x_wconf 85' lang='grc' dir='ltr'>τῷ</span> <span class='ocrx_word' id='word_1_317' title='bbox 3238 2199 3339 2268; x_wconf 81' lang='grc' dir='ltr'><strong>βίῳ</strong></span> <span class='ocrx_word' id='word_1_318' title='bbox 3369 2198 3637 2266; x_wconf 81' lang='grc' dir='ltr'>παρόντος</span> <span class='ocrx_word' id='word_1_319' title='bbox 3672 2211 3791 2256; x_wconf 84' lang='grc' dir='ltr'>σου,</span> 
     </span>
    </p>
   </div>
   <div class='ocr_carea' id='block_1_49' title="bbox 2209 2285 3795 2363">
    <p class='ocr_par' dir='ltr' id='par_1_49' title="bbox 2209 2285 3795 2363">
     <span class='ocr_line' id='line_1_49' title="bbox 2209 2285 3795 2363; baseline -0.005 -17"><span class='ocrx_word' id='word_1_320' title='bbox 2209 2293 2319 2346; x_wconf 85' lang='grc' dir='ltr'>εἴτε</span> <span class='ocrx_word' id='word_1_321' title='bbox 2348 2294 2442 2346; x_wconf 76' lang='grc' dir='ltr'>καὶ</span> <span class='ocrx_word' id='word_1_322' title='bbox 2470 2292 2823 2363; x_wconf 82' lang='grc' dir='ltr'>τεθνηκότος,</span> <span class='ocrx_word' id='word_1_323' title='bbox 2859 2291 3012 2361; x_wconf 82' lang='grc' dir='ltr'>παρὰ</span> <span class='ocrx_word' id='word_1_324' title='bbox 3042 2290 3151 2344; x_wconf 83' lang='grc' dir='ltr'><strong>τῶν</strong></span> <span class='ocrx_word' id='word_1_325' title='bbox 3176 2289 3393 2343; x_wconf 75' lang='grc' dir='ltr'>εἰδότων</span> <span class='ocrx_word' id='word_1_326' title='bbox 3423 2291 3519 2350; x_wconf 87' lang='grc' dir='ltr'>τὰς</span> <span class='ocrx_word' id='word_1_327' title='bbox 3552 2285 3795 2357; x_wconf 79' lang='grc' dir='ltr'>ἱστορίας</span> 
     </span>
    </p>
   </div>
   <div class='ocr_carea' id='block_1_50' title="bbox 2210 2381 3794 2456">
    <p class='ocr_par' dir='ltr' id='par_1_50' title="bbox 2210 2381 3794 2456">
     <span class='ocr_line' id='line_1_50' title="bbox 2210 2381 3794 2456; baseline -0.004 -20"><span class='ocrx_word' id='word_1_328' title='bbox 2210 2384 2567 2456; x_wconf 83' lang='grc' dir='ltr'>προάγησθε;</span> <span class='ocrx_word' id='word_1_329' title='bbox 2598 2385 2693 2447; x_wconf 83' lang='grc' dir='ltr'>Τίς</span> <span class='ocrx_word' id='word_1_330' title='bbox 2721 2385 2830 2455; x_wconf 76' lang='grc' dir='ltr'><strong>γὰρ</strong></span> <span class='ocrx_word' id='word_1_331' title='bbox 2865 2385 2929 2453; x_wconf 79' lang='grc' dir='ltr'>δὴ</span> <span class='ocrx_word' id='word_1_332' title='bbox 2968 2384 3259 2452; x_wconf 85' lang='grc' dir='ltr'>Ῥωμαίων</span> <span class='ocrx_word' id='word_1_333' title='bbox 3296 2384 3328 2453; x_wconf 77' lang='grc' dir='ltr'>ἦ</span> <span class='ocrx_word' id='word_1_334' title='bbox 3374 2381 3698 2449; x_wconf 83' lang='grc' dir='ltr'>Βουλγάρων</span> <span class='ocrx_word' id='word_1_335' title='bbox 3734 2382 3794 2431; x_wconf 77' lang='grc' dir='ltr'>ἐν</span> 
     </span>
    </p>
   </div>
   <div class='ocr_carea' id='block_1_51' title="bbox 2208 2472 3792 2547">
    <p class='ocr_par' dir='ltr' id='par_1_51' title="bbox 2208 2472 3792 2547">
     <span class='ocr_line' id='line_1_51' title="bbox 2208 2472 3792 2547; baseline -0.004 -18"><span class='ocrx_word' id='word_1_336' title='bbox 2208 2477 2288 2546; x_wconf 84' lang='grc' dir='ltr'>τῷ</span> <span class='ocrx_word' id='word_1_337' title='bbox 2327 2478 2626 2546; x_wconf 80' lang='grc' dir='ltr'>μετέπειτα</span> <span class='ocrx_word' id='word_1_338' title='bbox 2662 2477 2909 2547; x_wconf 76' lang='grc' dir='ltr'>ἐσομένῳ</span> <span class='ocrx_word' id='word_1_339' title='bbox 2965 2494 3166 2546; x_wconf 79' lang='grc' dir='ltr'>καιρῳ,</span> <span class='ocrx_word' id='word_1_340' title='bbox 3198 2475 3503 2545; x_wconf 73' lang='grc' dir='ltr'>διηγήσεως</span> <span class='ocrx_word' id='word_1_341' title='bbox 3532 2472 3792 2541; x_wconf 73' lang='grc' dir='ltr'>τοιαύτης</span> 
     </span>
    </p>
   </div>
   <div class='ocr_carea' id='block_1_52' title="bbox 2210 2563 3795 2637">
    <p class='ocr_par' dir='ltr' id='par_1_52' title="bbox 2210 2563 3795 2637">
     <span class='ocr_line' id='line_1_52' title="bbox 2210 2563 3795 2637; baseline -0.004 -16"><span class='ocrx_word' id='word_1_342' title='bbox 2210 2569 2447 2631; x_wconf 60' lang='grc' dir='ltr'>ἀκούων,</span> <span class='ocrx_word' id='word_1_343' title='bbox 2478 2568 2579 2633; x_wconf 81' lang='grc' dir='ltr'>ὅτι,</span> <span class='ocrx_word' id='word_1_344' title='bbox 2618 2568 2928 2621; x_wconf 78' lang='grc' dir='ltr'>σκανδάλων</span> <span class='ocrx_word' id='word_1_345' title='bbox 2952 2568 3155 2637; x_wconf 77' lang='grc' dir='ltr'>μεταξὺ</span> <span class='ocrx_word' id='word_1_346' title='bbox 3176 2566 3460 2635; x_wconf 84' lang='grc' dir='ltr'>Ῥωμαίων</span> <span class='ocrx_word' id='word_1_347' title='bbox 3496 2564 3589 2630; x_wconf 75' lang='grc' dir='ltr'>καὶ</span> <span class='ocrx_word' id='word_1_348' title='bbox 3628 2563 3795 2616; x_wconf 85' lang='grc' dir='ltr'>Βουλ-</span> 
     </span>
    </p>
   </div>
   <div class='ocr_carea' id='block_1_53' title="bbox 2210 2655 3792 2730">
    <p class='ocr_par' dir='ltr' id='par_1_53' title="bbox 2210 2655 3792 2730">
     <span class='ocr_line' id='line_1_53' title="bbox 2210 2655 3792 2730; baseline -0.002 -21"><span class='ocrx_word' id='word_1_349' title='bbox 2210 2658 2398 2730; x_wconf 87' lang='grc' dir='ltr'>γάρων</span> <span class='ocrx_word' id='word_1_350' title='bbox 2453 2661 2787 2725; x_wconf 84' lang='grc' dir='ltr'>γεγονότων,</span> <span class='ocrx_word' id='word_1_351' title='bbox 2836 2658 3148 2730; x_wconf 79' lang='grc' dir='ltr'>πρεσϐύτης</span> <span class='ocrx_word' id='word_1_352' title='bbox 3202 2658 3497 2728; x_wconf 72' lang='grc' dir='ltr'>ἀρχιερεὺς</span> <span class='ocrx_word' id='word_1_353' title='bbox 3554 2655 3792 2726; x_wconf 72' lang='grc' dir='ltr'>ὡρμήθη</span> 
     </span>
    </p>
   </div>
   <div class='ocr_carea' id='block_1_54' title="bbox 528 2742 2110 2821">
    <p class='ocr_par' dir='ltr' id='par_1_54' title="bbox 528 2742 2110 2815">
     <span class='ocr_line' id='line_1_54' title="bbox 528 2742 2110 2815; baseline -0.002 -16"><span class='ocrx_word' id='word_1_354' title='bbox 528 2744 606 2800; x_wconf 81' lang='lat' dir='ltr'><strong>Ne</strong></span> <span class='ocrx_word' id='word_1_355' title='bbox 630 2746 910 2815; x_wconf 87' lang='lat' dir='ltr'><strong>permittat</strong></span> <span class='ocrx_word' id='word_1_356' title='bbox 943 2742 1119 2809; x_wconf 85' lang='lat' dir='ltr'><strong>Deus;</strong></span> <span class='ocrx_word' id='word_1_357' title='bbox 1153 2745 1230 2799; x_wconf 90' lang='lat' dir='ltr'><strong>illi</strong></span> <span class='ocrx_word' id='word_1_358' title='bbox 1264 2753 1446 2798; x_wconf 86' lang='lat' dir='ltr'><strong>autem</strong></span> <span class='ocrx_word' id='word_1_359' title='bbox 1484 2743 1572 2797; x_wconf 89' lang='lat' dir='ltr'><strong>illa</strong></span> <span class='ocrx_word' id='word_1_360' title='bbox 1598 2752 1647 2797; x_wconf 92' lang='lat' dir='ltr'><strong>et</strong></span> <span class='ocrx_word' id='word_1_361' title='bbox 1685 2743 1837 2813; x_wconf 88' lang='lat' dir='ltr'><strong>plura</strong></span> <span class='ocrx_word' id='word_1_362' title='bbox 1863 2745 2110 2798; x_wconf 88' lang='lat' dir='ltr'><strong>dicerent</strong></span> 
     </span>
    </p>
   </div>
   <div class='ocr_carea' id='block_1_55' title="bbox 2214 2742 3795 2821">
    <p class='ocr_par' dir='ltr' id='par_1_55' title="bbox 2214 2748 3795 2821">
     <span class='ocr_line' id='line_1_55' title="bbox 2214 2748 3795 2821; baseline -0.001 -19"><span class='ocrx_word' id='word_1_363' title='bbox 2214 2750 2554 2821; x_wconf 74' lang='grc' dir='ltr'>πρεσϐευτὴς</span> <span class='ocrx_word' id='word_1_364' title='bbox 2594 2751 2853 2819; x_wconf 87' lang='grc' dir='ltr'>γενέσθαι</span> <span class='ocrx_word' id='word_1_365' title='bbox 2891 2752 2968 2815; x_wconf 78' lang='grc' dir='ltr'><strong>εἰς</strong></span> <span class='ocrx_word' id='word_1_366' title='bbox 3016 2751 3077 2804; x_wconf 80' lang='grc' dir='ltr'>τὸ</span> <span class='ocrx_word' id='word_1_367' title='bbox 3121 2750 3331 2805; x_wconf 87' lang='grc' dir='ltr'>παῦσαι</span> <span class='ocrx_word' id='word_1_368' title='bbox 3390 2754 3516 2812; x_wconf 75' lang='grc' dir='ltr'>τοὺς</span> <span class='ocrx_word' id='word_1_369' title='bbox 3548 2750 3666 2803; x_wconf 82' lang='grc' dir='ltr'>κατ’</span> <span class='ocrx_word' id='word_1_370' title='bbox 3698 2748 3795 2802; x_wconf 79' lang='grc' dir='ltr'>ἀλ·-</span> 
     </span>
    </p>
   </div>
   <div class='ocr_carea' id='block_1_56' title="bbox 531 2836 2110 2913">
    <p class='ocr_par' dir='ltr' id='par_1_56' title="bbox 531 2836 2107 2906">
     <span class='ocr_line' id='line_1_56' title="bbox 531 2836 2107 2906; baseline -0.001 -16"><span class='ocrx_word' id='word_1_371' title='bbox 531 2838 681 2891; x_wconf 84' lang='lat' dir='ltr'><strong>tinito</strong></span> <span class='ocrx_word' id='word_1_372' title='bbox 705 2839 899 2891; x_wconf 89' lang='lat' dir='ltr'><strong>timore</strong></span> <span class='ocrx_word' id='word_1_373' title='bbox 931 2838 995 2891; x_wconf 91' lang='lat' dir='ltr'><strong>de</strong></span> <span class='ocrx_word' id='word_1_374' title='bbox 1029 2846 1078 2891; x_wconf 89' lang='lat' dir='ltr'><strong>te</strong></span> <span class='ocrx_word' id='word_1_375' title='bbox 1107 2836 1361 2906; x_wconf 82' lang='lat' dir='ltr'><strong>loquendi</strong></span> <span class='ocrx_word' id='word_1_376' title='bbox 1385 2850 1494 2904; x_wconf 92' lang='lat' dir='ltr'><strong>quo</strong></span> <span class='ocrx_word' id='word_1_377' title='bbox 1528 2837 1762 2906; x_wconf 85' lang='lat' dir='ltr'><strong>quisque</strong></span> <span class='ocrx_word' id='word_1_378' title='bbox 1795 2837 1955 2890; x_wconf 89' lang='lat' dir='ltr'><strong>modo</strong></span> <span class='ocrx_word' id='word_1_379' title='bbox 1982 2852 2107 2891; x_wconf 84' lang='lat' dir='ltr'><strong>scn-</strong></span> 
     </span>
    </p>
   </div>
   <div class='ocr_carea' id='block_1_57' title="bbox 2214 2836 3794 2913">
    <p class='ocr_par' dir='ltr' id='par_1_57' title="bbox 2214 2842 3794 2913">
     <span class='ocr_line' id='line_1_57' title="bbox 2214 2842 3794 2913; baseline 0 -20"><span class='ocrx_word' id='word_1_380' title='bbox 2214 2842 2387 2913; x_wconf 76' lang='grc' dir='ltr'>λὴλων</span> <span class='ocrx_word' id='word_1_381' title='bbox 2443 2842 2739 2912; x_wconf 75' lang='grc' dir='ltr'>πολέμους,</span> <span class='ocrx_word' id='word_1_382' title='bbox 2810 2846 3141 2913; x_wconf 79' lang='grc' dir='ltr'>συναγαγεῖν</span> <span class='ocrx_word' id='word_1_383' title='bbox 3195 2845 3481 2913; x_wconf 76' lang='grc' dir='ltr'>ἀμφότερα</span> <span class='ocrx_word' id='word_1_384' title='bbox 3529 2843 3599 2895; x_wconf 83' lang='grc' dir='ltr'><strong>τά</strong></span> <span class='ocrx_word' id='word_1_385' title='bbox 3656 2842 3794 2910; x_wconf 80' lang='grc' dir='ltr'>γένη</span> 
     </span>
    </p>
   </div>
   <div class='ocr_carea' id='block_1_58' title="bbox 530 2927 2110 3006">
    <p class='ocr_par' dir='ltr' id='par_1_58' title="bbox 530 2927 2105 2997">
     <span class='ocr_line' id='line_1_58' title="bbox 530 2927 2105 2997; baseline 0.001 -15"><span class='ocrx_word' id='word_1_386' title='bbox 530 2929 670 2993; x_wconf 74' lang='lat' dir='ltr'><strong>ti.it;.</strong></span> <span class='ocrx_word' id='word_1_387' title='bbox 689 2931 906 2997; x_wconf 88' lang='lat' dir='ltr'><strong>quando</strong></span> <span class='ocrx_word' id='word_1_388' title='bbox 935 2928 1156 2997; x_wconf 90' lang='lat' dir='ltr'><strong>quidem</strong></span> <span class='ocrx_word' id='word_1_389' title='bbox 1186 2937 1240 2981; x_wconf 91' lang='lat' dir='ltr'><strong>et</strong></span> <span class='ocrx_word' id='word_1_390' title='bbox 1271 2927 1451 2991; x_wconf 87' lang='lat' dir='ltr'><strong>hodie,</strong></span> <span class='ocrx_word' id='word_1_391' title='bbox 1482 2944 1588 2982; x_wconf 91' lang='lat' dir='ltr'><strong>non</strong></span> <span class='ocrx_word' id='word_1_392' title='bbox 1616 2944 1806 2982; x_wconf 89' lang='lat' dir='ltr'><strong>omnes</strong></span> <span class='ocrx_word' id='word_1_393' title='bbox 1835 2930 1976 2992; x_wconf 91' lang='lat' dir='ltr'><strong>dico,</strong></span> <span class='ocrx_word' id='word_1_394' title='bbox 2010 2933 2105 2983; x_wconf 81' lang='lat' dir='ltr'><strong>sed</strong></span> 
     </span>
    </p>
   </div>
   <div class='ocr_carea' id='block_1_59' title="bbox 2214 2927 3795 3006">
    <p class='ocr_par' dir='ltr' id='par_1_59' title="bbox 2215 2933 3795 3006">
     <span class='ocr_line' id='line_1_59' title="bbox 2215 2933 3795 3006; baseline 0 -22"><span class='ocrx_word' id='word_1_395' title='bbox 2215 2936 2351 3002; x_wconf 81' lang='grc' dir='ltr'>πρὸς</span> <span class='ocrx_word' id='word_1_396' title='bbox 2394 2934 2491 3001; x_wconf 73' lang='grc' dir='ltr'>τὴν</span> <span class='ocrx_word' id='word_1_397' title='bbox 2535 2935 2772 3004; x_wconf 87' lang='grc' dir='ltr'>ἀρχαίαν</span> <span class='ocrx_word' id='word_1_398' title='bbox 2830 2936 3081 3006; x_wconf 83' lang='grc' dir='ltr'>εἰρήνην,</span> <span class='ocrx_word' id='word_1_399' title='bbox 3138 2937 3165 2989; x_wconf 86' lang='grc' dir='ltr'><strong>ό</strong></span> <span class='ocrx_word' id='word_1_400' title='bbox 3212 2936 3268 2987; x_wconf 76' lang='grc' dir='ltr'>δὲ</span> <span class='ocrx_word' id='word_1_401' title='bbox 3311 2934 3420 2987; x_wconf 83' lang='grc' dir='ltr'><strong>τῶν</strong></span> <span class='ocrx_word' id='word_1_402' title='bbox 3464 2933 3795 3004; x_wconf 84' lang='grc' dir='ltr'>Βουλγάρων</span> 
     </span>
    </p>
   </div>
   <div class='ocr_carea' id='block_1_60' title="bbox 531 3020 2110 3094">
    <p class='ocr_par' dir='ltr' id='par_1_60' title="bbox 531 3020 2108 3091">
     <span class='ocr_line' id='line_1_60' title="bbox 531 3020 2108 3091; baseline 0.001 -17"><span class='ocrx_word' id='word_1_403' title='bbox 531 3020 709 3086; x_wconf 84' lang='lat' dir='ltr'><strong>multi,</strong></span> <span class='ocrx_word' id='word_1_404' title='bbox 752 3031 810 3074; x_wconf 91' lang='lat' dir='ltr'><strong>ut</strong></span> <span class='ocrx_word' id='word_1_405' title='bbox 858 3021 957 3088; x_wconf 89' lang='lat' dir='ltr'><strong>ipsi</strong></span> <span class='ocrx_word' id='word_1_406' title='bbox 999 3020 1329 3084; x_wconf 80' lang='lat' dir='ltr'><strong>audivimus,</strong></span> <span class='ocrx_word' id='word_1_407' title='bbox 1368 3020 1435 3075; x_wconf 87' lang='lat' dir='ltr'><strong>de</strong></span> <span class='ocrx_word' id='word_1_408' title='bbox 1492 3032 1587 3074; x_wconf 94' lang='lat' dir='ltr'><strong>tuo</strong></span> <span class='ocrx_word' id='word_1_409' title='bbox 1644 3022 1866 3091; x_wconf 83' lang='lat' dir='ltr'><strong>populo,</strong></span> <span class='ocrx_word' id='word_1_410' title='bbox 1917 3023 1984 3077; x_wconf 89' lang='lat' dir='ltr'><strong>de</strong></span> <span class='ocrx_word' id='word_1_411' title='bbox 2016 3032 2108 3076; x_wconf 85' lang='lat' dir='ltr'><strong>tuo</strong></span> 
     </span>
    </p>
   </div>
   <div class='ocr_carea' id='block_1_61' title="bbox 2214 3020 3791 3094">
    <p class='ocr_par' dir='ltr' id='par_1_61' title="bbox 2214 3022 3791 3094">
     <span class='ocr_line' id='line_1_61' title="bbox 2214 3022 3791 3094; baseline 0 -21"><span class='ocrx_word' id='word_1_412' title='bbox 2214 3022 2491 3086; x_wconf 72' lang='grc' dir='ltr'>δεσπόζων</span> <span class='ocrx_word' id='word_1_413' title='bbox 2527 3026 2627 3078; x_wconf 80' lang='grc' dir='ltr'><strong>οῦκ</strong></span> <span class='ocrx_word' id='word_1_414' title='bbox 2670 3024 2872 3094; x_wconf 73' lang='grc' dir='ltr'>ἠξίωσε</span> <span class='ocrx_word' id='word_1_415' title='bbox 2923 3025 3182 3092; x_wconf 76' lang='grc' dir='ltr'>δέξασθαι</span> <span class='ocrx_word' id='word_1_416' title='bbox 3228 3026 3328 3093; x_wconf 76' lang='grc' dir='ltr'>τὴν</span> <span class='ocrx_word' id='word_1_417' title='bbox 3376 3023 3697 3094; x_wconf 79' lang='grc' dir='ltr'>πρεσὸείαν,</span> <span class='ocrx_word' id='word_1_418' title='bbox 3729 3023 3791 3074; x_wconf 73' lang='grc' dir='ltr'>οὗ</span> 
     </span>
    </p>
   </div>
   <div class='ocr_carea' id='block_1_62' title="bbox 530 3112 2110 3184">
    <p class='ocr_par' dir='ltr' id='par_1_62' title="bbox 530 3113 2105 3182">
     <span class='ocr_line' id='line_1_62' title="bbox 530 3113 2105 3182; baseline 0.003 -18"><span class='ocrx_word' id='word_1_419' title='bbox 530 3127 747 3182; x_wconf 76' lang='lat' dir='ltr'><strong>genere,</strong></span> <span class='ocrx_word' id='word_1_420' title='bbox 774 3122 1094 3181; x_wconf 71' lang='lat' dir='ltr'><strong>perpetuam</strong></span> <span class='ocrx_word' id='word_1_421' title='bbox 1131 3113 1329 3169; x_wconf 85' lang='lat' dir='ltr'><strong>bellum</strong></span> <span class='ocrx_word' id='word_1_422' title='bbox 1349 3116 1657 3182; x_wconf 81' lang='lat' dir='ltr'><strong>vituperant</strong></span> <span class='ocrx_word' id='word_1_423' title='bbox 1680 3114 1817 3167; x_wconf 86' lang='lat' dir='ltr'><strong>etde</strong></span> <span class='ocrx_word' id='word_1_424' title='bbox 1847 3114 2105 3168; x_wconf 87' lang='lat' dir='ltr'><strong>omnibus</strong></span> 
     </span>
    </p>
   </div>
   <div class='ocr_carea' id='block_1_63' title="bbox 2214 3112 3793 3184">
    <p class='ocr_par' dir='ltr' id='par_1_63' title="bbox 2215 3112 3793 3184">
     <span class='ocr_line' id='line_1_63' title="bbox 2215 3112 3793 3184; baseline -0.002 -18"><span class='ocrx_word' id='word_1_425' title='bbox 2215 3116 2587 3184; x_wconf 79' lang='grc' dir='ltr'>κατηγορήσει</span> <span class='ocrx_word' id='word_1_426' title='bbox 2623 3119 2716 3170; x_wconf 83' lang='grc' dir='ltr'>καὶ</span> <span class='ocrx_word' id='word_1_427' title='bbox 2749 3116 2895 3170; x_wconf 74' lang='grc' dir='ltr'>εἴποι</span> <span class='ocrx_word' id='word_1_428' title='bbox 2928 3118 3074 3170; x_wconf 85' lang='grc' dir='ltr'><strong>κατά</strong></span> <span class='ocrx_word' id='word_1_429' title='bbox 3117 3117 3233 3183; x_wconf 87' lang='grc' dir='ltr'>σοῦ,</span> <span class='ocrx_word' id='word_1_430' title='bbox 3270 3118 3370 3170; x_wconf 86' lang='grc' dir='ltr'>ὅσα</span> <span class='ocrx_word' id='word_1_431' title='bbox 3405 3114 3517 3183; x_wconf 67' lang='grc' dir='ltr'><strong>ἐγὼ</strong></span> <span class='ocrx_word' id='word_1_432' title='bbox 3558 3114 3657 3182; x_wconf 84' lang='grc' dir='ltr'>μὲν</span> <span class='ocrx_word' id='word_1_433' title='bbox 3690 3112 3793 3165; x_wconf 85' lang='grc' dir='ltr'>οὐκ</span> 
     </span>
    </p>
   </div>
   <div class='ocr_carea' id='block_1_64' title="bbox 531 3183 2110 3281">
    <p class='ocr_par' dir='ltr' id='par_1_64' title="bbox 531 3205 1391 3274">
     <span class='ocr_line' id='line_1_64' title="bbox 531 3205 1391 3274; baseline 0.005 -20"><span class='ocrx_word' id='word_1_434' title='bbox 531 3221 653 3272; x_wconf 65' lang='lat' dir='ltr'><strong>quae.</strong></span> <span class='ocrx_word' id='word_1_435' title='bbox 687 3206 825 3258; x_wconf 80' lang='lat' dir='ltr'><strong>facta</strong></span> <span class='ocrx_word' id='word_1_436' title='bbox 850 3217 976 3259; x_wconf 77' lang='lat' dir='ltr'><strong>Sunt</strong></span> <span class='ocrx_word' id='word_1_437' title='bbox 1012 3205 1391 3274; x_wconf 77' lang='lat' dir='ltr'><strong>ingemiscant.</strong></span> 
     </span>
    </p>
   </div>
   <div class='ocr_carea' id='block_1_65' title="bbox 2214 3183 3791 3281">
    <p class='ocr_par' dir='ltr' id='par_1_65' title="bbox 2214 3183 3791 3281">
     <span class='ocr_line' id='line_1_65' title="bbox 2214 3183 3791 3281; baseline -0.003 -20"><span class='ocrx_word' id='word_1_438' title='bbox 2214 3207 2274 3275; x_wconf 54' lang='grc' dir='ltr'>ἢν</span> <span class='ocrx_word' id='word_1_439' title='bbox 2342 3210 2552 3281; x_wconf 83' lang='grc' dir='ltr'>φαίην;</span> <span class='ocrx_word' id='word_1_440' title='bbox 2623 3210 2760 3281; x_wconf 82' lang='grc' dir='ltr'>μηδὲ</span> <span class='ocrx_word' id='word_1_441' title='bbox 2812 3212 3163 3281; x_wconf 78' lang='grc' dir='ltr'>συγχωρήσοι</span> <span class='ocrx_word' id='word_1_442' title='bbox 3225 3211 3357 3273; x_wconf 88' lang='grc' dir='ltr'>Θεός</span> <span class='ocrx_word' id='word_1_443' title='bbox 3400 3225 3415 3239; x_wconf 78' lang='grc'><strong><em>⁸</em></strong></span> <span class='ocrx_word' id='word_1_444' title='bbox 3467 3210 3665 3261; x_wconf 78' lang='grc' dir='ltr'>ἐκεῖνοι</span> <span class='ocrx_word' id='word_1_445' title='bbox 3731 3205 3791 3257; x_wconf 68' lang='grc' dir='ltr'>δὲ</span> 
     </span>
    </p>
   </div>
   <div class='ocr_carea' id='block_1_66' title="bbox 529 3299 3790 3377">
    <p class='ocr_par' dir='ltr' id='par_1_66' title="bbox 529 3299 3790 3377">
     <span class='ocr_line' id='line_1_66' title="bbox 529 3299 3790 3377; baseline 0 -28"><span class='ocrx_word' id='word_1_446' title='bbox 529 3300 745 3363; x_wconf 78' lang='grc' dir='ltr'>πάντως</span> <span class='ocrx_word' id='word_1_447' title='bbox 777 3299 963 3370; x_wconf 81' lang='grc' dir='ltr'>ἐροῦσι</span> <span class='ocrx_word' id='word_1_448' title='bbox 994 3302 1090 3353; x_wconf 70' lang='grc' dir='ltr'><strong>καὶ</strong></span> <span class='ocrx_word' id='word_1_449' title='bbox 1146 3300 1368 3352; x_wconf 81' lang='grc' dir='ltr'>πλείονα</span> <span class='ocrx_word' id='word_1_450' title='bbox 1407 3299 1660 3363; x_wconf 80' lang='grc' dir='ltr'>λυθέντος</span> <span class='ocrx_word' id='word_1_451' title='bbox 1690 3299 1782 3353; x_wconf 91' lang='grc' dir='ltr'><strong>τοῦ</strong></span> <span class='ocrx_word' id='word_1_452' title='bbox 1808 3299 1974 3370; x_wconf 74' lang='grc' dir='ltr'>φόϐου</span> <span class='ocrx_word' id='word_1_453' title='bbox 2015 3299 2110 3352; x_wconf 78' lang='grc' dir='ltr'><strong>τοῦ</strong></span> <span class='ocrx_word' id='word_1_454' title='bbox 2146 3300 2326 3370; x_wconf 85' lang='grc' dir='ltr'>λέγειν</span> <span class='ocrx_word' id='word_1_455' title='bbox 2366 3303 2599 3358; x_wconf 79' lang='grc' dir='ltr'>ἕκαστον</span> <span class='ocrx_word' id='word_1_456' title='bbox 2626 3308 2758 3377; x_wconf 80' lang='grc' dir='ltr'>περὶ</span> <span class='ocrx_word' id='word_1_457' title='bbox 2778 3305 2895 3370; x_wconf 84' lang='grc' dir='ltr'>σοῦ,</span> <span class='ocrx_word' id='word_1_458' title='bbox 2938 3307 3085 3368; x_wconf 85' lang='grc' dir='ltr'>ὅπως</span> <span class='ocrx_word' id='word_1_459' title='bbox 3113 3304 3228 3375; x_wconf 80' lang='grc' dir='ltr'>εχει</span> <span class='ocrx_word' id='word_1_460' title='bbox 3255 3304 3571 3375; x_wconf 82' lang='grc' dir='ltr'>φρονήσεως</span> <span class='ocrx_word' id='word_1_461' title='bbox 3600 3316 3614 3331; x_wconf 74' lang='grc' dir='ltr'><strong>ο</strong></span> <span class='ocrx_word' id='word_1_462' title='bbox 3650 3301 3790 3353; x_wconf 84' lang='grc' dir='ltr'>ὅπου</span> 
     </span>
    </p>
   </div>
   <div class='ocr_carea' id='block_1_67' title="bbox 528 3391 3793 3468">
    <p class='ocr_par' dir='ltr' id='par_1_67' title="bbox 528 3391 3793 3468">
     <span class='ocr_line' id='line_1_67' title="bbox 528 3391 3793 3468; baseline 0.001 -24"><span class='ocrx_word' id='word_1_463' title='bbox 528 3410 589 3460; x_wconf 79' lang='grc' dir='ltr'><strong>γε</strong></span> <span class='ocrx_word' id='word_1_464' title='bbox 622 3393 715 3444; x_wconf 67' lang='grc' dir='ltr'>καὶ</span> <span class='ocrx_word' id='word_1_465' title='bbox 748 3391 865 3456; x_wconf 91' lang='grc' dir='ltr'>νῦν,</span> <span class='ocrx_word' id='word_1_466' title='bbox 890 3392 977 3445; x_wconf 80' lang='grc' dir='ltr'>ἶνα</span> <span class='ocrx_word' id='word_1_467' title='bbox 1009 3394 1083 3462; x_wconf 80' lang='grc' dir='ltr'>μὴ</span> <span class='ocrx_word' id='word_1_468' title='bbox 1117 3392 1259 3462; x_wconf 88' lang='grc' dir='ltr'>λέγω</span> <span class='ocrx_word' id='word_1_469' title='bbox 1288 3393 1511 3460; x_wconf 82' lang='grc' dir='ltr'>πάντες,</span> <span class='ocrx_word' id='word_1_470' title='bbox 1540 3395 1677 3447; x_wconf 81' lang='grc' dir='ltr'><strong>ἀλλά</strong></span> <span class='ocrx_word' id='word_1_471' title='bbox 1715 3395 1921 3460; x_wconf 70' lang='grc' dir='ltr'>πολλοὶ,</span> <span class='ocrx_word' id='word_1_472' title='bbox 1956 3397 2031 3458; x_wconf 82' lang='grc' dir='ltr'>ὥς</span> <span class='ocrx_word' id='word_1_473' title='bbox 2063 3412 2126 3464; x_wconf 87' lang='grc' dir='ltr'><strong>γε</strong></span> <span class='ocrx_word' id='word_1_474' title='bbox 2166 3398 2461 3467; x_wconf 85' lang='grc' dir='ltr'>ἀκούομεν,</span> <span class='ocrx_word' id='word_1_475' title='bbox 2495 3400 2591 3453; x_wconf 90' lang='grc' dir='ltr'><strong>τοῦ</strong></span> <span class='ocrx_word' id='word_1_476' title='bbox 2628 3402 2723 3453; x_wconf 83' lang='grc' dir='ltr'><strong>σοῦ</strong></span> <span class='ocrx_word' id='word_1_477' title='bbox 2755 3400 2908 3465; x_wconf 87' lang='grc' dir='ltr'>λαοῦ,</span> <span class='ocrx_word' id='word_1_478' title='bbox 2944 3399 3038 3453; x_wconf 91' lang='grc' dir='ltr'><strong>τοῦ</strong></span> <span class='ocrx_word' id='word_1_479' title='bbox 3080 3400 3177 3453; x_wconf 92' lang='grc' dir='ltr'><strong>σοῦ</strong></span> <span class='ocrx_word' id='word_1_480' title='bbox 3226 3399 3442 3468; x_wconf 83' lang='grc' dir='ltr'>γένους,</span> <span class='ocrx_word' id='word_1_481' title='bbox 3478 3396 3793 3468; x_wconf 79' lang='grc' dir='ltr'>μέμφονται</span> 
     </span>
    </p>
   </div>
   <div class='ocr_carea' id='block_1_68' title="bbox 530 3484 2440 3567">
    <p class='ocr_par' dir='ltr' id='par_1_68' title="bbox 530 3484 2440 3567">
     <span class='ocr_line' id='line_1_68' title="bbox 530 3484 2440 3567; baseline 0.006 -31"><span class='ocrx_word' id='word_1_482' title='bbox 530 3484 623 3537; x_wconf 81' lang='grc' dir='ltr'><strong>τοῦ</strong></span> <span class='ocrx_word' id='word_1_483' title='bbox 663 3485 946 3539; x_wconf 79' lang='grc' dir='ltr'>ἀπαύστου</span> <span class='ocrx_word' id='word_1_484' title='bbox 976 3484 1239 3554; x_wconf 87' lang='grc' dir='ltr'>πολέμου,</span> <span class='ocrx_word' id='word_1_485' title='bbox 1274 3485 1509 3547; x_wconf 77' lang='grc' dir='ltr'>καὶτοῖς</span> <span class='ocrx_word' id='word_1_486' title='bbox 1548 3488 1856 3567; x_wconf 76' lang='grc' dir='ltr'>γινομένοις</span> <span class='ocrx_word' id='word_1_487' title='bbox 1890 3489 2355 3554; x_wconf 75' lang='grc' dir='ltr'>ἐπιστενάζουσιν.</span> <span class='ocrx_word' id='word_1_488' title='bbox 2426 3511 2440 3535; x_wconf 62' lang='grc' dir='ltr'><strong>κ</strong></span> 
     </span>
    </p>
   </div>
   <div class='ocr_carea' id='block_1_69' title="bbox 603 3640 2106 3714">
    <p class='ocr_par' dir='ltr' id='par_1_69' title="bbox 603 3640 2106 3714">
     <span class='ocr_line' id='line_1_69' title="bbox 603 3640 2106 3714; baseline 0.004 -20"><span class='ocrx_word' id='word_1_489' title='bbox 603 3640 729 3695; x_wconf 76' lang='lat' dir='ltr'><strong>Mihi</strong></span> <span class='ocrx_word' id='word_1_490' title='bbox 767 3642 1023 3696; x_wconf 88' lang='lat' dir='ltr'><strong>conscius</strong></span> <span class='ocrx_word' id='word_1_491' title='bbox 1055 3656 1175 3695; x_wconf 88' lang='lat' dir='ltr'><strong>sum</strong></span> <span class='ocrx_word' id='word_1_492' title='bbox 1205 3642 1327 3711; x_wconf 89' lang='lat' dir='ltr'><strong>plus</strong></span> <span class='ocrx_word' id='word_1_493' title='bbox 1360 3657 1519 3713; x_wconf 82' lang='lat' dir='ltr'><strong>aequo</strong></span> <span class='ocrx_word' id='word_1_494' title='bbox 1549 3643 1781 3711; x_wconf 78' lang='lat' dir='ltr'><strong>dixisse;</strong></span> <span class='ocrx_word' id='word_1_495' title='bbox 1807 3645 1937 3714; x_wconf 91' lang='lat' dir='ltr'><strong>quid</strong></span> <span class='ocrx_word' id='word_1_496' title='bbox 1975 3658 2106 3700; x_wconf 85' lang='lat' dir='ltr'><strong>vero</strong></span> 
     </span>
    </p>
   </div>
   <div class='ocr_carea' id='block_1_70' title="bbox 530 3730 2104 3805">
    <p class='ocr_par' dir='ltr' id='par_1_70' title="bbox 530 3730 2104 3805">
     <span class='ocr_line' id='line_1_70' title="bbox 530 3730 2104 3805; baseline 0.003 -20"><span class='ocrx_word' id='word_1_497' title='bbox 530 3732 724 3800; x_wconf 52' lang='lat' dir='ltr'><strong>agam?</strong></span> <span class='ocrx_word' id='word_1_498' title='bbox 758 3730 911 3785; x_wconf 85' lang='lat' dir='ltr'><strong>Licet</strong></span> <span class='ocrx_word' id='word_1_499' title='bbox 968 3732 1248 3802; x_wconf 73' lang='lat' dir='ltr'><strong>indignus,</strong></span> <span class='ocrx_word' id='word_1_500' title='bbox 1285 3736 1433 3802; x_wconf 88' lang='lat' dir='ltr'><strong>pacis</strong></span> <span class='ocrx_word' id='word_1_501' title='bbox 1475 3735 1767 3799; x_wconf 88' lang='lat' dir='ltr'><strong>mediator,</strong></span> <span class='ocrx_word' id='word_1_502' title='bbox 1798 3735 1949 3805; x_wconf 86' lang='lat' dir='ltr'><strong>pacis</strong></span> <span class='ocrx_word' id='word_1_503' title='bbox 1986 3752 2104 3789; x_wconf 86' lang='lat' dir='ltr'><strong>ma-</strong></span> 
     </span>
    </p>
   </div>
   <div class='ocr_carea' id='block_1_71' title="bbox 530 3824 2103 3896">
    <p class='ocr_par' dir='ltr' id='par_1_71' title="bbox 530 3824 2103 3896">
     <span class='ocr_line' id='line_1_71' title="bbox 530 3824 2103 3896; baseline 0.004 -23"><span class='ocrx_word' id='word_1_504' title='bbox 530 3826 698 3891; x_wconf 79' lang='lat' dir='ltr'><strong>gister</strong></span> <span class='ocrx_word' id='word_1_505' title='bbox 728 3837 759 3877; x_wconf 86' lang='lat' dir='ltr'><strong>a</strong></span> <span class='ocrx_word' id='word_1_506' title='bbox 794 3824 901 3876; x_wconf 87' lang='lat' dir='ltr'><strong>Deo</strong></span> <span class='ocrx_word' id='word_1_507' title='bbox 938 3839 1059 3878; x_wconf 89' lang='lat' dir='ltr'><strong>sum</strong></span> <span class='ocrx_word' id='word_1_508' title='bbox 1092 3827 1464 3889; x_wconf 82' lang='lat' dir='ltr'><strong>constitutus;</strong></span> <span class='ocrx_word' id='word_1_509' title='bbox 1498 3834 1553 3880; x_wconf 84' lang='lat' dir='ltr'><strong>et</strong></span> <span class='ocrx_word' id='word_1_510' title='bbox 1578 3825 1754 3880; x_wconf 89' lang='lat' dir='ltr'><strong>donec</strong></span> <span class='ocrx_word' id='word_1_511' title='bbox 1799 3827 2103 3896; x_wconf 84' lang='lat' dir='ltr'><strong>respirabo,</strong></span> 
     </span>
    </p>
   </div>
   <div class='ocr_carea' id='block_1_72' title="bbox 531 3917 2102 3986">
    <p class='ocr_par' dir='ltr' id='par_1_72' title="bbox 531 3917 2102 3986">
     <span class='ocr_line' id='line_1_72' title="bbox 531 3917 2102 3986; baseline 0.003 -17"><span class='ocrx_word' id='word_1_512' title='bbox 531 3917 665 3969; x_wconf 80' lang='lat' dir='ltr'><strong>mihi</strong></span> <span class='ocrx_word' id='word_1_513' title='bbox 700 3932 927 3971; x_wconf 83' lang='lat' dir='ltr'><strong>necesse</strong></span> <span class='ocrx_word' id='word_1_514' title='bbox 951 3918 1178 3971; x_wconf 87' lang='lat' dir='ltr'><strong>estsine</strong></span> <span class='ocrx_word' id='word_1_515' title='bbox 1227 3918 1639 3973; x_wconf 83' lang='lat' dir='ltr'><strong>intermissione</strong></span> <span class='ocrx_word' id='word_1_516' title='bbox 1666 3920 1856 3973; x_wconf 82' lang='lat' dir='ltr'><strong>eadem</strong></span> <span class='ocrx_word' id='word_1_517' title='bbox 1908 3920 2053 3986; x_wconf 80' lang='lat' dir='ltr'><strong>loqui</strong></span> <span class='ocrx_word' id='word_1_518' title='bbox 2086 3937 2102 3985; x_wconf 89' lang='lat'><strong>;</strong></span> 
     </span>
    </p>
   </div>
   <div class='ocr_carea' id='block_1_73' title="bbox 531 4008 2108 4080">
    <p class='ocr_par' dir='ltr' id='par_1_73' title="bbox 531 4008 2108 4080">
     <span class='ocr_line' id='line_1_73' title="bbox 531 4008 2108 4080; baseline 0.005 -22"><span class='ocrx_word' id='word_1_519' title='bbox 531 4008 810 4076; x_wconf 62' lang='lat' dir='ltr'><strong>praecipue</strong></span> <span class='ocrx_word' id='word_1_520' title='bbox 860 4017 1046 4063; x_wconf 86' lang='lat' dir='ltr'><strong>autem</strong></span> <span class='ocrx_word' id='word_1_521' title='bbox 1094 4025 1266 4074; x_wconf 91' lang='lat' dir='ltr'><strong>nunc,</strong></span> <span class='ocrx_word' id='word_1_522' title='bbox 1312 4012 1533 4079; x_wconf 86' lang='lat' dir='ltr'><strong>quando</strong></span> <span class='ocrx_word' id='word_1_523' title='bbox 1585 4012 1806 4080; x_wconf 89' lang='lat' dir='ltr'><strong>quidem</strong></span> <span class='ocrx_word' id='word_1_524' title='bbox 1849 4011 2003 4065; x_wconf 89' lang='lat' dir='ltr'><strong>liberi</strong></span> <span class='ocrx_word' id='word_1_525' title='bbox 2054 4014 2108 4067; x_wconf 91' lang='lat' dir='ltr'><strong>in</strong></span> 
     </span>
    </p>
   </div>
   <div class='ocr_carea' id='block_1_74' title="bbox 532 4096 2107 4165">
    <p class='ocr_par' dir='ltr' id='par_1_74' title="bbox 532 4096 2107 4165">
     <span class='ocr_line' id='line_1_74' title="bbox 532 4096 2107 4165; baseline 0.005 -16"><span class='ocrx_word' id='word_1_526' title='bbox 532 4107 809 4165; x_wconf 78' lang='lat' dir='ltr'><strong>parentes,</strong></span> <span class='ocrx_word' id='word_1_527' title='bbox 843 4098 1039 4154; x_wconf 80' lang='lat' dir='ltr'><strong>fratres</strong></span> <span class='ocrx_word' id='word_1_528' title='bbox 1070 4100 1123 4154; x_wconf 90' lang='lat' dir='ltr'><strong>in</strong></span> <span class='ocrx_word' id='word_1_529' title='bbox 1167 4101 1362 4155; x_wconf 79' lang='lat' dir='ltr'><strong>fratres</strong></span> <span class='ocrx_word' id='word_1_530' title='bbox 1391 4102 1730 4157; x_wconf 84' lang='lat' dir='ltr'><strong>insanientes</strong></span> <span class='ocrx_word' id='word_1_531' title='bbox 1783 4118 1843 4158; x_wconf 87' lang='lat' dir='ltr'><strong>se</strong></span> <span class='ocrx_word' id='word_1_532' title='bbox 1874 4096 2107 4157; x_wconf 77' lang='lat' dir='ltr'><strong>ibvicem</strong></span> 
     </span>
    </p>
   </div>
   <div class='ocr_carea' id='block_1_75' title="bbox 534 4190 2111 4261">
    <p class='ocr_par' dir='ltr' id='par_1_75' title="bbox 534 4190 2111 4261">
     <span class='ocr_line' id='line_1_75' title="bbox 534 4190 2111 4261; baseline 0.006 -24"><span class='ocrx_word' id='word_1_533' title='bbox 534 4196 809 4251; x_wconf 83' lang='lat' dir='ltr'><strong>mactant;</strong></span> <span class='ocrx_word' id='word_1_534' title='bbox 835 4190 1056 4255; x_wconf 88' lang='lat' dir='ltr'><strong>quando</strong></span> <span class='ocrx_word' id='word_1_535' title='bbox 1082 4205 1249 4242; x_wconf 88' lang='lat' dir='ltr'><strong>unum</strong></span> <span class='ocrx_word' id='word_1_536' title='bbox 1280 4206 1482 4260; x_wconf 85' lang='lat' dir='ltr'><strong>corpus</strong></span> <span class='ocrx_word' id='word_1_537' title='bbox 1497 4191 1700 4246; x_wconf 83' lang='lat' dir='ltr'><strong>Christi</strong></span> <span class='ocrx_word' id='word_1_538' title='bbox 1725 4202 1778 4247; x_wconf 88' lang='lat' dir='ltr'><strong>et</strong></span> <span class='ocrx_word' id='word_1_539' title='bbox 1800 4193 1893 4247; x_wconf 83' lang='lat' dir='ltr'><strong>Dei</strong></span> <span class='ocrx_word' id='word_1_540' title='bbox 1918 4196 2111 4261; x_wconf 80' lang='lat' dir='ltr'><strong>nostri,</strong></span> 
     </span>
    </p>
   </div>
   <div class='ocr_carea' id='block_1_76' title="bbox 532 4278 2110 4353">
    <p class='ocr_par' dir='ltr' id='par_1_76' title="bbox 532 4278 2110 4353">
     <span class='ocr_line' id='line_1_76' title="bbox 532 4278 2110 4353; baseline 0.007 -24"><span class='ocrx_word' id='word_1_541' title='bbox 532 4278 688 4345; x_wconf 87' lang='lat' dir='ltr'><strong>quasi</strong></span> <span class='ocrx_word' id='word_1_542' title='bbox 714 4279 909 4348; x_wconf 77' lang='lat' dir='ltr'><strong>capitis</strong></span> <span class='ocrx_word' id='word_1_543' title='bbox 939 4295 1048 4349; x_wconf 90' lang='lat' dir='ltr'><strong>quo</strong></span> <span class='ocrx_word' id='word_1_544' title='bbox 1069 4283 1368 4337; x_wconf 84' lang='lat' dir='ltr'><strong>adunatum</strong></span> <span class='ocrx_word' id='word_1_545' title='bbox 1390 4293 1494 4346; x_wconf 88' lang='lat' dir='ltr'><strong>est,</strong></span> <span class='ocrx_word' id='word_1_546' title='bbox 1527 4284 1753 4338; x_wconf 83' lang='lat' dir='ltr'><strong>oblitum</strong></span> <span class='ocrx_word' id='word_1_547' title='bbox 1789 4285 1841 4337; x_wconf 93' lang='lat' dir='ltr'><strong>in</strong></span> <span class='ocrx_word' id='word_1_548' title='bbox 1872 4290 2110 4353; x_wconf 86' lang='lat' dir='ltr'><strong>seipsum</strong></span> 
     </span>
    </p>
   </div>
   <div class='ocr_carea' id='block_1_77' title="bbox 2284 3642 3794 3717">
    <p class='ocr_par' dir='ltr' id='par_1_77' title="bbox 2284 3642 3794 3717">
     <span class='ocr_line' id='line_1_77' title="bbox 2284 3642 3794 3717; baseline -0.004 -16"><span class='ocrx_word' id='word_1_549' title='bbox 2284 3647 2622 3717; x_wconf 79' lang='grc' dir='ltr'>Αίσθάνομαι</span> <span class='ocrx_word' id='word_1_550' title='bbox 2677 3647 2839 3702; x_wconf 79' lang='grc' dir='ltr'>πλέον</span> <span class='ocrx_word' id='word_1_551' title='bbox 2885 3648 2981 3702; x_wconf 88' lang='grc' dir='ltr'><strong>τοῦ</strong></span> <span class='ocrx_word' id='word_1_552' title='bbox 3026 3649 3241 3709; x_wconf 77' lang='grc' dir='ltr'>δέοντος</span> <span class='ocrx_word' id='word_1_553' title='bbox 3309 3646 3518 3699; x_wconf 79' lang='grc' dir='ltr'>εἰπών·</span> <span class='ocrx_word' id='word_1_554' title='bbox 3559 3642 3695 3697; x_wconf 66' lang='grc' dir='ltr'>ἀλλὰ</span> <span class='ocrx_word' id='word_1_555' title='bbox 3734 3643 3794 3695; x_wconf 88' lang='grc' dir='ltr'><strong>τί</strong></span> 
     </span>
    </p>
   </div>
   <div class='ocr_carea' id='block_1_78' title="bbox 2215 3738 3795 3810">
    <p class='ocr_par' dir='ltr' id='par_1_78' title="bbox 2215 3738 3795 3810">
     <span class='ocr_line' id='line_1_78' title="bbox 2215 3738 3795 3810; baseline -0.004 -18"><span class='ocrx_word' id='word_1_556' title='bbox 2215 3739 2439 3810; x_wconf 82' lang='grc' dir='ltr'>πράξω;</span> <span class='ocrx_word' id='word_1_557' title='bbox 2477 3740 2571 3802; x_wconf 78' lang='grc' dir='ltr'><strong>Εἰς</strong></span> <span class='ocrx_word' id='word_1_558' title='bbox 2597 3738 2777 3801; x_wconf 83' lang='grc' dir='ltr'>τοῦτο,</span> <span class='ocrx_word' id='word_1_559' title='bbox 2820 3741 2868 3792; x_wconf 82' lang='grc' dir='ltr'><strong>εί</strong></span> <span class='ocrx_word' id='word_1_560' title='bbox 2920 3744 3014 3794; x_wconf 65' lang='grc' dir='ltr'>καὶ</span> <span class='ocrx_word' id='word_1_561' title='bbox 3043 3739 3284 3804; x_wconf 76' lang='grc' dir='ltr'>ἀνάξιος,</span> <span class='ocrx_word' id='word_1_562' title='bbox 3324 3738 3795 3808; x_wconf 83' lang='grc' dir='ltr'>προκεχειρισμαι</span> 
     </span>
    </p>
   </div>
   <div class='ocr_carea' id='block_1_79' title="bbox 2216 3825 3797 3902">
    <p class='ocr_par' dir='ltr' id='par_1_79' title="bbox 2216 3825 3797 3902">
     <span class='ocr_line' id='line_1_79' title="bbox 2216 3825 3797 3902; baseline -0.003 -19"><span class='ocrx_word' id='word_1_563' title='bbox 2216 3830 2319 3883; x_wconf 73' lang='grc' dir='ltr'><strong>ὑπὸ</strong></span> <span class='ocrx_word' id='word_1_564' title='bbox 2341 3831 2481 3883; x_wconf 83' lang='grc' dir='ltr'>Θεοῦ</span> <span class='ocrx_word' id='word_1_565' title='bbox 2516 3831 2749 3899; x_wconf 89' lang='grc' dir='ltr'>μεσίτης</span> <span class='ocrx_word' id='word_1_566' title='bbox 2780 3832 3037 3902; x_wconf 72' lang='grc' dir='ltr'>εἰρήνης,</span> <span class='ocrx_word' id='word_1_567' title='bbox 3060 3829 3381 3890; x_wconf 87' lang='grc' dir='ltr'>διδάσκαλος</span> <span class='ocrx_word' id='word_1_568' title='bbox 3404 3829 3648 3898; x_wconf 74' lang='grc' dir='ltr'>εἰρήνης.</span> <span class='ocrx_word' id='word_1_569' title='bbox 3679 3825 3797 3878; x_wconf 71' lang='grc' dir='ltr'><strong>Καὶ</strong></span> 
     </span>
    </p>
   </div>
   <div class='ocr_carea' id='block_1_80' title="bbox 2219 3917 3795 3994">
    <p class='ocr_par' dir='ltr' id='par_1_80' title="bbox 2219 3917 3795 3994">
     <span class='ocr_line' id='line_1_80' title="bbox 2219 3917 3795 3994; baseline -0.011 -7"><span class='ocrx_word' id='word_1_570' title='bbox 2219 3923 2409 3993; x_wconf 80' lang='grc' dir='ltr'>μέχρις</span> <span class='ocrx_word' id='word_1_571' title='bbox 2446 3925 2511 3976; x_wconf 85' lang='grc' dir='ltr'>ἂν</span> <span class='ocrx_word' id='word_1_572' title='bbox 2544 3927 2576 3992; x_wconf 75' lang='grc' dir='ltr'><strong>ἡ</strong></span> <span class='ocrx_word' id='word_1_573' title='bbox 2613 3924 2749 3994; x_wconf 82' lang='grc' dir='ltr'>πνοὴ</span> <span class='ocrx_word' id='word_1_574' title='bbox 2803 3925 3047 3993; x_wconf 76' lang='grc' dir='ltr'>ὲπαρκῇ,</span> <span class='ocrx_word' id='word_1_575' title='bbox 3102 3921 3276 3976; x_wconf 88' lang='grc' dir='ltr'>ταῦτά</span> <span class='ocrx_word' id='word_1_576' title='bbox 3318 3938 3408 3990; x_wconf 90' lang='grc' dir='ltr'><strong>μοι</strong></span> <span class='ocrx_word' id='word_1_577' title='bbox 3452 3917 3795 3987; x_wconf 78' lang='grc' dir='ltr'>φθέγγεσθαι</span> 
     </span>
    </p>
   </div>
   <div class='ocr_carea' id='block_1_81' title="bbox 2213 4009 3901 4085">
    <p class='ocr_par' dir='ltr' id='par_1_81' title="bbox 2213 4009 3901 4085">
     <span class='ocr_line' id='line_1_81' title="bbox 2213 4009 3901 4085; baseline -0.005 -18"><span class='ocrx_word' id='word_1_578' title='bbox 2213 4015 2427 4085; x_wconf 80' lang='grc' dir='ltr'>ἀνάγκη</span> <span class='ocrx_word' id='word_1_579' title='bbox 2484 4014 2572 4067; x_wconf 84' lang='grc' dir='ltr'><strong>διὰ</strong></span> <span class='ocrx_word' id='word_1_580' title='bbox 2620 4016 2845 4078; x_wconf 86' lang='grc' dir='ltr'>παντὸς,</span> <span class='ocrx_word' id='word_1_581' title='bbox 2886 4017 2980 4070; x_wconf 72' lang='grc' dir='ltr'>καὶ</span> <span class='ocrx_word' id='word_1_582' title='bbox 3009 4014 3247 4083; x_wconf 71' lang='grc' dir='ltr'>μάλιστα</span> <span class='ocrx_word' id='word_1_583' title='bbox 3290 4011 3387 4066; x_wconf 88' lang='grc' dir='ltr'><strong>νῦν</strong></span> <span class='ocrx_word' id='word_1_584' title='bbox 3424 4011 3590 4064; x_wconf 83' lang='grc' dir='ltr'>ὁπότε</span> <span class='ocrx_word' id='word_1_585' title='bbox 3620 4009 3793 4062; x_wconf 82' lang='grc' dir='ltr'>τέκνα</span> <span class='ocrx_word' id='word_1_586' title='bbox 3892 4018 3901 4027; x_wconf 87' lang='grc'><strong>’</strong></span> 
     </span>
    </p>
   </div>
   <div class='ocr_carea' id='block_1_82' title="bbox 2215 4102 3793 4177">
    <p class='ocr_par' dir='ltr' id='par_1_82' title="bbox 2215 4102 3793 4177">
     <span class='ocr_line' id='line_1_82' title="bbox 2215 4102 3793 4177; baseline -0.011 -8"><span class='ocrx_word' id='word_1_587' title='bbox 2215 4107 2357 4175; x_wconf 81' lang='grc' dir='ltr'>πρὸς</span> <span class='ocrx_word' id='word_1_588' title='bbox 2415 4107 2696 4177; x_wconf 80' lang='grc' dir='ltr'>πατέρας,</span> <span class='ocrx_word' id='word_1_589' title='bbox 2726 4132 2729 4133; x_wconf 52' lang='grc' dir='ltr'><strong>ν</strong></span> <span class='ocrx_word' id='word_1_590' title='bbox 2759 4106 2980 4176; x_wconf 76' lang='grc' dir='ltr'>ἀδελφοὶ</span> <span class='ocrx_word' id='word_1_591' title='bbox 3033 4106 3301 4175; x_wconf 78' lang='grc' dir='ltr'>ἀδελφοὺς</span> <span class='ocrx_word' id='word_1_592' title='bbox 3348 4104 3470 4157; x_wconf 86' lang='grc' dir='ltr'>κατ’</span> <span class='ocrx_word' id='word_1_593' title='bbox 3540 4102 3793 4170; x_wconf 80' lang='grc' dir='ltr'>ἀλλήλων</span> 
     </span>
    </p>
   </div>
   <div class='ocr_carea' id='block_1_83' title="bbox 2213 4190 3792 4266">
    <p class='ocr_par' dir='ltr' id='par_1_83' title="bbox 2213 4190 3792 4266">
     <span class='ocr_line' id='line_1_83' title="bbox 2213 4190 3792 4266; baseline -0.004 -17"><span class='ocrx_word' id='word_1_594' title='bbox 2213 4197 2547 4263; x_wconf 70' lang='grc' dir='ltr'>ἐκμανέντες</span> <span class='ocrx_word' id='word_1_595' title='bbox 2602 4198 3053 4266; x_wconf 70' lang='grc' dir='ltr'>ἀποσφάττουσιν</span> <span class='ocrx_word' id='word_1_596' title='bbox 3086 4212 3101 4229; x_wconf 77' lang='grc' dir='ltr'><strong><em>ο</em></strong></span> <span class='ocrx_word' id='word_1_597' title='bbox 3142 4196 3230 4249; x_wconf 80' lang='grc' dir='ltr'>ὅτε</span> <span class='ocrx_word' id='word_1_598' title='bbox 3288 4194 3350 4248; x_wconf 85' lang='grc' dir='ltr'>τὸ</span> <span class='ocrx_word' id='word_1_599' title='bbox 3384 4194 3443 4245; x_wconf 78' lang='grc' dir='ltr'>ἓν</span> <span class='ocrx_word' id='word_1_600' title='bbox 3483 4192 3640 4262; x_wconf 84' lang='grc' dir='ltr'>σῶμα</span> <span class='ocrx_word' id='word_1_601' title='bbox 3691 4190 3792 4245; x_wconf 84' lang='grc' dir='ltr'><strong>τοῦ</strong></span> 
     </span>
    </p>
   </div>
   <div class='ocr_carea' id='block_1_84' title="bbox 2211 4283 3795 4356">
    <p class='ocr_par' dir='ltr' id='par_1_84' title="bbox 2211 4283 3795 4356">
     <span class='ocr_line' id='line_1_84' title="bbox 2211 4283 3795 4356; baseline -0.002 -18"><span class='ocrx_word' id='word_1_602' title='bbox 2211 4285 2449 4355; x_wconf 83' lang='grc' dir='ltr'>Χριστοῦ</span> <span class='ocrx_word' id='word_1_603' title='bbox 2481 4286 2578 4339; x_wconf 62' lang='grc' dir='ltr'><strong>κα)⁵</strong></span> <span class='ocrx_word' id='word_1_604' title='bbox 2607 4287 2741 4339; x_wconf 81' lang='grc' dir='ltr'>Θεοῦ</span> <span class='ocrx_word' id='word_1_605' title='bbox 2790 4288 2973 4356; x_wconf 74' lang='grc' dir='ltr'>ἡμῶν,</span> <span class='ocrx_word' id='word_1_606' title='bbox 3008 4287 3201 4356; x_wconf 81' lang='grc' dir='ltr'>ὥσπερ</span> <span class='ocrx_word' id='word_1_607' title='bbox 3229 4285 3332 4354; x_wconf 83' lang='grc' dir='ltr'>τῆς</span> <span class='ocrx_word' id='word_1_608' title='bbox 3362 4286 3499 4347; x_wconf 87' lang='grc' dir='ltr'>ίδίας</span> <span class='ocrx_word' id='word_1_609' title='bbox 3534 4283 3795 4338; x_wconf 70' lang='grc' dir='ltr'>ἂπιλαθὸ-</span> 
     </span>
    </p>
   </div>
   <div class='ocr_carea' id='block_1_85' title="bbox 532 4370 2110 4451">
    <p class='ocr_par' dir='ltr' id='par_1_85' title="bbox 532 4370 2104 4444">
     <span class='ocr_line' id='line_1_85' title="bbox 532 4370 2104 4444; baseline 0.006 -21"><span class='ocrx_word' id='word_1_610' title='bbox 532 4370 789 4440; x_wconf 72' lang='lat' dir='ltr'><strong>insurgit,</strong></span> <span class='ocrx_word' id='word_1_611' title='bbox 831 4372 1168 4441; x_wconf 88' lang='lat' dir='ltr'><strong>insanosque</strong></span> <span class='ocrx_word' id='word_1_612' title='bbox 1193 4376 1444 4429; x_wconf 84' lang='lat' dir='ltr'><strong>imitatur</strong></span> <span class='ocrx_word' id='word_1_613' title='bbox 1475 4377 1568 4444; x_wconf 82' lang='lat' dir='ltr'><strong>qui</strong></span> <span class='ocrx_word' id='word_1_614' title='bbox 1600 4393 1699 4431; x_wconf 82' lang='lat' dir='ltr'><strong>sua</strong></span> <span class='ocrx_word' id='word_1_615' title='bbox 1738 4380 1981 4432; x_wconf 75' lang='lat' dir='ltr'><strong>membra</strong></span> <span class='ocrx_word' id='word_1_616' title='bbox 2011 4383 2104 4433; x_wconf 90' lang='lat' dir='ltr'><strong>de-</strong></span> 
     </span>
    </p>
   </div>
   <div class='ocr_carea' id='block_1_86' title="bbox 2214 4370 3793 4451">
    <p class='ocr_par' dir='ltr' id='par_1_86' title="bbox 2214 4372 3793 4451">
     <span class='ocr_line' id='line_1_86' title="bbox 2214 4372 3793 4451; baseline -0.001 -23"><span class='ocrx_word' id='word_1_617' title='bbox 2214 4393 2375 4444; x_wconf 88' lang='grc' dir='ltr'>μενον</span> <span class='ocrx_word' id='word_1_618' title='bbox 2427 4378 2670 4446; x_wconf 76' lang='grc' dir='ltr'>κεφαλῆς</span> <span class='ocrx_word' id='word_1_619' title='bbox 2718 4379 2805 4446; x_wconf 71' lang='grc' dir='ltr'><strong>ἐφ’</strong></span> <span class='ocrx_word' id='word_1_620' title='bbox 2842 4372 2877 4451; x_wconf 77' lang='grc' dir='ltr'>ᾖ</span> <span class='ocrx_word' id='word_1_621' title='bbox 2930 4378 3410 4450; x_wconf 80' lang='grc' dir='ltr'>συνηρμολογήθη,</span> <span class='ocrx_word' id='word_1_622' title='bbox 3456 4374 3580 4428; x_wconf 79' lang='grc' dir='ltr'>καθ’</span> <span class='ocrx_word' id='word_1_623' title='bbox 3623 4376 3793 4427; x_wconf 72' lang='grc' dir='ltr'>ἑαυτὸ</span> 
     </span>
    </p>
   </div>
   <div class='ocr_carea' id='block_1_87' title="bbox 533 4467 2110 4534">
    <p class='ocr_par' dir='ltr' id='par_1_87' title="bbox 533 4467 2110 4534">
     <span class='ocr_line' id='line_1_87' title="bbox 533 4467 2110 4534; baseline 0.008 -21"><span class='ocrx_word' id='word_1_624' title='bbox 533 4475 763 4529; x_wconf 76' lang='lat' dir='ltr'><strong>vorant;</strong></span> <span class='ocrx_word' id='word_1_625' title='bbox 816 4480 919 4531; x_wconf 67' lang='lat' dir='ltr'><strong>nae,</strong></span> <span class='ocrx_word' id='word_1_626' title='bbox 961 4467 1038 4518; x_wconf 90' lang='lat' dir='ltr'><strong>tui</strong></span> <span class='ocrx_word' id='word_1_627' title='bbox 1073 4468 1245 4534; x_wconf 74' lang='lat' dir='ltr'><strong>gratia</strong></span> <span class='ocrx_word' id='word_1_628' title='bbox 1279 4470 1478 4523; x_wconf 83' lang='lat' dir='ltr'><strong>veteris</strong></span> <span class='ocrx_word' id='word_1_629' title='bbox 1502 4479 1557 4523; x_wconf 88' lang='lat' dir='ltr'><strong>et</strong></span> <span class='ocrx_word' id='word_1_630' title='bbox 1585 4471 1709 4524; x_wconf 88' lang='lat' dir='ltr'><strong>novi</strong></span> <span class='ocrx_word' id='word_1_631' title='bbox 1740 4471 1902 4524; x_wconf 89' lang='lat' dir='ltr'><strong>amici</strong></span> <span class='ocrx_word' id='word_1_632' title='bbox 1928 4471 2033 4525; x_wconf 90' lang='lat' dir='ltr'><strong>mei</strong></span> <span class='ocrx_word' id='word_1_633' title='bbox 2056 4480 2110 4525; x_wconf 88' lang='lat' dir='ltr'><strong>et</strong></span> 
     </span>
    </p>
   </div>
   <div class='ocr_carea' id='block_1_88' title="bbox 532 4555 2108 4632">
    <p class='ocr_par' dir='ltr' id='par_1_88' title="bbox 532 4555 2108 4632">
     <span class='ocr_line' id='line_1_88' title="bbox 532 4555 2108 4632; baseline 0.005 -25"><span class='ocrx_word' id='word_1_634' title='bbox 532 4555 652 4616; x_wconf 89' lang='lat' dir='ltr'><strong>lllii,</strong></span> <span class='ocrx_word' id='word_1_635' title='bbox 692 4557 906 4611; x_wconf 89' lang='lat' dir='ltr'><strong>etiamsi</strong></span> <span class='ocrx_word' id='word_1_636' title='bbox 954 4574 1061 4612; x_wconf 89' lang='lat' dir='ltr'><strong>non</strong></span> <span class='ocrx_word' id='word_1_637' title='bbox 1123 4562 1538 4629; x_wconf 86' lang='lat' dir='ltr'><strong>persuaderem,</strong></span> <span class='ocrx_word' id='word_1_638' title='bbox 1580 4562 1798 4617; x_wconf 82' lang='lat' dir='ltr'><strong>etiamsi</strong></span> <span class='ocrx_word' id='word_1_639' title='bbox 1858 4562 2108 4632; x_wconf 85' lang='lat' dir='ltr'><strong>abjiciar,</strong></span> 
     </span>
    </p>
   </div>
   <div class='ocr_carea' id='block_1_89' title="bbox 532 4652 2109 4724">
    <p class='ocr_par' dir='ltr' id='par_1_89' title="bbox 532 4652 2109 4724">
     <span class='ocr_line' id='line_1_89' title="bbox 532 4652 2109 4724; baseline 0.007 -23"><span class='ocrx_word' id='word_1_640' title='bbox 532 4664 841 4702; x_wconf 79' lang='lat' dir='ltr'><strong>sermonem</strong></span> <span class='ocrx_word' id='word_1_641' title='bbox 888 4652 1201 4719; x_wconf 84' lang='lat' dir='ltr'><strong>protraltam</strong></span> <span class='ocrx_word' id='word_1_642' title='bbox 1239 4669 1254 4705; x_wconf 89' lang='lat'><strong>:</strong></span> <span class='ocrx_word' id='word_1_643' title='bbox 1297 4663 1495 4721; x_wconf 80' lang='lat' dir='ltr'><strong>exopto</strong></span> <span class='ocrx_word' id='word_1_644' title='bbox 1530 4663 1582 4708; x_wconf 87' lang='lat' dir='ltr'><strong>te</strong></span> <span class='ocrx_word' id='word_1_645' title='bbox 1639 4668 1703 4706; x_wconf 81' lang='lat' dir='ltr'><strong>ea</strong></span> <span class='ocrx_word' id='word_1_646' title='bbox 1750 4654 1803 4707; x_wconf 84' lang='lat' dir='ltr'><strong>in</strong></span> <span class='ocrx_word' id='word_1_647' title='bbox 1856 4656 2109 4724; x_wconf 67' lang='lat' dir='ltr'><strong>praesenti</strong></span> 
     </span>
    </p>
   </div>
   <div class='ocr_carea' id='block_1_90' title="bbox 532 4739 2112 4813">
    <p class='ocr_par' dir='ltr' id='par_1_90' title="bbox 532 4739 2112 4813">
     <span class='ocr_line' id='line_1_90' title="bbox 532 4739 2112 4813; baseline 0.006 -23"><span class='ocrx_word' id='word_1_648' title='bbox 532 4739 637 4792; x_wconf 82' lang='lat' dir='ltr'><strong>vita</strong></span> <span class='ocrx_word' id='word_1_649' title='bbox 681 4756 840 4809; x_wconf 75' lang='lat' dir='ltr'><strong>agere</strong></span> <span class='ocrx_word' id='word_1_650' title='bbox 874 4757 996 4811; x_wconf 67' lang='lat' dir='ltr'><strong>quae</strong></span> <span class='ocrx_word' id='word_1_651' title='bbox 1029 4752 1080 4796; x_wconf 91' lang='lat' dir='ltr'><strong>te</strong></span> <span class='ocrx_word' id='word_1_652' title='bbox 1112 4743 1260 4797; x_wconf 92' lang='lat' dir='ltr'><strong>omni</strong></span> <span class='ocrx_word' id='word_1_653' title='bbox 1316 4743 1719 4813; x_wconf 81' lang='lat' dir='ltr'><strong>vituperatione</strong></span> <span class='ocrx_word' id='word_1_654' title='bbox 1775 4746 2022 4799; x_wconf 80' lang='lat' dir='ltr'><strong>eximant</strong></span> <span class='ocrx_word' id='word_1_655' title='bbox 2058 4756 2112 4800; x_wconf 92' lang='lat' dir='ltr'><strong>et</strong></span> 
     </span>
    </p>
   </div>
   <div class='ocr_carea' id='block_1_91' title="bbox 529 4835 2108 4892">
    <p class='ocr_par' dir='ltr' id='par_1_91' title="bbox 529 4835 2108 4892">
     <span class='ocr_line' id='line_1_91' title="bbox 529 4835 2108 4892; baseline 0.004 -7"><span class='ocrx_word' id='word_1_656' title='bbox 529 4848 653 4885; x_wconf 91' lang='lat' dir='ltr'><strong>cum</strong></span> <span class='ocrx_word' id='word_1_657' title='bbox 687 4836 891 4889; x_wconf 86' lang='lat' dir='ltr'><strong>sanctis</strong></span> <span class='ocrx_word' id='word_1_658' title='bbox 922 4836 976 4888; x_wconf 93' lang='lat' dir='ltr'><strong>in</strong></span> <span class='ocrx_word' id='word_1_659' title='bbox 1001 4835 1153 4888; x_wconf 80' lang='lat' dir='ltr'><strong>beata</strong></span> <span class='ocrx_word' id='word_1_660' title='bbox 1184 4837 1413 4890; x_wconf 70' lang='lat' dir='ltr'><strong>illa’vita</strong></span> <span class='ocrx_word' id='word_1_661' title='bbox 1450 4837 1833 4891; x_wconf 88' lang='lat' dir='ltr'><strong>connumerari</strong></span> <span class='ocrx_word' id='word_1_662' title='bbox 1887 4837 2108 4892; x_wconf 83' lang='lat' dir='ltr'><strong>faciant.</strong></span> 
     </span>
    </p>
   </div>
   <div class='ocr_carea' id='block_1_92' title="bbox 544 4927 2106 4986">
    <p class='ocr_par' dir='ltr' id='par_1_92' title="bbox 544 4927 2106 4986">
     <span class='ocr_line' id='line_1_92' title="bbox 544 4927 2106 4986; baseline 0.004 -7"><span class='ocrx_word' id='word_1_663' title='bbox 544 4927 874 4981; x_wconf 82' lang='lat' dir='ltr'><strong>Mentionem</strong></span> <span class='ocrx_word' id='word_1_664' title='bbox 908 4929 1117 4983; x_wconf 83' lang='lat' dir='ltr'><strong>faciunt</strong></span> <span class='ocrx_word' id='word_1_665' title='bbox 1156 4939 1261 4984; x_wconf 59' lang='lat' dir='ltr'><strong>tua!</strong></span> <span class='ocrx_word' id='word_1_666' title='bbox 1308 4931 1501 4984; x_wconf 76' lang='lat' dir='ltr'><strong>littera:</strong></span> <span class='ocrx_word' id='word_1_667' title='bbox 1536 4932 1603 4985; x_wconf 84' lang='lat' dir='ltr'><strong>de</strong></span> <span class='ocrx_word' id='word_1_668' title='bbox 1637 4932 2062 4985; x_wconf 84' lang='lat' dir='ltr'><strong>commutatione</strong></span> <span class='ocrx_word' id='word_1_669' title='bbox 2092 4948 2106 4986; x_wconf 86' lang='lat'><strong>:</strong></span> 
     </span>
    </p>
   </div>
   <div class='ocr_carea' id='block_1_93' title="bbox 530 5020 2111 5089">
    <p class='ocr_par' dir='ltr' id='par_1_93' title="bbox 530 5020 2111 5089">
     <span class='ocr_line' id='line_1_93' title="bbox 530 5020 2111 5089; baseline 0.006 -23"><span class='ocrx_word' id='word_1_670' title='bbox 530 5034 693 5085; x_wconf 84' lang='lat' dir='ltr'><strong>quem</strong></span> <span class='ocrx_word' id='word_1_671' title='bbox 735 5021 910 5072; x_wconf 89' lang='lat' dir='ltr'><strong>locum</strong></span> <span class='ocrx_word' id='word_1_672' title='bbox 941 5035 1267 5087; x_wconf 86' lang='lat' dir='ltr'><strong>percurrens</strong></span> <span class='ocrx_word' id='word_1_673' title='bbox 1299 5020 1465 5075; x_wconf 89' lang='lat' dir='ltr'><strong>nimis</strong></span> <span class='ocrx_word' id='word_1_674' title='bbox 1503 5020 1624 5075; x_wconf 82' lang='lat' dir='ltr'><strong>flevi</strong></span> <span class='ocrx_word' id='word_1_675' title='bbox 1650 5022 1795 5089; x_wconf 89' lang='lat' dir='ltr'><strong>quod</strong></span> <span class='ocrx_word' id='word_1_676' title='bbox 1826 5022 1895 5076; x_wconf 89' lang='lat' dir='ltr'><strong>ita</strong></span> <span class='ocrx_word' id='word_1_677' title='bbox 1924 5023 2111 5076; x_wconf 81' lang='lat' dir='ltr'><strong>volue-</strong></span> 
     </span>
    </p>
   </div>
   <div class='ocr_carea' id='block_1_94' title="bbox 533 5111 2111 5183">
    <p class='ocr_par' dir='ltr' id='par_1_94' title="bbox 533 5111 2111 5183">
     <span class='ocr_line' id='line_1_94' title="bbox 533 5111 2111 5183; baseline 0.004 -22"><span class='ocrx_word' id='word_1_678' title='bbox 533 5111 603 5162; x_wconf 86' lang='lat' dir='ltr'><strong>rit</strong></span> <span class='ocrx_word' id='word_1_679' title='bbox 634 5111 886 5166; x_wconf 88' lang='lat' dir='ltr'><strong>diabolus</strong></span> <span class='ocrx_word' id='word_1_680' title='bbox 926 5122 986 5164; x_wconf 92' lang='lat' dir='ltr'><strong>ut</strong></span> <span class='ocrx_word' id='word_1_681' title='bbox 1045 5112 1390 5166; x_wconf 74' lang='lat' dir='ltr'><strong>Christianos</strong></span> <span class='ocrx_word' id='word_1_682' title='bbox 1423 5128 1521 5183; x_wconf 83' lang='lat' dir='ltr'><strong>pro</strong></span> <span class='ocrx_word' id='word_1_683' title='bbox 1565 5113 1892 5168; x_wconf 87' lang='lat' dir='ltr'><strong>Christianis</strong></span> <span class='ocrx_word' id='word_1_684' title='bbox 1925 5112 2111 5168; x_wconf 88' lang='lat' dir='ltr'><strong>fecerit</strong></span> 
     </span>
    </p>
   </div>
   <div class='ocr_carea' id='block_1_95' title="bbox 527 5204 2111 5276">
    <p class='ocr_par' dir='ltr' id='par_1_95' title="bbox 527 5204 2111 5276">
     <span class='ocr_line' id='line_1_95' title="bbox 527 5204 2111 5276; baseline 0.002 -20"><span class='ocrx_word' id='word_1_685' title='bbox 527 5204 855 5257; x_wconf 89' lang='lat' dir='ltr'><strong>commutari</strong></span> <span class='ocrx_word' id='word_1_686' title='bbox 893 5221 907 5258; x_wconf 90' lang='lat'><strong>:</strong></span> <span class='ocrx_word' id='word_1_687' title='bbox 949 5206 1108 5273; x_wconf 89' lang='lat' dir='ltr'><strong>quasi</strong></span> <span class='ocrx_word' id='word_1_688' title='bbox 1169 5206 1409 5260; x_wconf 89' lang='lat' dir='ltr'><strong>hominis</strong></span> <span class='ocrx_word' id='word_1_689' title='bbox 1455 5214 1654 5276; x_wconf 86' lang='lat' dir='ltr'><strong>corpus</strong></span> <span class='ocrx_word' id='word_1_690' title='bbox 1713 5223 1906 5271; x_wconf 88' lang='lat' dir='ltr'><strong>unum,</strong></span> <span class='ocrx_word' id='word_1_691' title='bbox 1946 5207 1999 5261; x_wconf 91' lang='lat' dir='ltr'><strong>in</strong></span> <span class='ocrx_word' id='word_1_692' title='bbox 2051 5220 2111 5260; x_wconf 89' lang='lat' dir='ltr'><strong>se</strong></span> 
     </span>
    </p>
   </div>
   <div class='ocr_carea' id='block_1_96' title="bbox 528 5297 2108 5369">
    <p class='ocr_par' dir='ltr' id='par_1_96' title="bbox 528 5297 2108 5369">
     <span class='ocr_line' id='line_1_96' title="bbox 528 5297 2108 5369; baseline 0.001 -18"><span class='ocrx_word' id='word_1_693' title='bbox 528 5297 710 5365; x_wconf 87' lang='lat' dir='ltr'><strong>ipsum</strong></span> <span class='ocrx_word' id='word_1_694' title='bbox 770 5298 1084 5367; x_wconf 79' lang='lat' dir='ltr'><strong>insurgens,</strong></span> <span class='ocrx_word' id='word_1_695' title='bbox 1135 5302 1481 5369; x_wconf 89' lang='lat' dir='ltr'><strong>propriorum</strong></span> <span class='ocrx_word' id='word_1_696' title='bbox 1545 5300 1916 5354; x_wconf 87' lang='lat' dir='ltr'><strong>membrorum</strong></span> <span class='ocrx_word' id='word_1_697' title='bbox 1991 5299 2108 5353; x_wconf 87' lang='lat' dir='ltr'><strong>lieri</strong></span> 
     </span>
    </p>
   </div>
   <div class='ocr_carea' id='block_1_97' title="bbox 530 5389 2110 5461">
    <p class='ocr_par' dir='ltr' id='par_1_97' title="bbox 530 5389 2110 5461">
     <span class='ocr_line' id='line_1_97' title="bbox 530 5389 2110 5461; baseline 0.002 -20"><span class='ocrx_word' id='word_1_698' title='bbox 530 5389 1000 5442; x_wconf 83' lang='lat' dir='ltr'><strong>commutationen</strong></span> <span class='ocrx_word' id='word_1_699' title='bbox 1057 5392 1395 5459; x_wconf 86' lang='lat' dir='ltr'><strong>postularet;</strong></span> <span class='ocrx_word' id='word_1_700' title='bbox 1432 5390 1567 5461; x_wconf 86' lang='lat' dir='ltr'><strong>quid</strong></span> <span class='ocrx_word' id='word_1_701' title='bbox 1601 5391 1782 5445; x_wconf 76' lang='lat' dir='ltr'><strong>dicis?</strong></span> <span class='ocrx_word' id='word_1_702' title='bbox 1835 5391 2110 5460; x_wconf 88' lang='lat' dir='ltr'><strong>quomodo</strong></span> 
     </span>
    </p>
   </div>
   <div class='ocr_carea' id='block_1_98' title="bbox 533 5480 2107 5551">
    <p class='ocr_par' dir='ltr' id='par_1_98' title="bbox 533 5480 2107 5551">
     <span class='ocr_line' id='line_1_98' title="bbox 533 5480 2107 5551; baseline 0.001 -18"><span class='ocrx_word' id='word_1_703' title='bbox 533 5480 822 5535; x_wconf 86' lang='lat' dir='ltr'><strong>arbitraris</strong></span> <span class='ocrx_word' id='word_1_704' title='bbox 859 5491 1106 5537; x_wconf 88' lang='lat' dir='ltr'><strong>nostrum</strong></span> <span class='ocrx_word' id='word_1_705' title='bbox 1140 5492 1306 5551; x_wconf 88' lang='lat' dir='ltr'><strong>caput</strong></span> <span class='ocrx_word' id='word_1_706' title='bbox 1337 5484 1616 5537; x_wconf 87' lang='lat' dir='ltr'><strong>Christum</strong></span> <span class='ocrx_word' id='word_1_707' title='bbox 1660 5483 1828 5537; x_wconf 84' lang='lat' dir='ltr'><strong>Deum</strong></span> <span class='ocrx_word' id='word_1_708' title='bbox 1861 5492 2107 5537; x_wconf 85' lang='lat' dir='ltr'><strong>nostrum</strong></span> 
     </span>
    </p>
   </div>
   <div class='ocr_carea' id='block_1_99' title="bbox 536 5571 2111 5645">
    <p class='ocr_par' dir='ltr' id='par_1_99' title="bbox 536 5571 2111 5645">
     <span class='ocr_line' id='line_1_99' title="bbox 536 5571 2111 5645; baseline 0.003 -23"><span class='ocrx_word' id='word_1_709' title='bbox 536 5571 604 5622; x_wconf 86' lang='lat' dir='ltr'><strong>de</strong></span> <span class='ocrx_word' id='word_1_710' title='bbox 637 5571 724 5624; x_wconf 88' lang='lat' dir='ltr'><strong>his</strong></span> <span class='ocrx_word' id='word_1_711' title='bbox 748 5573 1006 5627; x_wconf 86' lang='lat' dir='ltr'><strong>omnibus</strong></span> <span class='ocrx_word' id='word_1_712' title='bbox 1064 5573 1249 5628; x_wconf 82' lang='lat' dir='ltr'><strong>afﬁci?</strong></span> <span class='ocrx_word' id='word_1_713' title='bbox 1301 5574 1408 5643; x_wconf 76' lang='lat' dir='ltr'><strong>Ego</strong></span> <span class='ocrx_word' id='word_1_714' title='bbox 1450 5590 1570 5630; x_wconf 89' lang='lat' dir='ltr'><strong>reor</strong></span> <span class='ocrx_word' id='word_1_715' title='bbox 1599 5576 1771 5645; x_wconf 75' lang='lat' dir='ltr'><strong>magis</strong></span> <span class='ocrx_word' id='word_1_716' title='bbox 1801 5589 1924 5629; x_wconf 85' lang='lat' dir='ltr'><strong>cum</strong></span> <span class='ocrx_word' id='word_1_717' title='bbox 1974 5587 2111 5642; x_wconf 75' lang='lat' dir='ltr'><strong>pra:-</strong></span> 
     </span>
    </p>
   </div>
   <div class='ocr_carea' id='block_1_100' title="bbox 535 5662 1477 5735">
    <p class='ocr_par' dir='ltr' id='par_1_100' title="bbox 535 5662 1477 5735">
     <span class='ocr_line' id='line_1_100' title="bbox 535 5662 1477 5735; baseline 0.006 -19"><span class='ocrx_word' id='word_1_718' title='bbox 535 5662 782 5719; x_wconf 82' lang='lat' dir='ltr'><strong>scntibus</strong></span> <span class='ocrx_word' id='word_1_719' title='bbox 816 5680 980 5735; x_wconf 86' lang='lat' dir='ltr'><strong>quam</strong></span> <span class='ocrx_word' id='word_1_720' title='bbox 1012 5680 1179 5723; x_wconf 89' lang='lat' dir='ltr'><strong>cruce</strong></span> <span class='ocrx_word' id='word_1_721' title='bbox 1220 5668 1477 5723; x_wconf 82' lang='lat' dir='ltr'><strong>cruciari.</strong></span> 
     </span>
    </p>
   </div>
   <div class='ocr_carea' id='block_1_101' title="bbox 2212 4466 3792 4538">
    <p class='ocr_par' dir='ltr' id='par_1_101' title="bbox 2212 4466 3792 4538">
     <span class='ocr_line' id='line_1_101' title="bbox 2212 4466 3792 4538; baseline -0.001 -20"><span class='ocrx_word' id='word_1_722' title='bbox 2212 4468 2516 4532; x_wconf 80' lang='grc' dir='ltr'>στασιάζει,</span> <span class='ocrx_word' id='word_1_723' title='bbox 2586 4469 2679 4521; x_wconf 79' lang='grc' dir='ltr'>καὶ</span> <span class='ocrx_word' id='word_1_724' title='bbox 2730 4468 2799 4521; x_wconf 78' lang='grc' dir='ltr'>τὰ</span> <span class='ocrx_word' id='word_1_725' title='bbox 2852 4468 2965 4520; x_wconf 84' lang='grc' dir='ltr'>τῶν</span> <span class='ocrx_word' id='word_1_726' title='bbox 2997 4467 3363 4538; x_wconf 82' lang='grc' dir='ltr'>μαινομένων,</span> <span class='ocrx_word' id='word_1_727' title='bbox 3407 4466 3459 4520; x_wconf 80' lang='grc' dir='ltr'>οἳ</span> <span class='ocrx_word' id='word_1_728' title='bbox 3503 4466 3569 4520; x_wconf 85' lang='grc' dir='ltr'>τὰ</span> <span class='ocrx_word' id='word_1_729' title='bbox 3606 4466 3792 4518; x_wconf 81' lang='grc' dir='ltr'>οικεῖσ.</span> 
     </span>
    </p>
   </div>
   <div class='ocr_carea' id='block_1_102' title="bbox 2209 4555 3791 4628">
    <p class='ocr_par' dir='ltr' id='par_1_102' title="bbox 2209 4555 3791 4628">
     <span class='ocr_line' id='line_1_102' title="bbox 2209 4555 3791 4628; baseline -0.002 -18"><span class='ocrx_word' id='word_1_730' title='bbox 2209 4558 2555 4611; x_wconf 78' lang='grc' dir='ltr'>κατεσθίουσι</span> <span class='ocrx_word' id='word_1_731' title='bbox 2599 4559 2760 4627; x_wconf 84' lang='grc' dir='ltr'>μέλη,</span> <span class='ocrx_word' id='word_1_732' title='bbox 2809 4560 3085 4612; x_wconf 74' lang='grc' dir='ltr'>ἐπιτελεῖ·</span> <span class='ocrx_word' id='word_1_733' title='bbox 3148 4560 3238 4611; x_wconf 77' lang='grc' dir='ltr'>ναὶ</span> <span class='ocrx_word' id='word_1_734' title='bbox 3269 4559 3334 4628; x_wconf 83' lang='grc' dir='ltr'>δὴ</span> <span class='ocrx_word' id='word_1_735' title='bbox 3378 4558 3473 4610; x_wconf 88' lang='grc' dir='ltr'><strong>σοῦ</strong></span> <span class='ocrx_word' id='word_1_736' title='bbox 3499 4559 3661 4627; x_wconf 82' lang='grc' dir='ltr'>χάριν</span> <span class='ocrx_word' id='word_1_737' title='bbox 3692 4555 3791 4608; x_wconf 83' lang='grc' dir='ltr'><strong>τοῦ</strong></span> 
     </span>
    </p>
   </div>
   <div class='ocr_carea' id='block_1_103' title="bbox 2209 4646 3792 4721">
    <p class='ocr_par' dir='ltr' id='par_1_103' title="bbox 2209 4646 3792 4721">
     <span class='ocr_line' id='line_1_103' title="bbox 2209 4646 3792 4721; baseline -0.001 -18"><span class='ocrx_word' id='word_1_738' title='bbox 2209 4650 2441 4703; x_wconf 75' lang='grc' dir='ltr'>παλαιοῦ</span> <span class='ocrx_word' id='word_1_739' title='bbox 2483 4652 2577 4702; x_wconf 80' lang='grc' dir='ltr'>καὶ</span> <span class='ocrx_word' id='word_1_740' title='bbox 2632 4652 2752 4703; x_wconf 84' lang='grc' dir='ltr'>νέου</span> <span class='ocrx_word' id='word_1_741' title='bbox 2800 4650 2956 4720; x_wconf 84' lang='grc' dir='ltr'>φίλου</span> <span class='ocrx_word' id='word_1_742' title='bbox 3007 4650 3170 4721; x_wconf 79' lang='grc' dir='ltr'>ἡμῶν</span> <span class='ocrx_word' id='word_1_743' title='bbox 3228 4652 3321 4702; x_wconf 78' lang='grc' dir='ltr'>καὶ</span> <span class='ocrx_word' id='word_1_744' title='bbox 3372 4647 3513 4712; x_wconf 85' lang='grc' dir='ltr'>υίοῦ,</span> <span class='ocrx_word' id='word_1_745' title='bbox 3568 4646 3673 4700; x_wconf 79' lang='grc' dir='ltr'>κᾶν</span> <span class='ocrx_word' id='word_1_746' title='bbox 3713 4649 3792 4715; x_wconf 77' lang='grc' dir='ltr'>μὴ</span> 
     </span>
    </p>
   </div>
   <div class='ocr_carea' id='block_1_104' title="bbox 2209 4736 3793 4810">
    <p class='ocr_par' dir='ltr' id='par_1_104' title="bbox 2209 4736 3793 4810">
     <span class='ocr_line' id='line_1_104' title="bbox 2209 4736 3793 4810; baseline -0.002 -17"><span class='ocrx_word' id='word_1_747' title='bbox 2209 4742 2514 4810; x_wconf 87' lang='grc' dir='ltr'>πείθωμεν,</span> <span class='ocrx_word' id='word_1_748' title='bbox 2546 4742 2654 4795; x_wconf 80' lang='grc' dir='ltr'>κᾶν</span> <span class='ocrx_word' id='word_1_749' title='bbox 2684 4744 2765 4805; x_wconf 83' lang='grc' dir='ltr'><strong>είς</strong></span> <span class='ocrx_word' id='word_1_750' title='bbox 2799 4742 2862 4794; x_wconf 81' lang='grc' dir='ltr'>τὸ</span> <span class='ocrx_word' id='word_1_751' title='bbox 2901 4742 3067 4810; x_wconf 82' lang='grc' dir='ltr'>μηδὲν</span> <span class='ocrx_word' id='word_1_752' title='bbox 3113 4741 3460 4810; x_wconf 81' lang='grc' dir='ltr'>ριπτώμεθα,</span> <span class='ocrx_word' id='word_1_753' title='bbox 3498 4739 3590 4791; x_wconf 80' lang='grc' dir='ltr'>τὸν</span> <span class='ocrx_word' id='word_1_754' title='bbox 3631 4736 3793 4804; x_wconf 85' lang='grc' dir='ltr'>λόγον</span> 
     </span>
    </p>
   </div>
   <div class='ocr_carea' id='block_1_105' title="bbox 2210 4828 3791 4905">
    <p class='ocr_par' dir='ltr' id='par_1_105' title="bbox 2210 4828 3791 4905">
     <span class='ocr_line' id='line_1_105' title="bbox 2210 4828 3791 4905; baseline -0.005 -19"><span class='ocrx_word' id='word_1_755' title='bbox 2210 4837 2532 4905; x_wconf 84' lang='grc' dir='ltr'>έκτείνομεν</span> <span class='ocrx_word' id='word_1_756' title='bbox 2555 4853 2571 4871; x_wconf 86' lang='grc'><strong>·</strong></span> <span class='ocrx_word' id='word_1_757' title='bbox 2603 4837 2663 4890; x_wconf 85' lang='grc' dir='ltr'><strong>δν</strong></span> <span class='ocrx_word' id='word_1_758' title='bbox 2712 4835 2946 4905; x_wconf 78' lang='grc' dir='ltr'>εῦχομαι</span> <span class='ocrx_word' id='word_1_759' title='bbox 2982 4837 3075 4886; x_wconf 76' lang='grc' dir='ltr'>καὶ</span> <span class='ocrx_word' id='word_1_760' title='bbox 3104 4833 3247 4887; x_wconf 88' lang='grc' dir='ltr'><strong>κατά</strong></span> <span class='ocrx_word' id='word_1_761' title='bbox 3274 4833 3365 4885; x_wconf 85' lang='grc' dir='ltr'>τὸν</span> <span class='ocrx_word' id='word_1_762' title='bbox 3396 4832 3643 4903; x_wconf 84' lang='grc' dir='ltr'>παρόντα</span> <span class='ocrx_word' id='word_1_763' title='bbox 3672 4828 3791 4897; x_wconf 84' lang='grc' dir='ltr'>βίον</span> 
     </span>
    </p>
   </div>
   <div class='ocr_carea' id='block_1_106' title="bbox 2210 4921 3789 4997">
    <p class='ocr_par' dir='ltr' id='par_1_106' title="bbox 2210 4921 3789 4997">
     <span class='ocr_line' id='line_1_106' title="bbox 2210 4921 3789 4997; baseline -0.006 -18"><span class='ocrx_word' id='word_1_764' title='bbox 2210 4928 2399 4979; x_wconf 81' lang='grc' dir='ltr'>ὲκεῖνα</span> <span class='ocrx_word' id='word_1_765' title='bbox 2469 4927 2758 4997; x_wconf 80' lang='grc' dir='ltr'>πράττειν,</span> <span class='ocrx_word' id='word_1_766' title='bbox 2802 4927 2905 4977; x_wconf 79' lang='grc' dir='ltr'>ὅσα.</span> <span class='ocrx_word' id='word_1_767' title='bbox 2965 4922 3153 4992; x_wconf 84' lang='grc' dir='ltr'>μέλλει</span> <span class='ocrx_word' id='word_1_768' title='bbox 3190 4923 3372 4991; x_wconf 81' lang='grc' dir='ltr'>πάσης</span> <span class='ocrx_word' id='word_1_769' title='bbox 3406 4921 3692 4990; x_wconf 66' lang='grc' dir='ltr'>ἐλεύθερόν</span> <span class='ocrx_word' id='word_1_770' title='bbox 3726 4935 3789 4970; x_wconf 80' lang='grc' dir='ltr'><strong>σε</strong></span> 
     </span>
    </p>
   </div>
   <div class='ocr_carea' id='block_1_107' title="bbox 2213 5012 3793 5090">
    <p class='ocr_par' dir='ltr' id='par_1_107' title="bbox 2213 5012 3793 5090">
     <span class='ocr_line' id='line_1_107' title="bbox 2213 5012 3793 5090; baseline -0.007 -18"><span class='ocrx_word' id='word_1_771' title='bbox 2213 5020 2475 5090; x_wconf 74' lang='grc' dir='ltr'>μέμψεως</span> <span class='ocrx_word' id='word_1_772' title='bbox 2530 5018 2954 5087; x_wconf 83' lang='grc' dir='ltr'>ἀνακηρύττειν,</span> <span class='ocrx_word' id='word_1_773' title='bbox 3011 5019 3104 5069; x_wconf 73' lang='grc' dir='ltr'>καὶ</span> <span class='ocrx_word' id='word_1_774' title='bbox 3150 5018 3209 5067; x_wconf 80' lang='grc' dir='ltr'>ὲν</span> <span class='ocrx_word' id='word_1_775' title='bbox 3266 5018 3334 5085; x_wconf 80' lang='grc' dir='ltr'>τῇ</span> <span class='ocrx_word' id='word_1_776' title='bbox 3376 5012 3625 5083; x_wconf 83' lang='grc' dir='ltr'>μακαρίᾳ</span> <span class='ocrx_word' id='word_1_777' title='bbox 3678 5012 3793 5063; x_wconf 83' lang='grc' dir='ltr'>τῶν</span> 
     </span>
    </p>
   </div>
   <div class='ocr_carea' id='block_1_108' title="bbox 2212 5105 3793 5183">
    <p class='ocr_par' dir='ltr' id='par_1_108' title="bbox 2212 5105 3793 5183">
     <span class='ocr_line' id='line_1_108' title="bbox 2212 5105 3793 5183; baseline -0.006 -18"><span class='ocrx_word' id='word_1_778' title='bbox 2212 5112 2385 5179; x_wconf 74' lang='grc' dir='ltr'>ἁγίων</span> <span class='ocrx_word' id='word_1_779' title='bbox 2413 5110 2523 5183; x_wconf 75' lang='grc' dir='ltr'><strong>ζωῇ</strong></span> <span class='ocrx_word' id='word_1_780' title='bbox 2583 5110 3083 5180; x_wconf 83' lang='grc' dir='ltr'>συναριθμηθῆναι.</span> <span class='ocrx_word' id='word_1_781' title='bbox 3133 5108 3327 5175; x_wconf 83' lang='grc' dir='ltr'>Ἔλεγε</span> <span class='ocrx_word' id='word_1_782' title='bbox 3371 5106 3428 5157; x_wconf 71' lang='grc' dir='ltr'>δὲ</span> <span class='ocrx_word' id='word_1_783' title='bbox 3457 5106 3520 5157; x_wconf 86' lang='grc' dir='ltr'>τὸ</span> <span class='ocrx_word' id='word_1_784' title='bbox 3551 5105 3793 5172; x_wconf 86' lang='grc' dir='ltr'>γράμμα.</span> 
     </span>
    </p>
   </div>
   <div class='ocr_carea' id='block_1_109' title="bbox 2209 5194 3794 5271">
    <p class='ocr_par' dir='ltr' id='par_1_109' title="bbox 2209 5194 3794 5271">
     <span class='ocr_line' id='line_1_109' title="bbox 2209 5194 3794 5271; baseline -0.006 -17"><span class='ocrx_word' id='word_1_785' title='bbox 2209 5203 2311 5270; x_wconf 72' lang='grc' dir='ltr'>τῆς</span> <span class='ocrx_word' id='word_1_786' title='bbox 2343 5203 2498 5270; x_wconf 84' lang='grc' dir='ltr'>ὑμῶν</span> <span class='ocrx_word' id='word_1_787' title='bbox 2528 5202 2846 5270; x_wconf 83' lang='grc' dir='ltr'>τιμιότητος</span> <span class='ocrx_word' id='word_1_788' title='bbox 2893 5203 2987 5254; x_wconf 79' lang='grc' dir='ltr'>καὶ</span> <span class='ocrx_word' id='word_1_789' title='bbox 3031 5200 3164 5271; x_wconf 80' lang='grc' dir='ltr'>περὶ</span> <span class='ocrx_word' id='word_1_790' title='bbox 3198 5199 3480 5267; x_wconf 81' lang='grc' dir='ltr'>ἀλλαγὶου,</span> <span class='ocrx_word' id='word_1_791' title='bbox 3523 5197 3620 5248; x_wconf 78' lang='grc' dir='ltr'>καὶ</span> <span class='ocrx_word' id='word_1_792' title='bbox 3645 5194 3794 5262; x_wconf 81' lang='grc' dir='ltr'>διερ-</span> 
     </span>
    </p>
   </div>
   <div class='ocr_carea' id='block_1_110' title="bbox 2211 5287 3794 5364">
    <p class='ocr_par' dir='ltr' id='par_1_110' title="bbox 2211 5287 3794 5364">
     <span class='ocr_line' id='line_1_110' title="bbox 2211 5287 3794 5364; baseline -0.004 -19"><span class='ocrx_word' id='word_1_793' title='bbox 2211 5294 2442 5364; x_wconf 83' lang='grc' dir='ltr'>χόμενος</span> <span class='ocrx_word' id='word_1_794' title='bbox 2501 5293 2591 5345; x_wconf 72' lang='grc' dir='ltr'>τὸν</span> <span class='ocrx_word' id='word_1_795' title='bbox 2653 5292 2818 5345; x_wconf 85' lang='grc' dir='ltr'>τόπον</span> <span class='ocrx_word' id='word_1_796' title='bbox 2847 5293 2940 5346; x_wconf 86' lang='grc' dir='ltr'><strong>τοῦ</strong></span> <span class='ocrx_word' id='word_1_797' title='bbox 2978 5296 3313 5363; x_wconf 82' lang='grc' dir='ltr'>γράμματος</span> <span class='ocrx_word' id='word_1_798' title='bbox 3354 5288 3633 5350; x_wconf 75' lang='grc' dir='ltr'>ὲπιπλέως</span> <span class='ocrx_word' id='word_1_799' title='bbox 3667 5287 3794 5340; x_wconf 71' lang='grc' dir='ltr'>ἐδά-</span> 
     </span>
    </p>
   </div>
   <div class='ocr_carea' id='block_1_111' title="bbox 2212 5381 3795 5457">
    <p class='ocr_par' dir='ltr' id='par_1_111' title="bbox 2212 5381 3795 5457">
     <span class='ocr_line' id='line_1_111' title="bbox 2212 5381 3795 5457; baseline -0.005 -18"><span class='ocrx_word' id='word_1_800' title='bbox 2212 5402 2412 5457; x_wconf 84' lang='grc' dir='ltr'>κρυσα,</span> <span class='ocrx_word' id='word_1_801' title='bbox 2468 5387 2550 5439; x_wconf 87' lang='grc' dir='ltr'>ὃτι</span> <span class='ocrx_word' id='word_1_802' title='bbox 2611 5385 2869 5439; x_wconf 86' lang='grc' dir='ltr'>τοσοῦτον</span> <span class='ocrx_word' id='word_1_803' title='bbox 2893 5387 3113 5457; x_wconf 78' lang='grc' dir='ltr'>ἴσχυσεν</span> <span class='ocrx_word' id='word_1_804' title='bbox 3138 5386 3167 5437; x_wconf 86' lang='grc' dir='ltr'><strong>ό</strong></span> <span class='ocrx_word' id='word_1_805' title='bbox 3202 5382 3449 5446; x_wconf 73' lang='grc' dir='ltr'>διάϐολος</span> <span class='ocrx_word' id='word_1_806' title='bbox 3476 5381 3618 5436; x_wconf 83' lang='grc' dir='ltr'>ὥστε</span> <span class='ocrx_word' id='word_1_807' title='bbox 3653 5382 3795 5451; x_wconf 65' lang='lat' dir='ltr'><strong>X9:-</strong></span> 
     </span>
    </p>
   </div>
   <div class='ocr_carea' id='block_1_112' title="bbox 2214 5472 3805 5547">
    <p class='ocr_par' dir='ltr' id='par_1_112' title="bbox 2214 5472 3805 5547">
     <span class='ocr_line' id='line_1_112' title="bbox 2214 5472 3805 5547; baseline -0.001 -20"><span class='ocrx_word' id='word_1_808' title='bbox 2214 5477 2464 5538; x_wconf 76' lang='grc' dir='ltr'>στιανοὺς</span> <span class='ocrx_word' id='word_1_809' title='bbox 2547 5476 2774 5545; x_wconf 85' lang='grc' dir='ltr'>ποιῆσαι</span> <span class='ocrx_word' id='word_1_810' title='bbox 2862 5476 3207 5547; x_wconf 82' lang='grc' dir='ltr'>Χριστιανῶν</span> <span class='ocrx_word' id='word_1_811' title='bbox 3282 5472 3747 5528; x_wconf 86' lang='grc' dir='ltr'>ἁνταλλάττεσθαι</span> <span class='ocrx_word' id='word_1_812' title='bbox 3774 5486 3805 5501; x_wconf 56' lang='grc' dir='ltr'>’λ</span> 
     </span>
    </p>
   </div>
   <div class='ocr_carea' id='block_1_113' title="bbox 2211 5567 3793 5640">
    <p class='ocr_par' dir='ltr' id='par_1_113' title="bbox 2211 5567 3793 5640">
     <span class='ocr_line' id='line_1_113' title="bbox 2211 5567 3793 5640; baseline -0.005 -17"><span class='ocrx_word' id='word_1_813' title='bbox 2211 5568 2403 5640; x_wconf 77' lang='grc' dir='ltr'>ὥσπερ</span> <span class='ocrx_word' id='word_1_814' title='bbox 2433 5571 2481 5621; x_wconf 86' lang='grc' dir='ltr'><strong>εί</strong></span> <span class='ocrx_word' id='word_1_815' title='bbox 2515 5569 2577 5623; x_wconf 85' lang='grc' dir='ltr'>τὸ</span> <span class='ocrx_word' id='word_1_816' title='bbox 2607 5568 2667 5621; x_wconf 86' lang='grc' dir='ltr'>ἓν</span> <span class='ocrx_word' id='word_1_817' title='bbox 2709 5568 2871 5639; x_wconf 85' lang='grc' dir='ltr'>σῶμα</span> <span class='ocrx_word' id='word_1_818' title='bbox 2898 5569 2994 5621; x_wconf 89' lang='grc' dir='ltr'><strong>τοῦ</strong></span> <span class='ocrx_word' id='word_1_819' title='bbox 3024 5568 3317 5639; x_wconf 84' lang='grc' dir='ltr'>ἀνθρώπου</span> <span class='ocrx_word' id='word_1_820' title='bbox 3350 5568 3484 5622; x_wconf 80' lang='grc' dir='ltr'>αὐτὸ</span> <span class='ocrx_word' id='word_1_821' title='bbox 3513 5568 3637 5620; x_wconf 77' lang='grc' dir='ltr'>καθ’</span> <span class='ocrx_word' id='word_1_822' title='bbox 3660 5567 3793 5617; x_wconf 75' lang='grc' dir='ltr'>ἑαυ-</span> 
     </span>
    </p>
   </div>
   <div class='ocr_carea' id='block_1_114' title="bbox 2213 5657 3793 5733">
    <p class='ocr_par' dir='ltr' id='par_1_114' title="bbox 2213 5657 3793 5733">
     <span class='ocr_line' id='line_1_114' title="bbox 2213 5657 3793 5733; baseline -0.005 -18"><span class='ocrx_word' id='word_1_823' title='bbox 2213 5661 2310 5715; x_wconf 86' lang='grc' dir='ltr'><strong>τοῦ</strong></span> <span class='ocrx_word' id='word_1_824' title='bbox 2364 5662 2726 5733; x_wconf 84' lang='grc' dir='ltr'>κεκινημένον</span> <span class='ocrx_word' id='word_1_825' title='bbox 2751 5663 2857 5713; x_wconf 80' lang='grc' dir='ltr'>τῶν</span> <span class='ocrx_word' id='word_1_826' title='bbox 2889 5660 3089 5715; x_wconf 68' lang='grc' dir='ltr'>ἑαυτοῦ</span> <span class='ocrx_word' id='word_1_827' title='bbox 3120 5662 3300 5731; x_wconf 82' lang='grc' dir='ltr'>μελῶν</span> <span class='ocrx_word' id='word_1_828' title='bbox 3331 5661 3581 5733; x_wconf 73' lang='grc' dir='ltr'>ἑπιζητεῐ</span> <span class='ocrx_word' id='word_1_829' title='bbox 3620 5657 3793 5711; x_wconf 81' lang='grc' dir='ltr'>ποιεῖ-</span> 
     </span>
    </p>
   </div>
  </div>
