4178 6436
452 398 559 468 137

1894 408 2304 471 ΕΡῙΒΤΟῘΛΞ.

3614 395 3718 461 138

447 538 580 595 σθαι
610 537 964 609 ἀπαλλαγήν
995 554 1010 569 ·
1071 539 1126 594 τί
1168 538 1388 609 λέγεις;
1459 540 1580 602 πῶς
1649 536 1891 611 νομίζεις
1940 540 2042 611 τὴν
2082 539 2327 610 κεφαλὴν
2354 536 2513 608 ἡμῶν
2573 536 2663 590 τὸν
2686 534 2925 609 Χριστὸν
2956 535 3050 589 καὶ
3093 532 3229 588 Θεὸν
3288 531 3449 605 ὴμῶν
3478 531 3572 586 hri.
3591 527 3717 586 τοῦ-

447 653 564 700 εοις
596 634 779 705 ξχειν;
823 632 971 702 Ἐγὼ
1000 632 1209 703 νομίζω
1260 631 1427 686 πλέον
1461 633 1555 688 ἐπὶ
1609 631 1705 687 τοῦ
1739 631 2012 702 παρόντος
2051 631 2085 700 ἢ
2112 632 2205 685 ἐπὶ
2231 629 2324 687 τοῦ
2361 629 2598 702 σταυροῦ
2628 630 2925 701 ὑπομένειν
2961 627 3061 692 τὰς
3088 626 3307 691 ὀδύνας.

521 811 674 881 Πλὴν
706 812 831 864 ἐπεὶ
860 809 1090 865 τοιαῦτα
1117 810 1327 865 ἑλεεινὰ
1346 811 1439 864 καὶ
1457 811 1690 882 δυστυχῆ
1729 811 2036 881 Ῥωμαίους

2211 811 2479 878 Quoniam
2496 818 2687 871 tamen
2718 804 2835 864 tam
2873 809 3179 865 miseranda
3205 818 3259 865 et
3290 809 3484 864 acerba
3511 809 3714 863 Roma.

445 905 546 957 καὶ
574 903 930 974 Βουλγάρους
959 903 1226 957 κατέλαϐε
1261 906 1585 975 πρὶγματα,
1622 905 1716 957 καὶ
1750 902 1974 956 τοςοῦτο
2012 905 2041 956 ὀ

446 997 697 1065 πονηρὶς
725 994 1248 1067 κατέλαϐενκρὰτος,
1284 998 1380 1050 καὶ
1416 995 1566 1048 ἔστιν
1599 996 1775 1060 ἄλλως
1810 996 2039 1067 εἰρήνης

450 1085 855 1156 μεσιτευούσης
881 1087 1115 1141 ἕκαστον
1142 1087 1452 1159 Βούλγαρον
1477 1091 1572 1143 καὶ
1601 1089 1872 1159 Ῥωμαῖον
1895 1088 2040 1158 φιλι-

451 1179 566 1242 κῶς
597 1180 694 1232 καὶ
724 1179 1162 1249 ἁδελφοπρεπῶς
1200 1182 1279 1240 εἰς
1308 1180 1377 1233 τὰ
1411 1181 1587 1233 οίκεῖα
1615 1180 1954 1241 ἐπανελθεῖν,
1989 1181 2038 1232 εἰ

451 1270 545 1326 οὖν
592 1270 825 1326 τοσοῦτο
875 1271 1069 1344 ὥσπερ
1105 1268 1262 1327 εἷπον
1314 1274 1589 1345 ἐκράτησε
1622 1273 1685 1327 τὸ
1728 1273 1899 1328 κακον
1943 1274 2038 1327 καὶ

451 1363 742 1433 ἀμήχανον
783 1363 874 1416 διὰ
917 1364 1019 1434 τῆς
1077 1364 1237 1434 φίλης
1296 1364 1391 1418 καὶ
1428 1366 1777 1435 γλυκυτάτης
1814 1366 2039 1436 εἰρήνης

452 1455 674 1520 πάντας
704 1457 863 1520 ὅσους
889 1457 924 1526 ἡ
963 1456 1059 1511 τοῦ
1109 1457 1351 1529 πονηροῦ
1400 1459 1638 1530 ἐπήρεια
1670 1458 1780 1511 τῶν
1818 1458 2037 1511 οἰκείων

453 1548 682 1618 ἐποίησε
708 1550 1069 1613 ἀναστάτους,
1095 1550 1286 1613 ἁπλῶς
1316 1548 1463 1604 οὕτω
1492 1549 1586 1604 καὶ
1608 1550 1872 1620 ἀδελφικῇ
1899 1551 2039 1602 ἀπο-

454 1640 635 1693 λύσει.
691 1641 824 1711 πρὸς
862 1641 933 1693 τα
995 1640 1179 1694 οίκεῖα
1220 1640 1386 1695 πάλιν
1411 1640 1835 1711 ἐπανατρέχειν.
1873 1639 2036 1692 Ἀλλὰ

456 1732 722 1802 τοιαύτης
771 1730 949 1785 δεῖσθε
1004 1732 1377 1802 ἀνταλλαγῆς,
1418 1732 1484 1805 ἢν
1520 1734 1556 1803 ἠ
1590 1732 1701 1785 τῶν
1755 1730 2038 1801 πολεμίων

466 1823 759 1877 ἐπίσταται
783 1823 950 1894 ψῆφος
974 1840 990 1856 ·
1018 1824 1342 1896 φρίττοντες
1378 1826 1478 1898 μὲν
1516 1826 1610 1879 καὶ
1640 1825 1796 1888 Θεὸν,
1856 1825 2036 1879 αἰδού-

472 1930 629 1981 μενοι
659 1914 715 1967 δὲ
741 1915 975 1979 καὶτοὺς
1009 1907 1307 1987 μετέπειτα
1349 1919 1644 1988 ἐσομένους
1683 1919 2034 1987 ἀνθρώπους,

463 2007 499 2075 ἡ
569 2008 826 2078 Ρωμαῖκὴ
886 2011 1316 2079 συγκαταδαίνει
1367 2012 1636 2067 πολιτεία.
1690 2013 2037 2085 Προόήσεται

452 2098 513 2151 δὲ
556 2098 770 2163 πάντως
801 2100 862 2153 τὸ
897 2101 1143 2155 τοιοῦτον
1170 2102 1450 2172 ἀλλάγιον,
1501 2103 1691 2174 ὥσπερ
1721 2102 1838 2157 ἔστι
1874 2104 2040 2175 νόμος

2142 920 2244 959 nos
2264 919 2326 960 ac
2360 903 2621 975 Bulgaros
2652 902 2792 957 mala
2819 917 3178 972 occupavere,
3211 901 3469 972 quoniam
3510 909 3719 956 tantum

2141 995 2284 1050 valet
2325 994 2528 1050 diaboli
2591 994 2855 1064 potentia,
2912 1009 3014 1048 nec
3063 993 3146 1048 fas
3200 1002 3307 1059 est,
3369 991 3477 1047 alio
3534 991 3722 1058 modo,

2143 1087 2390 1142 instituta
2429 1100 2582 1157 pace,
2628 1100 2902 1156 quemque
2946 1085 3241 1156 Bulgarum
3288 1094 3382 1139 aut
3410 1084 3720 1139 Romanum

2142 1181 2318 1237 amice
2354 1180 2705 1250 fraterneque
2747 1179 2811 1234 ad
2863 1178 3080 1250 prepria
3124 1177 3346 1243 reverti,
3403 1178 3449 1233 si
3500 1177 3719 1231 tandem

2088 1304 2099 1307 -
2142 1282 2377 1342 tantum,
2398 1283 2460 1329 ut
2491 1274 2631 1338 dixi,
2666 1273 2896 1328 invaluit
2927 1272 3135 1326 malum
3160 1280 3215 1327 et
3254 1270 3592 1340 impossibile
3614 1277 3720 1334 est,

2140 1380 2236 1436 per
2272 1367 2504 1422 amicam
2551 1374 2605 1419 et
2630 1364 3022 1420 suavissimam
3075 1377 3290 1432 pacem,
3333 1376 3525 1417 omnes
3549 1376 3720 1432 quos-

2141 1472 2359 1526 cunque
2412 1456 2614 1510 diaboli
2656 1454 2895 1526 nequitia
2951 1453 3205 1509 domibus
3251 1451 3531 1515 excitavit,
3585 1454 3718 1508 sim-

2140 1551 2355 1620 pliciter
2375 1559 2425 1605 et
2470 1549 2710 1604 fraterna
2738 1547 3136 1619 paciﬁcatione.
3171 1547 3238 1601 ad
3270 1561 3368 1602 sua
3395 1545 3593 1610 redire,
3626 1545 3720 1601 sed

2143 1640 2311 1694 talem
2377 1639 2673 1709 postulatis
2732 1634 3216 1692 commutationem
3266 1647 3427 1705 quam
3486 1632 3724 1702 ferthx

2140 1731 2289 1797 belli,
2324 1731 2491 1786 Deum
2519 1729 2741 1800 quidem
2771 1730 3025 1785 timentes
3044 1739 3099 1784 et
3130 1736 3383 1799 posteros
3410 1728 3591 1791 veriti,
3612 1740 3720 1781 non

2142 1824 2325 1879 renuit
2366 1822 2644 1878 Romanus
2666 1823 3002 1892 imperator;
3027 1821 3329 1879 secundum
3360 1829 3543 1875 autem
3568 1834 3725 1877 com-

2142 1915 2509 1970 mutationum
2532 1915 2675 1984 leges
2690 1913 2778 1969 liet
2800 1914 2901 1969 ista
2932 1914 3319 1978 commutatio;
3340 1911 3486 1967 unde
3503 1927 3727 1968 necesse

2141 2010 2245 2065 erit
2276 2009 2544 2081 quosdam
2578 2007 2778 2062 evobis
2804 2007 2911 2061 huc
2947 2007 3132 2062 venire
3153 2014 3208 2062 et
3242 2004 3525 2061 Romanos
3554 2020 3724 2074 quos-

2142 2101 2269 2157 dam
2291 2101 2357 2157 ad
2386 2114 2482 2155 vos
2514 2113 2575 2156 se
2612 2096 2882 2160 conferre,
2915 2105 2978 2152 ut
3016 2111 3123 2151 una
3156 2106 3402 2167 spectato
3433 2111 3545 2168 qno
3562 2095 3726 2151 modo

443 2190 549 2259 τῆς
588 2189 702 2243 τῶν
725 2190 1005 2260 ωλαγέων
1032 2194 1425 2255 καταστάσεως
1450 2210 1464 2225 ·
1500 2193 1701 2247 οὐκοῦν
1725 2193 1909 2265 δεήσει
1939 2195 2036 2248 καὶ

2143 2193 2465 2249 commutari
2494 2192 2728 2248 debeant
2760 2191 2856 2262 qui
2889 2199 3020 2247 sunt
3051 2190 3424 2246 commutandi
3461 2189 3527 2244 ad
3582 2190 3721 2259 aequi

442 2282 506 2348 ἐξ
534 2282 697 2355 ὑμῶν
740 2302 895 2349 τινας
936 2285 1008 2339 τὰ
1062 2286 1301 2340 ἐνταῦθα
1351 2286 1704 2351 καταλαθεῖν,
1739 2290 1834 2342 καὶ
1871 2287 2037 2341 πάλιν

2143 2302 2386 2342 normam
2420 2295 2475 2342 et
2495 2301 2598 2357 pro
2621 2285 2995 2340 Romanorum
3016 2299 3080 2339 ac
3103 2283 3464 2356 Bulgarorum
3492 2282 3727 2338 utilitate

442 2376 584 2448 πρὸς
636 2378 789 2447 ὑμᾶς
840 2378 1246 2449 παραγενέσθαι
1281 2379 1612 2451 Ῥωμαίους,
1664 2377 1808 2433 ὥστε
1841 2379 2034 2449 κοινῆς

2141 2380 2268 2435 talis
2321 2379 2415 2433 ﬁat
2439 2377 2820 2433 commutatio.

445 2470 756 2541 γενομένης
780 2468 1029 2539 σκέψεως
1056 2469 1155 2524 τοῦ
1188 2470 1305 2534 πῶς
1366 2470 1450 2524 δεῖ
1500 2470 1912 2542 καταλλαγῆναι
1943 2474 2071 2536 τοὺς
2113 2470 2410 2543 μέλλοντας
2462 2467 2925 2534 ὕπαλλάττεσθαι,
2958 2467 3101 2522 κατὰ
3144 2467 3206 2521 τὸ
3282 2465 3462 2532 καλῶς
3482 2466 3609 2537 ἔχον
3629 2462 3726 2520 καὶ

446 2566 739 2639 συμφέρον
766 2570 868 2621 καὶ
897 2564 1231 2637 Βουλγάροις
1260 2567 1357 2622 καὶ
1391 2567 1688 2640 Ῥωμαίοις
1715 2565 1860 2622 οὕτω
1887 2568 2144 2638 γενέσθαι
2169 2568 2264 2622 καὶ
2279 2568 2342 2621 τὸ
2370 2564 2647 2637 ἀλλάγιον.

1010 2750 1146 2806 KA'.
1182 2750 1267 2818 Τῷ
1299 2752 1481 2820 αὐτῷ.

521 2932 798 2997 Πολλάκις
820 2933 1170 3007 ἐγράψαμεν,
1197 2936 1394 2991 τέκνον
1428 2937 1609 3008 ἡμῶν,
1627 2938 1722 2992 καὶ
1747 2937 1863 3003 πῶς
1899 2938 2038 3017 εῐπῳ

458 3026 543 3081 διὰ
588 3026 689 3091 τὰς
742 3027 1026 3099 ἁμαρτίας
1090 3028 1268 3100 ἡμῶν,
1321 3030 1423 3095 οὐκ
1462 3030 1684 3099 ἐγένετο
1727 3033 1859 3104 ἡμῖν
1893 3032 2034 3086 ἁπο-

461 3117 650 3172 λαῦσαι
691 3118 798 3190 τῆς
850 3117 1125 3186 ὠφελείας
1155 3119 1265 3173 τῶν
1290 3120 1469 3188 λόγων
1492 3136 1508 3153 ·
1556 3120 1823 3185 πολλάκις
1853 3121 2041 3175 ὲσπεί-

457 3227 635 3280 ραμεν
662 3211 747 3274 εἱς
778 3210 880 3282 τὴν
910 3210 1019 3282 γῆν
1045 3210 1148 3281 τῆς
1183 3212 1417 3284 καρδίας
1451 3229 1570 3277 σου,
1609 3213 1693 3266 uid
1725 3231 1829 3285 μου
1861 3213 2043 3268 ποθει-

452 3305 667 3371 νότοτε,
694 3305 793 3359 καὶ
822 3304 987 3359 πάλιν
1016 3305 1164 3376 φημὶ
1195 3304 1283 3359 διὰ
1308 3306 1408 3368 τὰς
1444 3306 1722 3378 ἁμαρτίας
1760 3305 1920 3377 ἡμῶν
1939 3306 2041 3360 οὐκ

452 3398 786 3469 ἑθερίσαμεν
820 3397 914 3459 οὓς
965 3399 1274 3469 ὲποθοῦμεν
1312 3399 1603 3471 καρπούς·
1648 3399 1790 3469 πλὴν
1837 3399 2038 3456 ἀλλῗού

449 3489 543 3542 διὰ
611 3488 773 3542 τοῦτο
832 3490 1101 3559 σιωπήσω
1155 3488 1498 3554 ἀπελπίζων,
1546 3488 1684 3542 ἀλλὰ
1715 3490 1913 3559 γράφω
1944 3490 2039 3542 καὶ

449 3579 558 3650 τῆς
579 3579 953 3652 χρηστοτέρας
979 3580 1197 3644 ἐλπίδος
1238 3582 1559 3651 γενόμενος,
1598 3583 1691 3635 καὶ
1735 3581 1920 3650 φέρων
1947 3582 2042 3636 ἐπὶ

451 3669 578 3741 Θεῷ
601 3670 702 3742 τὴν
737 3670 1065 3740 πεποίθησιν
1093 3670 1169 3734 ὡς
1214 3670 1587 3741 καρπώσομαί
1628 3689 1681 3725 τι
1729 3671 1836 3724 τῶν
1867 3689 2045 3743 σωτη-

452 3763 593 3833 ρίων
650 3764 751 3816 καὶ
793 3761 1113 3834 ὠφελίμων.
1142 3763 1253 3818 Καὶ
1280 3762 1367 3834 εἴη
1410 3764 1438 3818 ὁ
1480 3763 1702 3816 πάντων
1733 3763 1908 3826 αἴτιος
1934 3763 2044 3816 τῶν

449 3854 664 3919 καλῶν,
714 3858 814 3927 τὴν
868 3856 1062 3909 ἐλπίδα
1095 3856 1231 3928 πρὸς
1254 3855 1317 3909 τὺ
1346 3855 1500 3919 τέλος
1535 3856 1709 3924 ἄγων,
1746 3857 1840 3909 καὶ
1868 3855 2045 3919 διδοὺς

448 3950 553 4004 καὶ
605 3950 743 4020 ἡμῖν
796 3950 892 4019 ἀφ’
931 3943 1010 4004 ὧν
1067 3949 1359 4021 γράφομεν
1408 3948 1785 4019 ὠφεληθῆναι,
1817 3948 1914 4002 καὶ
1963 3947 2044 4018 τῷ

449 4042 822 4114 πνευματικῷ
846 4059 950 4114 μου
974 4042 1078 4114 υίῷ
1108 4044 1168 4111 ἐξ
1207 4036 1285 4098 ὧν
1328 4044 1442 4106 τοῖς
1475 4041 1569 4096 τοῦ
1613 4041 1830 4114 Πατρδς
1857 4041 2045 4111 γράμ-

455 4149 602 4203 μασι
632 4133 979 4203 προσομιλεῖ.
1031 4133 1406 4204 Ἐκινήθημεν
1458 4131 1516 4185 δὲ
1552 4136 1690 4203 πρὸς
1717 4133 1778 4185 τὸ
1808 4131 2044 4202 γράφειν

449 4224 535 4295 τῷ
557 4224 640 4295 σῷ
656 4225 945 4296 γράμματι
973 4225 1313 4296 ιντυχόντες,
1355 4226 1453 4278 καὶ
1475 4224 1640 4290 εὐθὺς
1656 4225 1718 4278 ἐκ
1740 4225 2043 4296 προοιμίων

449 4317 716 4388 εὑρόντες
741 4317 1103 4386 ἐπαγγελίαν,
1141 4318 1278 4370 Θεοῦ
1299 4317 1645 4372 ταπείνωσιν.
1666 4316 2040 4387 μιμουμένηνο

454 4407 518 4474 ἐξ
550 4402 634 4462 ὧν
655 4407 842 4476 ἔλεγες
875 4408 985 4476 ὅτι,
1012 4409 1355 4481 μιμούμενος
1384 4409 1538 4474 Θεὸν,
1577 4408 1747 4479 ἄνδρα
1783 4407 2044 4462 ταπεινὸν

454 4499 553 4552 καὶ
580 4498 780 4568 εὐτελῆ
808 4500 910 4553 οὐκ
942 4500 1331 4570 ἀπεστράφης,
1372 4498 1513 4554 ἀλλὰ
1549 4502 1695 4553 κατὰ
1748 4499 2043 4571 πρόσωπον

449 4592 686 4660 ἧγαγες,
737 4590 835 4644 καὶ
879 4591 981 4662 τῆς
1012 4592 1114 4663 σῆς
1156 4590 1399 4661 ἠξίωσας
1450 4589 1694 4661 ὁμιλίας.
1730 4585 1909 4655 Διήοὖ
1945 4588 2042 4644 καὶ

453 4685 515 4736 τὸ
555 4684 805 4754 γράμμα
850 4685 988 4755 πρὸς
1049 4690 1119 4738 τὰ
1179 4682 1417 4739 ἐνταῦθα
1476 4683 1840 4747 ἐπέστειλας·
1900 4682 2042 4755 αὕτη

454 4775 587 4842 γοῦν
641 4778 676 4844 ἡ
711 4777 1023 4845 ἐπαγγελία
1078 4775 1183 4845 τῆς
1243 4774 1636 4839 ταπεινώσεως
1666 4775 2044 4847 προετρέψατο

2732 2748 2875 2806 XXI.
2919 2748 3128 2807 Eidem.

2224 2932 2437 3004 Saepius
2458 2932 2525 2988 ad
2553 2943 2625 2998 te,
2655 2947 2690 2989 ο
2716 2932 2815 2999 ﬁli,
2841 2933 3060 3004 scripsi,
3092 2941 3169 2999 et,
3193 2933 3349 3005 culpa
3379 2949 3500 2992 mea
3520 2935 3724 3002 dicam.

2147 3025 2359 3081 nullum
2405 3025 2537 3079 mihi
2578 3041 2645 3080 ex
2678 3024 2925 3096 epistolis
2958 3025 3198 3080 fructum
3231 3027 3513 3098 percipere
3544 3030 3726 3085 conti-

2145 3118 2255 3189 git;
2288 3115 2511 3187 saepius,
2541 3131 2575 3171 ο
2608 3116 2680 3171 illi
2708 3117 3192 3186 desideratissime,
3225 3120 3400 3176 misso
3439 3120 3491 3176 in
3520 3129 3723 3179 terram

2146 3209 2332 3265 cordis
2376 3211 2451 3266 tui
2489 3209 2723 3275 semine,
2759 3218 3075 3280 exoptatam
3114 3226 3374 3280 messem,
3412 3228 3532 3269 mea
3568 3214 3728 3288 culpa

2146 3299 2350 3365 dicam,
2410 3315 2756 3371 nequaquam
2807 3300 3200 3372 collegi;'non
3254 3311 3435 3360 tamen
3489 3305 3613 3362 ideo
3661 3316 3729 3362 ex

2144 3393 2525 3462 desperatione
2561 3392 2758 3451 silebo.
2785 3393 2878 3448 sed
2912 3393 3109 3449 iterum
3143 3409 3240 3464 spe
3262 3397 3488 3453 meliore
3521 3397 3728 3465 scribo,

2146 3484 2429 3539 conﬁdens
2473 3498 2561 3538 me
2608 3499 2636 3536 a
2675 3482 2786 3539 Deo
2835 3483 3042 3564 aliquid
3079 3486 3321 3565 salutare
3366 3497 3420 3543 et
3453 3487 3586 3545 utile
3631 3503 3728 3546 as-

2148 3585 2520 3646 sumpturum.
2555 3575 2855 3631 Succurrat
2890 3587 3072 3632 autem
3122 3579 3305 3635 omnis
3336 3582 3462 3637 boni
3494 3582 3726 3652 Auctor,

2147 3682 2299 3736 spem
2325 3669 2390 3724 ad
2412 3668 2573 3724 tinem
2604 3669 2836 3735 ducens,
2861 3669 3150 3726 utilitatem
3180 3687 3245 3726 ex
3277 3673 3495 3744 scriptis
3521 3675 3724 3742 ferens.
3770 3710 3773 3711 ν

2148 3760 2283 3815 ini-hi
2312 3770 2368 3815 et
2406 3760 2684 3832 'spirituali
2733 3760 2867 3825 tilio,
2904 3761 2971 3816 de
2999 3762 3068 3817 iis
3101 3763 3266 3818 rebus
3309 3779 3445 3834 quas
3480 3768 3727 3837 epistolae

2148 3864 2284 3907 mea
2333 3861 2572 3922 paternae
2619 3860 2986 3908 contrectant.
3049 3852 3290 3922 Episwla
3334 3866 3427 3911 tua
3477 3871 3599 3914 sum
3655 3863 3723 3915 ad

2148 3943 2497 3999 scribendum
2537 3945 2863 4009 submotus,
2911 3945 3023 4000 cito
3057 3959 3123 4000 ex
3167 3948 3393 4003 exordio
3440 3948 3544 4004 hoc
3580 3967 3726 4006 nun-

2148 4037 2340 4092 tiatum
2379 4035 2711 4107 intelligens,
2757 4047 2810 4092 te
2841 4037 3012 4094 fuisse
3059 4039 3450 4112 indulgentiam
3482 4044 3721 4101 divinam

2148 4125 2458 4190 imitatum;
2514 4128 2713 4197 quippe
2755 4129 2847 4197 qui
2883 4129 3022 4184 dicis
3053 4137 3126 4194 te,
3161 4127 3257 4185 Dei
3310 4131 3377 4186 arl
3426 4135 3722 4205 exemplar,

2145 4218 2324 4271 virum
2354 4217 2617 4272 humilem
2648 4225 2704 4272 et
2745 4234 2973 4288 parvum
3007 4235 3117 4275 non
3150 4221 3439 4291 repulisse,
3476 4224 3569 4281 sed
3596 4241 3721 4283 cum

2147 4310 2244 4366 illo
2277 4325 2466 4366 coram
2515 4312 2760 4368 admisso
2808 4326 2934 4369 esse
2966 4314 3117 4384 loqui
3157 4315 3463 4386 dignatum,
3495 4318 3725 4391 ideoque

2146 4404 2434 4474 epistolam
2476 4404 2545 4459 ad
2598 4420 2686 4459 me
2736 4405 2974 4462 misisse.
3007 4405 3127 4473 Quo
3160 4409 3323 4481 igitur
3374 4409 3727 4482 indulgentim

2151 4504 2257 4551 tuae
2304 4498 2501 4551 nuntio
2550 4496 2616 4551 ad
2675 4498 3029 4554 scribendum
3084 4499 3182 4554 tibi
3224 4516 3525 4558 conversus
3577 4518 3726 4571 sum,

2148 4587 2283 4642 illud
2334 4598 2516 4644 mente
2565 4589 2808 4655 volvens,
2852 4590 2999 4659 quod
3047 4592 3266 4646 animus
3313 4602 3439 4647 tuus
3489 4595 3726 4651 humiles

2148 4680 2508 4751 cogitationes
2536 4695 2784 4746 sumens,
2827 4691 2882 4736 et
2910 4684 2977 4739 ad
3010 4681 3107 4739 Dei
3145 4684 3540 4754 indulgentiam
3573 4690 3726 4756 aspi-

2147 4772 2319 4837 ciens,
2347 4773 2735 4844 quodcumque
2757 4774 2991 4845 grariter
3012 4778 3079 4829 ab
3103 4775 3288 4846 aliquo
3311 4791 3505 4846 passus
3537 4778 3722 4841 fuerit.

453 4868 605 4936 ἡμᾶς
627 4865 889 4937 γράφειν,
916 4868 1098 4921 έκεῖνο
1142 4865 1555 4937 ἐνθυμηθέντας
1585 4867 1668 4920 ὃτι
1698 4866 1848 4936 ψυχὴ
1889 4866 2038 4933 ἅπαξ

2143 4866 2405 4931 remittet,
2448 4869 2710 4937 omnique
2763 4867 3063 4924 acerbitate
3113 4877 3169 4925 ct
3215 4870 3399 4941 jurgio
3433 4871 3727 4942 depositis,

443 4955 712 5009 ταπεινὸν
735 4956 994 5026 φρόνημα
1018 4956 1364 5026 κτησαμένη,
1393 4957 1490 5011 atati.
1521 4956 1659 5028 πρὸς
1691 4955 1831 5029 Θεοῦ
1862 4955 2038 5029 μίμη-

445 5065 539 5101 σιν
588 5047 1008 5111 ἀποϐλέπουσα,
1050 5050 1161 5101 πᾶν
1188 5049 1217 5104 ὃ
1245 5066 1300 5101 τι
1353 5048 1452 5104 καὶ
1489 5050 1839 5122 προπέπονθε
1884 5050 2039 5122 παρά

2147 4958 2520 5029 admissaque,
2545 4967 2606 5014 ut
2626 4959 2804 5021 decet,
2832 4961 3067 5023 ratione,
3091 4961 3323 5037 benigne
3346 4964 3417 5017 sit
3438 4963 3728 5023 auditurus

2146 5049 2299 5106 utilia
2330 5052 2704 5122 salutariaque
2730 5061 3148 5122 praponentem.

444 5159 598 5205 τινος
636 5141 905 5214 λυπηρὸν,
927 5142 1089 5198 τοῦτο
1114 5143 1311 5210 είάσει,
1328 5144 1426 5199 καὶ
1454 5144 1517 5197 τὸ
1579 5144 1778 5215 πικρὸν
1805 5144 1906 5215 τῆς
1970 5144 2203 5215 καρδίας
2237 5144 2490 5213 κενώσει,
2512 5146 2609 5200 καὶ
2632 5146 2694 5199 τὸ
2757 5147 3065 5216 φιλόνεικον
3086 5148 3377 5220 ἁποθήσει,
3437 5152 3529 5204 καὶ
3552 5167 3728 5205 κατα·

451 5243 724 5312 στήσεται
772 5241 874 5312 μὲν
917 5242 1013 5295 καὶ
1066 5242 1160 5311 ἀφ’
1191 5241 1389 5296 ἑαυτοῦ
1430 5242 1525 5296 καὶ
1575 5244 1714 5314 πρὸς
1770 5245 1899 5307 τοὺς
1968 5242 2282 5313 πρέποντας
2350 5243 2669 5315 λογισμοὺς,
2736 5244 3032 5299 ἀκούσεται
3062 5246 3117 5298 δὲ
3138 5248 3231 5300 καὶ
3249 5246 3729 5318 ἑτέρωνέὐμενῶς

441 5335 515 5389 τὰ
557 5334 813 5403 ὠφέλιμα
847 5335 946 5389 καὶ
975 5336 1226 5406 σωτήρια
1248 5335 1690 5406 ὑποτιθεμένων.

514 5520 818 5591 Γρᾶφομεν
853 5514 948 5570 οὖν
986 5514 1078 5569 διὰ
1100 5514 1277 5571 ταῦτα
1302 5566 1307 5569 .
1335 5510 1425 5570 οἷα
1473 5516 1796 5588 γράφομεν·
1844 5517 1939 5571 καὶ
1986 5518 2038 5570 εί

446 5614 553 5684 μέν
582 5629 670 5675 τις
700 5612 935 5681 γένηται
985 5609 1249 5679 ὠφέλεια,
1283 5609 1765 5681 εὐχαριστήσομεν
1816 5609 1895 5682 τῷ
1937 5609 2038 5682 τὴν

446 5707 735 5777 ὑμετέραν
794 5703 1075 5774 φρονίμην
1102 5700 1284 5773 ψυχὴν
1334 5700 1481 5756 οὔτω
1517 5700 1782 5768 διαθέντι,
1811 5702 1911 5756 καὶ
1936 5718 2038 5757 τα-

447 5799 642 5857 πεινοῦ
673 5799 771 5853 καὶ
799 5795 1142 5868 ἁμαρτωλοῦ
1191 5796 1501 5868 ἀρχιερέως
1540 5795 1638 5850 καὶ
1673 5795 1889 5869 [ἰατρὸς
1919 5796 2040 5852 πεί-

773 5919 1046 5981 ΡΑ-ηιοιο.
1089 5913 1209 5979 Gn.
1246 5913 1410 5979 CXI.

2217 5520 2403 5589 Itaque
2438 5529 2660 5591 propter
2690 5520 2820 5576 talia
2849 5522 3054 5578 scribo.
3082 5522 3140 5579 Si
3175 5538 3283 5596 qua
3312 5522 3554 5579 evenerit
3580 5520 3729 5577 utili-

2146 5621 2257 5678 tas,
2285 5614 2491 5685 gratias
2521 5627 2678 5685 agant
2712 5614 2792 5671 illi
2832 5616 2927 5687 qui
2960 5625 3196 5673 mentem
3229 5625 3378 5672 tuam
3402 5610 3725 5688 prudentem

2145 5706 2408 5774 effecerit,
2460 5705 2850 5780 induxeritque
2893 5718 2955 5765 ut
3005 5709 3132 5765 vilis
3175 5700 3593 5780 peccatorisque
3635 5723 3726 5764 ar-

2148 5798 2484 5871 chiepiscopi
2543 5799 2816 5857 salutares
2867 5801 3210 5859 hortationes
3276 5801 3593 5875 acceperis;
3639 5800 3727 5858 sin

3331 5923 3367 5987 5
