4178 6424
490 299 603 365 HI

1975 305 2390 369 EPISTOL/E.

3673 305 3777 370 142

493 421 740 491 ρίζεται.
802 411 977 482 Οὗτός
1023 418 1175 472 ἐστιν
1205 417 1234 470 ὀ
1285 415 1460 470 ταῦτα
1503 417 1598 471 καὶ
1629 415 1953 489 βουλόμενος
1999 419 2095 471 καὶ

2205 418 2480 476 Romanos
2519 419 2826 486 suscitata,
2860 420 3077 476 scilicet
3127 429 3287 478 natos
3316 421 3456 479 inter
3488 429 3543 479 et
3574 438 3780 494 pareo.

490 513 1004 583 διαπραττόμενος,
1075 509 1287 564 ἐκεῖθεν
1343 509 1540 575 ταῦτα,
1604 515 1754 580 οἶμοι
1788 511 1896 565 τῶν
1938 511 2088 582 ἐμῶν

496 603 722 665 παθῶν,
787 602 1086 671 ἐπεισῆλθε
1125 603 1192 656 τὰ
1254 603 1404 656 κακά
1450 603 1617 672 μέσον
1659 603 1947 674 Ῥωμαίων
1997 603 2092 656 καὶ

496 695 859 766 Βουλγάρων,
892 694 1100 764 μεταξὺ
1147 694 1254 748 τῶν
1283 694 1537 765 πατέρων
1564 695 1660 748 καί¹
1688 695 1798 748 τῶν
1862 697 2091 758 τέκνων,

495 788 591 851 οὓς
622 789 725 858 οὐχ
755 781 900 856 αἷμα
945 790 1041 841 καὶ
1091 787 1249 858 σάρξ,
1287 786 1423 840 ἀλλά
1455 787 1514 839 τὸ
1567 789 1838 856 πανάγιον
1866 787 2093 856 Πνεῦμα

500 884 658 944 υἱοὺς
722 879 820 934 καὶ
859 880 1106 950 πατέρας
1158 879 1434 943 ἀπέδειξε.
1477 879 1722 933 Θάνατον
1762 881 1870 950 γὰρ
1905 883 1932 934 ὁ
1961 879 2092 944 Θεὸς

497 977 604 1029 οὐκ
657 974 944 1044 ἐποίησεν,
1009 971 1127 1024 ἀλλ’
1176 972 1362 1042 ἀπάτη
1396 971 1654 1042 δαίμονος
1702 973 1797 1026 καὶ
1829 971 2094 1041 ἐπιθυμία

500 1064 839 1136 παραλόγως
861 1066 930 1134 τῇ
963 1063 1150 1134 ἀπάτῃ
1182 1062 1687 1133 ἐξακολουθήσασα,
1722 1061 1783 1128 ἐξ
1804 1058 1992 1144 ἦςοκαὶ
2027 1065 2095 1117 τὰ

499 1158 596 1210 νῦν
626 1156 1002 1226 συμϐαίνοντα
1043 1156 1256 1226 χαλεπά
1315 1155 1590 1227 προῆλθεν
1630 1157 1711 1218 εἰς
1755 1156 1993 1226 γένεσιν.
2031 1158 2094 1209 Εἰ

506 1255 584 1323 μὴ
610 1256 724 1326 γάρ
749 1253 1036 1324 ἄνθρωποι
1068 1252 1483 1323 διεφθαρμένοι,
1517 1252 1614 1306 καὶ
1641 1251 1836 1306 πλάνοι
1863 1251 1962 1322 τὴν
1994 1251 2092 1322 σὴν

503 1345 784 1417 φρονίμην
819 1345 1004 1416 ψυχὴν
1028 1344 1410 1416 ἐξηπάτησαν,
1430 1345 1526 1396 καὶ
1551 1343 1654 1413 τῆς
1685 1344 1750 1396 ἐκ
1771 1343 1886 1396 τῶν
1921 1343 2096 1396 πατέ-

504 1454 619 1506 ρων
645 1435 944 1505 συνηθείας
973 1434 1070 1488 τοῦ
1105 1435 1222 1505 βίου
1260 1435 1358 1489 καὶ
1406 1436 1507 1504 τῆς
1538 1434 1820 1504 διαγωγῆς
1847 1433 2095 1511 ἀπέστη-

507 1544 634 1592 σαν,
669 1529 770 1581 οὐκ
799 1527 865 1582 ἂν
893 1526 1017 1581 οὐδὲ
1069 1526 1332 1596 πολεμεῖν
1367 1526 1502 1596 πρὸς
1549 1527 1916 1596 Χριστιανοὺς
1949 1525 2092 1596 ἠγά-

513 1637 697 1688 πησας
745 1619 1080 1688 Χριστιανὸς
1143 1617 1219 1671 ὢν
1249 1635 1262 1648 ·
1303 1619 1427 1672 οὐδὲ
1457 1619 1708 1672 εὐσεϐεῖν
1735 1618 1923 1690 χάριτι
1955 1618 2093 1672 Θεοῦ

515 1712 820 1782 ὁμολογῶν,
838 1712 1087 1774 εὐσεϐεῖς
1118 1705 1302 1773 εἷλκες
1329 1709 1714 1781 αἰχμαλώτους
1738 1725 1750 1737 ·
1785 1710 1880 1763 καὶ
1907 1707 2092 1771 ἁπλῶς

2200 520 2302 575 tes,
2335 525 2476 582 quos
2504 526 2683 583 neque
2717 512 2966 584 sanguis,
3006 529 3182 584 neque
3219 529 3374 582 caro,
3405 515 3500 570 sed
3539 516 3796 572 sanctis—.

2198 603 2374 659 simus
2408 602 2650 674 Spiritus
2679 603 2755 659 ita
2784 604 3172 674 coniunxerat.
3205 604 3396 660 Mortis
3436 615 3629 662 anetor
3668 622 3777 663 non

2197 707 2282 752 est
2341 695 2529 762 Deus,
2593 697 2687 751 sed
2744 697 2947 752 diaboli
3008 696 3192 762 dolus,
3260 698 3495 770 doloque
3542 698 3781 756 absurde

2200 789 2508 844 inserviens
2533 789 2769 843 humana
2793 788 3090 858 cupiditas,
3122 790 3268 846 unde
3291 799 3410 844 orta
3435 806 3782 862 quaecunque

2198 879 2434 947 pessima
2509 879 2744 934 irruunt.
2824 876 2880 933 Si
2924 879 3069 934 enim
3134 879 3386 935 homines
3433 881 3677 950 corrupti
3726 891 3780 938 et

2199 971 2426 1028 fallaces
2459 982 2696 1028 mentem
2729 981 2878 1027 tuam
2909 973 3232 1042 prudentem
3275 987 3384 1028 non
3412 974 3776 1044 decepissent,

2197 1072 2252 1118 et
2279 1078 2308 1118 a
2339 1071 2582 1134 paterna
2615 1063 2737 1119 vita:
2772 1064 3174 1120 consuetudine
3201 1065 3602 1136 disciplinaque
3625 1081 3782 1122 aver-

2206 1156 2430 1222 tissent,
2489 1171 2593 1210 non
2640 1156 2858 1226 juvaret
2892 1157 3266 1212 Christianum
3308 1161 3574 1215 adversus
3618 1158 3781 1216 Chri'

2218 1249 2428 1305 stianos
2460 1249 2684 1312 bellare,
2717 1265 2916 1321 neque,
2949 1253 3066 1322 qui,
3100 1252 3193 1307 Dei
3221 1253 3418 1323 gratia,
3451 1253 3779 1308 charitatem

2202 1341 2503 1410 proﬁteris,
2533 1343 2653 1412 pios
2691 1342 2942 1398 homines
2969 1344 3021 1397 in
3055 1344 3426 1412 captivitatem
3455 1343 3778 1405 abduceres.

2199 1442 2293 1486 aut
2336 1441 2584 1487 vastares
2630 1433 2794 1488 urbes
2843 1443 2896 1488 et
2924 1449 3174 1504 campos,
3202 1436 3256 1488 in
3292 1435 3494 1505 quibus
3535 1434 3780 1489 divinqu

2198 1523 2402 1578 Christi
2445 1540 2646 1580 nomen
2690 1526 3122 1596 gloriﬁcabatur.
3169 1527 3274 1581 Sed
3325 1541 3388 1581 ex
3439 1541 3526 1590 ea,
3558 1535 3613 1580 ut
3644 1526 3785 1585 dixi.

2199 1618 2405 1672 diaboli
2468 1619 2932 1688 sequentiumque
2997 1619 3326 1674 diabolicam
3389 1619 3782 1690 malignitatem

2201 1709 2405 1764 invidia
2439 1710 2559 1765 istas
2596 1711 2946 1767 calamitates
2985 1712 3258 1780 irrupere.

526 1805 705 1858 εἰπεῖν
741 1805 832 1858 οὐκ
879 1805 944 1859 ἀν
986 1805 1069 1868 εἰς
1112 1803 1352 1875 ἐρημίαν
1411 1805 1759 1874 κατέστησας
1824 1804 2008 1866 οἴκους
2048 1804 2143 1857 καὶ
2181 1805 2404 1867 τόπους,
2433 1805 2492 1856 ἐν
2541 1799 2625 1868 οἷς
2663 1806 2723 1858 τὸ
2752 1805 2846 1858 τοῦ
2923 1805 3164 1876 Χριστοῦ
3215 1807 3362 1859 θεῖον
3394 1804 3568 1877 ὄνομα
3597 1803 3789 1870 ἐδοξά-

527 1895 955 1968 ζετο,άλλ’ὃπερ
988 1897 1126 1966 ἔφην
1162 1896 1414 1950 διαϐόλου
1459 1897 1650 1966 φθόνος
1721 1896 1953 1949 καὶτῶν
2015 1897 2228 1952 ἐκείνου
2291 1897 2650 1969 μιμουμένων
2724 1898 2826 1970 τὴν
2886 1899 3088 1954 κακίαν
3137 1897 3446 1972 ἀνθρώπων
3481 1901 3594 1963 τοῖς
3623 1894 3788 1967 χαλε-

521 1990 646 2050 ποῖς
685 1986 890 2051 τούτοις
930 1987 1140 2041 ἔδωκαν
1166 1987 1474 2059 προελθεῖν.

597 2123 748 2179 Αλλά
777 2125 887 2193 γὰρ
914 2123 1010 2176 καὶ
1037 2122 1200 2176 τοῦτο
1252 2122 1548 2194 ἐνεφέρετο
1575 2123 1632 2176 ἐν
1671 2123 1750 2194 τῷ
1775 2124 2090 2194 γράμματι,

2270 2121 2510 2191 Epistula
2559 2131 2742 2178 autem
2789 2123 2842 2178 in
2880 2133 2970 2178 tua
3004 2123 3281 2194 scripsisti
3319 2134 3370 2181 te
3407 2126 3547 2182 nihil
3583 2129 3690 2186 nisi
3720 2148 3787 2185 ex

499 2217 584 2280 ὡς
613 2218 850 2286 ἀγαπῶν
905 2217 968 2270 τὸ
999 2217 1281 2288 ὁμὸψυχον
1329 2218 1425 2270 καὶ
1454 2219 1516 2269 τὸ
1557 2217 1884 2288 εἰρηνεύειν,
1921 2218 2100 2271 πάντα

500 2312 776 2380 πράττεις
817 2310 854 2365 ἃ
893 2310 1180 2381 πράττεις.
1227 2310 1339 2364 Καὶ
1365 2311 1426 2363 τὸ
1470 2313 1568 2380 μὲν
1595 2310 1876 2382 ὁμόψυχον
1912 2313 2006 2364 καὶ
2037 2310 2098 2366 τὸ

499 2401 818 2474 εἰρηνεύειν
851 2401 1014 2472 ἔργον
1033 2401 1124 2455 τοῦ
1147 2401 1381 2471 ἀγαθοῦ,
1402 2403 1463 2456 τὺ
1479 2403 1536 2456 δὲ
1562 2404 1823 2475 πράττειν
1852 2405 1889 2459 ἃ
1923 2404 2097 2476 πράτ-

503 2493 842 2563 τει;,·ἔργον
893 2492 990 2547 τοῦ
1033 2493 1296 2566 πονηροῦ.
1339 2495 1528 2558 Οὐδεὶς
1567 2497 1794 2568 εἰρήνην
1821 2497 2095 2567 ἐπιζητῶν

502 2585 864 2639 ἐπιϐουλεύει
914 2586 1128 2640 ἐκείνου
1191 2586 1311 2656 μεθ’
1340 2581 1402 2640 οὗ
1447 2589 1752 2660 εἰρηνεύειν
1801 2589 2095 2660 ἐπιζητεῖ·

501 2679 685 2741 οὐδεὶς
714 2679 994 2749 δμόψυχον
1037 2678 1181 2750 ἔχειν
1237 2680 1565 2751 βουλόμενός
1613 2700 1756 2747 τινα,
1807 2685 1872 2754 τῇ
1913 2685 2094 2754 σφαγῇ

502 2773 705 2826 τούτου
742 2772 944 2840 μιαίνει
1010 2773 1110 2835 τὰς
1170 2775 1385 2844 χεῖρας,
1439 2773 1575 2826 ἀλλὰ
1622 2773 1944 2844 θεραπεύει,
1980 2774 2096 2828 ἀλλ’

507 2865 727 2937 ἀγαπᾷ,
764 2865 901 2919 ἀλλά
932 2865 1102 2918 παντὶ
1159 2867 1303 2935 τρόπ
1323 2887 1348 2934 ρ
1379 2867 1448 2918 τά
1474 2869 1574 2936 τῆς
1615 2867 1824 2918 ἐκείνου
1855 2867 2096 2930 ἀνέσεως

509 2959 787 3012 ἐπιτελεῖν
834 2958 1186 3026 ἀγωνίζεται.
1239 2959 1322 3012 Τὰ
1359 2959 1418 3012 δὲ
1452 2960 1694 3030 ὑμέτερα
1734 2961 1794 3012 οὐ
1844 2959 2092 3026 τοιαῦτα,

512 3051 713 3106 οὐκοῦν
763 3049 886 3104 οὐδὲ
937 3050 1256 3122 ὁμοψυχεῖν,
1282 3051 1401 3104 οὐδὲ
1444 3052 1750 3121 εἰρηνεύειν
1779 3051 2099 3120 ἐπιζητούν-

511 3161 643 3210 των,
716 3143 858 3196 ἀλλά
919 3143 1234 3197 τούναντίον
1291 3143 1492 3213 μᾶλλον
1553 3143 1952 3213 ἐχθραινύντων
2003 3145 2099 3197 καὶ⁹

513 3235 867 3305 μαχομένων,
896 3236 992 3288 καὶ
1029 3234 1152 3306 μηδ’
1203 3235 1364 3288 ὅτιτί
1403 3235 1534 3288 ποτέ
1573 3239 1721 3288 ἐστιν
1748 3236 1940 3306 εἰρήνη
1972 3253 2098 3289 συν-

513 3327 734 3382 ιέντων.
769 3328 880 3380 Καὶ
943 3327 1117 3381 ταῦτα
1177 3329 1488 3400 γράφομεν,
1521 3329 1714 3382 τέκνον
1763 3329 1942 3400 ἡμῶν,
1977 3329 2097 3398 οὐχὶ

2205 2231 2397 2270 amore
2439 2218 2748 2272 concordiae
2785 2226 2838 2272 et
2864 2218 3016 2288 pacis
3050 2218 3252 2273 facere.
3285 2217 3464 2289 Opera
3495 2221 3621 2276 boui
3665 2220 3787 2295 Spi-

2207 2308 2346 2362 ritus
2393 2319 2524 2363 sunt
2562 2309 2859 2364 concordia
2901 2321 2952 2364 et
2989 2326 3129 2381 pax;
3174 2326 3298 2382 quae
3336 2327 3468 2367 vero
3495 2315 3612 2386 agis
3659 2316 3787 2372 mali

2203 2399 2432 2467 Spiritus
2485 2412 2635 2454 sunt.
2691 2398 2863 2456 Nemo
2926 2417 3114 2472 pacem
3171 2419 3426 2474 quaerens
3489 2405 3786 2463 insidiatur

2201 2491 2436 2556 homini,
2491 2509 2729 2562 quocum
2778 2495 2832 2548 in
2877 2511 3008 2566 pace
3055 2513 3278 2554 manere
3328 2509 3571 2568 exoptat.
3617 2495 3789 2556 Nemo

2200 2583 2444 2639 hominis
2499 2600 2738 2653 quocum
2793 2588 2845 2641 in
2894 2589 3189 2645 concordia
3224 2591 3338 2646 vult
3387 2591 3592 2656 vivere,
3641 2596 3790 2649 cade

2200 2689 2400 2730 manus
2445 2691 2576 2732 suas
2618 2689 2899 2747 cruentat,
2951 2683 3046 2736 sed
3101 2683 3153 2735 in
3205 2698 3332 2739 eum
3373 2685 3573 2751 olIieia,
3620 2686 3786 2751 bona,

2201 2783 2480 2832 amorem,
2544 2771 2919 2841 gratiamque,
2999 2789 3222 2844 quoquo
3294 2777 3458 2831 modo
3533 2775 3786 2833 conferre

2205 2861 2504 2914 contendit.
2565 2861 2681 2916 Non
2730 2863 2854 2917 talia
2900 2873 3032 2919 sunt
3073 2880 3196 2936 quae
3236 2866 3422 2938 agitis,
3477 2867 3571 2922 sed
3621 2882 3786 2937 opera

2207 2950 2492 3006 hominum
2526 2955 2640 3023 qui,
2697 2956 2898 3010 nedum
2935 2959 3289 3012 concordiam
3325 2967 3377 3012 et
3408 2973 3596 3028 pacem
3637 2975 3790 3028 qua:-

2208 3051 2351 3107 rant,
2384 3043 2507 3098 odia
2538 3055 2592 3099 et
2625 3046 2768 3100 bella
2805 3058 3236 3116 persequuntur,
3269 3050 3382 3103 imo
3418 3050 3550 3120 quid
3583 3051 3654 3106 sit
3683 3067 3786 3122 pax

2207 3136 2481 3205 ignorant.
2509 3135 2662 3192 Talia
2691 3139 2895 3202 scribo,
2926 3155 3032 3194 non
3071 3151 3132 3195 ut
3160 3141 3504 3212 ignorantem
3535 3141 3789 3208 doceant,

2206 3228 2300 3282 sed
2335 3230 2462 3298 quia
2513 3231 2702 3284 nescio
2741 3247 2882 3300 quos
2930 3232 3160 3301 epistola
3215 3234 3471 3288 videatur
3512 3233 3788 3304 decipere.

2206 3317 2337 3373 Mihi
2392 3330 2577 3375 autem
2632 3323 2993 3394 interroganti
3043 3326 3330 3394 responde.
3390 3323 3450 3381 Si
3499 3327 3645 3396 quis,
3698 3337 3792 3379 aut

509 3422 864 3484 διδάσκοντες
888 3419 965 3483 ὡς
1016 3421 1339 3488 ἀγνοοῦντα,
1381 3420 1497 3474 ἀλλ’
1543 3422 1626 3474 ὅτι
1657 3421 1746 3474 διὰ
1783 3421 1894 3474 τῶν
1925 3422 2099 3474 τοιού-

2205 3412 2393 3483 frater,
2425 3424 2520 3468 aut
2559 3414 2727 3478 lilius,
2775 3415 2850 3470 ita
2896 3417 3044 3470 omni
3078 3417 3241 3471 modo
3281 3431 3486 3488 ageret,
3521 3429 3577 3472 ut
3610 3418 3792 3474 domi-

512 3527 629 3564 των
657 3513 946 3582 ῥημάτων,
965 3511 1066 3564 ούκ
1084 3508 1205 3565 οἶδα
1230 3513 1384 3574 τίνας
1412 3512 1561 3564 δοκεῖ
1581 3513 1640 3565 τὸ
1652 3514 1891 3583 γράμμα
1919 3531 2101 3585 παρα-

509 3605 856 3672 λογίζεσθαι.
904 3604 1238 3675 Ἑρωτῶμέν
1271 3621 1354 3670 σε,
1386 3606 1484 3657 καὶ
1522 3605 1879 3676 ἀποκρίθητι.
1914 3607 1981 3658 Et
2009 3624 2095 3670 τις

511 3694 548 3765 ἦ
592 3695 826 3762 ἁδελφὸς
861 3694 895 3764 ἢ
931 3695 1042 3747 τῶν
1082 3696 1292 3748 τέκνων
1353 3695 1534 3748 αὐτῶν
1561 3696 1871 3765 παρελθὼν,
1920 3698 2100 3751 πάντα

512 3788 754 3857 πράττοι
813 3787 956 3841 ὥστε
1006 3787 1192 3839 λαϐεῖν
1234 3786 1335 3858 τὴν
1384 3786 1484 3856 σὴν
1523 3788 1825 3856 κυριότητα
1859 3789 1956 3841 καὶ
1998 3788 2099 3858 τὴν

510 3881 695 3951 ἀρχὴν
724 3881 818 3934 τοῦ
842 3881 1054 3945 ἔθνους,
1093 3876 1214 3934 εἷτα
1255 3881 1407 3949 λέγοι
1435 3882 1508 3944 ὡς
1537 3882 1770 3951 Πράττω
1797 3881 1970 3935 ταῦτα
2010 3883 2107 3936 καὶ

510 3973 858 4042 ἀγωνίζομαι
909 3973 1072 4044 χάριν
1129 3973 1224 4024 τοῦ
1276 3967 1416 4025 εἶναι
1449 3972 1726 4042 ὁμὸψυχύς
1759 3989 1842 4025 σοι
1892 3971 2104 4027 καὶτοῦ

511 4064 849 4136 εἰρηνεύειν,
875 4061 983 4136 ἄρα
1015 4064 1208 4116 τοῦτον
1233 4064 1468 4135 ἀποδέξῃ
1493 4065 1590 4134 τῆς
1617 4062 1875 4134 τοιαύτης
1908 4082 2105 4132 προαι-

513 4160 750 4230 ρέσεως,
789 4158 822 4228 ῆ
857 4158 934 4221 ὡς
959 4157 1248 4211 ἐπίϐουλον
1281 4160 1379 4210 καὶ
1411 4157 1605 4229 ἐχθρὸν
1630 4159 1797 4211 παντὶ
1816 4157 2107 4229 τρόπῳκαὶ

511 4253 620 4322 τῆς
645 4253 774 4320 ὅλης
819 4254 984 4305 αὐτὸν
1013 4252 1292 4316 ἐκδιώξεις
1320 4249 1538 4322 χὼραςς
1594 4253 1705 4304 Καὶ
1740 4251 1823 4313 τίς
1861 4253 2007 4303 ἐστιν
2048 4251 2108 4313 ὃς

513 4345 682 4399 τοῦτο
720 4347 964 4416 ἀγήοχε;
1009 4347 1102 4416 Μὴ
1130 4345 1305 4398 τοίνυν
1339 4345 1475 4412 μηδέ
1511 4345 1576 4396 σὺ
1607 4345 1670 4396 ἐκ
1692 4344 1934 4397 τοιούτου
1971 4360 2106 4414 φρο-

519 4438 772 4506 νήματος
814 4437 1090 4508 δμόψυχος
1133 4430 1299 4497 εἶναι,
1344 4435 1483 4505 μηδὲ
1531 4435 1813 4499 ἐπιζητεῖν
1853 4435 2109 4504 τοιαύτην

515 4531 752 4601 εἰρήνην
776 4547 791 4560 ι
824 4530 884 4581 τὸ
909 4531 1019 4600 γὰρ
1066 4529 1447 4582 ἰδιοποιεῖσθαι
1488 4528 1556 4581 τὰ
1588 4529 1870 4600 ἀλλότρια,
1896 4527 1956 4581 τὸ
1987 4529 2112 4599 βού-

516 4621 712 4676 λεσθαι
739 4621 846 4674 τῶν
883 4621 957 4691 μὴ
1003 4621 1396 4690 προσηκόντων
1440 4618 1766 4684 ἐπιϐαίνειν,
1796 4619 2109 4690 τυραννίδος

2206 3508 2357 3560 nium
2410 3516 2563 3562 tuum
2615 3509 2903 3579 gentisque
2956 3519 3062 3564 ture
3113 3511 3404 3579 imperium
3462 3510 3795 3583 subriperet,

2205 3600 2393 3656 ditens
2442 3617 2502 3656 se
2541 3603 2680 3655 nihil
2737 3603 2885 3657 aliud
2941 3602 3047 3657 nisi
3096 3619 3286 3672 pacem
3329 3605 3793 3673 concordiamque

2208 3703 2388 3748 tecum
2425 3695 2732 3750 habendam
2791 3695 2948 3760 velle,
2997 3695 3235 3750 istiusne
3294 3705 3502 3767 gratam
3561 3698 3793 3751 haberes

2207 3788 2403 3857 agendi
2444 3789 2752 3842 rationem?
2802 3804 2984 3842 nonne
3031 3790 3216 3858 potius
3257 3790 3421 3844 istum
3454 3789 3612 3858 quasi
3656 3790 3792 3844 insi—

2209 3882 2474 3934 diatorem
2535 3881 2861 3949 hostemque
2912 3897 2977 3934 ex
3027 3890 3116 3935 tua
3171 3882 3398 3950 regione
3437 3881 3790 3950 expelleres?

2210 3973 2412 4043 Ecquis
2467 3973 2541 4026 ita
2583 3973 2725 4045 egit?
2774 3973 2892 4026 Non
2943 3983 2996 4026 tu
3049 3989 3182 4027 sane
3236 3989 3302 4028 ex
3361 3974 3456 4028 tali
3507 3975 3792 4044 praposito

2209 4062 2560 4117 concordiam
2598 4073 2652 4118 et
2693 4077 2877 4133 pacem
2929 4062 3066 4118 velis
3099 4078 3375 4135 quaerere,
3403 4063 3596 4117 Aliena
3645 4063 3790 4117 enim

2211 4171 2482 4226 occupare
2522 4165 2618 4211 aut
2664 4157 2804 4211 velle
2850 4156 3106 4210 invadere
3143 4157 3448 4228 tyrannidis
3492 4165 3576 4210 est
3619 4156 3793 4212 hosti-

2212 4251 2388 4320 lisque
2431 4251 2685 4314 rationis,
2717 4265 2826 4304 non
2860 4258 3044 4304 autem
3090 4248 3402 4304 concordiae
3445 4248 3795 4319 pacificaaque

2213 4344 2609 4398 institutionis.
2662 4341 2863 4398 Nescio
2917 4358 3017 4397 cur
3065 4344 3428 4409 merularum,
3479 4342 3794 4404 simiorum,

2211 4445 2306 4490 aut
2368 4437 2615 4504 picarum
2673 4451 2857 4490 mores
2907 4433 3271 4491 aﬂ‘ectaveris.
3325 4435 3504 4490 Homo
3542 4435 3793 4506 equidem

2215 4530 2395 4599 imago
2444 4529 2560 4593 Dei,
2617 4529 2970 4599 divinamqne
3021 4530 3245 4585 imitans
3299 4530 3580 4592 virtutem.
3632 4545 3796 4600 supra

2213 4635 2432 4675 omnem
2491 4620 2753 4674 malitiam
2802 4620 3068 4687 exsurgit,
3117 4620 3366 4688 ipseque,
3412 4630 3678 4688 quantum
3741 4621 3794 4674 iu

517 4715 642 4766 ἐστὶ
687 4712 783 4766 καὶ
826 4712 1141 4783 μαχομένου
1167 4711 1400 4781 τρόπου,
1451 4709 1568 4763 ἀλλ’
1615 4709 1738 4780 οὐχὶ
1777 4708 2099 4779 ὁμοψυχίας,

2216 4712 2437 4767 homine
2467 4719 2574 4776 est,
2605 4712 2661 4765 fit
2697 4709 2862 4777 Deus,
2893 4711 2959 4765 ad
2985 4710 3220 4780 idipsutn
3250 4721 3500 4776 creatus;
3537 4711 3794 4767 animalia

515 4806 647 4860 οὐδὲ
673 4805 959 4875 εἰρηνικῆς
990 4803 1406 4867 καταστάσεως.
1438 4805 1503 4856 ’Π
1533 4803 1589 4855 δέ
1618 4803 1746 4870 περὶ
1769 4801 1877 4854 τῶν
1910 4800 2108 4854 κοσσύ-

520 4916 645 4968 φων
703 4902 798 4952 καὶ
847 4901 956 4952 τῶν
993 4898 1246 4968 πιθήκων
1300 4899 1394 4951 καὶ
1438 4897 1547 4949 τῶν
1589 4896 1797 4948 κισσῶν
1826 4895 1984 4966 χρεία
2008 4894 2110 4946 οὐκ

465 4987 468 4999 ί
517 4988 647 5045 οἶδα
677 4993 755 5054 εἰς
797 4992 852 5044 τί
906 5009 990 5044 σοι
1051 4989 1445 5062 προϐέϐληται.
1495 4988 1817 5059 Ἀνθρωπος
1853 4989 1951 5058 μέν
2001 4989 2110 5056 γάρ

517 5089 691 5142 εἰκών
728 5090 843 5141 ἐστι
875 5087 1034 5150 Θεοῦ,
1071 5086 1166 5139 καὶ
1195 5089 1296 5156 τὴν
1330 5086 1482 5140 θείαν
1516 5085 1855 5155 μιμούμενος
1887 5083 2110 5153 ἀρετὴν,

515 5185 739 5252 γίνεται
777 5184 1050 5253 κρείττων
1078 5181 1263 5250 πάσης
1295 5179 1515 5244 κακίας,
1545 5178 1642 5232 καὶ
1680 5179 1807 5230 ὅσον
1838 5176 2112 5249 ἀνθρώπῳ

2212 4820 2346 4860 vero
2376 4805 2442 4859 de
2475 4806 2680 4874 quibus
2712 4804 2975 4874 loqueris,
3015 4805 3060 4858 si
3094 4801 3226 4872 quid
3255 4803 3322 4857 ad
3351 4803 3629 4858 hominem
3670 4805 3798 4858 imi-

2219 4899 2445 4964 tatione,
2473 4898 2716 4952 actiones
2741 4905 2922 4951 tamen
2948 4897 3221 4951 humanas
3245 4911 3489 4962 unquam
3513 4895 3758 4951 referunt
3783 4915 3797 4951 :

2216 4991 2418 5060 quippe
2476 5005 2598 5059 qua:
2651 4990 2904 5043 humana:
2954 4989 3142 5045 virtuti
3208 4989 3476 5061 imparia,
3545 4990 3800 5046 homines

2217 5083 2404 5137 vocari
2453 5082 2600 5136 nulla
2649 5083 2862 5138 ratione
2891 5092 3148 5152 possunt,
3183 5085 3326 5140 sicut
3374 5084 3563 5151 homo,
3605 5084 3699 5157 qui
3731 5085 3800 5137 ab

2221 5176 2337 5246 ipso
2377 5175 2484 5231 Deo
2520 5176 2707 5232 vocari
2742 5176 2888 5232 Deus
2917 5191 2985 5232 ex
3015 5194 3316 5250 progressu
3363 5180 3584 5248 accipit.

515 5276 747 5330 δυνατὸν
793 5274 947 5339 Θεὸς,
979 5273 1078 5327 καὶ
1105 5272 1196 5325 διὰ
1228 5271 1386 5324 τοῦτο
1420 5269 1572 5342 παρά
1601 5268 1737 5322 Θεοῦ
1773 5268 2238 5340 δεδημιούργηται
2262 5285 2276 5300 ⁸
2310 5269 2346 5320 ἂ
2395 5268 2439 5321 δ’
2473 5267 2610 5338 ἔφης
2650 5267 2788 5333 ζῶα,
2829 5272 2877 5324 εἰ
2914 5275 3008 5324 καὶ
3061 5273 3302 5344 μιμηλόν
3326 5291 3378 5326 τι
3417 5273 3556 5344 πρὸς
3589 5271 3801 5339 ἀνθρω-

517 5385 624 5422 πον
662 5368 1057 5430 ἐπιδείκνυται,
1125 5365 1420 5420 άλλόύδέν
1487 5363 1624 5434 πρὸς
1666 5363 1736 5416 τὰ
1781 5359 2104 5433 ἀνθρώπινα
2172 5363 2513 5433 πράγματα’
2580 5361 2706 5416 οὔτε
2755 5363 2865 5436 γάρ
2917 5363 3212 5437 ἀνθρώπου
3261 5365 3462 5438 ἀρετὴν
3504 5362 3802 5416 ἀναλαϐεῖν

518 5467 685 5528 κοινά,
725 5464 852 5518 οὔτε
914 5462 1209 5532 ἄνθρωπος
1259 5459 1521 5529 λέγεσθαι
1565 5455 1688 5512 καθ’
1705 5457 2018 5528 οἰονδήποτε
2058 5457 2283 5528 τρόπον,
2340 5456 2533 5528 ὥσπερ
2588 5459 2654 5511 ἐκ
2693 5459 2984 5530 προκοπῆς
3031 5461 3060 5513 ὀ
3111 5461 3402 5531 ἄνθρωπος
3443 5455 3596 5526 παρὰ
3659 5455 3798 5508 Θεοῦ

519 5557 788 5629 λαμϐάνει
820 5556 882 5611 τὸ
913 5552 1204 5609 καλεῖσθαι
1243 5551 1398 5616 Θεός.

597 5700 739 5773 Πλὴν
775 5701 873 5758 καὶ
908 5700 1096 5762 τοῦτο,
1126 5696 1320 5753 τέκνον
1343 5697 1526 5768 ήμῶν,
1557 5694 1620 5748 τὸ
1655 5691 2013 5764 παράδειγμα
2063 5695 2099 5745 εὶ

2296 5690 2507 5761 Itaque,
2543 5705 2578 5746 ο
2608 5689 2704 5778 ﬁli,
2743 5691 3077 5774 exemplum,
3119 5691 3166 5747 si
3204 5704 3271 5747 ex
3307 5690 3582 5761 prioribus
3633 5683 3798 5752 dictis
