4178 6420
425 351 527 414 143

1550 312 1871 401 Nicoml'
1902 338 2015 399 cr.
2056 337 2578 399 PATRIARCH/ﬁ

3578 337 3682 401 H4

351 442 358 447 ’
419 456 674 529 coiligere
708 455 864 520 velis,
896 454 1097 511 similia
1139 452 1355 510 suadet.
1389 451 1447 507 Si
1478 451 1531 505 in
1564 452 1667 506 hoc
1692 447 1992 503 Christiani

2104 447 2321 517 βούλοιο
2368 447 2608 520 συνορᾷν
2645 448 2758 511 τοῖς
2790 447 3104 520 ἔμπροσθεν
3146 449 3484 522 εἰρημένοις,
3527 450 3692 523 ὃμοια

416 558 747 612 noscuntur,
802 548 947 620 quod
1001 547 1375 619 apostolorum
1424 550 1649 599 servant
1697 548 1994 612 praecepta,

417 655 716 711 pacemque
738 649 945 703 amant,
971 640 1147 709 abjice
1170 653 1344 701 arma,
1372 636 1573 691 bellum
1598 648 1776 697 cessa,
1799 648 1996 687 manus

418 734 688 805 sanguine
739 733 1054 789 Christiano
1098 730 1275 787 [tedas
1319 727 1571 797 purifica,
1608 733 1882 781 revertere
1926 724 1995 779 ad

418 827 660 896 priscum
694 832 921 890 statum,
948 837 1183 894 agnosce
1218 830 1402 890 patres
1437 818 1768 888 fratresque,
1801 831 1997 872 rursus

422 918 648 988 capiens
694 932 912 983 sensus,
964 930 1102 986 quos
1135 927 1445 971 communis
1480 912 1533 966 in
1589 909 1788 982 spiritu
1839 912 1996 981 origo

421 1008 691 1079 praecipit,
729 1015 1082 1077 mentemque
1115 1004 1397 1075 deponens
1425 1018 1587 1073 quam
1618 1000 1822 1057 diaboli
1850 1000 1994 1054 invi-

419 1100 507 1152 dia
568 1098 967 1169 hominumque
1029 1095 1270 1166 nequitia
1328 1095 1667 1151 instruxere.
1728 1091 1855 1148 Haec
1910 1100 1996 1146 est

418 1190 707 1246 verissima
767 1204 906 1261 pax,
953 1201 1120 1257 quam
1176 1202 1283 1242 non
1335 1187 1483 1241 valet
1536 1200 1693 1242 error
1736 1183 1991 1250 auferre,

384 1277 388 1281 ⁴
416 1281 630 1336 scilicet
665 1281 823 1335 linem
856 1279 1012 1335 bellis
1035 1280 1347 1348 imponere,
1370 1278 1654 1349 sanguinis
1677 1276 1994 1332 effusionem

417 1372 689 1436 inhibere,
722 1370 918 1441 opibus
966 1369 1382 1439 honoribusque
1424 1379 1744 1424 contentum
1794 1367 1997 1431 vivere,

417 1479 558 1534 quae,
605 1464 716 1517 Deo
768 1461 1111 1533 providente,
1158 1476 1224 1516 ex
1279 1460 1518 1531 potentia
1567 1469 1623 1514 et
1662 1474 1693 1514 a
1745 1458 1996 1530 patribus

416 1556 713 1627 accepisti,
776 1555 912 1619 lines
964 1568 1185 1610 servare
1234 1568 1265 1608 a
1325 1552 1576 1624 patribus
1629 1552 1995 1615 constitutos,

421 1664 727 1718 paremque
755 1648 1023 1718 Bulgaros
1066 1648 1210 1702 inter
1245 1655 1301 1700 et
1333 1645 1611 1701 Romanos
1643 1647 1834 1703 ictam.
1870 1660 1995 1700 cum

415 1738 483 1794 ad
515 1738 723 1795 Christi
769 1738 980 1810 Deique
1011 1739 1295 1794 notionem
1333 1737 1585 1792 venistis.
1617 1735 1729 1792 Has
1762 1741 1808 1791 si
1845 1740 2001 1809 cogi-

2097 543 2363 611 παραινεῖ
2391 556 2408 575 ο
2441 540 2491 595 εἰ
2530 541 2642 614 γὰρ
2664 542 2723 596 ἐν
2759 541 2939 614 τούτῳ
2955 541 3321 614 γνωρίζονται
3346 544 3694 615 Χριστιανοὶ,

2096 635 2155 685 ἐν
2189 635 2267 704 τῷ
2319 633 2615 703 φυλάττειν
2637 634 2750 688 τῶν
2797 635 3120 691 ἀποστόλων
3163 636 3263 700 τὰς
3292 636 3594 704 διατάξεις,
3635 641 3696 691 ἐν

2097 722 2177 794 τῷ
2244 726 2467 796 ἀγαπᾷν
2525 724 2776 796 εἰρήνην,
2806 726 2964 795 ρίψον
3014 726 3085 779 τὰ
3133 726 3299 794 ὅπλα,
3329 728 3576 783 κατάθου
3602 729 3698 782 τὸν

2102 815 2360 886 πόλεμον,
2415 795 2658 888 κάθαρον
2680 816 2778 881 τὰς
2807 819 2998 888 χεῖρας
3038 820 3104 872 ἐκ
3135 817 3247 872 τῶν
3287 819 3697 889 Χριστιανικῶν
3724 795 3742 906 ἒ

2100 908 2380 977 αἱμάτων,
2433 908 2684 980 ἐπάνηκε
2744 910 2826 971 εἰς
2878 910 2981 979 τὴν
3034 910 3272 982 ἀρχαίαν
3335 910 3744 979 uncinatum!

2100 1000 2370 1068 ἐπίγνωθι
2432 1002 2561 1065 τοὺς
2620 1002 2867 1073 πατέρας
2913 1001 3011 1055 καὶ
3070 1002 3370 1073 ἀδελφοὺς,
3405 993 3780 1097 ἀναλαϐὼνς

2101 1092 2347 1146 διάθεσιν
2375 1092 2443 1163 ῆν
2470 1095 2502 1163 ἡ
2550 1094 2614 1148 ἐκ
2644 1093 2739 1147 τοῦ
2766 1095 3084 1164 πνεύματος
3105 1097 3403 1164 συγγένεια
3422 1095 3694 1167 βούλεται,

2106 1185 2201 1237 καὶ
2235 1184 2507 1238 κατάλιπε
2544 1185 2645 1257 τὴν
2670 1185 2900 1257 γνώμην
2946 1185 3086 1260 πρὸς
3112 1186 3180 1258 ἢν
3201 1187 3472 1257 βασκανία
3505 1188 3697 1259 δαίμο-

2107 1293 2197 1339 νος
2231 1277 2328 1332 καὶ⁸
2382 1277 2694 1349 ἀνθρώπων
2750 1280 2987 1350 πονηρία
3050 1280 3482 1339 κατεσκεύασεν.
3542 1281 3695 1355 Δῦτη

2097 1368 2249 1421 ἐστὶν
2271 1369 2345 1432 ὡς
2363 1369 2584 1440 ἀληθῶς
2605 1367 2822 1441 εἰρήνη,
2844 1371 2912 1442 ἣν
2936 1371 3038 1425 οὐκ
3069 1371 3249 1442 ἰσχύει
3266 1372 3447 1443 πλάνη
3479 1373 3696 1445 ἐξᾶραι,

2102 1460 2165 1511 τὸ
2195 1458 2479 1530 παυθῆναι
2513 1459 2641 1522 τοὺς
2660 1458 2957 1529 πολέμους,
2985 1462 3046 1513 τὸ
3075 1461 3422 1529 ἀνακοπῆναι
3448 1461 3547 1522 τάς
3581 1462 3693 1515 τῶν

2104 1549 2359 1619 αίμάτων
2398 1549 2613 1621 χύσεις,
2648 1550 2710 1603 τὸ
2755 1549 3046 1620 ἀρκεῖσθαί
3077 1567 3137 1604 σε
3166 1553 3232 1623 τῇ
3275 1550 3430 1623 παρά
3457 1550 3593 1606 Θεοῦ
3634 1549 3698 1616 ἐξ

2107 1641 2283 1712 ἀρχῆς
2316 1640 2415 1694 καὶ
2441 1641 2504 1694 ἐκ
2529 1641 2639 1694 τῶν
2667 1643 2924 1713 πατέρων
2947 1642 3212 1714 δεδομένῃ
3235 1658 3319 1697 σοι
3351 1643 3569 1714 ἐξουσίᾳ
3599 1644 3694 1696 καὶ

2104 1737 2265 1805 τιμῇ,
2293 1734 2355 1787 τὸ
2389 1733 2465 1806 μὴ
2491 1734 2846 1806 ὑπερϐαίνειν
2888 1735 3014 1806 ὅρια
3050 1734 3087 1790 ἃ,
3137 1736 3323 1790 ἔθεντο
3352 1737 3412 1790 ὀἰ
3448 1738 3693 1808 πατέρες

417 1830 659 1883 tationes
711 1827 1115 1899 acceperimus,
1163 1844 1273 1882 non
1327 1828 1526 1882 valebit
1569 1828 1820 1883 diabolus
1873 1844 1996 1883 cum

2108 1842 2224 1893 σου,
2261 1826 2355 1880 καὶ
2387 1826 2486 1899 τὴν
2515 1825 2724 1897 μεταξὺ
2760 1827 3089 1898 Βουλγάρων
3129 1827 3224 1882 καὶ
3264 1825 3573 1898 Ῥωμαίων,
3599 1827 3691 1881 ὅτε

417 1930 533 1974 toto
555 1921 802 1975 exercitu
836 1934 1022 1990 pacem
1054 1928 1296 1976 nostram
1332 1921 1569 1975 diruere.
1601 1919 1708 1976 Sed
1733 1922 1999 1992 (inquies)

418 2013 563 2067 υνυς
595 2013 790 2067 statuit
830 2028 932 2068 nos
976 2011 1287 2068 Romanum
1336 2012 1625 2084 imperium
1662 2024 2004 2086 expugnatuo

417 2119 529 2160 ros.
570 2103 755 2161 Fallax
787 2105 1162 2170 ratiocinium,
1198 2105 1456 2161 indecora
1497 2105 1776 2177 cogitatio,
1817 2108 2000 2163 incer-

418 2203 616 2264 tusque
644 2192 768 2249 linis
799 2193 1140 2264 propositus.
1172 2192 1328 2249 Multi
1364 2209 1555 2265 parum
1584 2198 1828 2251 contenti
1858 2212 1998 2268 pra:-

421 2281 693 2347 sentibus,
744 2283 1122 2354 amplioraque
1165 2285 1538 2347 obtentantes,
1567 2300 1630 2340 ea
1678 2302 1801 2355 quae
1844 2289 2000 2357 prius

423 2373 794 2444 possederant
814 2372 1191 2445 perdiderunt.
1224 2374 1302 2429 lta
1329 2390 1414 2431 res
1442 2376 1718 2441 humanae,
1752 2376 1999 2445 lubricae,

421 2466 728 2523 instabiles.
758 2464 874 2522 Nisi
907 2465 1054 2523 Deus
1084 2467 1241 2524 aliter
1270 2469 1530 2532 voluerit,
1571 2478 1790 2538 Oportet
1819 2470 1999 2525 homi-

420 2572 547 2612 nem
576 2559 664 2637 qui
691 2558 920 2614 conlidit
948 2574 1009 2615 se
1041 2574 1073 2613 a
1105 2557 1216 2614 Deo
1246 2548 1450 2630 aliquid
1499 2570 1873 2629 accepturum,
1906 2561 1998 2616 Dei

416 2650 684 2722 judicium
706 2660 1045 2722 exspectare.
1073 2650 1152 2705 Ex
1178 2666 1244 2706 eo
1267 2652 1445 2706 solum
1469 2661 1683 2720 sperata
1705 2652 1997 2721 obtinebit,

418 2741 618 2797 nedum
660 2741 715 2795 in
762 2741 1150 2808 mactationes,
1183 2740 1380 2807 credes,
1408 2740 1523 2796 sive
1559 2740 1670 2795 alia
1702 2756 1823 2810 quae
1861 2742 2000 2797 Deus

418 2832 616 2895 oderit,
649 2841 991 2904 prorumpat.
1033 2831 1311 2897 Quasnam
1356 2831 1504 2886 enim
1542 2830 1627 2886 sic
1671 2830 2000 2901 aggredere-

421 2925 539 2981 ris?
589 2923 708 2979 Non
758 2935 950 2996 gentes
983 2922 1078 2977 Dei
1135 2924 1374 2993 ignaras,
1424 2937 1455 2977 a
1500 2921 1723 2977 Christo
1765 2922 1997 2989 alienas,

422 3017 577 3073 vobis
618 3017 870 3084 infestas,
922 3016 1014 3070 sed
1073 3025 1284 3085 patres,
1338 3013 1558 3081 fratres,
1606 3014 1856 3070 homines
1902 3015 1996 3083 qui

419 3110 599 3176 vobis,
638 3110 793 3180 quasi
849 3108 978 3163 ﬁliis
1023 3108 1160 3173 suis,
1212 3108 1517 3162 consulturi
1544 3108 1767 3162 fuerunt
1813 3107 1998 3176 positi.

2106 1917 2201 1970 τὸν
2258 1919 2496 1988 Χριστὸν
2524 1919 2803 1989 ἐπέγνωτε
2843 1919 2938 1972 καὶ
2965 1918 3123 1982 Θεὸν,
3169 1918 3695 1989 συμπεφωνημένην

2106 2009 2356 2080 εἰρήνην.
2397 2009 2459 2063 Εἰ
2515 2010 2689 2075 οὕτως
2734 2010 3067 2083 φρονοῦμεν,
3105 2010 3276 2075 ϐντως
3310 2008 3434 2064 οὐδὲ
3466 2010 3629 2074 αὐτὸς
3663 2010 3693 2063 ὀ

2103 2100 2353 2163 διάϐολος
2402 2100 2543 2172 μετά
2583 2101 2766 2172 πάσης
2810 2102 2979 2157 αὑτοῦ
3017 2106 3119 2175 τῆς
3174 2103 3438 2176 στρατιᾶς
3467 2118 3694 2172 κεκινη-

2111 2193 2277 2263 μένος
2312 2193 2672 2265 παρατρέψαι
2711 2195 2813 2264 τὴν
2831 2194 2971 2267 πρὸς
2997 2196 3056 2250 σέ
3085 2196 3313 2266 εἰρήνην
3346 2195 3504 2267 ἡμῶν
3529 2194 3693 2265 δυνή-

2106 2297 2287 2338 σεται.
2325 2282 2457 2347 Ναὶ,
2489 2283 2626 2337 ἀλλά
2661 2282 2913 2357 βούλημα
2944 2283 3081 2337 Θεοῦ
3121 2284 3220 2355 τὴν
3247 2284 3356 2338 τῶν
3395 2283 3692 2355 Ῥωμαίων

2104 2374 2356 2442 ἐξουσίαν
2391 2376 2538 2447 ὑμᾶς
2581 2375 2770 2431 λαϐεῖν
2791 2393 2804 2407 ·
2836 2377 3163 2448 ἐπισφαλείς
3201 2379 3252 2432 οἱ
3281 2377 3556 2448 λογισμοὶ,
3589 2376 3692 2430 οὐκ

2102 2464 2385 2537 εὐπρεπὴς
2415 2468 2449 2536 ἡ
2478 2466 2802 2538 ἐνθύμησις,
2838 2467 3033 2539 ἄδηλον
3055 2468 3115 2521 τὸ
3146 2467 3298 2531 τέλος
3326 2468 3407 2532 εἰς
3426 2467 3455 2521 δ
3481 2483 3688 2522 κατανο

2105 2556 2358 2625 τήσεται.
2385 2556 2580 2610 Πολλοὶ
2602 2561 2713 2622 τοῖς
2736 2558 2874 2620 τέως
2893 2557 3133 2629 παροῦσι
3162 2559 3238 2629 μὴ
3260 2560 3364 2612 ἐπα
3373 2556 3688 2628 ρκούμενοι,

2109 2644 2247 2698 ἀλλὰ
2291 2646 2432 2717 πρὸς
2463 2646 2691 2701 πλείονα
2724 2648 3207 2720 ὑπερεκτεί.οντες
3244 2648 3497 2716 ἑαυτοὺς,
3525 2647 3621 2701 καὶ
3653 2646 3694 2700 ἃ

2103 2736 2243 2799 τέως
2275 2731 2422 2807 εἰχον
2477 2738 2939 2809 προσαπώλεσαν.
2991 2738 3178 2806 Οὕτως
3221 2741 3340 2795 ἐστὶ
3365 2741 3436 2794 τὰ
3470 2740 3685 2808 ἀνθρώ-

2109 2847 2239 2882 πινα
2260 2830 2587 2905 πράγματα,
2608 2829 2785 2896 οὕτως
2813 2832 3093 2903 ἐπισφαλῆ
3123 2834 3217 2888 καὶ
3255 2833 3514 2889 ἀϐέϐαια’
3549 2833 3693 2904 πλὴν

2107 2920 2157 2972 εί
2194 2919 2452 2993 βούλημα
2475 2923 2637 2989 Θεοῦ,
2669 2923 2753 2977 δεῖ
2775 2925 2869 2979 τὸν
2909 2924 3055 2980 οὕτω
3093 2925 3395 2980 πεποιθότα
3418 2926 3496 2991 ὡς
3520 2926 3693 2999 λήψε-

2104 3014 2197 3065 ταί
2243 3030 2293 3066 τι
2327 3014 2482 3085 παρά
2533 3015 2699 3084 Θεοῦ,
2741 3016 2956 3072 ἐκείνου
3007 3018 3330 3090 περιμένειν
3360 3018 3459 3091 τὴν
3484 3019 3695 3089 κρίσιν,

2108 3105 2320 3160 ἐκεῖθεν
2360 3107 2682 3177 ἐκδέχεσθαι
2709 3110 2808 3180 τὴν
2832 3110 3112 3182 ἀπόληψιν
3141 3110 3253 3166 τῶν
3286 3109 3692 3182 ἐλπιζομένων,

421 3200 583 3257 Tales
621 3200 887 3256 adversus
928 3201 1176 3255 homines
1210 3199 1445 3256 barbaro
1496 3199 1549 3254 in
1585 3200 1748 3254 modo
1794 3199 1996 3253 bellum

2111 3197 2248 3253 em
2292 3199 2367 3269 μὴ
2398 3200 2532 3269 πρὸς
2560 3203 2659 3265 τὰς
2694 3203 2933 3271 σφαγὰς,
2969 3202 3104 3273 πρὸς
3136 3204 3264 3268 τοὺς
3298 3206 3516 3274 φόνους,
3553 3203 3693 3274 πρὸς

422 3293 764 3362 suscepistis,
787 3293 1077 3350 consilium
1103 3292 1425 3363 arripientes
1449 3293 1630 3347 standi
1650 3292 1704 3346 in
1729 3292 1920 3358 armis,
1949 3301 2005 3346 et

424 3384 1037 3454 usurpandi'imperium
1069 3383 1368 3440 Christiani
1393 3384 1678 3454 sanguinis
1712 3382 2000 3450 effusione,

422 3478 786 3550 impossibilia
822 3481 904 3536 sic
938 3480 1271 3535 adorientes.

2111 3287 2147 3342 ἃ
2177 3290 2489 3360 μεμίσηκεν
2518 3294 2544 3344 ὁ
2575 3290 2706 3355 Θεὸς
2740 3294 3010 3366 ἐφορμᾷν.
3032 3296 3145 3349 Καὶ
3174 3294 3298 3349 τότε
3333 3294 3469 3366 πρὸς
3502 3291 3690 3360 τίνας;

2108 3382 2189 3436 οὐ
2215 3384 2351 3454 τερος
2381 3384 2510 3456 ἔθνη
2565 3385 2631 3439 τὰ
2667 3385 2742 3457 μὴ
2773 3386 2952 3442 εἰδότα
2980 3388 3133 3455 Θεὸν,
3171 3388 3233 3442 οὐ
3266 3388 3405 3459 πρὸς

2112 3475 2329 3546 λότριον
2353 3479 2448 3532 τοῦ
2476 3479 2742 3551 Χριστοῦ,
2792 3482 2854 3534 οὐ
2893 3482 3030 3553 πρὸς
3063 3482 3387 3553 ἀνθρώπους
3414 3479 3695 3551 διακειμέ-

3439 3388 3458 3440 λ

3458 3426 3468 3440 1

3471 3404 3506 3442 α

3508 3386 3566 3441 δν

3598 3387 3696 3443 άλ-

425 3589 551 3637 νους
585 3574 861 3646 πολεμίως
882 3574 1019 3645 πρὸς
1052 3576 1216 3646 ὑμᾶς,
1245 3573 1382 3628 ἀλλά
1413 3573 1548 3645 πρὸς
1577 3573 1844 3645 πατέρας,
1873 3570 2011 3642 πρὸς
2046 3560 2335 3642 ἀδελφοὺς,
2396 3576 2534 3647 πρὸς
2565 3575 2840 3642 τοιούτους
2915 3577 3260 3650 ἀνθρώπους,
3300 3579 3350 3632 οἳ
3384 3578 3458 3641 ώς
3485 3577 3693 3629 τέκνων

424 3664 580 3736 ὑμῶν
638 3666 880 3720 ἐτίθεντο
956 3668 1246 3740 πρόνοιαν,
1313 3666 1450 3737 πρὸς
1515 3664 1792 3728 τοιούτους
1854 3663 2366 3737 ἐξεϐαρϐαρώοητε,
2452 3668 2923 3743 ἐξεπολεμώθητε,
2997 3673 3092 3726 καὶ
3164 3670 3443 3743 ἡγήσασθε
3508 3669 3569 3724 τὸ
3629 3668 3691 3721 ἐν

418 3761 533 3821 τοῖς
587 3759 873 3831 ὑμετέροις
921 3758 1107 3824 ὅπλοις
1148 3758 1386 3822 κεῖσθαι,
1431 3761 1524 3811 καὶ
1591 3760 1661 3830 τῇ
1692 3757 1912 3829 ἐκχύσει
1949 3757 2059 3812 τῶν
2098 3758 2500 3831 Χριστιανικῶν
2544 3764 2794 3833 αἱμάτων
2864 3765 3201 3838 παρελέσθαι
3250 3767 3349 3837 τὴν
3380 3763 3555 3836 ἀρχὴν
3590 3767 3690 3820 καὶ

424 3850 722 3920 βασιλείαν,
758 3852 1042 3916 ἀδυνάτοις
1074 3855 1172 3924 μὲν
1205 3851 1640 3922 ἐπιχειροῦντες.

491 4030 550 4085 in
609 4031 793 4084 animo
859 4029 1157 4084 habueram
1212 4027 1428 4097 singula
1475 4043 1708 4099 quaeque
1759 4028 2004 4099 epistolae

419 4132 528 4176 tune
558 4120 915 4191 perpendere;
953 4121 1045 4174 sed
1090 4128 1381 4189 postquam
1425 4119 1573 4174 illius
1614 4122 1997 4177 verbositatem

422 4212 663 4267 intellexi
691 4211 757 4266 ad
793 4226 961 4265 unmn
984 4218 1038 4264 et
1061 4210 1201 4264 idem
1226 4210 1466 4276 tendere,
1502 4211 1645 4279 quod
1677 4211 1769 4266 tihi
1799 4227 1827 4265 a
1852 4206 1999 4282 prin-

420 4305 567 4376 cipio
611 4318 789 4372 usque
845 4300 1025 4354 adhuc
1082 4301 1439 4370 proposuisti,
1485 4294 1594 4357 non
1631 4312 1994 4374 opportunum

421 4396 552 4451 duxi
604 4393 917 4464 singulatim
965 4393 1207 4461 epistola:
1263 4391 1613 4463 respondere,
1661 4409 1729 4449 ne
1775 4394 1828 4449 in
1876 4395 1998 4450 loco

2200 4028 2566 4101 Ἐϐουλόμεθα
2592 4030 2934 4086 καθέκαστον
2966 4030 3240 4099 ἐπεξιέναι
3271 4035 3353 4107 τῷ
3375 4034 3685 4108 γράμματι,

2107 4119 2223 4176 ἀλλ’
2255 4120 2340 4174 ὃτι
2376 4119 2696 4192 συνείδομεν
2732 4121 2835 4194 τὴν
2864 4118 2962 4174 τοῦ
2988 4121 3321 4193 γράμματος
3350 4124 3505 4196 ὑμῶν
3533 4127 3690 4179 πολυ-

2104 4214 2294 4285 λογίαν
2311 4213 2450 4285 πρδς
2478 4213 2576 4268 ἕνα
2598 4214 2694 4268 καὶ
2726 4214 2819 4269 τὸν
2853 4214 3017 4270 αὑτὸν
3046 4216 3250 4272 σκοπὸν
3282 4205 3684 4285 συντείνουσαν,

2104 4309 2273 4379 ὅνπερ
2303 4310 2399 4364 ἀπ’
2429 4309 2610 4380 ἀρχῆς
2629 4310 2726 4365 καὶ
2751 4310 2918 4381 μέχρι
2952 4311 3048 4365 τοῦ
3087 4312 3183 4367 νῦν
3208 4314 3552 4382 ἁνεδὲξασθε,
3586 4315 3689 4370 οὐκ

2105 4399 2283 4465 ἔδοξεν
2316 4400 2462 4472 ἔχειν
2496 4401 2681 4466 καλῶς
2711 4403 2849 4475 πρὸς
2878 4402 3113 4460 ἕκαστον
3143 4406 3543 4478 ἀποκρίνεσθαι
3576 4407 3687 4461 τῶν

420 4484 667 4556 epistola:
697 4485 895 4538 librum
951 4483 1188 4538 scribere
1233 4482 1468 4552 viderer,
1499 4484 1664 4540 nimia
1694 4494 1745 4540 te
1793 4486 1996 4542 verbo-

2106 4492 2532 4564 γεγραμμένων,
2565 4493 2651 4547 ῐνα
2679 4493 2755 4566 μὴ
2783 4495 2905 4550 ἀντὶ
2921 4499 3270 4569 γραμμάτων
3291 4499 3475 4571 βίϐλον
3504 4499 3687 4569 φανῶο

423 4594 546 4635 rum
571 4578 732 4648 copia
756 4577 876 4632 sine
896 4575 1128 4630 utilitate
1147 4574 1469 4647 defatigatis.
1498 4574 1706 4648 itaque,
1735 4580 1998 4649 prolixius

424 4672 664 4727 scribere
695 4669 988 4734 desistens,
1036 4670 1151 4725 hate
1199 4669 1544 4726 solummodo
1593 4671 1768 4729 dicam
1822 4692 1835 4729 :
1887 4673 2000 4731 Me-

423 4770 631 4829 mento,
664 4778 698 4818 o
730 4761 829 4829 ﬁli,
873 4763 1032 4818 istius
1065 4764 1235 4834 elapsi
1282 4768 1568 4835 temporis,
1590 4782 1720 4838 quo,
1761 4770 2001 4839 Spiritus

421 4856 601 4912 sancti
635 4857 856 4911 vinculo
878 4856 1162 4922 astrictus,
1197 4856 1251 4912 in
1272 4843 1458 4913 amore
1491 4860 1661 4930 patris
1687 4871 1740 4915 et
1764 4861 2000 4930 impera-

420 4947 579 5014 teris,
606 4958 665 5002 ut
715 4938 861 5003 illius
911 4946 1166 5013 dilectus,
1219 4949 1470 5018 vivebas;
1513 4962 1790 5007 memento
1851 4953 1996 5007 illius

419 5042 572 5109 pacis
606 5040 984 5106 sanctissimae,
1016 5055 1138 5110 quae
1164 5048 1315 5097 tanto
1345 5058 1469 5097 cum
1510 5044 1714 5100 honore
1738 5043 1999 5116 Bulgaros

420 5137 563 5189 inter
606 5141 660 5188 et
702 5132 980 5188 Romanos
1026 5134 1261 5205 vigebat,
1287 5150 1410 5191 cum
1457 5139 1868 5193 sanctissimum
1905 5140 1995 5193 Dei

421 5241 618 5280 nomen
652 5227 716 5277 ab
751 5237 984 5295 utroque
1009 5227 1205 5296 populo
1226 5243 1333 5282 una
1362 5236 1542 5284 mente
1573 5229 1995 5299 giorilicaretur,

416 5331 542 5372 cum
575 5315 832 5370 diabolus
891 5318 1122 5386 ejusque
1159 5318 1292 5372 socii
1330 5318 1603 5373 daemones
1648 5319 1993 5373 securitatem

417 5422 676 5472 vestram,
700 5408 1000 5464 fraternum
1035 5422 1303 5472 amorem,
1326 5413 1448 5479 pios
1467 5418 1794 5479 sanctosque
1818 5426 1996 5466 mores

418 5510 700 5569 gemerent
744 5511 797 5555 et
844 5501 1292 5565 lamentarentur,
1341 5514 1466 5564 cum
1508 5500 1793 5570 Bnlgaros,
1821 5515 1854 5556 ο
1895 5502 1991 5565 lili,

416 5604 571 5645 suam
622 5601 824 5645 terram
886 5592 1164 5661 ingressos
1210 5588 1440 5644 Romani
1493 5605 1618 5645 cum
1674 5593 1875 5662 gaudio
1935 5600 1990 5647 et

419 5680 753 5750 benignitate
788 5683 1126 5752 exciperent,
1160 5695 1366 5752 vosque
1407 5679 1673 5737 Romanis
1702 5683 1993 5739 advenien-

417 5777 561 5834 tibus
619 5793 744 5833 cum
806 5777 993 5831 laetitia
1042 5785 1094 5829 et
1138 5774 1500 5830 exsultatione
1554 5775 1990 5832 ohleclaremini.

2114 4602 2210 4655 μεν
2250 4584 2580 4655 γράφοντες,
2604 4585 2698 4639 καί⁵
2729 4587 3133 4655 συγκόπτοντες
3156 4590 3258 4659 μὲν
3284 4590 3345 4644 σέ
3380 4594 3446 4662 τῇ
3482 4590 3685 4663 πολυρ-

2106 4675 2415 4747 ρημοσύνῃ,
2479 4676 2648 4748 μηδὲν
2682 4676 2738 4730 δὲ
2779 4678 2910 4743 ἰσως
2960 4679 3319 4749 ὠφελοῦντες.
3368 4684 3469 4735 Διά
3524 4682 3685 4737 τοῦτο

2102 4767 2504 4831 καταλιπόντες
2532 4769 2594 4823 τὸ
2642 4769 2870 4826 πλείονα
2914 4774 3169 4844 γράφειν,
3200 4774 3362 4829 τοῦτό
3417 4793 3499 4830 σοι
3548 4778 3688 4848 γρά-

2102 4874 2311 4928 φομεν·
2367 4860 2680 4931 Μνήσθητι,
2729 4864 2920 4917 τέκνον
2958 4866 3137 4935 ἡμῶν,
3187 4867 3410 4940 ἡμερῶν
3438 4869 3684 4941 ἀρχαίων

2102 4951 2356 5016 ἐκείνων,
2407 4951 2497 5004 ὅτε
2524 4951 2602 5022 τῷ
2635 4954 2820 5025 δεσμῷ
2843 4956 2938 5009 τοῦ
2963 4958 3121 5024 ἁγίου
3148 4959 3466 5030 Πνεύματος
3493 4960 3685 5014 συνδε-

2100 5041 2327 5110 δεμένος
2349 5040 2646 5113 ἐτύγχανες
2675 5047 2874 5116 sil-1:06
2925 5051 3135 5120 πατρὸς
3178 5052 3270 5104 καὶ
3304 5053 3569 5123 βασιλέως
3604 5053 3683 5117 ὼς

2102 5135 2221 5198 υίὸς
2242 5134 2493 5200 ποθεινὸς
2518 5138 2741 5209 ἀγάπῃο
2785 5140 3057 5212 μνήσθητι
3090 5142 3191 5213 τῆς
3236 5143 3413 5215 καλῆς
3463 5145 3684 5214 ἐκείνης

2103 5227 2202 5281 καὶ⁸
2266 5226 2431 5295 ἁγίας
2463 5227 2670 5298 μεταξὺ
2715 5228 3004 5302 Ῥωμαίων
3033 5233 3130 5287 καὶ
3164 5233 3495 5306 Βουλγάρων
3532 5237 3686 5306 εἰρή-

2100 5336 2222 5393 νης,
2260 5319 2363 5389 τῆς
2420 5320 2683 5389 γλυκείας
2743 5327 3214 5398 συναναστροφῆς,
3262 5327 3363 5397 τῆς
3401 5328 3681 5399 ἀταράχοδ

2098 5410 2269 5493 ζωῆς,
2305 5412 2395 5465 ὅτε
2425 5412 2556 5478 Θεὸς
2590 5415 2877 5483 ἐδοξάζετο
2913 5420 3013 5489 μιᾷ
3045 5420 3141 5472 καὶ
3177 5417 3326 5490 ψυχῇ
3361 5418 3459 5473 καὶ
3484 5421 3680 5493 γνώμῃ

2096 5502 2427 5574 Βουλγάρων
2477 5506 2576 5560 καὶ
2606 5504 2899 5575 Ῥωμαίων
2941 5509 3002 5563 τὸ
3039 5510 3306 5578 πανάγιον
3336 5511 3508 5582 ὄνομα
3533 5512 3682 5578 δοξα-

2097 5597 2324 5663 ζόντων,
2351 5599 2441 5653 ὅτε
2461 5599 2710 5664 διάϐολος
2734 5604 2829 5654 καὶ
2851 5596 2901 5654 οἰ
2927 5603 3025 5654 σὺν
3049 5601 3198 5673 αὖτῷ
3225 5601 3484 5672 δαίμονες
3513 5606 3682 5676 ὁρῶν-

2094 5707 2186 5755 τες
2217 5692 2317 5761 τὴν
2348 5690 2505 5759 ὑμῶν
2532 5694 2836 5765 σωτηρίαν,
2867 5694 2926 5746 τὸ
2961 5693 3311 5764 φιλάδελφον,
3345 5697 3438 5751 τὸν
3474 5698 3678 5770 εὐσεϐῆ

2096 5782 2189 5836 καὶ
2235 5782 2382 5839 ὅσιον
2449 5786 2677 5856 τρόπον,
2730 5787 2998 5860 ἐθρήνουν
3044 5804 3103 5840 τε
3145 5789 3237 5842 καὶ
3269 5788 3677 5853 dimov/10,62:
