4178 6430
450 359 551 427 147

1592 375 1902 439 NICOLAI
1944 380 2055 443 (ΣΡ.
2101 381 2618 445 ΡΑΤΒΙΑΒΟΗᾹΞ
2728 327 2746 342 .

3618 386 3721 451 148

444 489 568 545 quae
595 475 651 530 in
676 476 866 533 animo
888 476 1056 533 habes
1081 475 1458 543 manifestare,
1480 481 1586 537 nisi
1607 483 1768 549 duos,
1802 488 2008 541 alterun

2137 494 2544 562 κατεχομένους
2571 494 2916 561 ἀποστεῖλαι,
2957 498 3053 552 καὶ
3101 496 3169 550 δι’
3211 460 3438 553 ἐκείνων
3476 500 3720 570 δηλῶσαι

443 564 637 621 saltem
672 582 799 622 cum
835 569 954 624 viro
984 570 1225 640 quodam
1265 577 1529 629 exstruis.
1564 572 1704 629 Tum
1741 577 1831 630 alii
1880 579 2029 634 missi

444 654 679 714 fuissent
708 675 847 730 quos
906 661 1248 734 interrogare
1296 675 1544 735 exoptas.
1573 666 1726 720 Nunc
1752 684 1882 723 vero
1909 669 2032 725 illos

357 771 367 780 ~
442 747 683 806 retinere
711 766 850 822 quos
881 753 1134 810 misimus
1164 771 1270 812 non
1309 756 1506 812 suadet
1530 758 1668 814 alios
1700 760 1939 815 mittere.
1972 760 2029 816 Si

440 854 570 896 vere
607 844 759 910 pacis
814 846 1083 901 mediator
1129 845 1382 911 Christus
1433 858 1618 904 uoster
1658 850 1799 905 Deus
1829 851 1922 907 tibi
1973 853 2025 907 in

437 943 677 991 mentem
710 949 900 993 sancta
944 941 1012 994 de
1044 955 1175 1008 pace
1215 940 1445 996 consilia
1477 941 1713 1004 induxit,
1745 942 2028 998 remittan-

439 1036 529 1082 tur
567 1043 706 1097 quos
767 1031 992 1095 retines,
1024 1041 1119 1087 aut
1146 1047 1214 1087 ex
1244 1032 1460 1089 duobus
1488 1049 1654 1088 unum
1677 1049 1800 1089 cum
1840 1035 2027 1106 aliquo

436 1133 503 1174 ex
560 1128 833 1190 potestate
890 1130 983 1178 tua
1035 1123 1458 1196 gloriosissima.
1490 1125 1627 1179 Cum
1678 1127 2023 1194 advenerim,

436 1211 790 1286 rationesque
874 1216 980 1272 sibi
1062 1219 1396 1275 commissas
1477 1221 1835 1289 protulerint,
1891 1222 2019 1279 hinc

410 1304 745 1375 'tnittentur,
783 1307 880 1379 qui
928 1311 1103 1366 nostri
1142 1326 1173 1365 a
1229 1311 1342 1367 Deo
1373 1313 1624 1368 coronati
1649 1314 2014 1383 imperatoris.

433 1407 769 1471 senatusque
796 1403 1024 1458 consilia
1056 1405 1331 1471 nuntient.

2130 584 2200 636 τὰ
2232 584 2497 640 δοκοῦντα
2533 602 2547 616 °
2586 587 2638 640 εί
2668 587 2725 640 δὲ
2757 588 2832 659 μὴ
2860 589 2987 652 τοὺς
3033 590 3150 658 δύο,
3200 594 3340 657 τέως
3380 593 3475 645 τὸν
3522 595 3714 666 ἕτερον

2133 678 2274 746 μετά
2330 694 2477 742 τινος
2540 679 2832 750 ἀνθρώπου
2890 683 3068 752 ὑμῶν,
3132 685 3228 736 καὶ
3251 685 3373 736 τότε
3431 685 3616 752 ἕτεροι
3650 683 3718 737 ἂν

2127 769 2520 841 ἀπεστάλησαν
2547 771 2643 836 οὓς
2673 772 2959 846 ἐπιζητεῖν
3000 775 3318 845 ἐγνώκειτε.
3370 776 3486 830 Νῦν
3543 775 3600 829 δὲ
3655 776 3717 830 τὸ

2127 857 2458 927 κατέχεσθαι
2492 860 2627 932 παρ’
2668 863 2821 933 ὑμῶν
2872 864 3001 928 τοὺς
3055 863 3604 935 προαποσταλέντας,
3651 862 3713 915 οὗ

2129 950 2314 1004 δίδωσι
2345 951 2532 1023 χώραν
2564 954 2626 1007 τὸ
2671 955 2894 1027 ἑτέρους
2943 948 3459 1021 ἑξαποστέλλεσθαιῖ
3503 956 3566 1009 Ei
3618 953 3713 1007 οὖν

2128 1040 2349 1111 ἀληθῶς
2369 1044 2398 1095 6
2427 1043 2526 1114 τῆς
2554 1044 2780 1116 εἰρήνης
2806 1046 3034 1118 μεσίτης
3066 1047 3300 1118 Χριστὸς
3331 1049 3359 1100 6
3394 1045 3524 1108 Θεὸς
3554 1045 3713 1115 ἡμῶν

2123 1133 2422 1204 λογιεμοὺς
2455 1137 2647 1202 ἁγίους
2675 1138 2806 1209 περὶ
2833 1139 2935 1209 τῆς
2959 1140 3187 1211 εἰρήνης
3211 1138 3487 1192 ὑπέϐαλεν
3544 1140 3601 1189 ὲν
3642 1138 3709 1207 τῇ

2096 1229 2194 1301 ⁸σῇ
2230 1227 2398 1298 ψυχῇ,
2454 1229 2926 1302 άποσταλήτωσαν
2976 1233 3026 1285 οἱ
3074 1232 3457 1304 κατεχόμενοι,
3516 1234 3551 1303 ἢ
3599 1229 3711 1282 τῶν

2122 1319 2217 1373 δῦο
2242 1321 2269 1372 ὁ
2292 1320 2484 1394 ἔτερος
2540 1324 2683 1392 μετὰ
2730 1323 3025 1394 ἀνθρώπου
3078 1326 3178 1395 τῆς
3212 1325 3311 1395 σῆς
3342 1323 3709 1396 μεγαλοδόξου

2096 1413 2321 1485 οάρχῆς,
2355 1416 2449 1469 καὶ
2485 1417 3021 1489 καταλαμϐανόντων
3079 1418 3286 1484 αὐτῶν,
3315 1420 3412 1472 καὶ
3452 1418 3578 1479 τοὺς
3616 1416 3707 1469 λό’

432 1504 564 1585 γους
638 1466 1128 1565 ἀποκομιζόντων,
1168 1466 1265 1563 οὓς
1326 1496 1398 1552 ἂν
1475 1498 1836 1585 ἐπιτρέψητε,
1880 1466 2423 1579 ἐξαποσταλιῆέόντσι
2473 1511 2523 1563 οἱ
2566 1510 2636 1564 τά
2668 1466 2818 1581 παρᾶ
2877 1510 2972 1564 τοῦ
3025 1466 3353 1580 θεοστεφόῦς
3441 1508 3710 1581 βασιλέως

430 1583 590 1655 ⁴ἡμῶν
614 1585 707 1639 καὶ
732 1587 833 1657 τῆς
862 1590 1176 1662 συγκλήτου
1207 1583 1679 1661 ἀπαγγελοῦντες.

1022 1770 1190 1827 XXII.
1229 1772 1437 1828 Eidem.

497 1948 575 2005 Ex
607 1964 677 2006 eo
706 1952 1006 2024 doluimus,
1040 1956 1512 2016 desideratissime
1561 1961 1663 2026 ﬁli,
1689 1962 1837 2033 quod
1878 1978 1909 2018 a
1955 1971 2007 2018 te

427 2038 635 2096 nullam
671 2047 1048 2115 acceperimus
1085 2051 1411 2120 epistolam;
1443 2061 1516 2118 et,
1561 2061 1622 2108 ιιι
1643 2057 1821 2121 decet,
1850 2070 2014 2125 repu-

427 2131 666 2193 tavimus
699 2152 802 2194 nos
849 2140 902 2194 in
955 2152 1329 2215 contemptum
1362 2153 1516 2201 tuum
1565 2146 1812 2214 venisse,
1859 2146 2009 2202 ideo-

425 2239 534 2294 que
582 2235 637 2282 te
674 2230 833 2286 nobis
885 2235 1129 2290 scribere
1171 2237 1436 2294 noluisse.
1482 2237 1624 2304 Quid
1673 2240 1819 2294 enim
1861 2240 2010 2296 aliud

424 2326 681 2386 reputare
724 2324 1137 2387 potuissemus?
1177 2325 1297 2383 Non
1332 2328 1388 2383 in
1423 2338 1647 2400 accepto
1690 2339 1775 2386 est
1816 2331 2012 2399 lilium,

424 2412 522 2478 qui
575 2421 782 2482 patrem
813 2417 904 2487 pio
937 2433 1128 2476 amore
1157 2424 1533 2492 prosequitur,
1573 2423 1818 2493 epistolae
1847 2440 2012 2495 quam

423 2506 496 2562 ab
528 2521 600 2562 eo
655 2511 932 2580 acceperit
977 2511 1115 2567 nihil
1165 2514 1489 2572 rescribere.
1523 2515 1797 2581 Attamen,
1832 2531 1866 2572 ο
1915 2514 2012 2583 illi,

423 2599 683 2668 quamvis
715 2601 785 2657 ad
822 2618 908 2656 me
944 2617 1056 2658 non
1098 2606 1176 2661 sis
1224 2605 1482 2676 dignatus
1525 2607 1876 2676 respondere,
1912 2620 2014 2678 ego

424 2689 625 2748 iterum
659 2695 866 2765 scribo,
897 2712 1240 2770 nequaquam
1267 2715 1333 2755 ex
1372 2701 1692 2771 deceptione
1723 2709 2012 2771 paternum

421 2798 552 2854 erga
604 2794 657 2843 te
706 2803 950 2846 amorem
1006 2800 1249 2856 mutans,
1302 2795 1484 2849 salvos
1533 2802 1727 2849 contra
1782 2808 2012 2849 servans

422 2887 622 2931 sensus
677 2878 1005 2951 animosque
1049 2885 1188 2951 patri
1218 2895 1344 2951 erga
1384 2881 1555 2936 tilium
1598 2882 2006 2936 convenientes.

2046 1694 2096 1753 B

2676 1780 2805 1832 KB'.
2842 1777 2926 1845 Τῷ
2956 1779 3138 1847 αὐτῷ.

2198 1956 2584 2028 Ἐλυπήθημεν
2639 1956 2716 2028 μὴ
2777 1957 3067 2028 δεξάμενοι
3129 1958 3367 2028 γράμμα
3426 1957 3521 2012 τοῦ
3575 1959 3709 2028 ημιν

2123 2050 2510 2120 πεποθημένου
2534 2051 2753 2114 τέκνου,
2782 2052 2879 2105 καὶ
2917 2051 2993 2115 ὡς
3027 2051 3174 2115 εἰκὸς
3210 2051 3580 2123 ἐλογισάμεθα
3622 2051 3706 2105 ὅτι

2120 2144 2180 2197 ἐν
2213 2143 2749 2215 καταπεφρονημένῃ
2784 2144 2951 2214 μοίρᾳ
2980 2145 3215 2214 κείμεθα
3267 2145 3416 2215 παρὰ
3465 2145 3569 2211 σοὶ,
3607 2146 3703 2197 καὶ

2115 2237 2203 2292 διὰ
2227 2235 2388 2292 τοῦτο
2413 2238 2505 2290 καὶ
2536 2237 2776 2307 γράφειν
2812 2237 2950 2306 πρὸς
2986 2238 3136 2306 ἡμᾶς
3171 2237 3271 2289 οὐκ
3319 2236 3581 2309 ἠξίωσας.
3640 2235 3707 2288 Τί

2116 2328 2227 2399 γάρ
2253 2346 2322 2399 με
2351 2326 2480 2382 ἄλλο
2525 2327 2633 2381 ἔδει
2690 2326 3045 2395 λογίζεσθαις
3081 2327 3218 2380 Οὐδὲ
3265 2327 3378 2398 γὰρ
3426 2326 3707 2396 ἐνδέχεται

2117 2423 2231 2475 υῑδν
2291 2423 2595 2490 ἀγαπῶντα
2661 2421 2880 2490 πατέρα
2931 2421 3023 2473 καὶ
3073 2420 3312 2490 στοργήν
3349 2418 3708 2482 ἀποσώζοντα

2115 2514 2213 2585 τὴν
2242 2513 2628 2584 ὀφειλομένην,
2672 2514 2987 2584 γράμματα
3011 2513 3164 2583 παρὰ
3190 2511 3284 2564 τοῦ
3315 2512 3523 2582 πατρὸς
3554 2510 3708 2580 δεχό-

2119 2622 2302 2676 μενον,
2332 2605 2407 2675 μὴ
2431 2604 2594 2657 πάλιν
2625 2605 2995 2671 ἁντιπέμπειν
3018 2603 3087 2656 τὰ
3117 2603 3248 2672 παρ’
3276 2601 3472 2655 ἑαυτοῦ
3508 2600 3699 2672 γράμ-

2119 2716 2285 2770 ματα.
2311 2699 2505 2769 Ὅμως
2541 2698 2658 2756 οὖν,
2727 2699 2923 2751 τέκνον
2973 2695 3154 2767 ἡνιῶν,
3205 2696 3372 2748 εἶκαὶ
3398 2696 3462 2748 σὺ
3491 2693 3706 2764 γράψαι

2116 2792 2257 2863 πρὸς
2289 2792 2436 2863 ἡμᾶς
2483 2791 2610 2853 οὐκ⁸
2645 2790 2910 2860 ἠξίωσας,
2967 2790 3131 2859 ἡμεῖς
3167 2789 3262 2840 καὶ
3294 2786 3460 2840 πάλιν
3490 2786 3707 2855 γράφο-

2122 2900 2242 2951 μεν,
2277 2882 2430 2936 οὺδέν
2481 2898 2535 2935 τι
2579 2881 2669 2936 διὰ
2705 2881 2766 2934 τὸ
2816 2879 3297 2951 παραλογισθῆναι
3348 2878 3448 2951 τὴν
3475 2877 3613 2948 πρὸς
3645 2879 3705 2931 σὲ

422 2967 702 3041 πατρικὴν
719 2973 956 3042 στοργὴν
983 2972 1407 3038 ἀλλοιώσαντες,
1441 2973 1560 3030 ἀλλ’
1580 2974 1712 3044 ὑγιῆ
1738 2973 2005 3038 σώζοντες
2042 2972 2141 3044 τὴν
2171 2973 2359 3045 σχέσιν
2392 2973 2552 3046 ἡμῶν
2573 2973 2673 3046 τὴν
2704 2973 2841 3045 πρὸς
2870 2974 2951 3040 σὲ,
2978 2976 3071 3027 καὶ
3129 2973 3230 3042 τὴν
3290 2971 3462 3042 πατρὶ
3488 2968 3569 3040 ἐφ’
3603 2966 3705 3036 υἱῷ

424 3063 749 3134 πρέπουσαν
777 3067 1047 3126 διάθεσιν.

495 3247 735 3305 Litteras
810 3250 920 3322 regi

425 3344 740 3415 bonumque
802 3344 1172 3400 intelleximus
1204 3348 1495 3402 consilium
1537 3347 1713 3418 quod,
1748 3348 1858 3403 Deo
1886 3363 2011 3418 pro-

426 3437 610 3506 bante,
641 3438 884 3494 decrevit
913 3450 1005 3494 tua
1039 3454 1196 3495 mens
1216 3441 1454 3495 humana
1481 3450 1537 3495 et
1566 3451 1881 3505 mansueta.
1905 3441 2015 3496 sci-

421 3527 551 3584 licet
595 3528 753 3585 bellis
782 3531 1135 3602 caedibusque
1193 3532 1352 3587 ﬁnem
1387 3534 1693 3602 imponere,
1757 3534 2007 3604 sanguini

421 3634 667 3688 parcere,
744 3635 1047 3691 pacemque
1103 3622 1383 3679 Romanos
1441 3624 1584 3680 inter
1642 3633 1697 3679 et
1746 3623 2010 3695 Bulgaros

422 3726 710 3779 renovare,
757 3727 923 3784 quam
961 3727 992 3768 a
1024 3715 1244 3771 Christo
1278 3713 1499 3786 Deoque
1528 3725 1720 3772 nostro
1751 3716 2007 3772 donatam

417 3805 677 3863 diabolus
725 3822 792 3863 ex
819 3807 1029 3863 invidia
1087 3820 1335 3880 ruperat,
1358 3817 1421 3863 ut
1470 3824 1536 3865 ex
1579 3825 1642 3865 ea
1695 3810 2010 3866 haereditate

417 3895 686 3967 Bulgaros
725 3906 783 3957 et
842 3898 1127 3956 Romanos
1161 3916 1229 3957 eo
1282 3901 1694 3972 praecipitaret,
1749 3903 1895 3959 unde
1951 3904 2006 3957 in

1002 3252 1238 3321 scriptas
1304 3269 1370 3307 ex
1449 3253 1669 3309 fortuna
1735 3253 2079 3321 legimus.C

2196 3250 2557 3322 Ἐνετύχομεν
2587 3251 2703 3313 τοῖς
2733 3246 3037 3320 βασιλικοῖς
3061 3246 3378 3316 γράμμασι,
3410 3247 3504 3298 καί⁵
3537 3264 3698 3299 κατε-

2116 3348 2397 3414 νοήσαμεν
2427 3346 2485 3397 ὲν
2514 3344 2697 3406 αὐτοῖς
2725 3342 2823 3414 τὴν
2854 3341 2952 3412 σὴν
2983 3340 3197 3410 ἀγαθὴν
3221 3340 3569 3412 προαίρεσιν,
3603 3341 3700 3394 καὶ

2114 3436 2195 3491 ὅτι
2224 3437 2359 3491 Θεοῦ
2389 3434 2738 3501 εὐδοκοῦντος
2763 3439 3019 3508 φρόνημα
3049 3434 3289 3504 κατέστη
3313 3435 3528 3487 τοιοῦτο
3560 3437 3590 3503 ἡ
3626 3433 3693 3504 σὴ

2114 3530 2498 3600 φιλάνθρωπος
2535 3531 2631 3583 καὶ
2652 3529 2985 3600 ὴμερωτάτη
3015 3528 3162 3598 ψυχή
3201 3544 3215 3559 ’
3251 3524 3392 3581 ὥστε
3421 3527 3697 3597 παυθῆναι

2112 3622 2239 3685 τοὺς
2274 3620 2568 3692 πολέμους,
2622 3617 2782 3690 λῆξαι
2843 3620 2944 3683 τὰς
2998 3618 3236 3688 σφαγὰς,
3281 3619 3562 3690 ἠρεμῆσαι
3601 3619 3698 3680 τὰς

2112 3715 2220 3768 τῶν
2259 3715 2513 3785 αἱμάτων
2543 3713 2747 3784 χύσεις,
2784 3712 2879 3766 καὶ
2908 3711 3363 3791 ἀνακαινισθῆναι
3399 3712 3561 3765 πάλιν
3590 3712 3693 3782 τὴν

2114 3807 2213 3878 σὴν
2240 3808 2464 3878 εἰρήνην
2493 3804 2697 3878 μεταξὺ
2740 3804 3038 3875 Ῥωμαίων
3064 3789 3172 3860 ’καὶ
3211 3789 3562 3874 Βουλγάρων,
3626 3804 3696 3879 ἢν

2111 3900 2316 3954 ἔδωκεν
2351 3898 2449 3971 μὲν
2488 3900 2517 3953 6
2553 3899 2788 3970 Χριστὸς
2814 3898 2908 3951 καλ
2939 3897 3071 3961 Θεὸς
3104 3898 3261 3970 ἡμῶν
3293 3899 3323 3951 6
3347 3898 3528 3961 κοινὸς
3581 3898 3695 3949 Πα-

416 4000 691 4061 praesente
734 3993 844 4048 vita
884 4008 1094 4065 magna:
1125 3995 1403 4051 erirentur
1449 3995 1790 4051 difﬁcultates
1825 3997 2008 4067 perni-

2113 3995 2236 4065 τίτρ,
2293 3995 2322 4047 6
2370 3993 2597 4047 πάντων
2639 3992 2938 4060 Δεσπότης,
2993 3990 3377 4060 ἐφιλονείκησε
3403 3990 3461 4044 δὲ
3516 3992 3544 4044 ὁ
3595 3990 3694 4044 ἀπ’

416 4083 679 4152 eiesque,
708 4098 990 4154 nunquam
1040 4085 1107 4139 ad
1159 4085 1356 4141 melius
1406 4100 1726 4142 recessurae.
1785 4086 2005 4144 Gratias

2113 4081 2283 4155 ἀρχῆς
2312 4079 2762 4151 ἀνθρωποκτόνος
2792 4080 3039 4143 διάϐολος
3068 4079 3253 4146 λύσαι,
3304 4080 3398 4133 καὶ
3433 4081 3556 4134 ἀντὶ
3594 4078 3696 4149 τῆς

419 4177 589 4245 igitur
619 4176 838 4248 agimus
861 4177 994 4239 Deo,
1029 4177 1127 4248 qui
1163 4179 1270 4233 tale
1318 4179 1614 4251 consilium
1640 4181 1870 4251 egregiae
1900 4192 2007 4238 tua:

2113 4173 2476 4245 κληρονομίας
2534 4172 2750 4241 ἐκείνης
2823 4173 3168 4240 καταστῆσαι
3234 4171 3316 4234 είς
3387 4171 3695 4241 πράγματα

419 4267 726 4339 prudentie
801 4268 1119 4339 inspiravit,
1208 4270 1591 4339 concessitque
1673 4273 2006 4330 salutaribus

2113 4267 2452 4337 Βουλγάρους
2496 4267 2593 4320 καὶ
2648 4262 2978 4335 Ῥωμαίους,
3007 4262 3076 4317 δι’
3110 4260 3186 4317 ὧν
3231 4267 3325 4318 καὶ¹
3366 4265 3425 4319 ὲν
3453 4269 3519 4334 τῇ
3551 4279 3698 4334 παρη⁸

420 4361 577 4432 pacis
613 4360 893 4418 fructibus
939 4360 1222 4417 Romanos
1250 4373 1305 4416 et
1331 4360 1599 4441 liu-lgaros
1632 4365 2002 4434 congaudere,

2118 4357 2257 4432 οὔσῃ
2319 4357 2432 4429 ζωῇ
2464 4358 2635 4428 πολλὴ
2662 4357 2946 4428 ἀπήντησε
2968 4357 3279 4429 χαλεπότης
3301 4359 3393 4411 καὶ
3417 4356 3689 4420 ἀπώλεια,

417 4456 487 4511 ad
523 4454 611 4510 sui
644 4452 885 4509 nominis
931 4453 1186 4524 gloriam,
1217 4452 1285 4507 ad
1317 4453 1582 4508 honorem
1613 4454 1716 4520 tui,
1761 4454 1836 4510 ﬁli
1866 4470 2002 4511 con-

2113 4451 2415 4523 μεταϐολὴν
2438 4454 2518 4517 εἰς
2550 4451 2610 4504 τὸ
2642 4452 2891 4522 κρεῖττον
2925 4451 3025 4503 οὐκ
3056 4451 3281 4522 ἔχουσα.
3315 4451 3690 4524 Εὐχαριστοῦ-

415 4556 599 4603 stante
630 4546 902 4602 memoria
947 4546 1326 4612 dilectissime,
1380 4555 1435 4601 et
1492 4546 1561 4601 ad
1620 4546 1999 4605 confusionem

2113 4561 2211 4615 μεν
2269 4539 2365 4598 οὖν
2414 4542 2494 4613 τῷ
2548 4542 2669 4613 Θεῷ
2727 4543 2806 4611 τῷ
2877 4542 3143 4613 λογισμὸν
3198 4546 3446 4599 τοιοῦτον
3501 4548 3559 4599 ἐν
3624 4547 3693 4615 τῇ

412 4640 647 4707 diaboli,
679 4640 776 4713 qui
825 4656 927 4697 sua
965 4640 1303 4710 malignitate
1353 4656 1452 4710 per
1488 4650 1569 4697 tot
1621 4657 1795 4698 annos
1827 4656 2001 4713 usque

2113 4637 2345 4709 ἔμφρονι
2385 4654 2478 4690 σου
2514 4635 2609 4689 καὶ
2655 4636 3001 4707 συνετωτάτη
3070 4636 3270 4707 καρδίᾳ
3309 4635 3548 4706 θεμένῳ,
3601 4614 3697 4689 καί

412 4733 482 4788 ad
531 4730 779 4788 furorem
827 4732 1124 4789 concitavit
1154 4733 1507 4790 Christianos
1541 4734 1807 4791 adversus
1834 4733 1994 4789 Chri-

413 4827 647 4891 stianos,
681 4828 895 4885 amicos
926 4827 1197 4884 adversus
1226 4830 1460 4895 amicos,
1487 4844 1599 4885 uno
1654 4830 1847 4894 verbo,
1887 4828 2002 4885 fra-

414 4927 531 4974 tres
605 4918 877 4979 adversus
942 4917 1181 4987 intres,
1244 4919 1396 4988 ﬁlios,
1461 4920 1729 4977 adversus
1794 4930 1998 4991 patres.

412 5012 581 5067 Deum
631 5006 1007 5081 eximiamque
1071 5021 1225 5066 tuam
1267 5014 1658 5070 conscientiam
1717 5030 1999 5083 rogamus.

409 5105 516 5160 ista
543 5106 696 5173 pacis
752 5104 1006 5167 consilia,
1056 5112 1119 5160 ut
1167 5120 1315 5161 nune
1364 5106 1625 5162 videntur
1654 5107 1880 5174 exoriri,
1916 5109 2000 5163 sic

407 5195 606 5252 lumini
672 5196 862 5253 cordis
929 5197 1007 5252 tui
1056 5213 1233 5270 usque
1283 5200 1351 5256 ad
1411 5201 1575 5255 tinem
1607 5202 1715 5255 vim
1771 5201 1995 5257 addere.

408 5290 681 5356 Quoniam
703 5299 910 5350 autem.
941 5305 976 5347 ο
1007 5290 1103 5358 lili,
1128 5301 1220 5347 tua
1251 5294 1577 5363 signiﬁcavit
1603 5295 1832 5365 epistola
1861 5295 1997 5352 tuis-

407 5399 529 5441 sum
562 5385 732 5444 fuisse
760 5387 1060 5449 hominem.
1098 5403 1193 5459 per
1221 5406 1386 5460 quem
1418 5390 1515 5446 tibi
1542 5401 1685 5447 notae
1707 5393 1815 5446 sint
1842 5393 1991 5462 pacis

407 5477 752 5535 conditiones
774 5521 790 5547 ,
832 5489 894 5535 ut
940 5479 1078 5536 nihil
1115 5481 1169 5535 iu
1203 5482 1414 5538 incerto
1445 5482 1604 5559 nobis
1627 5483 1991 5554 relinquatur,

411 5568 572 5625 homo
633 5589 796 5641 quem
859 5574 1110 5630 misimus
1169 5591 1313 5631 unus
1357 5584 1517 5632 este
1574 5577 1780 5633 nostris
1842 5576 1991 5640 ﬁliis,

411 5659 698 5717 nobiseum
760 5680 790 5718 a
851 5666 1150 5721 tenerrima
1198 5676 1358 5723 aetate
1408 5677 1681 5733 versatus,
1732 5683 1763 5722 a
1827 5666 1995 5721 nobis

413 5748 711 5818 educatus,
777 5755 1090 5826 dignusque
1147 5760 1398 5831 angelico
1471 5761 1798 5815 vestimento
1848 5759 1996 5828 judi-

409 5851 590 5912 catus,
615 5848 714 5918 qui
757 5864 789 5906 c
822 5859 1011 5908 nostra
1061 5852 1152 5910 vili
1184 5868 1349 5911 manu
1393 5855 1989 5927 archiprcslrytcratmn

2103 4727 2399 4799 εὐχόμεθα,
2453 4728 2501 4780 εί
2554 4726 2648 4779 καὶ
2698 4725 3042 4797 ἁμαρτωλοὶ,
3091 4725 3289 4780 ἔτικαὶ
3319 4725 3400 4780 ἔτι
3427 4726 3505 4797 τῷ
3532 4727 3692 4801 είρητ

2104 4820 2241 4892 νικῷ
2267 4820 2544 4890 πνεύματι
2595 4818 2696 4892 τὴν
2746 4818 2845 4890 σὴν
2878 4820 3069 4890 τιμίαν
3121 4818 3301 4892 ψυχὴν
3325 4819 3691 4890 ὲμπνέεσθαι,

2103 4917 2199 4970 καὶ
2230 4914 2415 4969 δοῦναι
2447 4914 2559 4968 τῶν
2594 4914 2885 4985 σωτηρίων
2908 4914 3143 4985 καρπῶν
3172 4915 3274 4984 τῆς
3320 4915 3545 4985 εἰρήνης
3575 4930 3695 4965 κοι-

2104 5010 2213 5072 νῶς
2269 5008 2580 5062 ἀπολαῦσαι
2644 5007 2957 5077 Ῥωμαίους
2996 5008 3113 5062 «καὶ
3165 5006 3549 5077 Βουλγάρους,
3613 5008 3697 5071 είς

2109 5101 2270 5168 δόξαν
2306 5101 2407 5172 μὲν
2460 5099 2555 5153 τοῦ
2607 5100 2811 5156 οξκεὶου
2853 5100 3141 5172 ὀνόματος,
3170 5102 3250 5165 εἰς
3281 5100 3442 5167 δόξαν
3466 5100 3524 5153 δὲ
3571 5099 3693 5173 σὴν,

2107 5200 2301 5252 τέκνον
2327 5213 2430 5266 μου
2460 5195 2822 5266 ἠγαπημένον
2852 5196 3205 5268 ἀείμνηστον,
3245 5198 3339 5249 καὶ
3368 5197 3450 5258 είς
3500 5195 3692 5266 αἰσχὺ-

2110 5309 2210 5364 νην
2237 5289 2334 5344 τοῦ
2362 5289 2621 5361 δαίμονος
2657 5289 2716 5354 ὃς
2745 5294 2814 5363 τῇ
2845 5290 3045 5345 ἑαυτοῦ
3092 5291 3438 5361 κακοτροπίᾳ
3475 5291 3570 5343 ἐπὶ
3605 5308 3695 5344 το-

2109 5388 2322 5452 σούτοις
2352 5389 2530 5442 ἔτεσιν
2561 5388 2800 5460 ἐξέμηνε
2844 5391 2968 5442 κατ’
3016 5388 3291 5458 ἀλλήλων,
3323 5387 3693 5458 Χριστιανοὺς

2106 5482 2243 5554 πρὸς
2305 5482 2693 5554 Χριστιανοὺς,
2745 5481 2934 5552 φίλους
2985 5480 3126 5549 πρὸς
3178 5479 3388 5548 φίλους,
3454 5478 3549 5532 καὶ
3601 5479 3684 5532 ἵνα

2103 5577 2385 5646 συντόμως
2414 5575 2576 5638 εἴπω,
2607 5574 2876 5643 ἀδελφοὺς
2905 5575 3046 5644 πρὸς
3078 5572 3367 5640 ἀδελφοὺς,
3402 5573 3497 5625 καὶ⁸
3519 5572 3682 5626 τέκνα

2100 5670 2236 5739 πρὸς
2260 5669 2525 5739 πατέρας.
2559 5666 2745 5720 Ταῦτα
2779 5664 3055 5735 εὐχόμεθα
3085 5664 3181 5718 καὶ
3214 5663 3560 5732 πεποίθαμεν
3593 5663 3688 5716 καὶ

2098 5760 2219 5833 Θεῷ
2245 5763 2339 5815 καὶ
2367 5764 2432 5832 τῇ
2465 5763 2531 5831 σῇ
2567 5757 2746 5828 ἀγαθῇ
2779 5756 3109 5828 συνειδήσει,
3141 5755 3225 5809 ὅτι
3255 5755 3304 5808 οἰ
3338 5754 3437 5826 τῆς
3460 5756 3687 5826 είρήνης

2096 5855 2354 5929 λογισμοὶ
2415 5858 2473 5909 ἐν
2520 5857 2586 5926 τῇ
2646 5855 2712 5925 σῇ
2757 5852 2954 5925 καρδῖα
3002 5849 3192 5923 ὥσπερ
3254 5849 3348 5905 νῦν
3399 5849 3680 5920 φαίνονταυ
