4178 6406
368 261 466 332 151

1499 274 1812 336 NICOLAI
1852 274 1961 336 CP.
2006 274 2525 339 PATRIARCHE

3545 271 3653 337 152

366 379 609 451 liumque
653 376 978 447 Turcorum,
1016 382 1135 453 qui,
1188 381 1330 438 idem
1380 384 1704 450 sentientes,
1737 385 1933 440 bellum

2048 388 2148 457 τῆς
2203 384 2493 456 βασιλικῆς
2540 385 2782 455 σπουδῆς
2842 384 2985 439 κατά
3032 382 3133 452 τῆς
3178 383 3466 454 -ύμετιρας
3496 383 3651 448 ἐξου-

367 471 629 529 adversus
658 478 710 527 te
740 483 1093 542 paraverunt.

2056 476 2179 538 σίας
2208 475 2303 527 καὶ
2335 473 2432 527 τοῦ
2456 471 2551 529 σοῦ
2585 474 2801 543 γένους,
2829 472 2862 542 ἢ
2893 470 3365 541 παρεσκεύασται,
3389 473 3422 540 ἢ
3461 486 3646 539 παρα-

365 566 824 638 σκευασθήσεται,
860 566 969 621 τῶν
999 584 1058 619 τε
1096 567 1259 631 Ῥῶς,
1302 567 1395 621 καὶ
1425 571 1522 622 σὺν
1557 567 1789 632 ἐκείνοις
1862 568 1972 621 τῶν
2013 565 2471 638 Πατζηνακιτῶν,
2500 566 2583 645 ἔτι
2612 565 2669 621 δὲ
2713 566 2811 619 καὶ
2884 562 3141 627 Ἀλανῶν,
3175 568 3270 617 καὶ
3316 563 3426 615 τῶν
3453 564 3517 616 ἐκ
3543 562 3645 631 τῆς

364 660 584 726 Δύσεως
614 659 899 732 Τούρκων,
932 662 1155 715 πάντων
1201 665 1721 734 ὀμοφρονησάντων,
1749 664 1845 718 καὶ
1872 662 1963 717 τὸν
1986 661 2128 716 κατά
2162 662 2256 714 σοῦ
2281 662 2521 731 πόλεμον
2539 660 2860 732 ἀραμένων.

429 799 731 869 Postquam
790 800 893 855 ista
960 800 1027 855 ad
1089 816 1253 856 aures
1332 816 1482 858 meas
1558 814 1945 872 pervenerunt,

361 894 586 947 omnino
605 892 895 950 conﬂictus
922 910 1068 959 sum,
1085 896 1342 964 coliiosas
1369 895 1639 968 lacrymas
1665 896 1949 953 elfnntlens

365 984 559 1040 breves
596 995 652 1039 et
682 986 855 1041 malos
899 987 1024 1042 vita:
1073 1003 1207 1042 meae
1258 987 1391 1041 mihi
1418 988 1538 1042 dies
1582 990 1946 1058 exprobrans,

360 1076 505 1145 quod
532 1092 708 1147 usque
736 1077 803 1131 ad
844 1079 1034 1131 talium
1088 1094 1266 1132 rerum
1292 1088 1571 1144 eventum,
1600 1089 1657 1134 et
1696 1079 1765 1133 ad
1796 1080 1948 1133 dolo-

359 1182 474 1222 rem
532 1182 598 1223 ex
657 1169 726 1224 iis
779 1183 876 1223 cor
928 1170 1273 1224 invodentem
1323 1172 1432 1224 vita
1464 1172 1596 1225 mihi
1630 1173 1947 1242 prolongata

362 1260 580 1327 fuisset,
626 1261 889 1331 priusque
943 1278 1050 1315 non
1082 1272 1333 1318 mortuus
1362 1262 1615 1328 fuissem,
1642 1279 1807 1334 quam
1835 1263 1939 1320 ista

359 1353 767 1416 accidissent,ct
782 1354 1081 1409 audiissem
1102 1371 1225 1425 quae
1237 1354 1304 1409 de
1325 1356 1391 1411 iis
1409 1356 1551 1411 dicta
1570 1366 1718 1413 sunt.
1737 1357 1945 1412 interea

357 1443 687 1500 Christianis
721 1446 925 1501 nostris
961 1446 1387 1516 imperatoribus
1418 1464 1542 1517 qua:
1577 1448 1712 1503 mihi
1743 1449 1949 1504 condo-

2124 797 2310 852 Ταῦτα
2333 797 2525 867 ἐπειδὴ
2573 800 2696 862 ταῖς
2727 798 2888 868 ἐμαῖς
2912 800 3107 861 ἀκοαῖς
3146 794 3477 867 προσῆλθον,
3504 795 3641 855 ὅλως

2050 891 2377 961 συνεχύθην,
2412 891 2506 943 καὶ
2530 891 2749 962 πλήρης
2779 891 3053 962 ἐγενόμην
3081 891 3371 961 δακρύων,
3417 891 3513 943 καί
3544 890 3644 951 τάς

2044 985 2231 1053 ὀλίγας
2258 983 2626 1054 καὶιπονηράς
2652 985 2754 1054 τῆς
2786 986 2927 1055 ἐμῆς
2958 984 3108 1054 ζωῆς
3138 982 3483 1054 ἐμεμψάμην
3504 982 3644 1053 ὴμέ-

2050 1094 2170 1147 ρας,
2205 1079 2289 1130 ὅτι
2318 1077 2459 1147 πρὸς
2490 1075 2770 1146 σύμϐασιν
2796 1076 3063 1130 τοιούτων
3105 1075 3481 1147 πραγμάτων,
3547 1075 3645 1128 καὶ

2043 1170 2144 1241 τὴν
2175 1169 2232 1236 ἐξ
2262 1169 2447 1222 αὐτῶν
2469 1169 2743 1240 ἀλγηδόνα
2775 1170 2876 1239 τῆς
2898 1170 3039 1241 ἐμῆς
3055 1169 3286 1240 καρδίας
3318 1169 3646 1237 παρέτεινεν

2046 1264 2077 1316 ό
2103 1264 2215 1331 βίος
2246 1262 2428 1334 ἡμῶν,
2468 1264 2565 1315 καὶ
2611 1264 2674 1316 οὐ
2711 1262 3127 1333 προαπολώλειν
3150 1261 3264 1315 οὐδ’
3294 1260 3542 1327 ἀπῆλθον
3578 1262 3644 1312 ἐκ

2046 1359 2148 1425 τῆς
2179 1355 2467 1427 παρούσης
2492 1357 2641 1425 ζωῆς
2667 1358 2798 1427 πρὶν
2824 1355 2857 1424 ἦ
2888 1356 3062 1409 ταῦτα
3092 1354 3371 1424 γενέσθαι,
3406 1354 3495 1405 καί
3522 1353 3646 1409 ταῖς

2046 1452 2207 1519 ἐμαῖς
2247 1450 2444 1512 ἀκοαῖς
2478 1451 2605 1512 τοὺς
2632 1451 2763 1521 περὶ
2791 1450 2977 1501 αὐτῶν
3035 1447 3362 1519 προσελθεῖν
3408 1445 3638 1514 λόγους·

360 1535 475 1592 lens
509 1537 775 1593 suadebat
805 1538 988 1594 dicere
1041 1554 1150 1593 non
1202 1539 1471 1605 dubitavi,
1513 1549 1568 1595 et
1623 1541 1690 1596 ad
1733 1552 1785 1597 te
1823 1557 1933 1613 qua

2044 1540 2218 1604 οὕτως
2243 1538 2341 1595 οὖν
2374 1541 2788 1611 διατεθειμένος
2814 1542 2910 1594 καί
2933 1543 3049 1603 τοῖς
3079 1539 3456 1611 φιλοχρίστοις
3479 1537 3641 1605 ἡμῶν

358 1616 599 1682 scribere
648 1628 908 1683 ardebam
961 1630 1164 1684 scribo.
1201 1628 1331 1695 Quae
1360 1640 1543 1684 autem
1589 1631 1656 1684 ad
1697 1631 1818 1686 illos
1850 1634 1933 1701 qttl

2050 1634 2383 1705 βασιλεῦσιν,
2409 1635 2446 1691 ἀ
2472 1636 2532 1690 τὸ
2555 1636 2721 1703 ἄλγος
2748 1633 2849 1705 τῆς
2881 1634 3026 1704 ἐμῆς
3075 1633 3352 1704 ἐπέτρεπε
3407 1629 3640 1700 καρδίας

361 1714 470 1773 Deo
501 1719 714 1774 volente
747 1720 1037 1791 imperium
1072 1722 1380 1776 sortiuntur
1406 1723 1541 1787 disi,
1573 1739 1695 1794 qua:
1729 1724 1933 1794 suppli-

2043 1731 2365 1797 προσειπεῖν
2433 1728 2536 1781 οὐκ
2595 1728 2927 1797 ἀπώκνησα,
2972 1725 3068 1780 καὶ
3129 1724 3268 1795 πρὸς
3289 1724 3440 1794 ὑμᾶς
3492 1720 3552 1775 δὲ
3602 1720 3641 1778 ἃ

354 1811 497 1873 cavi.
549 1822 682 1881 quot
735 1809 837 1867 feci
879 1813 1293 1868 adhortationes
1347 1815 1414 1870 ad
1461 1815 1514 1869 id
1568 1816 1814 1881 fuerunt,
1870 1831 1933 1870 nc

2049 1820 2286 1889 γράφειν
2313 1820 2710 1892 προεθυμήθην
2733 1820 2956 1890 γράφω.
2991 1819 3060 1872 ’Δ
3089 1818 3190 1887 μὲν
3217 1814 3313 1871 οὖν
3350 1813 3491 1885 πρὸς
3512 1812 3642 1874 τοὺς

358 1902 434 1956 illi
461 1903 667 1959 diutius
701 1903 835 1960 istas
856 1915 1047 1975 gentes
1074 1905 1339 1961 adversus
1361 1923 1455 1961 vos
1480 1911 1771 1963 convenire
1801 1908 1933 1964 tole-

2048 1915 2113 1966 ἐκ
2146 1913 2280 1967 Θεοῦ
2307 1913 2578 1985 λαχόντας
2601 1913 2699 1969 τοῦ
2746 1913 3042 1983 Ῥωμαίων
3090 1909 3404 1983 βασιλεύειν
3441 1908 3641 1976 γένους

356 2005 562 2058 rareut,
609 2011 926 2068 quanquam
991 2012 1021 2051 a
1076 1998 1232 2053 vobis
1281 2000 1468 2070 gravia
1521 2001 1800 2064 tulissent,
1872 2019 1933 2057 ne

2044 2004 2419 2078 ἐφθεγξάμην,
2464 2006 2500 2062 ἃ
2542 2007 2897 2076 ἐδυσὼπησα,
2925 2006 3061 2073 ὅσην
3092 2003 3418 2074 παραίνεσιν
3443 2001 3639 2068 ἐποιη-

353 2087 649 2144 acerbitate
676 2098 729 2143 et
760 2089 1132 2159 indignatione
1164 2091 1330 2145 animi
1368 2107 1434 2146 ex
1482 2091 1698 2147 fortuna
1727 2104 1933 2150 averte-

2045 2100 2251 2170 σάμην,
2285 2100 2461 2154 ταῦτα
2504 2102 2654 2154 ἐστιν
2689 2116 2703 2131 ο
2733 2101 2986 2170 ἐπισχεῖν
3026 2099 3136 2153 τῶν
3188 2094 3362 2150 ἐθνῶν
3408 2092 3639 2146 ἐκείνων

354 2186 545 2231 rentur
579 2177 649 2233 ab
681 2177 783 2234 hoc
832 2179 984 2248 justo
1033 2180 1393 2250 Bulgarorum
1433 2182 1582 2254 genti
1627 2185 1933 2254 praestando

2040 2191 2143 2261 τὴν
2174 2191 2299 2245 καθ’
2326 2193 2485 2263 ὑμῶν
2511 2192 2840 2261 συγκίνησιν
2898 2190 3359 2262 μακροθυμῆσαι,
3426 2188 3522 2239 καί
3555 2184 3638 2237 ἔτι

352 2268 578 2335 auxilio,
614 2282 870 2328 caventes
906 2287 977 2328 ne
1023 2273 1093 2327 ab
1122 2273 1304 2343 impiis
1345 2275 1661 2332 nationibus
1716 2276 1933 2346 frange-

2042 2286 2135 2337 ἐπὶ
2167 2286 2335 2338 πᾶσιν
2369 2280 2450 2350 οἷς
2493 2286 2812 2355 ὑπέστησαν
2842 2287 2973 2356 παρ’
3006 2284 3166 2355 ύμῶν
3196 2282 3443 2353 ἀνιαροῖς
3476 2295 3493 2312 ‘
3531 2293 3636 2348 μη·

354 2372 543 2418 rentur
602 2364 785 2435 p0puli
852 2381 917 2421 ex
992 2366 1212 2422 Christo
1266 2369 1486 2438 Deoque
1543 2372 1934 2439 cognominati,

352 2453 481 2508 licet
543 2456 647 2512 sibi
714 2457 923 2515 inimici
983 2459 1280 2531 infestique
1343 2462 1670 2532 perniciosis
1728 2464 1931 2520 diaboli

271 2526 281 2553 ’
349 2548 599 2603 consiliis
628 2549 776 2607 facti.

348 2645 542 2717 φέρειν
578 2646 816 2718 σπουδὴν
846 2648 939 2702 τοῦ
974 2646 1102 2717 ἔθνη
1125 2648 1286 2719 ἀθεῖᾳ
1310 2649 1561 2714 συζῶντα
1632 2653 1962 2721 συγκόπτειν
2001 2658 2304 2731 ἐπιτρέψαι
2329 2662 2458 2724 τοὺς
2491 2661 2723 2732 ὀνόματι
2795 2660 2896 2732 μὲν
2929 2660 3025 2714 τοῦ
3060 2658 3304 2729 Χριστοῦ
3359 2657 3457 2710 καὶ
3493 2650 3633 2706 Θεοῦ
3728 2736 3738 2742 -

2044 2377 2100 2431 δὲ
2122 2379 2378 2432 τοσοῦτον
2406 2378 2701 2450 κινηθῆναι
2730 2379 2929 2451 πικρίᾳ
2952 2376 3134 2449 ψυχῆς
3170 2376 3263 2429 καί⁸
3317 2370 3636 2442 ἀγανακτὴ-

2046 2488 2129 2523 σει
2152 2472 2315 2541 τυχὸν
2376 2472 2588 2543 εὐλόγῳ
2642 2473 2739 2526 τοῦ
2788 2472 3065 2543 τοσαύτην
3122 2471 3340 2539 ἄμυναν
3394 2467 3532 2537 πρὸς
3564 2464 3637 2518 ηδ

2044 2564 2374 2633 Βονλγάρων
2402 2563 2784 2629 ἐπιδείξασθαι
2819 2566 3005 2633 γένος,
3058 2565 3201 2618 ὥστε
3225 2564 3391 2615 παντί
3441 2558 3632 2630 τρόπῳ

346 2745 507 2813 ὴμῶν
598 2746 1091 2817 ἐπικεκλημένονς,
1151 2745 1417 2815 ἀδελφοὺς
1473 2750 1530 2802 δὲ
1595 2752 1692 2805 καὶ
1747 2750 1913 2807 τέκνα
1982 2756 2355 2830 ὑπάρχοντας,
2393 2760 2441 2811 εί
2475 2759 2570 2811 καὶ
2630 2757 2882 2814 διαϐόλου
2946 2756 3316 2827 ἐπινοήμασιν
3368 2751 3634 2822 ὀλεθρίοις

346 2839 427 2902 είς
455 2838 686 2910 ἐχθροὺς
720 2841 814 2896 καί
848 2840 1143 2908 πολεμίους
1178 2845 1549 2899 κατέστησαν.

419 2986 570 3041 Talia
603 2994 658 3041 et
686 2985 816 3047 alia.
849 3002 971 3056 quae
1001 2986 1055 3041 in
1080 2986 1311 3056 epistola
1358 2986 1612 3044 conferre
1667 3005 1929 3059 superva-

2111 2991 2353 3046 Τοιαῦτα
2383 2992 2480 3046 καὶ
2518 2993 2619 3046 ὅσα
2685 2990 2823 3046 ἄλλα
2864 2990 3119 3061 περιττόν
3152 2991 3269 3044 ἐστι
3323 2988 3399 3058 τῷ
3447 2989 3630 3059 γρὰμο

344 3095 531 3143 cuum,
557 3077 622 3132 ad
644 3077 930 3148 religiosos
961 3077 1321 3148 imperatores
1342 3079 1479 3142 dixi,
1504 3079 1595 3148 qui
1627 3081 1858 3148 benigne
1881 3092 1933 3137 et

2043 3103 2175 3156 ματι
2200 3086 2541 3152 συντάττειν,
2566 3084 2703 3154 πρὸς
2734 3087 2863 3146 τοῦς
2895 3083 3179 3150 φιλοθέους
3222 3084 3381 3152 ήμῶν
3432 3082 3632 3151 ἐφθεγ·

344 3174 626 3226 mansuete
659 3169 804 3226 illico
829 3171 894 3225 ad
921 3171 1088 3226 verba
1117 3187 1235 3228 mea
1265 3174 1638 3240 attenderuut,
1663 3192 1771 3229 non
1798 3175 1928 3229 mihi

343 3263 783 3319 contradicentes
817 3263 885 3317 de
916 3261 1139 3317 ferendo
1177 3262 1425 3335 Bnlgaris
1463 3273 1672 3320 tantum
1727 3266 1929 3321 Itoma-

344 3372 433 3412 me
484 3356 741 3427 potestati
804 3355 1231 3412 adversantibus
1265 3358 1491 3413 auxilio.
1525 3358 1597 3414 At
1626 3371 1819 3416 contra
1862 3361 1929 3415 ad

342 3464 532 3521 pacem
590 3448 934 3519 implut-utam
971 3451 1197 3505 omnino
1228 3450 1370 3506 ﬂecti
1416 3452 1518 3507 visi
1563 3463 1714 3518 sunt,
1766 3463 1821 3509 et
1851 3455 1931 3509 sic

348 3541 481 3596 mihi
520 3541 923 3612 responderunt
954 3560 967 3596 :
1008 3561 1027 3594 ι
1052 3541 1096 3599 Ο
1127 3546 1311 3615 gregis
1345 3544 1644 3601 Christiani
1685 3553 1840 3616 pater
1878 3555 1934 3602 et

344 3642 553 3705 pastor,
582 3650 692 3689 non
725 3644 905 3690 mente
953 3634 1165 3706 excepit
1204 3652 1369 3707 quam
1419 3636 1585 3689 multa
1632 3637 1932 3707 graviaque

343 3742 375 3783 a
421 3729 783 3799 Bulgarorum
826 3739 986 3800 gente
1040 3730 1214 3786 simus
1270 3730 1540 3801 perpessi.
1570 3728 1690 3785 Non
1747 3739 1928 3785 tamen

340 3822 613 3876 rationem
660 3820 926 3878 habemus
977 3821 1266 3893 sanguinis
1314 3822 1490 3877 nostri
1535 3824 1603 3875 ab
1645 3837 1710 3876 ea
1744 3821 1926 3884 eﬂ‘nsi,

340 3922 673 3967 caeterarum‘
698 3912 940 3967 cladium
962 3923 1199 3982 quantas
1231 3912 1299 3968 ab
1323 3929 1387 3966 ea
1413 3912 1677 3967 incitante
1705 3912 1929 3967 diabolo

341 4005 513 4061 nostri
543 4020 826 4075 accepere,
858 4006 1273 4073 aggressionum
1304 4006 1505 4074 quibus
1538 4020 1564 4057 a
1608 4015 1758 4059 tanto
1787 4013 1927 4058 tem-

342 4114 472 4168 pore
511 4097 778 4153 fuerimus
810 4097 1049 4155 lacessiti
1087 4114 1263 4168 usque
1286 4098 1351 4150 ad
1383 4097 1613 4153 istarum
1638 4113 1758 4167 qum
1783 4112 1929 4149 nunc

341 4192 489 4247 illam
532 4199 849 4263 oppugnant
870 4189 1112 4260 gentium
1156 4199 1375 4254 motus,
1412 4199 1509 4246 aut
1540 4205 1662 4259 quae
1706 4204 1801 4258 per
1849 4197 1928 4243 tot

342 4300 519 4340 annos
576 4283 629 4339 in
709 4291 988 4356 posterum
1053 4282 1167 4338 sint
1222 4283 1441 4337 futurae.
1493 4282 1603 4337 Sed
1664 4280 1924 4351 quoniam

342 4377 489 4433 illius
538 4377 713 4448 gratia
758 4385 1001 4431 nostram
1041 4378 1299 4432 invocare
1327 4377 1740 4447 imperatoriam
1772 4382 1926 4443 pote-

338 4478 536 4526 statem
590 4469 645 4523 iu
707 4470 891 4524 animo
946 4470 1208 4533 habuisti,
1277 4464 1345 4524 a‘d
1400 4484 1605 4540 regem,
1656 4468 1702 4523 si
1765 4466 1923 4529 velis,

342 4563 516 4627 mitte,
544 4560 639 4633 qui
669 4562 721 4615 in
752 4561 873 4616 loco
920 4563 1045 4618 belli
1076 4572 1131 4617 et
1184 4562 1413 4618 caedium
1459 4576 1648 4631 pacem
1709 4569 1928 4629 petant;

341 4670 445 4711 nos
473 4665 655 4710 autem
688 4654 834 4726 preci
868 4664 996 4723 tum,
1022 4656 1066 4710 si
1100 4656 1254 4710 illutn
1288 4670 1614 4724 persuasum
1649 4654 1928 4715 habueris,

345 4764 454 4804 non
489 4748 718 4803 habebis
759 4749 1221 4804 contradicentes.
1267 4767 1285 4799 ι
1326 4745 1429 4804 Ista
1468 4755 1598 4801 sunt
1626 4762 1749 4815 quae
1777 4746 1931 4799 beni-

2036 3174 2220 3245 ξάμην
2258 3175 2518 3246 βασιλεῖς,
2553 3176 2647 3228 καὶ
2682 3175 2743 3229 τό
2772 3190 2837 3243 γε
2859 3171 3251 3244 φιλάνθρωπον
3297 3172 3480 3225 αὐτῶν
3530 3176 3625 3226 καὶ

2034 3267 2280 3327 ἐπιεικὲς
2338 3264 2540 3319 αὐτίκα
2610 3263 2721 3316 τῶν
2783 3261 3073 3334 ἡμετέρων
3128 3262 3404 3333 προσέσχε
3428 3261 3627 3331 λόγων,

2034 3360 2129 3414 καὶ
2156 3359 2256 3413 οὐκ
2289 3359 2544 3413 ἀντεῖπον
2568 3356 2678 3410 οὐδ’
2704 3355 3132 3425 ἐφιλονείκησαν
3166 3356 3306 3426 πρὸς
3339 3358 3491 3426 ήμςῖς
3527 3355 3621 3409 τοῦ

2033 3456 2251 3525 ἄμυναν
2284 3453 2541 3523 γενέσθαι
2574 3469 2587 3483 ·
2622 3452 2761 3521 πρὸς
2784 3450 3135 3523 Βουλγάρους
3193 3452 3320 3513 τοὺς
3351 3450 3496 3504 οὕτω
3527 3469 3630 3505 κα-

2024 3548 2319 3611 κώσαντας
2347 3545 2447 3617 τὴν
2487 3544 2805 3616 Ῥωμαϊκὴν
2846 3545 3125 3611 ἐξουσίαν,
3161 3543 3301 3597 ἀλλά
3338 3545 3478 3614 πρὸς
3528 3545 3629 3614 τὴν

2033 3642 2093 3709 ἐξ
2122 3641 2299 3712 ἀρχῆς
2331 3639 2465 3710 παρ’
2499 3640 2679 3693 αὐτῶν
2704 3635 3155 3709 ἐπιζητουμένην
3204 3639 3431 3708 εἰρήνην
3494 3637 3626 3706 ὃλην

2031 3737 2131 3807 τὴν
2176 3733 2499 3804 ⁴προαίρεσιν
2546 3732 2811 3803 ὤφθησαν
2869 3732 3273 3795 ἐπικλίναντες.
3324 3733 3417 3785 καὶ
3469 3728 3625 3786 εῖπον

2030 3822 2257 3877 τοιαῦτα
2282 3822 2418 3893 πρὸς
2439 3824 2589 3892 ἡμᾶς
2614 3838 2629 3853 ·
2660 3841 2679 3874 ι
2719 3818 2791 3874 Ὦ
2840 3822 3017 3892 πάτερ
3044 3821 3140 3875 καὶ
3169 3825 3375 3892 ποιμὴν
3400 3822 3499 3892 τῆς
3530 3822 3628 3875 τοῦ

2033 3911 2274 3983 Χριστοῦ
2307 3910 2571 3982 ποίμνης,
2599 3911 2700 3964 οὒκ
2734 3910 3037 3982 ἐξέστημεν
3076 3913 3177 3980 τῆς
3231 3913 3446 3976 οἰκείας
3484 3910 3628 3981 γνὼ-

2037 4021 2171 4074 μης,
2199 4003 2375 4057 ὁπόσα
2401 4002 2445 4056 δ’
2473 4002 2539 4057 ἂν
2567 4004 2629 4055 τὸ
2662 4003 2998 4072 Βουλγάρων
3022 4004 3182 4071 γένος
3202 4006 3503 4075 εἰργάσατο
3540 4007 3624 4069 εἰς

2034 4099 2182 4168 ἡμᾶς
2236 4095 2472 4167 χαλεπὰ,
2509 4095 2632 4149 οὐδὲ
2686 4095 3025 4165 λογιζόμεθα
3079 4100 3149 4150 τά
3180 4100 3462 4169 κεχυμένα
3491 4102 3626 4168 παρ’

2033 4191 2215 4269 αύτῶν
2266 4191 2477 4260 αἵματα
2530 4188 2626 4242 τοῦ
2677 4190 2957 4259 ἡμετέρου
3009 4189 3142 4243 λαοῦ
3198 4192 3297 4244 καὶ
3321 4192 3424 4261 τὴν
3454 4191 3625 4260 ἄλλην

2034 4280 2442 4351 πανωλεθρίαν,
2474 4280 2609 4349 ὅσην
2635 4279 2713 4348 τῷ
2737 4280 2964 4351 πονηρῷ
2983 4279 3204 4349 δαίμονι
3230 4282 3461 4352 ἐνεργοῦ
3471 4300 3624 4353 μενοι

2036 4374 2181 4428 κατά
2239 4373 2349 4427 τῶν
2401 4374 2688 4444 ἡμετέρων
2715 4373 3048 4444 εἰργάσαντο
3079 4374 3363 4445 ὑπηκόων,
3404 4378 3467 4429 οὐ
3509 4376 3620 4448 μὴν

2031 4467 2148 4522 ἀλλ’
2208 4466 2330 4521 οὐδὲ
2374 4467 2469 4537 τὴν
2523 4466 2880 4537 καινοτομίαν
2937 4468 3073 4537 ὅσην
3134 4466 3456 4539 ὑπέστημεν
3513 4469 3625 4522 ύπδ

2031 4558 2245 4630 χρόνοις
2268 4558 2549 4622 τοσούτοις
2575 4559 2656 4621 εἰς
2687 4558 2787 4631 τὴν
2819 4558 2928 4611 τῶν
2960 4558 3057 4611 νῦν
3126 4559 3431 4630 ἀποκεκινη
3445 4561 3624 4630 μένων

2031 4651 2201 4704 ἐθνῶν
2229 4650 2585 4720 ἀποκίνησιν,
2623 4650 2737 4704 οὐδ’
2766 4650 2868 4703 ὃσα
2897 4649 2994 4720 ἔτη
3044 4650 3315 4721 μέλλομεν
3373 4668 3624 4705 καινοτο-

2036 4743 2282 4813 μεῑσθαι,
2318 4745 2397 4805 εἰς
2432 4743 2675 4813 ἀριθμοῦ
2717 4742 2879 4812 λόγον
2931 4743 3261 4812 ποιούμεθα.
3309 4744 3453 4798 Ἀλλ’
3500 4746 3623 4799 ἐπεὶ

339 4856 443 4911 gne
499 4840 834 4912 pulchreque
879 4842 1031 4912 pacis
1076 4841 1348 4897 desiderio
1402 4840 1546 4908 capti
1593 4840 1660 4894 ad
1716 4848 1933 4893 nostras

2038 4837 2206 4890 ταῦτα
2257 4836 2358 4907 τὴν
2402 4836 2564 4905 ήμῶν
2584 4835 2873 4906 διενοήθης
2916 4836 3265 4905 παρακαλεῖν
3315 4837 3620 4907 βασιλείαν,

336 4946 532 5003 preces
578 4933 1002 5003 responderunt.
1041 4932 1310 4988 Ceterum
1356 4932 1701 4987 hortationes
1753 4931 1821 4985 ad
1875 4941 1926 4985 te

2038 4933 2226 5000 ἐκείνῳ
2258 4932 2308 4983 εἰ
2335 4928 2518 5000 βούλει
2550 4929 2882 4993 ὲπίστειλον,
2913 4930 3034 4981 ἀντὶ
3064 4929 3158 4983 τοῦ
3221 4932 3461 5001 πολέμου
3526 4934 3623 4985 καὶ

337 5040 508 5091 meas,
555 5040 589 5080 o
630 5023 729 5091 fili,
786 5025 967 5106 addo;
1015 5036 1090 5086 et,
1137 5027 1277 5080 sicut
1320 5041 1350 5080 a
1385 5025 1677 5095 principio,
1731 5024 1834 5080 hoc
1872 5034 1926 5079 et

2038 5025 2141 5076 τῶν
2172 5023 2401 5092 σφαγῶν
2450 5020 2551 5092 τὴν
2599 5024 2832 5093 εἰρήνην
2875 5024 3231 5093 ἐπιζητῆσαι,
3292 5025 3388 5079 καὶ
3449 5025 3504 5077 εί
3554 5043 3631 5100 γε.

337 5132 483 5172 nunc
530 5132 655 5172 cum
700 5118 906 5187 gemitu
953 5128 1008 5173 ct
1052 5118 1273 5184 planctu
1329 5118 1561 5172 scribo:
1594 5117 1814 5172 attende
1856 5116 1925 5171 ad

2038 5115 2219 5178 λάϐοις
2247 5115 2411 5169 αὐτὸν
2434 5117 2548 5177 τοῖς
2573 5118 2686 5178 σοῖς
2709 5106 3036 5181 πειθόμενον
3063 5117 3267 5185 λόγοις,
3290 5119 3440 5187 ἡμᾶς
3467 5119 3618 5189 ἔχεις

337 5209 489 5277 pacis
519 5209 725 5263 bonum
755 5220 810 5264 et
844 5211 909 5264 ad
939 5220 1044 5265 tua:
1066 5209 1244 5280 gentis
1272 5211 1543 5277 salutem;
1586 5225 1655 5264 ne
1703 5201 1758 5264 in
1805 5224 1931 5278 pes-

2038 5212 2098 5279 τῇ
2122 5212 2188 5277 σῇ
2219 5207 2569 5279 παρακλήσει
2602 5208 2678 5281 μὴ
2703 5208 3109 5275 ἀντιλέγοντας.
3147 5230 3165 5261 ι
3213 5211 3398 5263 Ταῦτα
3435 5213 3535 5281 μὲν
3582 5211 3621 5267 ἀ

337 5298 478 5352 sima
530 5315 755 5355 maneas
802 5301 1048 5364 invidia;
1080 5315 1146 5354 ne
1183 5301 1425 5356 caedibus
1453 5341 1469 5365 ,
1501 5300 1753 5357 effusiohi
1800 5317 1929 5358 sauc

2038 5304 2065 5372 ἡ
2094 5302 2323 5354 ἐκείνων
2342 5302 2672 5372 χρηστότης,
2715 5304 2812 5355 καὶ
2838 5304 2871 5372 ή
2904 5302 3001 5356 τοῦ
3060 5304 3231 5357 καλοῦ
3289 5305 3621 5374 πράγματος

294 5464 299 5467 _
338 5387 540 5457 guinis,
585 5401 639 5445 et
697 5406 1032 5460 sponsorum
1085 5391 1436 5463 filiorumque
1507 5396 1675 5464 stragi
1712 5407 1806 5449 aut
1839 5412 1932 5449 va—

2038 5397 2129 5465 τῆς
2149 5395 2376 5465 εἰρήνης
2412 5396 2598 5462 ἔφεσις
2625 5396 2764 5465 πρὸς
2794 5397 2896 5464 τὴν
2919 5397 3199 5466 ήμετέραν
3226 5397 3619 5465 ὑπεφθέγξατο

336 5480 501 5536 statis
540 5484 698 5538 terris
732 5493 1031 5553 postponas
1088 5485 1352 5555 praeclara
1408 5485 1929 5558 jucundissimaque

2038 5484 2238 5556 “now.
2272 5488 2347 5542 Τὸ
2378 5488 2566 5542 λοιπὸν
2597 5491 2691 5543 ἐπὶ
2732 5489 2794 5542 σέ
2832 5491 3024 5541 τέκνον
3045 5491 3079 5558 ή
3090 5489 3208 5557 μῶν
3236 5491 3620 5561 προϐάλλομαι

338 5573 479 5627 bona
502 5611 518 5635 ,
576 5587 698 5642 quze
737 5573 1002 5630 Romanis
1032 5584 1087 5630 et
1114 5574 1368 5648 Bulgaris
1401 5592 1467 5632 ex
1501 5593 1634 5646 pace
1683 5580 1926 5635 venient.

2038 5580 2126 5650 τὴν
2156 5580 2538 5650 παράκλησιν,
2577 5583 2676 5635 καὶ
2706 5583 2849 5652 ὅπερ
2876 5581 2937 5646 ἐξ
2961 5584 3160 5653 ἀρχῆς,
3193 5582 3356 5636 τοῦτο
3392 5587 3486 5636 καὶ
3514 5584 3615 5635 νῦν

335 5666 535 5738 γράφω
566 5667 710 5737 μετά
741 5666 959 5740 θρήνων
986 5670 1080 5727 καὶ
1114 5672 1403 5743 ὀδυρμῶν·
1465 5673 1774 5743 ἀπόϐλεψον
1836 5676 1973 5745 πρὸς
2010 5674 2074 5729 τὸ
2104 5676 2205 5746 τῆς
2272 5676 2500 5748 εἰρήνης
2524 5675 2751 5744 ἀγαθὸν,
2813 5675 3124 5750 ἀπόϐλεψον
3178 5677 3316 5746 προς
3371 5679 3473 5748 τὴν
3522 5678 3618 5734 τοῦ

340 5759 435 5812 σοῦ
464 5758 657 5828 γένους
696 5764 995 5834 σωτηρίαν,
1022 5766 1145 5840 μηδ’
1178 5769 1472 5841 ἐπιμείνης
1528 5770 1620 5825 ἔπι
1675 5773 1742 5843 τῇ
1780 5773 2014 5843 κακίστη
2081 5773 2406 5845 φιλονεικιᾳ,
2473 5775 2602 5845 μεδὲ
2667 5775 3016 5843 προτιμήσης
3079 5774 3177 5838 τὰς
3246 5774 3464 5843 σφαγὰς
3529 5778 3617 5829 καὶ
