4178 6412
644 329 752 393 163

1780 318 1830 378 N
1845 314 2095 379 lCOLAI
2137 313 2247 405 (ΖΡ,
2291 312 2432 372 PAT
2443 311 2806 373 RIARCH/E

3811 311 3911 374 164

632 445 782 499 tione
840 446 1043 502 amota,
1090 433 1394 500 eademque
1449 445 1632 501 agere,
1682 439 1736 483 et
1788 445 1896 484 non
1950 430 2054 482 ista
2107 441 2228 496 quae.

2334 423 2434 490 τῆς
2491 424 2638 477 κατὰ
2689 422 3037 495 Χριστιανῶν
3089 423 3330 494 σφαγῆς,
3376 424 3440 478 σὺ
3485 423 3560 487 ὡς
3605 423 3781 493 τιμῶν
3818 425 3912 478 τὸν

633 546 807 602 nuper
847 525 1159 583 miserrima
1191 533 1310 577 acta
1355 529 1506 576 sunt.
1543 519 1621 575 Te
1661 519 1940 589 interrogo
1971 538 1984 572 :
2015 517 2099 571 fac
2133 532 2218 569 rc-

634 636 899 694 sponsum
935 615 1362 673 mansuetudine
1395 623 1448 667 et
1480 612 1817 683 benignitate
1850 622 1941 665 tua
1971 612 2219 682 dignum.

635 718 692 771 Si
728 716 782 768 in
817 713 920 767 hac
945 712 1065 774 vita.
1090 719 1234 764 esset
1266 706 1359 776 qui
1405 721 1552 758 nunc
1594 720 1714 757 cum
1747 705 1958 758 sanctis
1999 703 2048 755 in
2083 705 2222 758 coelo

637 808 790 872 vivit,
823 815 984 876 teque
1019 811 1230 870 strages
1253 808 1306 854 et
1334 799 1475 853 bella
1514 797 1592 852 uti
1622 798 1763 867 agis,
1798 805 2220 865 persequentem

637 900 866 962 videret,
913 894 1045 966 quid
1103 892 1172 948 ad
1223 902 1276 946 te
1326 888 1573 944 diceret?
1614 887 1761 953 Quas
1816 887 1892 941 illi
1942 886 1996 940 in
2040 897 2223 941 mente

638 1001 798 1059 putas
835 984 1193 1057 cogitationes
1239 980 1522 1036 orituras?
1573 977 1767 1033 Nonne
1807 978 2081 1049 lacrymas
2130 992 2220 1031 co-

639 1082 790 1151 piose
833 1071 1179 1135 eﬂ'tmderet?
1223 1068 1416 1126 Nonne
1460 1069 1610 1123 illum
1654 1067 1915 1122 maestitia
1953 1075 2006 1121 et
2052 1067 2222 1120 rubor

561 1169 563 1172 ⁴
640 1167 998 1225 invaderent?
1055 1163 1250 1219 Nonne
1305 1161 1382 1216 illi
1441 1159 1807 1215 intolerabilis
1868 1160 1977 1213 vita
2035 1157 2224 1213 esset?

642 1262 830 1317 Nonne
864 1259 1091 1328 capillos
1147 1256 1486 1322 barbamque
1519 1251 1736 1308 duabus
1785 1250 2040 1306 manibus
2079 1251 2224 1306 evel-

641 1357 758 1409 lcns
780 1349 1134 1408 lamentando
1162 1347 1494 1404 exclamaret
1522 1363 1534 1399 :
1562 1343 1704 1411 Quid
1734 1345 1871 1414 agis,
1915 1358 1948 1397 ο
1979 1343 2084 1397 ﬁlii
2112 1343 2224 1398 Cur

640 1446 868 1519 gloriam
911 1458 1090 1498 meam
1137 1438 1439 1511 inquinas?
1467 1436 1578 1492 Cur
1609 1451 1748 1506 opus
1780 1435 2043 1500 destruis,
2074 1433 2222 1504 quod

641 1539 756 1592 Deo
791 1537 1085 1606 adjuvante
1113 1539 1409 1588 exsecutus
1440 1545 1588 1594 sum,
1619 1539 1674 1582 et
1700 1528 1768 1582 de
1791 1542 1900 1597 quo
1929 1541 2030 1597 ego
2060 1541 2224 1597 gens-

641 1645 749 1701 que
804 1643 922 1683 mea
984 1622 1395 1694 gloriabamur?
1441 1621 1555 1675 Cur
1599 1619 1950 1683 luctationes,
2001 1627 2224 1688 propter

641 1737 780 1790 quas
829 1719 1078 1775 homines
1142 1733 1230 1771 me
1277 1725 1330 1770 et
1385 1726 1600 1783 gentem
1658 1727 1834 1767 meam
1903 1711 2222 1766 beatiﬁcare

2328 516 2582 586 πατέρα,
2637 516 2714 580 ὡς
2769 514 2981 570 ἐκείνου
3032 516 3300 587 ὑπάρχων
3369 518 3593 586 γνήσιος
3639 516 3752 578 υἱὸς
3819 516 3908 568 καὶ

2327 607 2668 677 κληρονόμος
2695 609 2787 660 τοῦ
2813 606 3067 676 φιλοθέου
3092 609 3322 680 τρόπου,
3360 609 3597 678 ὀφείλεις
3631 608 3913 673 παντελῶς

2329 699 2470 752 αὐτὰ
2504 699 2720 771 ῥίπτειν
2755 699 2832 762 ὡς
2869 701 3149 772 ἀχρησίαν
3193 701 3294 770 τῆς
3323 700 3582 771 τοιαύτης
3604 701 3913 772 ἐνεργείας.

2327 790 2498 842 Τοῦτο
2549 791 2831 860 προσῆκόν
2877 792 2995 847 ἐστι
3045 795 3268 863 φρονεῖν
3316 795 3383 862 τῇ
3453 795 3518 862 σῇ
3566 793 3917 862 μεγαλοδόξῳ

2326 883 2521 952 ἀρετῇ,
2551 883 2714 934 τοῦτο
2746 887 2924 936 ποιεῖν
2972 885 3066 938 καὶ
3094 885 3266 954 χωρὶς
3296 884 3394 954 τῆς
3423 883 3696 954 ἑτέρωθεν
3725 901 3915 950 παρα-

2325 973 2596 1042 κλήσεως,
2661 975 2776 1027 ἀλλ’
2825 977 2945 1046 ούχὶ
2993 977 3220 1030 τοιαῦτα
3275 968 3367 1030 οἷά
3402 994 3508 1048 περ
3545 978 3640 1030 νῦν
3695 977 3910 1031 ἐλεεινᾶ

2329 1066 2640 1134 πράγματα
2696 1065 2928 1135 γίνεται.
2987 1067 3208 1138 Ἐρωτῶ
3247 1086 3329 1133 σε,
3379 1069 3569 1121 τέκνον
3617 1070 3773 1137 ἐμὸν,
3813 1051 3938 1122 καὶι

2324 1161 2656 1233 ἁποκρίθητι
2683 1161 2850 1226 ἀξίως
2883 1163 2980 1233 τῆς
3018 1163 3116 1232 σῆς
3156 1163 3458 1226 ἐπιεικείας
3497 1165 3592 1217 καὶ
3637 1165 3916 1235 ἀγαθότη-

2324 1269 2451 1318 τοςο
2481 1256 2529 1306 εί
2559 1253 2637 1322 τῷ
2669 1254 2770 1325 βίῳ
2818 1255 2899 1309 ἔτι
2942 1257 3124 1330 παρῆν
3172 1260 3199 1312 ὁ
3239 1257 3334 1312 νῦν
3386 1260 3529 1329 μετά
3587 1259 3698 1313 τῶν
3731 1261 3911 1328 ἁγίων

2327 1347 2387 1398 ὲν
2441 1347 2692 1418 οὐρανοῖς
2742 1349 3224 1421 συνδιαιτώμενος,
3288 1354 3384 1406 καὶ
3440 1353 3613 1406 ταῦτα
3658 1354 3810 1414 ἑώρα
3850 1371 3913 1408 σε

2321 1439 2817 1511 διαπραττόμενον,
2857 1447 2953 1498 καὶ
2983 1446 3082 1508 τάς
3117 1448 3334 1516 σφαγὰς
3359 1447 3605 1510 καὶτοὺς
3637 1449 3914 1518 πολέμους

2326 1531 2680 1602 ἐνεργοῦντα,
2721 1535 2875 1598 τίνας
2899 1537 2965 1590 ἂν
2997 1537 3104 1608 ἔφη
3142 1539 3280 1609 πρὸς
3307 1541 3367 1594 σὲ
3397 1540 3591 1608 λόγους
3621 1559 3635 1608 ;
3663 1542 3784 1603 Πῶς
3809 1543 3915 1596 olet

2327 1624 2519 1678 τοῦτον
2566 1626 2938 1683 διατεθεῖσθαι
2961 1631 3060 1702 τὴν
3099 1632 3281 1702 ψυχήν
3309 1649 3324 1698 ;
3359 1628 3488 1704 Ἆρ’
3518 1635 3618 1688 οὐκ
3645 1635 3709 1688 ἂν
3739 1635 3915 1704 ἐπλη-

2336 1715 2495 1787 ροῦτο
2563 1717 2852 1790 δακρύων;
2937 1723 3074 1793 Οὐχὶ
3139 1725 3602 1796 σκυθρωπότητος
3664 1728 3918 1794 ἐγεγόνει

641 1814 934 1872 dcbehaut,
975 1825 1143 1864 vanas
1190 1807 1382 1872 eﬂicis,
1436 1806 1627 1878 sicque
1657 1805 1915 1859 damnum
1958 1801 2120 1857 nobis
2166 1813 2220 1858 et

2334 1779 2544 1877 πλήρης
2579 1779 2682 1862 καὶ.
2723 1779 3056 1880 κατηφείαξ
3098 1815 3193 1869 καὶ
3221 1779 3456 1870 ἀέίωτον
3483 1779 3599 1885 εἶχε
3749 1779 3907 1885 θίον;

645 1906 742 1960 tibi
776 1903 1007 1973 inﬂigis?

2324 1902 2446 1971 οὐχὶ
2475 1901 2578 1966 τὰς
2627 1905 2817 1973 τιμίας
2848 1906 3045 1976 τρίχας
3085 1909 3186 1977 τῆς
3223 1910 3469 1980 κεφαλῆς
3506 1911 3603 1962 καὶ
3653 1909 3747 1963 τοῦ
3797 1908 3919 1962 πώ-

654 2015 816 2066 γωνος
843 1999 1038 2052 τίλλων
1067 1996 1408 2068 ἀμφοτέραις
1430 1993 1590 2065 χερσὶ
1639 1990 1780 2063 μετά
1816 1989 2018 2062 θρήνου
2040 1990 2264 2046 τοιαῦτα
2302 1995 2607 2065 ἐκέκραγε·
2667 1997 2732 2048 Τί
2786 2000 2983 2064 ποιεῖς,
3033 2002 3223 2055 τέκνον
3271 2004 3438 2072 έμὸν;
3492 2001 3546 2056 τί
3602 2003 3702 2075 τὴν
3755 2001 3922 2066 δόξαν

650 2093 804 2163 ἡμῶν
835 2091 1158 2166 καθαιρεῖς;
1210 2092 1276 2146 Τί
1328 2092 1388 2144 τὸ
1423 2087 1638 2162 ἔργονδ
1670 2087 1768 2142 σὺν
1802 2087 1924 2157 Θεῷ
1985 2088 2360 2160 εἰργασάμην,
2433 2096 2530 2146 καὶ
2571 2094 2659 2161 ἐφ’
2710 2088 2756 2162 ᾧ
2801 2095 2864 2148 τὸ
2935 2095 3201 2166 καύχημα
3251 2093 3321 2169 ἦν
3376 2100 3505 2168 ἐμοὶ
3555 2101 3650 2151 καὶ
3707 2099 3792 2150 σοὶ
3821 2097 3924 2152 καὶ

646 2185 813 2236 παντὶ
857 2183 934 2254 τῷ
965 2185 1219 2255 ἡμετέρῳ
1271 2184 1420 2252 γένει
1466 2179 1767 2239 καταλύεις
1794 2195 1808 2242 ;
1839 2179 1903 2231 Τί
1967 2179 2094 2242 τοὺς
2137 2181 2441 2251 ἡμετέρους
2465 2183 2682 2250 ἀγῶνας
2712 2185 2780 2240 δι’
2815 2179 2892 2240 ὧν
2938 2190 2968 2242 ὁ
3018 2188 3244 2258 σύμπας
3314 2190 3425 2244 τῶν
3469 2189 3776 2262 ἀνθρώπων
3803 2188 3922 2259 βίος

644 2276 840 2347 ἔμελλε
909 2277 1238 2348 μακαρίζειν
1283 2273 1384 2344 ἐμέ
1439 2290 1499 2326 τε
1550 2271 1646 2326 καὶ
1708 2273 1806 2341 τὴν
1859 2269 1999 2341 ἐμὴν
2031 2272 2225 2339 γενεὰν
2266 2274 2458 2338 κενοὺς
2510 2276 2825 2350 ἀπεργάξῃ,
2873 2280 2969 2334 καὶ
3051 2281 3260 2352 ζημίαν
3313 2282 3488 2346 οὕτως
3578 2285 3920 2353 ἀσύγκριτον

648 2369 859 2439 σεαυτῷ
897 2370 990 2421 καὶ
1015 2370 1150 2439 ἡμῖν
1191 2366 1466 2434 ἐπάγεις;

717 2549 857 2616 Quid
909 2549 1076 2618 ergo?
1117 2547 1176 2601 Si
1224 2547 1444 2616 quidem
1494 2548 1585 2602 hic
1638 2558 1805 2614 esset,
1855 2549 2046 2604 vivens
2100 2564 2226 2603 cum

649 2642 990 2705 hominibus,
1023 2641 1106 2695 sic
1138 2640 1422 2712 cogitaret,
1456 2639 1537 2695 sic
1566 2640 1917 2694 lamentando
1949 2641 2232 2695 exclama-

650 2743 753 2789 ret.
789 2732 944 2787 Nunc
979 2742 1159 2785 autem
1213 2747 1339 2785 cum
1391 2731 1594 2786 sanctis
1648 2747 1832 2785 coram
1885 2731 1995 2785 Deo
2040 2745 2227 2796 stans,

651 2829 852 2897 dignus
879 2827 1098 2895 Copiasa
1131 2825 1568 2879 remuneratione
1602 2824 1880 2895 judicatus
1909 2835 2130 2894 propter
2165 2840 2227 2878 ea

649 2936 794 2990 qum,
830 2918 942 2972 Deo
971 2918 1335 2988 praecedente,
1375 2915 1730 2984 Bulgarorum
1763 2917 1936 2986 gratia
1969 2925 2231 2986 operatus

651 3020 758 3076 est,
804 3018 1024 3079 propter
1056 3009 1472 3062 fundamentum
1525 3008 1671 3072 ﬁdei,
1731 3019 1784 3062 et
1835 3007 1960 3064 inde
2009 3007 2230 3080 quidem

653 3101 1062 3155 venerationem
1101 3107 1317 3162 nactus,
1356 3115 1538 3154 nonne
1581 3114 1708 3153 cum
1741 3110 1934 3154 cuncta
1981 3099 2068 3154 his
2097 3114 2231 3154 con-

653 3192 820 3248 traria
855 3192 1152 3263 perspiciat
1194 3207 1383 3256 sensu,
1464 3207 1568 3245 non
1617 3191 1726 3260 jam
1780 3191 2017 3254 dubitas,
2055 3206 2086 3245 ο
2136 3191 2233 3257 (ili,

653 3286 787 3356 quin
819 3287 994 3340 sancti
1039 3285 1094 3338 in
1128 3285 1268 3339 caelo
1319 3299 1406 3338 res
1433 3299 1554 3354 qua:
1591 3285 1645 3336 in
1678 3293 1820 3337 terra
1854 3285 1991 3338 liunt
2034 3300 2237 3355 cogno-

654 3387 832 3443 scant,
884 3378 994 3441 ille,
1043 3377 1326 3447 superiore
1360 3377 1470 3430 vita
1518 3376 1727 3442 vivens,
1770 3377 1943 3431 multo
1979 3379 2232 3447 graviore
2279 3433 2288 3438 ,

654 3469 843 3523 dolore
876 3469 1101 3532 dolebit,
1133 3478 1187 3522 et
1222 3469 1387 3522 simul
1436 3466 1694 3521 incllabili
1733 3468 1993 3521 maestitia
2025 3467 2234 3520 vidcbi-

657 3570 745 3614 tur
766 3559 1070 3625 confectus,
1097 3559 1261 3614 modo
1287 3574 1427 3628 Opus
1458 3573 1615 3612 suum
1650 3558 1980 3628 rcCOgitans,
2009 3575 2106 3628 pro
2129 3574 2237 3627 quo

655 3653 822 3707 vitam
854 3663 1134 3724 posuerat,
1160 3669 1475 3723 quanquam
1513 3651 1623 3706 Deo
1659 3661 1975 3722 protegente
2016 3651 2237 3705 interfe-

656 3754 838 3800 ctores
874 3746 1238 3813 superaverit,
1276 3745 1440 3798 modo
1472 3743 1745 3798 sollicitus
1781 3747 1844 3796 de
1879 3751 1928 3796 te
1963 3742 2074 3795 lilio
2111 3756 2234 3807 suo,

657 3837 940 3910 Deumque
996 3856 1227 3910 precans
1295 3857 1354 3895 ut
1412 3841 1506 3894 tibi
1570 3840 1798 3910 gloriam
1856 3848 1908 3894 et
1980 3840 2233 3892 virtutem

656 3931 942 3993 concedat,
974 3931 1250 3998 donetque
1277 3941 1461 3999 postea
1489 3931 1732 3984 caelestis
1773 3929 1961 4000 gloriae
1987 3929 2235 3982 obtinere

658 4019 1076 4074 hmreditatem?
1149 4019 1304 4073 Illum
1367 4020 1462 4073 tibi
1515 4021 1694 4090 ipsum
1760 4020 1952 4074 adesse
2005 4006 2232 4089 cﬂinge,

659 4126 692 4164 0
723 4109 818 4175 ηιξ,
860 4115 940 4165 sic
972 4111 1320 4165 miseratione
1349 4110 1551 4165 factum
1583 4112 1834 4180 dignum,
1864 4121 1919 4164 ct
1949 4127 2054 4164 non
2085 4125 2114 4164 a
2151 4126 2235 4163 me

661 4205 753 4257 sed
796 4206 865 4257 ab
898 4206 1015 4271 ipso
1054 4205 1196 4256 dicta
1245 4219 1364 4273 qua:
1411 4203 1506 4258 tibi
1556 4204 1873 4258 scribimus.
1911 4204 2045 4269 Quis
2089 4205 2234 4257 enim

660 4294 870 4349 dubitet
913 4296 1042 4364 quin
1094 4295 1181 4350 ille
1231 4295 1336 4362 vir,
1369 4297 1463 4365 qui
1519 4311 1586 4349 ex
1637 4295 1765 4359 Deo,
1805 4311 1868 4350 ex
1902 4297 2067 4350 rebus
2115 4310 2235 4364 quan

663 4402 810 4441 nunc
854 4404 880 4440 a
916 4399 968 4439 te
1002 4398 1131 4440 sunt
1167 4386 1327 4440 facta:
1357 4387 1755 4441 contristetur?
1789 4387 1998 4456 Itaque,
2035 4387 2079 4441 si
2117 4386 2232 4442 ﬁeri

2407 2539 2635 2616 Τίόῦν;
2663 2551 2725 2603 Ei
2767 2551 2869 2620 μὲν
2917 2551 3153 2605 ἐνταῦθα
3209 2553 3392 2623 παρῆν
3433 2553 3529 2607 καὶ
3580 2554 3680 2606 σὺν
3709 2553 3928 2627 ἀνθρώ-

2335 2657 2458 2704 ποις
2514 2637 2631 2712 εἶχε
2679 2643 2780 2713 τὴν
2835 2643 3135 2713 διαγωγὴν,
3192 2642 3368 2707 οὕτως
3414 2643 3482 2696 ἂν
3532 2644 3771 2714 διετέθη,
3821 2647 3924 2700 καὶ

2333 2734 2561 2787 τοιαῦτα
2595 2733 2810 2805 θρηνῶν
2829 2736 3126 2804 ἐκεκράγει
3146 2750 3160 2765 ·
3193 2735 3288 2788 νῦν
3309 2735 3365 2788 δὲ
3389 2737 3501 2797 τοῖς
3529 2736 3707 2804 ἁγίοις
3739 2737 3921 2793 συνὼν

2334 2826 2428 2878 καὶ
2452 2825 2573 2897 Θεῷ
2595 2827 3026 2896 παριστάμενος,
3064 2829 3158 2880 καὶ
3195 2826 3399 2897 πολλῆς
3431 2828 3708 2898 ἀποδοχῆς
3739 2829 3918 2896 ἠξιω-

2338 2919 2498 2987 μένος
2551 2919 2736 2972 ἓνεκεν
2789 2920 2883 2972 τοῦ
2925 2919 3112 2988 ἔργου,
3141 2919 3169 2971 δ
3211 2921 3351 2986 μετὰ
3403 2919 3538 2971 Θεὸν
3582 2920 3925 2992 Βουλγάροις

2336 3009 2656 3080 εἰργάσατο,
2715 3011 2808 3063 καὶ
2837 3009 2933 3063 τοῦ
2985 3008 3244 3078 θεμελίου
3282 3013 3381 3080 τῆς
3410 3010 3671 3074 πίστεως,
3705 3013 3801 3066 καὶ
3840 3015 3928 3066 εἰ-

2337 3101 2511 3163 κότως
2535 3101 2622 3152 ἐπ’
2653 3100 2804 3171 αὐτῷ
2827 3103 3248 3172 σεμνυνόμενος,
3283 3102 3504 3155 καὶτῶν
3534 3103 3629 3154 νῦν
3657 3103 3928 3158 ἐναντίων

2340 3195 2690 3264 πραγμάτων
2723 3194 3018 3264 λαμϐάνων
3045 3196 3144 3264 τὴν
3168 3195 3446 3266 αἴσθησιν;
3484 3196 3703 3262 πάντως
3734 3197 3790 3250 δὲ
3815 3197 3930 3252 οὐκ

2339 3282 2728 3351 ἀμφιϐάλλεις,
2784 3279 2975 3337 τέκνον
3017 3286 3190 3354 ἐμὶν,
3238 3285 3313 3347 ὡς
3366 3286 3486 3338 ἔστι
3545 3290 3658 3350 τοῖς
3708 3287 3930 3340 ἐκεῖθεν

2341 3377 2552 3447 βιοῦσιν
2574 3377 2754 3445 ἁγίοις
2784 3379 2816 3445 ῆ
2845 3378 2951 3430 τῶν
2984 3379 3042 3429 ὲν
3080 3377 3271 3448 κόσμῳ
3305 3379 3610 3448 γινομένων
3641 3379 3932 3449 αἴσθησις,

2337 3471 2400 3522 ού
2457 3469 2638 3537 πολλῷ
2693 3470 2856 3523 πλέον
2886 3470 2980 3523 καί
3018 3487 3100 3522 τοι
3143 3469 3322 3540 λύπης
3355 3471 3594 3540 ἀπάσης,
3639 3471 3931 3542 ἀνωτέρας

2338 3561 2436 3630 τῆς
2495 3561 2710 3614 ἐκεῖθεν
2765 3561 2911 3627 ζωῆς
2964 3560 3363 3632 τυγχανούσης,
3417 3561 3774 3632 ὀδυνήσεται,
3823 3563 3934 3614 καὶ

2343 3651 2550 3719 μεταξὺ
2574 3651 2674 3720 τῆς
2705 3651 3110 3720 ἀνεκδιηγήτου
3151 3651 3367 3721 ἐκείνης
3402 3651 3760 3722 φαιδρότητος
3786 3667 3935 3704 σκυ-

2340 3741 2652 3812 θρωπάζων
2703 3743 3040 3811 ὁφθήσεται;
3096 3742 3269 3795 Τοῦτο
3325 3741 3444 3813 μὲν,
3483 3743 3578 3796 καὶ
3625 3743 3686 3795 τὸ
3721 3745 3938 3796 οἰκεῖον

2337 3834 2501 3904 ἔργον
2536 3832 2680 3904 ὑπὲρ
2713 3830 2773 3887 οὗ
2805 3835 2904 3903 τὴν
2957 3833 3136 3904 ψυχὴν
3183 3833 3346 3896 αὐτὸς
3379 3833 3599 3902 ἔθηκεν,
3639 3835 3689 3886 εἰ
3717 3835 3811 3888 καὶ
3837 3834 3939 3887 διὸ.

2336 3928 2438 3993 τῆς
2477 3927 2629 3989 θείας
2657 3926 2944 3996 δυνάμεως
2999 3928 3308 3997 ὑπέρτερος
3347 3927 3539 3994 γέγονε
3578 3926 3688 3978 τῶν
3723 3943 3936 3996 φονευ-

2335 4019 2480 4072 τῶν·
2522 4018 2685 4072 τοῦτο
2735 4019 2919 4072 δὲκαὶ
2955 4019 3096 4088 ὑπὲρ
3146 4018 3240 4072 τοῦ
3272 4017 3476 4071 οἰκείου
3527 4019 3742 4080 τέκνου,
3780 4019 3942 4093 ὑπὲρ

2335 4106 2397 4166 οῦ
2446 4111 2691 4164 δυσωπεῖ
2741 4110 2834 4163 τὸν
2870 4109 3023 4171 Θεὸν,
3072 4112 3202 4173 πᾶν,
3243 4111 3298 4163 εί
3320 4128 3372 4164 τι
3403 4110 3569 4163 καλὸν
3597 4112 3690 4163 καὶ
3721 4111 3943 4182 ἀρετῆς

2337 4202 2563 4268 ἔνδειξιν
2594 4202 2739 4272 ἔχον,
2775 4203 3194 4273 παρασχεθῆναί
3221 4220 3326 4266 σοι,
3361 4205 3456 4256 καὶ
3493 4205 3632 4273 μετὰ
3649 4203 3808 4256 τοῦτο
3831 4209 3941 4258 καί

2337 4294 2436 4356 τῆς
2469 4294 2582 4348 ἄνω
2613 4293 2770 4365 δόξης
2809 4295 3363 4364 προσεπικτήσασθαι
3393 4296 3492 4366 τὴν
3525 4297 3938 4366 κληρονομίαν.

2345 4385 2518 4439 Αὑτὸν
2545 4385 2896 4454 παρεῖναίσοι
2927 4385 3144 4449 νόμιζε,
3168 4385 3358 4438 τέκνον
3385 4385 3726 4456 ὶμδν,οῦτως
3755 4386 3942 4440 ἐλεειο

664 4487 850 4548 possct
895 4478 1046 4530 illum
1093 4494 1157 4531 ex
1200 4478 1356 4532 beata
1410 4478 1520 4530 vita
1552 4479 1618 4531 ad
1651 4478 1792 4531 hanc
1827 4479 2082 4530 miseram
2137 4490 2232 4528 no-

2343 4479 2447 4539 νῶς
2509 4478 2938 4547 διατεθειμένον,
3009 4479 3104 4530 καὶ
3147 4478 3183 4532 ἀ
3241 4479 3530 4548 γράφομεν
3595 4478 3672 4549 μὴ
3734 4478 3945 4546 λόγους

663 4580 831 4623 stram
867 4571 1032 4623 vitam
1063 4569 1283 4630 reverti,
1319 4584 1428 4624 non
1459 4570 1632 4624 solum
1664 4571 1730 4624 ad
1763 4579 1813 4624 te
1845 4571 2030 4636 verba,
2064 4568 2244 4638 qualia

2345 4569 2647 4640 ἡμετέρους
2677 4563 2839 4633 εἶναι,
2876 4568 2995 4621 ἀλλ’
3027 4570 3237 4622 ἐκεῖνον
3260 4569 3335 4632 ὡς
3377 4571 3592 4640 ἀληθῶς
3631 4569 3805 4623 ταῦτά
3851 4587 3946 4626 σοι

665 4676 787 4733 ego,
825 4663 915 4715 sed
967 4663 1136 4717 multo
1169 4662 1325 4731 plura
1359 4663 1548 4718 dicens
1579 4663 1878 4728 videretur,
1913 4663 2112 4731 quippe
2153 4677 2232 4729 qu:

2343 4662 2712 4730 διαλέγεσθαι.
2752 4662 2849 4724 Τίς
2909 4662 3018 4731 γὰρ
3062 4661 3199 4724 ὅλως
3259 4663 3614 4732 ἀμφιϐάλλει,
3650 4662 3726 4726 ὡς
3758 4665 3786 4714 ὁ
3838 4665 3947 4718 τοῦ

664 4768 999 4822 magnopere
1035 4754 1229 4817 valeat,
1287 4769 1424 4806 vana
1466 4753 1774 4807 mobilitate
1819 4753 2104 4812 liberatus,
2155 4765 2232 4803 su-

2342 4753 2478 4807 Θεοῦ
2504 4753 2794 4822 ἄνθρωπος
2832 4755 3041 4816 ἐκεῖνος
3077 4756 3170 4807 ἐπὶ
3201 4756 3312 4816 τοῖς
3346 4755 3590 4824 σήμερον
3621 4753 3949 4823 γινομένοις

665 4860 852 4915 prcma
905 4859 1026 4900 cum
1095 4846 1452 4917 intelligentia
1511 4860 1870 4912 conversaris,
1929 4845 2232 4913 lumiucqut

2345 4845 2500 4914 παρὰ
2527 4845 2622 4896 σοῦ
2673 4845 2736 4897 ού
2791 4845 3039 4915 σφοδρῶς
3088 4846 3342 4909 ἀνιᾶται;
3381 4847 3490 4898 Καὶ
3518 4846 3571 4898 εί
3611 4862 3672 4912 γι
3703 4844 3951 4900 δυνατὸν

667 4939 858 5005 plenus
882 4939 1087 4992 divino.

2341 4933 2409 5007 ἦν
2445 4938 2510 4989 ὲκ
2535 4936 2637 5005 τῆς
2668 4937 2881 4990 ἐκεῖθεν
2917 4938 3198 5008 μακαρίας
3243 4937 3390 5007 ζωῆς
3434 4938 3572 5008 πρὸς
3601 4939 3701 5008 τὴν
3736 4937 3948 4991 ἀθλίαν

665 5031 872 5101 ταύτην
930 5032 1026 5084 καὶ
1076 5032 1353 5101 ἡμετέραν
1418 5031 1852 5102 παραγενέσθαι,
1903 5027 2036 5102 ἧκεν
2073 5030 2138 5083 ἂν
2186 5031 2247 5084 ού
2287 5028 2448 5098 μόνον
2503 5029 2728 5082 τοιαῦτα
2755 5029 2892 5100 πρὸς
2946 5025 3142 5095 σὲ,οἷα
3179 5031 3392 5100 ἔφημεν
3449 5031 3642 5099 λέγων,
3665 5031 3802 5084 ἀλλά
3839 5035 3952 5086 καὶ

667 5123 801 5176 πολὺ
836 5122 1005 5175 πλείω
1029 5123 1252 5190 τούτων,
1288 5123 1323 5177 ἆ
1345 5140 1404 5174 τε
1436 5127 1529 5176 καὶ
1565 5124 1765 5192 πολλὴν
1795 5123 1932 5193 ἔχων
1957 5123 2244 5195 εὐπορίαν,
2310 5120 2385 5184 ὼς
2426 5120 2853 5191 ἀπηλλαγμένος
2913 5123 3012 5190 τῆς
3081 5122 3318 5191 ματαίας
3372 5121 3580 5192 ταύτης
3633 5138 3946 5194 περιστρο.

668 5217 794 5285 φῆς,
828 5217 926 5270 καὶ
984 5215 1064 5287 τῷ
1111 5218 1316 5286 πρώτῳ
1361 5215 1442 5270 νοῒ
1481 5217 1820 5287 πλησιάζων,
1857 5217 1952 5270 καὶ
1979 5217 2115 5280 ὅλως
2145 5217 2242 5285 τῆς
2277 5213 2488 5266 ἐκεῖθεν
2529 5213 2964 5284 πεπληρωμένος
2993 5215 3338 5286 ὲλλάμψεως.

737 5376 875 5440 Tua,
901 5391 932 5429 ο
957 5375 1052 5440 lili,
1077 5390 1240 5443 quem
1266 5373 1410 5428 Deus
1437 5374 1697 5438 honorat,
1724 5388 1980 5441 maguum
2011 5369 2232 5441 epistola

2417 5370 2754 5439 Προέφερεν,
2814 5369 2898 5423 υἱέ
2963 5386 3066 5439 μου
3123 5369 3436 5438 θεοτίμητε,
3473 5370 3534 5421 τὸ
3561 5369 3651 5422 σὺν
3695 5347 3949 5440 γράμμα

666 5471 870 5525 Mostnn
907 5468 1197 5536 allegabat,
1231 5477 1284 5519 et
1317 5467 1464 5534 quod
1515 5467 1808 5536 scripsisti,
1842 5465 1974 5518 illud
2029 5479 2094 5516 cx
2125 5463 2246 5531 ejus

669 5563 944 5616 mentione
971 5559 1267 5629 scripsisti.
1307 5559 1412 5612 Sed
1440 5557 1572 5628 quid
1603 5559 1770 5628 Moysi
1805 5567 1858 5611 et
1888 5555 2095 5610 nobis?
2125 5569 2248 5624 qua:

671 5670 703 5708 a
736 5653 844 5708 Deo
875 5653 1096 5708 oracula
1129 5651 1428 5721 accepisti?
1457 5652 1560 5706 Ubi
1597 5652 1837 5705 divinam
1867 5647 2246 5716 contemplasli

675 5748 904 5818 gloriam
965 5757 1016 5799 te
1067 5746 1132 5799 ad
1184 5746 1312 5802 talia
1371 5747 1576 5817 agenda
1635 5744 2022 5800 inducentem?
2076 5742 2247 5811 Cujus

2345 5459 2438 5512 τὸν
2478 5461 2652 5529 μέγαν
2712 5461 2942 5528 Μωσῆν,
2970 5461 3066 5512 καὶ
3099 5462 3164 5530 τῇ
3201 5461 3413 5514 ἐκείνου
3449 5462 3643 5533 μνήμῃ
3684 5461 3949 5532 ἔγραψας

2345 5548 2433 5605 οἷα
2467 5553 2532 5620 δὴ
2573 5553 2666 5606 καὶ
2699 5553 2970 5623 ἔγραψας.
3005 5553 3116 5605 Καὶ
3143 5553 3268 5606 τίνα
3300 5553 3434 5624 πρὸς
3466 5554 3556 5607 τὸν
3577 5556 3782 5622 Μωσῆν
3816 5554 3949 5624 ἔχει

2347 5646 2416 5699 τὰ
2445 5645 2690 5717 ἡμέτερα
2747 5645 3068 5710 κοινωνίαν;
3120 5645 3312 5708 Ποίους
3364 5646 3531 5712 ἐδέξω
3586 5649 3737 5716 παρὰ
3789 5648 3946 5702 Θεοῦ

2349 5736 2668 5809 χρησμούςς
2715 5736 2823 5791 Ποῦ
2851 5736 2908 5789 δὲ
2938 5737 3038 5807 τὴν
3077 5735 3230 5790 θείαν
3267 5739 3480 5794 ἐθεάσω
3507 5739 3665 5803 δόξαν
3699 5739 3940 5794 τοιαῦτα
