4152 6444
504 391 603 455 16Ἱ
1650 378 1961 442 NICOLAI
2002 379 2108 439 (ΞΡ.

2213 374 2675 436 ΛΤΒΙΛιὶΕΗιΕ
3460 380 3465 384 ’
3678 368 3788 430 163

498 517 692 558 omnes
729 515 838 556 non
872 497 1037 556 modo
1073 493 1363 566 imperium
1413 490 1662 554 sortitos,
1698 491 1791 546 sed
1823 499 2096 561 quotquot

2213 490 2279 560 μὴ
2310 489 2695 561 γνωριζόντων
2742 484 3186 557 εὐσχημοσύνην,
3228 484 3343 540 ἀλλ’
3366 481 3490 555 οὑχὶ
3510 482 3618 536 τῶν
3652 485 3791 536 ἀνα·-

497 598 736 652 aliorum
772 593 1185 650 venerationem
1223 587 1508 651 affectant,
1543 585 1909 640 contumelias
1932 583 2089 652 quasi

2213 582 2506 653 ῑεϐηκότων
2529 583 2625 635 καὶ
2639 580 2859 635 εἰδότων
2877 578 3083 649 ἑτέρως
3104 578 3452 648 εὐσχήμονας
3470 574 3786 630 ἀποτελεῖν.

503 689 831 760 spurcitiam
877 685 1141 757 repellere
1185 692 1239 736 et
1280 678 1618 745 abhorrere,
1693 685 1951 731 curantes
2022 688 2090 727 ue

2213 677 2269 729 Ἡ
2302 676 2541 744 ἀγνοεῖς,
2574 675 2766 728 τέκνον
2810 677 2843 743 ἡ
2856 674 2992 745 μῶν,
3028 672 3110 725 ὅτι
3163 671 3240 733 ὼς
3279 671 3484 725 ἐπίπαν
3515 670 3576 723 οὑ
3603 669 3789 738 μόνων

499 784 718 853 linguae,
749 780 1068 842 verborum,
1098 772 1371 844 imprimis
1401 768 1602 825 mentis
1625 768 1949 823 munditiam
1995 781 2091 836 per

2213 767 2303 820 τῶν
2358 766 2549 838 ἄρχειν
2603 765 2903 839 λαχόντων,
2965 763 3104 818 ἀλλὰ
3161 765 3259 816 καὶ
3302 765 3419 816 ὅσοι
3460 763 3570 816 τῶν
3607 763 3791 815 ἄλλων

500 875 795 943 θιιιιτρίιίος
832 869 1094 928 trahant?
2193 860 2504 930 ἀνθρώπων
2567 860 2902 931 σεμνότητος
2952 856 3387 921 ἀντιποιοῦνται,
3443 857 3544 918 τὰς
3598 853 3791 924 ὕϐρεις

500 964 694 1037 ῶσπερ
725 983 778 1019 τι
815 963 1084 1034 ῥύπασμα
1113 957 1442 1014 διωθοῦνται
1489 956 1587 1027 καὶ
1660 952 2126 1021 ἀποστρέφονται,
2186 954 2280 1007 καὶ
2320 954 2595 1023 φείδονται
2648 954 2710 1006 τὸ
2788 952 3053 1022 καθάριον
3108 950 3208 1020 τῆς
3251 948 3501 1020 γλώττης
3545 950 3639 1003 καλ
3674 948 3792 1003 τῶν

499 1060 675 1126 λόγων
707 1057 803 1111 καὶ
832 1055 938 1125 πρό
963 1071 1026 1123 γε
1060 1051 1271 1107 τούτων
1299 1050 1401 1117 τῆς
1431 1047 1660 1119 γνώμης
1696 1046 1754 1098 ὲν
1783 1043 1861 1115 τῷ
1897 1043 2221 1115 ρυπάσματι
2264 1046 2590 1118 περισύρειν
2618 1045 2727 1099 τῶν
2749 1044 2964 1116 ὕϐρεων
2991 1061 3004 1109 ;

576 1153 721 1220 Quid
744 1149 913 1206 refert
940 1158 1151 1203 veteres
1181 1154 1236 1200 et
1263 1153 1512 1199 recentes
1544 1142 1808 1212 allegare,
1874 1139 2092 1203 Persas,

502 1246 817 1316 Agarenos,
850 1227 1121 1311 aliosque,
1144 1237 1345 1309 quibus
1370 1246 1529 1291 antea
1562 1235 1914 1305 magistratus
1942 1246 2095 1286 com-

502 1337 694 1395 missi?
726 1337 852 1404 Qui,
895 1348 1066 1407 quum
1113 1332 1253 1387 bella
1287 1331 1431 1385 inter
1461 1342 1523 1384 se
1548 1336 1821 1399 gererent,
1856 1342 1943 1381 res
1980 1325 2096 1381 bel-

502 1431 638 1486 licas
689 1429 945 1499 agebant,
1005 1423 1354 1481 contumeliis
1399 1435 1529 1476 vero
1579 1419 1812 1491 pulchre
1854 1433 1918 1473 ac
1948 1416 2095 1487 regie

504 1524 789 1595 sapientes
820 1518 1188 1575 abstinebant.
1228 1515 1305 1571 Ita
1351 1527 1528 1584 usque
1558 1512 1624 1566 ad
1674 1525 1798 1567 nos.
1832 1508 2094 1580 Agareni,

503 1617 949 1685 quotiescunque
998 1624 1184 1665 rerum
1251 1605 1550 1662 discrimen
1603 1603 1806 1668 turbet,
1856 1601 2094 1656 debitam

503 1717 688 1762 tamen
722 1703 1114 1767 reverentiam,
1146 1700 1395 1756 debitum
1429 1698 1593 1770 regias
1623 1694 1897 1766 majestati
1923 1694 2099 1748 hono-

2275 1140 2341 1192 Τί
2370 1157 2438 1210 με
2484 1140 2569 1193 δεῖ
2605 1139 2786 1207 λέγειν
2826 1138 3095 1210 ἀρχαίους
3127 1154 3187 1190 τε
3224 1138 3317 1191 καὶ
3348 1137 3523 1202 νέους,
3549 1139 3793 1209 Πέρσας,

2217 1232 2586 1303 Ἀγαρηνοῦς,
2645 1233 2839 1296 ἄλλους
2898 1232 3006 1304 πρὸ
3037 1229 3269 1293 τούτων,
3299 1231 3416 1284 ὅσοι
3459 1232 3634 1302 ἀρχὰς
3663 1235 3793 1287 ἐπι-

2204 1325 2543 1397 στεύθησαν;
2586 1327 2676 1390 Ὠς
2701 1326 2963 1389 πολλάκις
2992 1326 3246 1398 πολέμων
3265 1312 3581 1396 ἀναμεταξὺ
3608 1342 3796 1379 κινου-

2207 1420 2410 1491 μένων,
2474 1420 2544 1473 τὰ
2590 1420 2691 1490 μὲν
2739 1417 2835 1473 τοῦ
2867 1418 3110 1489 πολέμου
3154 1420 3443 1489 ἐνήργουν,
3480 1416 3694 1488 ὕϐρεων
3730 1415 3791 1470 δὲ

2203 1511 2385 1576 καλῶς
2415 1511 3114 1583 καιζάρχικῶςφρονοῦντες
3138 1509 3448 1580 ἀπείχοντο.
3481 1511 3590 1562 Καὶ
3622 1508 3791 1579 μέχρι

2204 1604 2300 1659 τοῦ
2343 1604 2440 1658 νῦν
2469 1603 2594 1658 οὕτε
2631 1606 2828 1675 ὁρᾶται
2859 1604 3170 1672 γινόμενον.
3203 1603 3516 1674 Γράφουσιν
3551 1601 3795 1673 Ἀγάρη-

2206 1700 2287 1753 νο¹ι
2317 1700 2386 1753 τὰ
2412 1699 2513 1769 μὲν
2567 1699 2703 1753 ἄλλα
2747 1700 2851 1753 ὅσα
2889 1697 3255 1752 ὑποϐάλλουσι
3301 1697 3411 1751 τῶν
3443 1684 3793 1767 πραγμάτων

504 1811 619 1850 rem
651 1800 892 1849 servant.
916 1791 1000 1847 Tu
1026 1805 1266 1862 quoque,
1295 1804 1328 1843 ο
1376 1788 1473 1853 fili,
1519 1786 1937 1842 convenientem
1982 1798 2099 1836 ma-

2213 1795 2262 1848 αἱ
2291 1794 2607 1858 ὑποθέσεις,
2653 1793 2753 1865 τὴν
2789 1792 3155 1863 ὀφειλομένην
3197 1791 3253 1846 δὲ
3287 1792 3381 1845 καὶ
3413 1791 3797 1861 προσηγορίαν

506 1885 835 1957 gnificentia:
861 1896 971 1938 tum.
1012 1892 1253 1936 mentem
1305 1892 1535 1933 servans
1577 1876 1790 1930 abstine
1819 1881 2104 1928 contume-

508 1980 621 2044 liis,
650 1994 823 2049 quum
865 1975 1088 2038 scribis,
1132 1988 1301 2045 quum
1343 1970 1649 2042 praesertim
1697 1967 1764 2022 ad
1818 1980 1871 2021 te
1920 1964 2107 2021 missae

510 2070 876 2142 imperatoriae
901 2068 1151 2139 epistolae
1180 2064 1314 2121 nihil
1344 2061 1803 2119 contumeliosum
1840 2057 2103 2125 aﬂerunt,

509 2164 868 2231 debitumque
891 2159 1271 2214 tibihonorem
1295 2154 1565 2210 tribuunt.
1582 2149 1701 2206 Non
1726 2150 1875 2205 enim
1902 2158 1953 2204 te
1971 2148 2107 2208 fuait

510 2258 632 2313 illos
665 2259 760 2329 qui
788 2257 1103 2313 Romanum
1135 2253 1428 2325 imperium
1461 2258 1681 2323 regunt,
1724 2249 1770 2303 si
1796 2246 1926 2319 quid
1952 2244 2020 2300 ad
2053 2251 2107 2299 ιο

509 2352 734 2423 gravius
758 2349 1108 2420 scripserint,
1139 2362 1247 2402 non
1277 2362 1307 2402 a
1338 2361 1397 2402 se
1420 2345 1556 2414 ipsis
1581 2349 1762 2397 motos
1787 2339 1978 2404 fuisse,
2011 2336 2106 2394 sed

509 2464 538 2499 ιι
586 2453 662 2508 te,
715 2443 810 2514 qui
854 2442 965 2497 illis
1015 2452 1211 2511 aspere
1293 2436 1613 2500 scribebas,
1670 2443 1724 2531 e‘t
1759 2433 1841 2489 sic
1895 2430 2106 2502 asperis

511 2536 731 2608 scriptis
763 2536 875 2590 tuis
907 2546 1037 2590 suas
1070 2531 1332 2603 epistolas
1356 2524 1779 2584 accommodare
1809 2524 1981 2580 fuiSse
2008 2538 2105 2580 co-

511 2637 666 2684 actos
700 2645 714 2683 :
752 2628 827 2682 ita
861 2636 922 2682 ut
966 2641 1159 2682 eorum
1217 2621 1492 2693 asperitas
1547 2634 1578 2676 e
1609 2619 1717 2675 tuis
1755 2617 2108 2674 contumeliis

513 2719 782 2790 eruperit.
862 2717 1269 2789 Imperatorutn
1330 2722 1515 2768 autem
1576 2712 1835 2779 animus,
1878 2711 2103 2766 sibimet

418 2824 421 2827 '
511 2822 798 2877 constans,
841 2818 893 2864 te
921 2807 1150 2864 fratrem
1178 2821 1244 2862 ac
1270 2805 1512 2860 amicum
1545 2804 1805 2875 appellat,
1840 2803 2109 2876 quidquid

511 2905 716 2959 amoris
744 2904 856 2958 veri
907 2918 973 2958 ac
1020 2901 1333 2956 dilectionis
1369 2899 1693 2967 observans,
1722 2907 1798 2966 et,
1836 2907 1896 2952 ut
1924 2900 2109 2954 omnia

512 2996 716 3061 dicam,
777 3006 830 3051 te
882 2994 1116 3065 benigne
1167 2992 1327 3064 quasi
1382 3003 1539 3062 pater
1596 2991 1768 3046 filium
1827 2991 2108 3062 amplecti-

512 3102 570 3150 ιιι
580 3102 625 3139 r.

2208 1890 2304 1942 καὶ
2343 1887 2512 1959 τιμὴν
2568 1887 2945 1957 ἀποσώζοντες
2970 1889 3036 1958 τῇ
3080 1885 3349 1957 βασιλείᾳ.
3378 1883 3536 1940 Οὕτω
3568 1884 3662 1937 καὶ
3698 1884 3794 1948 σὺ,

2209 1979 2400 2033 τέκνον
2425 1979 2606 2050 ἡμῶν,
2646 1978 2708 2031 τὸ
2740 1979 2954 2048 πρέπον
2980 1981 3047 2050 τῇ
3097 1980 3164 2050 σῇ
3203 1974 3654 2048 μεγαλοπρεπείᾳ
3688 1975 3802 2028 σώο

2211 2072 2340 2137 ζων.
2380 2071 2586 2141 ἀπέχου
2625 2071 2733 2124 τῶν
2780 2069 3030 2143 ὕϐρεων,
3078 2070 3208 2123 ὅταν
3253 2068 3507 2142 γράφῃς·
3556 2065 3805 2136 μάλιστά

2209 2182 2271 2234 γε
2307 2163 2398 2235 καὶ
2427 2164 2519 2218 τοῦ
2549 2164 2685 2236 πρὸς
2722 2160 2790 2217 σὲ.
2814 2160 3174 2233 στελλομένου
3209 2160 3490 2232 βασιλικοῦ
3526 2161 3803 2232 γράμμα-

2207 2274 2297 2321 τος
2337 2256 2505 2328 μηδὲν
2533 2254 2852 2327 ὑϐριστικὸν
2887 2254 3126 2325 ἔχοντος,
3175 2252 3293 2308 ἀλλ’
3327 2252 3591 2317 επιεικῶς
3624 2268 3801 2326 προσ-

2208 2348 2622 2419 διαλεγομένου,
2651 2349 2745 2403 καὶ
2768 2349 2869 2420 τὴν
2902 2348 3262 2418 ὀφειλομένην
3297 2365 3379 2401 σοι
3404 2345 3570 2418 τιμὴν
3596 2346 3803 2415 διαφυ-

2211 2437 2519 2504 λάττον-τος.
2578 2439 2691 2495 Καὶ
2731 2438 2842 2509 γάρ
2902 2435 3051 2502 οἶδας
3085 2438 3162 2503 ὡς
3211 2438 3265 2492 εῐ
3306 2453 3360 2490 τι
3389 2438 3482 2490 καὶ
3531 2434 3804 2499 πολλάκις

2211 2531 2348 2602 πρὸς
2370 2531 2429 2585 σὲ
2455 2533 2792 2604 τραχύτερον
2822 2532 2871 2585 oi
2902 2530 3001 2604 τὴν
3037 2531 3354 2603 Ῥωμαϊκὴν
3376 2529 3653 2601 βασιλείαν
3689 2528 3823 2583 διέο.

2211 2620 2410 2689 παντες
2442 2625 2539 2680 σὺν
2567 2625 2688 2697 Θεῷ
2734 2624 3006 2696 ἔγραψαν,
3029 2626 3090 2680 οὑ
3134 2626 3265 2697 παρ’
3291 2624 3501 2679 ἑαυτῶν
3525 2623 3607 2686 είς
3637 2620 3807 2677 τοῦτο

2212 2719 2561 2790 κεκίνηνται,
2611 2718 2748 2772 ἀλλά
2810 2716 2906 2771 σοῦ
2953 2717 3266 2788 γράψαντος
3310 2715 3346 2773 ἀ
3389 2717 3465 2789 μὴ
3514 2713 3807 2791 προσῆκον

2213 2809 2454 2882 ὑπῆρχε,
2481 2808 2576 2864 καὶ
2607 2811 2762 2864 αὑτοὶ
2805 2809 2944 2881 πρὸς
2973 2810 3036 2864 τὸ
3076 2810 3415 2882 τραχύτερον
3454 2807 3810 2864 διατυπῶσαι

2210 2902 2273 2955 τὺ
2299 2901 2540 2972 γράμμα
2569 2898 3006 2973 ὲξεϐιάσθησανο
3044 2900 3186 2954 ὥστε
3221 2902 3254 2973 ἠ
3288 2899 3389 2971 μὲν
3426 2900 3705 2972 τραχύτης
3736 2901 3811 2953 ὲκ

2213 2994 2325 3047 τῶν
2356 2994 2463 3048 σῶν
2490 2992 2702 3067 ὕϐρεων
2726 2995 2997 3066 λαμϐάνει
3028 2994 3128 3066 τὴν
3141 2995 3420 3067 ἀφορμήν.
3473 2993 3538 3048 Ἦ
3561 2993 3619 3055 δὲ
3643 2992 3811 3065 βασι-

2215 3086 2349 3156 λικὴ
2399 3086 2641 3151 διάθεσις
2689 3088 3034 3153 διασῶξουσα
3076 3087 3139 3141 τὸ
3195 3088 3421 3150 οἰκεῖον,
3468 3086 3700 3155 ἀδελφόν
3740 3102 3808 3140 σα

512 3179 768 3249 ὀνομάζει
827 3178 922 3232 καὶ
976 3178 1133 3247 φίλον
1166 3178 1551 3248 ἠγαπημένον,
1593 3176 1687 3231 καὶ
1715 3177 1817 3230 ὅσα
1862 3178 2101 3251 στοργῆς
2131 3182 2229 3234 καὶ
2260 3181 2481 3253 ἀγάπης
2539 3182 2690 3236 ἐστιν
2744 3181 3044 3254 ἀληθινῆςο
3093 3182 3187 3237 καὶ
3236 3182 3325 3237 ἵνα
3376 3182 3438 3237 τδ
3497 3183 3607 3237 πᾶν
3632 3181 3807 3252 εἴπω,

514 3270 928 3345 ἀγκαλιζομένη
967 3270 1311 3340 φιλοφρόνως
1351 3265 1441 3324 οἷα
1477 3270 1664 3340 πατὴρ
1708 3270 1910 3323 οἰκεῖον
1955 3270 2092 3325 υίὸν.

587 3366 710 3422 Tibi
768 3369 932 3438 igitur
980 3368 1122 3422 idem
1181 3367 1401 3421 animus
1458 3367 1805 3421 exhibendus
1865 3376 1972 3422 est.
2030 3365 2106 3420 De

2279 3367 2402 3438 Χρὴ
2432 3362 2527 3420 οὖν
2557 3367 2650 3420 καὶ
2685 3365 2745 3420 σὲ
2772 3367 2870 3435 τὴν
2895 3366 3346 3438 ὁμοίανδιάθεσιν
3364 3370 3807 3441 ἐπιδείκνυσθαι,

515 3463 659 3519 bello
691 3473 751 3517 ut
784 3461 919 3528 dixi,
953 3478 1078 3532 qua:
1110 3462 1353 3518 volueris
1381 3465 1600 3530 scribe;
1631 3462 1724 3516 sed
1754 3460 2110 3516 contumeliis

516 3558 753 3623 abstine,
792 3558 1159 3626 eumdemque
1212 3558 1475 3612 honorem
1525 3557 1578 3612 in
1627 3555 1877 3627 epistolis
1925 3570 2107 3621 serva,

516 3663 629 3715 quo
657 3660 708 3701 te
737 3647 961 3717 dignum
1003 3647 1073 3699 ah
1110 3646 1441 3715 imperatore
1481 3646 1843 3719 judicandum
1877 3656 2112 3715 praeten-

515 3741 621 3796 dis.
657 3739 781 3794 Haec
818 3740 939 3801 tibi.
979 3755 1013 3794 ο
1052 3740 1150 3806 fili,
1184 3741 1458 3805 scribens,
1493 3748 1686 3793 notum
1722 3738 1866 3793 facio
1898 3736 2018 3793 fore
2053 3745 2114 3792 ut

514 3848 640 3903 ego,
679 3833 840 3904 quasi
881 3843 1036 3903 pater
1079 3849 1205 3888 vere
1257 3848 1472 3900 amans,
1530 3841 1637 3888 tute
1689 3832 1876 3903 gloria:
1925 3832 2114 3902 tuique

517 3926 744 3982 honoris
781 3927 1084 3991 studiosus,
1119 3935 1299 3982 tacere
1328 3925 1624 3989 noluerim,
1659 3927 1705 3981 si
1763 3923 1894 3995 quid
1928 3922 2115 3994 gloriae

517 4029 626 4076 tua:
662 4021 1002 4074 contrarium
1046 4018 1550 4090 inconveniensque
1599 4016 1891 4073 audierim.
1949 4012 2112 4071 Omni

518 4124 713 4170 contra
754 4113 991 4180 ratione,
1030 4121 1299 4182 quantum
1333 4112 1387 4165 in
1442 4126 1528 4166 me
1571 4110 1697 4174 erit,
1734 4110 1933 4164 famam
1961 4109 2031 4165 de
2064 4118 2117 4165 te

520 4206 720 4260 bonam
756 4202 976 4257 firmare
1022 4203 1289 4258 conabor.
1335 4200 1480 4257 Deus
1540 4211 1722 4256 autem
1751 4200 1960 4271 gloriae,
1991 4200 2116 4255 vita:

521 4297 806 4369 [umentis
831 4305 1024 4351 auctor
1054 4310 1117 4349 ac
1162 4295 1359 4349 futurae
1388 4294 1758 4363 quodcunque
1792 4293 1858 4346 ad
1880 4293 2115 4347 dedecus

2214 3462 2309 3513 καὶ
2339 3459 2414 3523 ὡς
2448 3455 2605 3513 εἷπον
2637 3460 2705 3513 τὰ
2736 3460 2834 3532 μὲν
2864 3460 2999 3514 ἄλλα
3030 3460 3124 3515 τοῦ
3169 3463 3409 3534 πολέμου
3444 3466 3679 3536 γράφειν
3711 3460 3809 3519 οἶα.

2217 3549 2421 3621 βούλει,
2453 3550 2548 3614 τὰς
2573 3550 2628 3604 δὲ
2658 3550 2849 3622 ὕϐρεις
2878 3551 3125 3620 ἀφιέναι,
3150 3554 3247 3607 καὶ
3282 3556 3590 3625 προσάγειν
3614 3556 3808 3610 τοιαύ-

2214 3659 2318 3712 την
2352 3643 2523 3714 τιμὴν
2567 3644 2624 3695 ἐν
2684 3643 2764 3714 τῷ
2821 3642 2901 3715 σῷ
2927 3643 3241 3715 γράμματι,
3289 3647 3481 3712 ὁποίας
3522 3652 3613 3703 καὶ
3638 3650 3807 3715 αὐτὸς

2219 3736 2369 3807 παρά
2402 3736 2499 3789 τοῦ
2528 3734 2796 3807 βασιλέως
2826 3737 3152 3808 ἀξιούμενος
3189 3739 3581 3798 διαδείκνυσαι.
3614 3743 3810 3799 Ταῦτά

2217 3844 2299 3881 σοι
2356 3829 2578 3900 γράφω,
2617 3828 2809 3882 τέκνον
2866 3831 3021 3900 ἐμὸν,
3064 3832 3150 3885 ἴνα
3197 3834 3293 3886 καὶ
3331 3834 3422 3889 διὰ
3446 3834 3605 3889 τοῦτο
3630 3836 3805 3905 γνῷς,

2216 3921 2301 3974 ὅτι
2332 3919 2408 3985 ὠς
2438 3921 2624 3991 πατὴρ
2653 3921 2872 3993 ἀληθῶς
2901 3923 3095 3993 φιλῶν,
3135 3926 3231 3978 καὶ
3256 3928 3357 3998 τῆς
3389 3929 3488 3998 σῆς
3516 3927 3676 3999 δόξης
3707 3933 3812 3984 καὶ

2215 4012 2385 4084 τιμῆς
2437 4013 2760 4085 κηδόμενος,
2805 4017 2863 4070 ὲν
2928 4010 3013 4081 οἷς
3048 4033 3103 4071 τι
3154 4019 3412 4072 κατανοῶ
3452 4021 3518 4090 τῇ
3547 4023 3614 4091 σῇ
3676 4020 3812 4093 δόξῃ

2218 4106 2467 4176 ἀπρεπὲς
2498 4108 2590 4161 καὶ
2630 4108 2976 4179 ἀνάρμοστον
3006 4109 3069 4163 οὐ
3099 4109 3366 4182 βούλομαι
3398 4113 3633 4185 σιωπᾷν,
3668 4113 3810 4168 ἀλλὰ

2220 4199 2390 4252 παντὶ
2420 4199 2609 4269 τρόπῳ
2650 4201 2774 4254 ὅσον
2801 4200 2884 4262 είς
2925 4202 3068 4273 ἐμὴν
3099 4198 3235 4273 ἧκεν
3263 4202 3493 4275 δύναμιν
3526 4204 3812 4276 πειρῶμαι

2217 4292 2317 4363 τὴν
2363 4293 2640 4365 ὑμετέραν
2670 4297 2947 4366 ,συνιστᾷν
3008 4295 3281 4361 εὐδοξίαν.
3322 4296 3385 4350 Ὁ
3435 4298 3490 4354 δὲ
3522 4298 3654 4363 Θεὸς
3703 4301 3806 4368 τῆς

529 4388 674 4458 rapit
726 4389 1010 4457 impediat,
1063 4396 1118 4441 et
1180 4385 1479 4458 ignominia
1531 4385 1732 4440 alliciat
1785 4384 2114 4451 daemonem,

523 4486 617 4557 qui
647 4486 717 4539 ab
746 4484 962 4555 origine
990 4500 1165 4554 usque
1192 4484 1377 4538 adhuc
1422 4498 1533 4538 non
1570 4492 1751 4538 cessat
1791 4483 2113 4537 honoratam

2219 4386 2378 4456 δόξης
2420 4390 2448 4440 ὁ
2495 4388 2593 4458 τῆς
2651 4390 2938 4460 παρούσης
2998 4388 3095 4443 καὶ
3142 4390 3241 4462 τῆς
3290 4389 3596 4461 μελλούσης
3660 4391 3812 4461 ζωῆς

2221 4480 2480 4551 χορηγὸς,
2532 4481 2696 4545 αὐτὸς
2749 4483 2934 4535 πᾶσαν
2987 4482 3191 4555 πρᾶξιν
3232 4485 3334 4557 ὅσῃ
3395 4483 3535 4557 πρὸς
3588 4483 3810 4549 ἀδοξίαν

527 4577 623 4633 Dei
650 4586 958 4633 creaturam
1002 4577 1069 4632 ad
1099 4577 1456 4648 ignominiam
1493 4575 1726 4630 trahere.
1778 4574 1919 4642 Quin
1950 4576 2108 4628 etiam

2222 4575 2430 4642 ἀπάγει
2478 4574 2762 4645 ποιήσειεν
2822 4575 3106 4639 ἐκποδὼν,
3159 4576 3253 4630 καὶ
3305 4576 3666 4648 καταισχύνοι
3713 4578 3812 4631 τὶν

526 4669 790 4723 concedat
852 4669 996 4724 Deus
1038 4682 1142 4724 nos
1192 4682 1223 4722 e
1281 4676 1552 4738 praesente
1582 4666 1715 4731 vita,
1753 4681 1878 4721 cum
1926 4673 2108 4721 sancto

2224 4667 2463 4737 πονηρὸν
2513 4665 2768 4735 δαίμονα,
2822 4664 2882 4731 ὃς
2930 4666 2990 4732 ἐξ
3042 4667 3223 4740 ἀρχῆς
3256 4668 3546 4740 καὶμέχρι
3575 4667 3671 4723 τοῦ
3713 4667 3812 4721 νῦν

527 4762 676 4816 illius
726 4761 951 4817 decreto
1006 4761 1126 4816 dies
1186 4760 1442 4825 instabit,
1508 4759 1628 4815 sine
1695 4758 2108 4830 reprehensione

2222 4758 2613 4829 καταισχύνειν
2638 4760 2741 4812 οὐκ
2780 4760 3021 4814 ἐλλείπει
3071 4761 3533 4833 διαγωνιζόμενος
3573 4763 3634 4815 τὸ
3661 4778 3815 4815 reru-

529 4852 786 4922 migrare,
824 4862 1031 4908 etcum
1077 4853 1335 4908 erunibus
1379 4868 1519 4923 quos
1554 4851 1623 4906 ab
1668 4851 1973 4906 aeternitate
2002 4848 2108 4919 glo-

2223 4849 2430 4921 γμένον
2484 4849 2578 4903 τοῦ
2632 4850 2767 4903 Θεοῦ
2802 4851 3028 4922 πλάσμα
3051 4869 3065 4883 ο
3100 4852 3193 4907 καὶ
3231 4853 3349 4925 δοίη
3390 4853 3623 4920 εὐδόξως
3658 4854 3811 4923 ὑμᾶς

531 4945 710 5000 riftcat
734 4948 791 5000 in
817 4945 1218 5016 incorruptibili
1256 4943 1545 5016 splendore
1569 4944 1837 4999 habitare.

2225 4943 2322 4996 καὶ
2354 4941 2457 5012 τῆς
2488 4941 2774 5013 παρούσης
2805 4946 3140 5015 μεταστῆναι
3177 4942 3325 5015 ζωῆς
3350 4946 3443 4999 καὶ
3463 4945 3621 5013 δόξης
3643 4941 3810 4997 ὁπότε

533 5042 612 5110 τῷ
665 5042 807 5113 ἀγίῳ
861 5039 1032 5095 αὑτοῦ
1080 5041 1386 5114 βουλήματι
1434 5044 1713 5114 παραστῇ,
1753 5044 1849 5096 καὶ
1892 5042 1975 5106 είς
2021 5039 2123 5112 τὴν
2191 5040 2512 5111 ἀμάραντον
2552 5038 2714 5103 δόξαν
2779 5041 3207 5110 κατασκηνῶσαι
3253 5044 3351 5096 σὺν
3397 5042 3532 5096 πᾶσι
3562 5043 3676 5106 τοῖς
3707 5034 3812 5094 ἀπ’

533 5138 733 5202 αίῶνος
768 5139 861 5192 ὑπ’
889 5137 1055 5192 αὑτοῦ
1086 5136 1486 5210 δοξαζομένοις.
2290 5126 2299 5133 ’

1107 5278 1301 5335 XXVI.
1335 5280 1543 5337 Eidem.

607 5392 929 5462 Quanquam
972 5393 1298 5463 saepissime,
1330 5410 1364 5448 ο
1395 5394 1492 5459 fili,
1544 5396 1612 5451 de
1659 5395 1937 5451 communi
1981 5410 2117 5466 pace

539 5499 604 5540 ae
633 5485 810 5540 salute
855 5485 1097 5540 filiorum
1156 5486 1363 5541 Christi
1415 5487 1510 5542 Dei
1554 5488 1726 5543 nostri
1781 5489 2120 5559 scripserim,

541 5577 638 5632 filii
665 5578 810 5632 enim
848 5577 970 5647 eius
1002 5586 1133 5634 sunt
1158 5579 1393 5634 Romani
1431 5591 1484 5634 et
1512 5580 1759 5651 Bulgari,
1795 5582 1970 5651 pretio
1994 5596 2122 5637 sau-

2776 5271 2921 5341 Kq'.
2954 5272 3037 5339 Τῷ
3067 5273 3250 5339 αὐτῷ.

2298 5393 2359 5447 Εἰ
2399 5393 2498 5447 xai.
2547 5390 2872 5454 πλειστάκις
2925 5390 3165 5462 ἔγραψα,
3216 5391 3411 5445 τέκνον
3445 5394 3625 5464 ἡμῶν,
3663 5397 3811 5470 ὑπὲρ

2222 5485 2320 5554 τῆς
2352 5482 2542 5553 κοινῆς
2590 5485 2816 5554 εἰρήνης
2867 5482 2964 5535 καὶ
3003 5481 3281 5552 σωτηρίας
3312 5483 3420 5537 τῶν
3437 5486 3532 5540 τοῦ
3567 5489 3813 5561 Χριστοῦ

2223 5582 2320 5634 καὶ
2349 5578 2485 5634 Θεοῦ
2511 5580 2671 5651 ἡμῶν
2695 5579 2921 5644 τέκνων,
2957 5577 3125 5631 τέκνα
3157 5582 3265 5652 γὰρ
3293 5582 3505 5636 ἐκείνου
3545 5583 3812 5656 Ῥωμαῖοι

543 5669 725 5738 guinis
761 5684 793 5722 e
835 5668 1005 5725 latere
1046 5669 1205 5727 επηεί
1247 5673 1553 5744 redempti,
1613 5685 1841 5743 uterque
1886 5674 2121 5744 populus

543 5760 666 5830 ejus
700 5760 1001 5816 salvatioue
1034 5773 1424 5831 consecratus;
1469 5780 1784 5834 quanquam
1822 5765 2123 5833 saepissime

548 5850 618 5909 de
640 5850 921 5908 communi
945 5853 1233 5927 utriusque
1256 5855 1496 5915 nationis
1523 5855 1755 5912 utilitate
1784 5855 2121 5929 scripserim,

2223 5673 2321 5726 καὶ
2356 5673 2679 5743 Βούλγαροι,
2742 5673 2838 5725 και
2894 5670 2972 5743 τῷ
3010 5672 3179 5743 τιμίῳ
3204 5675 3320 5745 ,τῆς
3362 5676 3603 5749 πλευρᾶς
3640 5679 3811 5733 αὑτοῦ

2224 5764 2422 5834 αἵματι
2477 5763 2933 5836 ἐξηγορασμένοι,
2988 5764 3082 5817 καὶ
3126 5763 3256 5830 λαὸς
3300 5766 3452 5839 αὑτῷ
3492 5770 3812 5841 περιούσιος

2227 5856 2646 5929 ἀνατεθειμένοι
2665 5874 2678 5888 ·
2704 5856 2841 5912 ἀλλά
2869 5857 2979 5926 γὰρ
3030 5858 3079 5911 εί
3110 5858 3203 5912 καὶ
3228 5858 3550 5925 πλειστάκις
3588 5860 3811 5930 ἔγραψα
