4152 6424
319 387 426 454 169

1804 381 2218 445 EPISTOLIB.

3522 383 3625 449 170

316 498 456 569 περὶ
486 494 590 551 τοῦ
622 497 787 567 κοινῇ
831 491 1217 564 συμφέροντος
1258 492 1511 566 ἐκατέρῳ
1543 490 1714 560 γένει,
1739 493 1834 546 καὶ
1856 495 1936 555 εἰς

2040 506 2096 550 et
2141 509 2264 564 quae
2316 492 2514 562 scripsi
2569 506 2671 563 pro
2707 491 2878 546 nihilo
2931 490 3134 547 fuerim
3187 492 3391 558 habita,
3449 511 3628 566 neque

322 590 481 646 οὐδὲν
544 585 812 657 ἐλογίσθη
868 585 946 639 τά
995 586 1130 657 παρ’
1186 584 1345 655 ἡμῶν
1388 584 1783 654 γεγραμμένα,
1830 585 1933 637 οὐκ

324 684 652 755 ἀφίσταμαι
685 680 782 735 τοῦ
809 679 1077 750 γράφειν,
1115 678 1225 733 οὐδ’
1266 678 1658 748 ἀποστήσομαι
1707 679 1768 731 τδ
1805 678 1933 747 ἐμοὶ

327 772 832 846 κεχρεωστημένον
858 770 1112 842 πληρῶν,
1141 770 1236 825 καὶ
1263 769 1386 823 ὅσον
1426 769 1554 839 ἐμοὶ
1580 770 1806 823 δυνατὸν
1834 768 1934 838 τῆς

242 856 257 873 ’
331 865 578 938 ἀπειλῆς
603 866 826 933 ἐκείνης
843 862 952 928 ἔξω
979 860 1253 917 καθιστῶν
1279 861 1520 932 ἐμαυτὸν
1546 862 1646 933 τῆς
1673 860 1931 914 ἀπειλού-

330 978 440 1032 σης
464 958 549 1029 τῷ
586 959 817 1012 σκοπεῖν
851 954 1202 1026 τεταγμένῳ,
1239 955 1372 1008 ὅταν
1396 953 1471 1025 μὴ
1501 955 1600 1024 τὴν
1627 952 1935 1025 ἐπερχομέ-

327 1072 438 1125 νην
455 1053 743 1124 ῥομφαίαν
773 1048 1080 1118 ἀναγγείλῃ
1096 1047 1238 1102 κατά
1254 1047 1350 1101 τοῦ
1377 1046 1584 1116 ταύτην
1614 1046 1930 1115 δεχομένου,

334 1146 398 1212 ἑξ
425 1142 600 1199 αὐτοῦ
633 1142 699 1196 τὸ
742 1136 887 1212 αἷμα
940 1140 1226 1213 ζητεῖσθαι
1254 1140 1351 1194 τοῦ
1384 1140 1473 1194 διὰ
1507 1140 1609 1208 τῆς
1654 1140 1932 1210 ῥομφαίας

338 1237 708 1303 ἀπολωλότος.
743 1227 918 1296 οὗτος
962 1235 992 1288 ό
1020 1232 1185 1304 φόϐος
1218 1232 1317 1287 καὶ⁵
1372 1232 1641 1303 πρότερον
1689 1231 1783 1283 καὶ
1836 1228 1934 1282 νῦν

322 1332 512 1395 ποιεῖ,
532 1328 726 1382 τέκνον
753 1344 858 1400 μου
891 1326 1278 1397 ἠγαπημένον,
1316 1324 1392 1396 μὴ
1424 1326 1639 1393 σιωπᾷν
1664 1339 1677 1354 ·
1710 1323 1841 1396 ,ἃμα
1874 1321 1933 1375 δὲ

336 1424 437 1477 καί
465 1420 732 1492 λογισμός
780 1436 866 1482 τις
908 1419 1004 1472 ἐπὶ
1038 1416 1131 1471 τοῦ
1156 1416 1427 1488 παρόντος
1461 1414 1680 1485 εἰσῆλθέ
1725 1431 1820 1484 με,
1849 1414 1932 1467 ὅτι

337 1517 390 1570 εί
448 1518 552 1570 καί¹
608 1516 686 1586 μὴ
736 1512 1029 1584 πρότερον,
1071 1511 1211 1566 ἀλλά
1252 1527 1316 1580 γε
1347 1509 1443 1564 νῦν
1478 1508 1607 1580 ήσὴ
1632 1507 1774 1579 καλὴ
1837 1507 1934 1561 καὶ

338 1609 560 1680 ἥμερος
590 1606 761 1678 ψυχὴ,
809 1605 914 1659 ὅσα
969 1603 1082 1672 ἐγὼ
1116 1602 1215 1674 τὴν
1249 1603 1350 1674 σὴν
1394 1601 1560 1673 φύσιν
1602 1601 1803 1671 ἐνόησα
1831 1600 1932 1669 τὴν

341 1700 546 1770 ὀλίγην
577 1699 785 1769 εκείνην
809 1695 962 1769 ὥραν
989 1697 1048 1749 ὲν
1078 1689 1114 1770 ᾖ
1150 1694 1420 1767 ένωθῆναι
1460 1693 1696 1765 ὑπῆρξε,
1718 1692 1932 1759 δέξεται

355 1793 574 1862 πατρὸς
596 1790 686 1843 τὸν
707 1791 812 1843 υἱον
836 1788 1168 1857 ἀγαπῶντος
1218 1788 1565 1859 παραίνεσιν,
1603 1786 1701 1841 κα)⁸
1745 1786 1933 1839 σϐέσει

358 1885 427 1937 εδ
461 1883 578 1955 πῦρ
609 1881 702 1936 καὶ
744 1882 834 1952 τὴν
863 1881 1042 1951 φλόγα
1073 1878 1170 1951 τὴν
1217 1879 1358 1943 τέως
1390 1878 1658 1933 ἀνάπτειν
1692 1878 1933 1948 φιλονει-

356 1976 573 2031 κοῦσαν
618 1979 704 2030 καὶ
745 1975 1246 2047 διαλυμαινομένην
1290 1972 1604 2042 Ῥωμαίους
1644 1972 1741 2026 καὶ
1765 1971 1931 2025 Βουλ-

291 2113 301 2119 .
342 2071 579 2140 ripa-ti;
639 2069 807 2124 Πάλιν
856 2068 953 2124 οὖν
1000 2066 1258 2132 δυσωπῶ,
1329 2063 1494 2118 πάλιν
1523 2057 1619 2117 οῦν
1654 2061 1933 2133 παραινῶ,

331 2161 511 2216 πάλιν
546 2162 746 2233 αἵματι
787 2160 1013 2232 δακρύω
1055 2162 1127 2212 τά
1168 2156 1415 2228 παρόντα
1456 2153 1767 2226 γράμματα
1807 2154 1934 2207 ὲπι-

329 2256 607 2310 στέλλων.
646 2255 760 2309 Καὶ
796 2256 908 2326 γὰρ
946 2254 996 2307 εί
1024 2252 1290 2324 δάκρυσιν
1333 2247 1459 2304 ἀντὶ
1510 2245 1742 2319 μέλανος
1776 2247 1941 2300 δυναο

330 2346 425 2402 τὸν
459 2349 687 2419 ὑπῆρχε
738 2347 954 2418 γράψαι
992 2346 1063 2400 τὰ
1115 2345 1450 2418 γράμματα,
1488 2341 1700 2396 ἐθεάσω
1736 2339 1804 2394 ἂν
1832 2340 1935 2410 τὴν

332 2442 442 2494 τῶν
473 2442 633 2511 ἱμῶν
664 2438 923 2511 δακρύων
959 2431 1125 2507 φύσιν
1155 2436 1233 2501 ῶς
1271 2435 1333 2488 ού
1375 2434 1533 2505 παρὰ
1585 2432 1722 2487 πολὺ
1762 2432 1934 2503 αἵμα-

334 2552 426 2594 τος
463 2532 791 2588 ἀποδέουσι.
820 2532 929 2584 Καὶ
953 2530 1071 2592 πῶς
1109 2529 1219 2599 γὰρ
1263 2526 1326 2581 οὐ
1366 2526 1549 2598 μέλλω
1590 2523 1819 2579 τοιαῦτα
1845 2522 1939 2577 δά⁴

336 2644 484 2697 κρυα
545 2626 763 2696 φέρειν,
796 2625 928 2678 ὅταν
983 2624 1077 2676 ἐπὶ
1114 2620 1242 2676 νοῦν
1270 2617 1644 2689 ἀνανήψωμαι
1677 2618 1746 2671 τὰ
1779 2615 1930 2685 πάθη

336 2722 434 2773 καὶ
466 2720 572 2783 τάς
633 2718 950 2792 συμφοράς,
1008 2716 1109 2786 τὴν
1160 2715 1262 2769 οὐκ
1301 2714 1534 2785 ἔχουσαν
1583 2710 1939 2780 παράδειγμα

333 2814 446 2867 τῶν
478 2813 679 2867 κακῶν
707 2811 1042 2883 τραγῳδίαν,
1087 2808 1153 2880 ἣν
1187 2806 1600 2878 ἐφιλονείκησεν
1637 2805 1667 2857 δ
1692 2804 1942 2866 Σατανᾶς

2040 587 2305 653 scribere,
2337 587 2549 642 scilicet
2577 584 2762 640 debito
2795 583 2948 655 fungi
2983 600 3210 642 munere
3244 588 3507 656 cessabo;
3551 601 3628 657 et,

2039 688 2307 748 quantum
2340 678 2394 733 in
2428 695 2517 734 me
2563 678 2690 743 erit,
2728 679 3227 734 comminationem.
3252 679 3507 752 ell'ugiam
3542 682 3621 736 illi

2038 774 2133 842 qui
2165 770 2423 842 vigilandi
2453 770 2616 824 habet
2636 769 2873 824 cilicium
2931 770 3165 834 illatam.
3191 772 3401 827 scilicet
3428 776 3630 844 ipsum,

2038 881 2164 922 cum
2224 865 2466 938 gladium
2511 881 2543 921 ο
2585 881 2751 919 manu
2806 865 3043 921 tenentis
3095 877 3471 936 erumpentem
3527 885 3635 924 non
3730 886 3733 891 ί

2038 957 2388 1022 indicaverit,
2423 956 2709 1027 sanguinis
2760 956 3004 1013 hominis
3039 958 3135 1028 qui
3191 959 3417 1029 perierit
3464 962 3635 1017 ratio-

2038 1066 2166 1105 nem
2205 1050 2571 1106 redditurum.
2608 1048 2767 1117 Quod
2803 1059 3060 1105 metuens
3100 1051 3338 1120 primum
3377 1037 3630 1119 clamavi,

2037 1157 2071 1196 0
2106 1142 2177 1195 lili
2232 1142 2464 1206 dilecte,
2508 1149 2565 1195 et
2609 1155 2756 1196 nunc
2795 1141 3006 1207 clamo;
3062 1140 3344 1213 simulque
3381 1144 3496 1201 haec
3545 1163 3635 1201 me

2036 1230 2405 1287 consideratio
2451 1230 2674 1297 invasit,
2742 1241 2981 1287 mentem
3042 1240 3190 1287 tuam
3243 1235 3532 1290 honestam
3578 1249 3637 1292 et

2037 1334 2405 1390 mansuetam,
2439 1334 2501 1378 ut
2529 1324 2651 1394 ejus
2683 1333 2938 1385 naturam
2980 1341 3077 1394 per
3108 1326 3370 1396 exiguum
3416 1337 3636 1399 tempus

2036 1430 2147 1486 quo
2182 1425 2361 1470 tecum
2393 1416 2623 1487 contigit
2670 1417 2879 1471 versari
2931 1419 3197 1488 cognovi,
3249 1402 3592 1477 hortationes
3616 1459 3633 1484 .

2035 1508 2139 1563 etsi
2167 1508 2323 1579 prius
2349 1523 2458 1563 non
2499 1510 2795 1580 acceperit,
2842 1510 3014 1579 patris
3045 1510 3215 1565 lilium
3243 1512 3520 1582 diligentis
3541 1530 3635 1568 ac-

2035 1613 2321 1670 cepturam
2349 1616 2495 1667 esse,
2528 1603 2826 1671 ignemque
2858 1602 3272 1669 restinctnram,
3317 1605 3412 1674 qui
3444 1606 3638 1660 Roma-

2038 1708 2142 1748 nos
2176 1708 2241 1748 ac
2292 1693 2562 1763 Bnlgaros
2618 1693 2820 1747 misere
2869 1695 3207 1765 aggreditur.
3256 1698 3457 1752 lterum
3500 1707 3636 1769 sup-

2038 1784 2181 1854 plico
2201 1825 2217 1850 ,
2246 1784 2446 1841 iterum
2500 1787 2710 1852 hortor,
2765 1789 2965 1844 iterum
2994 1790 3326 1863 sanguineas
3361 1792 3635 1863 lacrynias

2034 1876 2283 1943 eﬂundo,
2319 1887 2624 1948 prazsentes
2655 1882 2868 1936 litteras
2898 1883 3146 1938 mittens.
3178 1879 3236 1937 Si
3268 1884 3415 1938 enim
3452 1886 3634 1957 lacry-

2033 1964 2142 2020 mis
2200 1964 2322 2021 loco
2376 1968 2666 2023 atramenti
2707 1969 3001 2026 scribendo
3052 1972 3130 2026 uti
3195 1988 3450 2043 possem,
3485 1978 3637 2032 vide-

2035 2072 2123 2113 res
2154 2057 2424 2128 lacrymas
2462 2044 2782 2116 measltaud
2830 2064 3063 2119 multum
3099 2067 3393 2122 atramenti
3437 2080 3634 2124 natura

2037 2148 2360 2205 dissimiles.
2399 2149 2465 2205 Et
2498 2153 2778 2221 quomodo
2810 2154 2946 2210 tales
2997 2155 3274 2228 laerymas
3312 2173 3422 2212 non
3459 2160 3638 2216 emin-

2038 2242 2187 2308 dam,
2223 2258 2348 2297 cum
2386 2241 2442 2297 in
2474 2251 2712 2299 mentem
2758 2260 2960 2302 revoco
3015 2247 3326 2306 horrendos
3367 2259 3631 2317 eventus,

2033 2332 2196 2389 istam
2233 2334 2393 2406 cujus
2424 2351 2536 2391 non
2566 2338 2876 2409 exemplum
2905 2349 2991 2396 est
3019 2340 3398 2400 calamitosam
3429 2353 3637 2415 tragoe-

2035 2428 2208 2496 diam,
2241 2444 2406 2498 quam
2458 2430 2697 2487 Satanas
2729 2432 3043 2491 Christiano
3094 2437 3383 2508 sanguine,
3433 2450 3490 2493 et
3529 2453 3636 2494 cat-

2035 2519 2222 2587 dibus,
2257 2531 2312 2576 ct
2339 2531 2490 2577 tanta
2526 2523 2923 2596 episcopalium
2961 2527 3403 2597 domiciliorum,
3437 2546 3635 2586 mona-

2037 2613 2352 2679 steriorum,
2406 2615 2874 2690 privatarumque
2905 2619 3196 2675 domorum
3260 2623 3636 2681 destructione

2038 2710 2095 2761 in
2118 2705 2285 2761 vitam
2324 2706 2673 2764 introducere
2707 2721 2939 2768 conatus
2967 2721 3074 2780 est,
3098 2715 3308 2770 tristem
3339 2717 3418 2773 sic
3440 2715 3636 2773 futura

2040 2799 2381 2869 generationi
2416 2815 2614 2868 parans
2653 2802 2936 2858 historiam
2956 2804 2981 2856 ἲ
3008 2788 3011 2789 ν

335 2906 395 2971 ἐξ
432 2905 694 2973 αἱμάτων
723 2898 1555 2975 χριπιανικῶν.καγσφαγῶν,
1610 2896 1708 2950 καὶ
1759 2893 1990 2964 ὀλέθρου
2033 2890 2295 2944 τοσούτου
2357 2886 2758 2958 ἒπισκοπείων,
2831 2896 3251 2967 μοναστηρίων,
3342 2898 3634 2954 ἰδιωτικῶν

336 2998 528 3065 οῖκων,
563 2999 645 3062 είς
706 2998 799 3051 τὸν
853 2997 968 3068 βίον
1014 2996 1354 3064 εἰσαγαγεῖν,
1387 2989 1592 3061 καὶτῷ
1636 2990 1942 3061 μετέπειτα
1975 2985 2122 3054 γένει
2158 2983 2261 3054 τὴν
2300 2984 2560 3055 τοιαύτην
2632 2987 3001 3059 παραπέμπει
3054 2990 3347 3062 aut.me

408 3172 513 3224 Διά
583 3169 767 3236 τοῦτο,
833 3169 918 3224 υἱέ
984 3186 1085 3239 μου
1139 3168 1494 3240 ἠγαπημὲνε,
1540 3166 1576 3222 ἀ
1618 3166 1758 3236 πρὸς
1809 3156 1937 3227 τοὺς

2117 3165 2311 3238 Itaque
2336 3205 2351 3233 ,
2388 3169 2462 3223 lili
2492 3171 2712 3237 dilecte,
2741 3188 2863 3241 quae
2894 3189 3016 3226 eum
3074 3175 3500 3244 imperatoribus
3539 3192 3637 3230 no-

340 3250 662 3326 θεοστεφεῖς
693 3255 851 3328 ήμῶν
883 3257 1123 3328 βασιλεῖς
1179 3257 1403 3328 γλώσσῃ
1454 3256 1937 3327 προσφθέγγομαι,

338 3349 519 3405 ταῦτα
541 3351 640 3404 καὶ
659 3350 751 3404 col.
771 3347 849 3421 τῷ
876 3350 1169 3422 γράμματι
1195 3347 1543 3419 διαλέγομαι.
1561 3347 1937 3417 Ἀποόλέψατι

340 3443 483 3514 πρὸς
507 3442 575 3496 τὸ
596 3443 698 3512 τῆς
735 3442 966 3513 εἰρήνης
1009 3441 1239 3511 ἀγαθὸν,
1269 3439 1622 3510 ἀποϐλέψατε
1667 3439 1809 3510 πρὸς
1840 3438 1940 3509 τὴν

336 3550 455 3586 των
493 3533 765 3603 ὑπηκόων
799 3532 1104 3601 σωτηρίαν,
1141 3533 1218 3603 μὴ
1244 3531 1571 3602 ἑπιμείνητε
1605 3532 1672 3601 τῇ
1700 3529 1939 3601 κακίστη

341 3624 681 3697 φιλονεικίᾳ,
743 3624 881 3696 μηδὲ
934 3624 1318 3695 προτιμήσητε
1362 3623 1462 3687 τὰς
1496 3624 1714 3692 σφαγὰς
1747 3622 1843 3675 καὶ
1871 3622 1940 3676 τὰ

340 3719 584 3788 αἵματα,
613 3719 717 3781 τὰς
778 3717 1032 3788 χηρείας,
1061 3717 1158 3781 τὰς
1198 3715 1489 3781 ἀπαιδείας
1510 3732 1526 3747 ο
1552 3714 1939 3786 ἀναμνήσθητε

337 3810 457 3861 τῶν
512 3809 701 3862 καλῶν
756 3809 1102 3879 πραγμάτων
1154 3809 1251 3862 καὶ
1297 3809 1553 3879 ἡδίστων,
1602 3809 1704 3862 ὃσα
1741 3810 1805 3862 ὲκ
1838 3809 1940 3880 τῆς

338 3903 578 3973 εἰρήνης
639 3901 942 3971 Ῥωμαίοις
1017 3901 1110 3954 καὶ
1170 3899 1504 3972 Βουλγάροις
1570 3901 1935 3971 περιεγίνετο.

351 3993 503 4048 Ἀλλ’
532 3993 589 4047 οί
631 3993 732 4062 μὲν
763 3993 871 4046 τῶν
913 3992 1204 4063 Ῥωμαίων
1240 3991 1478 4061 βασιλεῖς
1520 4009 1687 4062 φασιν
1728 3994 1937 4063 ἕτοιμοι

341 4087 680 4158 πειθαρχεῖν
710 4088 777 4157 τῇ
807 4086 1157 4156 παραινέσει,
1193 4086 1290 4139 καὶ
1328 4086 1578 4155 δέχονται
1625 4087 1724 4154 τὴν
1760 4086 1939 4157 παρά-

340 4181 569 4250 κλησιν,
604 4177 702 4231 καὶ
753 4178 815 4229 οὐ
866 4176 1305 4247 μνησικακοῦσιν
1335 4176 1445 4229 οὐδ’
1478 4174 1804 4246 ἐπιζητοῦσι
1847 4178 1938 4229 τὸν

340 4271 591 4341 πόλεμον
618 4269 723 4332 ἔτι,
754 4268 859 4322 κάν
889 4268 1040 4322 δεινά
1066 4269 1219 4341 παρά
1249 4267 1578 4339 Βουλγάρων
1609 4267 1936 4331 πεπόνθασι,

339 4360 451 4414 κᾶν
478 4358 683 4412 ἐλπίδα
716 4358 978 4428 φέρουσιν
1004 4358 1065 4422 ἐξ
1097 4353 1173 4411 ὧν
1197 4358 1401 4422 ἀδίκως
1458 4356 1777 4428 ὑπέστησαν
1807 4356 1938 4427 παρ’

342 4453 527 4522 ὑμῶν,
556 4451 653 4505 καὶ
682 4449 743 4515 ἐξ
783 4444 857 4504 ὧν
901 4450 1079 4504 ίκανοὶ
1125 4450 1361 4522 μάλιστα
1407 4453 1547 4522 μετά
1594 4451 1693 4521 τῆς
1728 4450 1937 4505 ἄνωθεν

343 4544 729 4615 δικαιοσύνης,
774 4543 1176 4598 ἀνακαλεῖσθαι
1221 4546 1322 4615 τὴν
1376 4546 1590 4600 ἑαυτῶν
1641 4546 1716 4609 ὡς
1782 4548 1939 4616 ὑμεῖς

347 4637 606 4706 νομίζετε
668 4636 937 4691 κάκωσιν.
985 4637 1053 4688 Σὲ
1087 4636 1145 4689 δὲ
1190 4636 1328 4708 πρὸς
1374 4638 1474 4706 τὴν
1517 4637 1712 4707 ὁμοίαν
1765 4654 1937 4690 καταο

358 4731 546 4798 στῆναι
585 4726 816 4799 γνώμην
842 4728 1102 4791 δυσωπῶ,
1129 4732 1224 4783 καὶ
1262 4728 1556 4783 ἀναλαϐεῖν
1583 4731 1770 4800 ὅμοιον
1807 4730 1942 4801 φρό-

356 4836 538 4889 νημα,
599 4820 700 4873 καὶ
762 4819 1101 4890 ἀρκεσθῆναι
1174 4821 1290 4884 τοῖς
1352 4822 1595 4889 φθάσασι
1657 4822 1937 4892 χαλεποῖς.

362 4911 572 4975 Ἱκανὸς
613 4911 725 4980 γὰρ
762 4912 791 4963 ό
821 4909 1219 4980 παρεληλυθὼς
1266 4911 1478 4980 χρόνος,
1512 4912 1717 4981 μᾶλλον
1758 4911 1815 4963 δὲ
1848 4911 1942 4964 καὶ

344 5005 495 5074 πέρα
524 4999 624 5057 τοῦ
660 5001 851 5056 ἱκανοῦ
880 5002 1154 5066 τοσαύτας
1192 5003 1612 5073 δημιουργήσας
1654 5003 1942 5074 συμφορὰς

343 5098 755 5167 ἀνεπιλήστους
816 5094 1023 5165 μεταξὺ
1087 5095 1382 5163 Ῥωμαίων
1433 5097 1529 5148 καὶ
1588 5094 1940 5164 Βουλγάρων.

358 5190 771 5261 Ἐνθυμήθητι,
799 5191 990 5242 τέκνον
1028 5206 1153 5260 μου,
1181 5189 1294 5241 τῶν
1327 5188 1667 5258 Ἐκκλησιῶν
1690 5187 1785 5241 τοῦ
1802 5185 1941 5241 Θεοῦ

346 5286 453 5355 τὴν
509 5282 832 5347 ἀπώλειαν,
869 5282 991 5335 δσαι
1040 5282 1121 5344 είς
1174 5280 1330 5345 τάξιν
1375 5281 1769 5347 ὲπισκοπείων,
1819 5281 1942 5334 ὅσαι

349 5374 765 5446 μοναστηρίων,
820 5374 914 5426 τὸν
971 5373 1138 5442 φόνον
1192 5373 1303 5426 τῶν
1340 5373 1554 5443 ἱερέων,
1588 5373 1689 5442 τὴν
1733 5370 1943 5443 φθορὰν

343 5467 460 5520 τῶν
489 5463 805 5534 παρθένων,
818 5461 928 5515 τῶν
958 5461 1302 5532 μοναζόντων
1318 5460 1418 5531 τὴν
1443 5458 1626 5532 ὓϐριν.
1648 5458 1741 5531 Μὴ
1769 5459 1942 5514 ταῦτα

346 5559 672 5628 παρόψεται
703 5557 732 5609 ό
754 5554 918 5622 Θεός;
959 5554 1091 5626 Οὐχὶ
1145 5554 1245 5625 τὴν
1277 5552 1667 5625 μακροθυμίαν
1711 5553 1780 5624 ἣν
1811 5555 1944 5630 έπε-

346 5654 566 5720 δείξατο
639 5652 808 5722 μέχρι
882 5648 980 5702 τοῦ
1036 5648 1309 5718 παρόντος
1368 5647 1447 5711 ὡς
1533 5645 1940 5717 φιλάνθρωπος,

349 5745 428 5808 ὡς
476 5744 807 5808 ἀνεξίκακος
873 5739 978 5810 τὴν
1036 5740 1376 5810 ἐπιστροφὴν
1439 5739 1752 5808 ἀναμένων,
1807 5739 1945 5809 πρὸς

352 5839 519 5910 ὀργὴν
562 5833 977 5905 Ξκκαύσῃςκαὶ
1034 5831 1136 5902 τὴν
1176 5831 1462 5903 ἐκδίκησιν
1519 5831 1619 5902 τῆς
1670 5830 1945 5904 τοσαύτης

716 5936 994 5997 PATROL.
1038 5931 1158 5993 Gtt.
1200 5929 1364 5994 CXI.

2044 3256 2177 3328 stris
2207 3274 2238 3314 a
2281 3259 2391 3316 Deo
2423 3263 2702 3318 comitatis
2728 3263 2961 3335 loquens
2992 3259 3237 3343 profero,
3265 3269 3454 3323 eadem
3486 3286 3634 3324 nunc

2043 3356 2228 3403 tecum
2265 3350 2538 3421 epistolis.
2587 3354 2863 3425 Respicite
2891 3355 2959 3411 ad
2991 3357 3145 3426 pacis
3195 3356 3428 3425 bonum,
3463 3356 3638 3429 respi-

2043 3439 2154 3495 cite
2184 3439 2250 3495 ad
2283 3441 2631 3498 subditorum:
2674 3445 2931 3513 salutent,
2969 3459 3148 3518 ttt'quc
3176 3450 3376 3514 caedes,
3407 3446 3636 3519 sangui—

2042 3546 2192 3596 nem,
2241 3532 2557 3600 viduitates,
2602 3537 2982 3608 orbitatesque
3026 3541 3404 3610 anteponatis.
3451 3540 3637 3597 Hone-

2042 3632 2255 3678 starum
2296 3634 2692 3695 gratarumque
2749 3644 2933 3683 rerum
2976 3640 3333 3696 mementote,
3400 3648 3522 3701 quae
3566 3649 3634 3688 οι

2042 3728 2179 3784 pace
2209 3713 2476 3771 Rornanis
2505 3732 2570 3771 ac
2590 3712 2841 3787 Bulgaris
2862 3720 3166 3789 contigere.
3197 3714 3427 3778 Romani
3466 3729 3637 3795 proli-

2044 3812 2228 3861 tentur
2248 3803 2613 3877 imperatores
2631 3825 2691 3865 se
2711 3809 3117 3867 bortationibus
3140 3814 3632 3885 obtemperaturos,

2041 3901 2206 3954 verba
2236 3910 2426 3954 nostra
2459 3913 2810 3979 accepturos,
2843 3899 3078 3974 injurias
3110 3902 3397 3973 oblituros,
3455 3926 3634 3981 neque

2041 3988 2244 4045 bellum
2278 3988 2487 4047 diutius
2517 3995 2876 4062 quaesituros,
2919 4014 3235 4069 quanquam
3269 4018 3299 4056 a
3328 4003 3483 4059 vobis
3511 4021 3636 4075 gra-

2041 4083 2129 4138 via
2159 4085 2305 4154 passi
2349 4085 2482 4150 sint,
2536 4101 2802 4158 spemque
2841 4090 3081 4146 habeant
3135 4108 3195 4148 sc
3239 4110 3305 4148 ex
3346 4096 3415 4150 iis
3445 4098 3633 4164 rebus,

2041 4192 2179 4246 quas
2211 4192 2240 4231 a
2266 4180 2422 4233 vobis
2469 4178 2671 4248 injuste
2695 4193 2822 4237 sunt
2845 4185 3076 4254 experti,
3104 4184 3486 4254 sullicientem,
3517 4206 3634 4246 c03-

2044 4267 2163 4323 lesti
2201 4268 2477 4340 imprimis
2522 4270 2738 4342 justitia
2777 4277 3099 4347 adiuvante,
3142 4296 3236 4347 per
3269 4282 3417 4336 illaut
3455 4284 3631 4354 ipsam

2042 4376 2207 4431 quam
2270 4378 2493 4432 pravam
2554 4367 2886 4425 existimatis
2945 4375 3280 4441 potentiam,
3335 4377 3635 4432 vindictam

2044 4463 2387 4524 sumpturos.
2419 4452 2495 4512 Te
2519 4467 2700 4513 autem
2730 4463 2979 4531 supplico
3001 4476 3058 4521 ut
3080 4468 3271 4523 eadem
3293 4481 3473 4524 mente
3498 4482 3634 4535 stes,
3665 4483 3675 4491 '

1977 4551 2018 4603 υ
2049 4546 2298 4601 eamdem
2337 4547 2534 4604 induas
2578 4553 2957 4620 prudentiam,
3011 4560 3396 4628 praeteritaque
3437 4564 3634 4617 damna

2048 4639 2186 4694 satis
2217 4638 2442 4696 habeas.
2476 4641 2625 4698 Satis
2655 4644 2799 4699 enim
2833 4634 2888 4701 ἐι
2932 4647 3054 4716 plus
3078 4666 3242 4718 quam
3283 4653 3419 4708 satis
3445 4665 3637 4723 praete-

2050 4733 2216 4784 ritum
2279 4741 2496 4804 tempus
2536 4746 2644 4801 cst,
2695 4754 2806 4808 quo
2857 4749 2934 4795 tot
2996 4741 3098 4796 ista
3152 4753 3280 4797 sunt
3318 4745 3634 4802 discimina

2050 4819 2329 4880 Romanos
2366 4827 2510 4881 inter
2558 4836 2612 4883 et
2644 4828 2928 4901 Bulgaros,
2965 4849 3089 4902 qua:
3125 4851 3288 4891 nemo
3318 4853 3450 4893 sane
3488 4840 3636 4894 roblio

2050 4914 2310 4971 viscetur.
2346 4911 2582 4988 Reputa,
2616 4936 2649 4972 ο
2695 4922 2769 4975 lili
2802 4922 3172 4981 Ecclesiarum
3213 4927 3328 4995 Dei,
3360 4946 3482 4985 cum
3516 4934 3637 4999 epi-

2050 5006 2373 5075 scopalium,
2393 5019 2505 5063 tum
2522 5014 2985 5069 monasterialiuni
2999 5019 3369 5085 eversionem,
3384 5023 3637 5078 sacerdo-

2054 5111 2167 5155 tum
2198 5101 2396 5170 ctedes,
2432 5100 2711 5174 virginum
2764 5110 3162 5176 stuprationes,
3193 5112 3486 5186 illatasque
3520 5132 3639 5172 mo.-

2050 5189 2242 5247 nachis
2304 5191 2559 5262 injurias.
2627 5190 2770 5252 Nunt
2843 5198 2990 5255 Deus
3064 5202 3167 5257 ista
3223 5207 3636 5276 praeterinittet?

2049 5280 2263 5349 Nonne,
2298 5300 2462 5356 quam
2499 5287 2772 5360 benignus
2814 5293 3176 5364 patiensque,
3218 5302 3631 5354 conversionem
3685 5300 3694 5349 ι

2049 5376 2459 5446 exspectando,
2507 5380 2788 5449 ostendit,
2846 5383 3313 5455 longanimitatem
3375 5389 3430 5443 in
3494 5388 3633 5444 iram
3705 5364 3742 5384 κ’

2050 5467 2346 5524 accendet?
2389 5467 2581 5525 Nonne
2615 5472 2876 5529 ultionem
2911 5485 3020 5532 tam
3056 5491 3407 5535 cruentarum
3439 5491 3633 5534 conta-

2050 5561 2413 5618 minationum
2446 5567 2842 5634 persequetur?
2880 5569 3017 5635 Quis
3066 5571 3133 5626 de
3184 5572 3305 5640 istis
3346 5585 3454 5626 non
3495 5586 3633 5626 con-

2052 5651 2275 5718 sentiat,
2294 5652 2592 5708 dummodo
2611 5654 2685 5709 illi
2711 5659 2876 5713 salvaa
2896 5661 3009 5715 sint
3032 5661 3168 5714 ratio
3193 5670 3247 5713 et
3266 5662 3635 5719 conscientia?

2051 5742 2192 5798 Audi
2249 5758 2358 5809 me,
2400 5759 2434 5798 0
2486 5741 2581 5799 Dei
2640 5761 2920 5815 creatura,
2962 5752 3088 5805 audi
3144 5752 3386 5817 Patrem,
3442 5756 3536 5824 qui
3580 5768 3632 5811 te

2053 5843 2316 5905 tuamque
2361 5844 2577 5905 gentem
2632 5838 2826 5910 diligit.
2872 5838 3017 5896 Dens
3063 5841 3212 5897 enim
3272 5844 3377 5899 scit
3415 5862 3504 5900 me
3533 5861 3631 5903 vos

3075 5970 3112 5995 κ
3276 5941 3311 6002 6
