4152 6406
555 391 654 459 111

1685 376 2009 443 ΝΙΟΟΙΑι
2040 376 2153 439 CP.
2194 371 2471 433 PATRIA
2485 368 2705 429 RCIIJE

3704 354 3817 422 1⁸2

546 506 793 575 diligere,
820 508 896 565 et,
926 507 988 553 ut
1028 493 1096 549 de
1148 490 1443 552 Romanis,
1496 488 1575 543 sic
1611 487 1678 543 de
1714 486 1967 559 Bulgaris
2025 488 2116 543 do-

2244 484 2425 551 ἑπάξει
2484 483 2840 552 μιαιφονίαςι
2888 479 2999 533 Καὶ¹
3035 479 3118 542 τίς
3169 479 3237 533 ἂν
3303 476 3530 549 λογικὴν
3591 474 3816 528 σύνεσιν

545 589 677 653 lere.

2232 575 2536 641 ἀποσώζων
2579 577 2640 627 οὖ
2696 573 3055 643 συνθήσεται;
3126 570 3468 625 Ἕπάκουσον
3504 568 3688 641 ἡμῶν,
3720 567 3824 621 ἇν-

544 692 730 761 θρωπε
792 683 887 739 τοῦ
916 678 1109 745 ’⁴Θεοῦ,
1158 676 1394 731 ἄκουσον
1454 671 1675 743 lla-:96;
1720 670 2049 740 ἀγαπῶντός
2107 686 2167 723 σε
2195 669 2290 722 καὶ
2337 668 2397 720 τ’)
2450 667 2542 719 σὺν
2590 664 2781 727 ἔθνος·
2848 664 2877 716 6
2920 662 3054 727 Θεὸς
3107 660 3216 732 γὰρ
3264 655 3410 714 οῐδεν
3464 661 3550 713 ὅτι
3610 658 3824 728 ἀγαπῶ

544 759 713 857 ὑμᾶς,
745 783 839 834 καὶ
870 774 1024 844 ἀλγῶ
1054 770 1236 835 καθὼς
1271 768 1412 840 ὑπὲρ
1454 766 1564 821 τῶν
1607 766 1919 835 Ῥωμαίων,
1954 764 2131 829 οὕτως
2164 764 2259 818 καὶ
2288 760 2430 832 ὑπὲρ
2453 759 2805 830 Βουλγάρων.

610 874 867 931 'Attamen
900 869 966 924 de
994 863 1255 921 Romanis
1281 862 1479 915 bonam
1510 859 1806 929 quamdam
1838 874 1989 928 spem
2029 858 2129 911 ha-

545 972 673 1029 beo.
717 980 841 1021 cum
876 961 998 1015 illos
1032 955 1325 1013 considero
1371 951 1575 1019 injusta
1625 950 1915 1021 patientes,
1952 948 2133 1003 sciens

471 1057 482 1080 '
544 1064 718 1117 Deum
776 1059 981 1128 injuste
1034 1048 1381 1122 patientibus
1438 1046 1492 1099 in
1571 1043 1844 1099 auxilium
1906 1040 2129 1106 venire,

545 1152 840 1226 quandoex
861 1141 1269 1216 sapientissimo
1283 1137 1494 1209 judicio
1512 1137 1709 1207 placet,
1728 1145 1782 1191 et
1800 1132 2132 1205 quandoque

544 1244 756 1301 diutius
786 1245 1128 1309 exspectare,
1182 1241 1242 1288 ut
1286 1230 1597 1286 revelentur
1623 1228 1944 1299 patientium
1988 1226 2131 1296 inju-

546 1340 661 1393 rias.
705 1333 780 1387 De
810 1329 1060 1399 Bulgaria
1080 1340 1213 1381 vero
1245 1323 1454 1379 nullam
1486 1321 1707 1384 bonam,
1736 1319 1841 1374 etsi
1873 1317 2129 1373 conside-

544 1440 743 1491 ratam,
781 1439 930 1495 spem
960 1422 1155 1477 habeo.
1192 1416 1445 1487 Undique
1478 1415 1623 1470 enim
1659 1412 1816 1468 vobis
1845 1409 2127 1466 fortunam

544 1524 729 1578 favere
757 1517 1108 1591 praesumitis.
1136 1510 1279 1579 Quid
1324 1518 1507 1564 autem
1546 1521 1637 1562 res
1686 1518 1962 1577 prospera
2014 1503 2134 1558 sine

540 1616 769 1688 iustitia:
829 1608 1034 1666 auxilio
1071 1606 1218 1661 Asiae
1280 1601 1433 1658 fuere
1481 1609 1693 1671 gentes,
1724 1613 1845 1669 quae
1876 1610 2138 1668 prospere

546 1711 614 1765 ad
645 1719 861 1776 tempus
889 1715 977 1757 res
1001 1713 1131 1756 suas
1154 1701 1430 1768 gerentes,
1458 1693 1589 1748 dum
1628 1690 1967 1746 incrementa
1997 1701 2137 1742 nova

548 1805 871 1872 sperarent,
941 1792 1077 1864 ipsis
1130 1790 1349 1844 demum
1407 1779 2021 1851 bellatoriislconsiliis
2084 1780 2138 1834 in

2312 853 2477 906 Ἀλλά
2511 854 2640 920 περὶ
2680 851 2781 921 μὲν
2807 849 2918 903 τῶν
2951 847 3243 919 Ῥωμαίων
3275 849 3385 919 ἔχω
3414 847 3571 912 τινὰς
3592 848 3829 914 ἐλπίδας

2231 945 2630 1017 χρηστοτέρας,
2700 942 3037 997 ἀποϐλέπων
3087 942 3164 1006 ὡς
3203 941 3369 998 ἄδικα
3398 942 3693 1011 πάσχουσι,
3723 943 3835 994 καὶ

2233 1038 2391 1102 εἰδὼς
2420 1038 2502 1090 ὄτι
2542 1038 2630 1089 ἀεὶ
2658 1038 2772 1098 τοῖς
2807 1034 3197 1103 ἀδικουμένοις
3226 1032 3362 1096 Θεὸς
3394 1033 3659 1104 ὑπερέχει
3688 1033 3834 1104 βοη-

2232 1132 2386 1194 θείας
2433 1133 2616 1199 χεῖρα,
2677 1130 2839 1181 ὁπότε
2892 1129 3152 1197 παραστῇ
3186 1129 3254 1198 τῇ
3287 1126 3483 1185 τούτου
3522 1127 3847 1205 ὑπερσόφῳ.

2237 1223 2440 1295 κρίσει.
2479 1223 2590 1275 Καὶ
2613 1221 2787 1275 ἐνίοτε
2805 1220 3298 1290 ἀναϐάλλεταιιτὴν
3321 1218 3622 1290 ὑπομονὴν,
3649 1220 3838 1272 ἐκκα-

2238 1314 2466 1369 λύπτειν
2502 1314 2830 1385 βουλόμενος
2871 1312 2983 1366 τῶν
3006 1312 3428 1383 πασχόντων.τά
3466 1311 3650 1366 ἄδικα.
3684 1310 3839 1383 Περὶ

2239 1407 2570 1477 Βουλγάρων
2592 1408 2695 1460 οὐκ
2730 1406 2841 1476 ἔχω
2882 1404 3007 1459 τινὰ
3048 1404 3432 1476 χρηστοτέραν
3459 1403 3652 1456 ἐλπίδα
3686 1405 3839 1457 θεω-

2235 1501 2546 1575 ρουμένην·
2603 1502 2825 1568 ἐδόξατε
2876 1503 2989 1573 γὰρ
3038 1500 3298 1571 εὐτυχίαν
3340 1500 3465 1554 τινὰ
3535 1498 3841 1568 περιϐαλέο

2236 1598 2385 1654 σθαι.
2432 1595 2594 1650 Ἀλλὰ
2615 1595 2669 1649 τί
2711 1595 2773 1649 τὸ
2804 1594 3115 1667 εὐτύχημα,
3149 1594 3281 1648 ὅταν
3308 1597 3409 1647 οὐκ
3442 1592 3557 1664 ἔχει
3586 1608 3837 1663 στρατη-

2236 1688 2441 1758 γοῦσαν
2457 1688 2557 1759 τὴν
2578 1687 2964 1757 δικαιοσύνην;
2988 1684 3204 1758 Συνέὸη
3241 1686 3333 1739 καὶ
3364 1685 3501 1741 ἄλλα
3530 1685 3663 1757 ἔθνη
3687 1688 3842 1741 κατὰ

2239 1782 2471 1853 καιρούς
2505 1798 2660 1845 τινας
2703 1781 3024 1853 εὐτυχῆσαι,
3063 1781 3159 1835 καὶ
3194 1780 3270 1844 ὡς
3311 1779 3573 1849 ἐνόμισαν
3598 1776 3843 1849 αὔξησιν

550 1869 765 1950 ruinam
798 1895 928 1944 sunt
971 1882 1263 1956 prolapsae,
1296 1887 1350 1933 et
1380 1893 1450 1932 ne
1478 1877 1721 1947 ipsarum
1765 1874 1989 1945 quidem
2036 1886 2138 1926 no-

2244 1890 2365 1931 τινα
2398 1875 2751 1945 προσλαϐεῖν,
2803 1875 2941 1928 ἀλλά
2984 1876 3049 1945 τῇ
3096 1872 3449 1943 φιλοπολέμῳ
3500 1870 3871 1942 προαιρέσει

549 2000 674 2042 men
702 1992 894 2038 notum
925 1974 1250 2032 hominibus
1272 1970 1563 2039 reliquere,
1587 1967 1692 2023 nisi
1724 1962 2137 2037 qui'historias,

549 2079 817 2149 colligunt
861 2084 1055 2127 earum
1107 2063 1434 2122 memoriam
1478 2060 1812 2131 quandoque
1854 2064 2138 2112 revocant.

550 2147 792 2234 Scio—te,
813 2180 846 2221 ο
877 2163 953 2218 ﬁli
985 2162 1184 2217 dilecte
1210 2154 1456 2213 'scientia‘.
1485 2161 1841 2220 veterumque
1874 2147 2140 2203 librormn

551 2261 866 2321 studiosum
893 2271 958 2311 ea
986 2266 1110 2324 qua:
1146 2248 1445 2305 scribimus
1496 2257 1609 2299 non
1648 2242 1921 2313 ignorare.
1974 2240 2145 2309 Igitur

553 2369 680 2410 cum
733 2363 879 2406 metu
928 2348 1222 2418 deprecor,
1274 2354 1361 2404 ne,
1397 2337 1529 2391 dum
1582 2332 1823 2390 caedibus
1873 2332 2142 2402 bellisque

553 2442 949 2505 incubueritis,
990 2435 1127 2491 nihil
1194 2437 1555 2489 votaevestra
1617 2424 1932 2498 profecerit,
1975 2424 2143 2478 male—

555 2554 664 2610 que
692 2539 764 2592 sit
804 2532 986 2588 vobis.
1039 2526 1156 2583 Non
1205 2525 1278 2580 ita
1326 2524 1420 2587 sit,
1457 2534 1637 2590 neque
1668 2518 1829 2574 vobis
1875 2517 2036 2571 talem
2085 2516 2139 2571 in

558 2634 720 2688 linem
749 2625 968 2684 eveniat
1020 2621 1327 2680 incurrere,
1381 2617 1475 2671 sed
1521 2624 1714 2670 contra
1753 2627 1784 2667 e
1817 2610 1997 2666 medio
2033 2612 2138 2665 tol-

554 2692 740 2782 lantur
772 2718 981 2777 inimici
1024 2713 1310 2775 scandala,
1348 2704 1732 2777 seminataque
1776 2706 1847 2761 ab
1872 2706 1969 2761 illo
1998 2706 2143 2760 ziza-

552 2817 1050 2889 nia.Bnlgarorum
1086 2823 1221 2880 gens
1267 2801 1717 2861 rursusChristi
1774 2813 1965 2871 pacem
2018 2812 2142 2852 am-

2237 1968 2589 2041 κατέατησαν
2625 1970 2706 2032 εἰς
2753 1967 2971 2022 τελείαν
3022 1965 3326 2029 ἀπώλειαν,
3379 1965 3474 2018 καὶ
3507 1964 3619 2019 οὐδ’
3654 1964 3844 2035 ὄνομα

2237 2064 2621 2137 περιλείπεται
2653 2066 2836 2120 αὐτῶν
2876 2064 2946 2118 τὰ
2981 2063 3076 2117 νῦν
3116 2066 3172 2117 ἐν
3203 2062 3517 2135 ἀνθρώποις
3559 2062 3844 2131 γινωσκό-

2244 2176 2429 2229 μενον,
2461 2158 2603 2230 πλὴν
2638 2160 2738 2214 ὅσα
2768 2162 2817 2213 οἰ
2859 2159 2956 2223 τὰς
2999 2158 3243 2229 ἱστορίας
3290 2157 3685 2227 ἀναλεγόμενοι
3731 2157 3843 2226 τὴν

2242 2250 2472 2323 ’μνήμην
2510 2251 2693 2305 αὐτῶν
2740 2251 3157 2321 περιφέρουσιν.
3216 2249 3346 2303 Οἶδα
3385 2251 3468 2304 ὅτι
3514 2251 3609 2302 καὶ
3641 2249 3837 2311 αὐτὸς,

2240 2346 2323 2397 υἱέ
2363 2362 2464 2415 μου
2492 2346 2684 2415 ἠγαπη
2696 2344 2847 2414 μένε,
2868 2345 3180 2416 φιλομαθὴς
3207 2343 3283 2398 ὢν
3308 2343 3405 2397 καὶ
3436 2345 3547 2398 τῶν
3581 2342 3841 2397 παλαιῶν

2239 2436 2594 2507 διερχόμενος
2629 2439 2729 2500 τάς
2769 2435 2991 2507 βίϐλους
3028 2434 3417 2504 ἐπιγινώσκεις
3448 2434 3485 2491 ἀ
3517 2437 3839 2507 γράφομεν.

2253 2529 2596 2599 Ἀπεύχομαι
2645 2529 2854 2593 τοίνυν,
2901 2530 3177 2601 φοϐοῦμαι
3214 2530 3271 2583 δὲ
3325 2531 3423 2603 μὴ,
3461 2532 3841 2603 ἐπιμενόντων

2243 2622 2401 2691 ὑμῶν
2444 2624 2565 2685 ταῖς
2615 2623 2856 2690 σφαγαῖς
2901 2624 2997 2676 καὶ
3025 2622 3448 2694 τοῖςπολέμοις,
3481 2624 3764 2694 ἄπρακτος
3796 2627 3837 2692 ἠ

2241 2715 2378 2786 εὐχὴ
2403 2716 2676 2783 καταστῇ,
2697 2715 2858 2768 τοῦτο
2884 2716 2979 2768 καὶ
3002 2715 3086 2783 ἐφ’
3111 2716 3242 2785 ὑμῖν
3278 2716 3462 2787 συμϐή
3474 2734 3644 2769 seut.
3665 2716 3840 2770 Ἀλλά

2245 2808 2321 2878 μὴ
2379 2808 2469 2880 εἴη
2541 2808 2746 2872 τοῦτο,
2815 2808 2953 2880 μηδὲ
3012 2810 3279 2878 γένηται,
3353 2810 3477 2881 μηδ’
3539 2811 3842 2883 ἀπαντήσῃ

552 2919 820 2988 plectens,
847 2926 875 2964 a
900 2906 1124 2963 Christo
1160 2901 1270 2956 Deo
1320 2908 1511 2954 nostro
1556 2896 1736 2965 capite
1762 2894 1951 2959 unico,
1982 2892 2142 2961 cujus

2244 2899 2595 2970 Χριστιανοῖς
2644 2897 2799 2954 οὖσιν
2848 2900 2978 2971 ὑμῖν
3018 2903 3156 2973 πρὸς
3209 2902 3453 2955 τοιοῦτον
3494 2901 3840 2972 καταντῆσαι

554 2987 791 3066 Romani
823 3012 879 3057 et
909 2998 1128 3070 Bulgari
1158 3009 1361 3063 corpus
1405 3000 1554 3059 sunt,
1588 2990 1642 3045 in
1668 2987 2004 3058 benignitate
2028 2999 2143 3041 scr-

555 3112 678 3158 vata
711 3107 765 3153 et
799 3106 959 3151 aucta
1002 3092 1159 3148 beate
1191 3088 1357 3142 vitam
1387 3084 1574 3155 degat.

2242 2985 2417 3052 τέλος,
2451 2986 2587 3039 ἀλλά
2618 2988 2824 3055 μᾶλλον
2861 2989 2925 3041 ὲκ
2958 2990 3129 3060 μέσου
3171 2991 3425 3059 γενέσθαι
3450 2992 3521 3044 τὰ
3544 2991 3841 3044 ’σκάνδαλα

2241 3077 2279 3131 ἃ
2309 3077 2587 3132 ὑπεσαλεν
2645 3082 2672 3131 6
2706 3081 2968 3153 πονηρὸς,
3011 3083 3110 3136 καὶ
3148 3084 3246 3153 τῆς
3282 3085 3494 3149 σπορᾶς
3522 3084 3738 3137 ἐκείνου
3765 3083 3840 3135 τὰ

558 3189 814 3258 ζιζάνια.
871 3186 967 3242 καὶ
1016 3183 1079 3237 τὸ
1127 3182 1455 3253 Βουλγάρων
1493 3178 1647 3238 ἔθνος
1702 3178 1865 3231 πάλιν
1932 3176 2033 3245 τὴν
2071 3172 2166 3227 τοῦ
2222 3174 2465 3248 Χριστοῦ
2545 3177 2770 3248 εἰρήνην
2834 3176 3265 3248 ἑπανελομένους
3333 3179 3392 3231 ἐν
3449 3178 3739 3249 εὐπαθείᾳ,
3778 3181 3842 3261 ἐς)

559 3286 766 3354 δῦζωίὲ
785 3279 1053 3336 διατελεῖν
1078 3280 1146 3351 τῇ
1178 3276 1279 3348 μιᾷ
1306 3271 1518 3344 κεφαλῇ
1564 3270 1642 3343 τῷ
1662 3268 1887 3343 Χριστῷ
1918 3269 2011 3323 καὶ
2041 3266 2161 3339 Θεῷ
2189 3268 2372 3339 ἡμῶν,
2426 3264 2637 3331 οὗτινος
2690 3270 2784 3321 καὶ
2842 3267 3106 3341 Ῥωμαῖοι
3165 3272 3259 3324 καὶ
3336 3268 3638 3343 Βούλγαροι
3676 3262 3842 3345 σῶμχ

559 3383 930 3456 τυγχάνουσι,
1004 3376 1102 3429 καὶ
1170 3371 1611 3443 φυλαττομένους
1670 3367 1764 3420 καὶ
1837 3364 2258 3433 αὐξανομένους.

1129 3511 1348 3570 XXVII.
1385 3510 1595 3565 Eidem.

636 3654 865 3724 Quoties
910 3648 977 3704 ad
1008 3658 1082 3713 te,
1117 3646 1189 3701 liii
1229 3646 1515 3707 honorate,
1559 3641 1802 3697 scribere
1832 3636 2144 3709 aggredior,

562 3765 688 3821 apes
720 3745 912 3801 melior
938 3756 1036 3797 cor
1070 3738 1280 3794 invadit
1309 3735 1699 3805 benignitatem
1730 3743 1788 3787 et
1834 3729 2147 3784 humanita-

563 3855 670 3898 tem
707 3840 867 3894 'tuam
926 3832 1157 3905 epistola
1207 3844 1329 3884 mea
1375 3827 1606 3884 omnino
1662 3821 2009 3888 ﬂectendam,
2079 3821 2146 3875 ad

562 3946 752 4006 pacem
784 3924 1177 3984 inclinandam.
1199 3922 1395 3990 meque
1421 3921 1582 3973 linem
1615 3915 2022 3987 deprecationis
2053 3927 2147 3969 as-

565 4005 911 4082 secuturum.
934 4016 1089 4073 Dulci
1118 4012 1355 4085 quodam
1378 4026 1543 4067 sensu
1569 4008 1998 4071 allicior,levato
2030 4005 2150 4060 ani-

568 4133 671 4172 tnte
706 4114 924 4172 dolore.
959 4111 1052 4180 qui
1079 4123 1164 4162 me
1208 4107 1275 4161 de
1294 4100 1683 4159 communibus
1708 4099 1985 4154 Romanos
2008 4099 2152 4153 inter

566 4222 620 4266 et
662 4207 929 4276 Bulg‘aros
965 4202 1034 4256 ab
1072 4198 1270 4254 infesto
1303 4196 1521 4250 diabolo
1554 4192 1843 4248 suscitatis
1872 4190 2149 4246 discrimi-

567 4301 731 4356 nibus
766 4301 1001 4365 occupat
1058 4308 1073 4346 :
1137 4288 1327 4358 sicque
1381 4286 1630 4340 anxietas
1658 4293 1712 4339 et
1739 4282 1958 4338 amictio
1993 4282 2152 4353 quasi

569 4401 895 4446 evanescere
923 4383 1200 4438 videntur.
1239 4377 1472 4445 Quando
1503 4387 1688 4431 autem
1718 4375 2008 4445 epistolam
2032 4373 2153 4446 glo-

572 4478 889 4537 riosisslma:
927 4483 1031 4530 tua:
1065 4470 1376 4542 maiestatis
1414 4470 1660 4540 perlego,
1696 4467 1979 4537 multiplex
2016 4465 2152 4521 mihi

573 4575 837 4636 anxietas,
890 4579 944 4624 et
983 4570 1038 4623 in
1075 4562 1522 4636 protendiorihus
1555 4561 1961 4633 desperationis
2000 4569 2155 4615 tene-

562 4662 684 4721 bris
710 4660 931 4717 animus
975 4667 1258 4716 curvatus.
1314 4655 1390 4712 ita
1432 4670 1565 4711 sane
1610 4663 1716 4709 est.
1750 4653 1824 4710 Ut
1860 4653 2006 4707 enim
2036 4652 2153 4707 chi-

572 4769 792 4826 rnrgus,
844 4753 1115 4823 applicato
1166 4750 1338 4820 plaga:
1384 4747 1803 4808 medicamento,
1838 4744 2152 4799 inﬂamma-

2166 3466 2214 3528 C

2818 3506 2944 3559 KZ'.
2978 3502 3060 3570 Τῷ
3087 3505 3270 3571 αὐτῷ.

2332 3642 2554 3707 ὐσάκις
2591 3644 2659 3699 ἂν
2689 3647 2922 3717 ὁρμήσω
2952 3646 3086 3717 πρὸς
3141 3647 3224 3711 σε,
3249 3646 3332 3699 υἱέ
3368 3664 3471 3717 μου
3520 3646 3839 3719 θεοτίμητε,

2250 3735 2506 3807 γράφειν,
2536 3736 2751 3803 ἐλπίδες
2802 3739 3169 3810 χρηστότεραι
3194 3739 3293 3811 τὴν
3321 3740 3463 3812 ἐμὴν
3491 3736 3845 3812 περιλαμσάο

2249 3839 2399 3877 νουσι
2425 3823 2626 3898 ψυχὴν,
2654 3826 2736 3878 ὅτι
2761 3827 2978 3889 πάντως
2993 3827 3093 3898 τὴν
3124 3827 3224 3898 σὴν
3242 3828 3560 3900 ἡμερότητα
3589 3831 3682 3883 καὶ
3712 3828 3838 3898 φιλο

2250 3915 2569 3985 ανθρωπίαν
2600 3917 2655 3969 τὸ
2699 3917 2936 3989 γράμμα
2966 3919 3363 3990 παρακαλέσει,
3395 3920 3489 3973 καὶ
3519 3922 3657 3992 πρὸς
3687 3924 3840 3995 εῖρή-

2253 4025 2356 4079 νην
2376 4008 2767 4075 ὲκκαλέσεται,
2790 4011 2884 4063 καὶ
2907 4010 2967 4064 τὸ
2997 4012 3171 4082 πέρας
3198 4015 3299 4081 τῆς
3319 4014 3589 4085 αἰτήσεως
3615 4013 3842 4085 ἕξομεν,

2253 4100 2447 4168 ὥσπερ
2492 4101 2647 4166 τινὸς
2700 4104 2966 4170 γλυκείας
3018 4104 3349 4175 αἰσθάνομαι
3376 4105 3690 4171 διαθέσεως,
3739 4108 3845 4162 καὶ

2252 4193 2351 4264 τὴν
2388 4192 2569 4265 ψυχὴν
2630 4194 3013 4267 ὲλαφρύνομαι
3053 4196 3151 4265 τῆς
3207 4196 3401 4267 ὀδύνης
3464 4197 3532 4269 ἣν
3592 4200 3684 4251 ἐπὶ
3716 4203 3842 4263 ταῖς

2252 4289 2463 4351 κοιναῖς
2494 4292 2810 4358 συμφοραῖς
2849 4288 3147 4359 Ῥωμαίων
3176 4291 3271 4342 καὶ
3302 4289 3632 4360 Βουλγάρων
3659 4292 3837 4361 φέρω,

2252 4379 2320 4444 ἀς
2349 4382 2377 4434 6
2401 4381 2791 4453 μισάνθρωπος
2848 4382 3062 4451 δαίμων
3094 4383 3174 4444 εἰς
3211 4381 3377 4451 μέσον
3429 4381 3610 4436 αὐτῶν
3660 4382 3840 4454 ἀπέρ-

2256 4475 2408 4546 ριψε,
2447 4475 2542 4527 καὶ
2568 4475 2630 4527 τὸ
2682 4473 3009 4545 σκυθρωπὸν
3040 4474 3136 4527 καὶ
3167 4476 3199 4546 ἡ
3235 4476 3509 4545 κατήφεια
3535 4476 3567 4545 ἡ
3595 4475 3686 4527 ἐπὶ
3714 4476 3844 4529 τού-

2255 4582 2370 4628 τοις
2388 4564 2540 4617 ὥσπε
2549 4582 2579 4635 ρ
2597 4564 2747 4617 δοκέί
2772 4564 3219 4620 ἀναστέλλεσθαι.
3256 4566 3424 4619 Ὅταν
3442 4554 3499 4619 δὲ
3517 4567 3578 4620 τὸ
3598 4566 3844 4638 γράμμα

2254 4656 2354 4725 τῆς
2386 4654 2487 4724 σῆς
2524 4654 2885 4724 μεγαλοδόξου
2935 4656 3113 4727 ἀρχῆς
3168 4658 3564 4725 ἀναγινώσκων
3610 4659 3845 4731 διέρχω-

2260 4764 2380 4816 μαι,
2409 4746 2949 4811 πολλαπλασιάςεται
2979 4765 3072 4819 μοι
3101 4751 3162 4804 τὸ
3192 4750 3381 4819 ἄλγος,
3416 4752 3510 4805 καὶ
3535 4750 3844 4823 βαθύτερος

569 4848 719 4901 tione
772 4851 955 4899 autem
1000 4840 1303 4900 crescente.
1355 4839 1707 4908 desperatae
1765 4837 2039 4907 turbatur,
2073 4835 2146 4890 sic

2259 4840 2288 4891 6
2318 4839 2516 4908 γνόφος
2551 4839 2648 4907 τῆς
2679 4838 2919 4911 ἀθυμίας
2950 4841 3050 4911 τὴν
3075 4842 3215 4914 ἐμὴν
3256 4843 3602 4914 ὲπικὰμπτει
3632 4844 3841 4916 ψυχήν.

572 4947 624 4994 et
655 4952 755 4992 nos
794 4936 1062 4995 humiles,
1107 4933 1350 5002 quando,
1399 4931 1645 4986 consiliis
1696 4929 1807 4984 Deo
1836 4930 2012 4997 n'otis,
2064 4943 2153 4983 re-

571 5030 810 5083 medium
849 5026 1008 5080 malis
1026 5025 1345 5079 animarum
1378 5024 1735 5092 applicantes,
1768 5037 1954 5086 curas,
1982 5034 2155 5090 quan-

573 5134 657 5177 tas
693 5132 1013 5191 possumus,
1034 5112 1166 5171 nihil
1194 5116 1458 5186 prolicere
1484 5115 1749 5180 videmus,
1773 5114 1868 5170 sed
1903 5115 2155 5179 vulnera,

573 5213 663 5267 hei
693 5212 826 5266 mihi
861 5210 1101 5266 misero!
1132 5219 1337 5278 quanta
1362 5208 1587 5262 vulnera
1620 5208 1634 5260 l
1670 5207 1724 5261 in
1756 5207 1910 5277 pejus
1938 5209 2155 5272 cadere,

575 5310 707 5357 tunc
762 5298 1095 5365 afﬂictione,
1126 5298 1348 5353 tristitia
1394 5304 1448 5353 et
1500 5300 1697 5362 turba,
1759 5301 1932 5370 magis
1984 5298 2148 5368 quam

575 5395 683 5450 dici
723 5403 936 5467 potest,
962 5393 1273 5461 implemur,
1308 5408 1374 5447 eo
1407 5393 1576 5463 magis
1610 5393 1756 5462 quod
1801 5400 1970 5455 tuam,
2006 5388 2150 5447 o‘ﬁli

575 5501 606 5539 a
638 5484 745 5541 Deo
774 5485 1061 5547 honerate,
1084 5470 1400 5553 praeclaram
1427 5482 1845 5550 intelligentiam
1875 5496 1981 5534 non
2008 5481 2152 5534 fama

576 5572 677 5626 sed
705 5584 893 5626 nostra
918 5572 1252 5640 experientia
1282 5572 1593 5636 noscimus;
1628 5585 1843 5640 tempus
1872 5571 2014 5625 enim
2044 5562 2157 5640 quo

575 5662 738 5717 simul
778 5662 1088 5717 conversati
1128 5679 1342 5725 sumus,
1378 5663 1507 5719 licet
1560 5664 1745 5727 breve,
1780 5663 1937 5717 nobis
1971 5671 2151 5717 tamen

579 5754 878 5821 perfectum
911 5754 1154 5809 animum
1193 5764 1347 5807 tuum
1381 5764 1571 5808 notum
1603 5755 1756 5809 fecit.

2256 4930 2365 4982 Καὶ
2410 4930 2519 5001 γὰρ
2568 4930 2742 4996 οὕτως
2775 4932 2911 5002 ἔχει.
2958 4930 3113 4987 Ἐπεὶ
3143 4934 3237 4988 καὶ
3300 4936 3483 5007 ἰατρὸς
3542 4937 3845 5008 φάρμακον

2255 5019 2517 5081 ἐπιτιθεὶς
2548 5021 2692 5073 κατά
2720 5022 3058 5091 τραύματος,
3088 5026 3184 5078 καὶ
3223 5025 3441 5094 βλέπων
3470 5028 3570 5098 τὴν
3598 5028 3848 5098 φλεγμο-

2232 5106 2353 5180 ’νὴν
2404 5113 2497 5165 ἐπὶ
2532 5112 2694 5166 πλέον
2748 5112 3203 5189 ἁγριαινομένὴν,
3263 5118 3570 5192 πληροῦται
3597 5120 3847 5192 ἀθυμίας

2254 5202 2350 5255 καὶ
2383 5203 2699 5274 συγχύσεως
2725 5224 2738 5238 ·
2770 5208 2863 5259 καὶ
2887 5210 3051 5281 ἡμεῖς
3076 5206 3169 5265 οὖν
3185 5213 3234 5265 οἱ
3262 5216 3537 5278 ταπεινοὶ,
3569 5216 3848 5285 κρίμασιν

2229 5287 2340 5379 ςοῖς
2370 5292 2667 5350 ἐπίσταται
2692 5296 2720 5347 6
2755 5296 2910 5363 Θεὸς,
2961 5303 3040 5363 εἰς
3079 5301 3141 5354 τὸ
3169 5302 3238 5354 τὰ
3286 5302 3397 5355 τῶν
3452 5304 3641 5373 ψυχῶν
3686 5304 3844 5379 πάθη

2240 5384 2590 5454 ’θεραπεύειν
2650 5391 3113 5457 κατασταθέντες,
3159 5396 3391 5464 ἐπείπερ
3455 5395 3677 5467 δρῶμεν
3736 5400 3849 5469 τὴν

2240 5479 2398 5557 ,κατά
2432 5480 2664 5551 δύναμιν
2694 5484 3115 5554 προσαγομένην
3150 5486 3456 5554 θεραπείαν
3514 5488 3847 5556 ὠφελοῦσαν

2255 5572 2430 5635 οὐδὲν,
2456 5574 2595 5626 ἀλλά
2626 5575 2685 5634 ’ὠ
2720 5575 2963 5646 τραῦμα,
2995 5578 3141 5647 οἴμοι
3177 5577 3254 5648 τῷ
3284 5579 3476 5649 ἀθλίῳ,
3509 5581 3604 5633 καὶ
3651 5581 3850 5652 ἡλίκον

2256 5666 2502 5737 τραῦμα,
2536 5667 2628 5720 ἐπὶ
2662 5668 2722 5720 τὸ
2750 5672 2937 5739 χεῖρον
2984 5671 3320 5739 προκόπτον,
3360 5673 3497 5736 ὅλως
3534 5674 3853 5743 κατηφείας

2257 5760 2351 5812 καὶ
2414 5760 2875 5830 σκυθρωπότητος
2912 5764 3005 5816 καὶ
3047 5762 3389 5832 συγχύσεως,
3420 5764 3691 5834 οῠμενουν
3739 5767 3855 5822 οὐκ

578 5842 727 5899 ἔστιν
773 5845 971 5913 εἰπεῖν,
999 5847 1126 5900 ὅσου
1159 5846 1549 5920 πληρούμεθα·
1603 5850 1840 5920 μάλιστα
1900 5852 2001 5921 μὲν
2050 5854 2150 5923 τὴν
2208 5855 2331 5924 σὴν,
2381 5856 2464 5908 υἱὲ
2503 5873 2606 5926 μου
2644 5857 2959 5929 θεοτίμητε,
3012 5859 3261 5933 μεγάλην
3310 5860 3600 5933 φρόνησιν,
3635 5861 3695 5913 οὗ
3730 5865 3855 5935 φής
