4152 6406
571 373 676 438 175

1715 365 2032 427 NICOLAI
2071 364 2183 426 ΕΡ.
2227 364 2744 426 l'ATRlARCH/E

3743 357 3850 420 ΠΒ

568 491 612 545 si
649 503 837 559 pacem
870 495 1096 558 exoptes
1124 497 1370 557 propone
1406 479 1658 554 pacifica,
1703 489 1757 534 et
1792 479 1982 534 damni
2009 476 2155 548 quod

2272 479 2419 549 παρὰ
2472 477 2716 548 Χριστοῦ
2753 476 2849 530 τοῦ
2909 476 3009 547 τὴν
3065 477 3288 547 εἰρήνην
3348 474 3746 546 δωρησαμένου
3773 472 3858 536 τῷ

567 597 597 635 a
617 579 884 636 Romanis
914 593 1113 650 passus
1136 592 1195 633 es
1223 575 1711 645 eompensationes
1733 581 1936 640 repete,
1965 571 2158 640 quales

2272 573 2456 642 κόσμῳ
2480 571 2580 642 τὴν
2605 571 2787 642 ἀρχὴν
2818 571 2915 622 τοῦ
2947 569 3151 622 οἰκείου
3186 568 3375 630 ἔθνους
3418 566 3625 630 λαϐὼν,
3661 567 3731 618 τὰ
3755 567 3856 635 τῆς

566 687 668 742 ego
716 686 848 726 sane
899 669 1034 735 dixi,
1086 668 1298 725 scilicet
1354 663 1760 734 auri,argeuti.
1793 675 1888 717 aut
1918 662 2152 716 aliarum

569 779 754 818 rerum
807 761 1166 833 stipendium,
1222 769 1318 814 aut
1374 756 1615 812 fortasse
1665 753 1822 808 fundi
1877 751 2159 806 terrestris

569 857 915 921 cessionem,
972 863 1028 909 at
1081 868 1191 908 non
1252 848 1663 921 impossibilia,
1732 858 1794 901 ut
1854 843 2158 915 protulisti.

568 946 757 1020 Neque
804 948 949 1003 enim
1021 944 1353 1002 concedetur
1407 941 1564 997 urbis
1624 940 1928 1004 introitus,
1981 950 2162 1004 neque

570 1043 739 1100 altera
769 1057 855 1097 res
884 1055 1050 1112 quam
1080 1040 1241 1110 petis.
1295 1035 1492 1090 Totius
1524 1032 1890 1089 occidentalis
1919 1033 2161 1102 regionis

569 1134 878 1191 dominium
934 1132 1313 1186 Romanorum
1356 1135 1463 1182 est.
1509 1125 1703 1196 Itaque
1757 1125 1864 1180 ista
1915 1126 2160 1188 mittens,

568 1240 691 1295 qua:
733 1224 850 1278 fieri
898 1231 1131 1293 possunt
1175 1237 1461 1292 pr0pone,
1511 1231 1566 1278 et
1604 1222 1702 1276 tibi
1745 1222 1971 1277 utilitati
2003 1231 2165 1277 erunt

551 1332 691 1388 -quae
737 1315 833 1369 Dei
877 1315 1159 1370 voluntate
1191 1315 1530 1384 obtigerunt,
1589 1315 1724 1370 uulli
1761 1322 1922 1369 antea
1955 1315 2063 1384 ζ(ιυί
2107 1321 2164 1369 te

562 1417 971 1479 praecesserunt
1007 1424 1182 1478 neque
1216 1409 1314 1463 tibi
1353 1407 1458 1479 ipsi
1492 1423 1666 1478 usque
1697 1408 2160 1477 adhuc'unquam

555 1517 600 1556 -τι
636 1500 900 1555 Romanis
928 1514 1214 1556 concessa.
1251 1499 1566 1555 Concedent
1593 1508 1778 1554 tamen
1806 1501 2166 1577 imperatores

570 1605 625 1648 et
657 1603 882 1647 senatus
908 1592 1142 1648 libenter
1175 1593 1413 1646 consilio
1463 1593 1759 1660 unanimi;
1807 1602 1883 1658 et,
1937 1591 2051 1647 Deo
2082 1590 2165 1646 fa-

571 1694 753 1749 vente,
818 1684 1048 1738 Romani
1101 1699 1168 1739 ac
1228 1683 1448 1755 Bulgari
1499 1685 1682 1740 denuo
1739 1683 1960 1740 vinculo
2010 1684 2164 1755 pacis

575 1778 1052 1848 constringeutur.
1103 1777 1163 1830 In
1214 1777 1396 1846 fugam
1443 1775 1680 1833 Satanas
1711 1783 1998 1843 vertetur;
2035 1791 2168 1847 gau-

2261 667 2490 737 εἰρήνης
2535 663 2836 732 ἐπιζητῶν,
2895 662 3191 733 εἰρηνικὰς
3251 661 3543 733 προτείνου
3602 660 3698 713 καὶ
3753 659 3858 722 τὰς

2264 759 2405 828 ὑπὲρ
2439 750 2515 811 ὧν
2565 757 2834 811 ἔπταισαν
2873 757 2954 820 εἰς
2992 756 3052 808 σὲ
3094 754 3361 823 Ῥωμαῖοι
3411 754 3692 817 ἀποτίσεις
3717 769 3730 782 ·
3763 752 3861 804 λέ-

2265 868 2439 921 γομεν
2464 851 2521 904 δὲ
2553 843 2642 902 οἷα
2671 850 2765 903 καὶ
2794 849 2966 904 πάλαι
3001 848 3354 919 προεγράφη,
3389 845 3615 917 χρυσίου
3645 859 3862 899 συνεισ-

2269 943 2482 1013 φοράν,
2534 941 2807 1013 ἀργύρου,
2858 941 3164 1012 χρημάτων
3199 939 3590 1010 ἇλλων,τυχὺν
3641 937 3863 1006 καὶ·μέ-

2269 1048 2399 1100 ρους
2424 1031 2570 1096 τινὸς
2620 1031 2728 1100 γῆς
2783 1033 3194 1100 ἁποκλήρωσιν,
3245 1029 3343 1084 καὶ
3386 1029 3464 1100 μὴ
3495 1028 3720 1083 τοιαῦτα
3765 1023 3861 1082 οἷα

2268 1104 2611 1195 προϐάλλεις.
2639 1123 2902 1177 ἀδύνατα.
2938 1124 3050 1178 Καὶ
3077 1123 3188 1195 γὰρ
3217 1121 3342 1176 οὔτε
3375 1124 3407 1192 ή
3437 1122 3520 1186 είς
3562 1122 3662 1191 τὴν
3701 1120 3863 1174 πόλιν

2265 1216 2473 1279 εἴσοδος
2535 1216 2761 1288 ἀνεκτὴ,
2813 1215 2940 1269 οὔτε
2977 1216 3040 1268 τὸ
3089 1216 3278 1284 ἓτερον
3331 1216 3468 1287 ὅπερ
3508 1215 3717 1282 λέγεις’
3755 1213 3861 1283 τῆς

2270 1305 2454 1377 πάσης
2498 1307 3061 1379 Δύσεωςὴκυριότης
3114 1310 3180 1378 τῇ
3260 1307 3542 1377 Ῥωμαῖκῇ
3611 1304 3862 1376 βασιλείᾳ

2268 1402 2551 1470 τυγχάνει.
2594 1399 2759 1452 Ὥστε
2803 1399 2980 1452 ταῦτα
3006 1399 3349 1464 καταλιπὼν,
3390 1397 3460 1452 τὰ
3489 1398 3694 1451 δυνατὰ
3719 1414 3864 1466 ’τιρο⁶

2271 1489 2467 1553 δαλοῦ,
2531 1491 2626 1544 καὶ
2659 1488 2696 1543 ἃ
2731 1491 2830 1544 σὺν
2886 1490 3006 1560 Θεῷ
3034 1491 3128 1543 καὶ
3156 1489 3216 1542 σὲ
3237 1489 3592 1560 θεραπεύσει,
3641 1489 3865 1551 πάντως

2270 1584 2384 1655 γὰρ
2409 1582 2768 1658 θεραπεύσει,
2810 1583 2996 1636 ἐκεῖνά
3042 1600 3126 1637 σοι
3153 1583 3604 1654 προσγενόμεναο
3642 1581 3678 1637 ἃ
3723 1582 3862 1653 μήτε

2269 1677 2317 1729 οξ
2350 1675 2458 1746 πρὸ
2483 1676 2578 1729 σοῦ
2616 1675 2718 1746 τὴν
2759 1673 3078 1746 Ῥωμαϊκὴν
3127 1675 3410 1745 βασιλείαν
3466 1674 3626 1745 ἔσχον
3663 1675 3867 1728 ὑποτε-

2269 1768 2508 1834 λοῦσαν,
2559 1769 2699 1839 μήτε
2762 1769 2924 1838 ὕμείς
2950 1769 3142 1853 ,μέχρι
3194 1767 3287 1822 τοῦ
3335 1769 3609 1837 παρόντος
3661 1763 3890 1839 καιροῦ

575 1871 726 1926 debit
761 1842 1014 1924 Christus
1048 1867 1192 1922 Deus
1223 1842 1405 1923 noster
1428 1877 1482 1922 et
1522 1876 1792 1939 quotquot
1831 1867 1950 1938 ejus
1989 1842 2165 1938 partes

2272 1861 2503 1915 τοιαῦτα
2526 1860 2697 1932 κέρδη
2744 1842 3104 1931 ἐγνωρίσατε.
3145 1860 3456 1930 Παρέξουσι
3489 1859 3548 1913 δὲ
3593 1861 3685 1912 καὶ
3726 1861 3775 1913 oi
3801 1859 3870 1912 τὸ

577 1965 788 2021 tenent,
819 1958 1110 2027 priscaque
1135 1955 1353 2011 fortuna
1381 1972 1445 2011 ac
1463 1955 1692 2012 felicitas
1719 1958 1997 2013 Romanos
2025 1957 2167 2012 inter

576 2059 632 2106 et
657 2050 916 2121 Bulgaros
943 2050 1233 2105 increscet.

2278 1951 2594 2024 βασιλεύειν
2623 1951 2884 2023 λαχόντες
2925 1952 3070 2022 καὶὴ
3095 1953 3302 2006 τούτων
3355 1952 3658 2023 σύγκλητος
3689 1953 3870 2024 χωρὶς

2277 2039 2586 2129 βαρύτητος
2633 2048 2730 2100 καὶ
2774 2045 2871 2117 ὅλῃ
2932 2048 3290 2116 προαιρέσεν
3341 2048 3436 2100 καὶ
3483 2047 3578 2100 σὺν
3610 2045 3729 2117 Θεῷ
3759 2045 3870 2113 τῆς

577 2143 742 2210 ἁγίας
775 2142 1003 2212 εἰρήνης
1032 2140 1100 2194 τὰ
1122 2139 1299 2210 δεσμὰ
1327 2139 1490 2195 πάλιν
1558 2140 1859 2210 συνάψουσι
1892 2141 2197 2211 Βούλγαροι
2238 2140 2337 2192 καὶ
2379 2137 2683 2210 Ῥωμαῖοι·
2733 2137 2828 2191 καὶ
2897 2138 3192 2208 γενήσεται
3222 2140 3250 2191 ὁ
3273 2139 3521 2202 Σατανᾶς
3566 2138 3663 2210 μὲν
3699 2139 3874 2190 ἔκπο-

495 2223 502 2227 ’
576 2237 706 2305 δὼν,
753 2236 1200 2310 εὐφρανθήσεται
1245 2236 1302 2289 δὲ
1333 2237 1360 2288 ὁ
1396 2237 1632 2308 Χριστὸς
1667 2239 1766 2289 καὶ
1814 2237 1945 2300 θεὸς
1979 2237 2161 2310 ἡμῶν,
2204 2238 2300 2292 καὶ
2364 2238 2482 2292 ὅσοι
2516 2237 2619 2305 τῆς
2663 2237 2876 2292 ἐκείνου
2909 2236 3129 2308 μερίδος
3164 2235 3258 2289 καὶ
3284 2236 3318 2303 η
3358 2233 3418 2298 ἐξ
3483 2231 3656 2302 ἀρχῆς
3683 2231 3871 2284 3.362.:-

583 2335 747 2407 μονία
777 2335 876 2388 καὶ
909 2336 1138 2404 γλυκεῖα
1189 2334 1534 2397 κατάστασις
1578 2334 1743 2387 πάλιν
1777 2333 1984 2405 μεταξὺ
2025 2334 2318 2404 Ῥωμαίων
2352 2336 2445 2388 καὶ
2471 2335 2803 2406 Βουλγάρων
2837 2334 3301 2422 πλατυνθήσεται.

652 2428 712 2485 In
768 2429 964 2484 litteris
1008 2443 1182 2499 nuper
1230 2429 1436 2491 missis,
1489 2428 1625 2483 etin
1689 2430 1796 2485 illis
1821 2444 1960 2500 quas
2011 2429 2164 2500 prius

579 2521 879 2592 scripsisti,
905 2521 1047 2591 petis
1067 2519 1335 2590 quosdam
1378 2519 1542 2579 mitti,
1577 2520 1670 2590 qui
1710 2531 1888 2576 tecum
1933 2521 2000 2575 de
2028 2535 2163 2591 pace

581 2612 891 2668 consulant.
944 2610 1060 2666 lloc
1107 2611 1392 2681 proposito
1449 2611 1649 2666 missus
1681 2619 1786 2674 est,
1831 2610 1924 2665 Dei
1965 2611 2159 2681 gratia,

580 2707 665 2759 vir
718 2705 938 2775 quidam
988 2703 1255 2773 prudente
1316 2703 1628 2772 valentique
1685 2704 1920 2774 ingenio,
1975 2713 2162 2760 custos

579 2799 999 2868 supellectilium
1038 2796 1223 2866 templi
1281 2797 1348 2851 de
1400 2795 1753 2862 Blachernis,
1793 2798 1845 2850 in
1897 2797 2164 2851 honorem

577 2891 770 2946 lintris
802 2889 895 2945 Dei
937 2898 992 2944 et
1039 2889 1283 2944 Dominae
1337 2897 1538 2944 nostra:
1578 2890 1774 2945 erecti.
1809 2888 1886 2955 ,Ei
1934 2890 2170 2960 benigne

579 2992 807 3052 excepto
833 2997 954 3052 qua:
986 2982 1123 3036 velis
1155 2981 1441 3051 significa;
1471 2991 1545 3045 et,
1583 2993 1874 3051 postquam
1913 2997 2169 3038 reversus

581 3069 768 3139 fuerit,
798 3075 842 3129 si
882 3074 1158 3126 humanus
1190 3073 1446 3142 mitisque
1481 3083 1609 3129 tuus
1645 3074 1866 3129 animus
1921 3081 2069 3129 totus
2103 3074 2170 3128 ad

2349 2433 2606 2503 Περιεῖχε
2641 2431 2698 2486 δὲ
2731 2433 2825 2485 καὶ
2883 2415 2944 2486 το
2982 2415 3078 2484 νῦν
3109 2428 3418 2483 ἀποσταλὲν
3463 2429 3699 2500 γράμμα
3740 2445 3866 2493 σου,

2269 2527 2458 2580 τέκνον
2482 2526 2670 2597 ἡμῶν,
2698 2528 2791 2579 καὶ
2815 2525 2922 2596 πρὸ
2959 2524 3146 2578 τούτου
3203 2525 3371 2594 ἕτερα
3415 2523 3746 2593 γράμματα,
3783 2522 3865 2586 ὡς

2272 2617 2651 2688 ἀποσταλῆναι
2665 2634 2819 2680 τινας
2835 2617 2887 2670 οἵ
2901 2621 3030 2688 περὶ
3042 2617 3145 2686 τῆς
3163 2617 3387 2686 εἰρήνης
3411 2614 3671 2685 συνομιλή
3681 2631 3868 2667 σουσιν

2271 2712 2402 2777 ὑμῖν
2423 2727 2436 2742 '
2473 2711 2570 2764 καὶ
2591 2711 2874 2780 ἀπεστάλη
2893 2711 2986 2763 ἐπὶ
3012 2709 3186 2779 τούτῳ
3219 2709 3503 2779 ἄνθρωπος
3523 2708 3642 2779 θείᾳ
3675 2709 3866 2777 χάριτι

2267 2805 2363 2858 καὶ
2379 2801 2559 2867 συζῶν
2575 2802 2834 2872 εὐλαὸείςι
2852 2804 2946 2857 καὶ
2965 2803 3156 2872 ἀρετῇ.
3171 2803 3266 2854 καί
3287 2802 3386 2872 τῆς
3405 2800 3750 2871 Θεομήτορος
3767 2801 3866 2854 καὶ

2279 2895 2582 2967 Δεσποίνης
2609 2895 2641 2963 ὴ
2653 2893 2769 2963 μῶν
2797 2893 2892 2946 τοῦ
2925 2897 2982 2946 ἐν
3009 2893 3346 2964 Βλαχέρναις
3398 2892 3529 2946 ναοῦ
3584 2891 3866 2960 σκευοφυ-

2271 2985 2392 3052 λαξ,
2428 2986 2488 3039 ὃν
2533 2986 2929 3056 ὑποδεχόμενος
2976 2987 3047 3038 τὰ
3099 2984 3371 3039 δοκοῦντὰ
3423 3001 3508 3038 σοι
3561 2984 3864 3055 γνώρισον·

2279 3077 2377 3130 καὶ
2436 3077 2576 3146 μετὰ
2627 3075 2728 3146 τὴν
2775 3077 2990 3130 ἐκείνου
3037 3075 3488 3148 ὲπαναστροφην,
3541 3077 3592 3128 εἴ
3618 3079 3741 3144 γεὴ
3793 3077 3870 3147 σὴ

580 3165 723 3219 bona
760 3165 910 3233 pacis
965 3163 1313 3231 respexerit,
1363 3163 1653 3218 mittentur
1687 3163 1789 3217 viri
1825 3162 1881 3216 in
1922 3161 2165 3217 Ecclesia

2278 3170 2464 3239 ἀγαθὴ
2489 3172 2585 3223 καὶ
2611 3170 2824 3240 ἥμερος
2848 3170 2999 3241 ψυχὴ
3033 3171 3170 3236 πρὸς
3195 3170 3256 3222 τὸ
3278 3170 3444 3224 καλὸν
3493 3169 3594 3239 τῆς
3636 3170 3868 3239 εἰρήνης

565 3265 638 3310 -ct
668 3255 944 3325 republica
1000 3255 1285 3325 praecipui,
1325 3271 1421 3324 per
1463 3270 1607 3324 quos
1647 3255 1813 3310 verba
1858 3253 1924 3308 ad
1958 3254 2168 3324 aliquid

584 3344 728 3398 firmi
779 3343 1023 3413 certique
1074 3346 1435 3399 adducentur.
1480 3345 1735 3401 Chrisms
1777 3354 1985 3410 autem,
2024 3345 2170 3400 Deus

583 3445 794 3498 noster,
825 3437 913 3490 cui
939 3449 998 3490 ut
1024 3438 1161 3498 scio,
1186 3437 1392 3492 servire
1428 3452 1644 3508 semper
1674 3439 1728 3491 iu
1755 3439 1943 3492 animo
1977 3439 2169 3502 habes,

584 3529 826 3585 cmicstis
876 3530 998 3599 ejus
1046 3529 1231 3598 gloriae
1269 3542 1539 3600 exoptans
1577 3532 1751 3585 haeres
1803 3530 1967 3585 fieri-
2029 3530 2168 3584 nihil

569 3624 737 3677 tenim
777 3633 994 3677 terrena
1023 3622 1192 3692 gloria
1225 3624 1328 3676 nisi
1364 3624 1463 3678 ﬂos
1493 3624 1820 3687 herbaceus,
1855 3622 2170 3677 meditatio-

573 3717 752 3770 .uibus
804 3716 914 3770 tuis
976 3715 1203 3781 pacifica
1260 3717 1491 3785 inspiret
1535 3723 1590 3768 et
1639 3715 1882 3770 inducet.
1921 3714 2171 3769 Christus

581 3807 725 3860 enim
792 3819 1011 3877 propter
1073 3822 1260 3878 pacem
1338 3822 1534 3877 purum
1619 3821 1777 3860 suum
1850 3805 2167 3876 sanguinem

581 3897 790 3962 cﬂ’udit,
846 3909 1151 3968 cmteraque
1208 3907 1479 3954 tormenta
1542 3914 1738 3968 passus
1791 3909 1907 3964 est,
1950 3906 2008 3953 ut
2055 3899 2172 3954 dia-

571 3991 715 4056 ‘boli,
744 3993 836 4061 qui
866 3991 975 4046 odii
1008 3999 1162 4062 pater
1185 4000 1288 4055 est,
1319 3991 1602 4060 imperium
1634 3991 1897 4047 aboleret.

1117 4335 1359 4391 XXVIII.
1405 4335 1616 4393 Eidem.

655 4451 868 4507 Rursus
895 4451 960 4506 ad
1004 4451 1172 4506 filium
1201 4451 1457 4505 dilectum
1475 4451 1790 4518 scribimus,
1825 4451 1948 4507 licet
1975 4467 2166 4523 parum

2279 3261 2375 3331 ὅλῃ
2407 3260 2554 3330 ψυχῇ
2589 3260 2919 3330 ἀποϐλέψει,
2950 3261 3428 3330 ἀποσταλήσονται
3481 3259 3697 3329 καὶτῆς
3738 3260 3869 3311 Ἐκ-

2277 3353 2508 3422 κλησίας
2535 3351 2813 3422 ἄνθρωποι
2848 3353 2942 3406 καὶ
2968 3354 3070 3422 τῆς
3097 3353 3372 3417 πολιτείας
3394 3354 3501 3406 τῶν
3520 3353 3867 3424 προκρίτων,

2278 3445 2346 3497 δι’
2367 3439 2441 3498 ὦν
2467 3446 2518 3498 oi
2576 3446 2726 3513 λόγοι
2781 3448 2841 3501 τὸ
2901 3447 3119 3517 βέῦαιον
3184 3449 3278 3500 καὶ
3337 3450 3534 3515 πάγιον
3572 3447 3867 3517 λήψονται.

2280 3539 2380 3609 Εἰή
2413 3538 2468 3591 δὲ
2492 3540 2731 3608 Χριστὸς
2756 3541 2783 3593 ὁ
2815 3541 2946 3602 Θεὸς
2975 3541 3154 3611 ήμῶν,
3185 3539 3245 3592 ὃν
3278 3535 3393 3594 οἶδα
3421 3541 3503 3593 ὅτι
3535 3539 3874 3611 θεραπεύειν

2279 3633 2508 3704 γνώμην
2559 3634 2906 3687 ἀδιάλειπτον
2961 3634 3128 3705 ἔχεις,
3191 3634 3265 3697 ὡς
3306 3635 3406 3704 τῆς
3461 3633 3668 3686 ἐκείνου
3701 3633 3872 3700 δόξης

2277 3728 2566 3798 ἐφιεμενος
2589 3729 2795 3782 ἐκεῖθεν
2825 3729 3163 3800 κληρονόμος
3196 3727 3474 3798 γενέσθαι,
3506 3731 3538 3799 ἡ
3572 3728 3678 3798 γὰρ
3716 3745 3874 3798 παρ-

2277 3820 2416 3874 οῦσα
2481 3821 2607 3885 δόξα
2660 3820 2818 3884 ἄνθος
2856 3824 3078 3892 χόρτου,
3129 3823 3314 3875 ἐκεῖνα
3365 3821 3639 3889 ἐμπνέων,
3677 3822 3878 3898 εκεῖνα

2279 3915 2358 3975 εἰς
2390 3913 2686 3984 λογισμούς
2720 3930 2812 3966 σου
2842 3914 3050 3984 φέρων,
3083 3914 3183 3967 ὅσα
3209 3914 3310 3984 τὴν
3345 3915 3570 3982 εἰρήνην
3620 3911 3879 3982 βραδεύ-

2281 4020 2400 4057 σειο
2455 4005 2596 4076 ὑπὲρ
2648 4000 2716 4076 ἦς
2747 4006 2807 4058 τὸ
2852 4007 3122 4076 ἄχραντον
3177 4004 3344 4058 αὑτοῦ
3407 3999 3548 4074 αἷμα
3607 4005 3882 4067 κάκεῖνος

2279 4097 2482 4167 ἐξέχεε,
2514 4099 2608 4151 καὶ
2639 4101 2707 4151 τὰ
2736 4099 2898 4152 λοιπὰ
2952 4100 3160 4169 ὑπέστη
3192 4098 3366 4167 πάθη,
3415 4098 3481 4150 δι’
3521 4091 3596 4149 ὧν
3635 4097 3725 4148 τὸν
3761 4113 3882 4150 πα·-

2279 4190 2415 4259 τέρα
2443 4189 2543 4259 τῆς
2584 4190 2788 4260 ἔχθρας
2825 4192 3149 4262 κατήργησε
3186 4192 3277 4244 τὸν
3299 4189 3568 4244 διάϐολον.

2845 4327 2978 4384 ΚΗ’.
3016 4326 3100 4394 Τῷ
3133 4327 3312 4394 αὐτῷ.

2350 4443 2520 4497 Πάλιν
2568 4442 2856 4512 γράφομεν
2890 4440 3026 4510 πρὸς
3058 4439 3174 4492 υἱὸν
3222 4437 3590 4508 ἀγαπώμενον
3629 4437 3761 4508 παρ’
3806 4442 3878 4510 ἡ-

561 4545 837 4599 docilem.
881 4544 1098 4598 Amoris
1127 4546 1270 4598 enim
1303 4544 1620 4613 parentibus
1649 4558 1680 4597 a
1710 4544 1852 4598 natis
1884 4545 2048 4599 debiti
2084 4560 2165 4598 ra-

2278 4534 2419 4606 μῶν,
2453 4537 2500 4588 εί
2562 4535 2654 4587 καὶ
2715 4531 3203 4602 παραλογιζόμεθα
3252 4530 3358 4582 ὑπὸ
3399 4529 3494 4582 τοῦ
3549 4529 3688 4596 υἱοῦ,
3723 4529 3877 4586 ἀλλὰ

585 4638 784 4689 tionem
815 4635 1102 4700 habemus,
1121 4644 1334 4706 tuaeque
1359 4649 1485 4705 erga
1511 4650 1611 4689 nos
1633 4634 1996 4704 despicientiae
2018 4635 2176 4705 igno-

583 4728 812 4781 scimus.
844 4727 1148 4782 Scribimus
1174 4737 1353 4781 autem
1387 4734 1500 4780 tum
1528 4727 1748 4797 proprio
1778 4735 1950 4788 motu,
1973 4735 2086 4780 tum
2118 4734 2172 4780 et

572 4819 916 4890 sanctissimi
935 4817 1093 4886 Papae
1124 4817 1374 4882 consilio,
1401 4818 1583 4873 fratris
1610 4827 1664 4871 et
1689 4819 2048 4872 comministri
2080 4831 2175 4872 no-

569 4899 821 4992 ἶειιὶἀὶιιί
845 4909 1091 4963 omnium
1109 4909 1161 4962 in
1182 4899 1514 4964 clamoribus
1529 4920 1743 4978 propter
1765 4908 2025 4962 miserum
2046 4906 2172 4961 Bul-

562 4993 744 5067 'igaros
778 5001 918 5054 inter
944 5008 1104 5069 atque
1152 4999 1430 5054 Romanos
1459 5014 1643 5054 rerum
1674 5008 1876 5053 statum
1911 4998 2164 5063 sublatis,

585 5093 701 5145 suis
729 5092 946 5159 quidem
988 5091 1163 5146 oculis
1205 5108 1315 5145 non
1343 5091 1481 5145 vidit
1511 5091 1758 5160 ingentes
1809 5089 2165 5157 calamitates,

585 5185 981 5253 captivitatem,
1026 5183 1302 5247 incendia,
1361 5183 1716 5238 ecclesiarum
1780 5183 2166 5248 vastationem,

583 5275 858 5344 virginum
920 5275 1352 5339 defloratiouem,
1436 5273 1650 5337 viduas,
1709 5275 2010 5343 orphauos;
2075 5275 2169 5328 sed

579 5366 781 5420 vulnus
810 5367 1067 5420 acerbum
1128 5366 1180 5420 in
1234 5367 1398 5421 corde
1461 5378 1681 5434 gerens,
1741 5365 1888 5418 viros
1951 5375 2172 5420 sanctos

652 5548 728 5619 (l)
765 5551 890 5602 Erat
914 5546 1001 5599 hic
1026 5543 1305 5619 Iohannes
1327 5543 1401 5619 Χ,
1433 5557 1591 5619 papa.
1614 5542 1804 5598 Exstat
1827 5552 2030 5619 autem“.
2059 5556 2166 5596 non

583 5611 720 5672 sine
743 5619 1114 5679 varietatibus,
1146 5615 1388 5684 epistolae
1421 5611 1584 5684 hujus
1615 5628 1740 5682 pars
1789 5613 1934 5681 apud
1990 5611 2164 5684 Baro~

2281 4629 2570 4700 γράφομεν
2603 4625 2739 4696 πρὸς
2765 4625 2864 4696 τὴν
2883 4626 3109 4693 ἀγάπην
3138 4623 3345 4694 μᾶλλον
3376 4623 3475 4692 τὴν
3507 4638 3880 4695 κεχρεωστη.

2281 4721 2447 4793 μένην
2490 4721 2605 4781 τοῖς
2656 4717 2896 4787 πατράσι
2929 4715 3065 4786 πρὸς
3114 4717 3185 4768 τὰ
3234 4714 3404 4768 τέκνα
3429 4713 3874 4778 ἀποϐλέποντες,

2275 4813 2389 4870 ἀλλ’
2421 4813 2480 4866 οὐ
2516 4809 2650 4881 πρὸς
2685 4812 2779 4862 τὸν
2830 4809 2920 4862 σὺν
2965 4809 3407 4880 παραλογισμὸν,
3440 4806 3498 4860 ὃν
3542 4809 3670 4876 ποιῇ
3722 4804 3876 4876 πρὸς

2278 4907 2454 4975 ἡμᾶς’
2492 4905 2782 4973 γράφομεν
2835 4902 2891 4954 δὲ
2925 4901 2984 4953 τὸ
3023 4901 3124 4970 μέν
3165 4917 3218 4953 τι
3271 4901 3585 4968 κινούμενοι
3644 4895 3703 4961 ἐξ
3729 4898 3877 4950 ἑαυ-

2273 4997 2405 5060 τῶν,
2462 4997 2523 5047 τὸ
2563 4995 2620 5046 δέ
2655 5013 2706 5047 τι
2741 4995 2836 5047 καὶ
2880 4995 3032 5064 παρὰ
3089 4993 3185 5046 τοῦ
3234 4993 3544 5060 ὰγιωτάτου
3579 4990 3743 5043 Πάπα
3778 4988 3870 5059 (Ι)

2273 5087 2371 5142 τοῦ
2426 5087 2658 5157 ἀδελφοῦ
2718 5087 2879 5157 ἡμῶν
2902 5087 2999 5140 καὶ
3033 5084 3476 5157 συλλειτουργοῦ.
3514 5078 3684 5146 Οὗτος
3717 5081 3864 5153 γὰρ,

2275 5179 2469 5249 ἐπειδὴ
2498 5180 2636 5250 πρὸς
2673 5181 2858 5232 πᾶσαν
2914 5178 3209 5249 ἐξηπλώθη
3245 5178 3344 5249 τὴν
3379 5178 3486 5248 γῆν
3525 5177 3618 5230 καὶ
3642 5193 3872 5229 παντα-

2258 5263 2372 5341 χοῦ
2408 5271 2656 5324 λαλεῖται
2705 5272 2772 5324 τὰ
2821 5271 3027 5340 μεταξὺ
3064 5269 3393 5340 Βουλγάρων
3425 5269 3520 5321 καὶ
3566 5268 3875 5336 Ῥωμαίων

2275 5364 2487 5417 ἐλεεινὰ
2551 5365 2899 5436 πράγματα,
2960 5364 3138 5418 καίτοι
3213 5365 3289 5434 μὴ
3353 5363 3695 5433 θεασάμενος
3739 5361 3870 5425 τοῖς

2268 5557 2386 5595 rare
2417 5542 2562 5610 nefas
2594 5551 2672 5595 est
2701 5557 2720 5594 :
2747 5557 2868 5611 qum
2901 5543 3066 5597 verba
3092 5559 3214 5599 eum
3267 5557 3459 5598 recens
3511 5544 3717 5598 codicis
3752 5557 3866 5594 no-

2265 5615 2364 5667 stri
2398 5613 3051 5682 scriptor,schismaticus
3079 5614 3223 5668 ferre
3249 5629 3356 5668 nou
3386 5623 3592 5682 posset,
3645 5614 3868 5667 substi-

582 5691 736 5740 nium
787 5689 855 5741 ad
902 5703 993 5740 an.
1049 5681 1313 5749 CMXVII,
1375 5685 1463 5738 cui
1495 5681 1710 5754 'tradita
1737 5684 1842 5736 fuit
1874 5698 1938 5736 ex
1974 5683 2163 5754 codice
2264 5685 2365 5736 tuit
2396 5683 2585 5738 titulos
2625 5681 2814 5754 fratris
2849 5695 2894 5739 et
2928 5685 3282 5740 comministri
3311 5681 3519 5751 nostri;
3565 5698 3672 5754 qua
3723 5682 3864 5753 fide,

583 5756 764 5811 Lolihi
799 5757 1135 5811 bellunensis
1165 5747 1432 5824 episcopi,
1455 5754 1545 5807 ubi
1581 5756 1683 5807 hoc
1701 5753 1822 5806 loco
1848 5747 2160 5821 sequiturd)
2263 5768 2425 5808 nemo
2461 5769 2569 5808 non
2603 5747 2766 5808 videt.

584 5827 832 5880 ἀπειθεῖν
859 5826 1117 5895 ἀθέμιτον
1143 5823 1428 5897 κρίνομεν,
1485 5825 1571 5878 cui
1626 5823 1843 5877 minime
1893 5825 2156 5890 obtempe-
