4152 6402
324 285 426 356 ΥΠ

1819 302 2232 377 EPISTOL/E’.

3516 330 3619 400 178

324 404 637 513 ὀφθαλμρῖς
672 407 779 480 τὴν
833 411 1109 483 τοσαύτην
1168 414 1473 487 συμφορὰν,
1524 419 1623 489 τὴν
1648 419 1931 491 αἰχμαλω-

2038 426 2253 499 Deoque
2286 439 2564 499 acceptos,
2603 433 2742 490 inter
2772 451 2912 507 quos
2951 439 3347 513 episcoporum.
3387 461 3614 505 suorum

328 499 474 562 σὶαν,
512 498 621 569 τὴν
665 504 978 572 πυρκαϊὰν,
1010 504 1113 573 τὴν
1144 507 1424 563 ἀπώλειαν
1450 527 1559 565 των
1596 512 1928 584 ἐκκλησιῶν,

328 589 425 658 τὴν
457 588 775 660 διαφθορὰν
815 591 928 645 τῶν
958 594 1271 664 παρθένων,
1293 597 1392 667 τὴν
1422 600 1679 671 χηρείαν,
1714 603 1815 673 τὴν
1837 605 1931 672 dp-

329 681 558 748 φανίαν,
608 683 687 752 μὴ
718 683 1065 755 θεασάμενος
1095 688 1294 753 ταῦτα,
1336 690 1453 743 ἀλλ’
1487 692 1597 745 ἀπὸ
1636 694 1803 763 μόνης
1830 695 1931 765 τῆς

330 774 505 842 ἀκοῆς
530 773 722 839 ὀξεῖαν
770 776 957 845 φέρων
992 779 1051 832 ἐν
1080 782 1150 849 τῇ
1190 781 1391 853 καρδία
1417 783 1520 854 τὴν
1557 785 1797 858 πληγὴν,
1831 789 1928 842 καὶ

331 863 410 933 μὴ
434 865 751 936 δυνάμενος
774 867 876 930 τὰς
904 868 1163 939 δριμείας
1210 871 1510 945 ὑποφέρειν
1535 877 1751 944 ὀδύνας,
1792 879 1928 932 ἀπέ-

330 955 552 1009 στειλεν
604 957 792 1026 ίεροὺς
836 958 1009 1011 αὑτοῦ
1073 961 1399 1032 ἀνθρώπους
1457 965 1736 1037 ἀρχιερεῖς
1789 968 1933 1022 κατά

330 1047 520 1101 nivea
549 1046 674 1117 Θεῷ
703 1046 1067 1117 εὐαρέστους,
1105 1050 1195 1104 τὸν
1229 1051 1329 1122 μέν
1360 1054 1578 1125 πρῶτον
1609 1058 1932 1128 ὑπάρχοντα

341 1139 452 1192 τῶν
480 1138 685 1193 ἐαυτοῦ
707 1141 1054 1198 ἐπισκόπων.
1082 1144 1461 1212 Θεοφύλακτος
1494 1149 1549 1202 δέ
1570 1143 1728 1215 οὗτος
1750 1152 1933 1206 καλεῖ-

338 1249 456 1284 ται·
487 1233 684 1303 ἕτερον
742 1233 800 1286 δὲ
856 1235 953 1287 καὶ
1008 1236 1175 1289 αὑτὸν
1219 1238 1525 1294 ἐπίσκοπον
1551 1242 1616 1295 οὑ
1657 1243 1795 1297 πολὺ
1831 1246 1930 1315 τῆς

335 1324 554 1378 ἐκείνου
581 1324 913 1396 λειπόμενον
942 1327 1170 1395 τάξεως,
1202 1331 1384 1401 Κάρος
1420 1334 1515 1387 καὶ
1551 1328 1711 1399 οὗτος
1746 1336 1929 1391 καλεῖ⁴

334 1432 453 1469 ται.
510 1417 679 1471 Ἀλλά
708 1418 819 1486 γάρ
849 1417 1079 1483 τούτους
1124 1421 1405 1476 ἐπέστειλε
1439 1426 1576 1494 πρὸς
1605 1425 1664 1479 σὲ
1690 1428 1927 1499 γράμμα

336 1508 699 1575 κομίζοντας.
748 1503 811 1563 οὗ
852 1510 882 1563 ὀ
919 1511 1126 1574 σκοπὸς
1156 1514 1248 1566 καὶ
1289 1515 1550 1587 ήσπουδὴ
1591 1516 1659 1569 τά
1709 1518 1925 1588 χαλεπά

334 1593 523 1647 ταῦτα
549 1595 617 1648 τὰ
648 1594 848 1665 μεταξὺ
894 1598 1225 1670 Βουλγάρων
1256 1603 1351 1654 καὶ
1418 1603 1709 1672 Ῥωμαίων
1736 1607 1799 1659 ἐκ
1825 1608 1925 1677 μέ-

341 1701 444 1738 σου
463 1688 736 1755 γενέσθαι,
754 1689 843 1745 καὶ
863 1689 955 1744 τὸν
976 1693 1189 1763 πατέρα
1201 1695 1310 1747 τῶν
1324 1696 1511 1749 κακῶν
1532 1697 1777 1753 διάϐολον
1800 1718 1933 1754 κατ-

348 1778 741 1848 αισχυνθῆναι,
766 1783 979 1853 εἰρήνην
1028 1782 1086 1837 δὲ
1129 1783 1522 1857 βραδευθῆναι,
1554 1788 1621 1859 ἢν
1649 1791 1938 1861 ἐχαρίσατο
1971 1789 2019 1849 Β

353 1872 483 1932 τοῖς
522 1871 955 1943 ἐπικεκλημένοις
1002 1874 1081 1946 τῷ
1110 1876 1202 1930 τοῦ
1221 1878 1464 1949 Χριστοῦ
1498 1879 1729 1950 ὀνόματι
1778 1883 1940 1947 αὐτὸς

345 1962 381 2013 ὁ
429 1962 669 2031 Χριστὸς
726 1964 916 2034 ἡμῶν,
961 1968 995 2035 ἡ
1056 1968 1403 2040 ὑπερέχουσα
1460 1973 1637 2027 πάντα
1680 1974 1804 2027 νοῦν
1859 1977 1940 2027 εί-

335 2052 528 2123 ρήνη,
557 2056 586 2107 ὁ
640 2056 736 2125 τῆς
770 2056 976 2128 ἔχθρας
1017 2059 1355 2133 καθαιρέτης
1407 2066 1503 2118 καὶ
1543 2064 1623 2134 τῷ
1658 2066 1940 2138 συνδέσμῳ

326 2145 437 2214 τῆς
514 2147 740 2218 ἀγάπης
816 2151 1240 2223 συνδεδεμένους
1336 2151 1480 2209 εἶναι
1569 2158 1937 2229 βουλόμενος,

325 2236 463 2300 τοὺς
520 2239 735 2321 ἐκεῖνον
786 2242 1188 2313 ὁμολογοῦντας
1235 2248 1514 2319 Δεσπότην
1567 2250 1661 2303 καὶ
1713 2250 1938 2321 Κύριον.

342 2326 493 2380 Ἀλλ’
546 2330 691 2401 ὅπερ
743 2327 901 2387 εἶπον
942 2334 1120 2399 οὕτως
1166 2338 1229 2390 ἐκ
1276 2337 1445 2408 μόνης
1489 2340 1591 2409 τῆς
1639 2340 1814 2411 ἀκοῆς
1838 2358 1939 2394 πε·-

338 2418 664 2490 πληγμένος
715 2424 816 2494 τὴν
871 2426 1123 2496 καρδίαν,
1156 2426 1324 2481 δ’τῶν
1364 2428 1659 2500 Ῥωμαίων
1694 2432 1940 2500 ἁγιώτα-

341 2526 428 2574 to;
448 2513 780 2585 ἀρχιερεὺς,
822 2518 919 2570 καὶ
973 2519 1177 2585 πάντες
1218 2522 1268 2574 oi
1313 2521 1602 2587 τελοῦντες
1634 2524 1727 2577 ὑπ’
1772 2526 1938 2579 αὑτὸν

342 2601 679 2675 ὑποχείριοι,
737 2608 1074 2665 ἀπέστειλαν
1116 2613 1254 2685 πρὸς
1310 2616 1462 2685 ἡμᾶς
1493 2614 1810 2688 γράψαντες
1841 2618 1939 2671 καί¹

340 2693 474 2762 ἡμῖν
526 2697 757 2764 τούτους
798 2703 964 2756 παντὶ
1019 2705 1208 2777 τρόπῳ
1243 2705 1312 2759 δι’
1356 2707 1517 2778 ἡμῶν
1548 2707 1936 2779 ἐκπεμφθῆναι

340 2785 482 2853 πρὸς
534 2787 903 2862 Βουλγαρὶαν,
950 2794 1263 2860 ἐλπίζοντες
1283 2797 1359 2861 ὡς
1401 2798 1624 2861 πάντως
1659 2798 1938 2872 πεισθήσῃ

336 2875 372 2943 ἢ
406 2878 472 2946 τῇ
502 2878 734 2933 ἐκείνων
762 2884 1109 2953 παραινέσει,
1154 2886 1186 2957 ἢ
1238 2887 1315 2952 τῷ
1341 2887 1549 2959 δεσμῷ.
1587 2889 1939 2959 Παρεκελεύ-

344 2983 477 3020 σατο
497 2969 609 3041 γὰρ
636 2972 733 3025 καὶ
762 2972 924 3028 τοῦτο
953 2978 1069 3039 τοῖς
1114 2976 1308 3031 ἐαυτοῦ
1358 2979 1683 3043 ἀποστόλοις
1707 2981 1736 3033 ὁ
1758 2980 1935 3051 ἁγιώ-

341 3076 502 3123 τατςς
569 3063 791 3129 Πάπας,
834 3066 921 3118 ἵνα
974 3068 1071 3121 ἐάν
1126 3087 1230 3141 περ
1284 3070 1423 3142 πρὸς
1472 3070 1572 3142 τὴν
1611 3073 1933 3143 παραίνεσιν

2036 522 2358 593 principem,
2392 524 2860 597 Theophylactum
2912 531 3151 596 nomine,
3198 545 3251 589 et
3292 536 3489 593 Carum
3540 541 3618 596 illi

2032 629 2320 685 supparem
2378 619 2554 687 quoad
2589 619 2928 689 dignitatem,
2966 623 3033 677 ad
3067 626 3205 679 mala
3242 627 3489 684 lenienda
3518 632 3619 686 nti-

2033 660 2320 685 -..ημ-..μη
2378 660 2554 687 qum...
2590 660 2928 689 manuum",
2966 660 3033 677 ω.-
3068 660 3205 679 "aula
3242 660 3489 684 act-Icum:
3518 660 3619 686 ιιιι-
3654 660 3682 747 ί

2033 708 2125 761 sit.
2176 709 2243 763 Et
2267 709 2533 782 delegavit
2562 713 2780 782 quidem
2812 715 2912 770 hos
2964 716 3112 773 viros
3148 718 3216 773 ad
3246 728 3297 775 te
3325 737 3446 776 cum
3476 722 3620 778 litte—
3656 756 3657 759 η

2034 799 2108 854 ris
2140 801 2408 858 suasoriis
2455 813 2515 857 ut
2546 804 2788 860 dissidiis
2825 806 3087 877 Bulgaros
3129 809 3276 866 inter
3305 822 3359 867 et
3414 814 3619 869 Roma-

2034 907 2135 949 nos
2181 893 2307 949 linis
2370 895 2779 965 imponeretur;
2839 901 3084 955 omnium
3151 918 3318 972 porro
3350 904 3620 961 malorum

2033 993 2209 1053 pater,
2246 984 2499 1041 diabolus
2520 987 2989 1058 confunderetur;
3030 1008 3133 1062 pax
3162 994 3401 1066 denique
3456 1000 3620 1054 resti-

2035 1088 2313 1146 tueretur,
2346 1096 2512 1151 quam
2539 1081 2789 1138 Christus
2828 1084 2945 1154 ipse
2981 1085 3248 1158 impertiit
3282 1105 3482 1146 nomen
3512 1091 3618 1147 sibi

2033 1175 2328 1242 dantibus;
2366 1192 2578 1246 pacem,
2617 1177 2863 1248 inquam,
2918 1195 3041 1250 quae
3071 1196 3291 1237 omnem
3349 1186 3617 1240 rationem

2032 1272 2275 1342 superat.
2327 1274 2586 1330 Christus
2642 1290 2877 1347 namque
2910 1276 3229 1336 inimicitias
3276 1281 3614 1336 destruendo

2032 1382 2126 1421 eos
2158 1367 2252 1436 qui
2294 1367 2471 1436 ipsum
2524 1367 2811 1423 Dominum
2861 1370 3190 1425 conﬁtentur
3237 1375 3442 1428 amoris
3478 1375 3622 1428 inter

2033 1473 2093 1514 se
2123 1459 2345 1514 vinculo
2372 1475 2545 1530 usque
2576 1461 2806 1515 adunari
2850 1463 3067 1532 satagit.
3107 1462 3235 1530 Sed,
3274 1472 3333 1518 ut
3360 1464 3620 1528 diximus,

2032 1550 2414 1606 sanctissimus
2478 1549 2854 1606 Romanorum
2914 1554 3201 1622 episc0pus
3232 1563 3286 1607 et
3325 1553 3373 1607 ei
3419 1552 3621 1608 subditi

2033 1638 2336 1709 presbyteri
2370 1639 2533 1695 rebus
2564 1641 2715 1696 hisce
2754 1657 2850 1711 per
2880 1641 3051 1697 solam
3086 1642 3289 1698 famam
3327 1644 3618 1715 perceptis,

2046 1746 2170 1785 cum
2204 1731 2371 1786 animi
2408 1734 2624 1789 tristitia
2654 1735 2718 1789 ad
2746 1750 2844 1789 nos
2877 1735 3217 1805 scripserunt
3253 1747 3536 1792 monentes
3561 1748 3623 1792 ut

2046 1824 2122 1884 illi
2166 1826 2267 1880 viri
2330 1827 2397 1882 ad
2454 1826 2711 1897 Bnlgaros
2750 1828 3115 1893 mitterentur,
3148 1827 3201 1883 id
3232 1839 3537 1898 sperantes,
3571 1840 3624 1885 te

2045 1928 2158 1973 tum
2194 1918 2436 1989 ipsorum
2454 1921 2840 1987 exhortationi,
2859 1929 2972 1975 tum
3001 1919 3255 1976 amicitiae
3281 1920 3623 1975 interceden-

2044 2013 2112 2068 tis
2169 2012 2290 2068 voci
2322 2014 2632 2068 audientem
2674 2012 2812 2068 fore.
2842 2012 2896 2067 ld
2915 2013 3057 2067 enim
3077 2013 3457 2069 sanctissimus
3477 2012 3623 2081 Papa

2042 2106 2235 2176 legatis
2304 2105 2422 2161 suis
2486 2105 2809 2175 impertivit,
2869 2114 2931 2160 ut
2975 2116 3057 2172 te,
3107 2105 3199 2160 ubi
3265 2104 3624 2161 insinuationi

2041 2209 2205 2249 aures
2268 2208 2376 2247 non
2420 2194 2741 2264 praebueris,
2798 2193 3032 2263 Spiritus
3080 2196 3253 2252 sancti
3323 2194 3621 2249 indissolu-

2042 2285 2135 2340 bili
2203 2284 2424 2340 vinculo
2484 2285 2940 2355 perstringerent.
2998 2284 3111 2341 Hos
3161 2286 3383 2342 eosdem
3435 2286 3620 2355 itaque

2043 2377 2191 2431 viros
2258 2377 2324 2431 ad
2381 2385 2433 2431 te
2482 2391 2701 2448 quoque
2737 2379 2955 2433 mittere
3012 2376 3172 2433 nobis
3206 2377 3261 2431 in
3298 2376 3483 2431 animo
3519 2374 3623 2429 fuit

2040 2468 2293 2540 quamvis
2323 2478 2713 2540 :metueremus
2766 2484 2854 2535 ne,
2906 2469 3071 2525 rebus
3126 2483 3413 2539 perperam
3472 2467 3624 2538 judi-

2040 2558 2199 2621 catis,
2260 2558 2648 2627 apocrisiarios
2682 2559 2865 2614 minus
2911 2559 3049 2615 bene
3101 2567 3322 2623 tractes,
3366 2559 3418 2613 id
3472 2559 3620 2628 quod

2039 2663 2124 2707 εει
2191 2651 2349 2720 plane
2411 2664 2600 2706 contra
2643 2651 2735 2719 jus
2818 2653 3060 2722 gentium
3125 2652 3212 2706 vel
3296 2650 3620 2705 inﬁdelium.

2040 2742 2210 2813 Egre
2269 2745 2414 2797 enim
2451 2758 2679 2811 prorsus
2716 2741 3012 2808 ferremus,
3049 2742 3096 2798 si
3136 2742 3317 2813 dignis
3346 2741 3454 2796 illis
3490 2742 3621 2799 viris

2038 2846 2163 2906 post
2221 2836 2326 2891 iter
2388 2834 2680 2890 difﬁculter
2741 2833 2996 2891 eﬂ'ectum
3043 2875 3058 2900 ,
3119 2849 3299 2889 rerum
3365 2834 3618 2903 angustia

2039 2928 2245 2998 pressis
2281 2928 2558 2983 cruciatus
2588 2926 2861 2983 subeundi
2896 2925 3096 2982 forent.
3126 2924 3277 2981 lianc
3324 2926 3488 2981 etiam
3546 2926 3618 2979 ob

2039 3058 2261 3099 rausam
2285 3043 2511 3113 epistola
2553 3043 2649 3097 tibi
2678 3042 2746 3097 ab
2780 3042 2897 3113 ipso
2924 3042 3067 3113 Papa
3102 3048 3266 3097 missa
3301 3041 3437 3108 fuit;
3474 3040 3620 3096 viros

343 3151 572 3224 κῗείσῃς
600 3156 672 3209 τά
701 3174 837 3219 ωτα,
861 3159 1050 3230 δεσμῷ
1083 3134 1268 3233 ἀλύτῳ
1313 3134 1373 3215 σε
1406 3134 1505 3216 τοῦ
1527 3134 1540 3142 -
1562 3134 1721 3233 ἀγίοῦ
1763 3164 1934 3219 Πνεύ·

2042 3138 2191 3207 ipsos
2222 3137 2365 3206 apud
2385 3149 2486 3191 nos
2504 3135 2830 3190 retinuimus
2852 3143 3157 3191 metuentes
3178 3150 3247 3189 ne
3270 3134 3618 3203 iniuriarum,

346 3264 519 3315 ματος
554 3251 997 3323 συνδεσμήσωσι.
1026 3257 1263 3322 Τούτους
1284 3254 1378 3312 οῦν
1398 3259 1493 3313 ἐπ)⁵
1509 3260 1686 3331 τούτῳ
1712 3260 1850 3331 πρὸς
1878 3259 1939 3314 σὲ

340 3341 813 3414 ἀπεσταλμένους,
848 3347 1226 3421 ἐδουλήθημεν
1264 3351 1358 3404 καὶ
1377 3352 1540 3422 ἡμεῖς
1562 3353 1697 3423 πρδς
1719 3353 1781 3406 σὲ
1799 3355 1939 3406 ἀπο-

340 3432 584 3485 στεῖλαι·
644 3435 762 3489 ἀλλ’
816 3439 998 3492 ἐκεῖνο
1059 3440 1486 3513 ἐνθυμηθέντες,
1534 3442 1612 3506 ὠς
1668 3443 1770 3497 οὑκ
1822 3441 1939 3498 οῖδα

337 3523 531 3588 πόθεν,
589 3528 782 3582 τέκνον
829 3531 1213 3603 ἠγαπημένον,
1276 3538 1414 3605 μετά
1450 3535 1560 3589 τῶν
1616 3535 1796 3591 ἄλλων
1824 3538 1923 3592 καὶ

339 3616 507 3671 τοῦτο
532 3624 709 3673 ποιεῖν
740 3622 969 3691 διέγνως
1006 3627 1067 3679 οὑ
1102 3627 1307 3693 καλῶς,
1337 3627 1397 3683 τὸ
1426 3630 1558 3694 τοὺς
1602 3631 1936 3701 ἀποκρισια-

340 3710 499 3777 ρίους
523 3713 803 3783 κατέχειν,
826 3716 965 3788 ὅπερ
1008 3718 1066 3772 ἐν
1096 3719 1271 3773 οὐδενὶ
1294 3720 1404 3773 τῶν
1423 3720 1598 3776 ἀλλων
1621 3721 1793 3777 ἐθνῶν
1825 3723 1935 3778 οὐδ’

335 3804 400 3855 ἐν
419 3808 535 3868 τοῖς
553 3806 806 3872 ἀπίστοις
820 3811 1011 3879 ὁρᾶται
1054 3813 1360 3883 γινόμενον,
1383 3814 1662 3886 ὑπεστάλη
1672 3833 1771 3886 μεν
1792 3815 1934 3870 ὥστε

336 3898 415 3966 μὴ
460 3898 595 3959 τοὺς
645 3899 847 3971 ἀνδρας
902 3904 1044 3974 μετά
1068 3905 1170 3975 τῆς
1196 3905 1364 3976 ἀλλης
1414 3907 1820 3979 ταλαιπωρίας,
1856 3911 1924 3981 ἢν

338 3990 667 4060 ὑπέστησαν
694 3994 955 4049 τοσοῦτον
997 3998 1172 4068 μῆκος
1216 3999 1339 4054 ὁδοῦ
1374 4002 1804 4073 ἐκπονήσαντες,
1838 4003 1934 4058 καὶ

331 4080 544 4152 εἰςτὴν
610 4083 766 4155 παρά
795 4084 890 4138 σοῦ
942 4091 1310 4160 στενοχωρίαν
1368 4093 1464 4145 καὶ
1519 4093 1767 4148 κάκωσιν
1836 4095 1935 4164 ἐμ-

335 4170 557 4228 πεσεῖν.
591 4174 695 4227 Διά
738 4176 897 4258 τοῦτο
929 4178 989 4232 τὸ
1013 4179 1112 4249 μὲν
1152 4181 1366 4253 γραφὲν
1397 4184 1535 4254 πρὸς
1588 4185 1647 4239 σὲ
1696 4186 1935 4258 γράμμα

334 4264 496 4334 παρά
563 4265 661 4319 τοῦ
702 4254 1011 4336 ἀγιωτάτου
1072 4272 1237 4327 Πάπα
1297 4274 1651 4347 ἐξεπέμφθη·
1859 4254 1932 4333 δὲ

332 4353 654 4425 ἀνθρώπων
697 4360 1017 4428 φεισάμενοι
1068 4362 1169 4433 τῆς
1198 4364 1520 4432 κακώσεως,
1558 4366 1646 4421 ἵνα
1682 4368 1756 4439 μὴ
1788 4368 1932 4439 λέγω

334 4445 432 4497 τοῦ
455 4448 723 4515 θανάτου,
763 4454 862 4522 τῆς
902 4453 1039 4523 πρὸς
1084 4454 1146 4507 σὲ
1198 4456 1439 4524 ἀφίξεως
1492 4459 1804 4530 ἐπέσχομεν
1834 4461 1932 4515 αὑ-

337 4538 487 4601 τούς.
515 4540 585 4593 Τί
626 4540 723 4595 οὖν
776 4561 945 4614 φημι,
990 4546 1183 4601 τέκνον
1228 4547 1422 4618 ἡμῶνς
1460 4549 1661 4603 Σκόπει
1713 4552 1808 4604 καὶ
1856 4553 1931 4623 μὴ

344 4626 613 4702 βουληθῇς
646 4631 838 4704 ὥσπερ
876 4635 1035 4706 ἡμῶν
1056 4639 1499 4710 καταφρονῆσαι,
1544 4640 1690 4695 οὑτω
1720 4643 1812 4695 καὶ
1839 4643 1934 4696 τοῦ

348 4716 440 4770 νῦν
468 4722 609 4790 πρὸς
652 4723 713 4775 σέ
764 4724 1074 4794 γράψαντος
1123 4726 1220 4781 τοῦ
1266 4727 1557 4799 Ῥωμαίων
1603 4731 1934 4802 ἀρχιερέως.

362 4811 498 4865 Ἀλλ’
520 4816 570 4867 εί
603 4804 702 4867 καὶ
729 4817 876 4885 ἡμᾶς
900 4818 959 4870 ἐν
990 4818 1171 4871 οὐδενὶ
1223 4817 1352 4873 ἔθου
1382 4821 1477 4873 καὶ
1525 4826 1624 4886 τὰς
1652 4823 1931 4893 ἡμετέρας

336 4907 736 4975 παραινέσεις,
775 4909 1010 4981 τίμησον
1067 4912 1280 4965 ἐκείνου
1336 4914 1436 4983 τὴν
1499 4914 1801 4979 νουθεσίαν,
1854 4917 1929 4987 μή

264 5030 306 5087 οη
336 5017 471 5053 ποτε
529 5001 939 5073 ἀτιμαζομένου
1005 5003 1175 5057 αὑτοῦ
1204 5043 1221 5071 ,
1285 5004 1497 5059 οἰκείαν
1535 5006 1585 5058 οί
1637 5008 1931 5077 κορυφαῖοι

286 5094 291 5099 ’
335 5093 639 5146 ἀπόστολοι
670 5095 770 5165 τὴν
796 5096 1023 5165 ἀτιμίαν
1053 5098 1439 5168 ποιησάμενοι,
1470 5098 1544 5160 ὡς
1565 5098 1625 5150 ἐν
1650 5099 1808 5152 νυκτὶ
1836 5100 1933 5154 καὶ

338 5184 533 5254 ἡμέρα.
566 5183 781 5250 τούτοις
813 5187 1358 5260 ὲξυπηρετουμένου,
1399 5189 1569 5261 δριμὺ
1623 5189 1931 5260 ἐπιϐλέψαι-

338 5293 428 5329 σιν
460 5277 557 5329 ἐπὶ
611 5279 703 5331 σέο
744 5281 840 5334 καὶ
876 5280 978 5333 οὑκ
1030 5277 1153 5334 οἶδα
1196 5282 1244 5335 εί
1272 5281 1547 5353 δυνηθήσῃ
1586 5280 1687 5351 τὴν
1737 5278 1937 5353 δριμύ-

334 5384 479 5436 τητα
519 5370 844 5441 ὑποστῆναι.
914 5372 1264 5440 Ἀναλόγισαι
1314 5373 1542 5442 Πέτρον,
1576 5373 1723 5435 ὅπως
1776 5373 1937 5425 Ἀνα-

338 5458 461 5512 νίαν
488 5464 583 5514 καὶ
607 5462 707 5533 τὴν
735 5464 951 5517 ἐκείνου
976 5463 1211 5533 σύζυγον
1241 5463 1318 5534 τῷ
1348 5463 1565 5533 θανάτῳ
1620 5462 1939 5533 παρέδωκεν

2044 3229 2155 3283 imo
2185 3227 2379 3285 mortis
2409 3227 2581 3296 ipsius
2620 3226 2913 3283 discrimen
2946 3226 3214 3282 subirent.
3245 3225 3385 3292 Quid
3418 3227 3571 3294 plura
3599 3224 3621 3277 ἲ

2040 3319 2098 3375 id
2130 3336 2251 3391 age,
2285 3320 2358 3374 mi
2411 3320 2511 3386 lili,
2563 3334 2632 3375 ne
2684 3317 2910 3389 Papam,
2952 3328 3013 3373 ut
3062 3333 3185 3382 nos,
3229 3316 3384 3372 ﬂocci
3425 3315 3618 3372 facias.

2041 3412 2198 3480 Quod
2252 3413 2296 3468 si
2338 3428 2437 3469 nos
2468 3412 2618 3483 ipsos
2647 3426 2753 3482 pro
2785 3409 2958 3465 nihilo
2996 3410 3168 3466 habes
3196 3419 3249 3464 et
3283 3409 3621 3475 exhortatio-

2042 3522 2140 3564 nes
2167 3514 2385 3561 nostras
2417 3504 2817 3577 tergiversaris,
2867 3511 2922 3558 at
2954 3503 3100 3558 illius
3134 3504 3325 3557 saltem
3370 3501 3620 3565 consiliis

2042 3599 2282 3654 attende.
2316 3598 2417 3654 Ubi
2455 3599 2599 3652 enim
2630 3596 2789 3665 Papae
2818 3596 3117 3652 auctoritas
3167 3596 3469 3666 spernitur,
3507 3608 3623 3648 me-

2040 3689 2299 3745 tuendum
2333 3699 2416 3744 est
2441 3702 2508 3744 ne
2537 3688 2738 3743 summi
2779 3687 3032 3758 apostoli,
3065 3683 3224 3753 Papae
3253 3685 3473 3739 nomine
3498 3697 3623 3736 sese

2038 3780 2279 3836 oﬂ‘ensos
2302 3779 2651 3845 arbitrantes,
2676 3778 2878 3847 iniquis
2918 3787 2970 3832 te
3005 3776 3177 3831 oculis
3209 3775 3503 3844 aspiciant,
3531 3779 3620 3826 tu-

2038 3890 2144 3941 que
2196 3872 2310 3941 ipse
2364 3872 2593 3940 turpiter
2649 3870 2963 3925 occumbas.
3018 3868 3160 3922 Ante
3202 3865 3392 3920 oculos
3432 3865 3626 3935 ponito

2037 3967 2257 4023 Petrum
2294 3967 2388 4037 qui
2434 3964 2702 4018 Ananiam
2758 3964 2986 4034 ejusque
3045 3974 3293 4026 uxorem,
3345 3958 3427 4014 ira
3484 3973 3620 4013 con-

2039 4062 2201 4127 citus,
2252 4068 2430 4113 morte
2476 4056 2744 4112 multavit.
2816 4053 2876 4109 lu
2930 4062 3170 4109 mentem
3223 4066 3419 4107 revoca
3473 4049 3619 4105 Pau-

2038 4155 2149 4209 lum
2183 4155 2274 4224 qui
2299 4153 2501 4223 Elymae
2533 4150 2675 4221 magi
2705 4149 2895 4205 oculos
2918 4145 3232 4220 occaecavit,
3265 4145 3407 4217 quod
3441 4143 3620 4215 Apos-

2040 4246 2151 4303 tolo
2192 4247 2441 4301 infensus
2480 4259 2600 4300 esse
2635 4241 2940 4297 videbatur.
2977 4237 3105 4295 Haec
3150 4237 3371 4310 quidem
3437 4239 3621 4291 animo

2038 4336 2345 4400 considera,
2381 4334 2454 4388 mi
2508 4332 2605 4399 ﬁli,
2662 4346 2843 4402 neque
2891 4328 2946 4384 id
3000 4328 3335 4394 committas,
3369 4334 3429 4381 ut
3459 4324 3619 4396 Papa:

2038 4444 2193 4500 aeque
2219 4444 2283 4485 ac
2313 4436 2532 4483 nostras
2553 4424 2976 4486 ltadmonitiones
3006 4421 3181 4476 ventis
3213 4420 3432 4486 tradas;
3471 4418 3618 4488 quod

2038 4539 2105 4578 eo
2142 4522 2325 4577 minus
2362 4520 2554 4585 facies,
2588 4518 2715 4588 quia
2756 4524 2817 4572 ut
2875 4515 3193 4582 didicimus,
3242 4513 3423 4583 magni
3480 4510 3617 4566 facis

2034 4615 2309 4686 principes
2335 4621 2552 4669 sanctos
2573 4609 2959 4689 Apostolorum
2993 4622 3011 4669 ;
3043 4621 3182 4678 quos
3225 4604 3272 4661 si
3302 4618 3493 4672 reapse
3524 4617 3619 4657 vev

2036 4708 2271 4773 tteraris,
2306 4722 2432 4761 eum
2468 4706 2657 4775 utique
2688 4700 3062 4765 veneraberis,
3102 4698 3195 4769 qui
3255 4698 3487 4752 istorum
3527 4711 3617 4750 se-

2036 4806 2161 4857 dem
2223 4809 2476 4870 occupat.
2542 4796 2670 4851 Haec
2726 4804 2910 4851 autem
2974 4792 3292 4857 scribimus,
3330 4799 3386 4844 et
3428 4788 3620 4843 Roma:

2045 4895 2379 4951 mentionem
2443 4891 2676 4947 facimus
2731 4889 2803 4944 ob
2832 4888 3043 4959 legatos
3072 4885 3142 4941 ad
3189 4894 3242 4941 te
3303 4883 3620 4939 mittendos.

2045 4988 2221 5044 Probe
2247 4989 2411 5043 etiam
2436 4984 2643 5041 scimus
2679 4996 2779 5053 per
2831 4981 2927 5037 Dei
2974 4980 3231 5051 gratiam,
3263 4976 3406 5049 quod
3447 4977 3492 5033 si
3549 4976 3623 5032 ob

2042 5094 2269 5158 quartas
2296 5084 2515 5154 nuptias
2549 5079 2868 5138 scandalum
2900 5080 2956 5134 in
2998 5076 3264 5162 Ecclesia.
3296 5077 3622 5142 surrexerit,

2042 5181 2140 5234 viri
2172 5178 2349 5233 sancti
2411 5177 2466 5230 in
2496 5174 2645 5230 omni
2676 5171 2987 5229 humilitate
3017 5170 3369 5227 anathemate
3402 5168 3453 5223 id
3493 5183 3621 5238 pro-

2038 5274 2346 5344 pulsarunt.
2376 5270 2754 5337 Quodcunque
2780 5266 2927 5323 enim
2961 5264 3251 5322 sanatione
3280 5279 3419 5332 opus
3453 5263 3619 5316 habe-

2041 5368 2161 5428 bat,
2180 5372 2433 5420 sanatum
2466 5361 2589 5417 fuit.
2647 5362 2919 5418 Caeterum
2959 5360 3137 5416 sacris
3172 5372 3394 5429 operam
3426 5356 3619 5409 damus

2040 5459 2336 5530 mysteriis,
2383 5466 2437 5511 et
2490 5452 2896 5510 communionis
2951 5467 3143 5509 eorum
3192 5466 3260 5506 ac
3310 5444 3618 5504 sanctiﬁca-

340 5553 406 5605 ἐκ
438 5555 609 5625 μόνης
625 5557 1061 5626 ἀγανακτήσεως
1082 5574 1095 5588 ·
1132 5556 1469 5630 ἐνθυμήθητι
1496 5555 1730 5623 Παῦλον,
1790 5558 1935 5620 ὅπως

2043 5553 2209 5609 tionis
2235 5549 2651 5622 participamus,
2706 5549 2850 5605 unde
2875 5545 3136 5605 Romanae
3165 5555 3380 5614 quoque
3406 5546 3458 5593 et
3481 5536 3615 5591 Con-

422 5760 437 5791 '
480 5762 598 5821 Act.
645 5775 699 5815 γ.
780 5761 799 5792 ¹
843 5758 972 5813 Act.
1006 5770 1136 5810 xvtt.
