4152 6418
538 324 640 387 183

1673 325 1982 386 NICOLAI
2019 326 2134 385 (ΣΡ.
2173 321 2688 386 PATRIARCIUE

3706 327 3808 392 18£

536 439 802 505 termitto,
853 437 1066 494 scilicet
1095 437 1367 506 virginum
1408 437 1836 503 slttprationem,
1877 437 2097 491 debitan

2225 437 2403 491 ἄλλων
2433 439 2555 492 ὅσαι
2579 437 2722 493 κατᾶ
2750 440 2933 510 χώρας
2963 440 3210 510 ὑπῆρχον
3237 440 3548 510 ἐκκλησίαι,
3594 442 3687 494 καὶ
3711 444 3812 510 τῆς

535 532 822 586 monachis
860 540 1098 585 amotam
1136 529 1520 591 reverentiam,
1567 544 1897 599 sacrumque
1931 543 2117 583 sacer-

532 627 721 679 dotum
779 622 870 677 Dei
921 623 1167 676 ordinem
1224 623 1556 690 captivitate,
1585 631 1643 675 ut
1675 622 1832 686 solet,
1867 621 2119 675 humana:

533 715 897 770 institutionis
941 716 1133 776 instar,
1198 713 1251 766 in
1291 713 1751 780 contemptionem
1787 711 2058 782 dejectnm
2098 729 2111 764 :

531 805 664 871 Quae
698 806 878 858 omnia
926 803 1186 859 scandala
1235 804 1392 872 quasi
1444 817 1550 854 non
1583 801 1717 855 satis
1763 800 1998 856 fuissent
2046 799 2114 854 ad

532 897 969 952 contristandum
1005 895 1283 950 Christum
1321 892 1489 947 Deum
1518 902 1788 954 nostrum,
1819 891 2006 958 etiam,
2063 899 2116 947 te

532 1002 773 1055 mortuo,
820 991 938 1046 sine
969 1004 1064 1060 spe
1088 987 1451 1057 reparationis
1483 986 1801 1056 persistent.
1845 984 2115 1041 Juventus

527 1083 639 1152 jam
679 1094 769 1138 tua
828 1083 998 1137 evasit
1045 1099 1060 1136 :
1117 1081 1267 1149 atqui
1324 1080 1458 1150 ipsis
1502 1079 1799 1147 juvenibus
1853 1094 1978 1148 spes
2030 1080 2114 1132 vi-

534 1173 690 1228 vendi
747 1175 978 1227 incerta.
1031 1169 1163 1235 Sed,
1213 1185 1376 1235 cum,
1433 1169 1722 1239 iuventute
1776 1169 1986 1240 elapsa,
2042 1169 2110 1224 ad

527 1264 926 1332 sexagesimum
977 1278 1180 1316 annum
1227 1262 1562 1327 accedimus,
1583 1269 1639 1314 tu
1685 1261 1829 1315 enim
1875 1260 2109 1319 accedis.

525 1365 616 1407 ant
670 1355 861 1409 saltem
917 1369 1026 1407 non
1084 1354 1318 1407 multum
1376 1353 1445 1406 ab
1480 1366 1548 1406 eo
1595 1351 1794 1414 distas,
1845 1350 1974 1422 quid
2029 1359 2113 1405 est

525 1449 938 1514 rt‘pltltllltlum?
985 1447 1067 1502 Ad
1100 1447 1564 1517 septuagesimum
1596 1444 1705 1499 rari
1742 1443 2108 1513 perveniunt;

525 1555 652 1591 nam
710 1539 1015 1610 saepissime
1072 1541 1324 1605 videmus
1380 1539 1684 1593 humanum
1747 1551 1919 1607 genus
1974 1537 2110 1602 citra

518 1629 643 1690 vitzc
679 1636 952 1696 terminos
987 1634 1163 1697 finire.

2228 533 2288 584 ὲν
2331 533 2524 597 αὑταῖς
2583 533 2883 604 γινομένης
2935 535 3015 597 είς
3051 532 3210 598 δόξαν
3235 533 3375 587 Θεοῦ
3417 535 3681 606 λατρείας
3710 537 3812 604 τὴν

2227 623 2595 696 ἐξερήμωσιν.
2641 625 2745 678 Ἐῶ
2797 627 2865 678 τὰ
2892 627 3050 692 ἄλλα,
3094 629 3194 696 τὴν
3237 628 3446 698 φθορὰν
3467 627 3577 680 τῶν
3603 627 3812 698 παρθέ-

2225 733 2352 780 νων,
2407 721 2508 788 τῆς
2560 719 2920 790 ὀφειλομένης
2977 719 3308 788 μονάζουσιν
3365 720 3656 782 εὑλαϐείας
3705 719 3808 786 τὴν

2220 807 2520 875 ἔκπτωσιν,
2588 811 2699 863 τῶν
2744 812 2938 881 ἱερέων
2969 811 3066 864 τοῦ
3101 811 3238 864 Θεοῦ
3271 812 3393 881 τὴν,
3424 811 3500 875 ὡς
3543 811 3690 873 είκδς
3718 811 3809 861 διὰ

2217 896 2318 968 τὴν
2344 898 2749 970 αἰχμαλωσίαν,
2791 895 2881 955 οἷα
2907 901 2976 954 τὰ
3010 900 3358 971 ἀνθρώπινα,
3384 900 3483 968 τῆς
3517 898 3810 969 ἱερατικῆς
3893 967 3908 981 _

2215 989 2426 1054 τάξεως
2460 993 2878 1062 καταφρόνησιν
2901 1009 2914 1022 ·
2952 993 3049 1046 καὶ
3101 993 3312 1046 τούτων
3340 991 3584 1057 πάντων,
3613 990 3808 1059 ῶσπερ

2215 1081 2315 1154 οὑχ
2344 1084 2546 1135 ἱκανῶν
2568 1084 2930 1154 ὑπαρχόντων
2969 1085 3050 1148 είς
3081 1083 3264 1153 θλίψιν
3285 1083 3379 1136 τοῦ
3419 1081 3661 1152 Χριστοῦ
3708 1083 3807 1133 καὶ

2215 1170 2354 1222 Θεοῦ
2383 1171 2563 1241 ἡμῶν,
2597 1173 2763 1226 πάλιν
2795 1175 2936 1244 μετὰ
2963 1174 3064 1243 τὴν
3098 1174 3198 1244 σὴν
3229 1173 3538 1226 ἁποϐίωσιν
3569 1171 3676 1224 ὑπὸ
3705 1170 3804 1223 σοῦ

2212 1262 2781 1332 καταλιμπανομένων
2821 1265 3137 1318 σκανδάλων
3185 1265 3428 1318 ἀνιάτων
3464 1263 3560 1317 καὶ
3601 1263 3808 1330 ἀθεραο

2212 1352 2450 1408 πεύτων.
2493 1357 2633 1426 ’Ἤδη
2665 1357 2764 1427 τὴν
2787 1357 3015 1426 νεότητα
3032 1357 3410 1428 ὑπερήλασαςο
3445 1357 3678 1416 ἄπιστος
3701 1353 3807 1423 μὲν

2212 1445 2321 1516 γὰρ
2344 1449 2560 1518 νεότητι
2597 1449 2658 1500 τὸ
2695 1449 3043 1519 παραμένειν
3086 1452 3163 1520 τῷ
3214 1450 3315 1519 βίῳ
3349 1451 3380 1520 ἡ
3415 1447 3571 1510 ἐλπίς
3595 1463 3606 1476 ·
3637 1446 3806 1500 ὁπότε

2210 1539 2268 1591 δὲ
2297 1539 2399 1610 τὴν
2444 1541 2677 1608 νεότητα
2736 1541 3087 1612 ὑπερϐῶμεν,
3120 1543 3214 1594 καὶ
3265 1541 3502 1612 μάλιστα
3544 1539 3681 1608 πρὸς
3713 1537 3803 1600 ἐξ·

2140 1624 2186 1682 Β
2217 1635 2451 1707 ηκοστὸν
2515 1635 2948 1704 καταντήσωμεν
2994 1633 3135 1698 ἔτος,
3163 1627 3319 1701 ᾧτινι
3355 1634 3451 1687 καὶ
3480 1634 3546 1686 σὺ
3565 1629 3729 1700 τυχὸν
3765 1628 3804 1696 ἦ

518 1726 665 1793 πλησ
694 1726 844 1790 ἀζεις
883 1727 914 1797 ἦ
972 1728 1033 1789 οὑ
1083 1727 1218 1787 πολὺ
1276 1726 1468 1800 ςτόρρω
1528 1725 1874 1795 ἀφέστηκας,
1929 1725 1984 1776 τί
2028 1723 2110 1776 δεῖ
2147 1725 2460 1796 λογίζεσθαι
2487 1745 2501 1793 ;
2531 1727 2676 1798 Πρὸς
2734 1729 2843 1799 γὰρ
2869 1727 2928 1781 τὸ
2971 1727 3380 1801 ἑϐδομηκοστὸν
3445 1726 3667 1780 σπάνιοι
3689 1723 3806 1777 τῶν

516 1821 824 1891 ἀνθρώπων
875 1823 1286 1890 ἀναϐαίνουσιν,
1317 1823 1393 1886 ὡς
1435 1823 1527 1876 ἐπὶ
1557 1822 1810 1878 πλεῖστον
1847 1823 1904 1876 δὲ
1955 1821 2176 1892 ὁρῶμεν
2238 1825 2299 1884 τὸ
2361 1825 2711 1897 ἀνθρώπινον
2747 1827 2904 1894 γένος
2958 1827 3210 1882 κάτωθεν
3273 1826 3466 1880 τούτου
3523 1817 3805 1892 τὴνζωὴν

516 1912 921 1984 καταστρέφον.

591 2069 734 2136 Quid
780 2069 877 2123 tibi
923 2067 1146 2139 prodest
1197 2068 1252 2124 in
1304 2056 1462 2124 iStarn
1513 2069 1846 2125 descendere
1921 2071 2102 2139 perni-

514 2161 654 2216 ciem
690 2161 813 2215 belli
859 2161 1140 2216 Romanos
1187 2161 1329 2216 inter
1364 2171 1420 2216 et
1455 2162 1718 2232 Bulgaros
1763 2161 2105 2234 perstantis?

516 2253 657 2319 Quid
689 2253 835 2309 aluid
869 2253 1104 2318 eveniet,
1155 2254 1261 2309 nisi
1301 2269 1403 2310 nos
1449 2269 1556 2308 non
1588 2255 1751 2310 modo
1784 2263 2009 2325 propter
2037 2268 2100 2309 ea

516 2364 639 2418 qua:
668 2348 832 2412 male,
885 2349 1015 2403 dum
1064 2350 1396 2412 viveremus,
1443 2347 1758 2414 fecerimus,
1814 2348 1957 2419 apud
2007 2363 2102 2401 su-

521 2456 755 2509 pernum
807 2439 899 2495 Dei
942 2440 1213 2511 judicium
1271 2441 1600 2496 in‘causam
1653 2442 2096 2533 simus.venturi,

513 2533 608 2588 sed
632 2535 795 2589 etiam
827 2542 1055 2606 propter
1081 2550 1143 2590 ea
1177 2549 1299 2605 quae
1319 2534 1411 2591 alii
1449 2545 1573 2604 post
1593 2545 1822 2590 mortem
1853 2544 2096 2589 nostram

517 2626 853 2695 patraverint
897 2641 1088 2696 pmnas
1139 2627 1313 2682 simus
1369 2627 1570 2682 daturi.
1609 2627 1816 2696 Itaque,
1878 2626 1952 2681 fili
1999 2628 2094 2694 mi,

511 2717 669 2786 quasi
713 2733 954 2788 praesens
988 2727 1115 2774 ante
1143 2728 1214 2783 te,
1257 2719 1480 2775 osculor
1513 2736 1576 2774 os
1601 2729 1780 2785 tuum,
1815 2719 2010 2775 oculos
2043 2729 2099 2775 et

509 2819 685 2865 totum
724 2820 805 2878 te;
855 2811 1157 2882 amplector
1207 2826 1399 2882 genua,
1450 2812 1753 2882 deprecans
1807 2821 1865 2867 ut
1913 2814 2095 2867 anima

511 2914 601 2957 tua
651 2903 1068 2974 benignissima,
1110 2904 1372 2974 quoniam
1422 2919 1606 2958 rerum
1667 2904 1913 2973 nequitia
1946 2902 2090 2958 illam

2283 2067 2381 2130 Τίς
2405 2061 2502 2120 οῦν
2533 2067 2776 2136 ὠφέλεια
2807 2069 2864 2119 ὲν
2898 2066 2976 2137 τῷ
3013 2084 3071 2120 σε
3103 2066 3415 2136 καταϐῆναι
3458 2069 3540 2131 εἰς
3573 2068 3805 2139 διαςθο-

2214 2159 2313 2228 ρὰν
2357 2160 2452 2213 τοῦ
2503 2161 2626 2213 κατ’
2679 2158 2934 2230 ἀλλήλων
2991 2159 3232 2228 πολέμου
3271 2158 3565 2228 Ῥωμαίων
3611 2177 3669 2212 τε
3702 2162 3802 2213 καὶ

2208 2251 2539 2321 Βουλγάρων
2567 2252 2672 2320 τῆς
2706 2251 3073 2322 παραμονῆς;
3103 2251 3168 2303 Τί
3197 2249 3327 2304 ἄλλο
3370 2251 3404 2322 ἢ
3438 2251 3500 2304 τὸ
3531 2251 3606 2322 μὴ
3635 2253 3802 2323 μόνον

2207 2347 2267 2399 ἐν
2315 2347 2380 2416 τῇ
2447 2345 2559 2417 ζωῇ
2611 2345 2772 2416 ἡμῶν
2818 2345 2930 2400 τῶν
2985 2346 3175 2409 κακῶς
3207 2344 3596 2414 γεγενημένων
3626 2346 3685 2396 ὲν
3714 2345 3801 2415 τῷ

2205 2437 2418 2491 ἐκεῖθεν
2444 2437 2540 2491 τοῦ
2563 2437 2701 2491 Θεοῦ
2730 2437 3004 2509 κριτηρίῳ
3026 2437 3124 2502 τάς
3146 2437 3302 2499 δίκας
3342 2439 3622 2508 ὑποσχεῖν,
3653 2437 3797 2489 ἀλλὰ

2207 2529 2302 2583 καὶ
2351 2529 2459 2582 τῶν
2521 2531 2662 2599 μετά
2703 2530 2939 2584 θάνατον
2987 2529 3172 2594 ἄλλοις
3215 2531 3614 2599 πραττομένων
3643 2529 3795 2596 ἡμᾶς

2205 2621 2514 2690 ὑποστῆναι
2556 2620 2655 2692 τὴν
2691 2620 2952 2688 κόλασιν;
2987 2621 3088 2674 Διὰ
3140 2621 3323 2686 τοῦτο,
3367 2623 3558 2675 τέκνον
3610 2620 3795 2691 ἡμῶν,

2202 2709 2291 2768 οἷα
2316 2713 2512 2783 παρὼν
2535 2713 3021 2784 προσπτύσσομαι,
3041 2699 3330 2782 καταφιλῶ
3359 2714 3420 2766 τὸ
3445 2714 3642 2783 στόμα,
3666 2713 3800 2776 τοὺς

2201 2807 2539 2879 ὀφθαλμοὺς,
2571 2807 2668 2860 καὶ
2722 2807 2832 2859 πᾶν
2884 2807 3015 2861 ἄλλο
3055 2805 3258 2878 μέλος·
3314 2807 3636 2876 ἐφάπτομαι
3681 2806 3799 2858 τῶν

2200 2901 2450 2970 γονάτων
2483 2900 2576 2953 καὶ
2605 2897 2846 2952 δυσωπῶ
2874 2898 3295 2970 ἐπικαμφθῆναι
3325 2898 3425 2971 τὴν
3449 2897 3548 2968 σὴν
3570 2899 3800 2968 ήμερωυ

510 3008 541 3047 e
568 2993 834 3062 peculiari
867 3000 1056 3047 natura
1087 2994 1350 3056 excussit,
1379 2993 1443 3047 ad
1476 3009 1668 3063 pacem
1701 2993 2089 3048 seseinclinet.

2201 2993 2368 3063 τάτην
2402 2991 2620 3063 ψυχὴν,
2683 2993 2733 3044 εί
2784 2993 2880 3045 καὶ
2923 2992 3271 3062 πραγμάτων
3334 2993 3508 3045 κακία
3582 2990 3796 3060 ταύτην

513 3083 664 3138 Satis
711 3084 822 3137 sint
871 3099 992 3159 qua:
1036 3084 1149 3154 jam
1187 3083 1402 3138 funesta
1454 3085 1808 3149 acciderunt;
1881 3095 2098 3139 cessent

509 3175 953 3230 Christianorum
1004 3175 1145 3230 bella
1199 3186 1254 3230 et
1300 3175 1518 3244 caedes;
1583 3190 1763 3245 neque
1817 3176 2096 3246 relinquas

511 3267 884 3321 miserandum
920 3269 1434 3338 cxsecrandumque
1457 3277 1900 3333 monumentum,
1935 3270 2096 3337 quaic

513 3357 740 3414 Simeon
772 3361 881 3425 ille,
906 3359 1002 3429 qui
1034 3377 1097 3415 ex
1128 3376 1327 3432 genere
1350 3361 1500 3415 omni
1539 3361 1862 3431 prudentiae,
1894 3361 2094 3431 judicii

506 3448 838 3520 virtutisque
884 3450 1049 3506 laude
1092 3451 1406 3521 perclarus,
1455 3461 1509 3507 ct
1560 3453 1716 3523 quasi
1777 3452 1869 3508 lux
1914 3453 2092 3524 gentis

507 3540 778 3610 Bulgarae,
825 3557 1012 3612 pacem
1041 3544 1407 3608 conculcavit,
1442 3559 1565 3615 qua:
1610 3545 1678 3599 ab
1733 3545 1907 3616 ipsius
1937 3554 2092 3615 patre

506 3632 614 3688 icta
645 3633 844 3699 fuerat,
881 3634 1213 3706 ftederaqne,
1271 3639 1608 3704 jnramenta,
1639 3646 1693 3692 et
1722 3639 2091 3709 quodcunque

507 3735 725 3795 pactum
754 3742 879 3781 cum
917 3729 1180 3784 Romanis
1212 3730 1454 3795 violavit,
1503 3733 1584 3787 sic
1612 3733 1887 3787 crudelior
1916 3733 2090 3788 hostis

507 3816 684 3870 factus
712 3833 876 3886 quam
908 3811 1145 3888 majores
1175 3819 1267 3890 qui
1306 3819 1593 3875 Christum
1633 3821 1800 3877 Deum
1837 3834 2086 3879 neatrum

508 3922 614 3962 non
673 3910 996 3967 noscebant.
1049 3911 1167 3966 Non
1222 3913 1386 3968 modo
1443 3913 1569 3968 talis
1604 3916 1752 3969 visus
1803 3925 1907 3979 est,
1960 3916 2090 3971 dum

509 4000 734 4065 viveret,
767 4004 861 4057 sed
895 4003 1058 4056 etiam
1091 4014 1214 4074 post
1247 4017 1479 4061 mortem
1509 4007 1710 4062 bellum
1748 4009 2096 4078 implacabile

509 4092 752 4161 reliquit,
783 4094 994 4150 strictis
1019 4094 1394 4150 Romanorum
1427 4106 1480 4152 et
1506 4095 1870 4167 Bulgarorum
1901 4100 2096 4169 gladiis

507 4185 813 4253 stragisque
849 4201 1107 4240 cruorem
1140 4187 1480 4243 stillantibus-
1515 4190 1766 4259 gavisus.

2197 3085 2459 3156 ὲξέστησε
2499 3083 2594 3137 τοῦ
2635 3083 2844 3137 οἰκείου
2891 3083 3068 3154 αὐτῆς
3133 3083 3454 3154 ἰδιώματος,
3503 3083 3641 3154 πρὸς
3690 3081 3800 3152 τὴν

2195 3179 2463 3249 εἰρήνηνο
2521 3176 2862 3247 ἀρκεσθῆναι
2909 3177 3024 3238 τοῖς
3079 3175 3181 3246 ἤδη
3232 3175 3632 3246 γεγενημένοις
3669 3173 3796 3226 ὀλε-

2195 3270 2367 3338 θρίοις
2395 3267 2745 3338 πράγμασιν,
2777 3267 3052 3335 ἁπολῆξαι
3075 3270 3200 3330 τοῦς
3234 3267 3356 3322 κατ’
3388 3266 3639 3337 ἀλλήλων
3673 3267 3794 3320 τῶν

2193 3360 2541 3430 Χριστιανῶν
2568 3359 2843 3430 πολέμους
2883 3360 3104 3422 καὶτὰς
3136 3360 3375 3427 σφαγὰς,
3421 3361 3558 3430 μηδέ
3616 3375 3799 3412 κατα-

2197 3455 2376 3507 λιπεῖν
2435 3453 2786 3525 μνημόσυνον
2811 3453 3046 3506 ἐλεεινὸν
3074 3453 3170 3506 καὶ
3212 3454 3463 3523 κατάρας
3489 3453 3663 3519 eam,
3697 3453 3792 3506 ὅτι

2199 3543 2428 3613 Συμεὼν
2480 3546 2689 3607 ἐκεῖνος
2726 3546 2754 3596 ὁ
2781 3544 2927 3597 κατά
2969 3543 3072 3614 τὴν
3124 3543 3321 3596 ἑαυτοῦ
3347 3544 3547 3612 γενεὰν
3575 3545 3675 3596 ὅσα
3721 3559 3794 3610 γε
3867 3579 3873 3583 -

2199 3637 2267 3690 τὰ
2298 3637 2362 3688 ὲκ
2389 3636 2730 3704 φρονήσεως,
2765 3634 2836 3688 τά
2867 3633 2926 3698 ἐξ
2959 3635 3130 3706 ὀρθῆς
3162 3634 3424 3706 κρίσεως,
3457 3638 3526 3688 τά
3555 3637 3620 3688 ἐκ
3648 3651 3797 3688 παν-

2198 3728 2293 3788 τὸς
2347 3728 2521 3789 εἴδους
2573 3728 2777 3798 ἀρετῆς
2821 3728 3114 3797 γενόμενος
3163 3728 3644 3799 ὑπερθαύμαστος,
3693 3729 3801 3784 καὶ

2198 3815 2312 3874 οἷον
2343 3820 2570 3889 φωστὴρ
2596 3821 2692 3872 τοῦ
2728 3818 3055 3891 Βουλγάρων
3085 3819 3304 3888 γένους,
3339 3818 3514 3883 οὑτως
3549 3822 3801 3873 κατεπάυ

2192 3930 2329 3985 τησε
2355 3913 2455 3983 τὴν
2481 3913 2709 3983 εἰρήνην
2743 3912 2842 3984 τὴν
2872 3913 2981 3966 ὑπὸ
3013 3911 3112 3966 τοῦ
3142 3913 3349 3966 οἰκείου
3377 3911 3590 3982 πατρὸς
3633 3929 3797 3980 γενο-

2197 4007 2390 4078 μένην,
2449 4005 2722 4077 ἡθέτησεν
2767 4009 2945 4061 οἰκεῖα
2993 4005 3268 4076 σύμφωνα
3316 4007 3410 4058 καὶ
3449 4007 3652 4075 ὅρκους
3692 4008 3797 4059 καὶ

2197 4099 2502 4168 συμϐάσεις
2533 4099 2672 4165 πρὸς
2710 4100 2839 4162 τοὺς
2887 4097 3219 4169 Ῥωμαίους,
3255 4100 3351 4154 καὶ
3381 4102 3576 4168 γέγονε
3619 4100 3796 4151 πολέ-

2201 4211 2324 4262 μιος
2364 4191 2742 4262 ἀπηνέστερός
2795 4193 2907 4246 τῶν
2940 4195 3310 4264 προπατόρων
3359 4194 3551 4260 αὑτοῦ,
3593 4192 3644 4245 οἳ
3693 4192 3795 4246 τὸν

507 4283 747 4352 Χριστὸν
803 4282 900 4335 καὶ
957 4282 1091 4336 Θεὸν
1123 4285 1280 4354 ἡμῶν
1341 4285 1444 4336 οὐκ
1497 4285 1827 4355 ἐγνώρισαν.
1885 4288 1997 4341 Καὶ
2025 4288 2086 4341 οὐ
2131 4289 2294 4358 μόνον
2324 4289 2384 4340 ἐν
2443 4292 2558 4353 τοῖς
2585 4287 2752 4353 ζῶσιν
2807 4289 3071 4358 ὑπάρχων
3137 4288 3381 4352 τοιοῦτος
3431 4287 3610 4358 ὤφθη,
3646 4285 3794 4341 ἀλλὰ

506 4377 602 4428 καὶ
631 4374 768 4444 μετὰ
826 4373 918 4427 τὸν
962 4376 1159 4430 ἑαυτοῦ
1216 4377 1450 4430 θάνατον
1501 4378 1768 4433 ἄσπονδον
1818 4381 2085 4435 κατέλιπε
2127 4369 2513 4452 πόλεμον,καὶ
2535 4383 2633 4454 τὴν
2675 4383 2798 4438 κατ’
2863 4381 3113 4453 ἀλλήλων
3169 4385 3448 4454 μάχαιραν
3489 4381 3794 4454 Ῥωμαίων

507 4471 602 4524 καὶ
633 4469 962 4541 Βουλγάρων
992 4471 1086 4525 τοῦ
1112 4475 1211 4544 τῆς
1240 4475 1459 4543 σφαγῆς
1487 4473 1725 4544 αἵματος
1747 4476 2084 4542 ἀποστάζειν
2123 4477 2406 4548 ἠγάπησε.

576 4631 682 4686 ista
718 4631 814 4687 tibi
841 4631 1056 4702 scripsi,
1112 4647 1145 4687 0
1174 4631 1271 4696 fili,
1319 4633 1627 4688 iamentans
1661 4633 1980 4706 dolensque,
2032 4645 2086 4690 et

2265 4636 2455 4690 Ταῦτά
2493 4653 2576 4690 σοι
2639 4633 2878 4704 ἔγραψα,
2926 4634 3119 4688 τέκνον
3167 4634 3364 4704 ἡμῶν,
3415 4633 3635 4706 θρηνῶν
3683 4636 3790 4689 καὶ

505 4740 670 4795 super
699 4742 805 4784 me.
859 4728 986 4796 quia
1035 4725 1247 4796 longior
1281 4735 1538 4782 senectus
1588 4742 1707 4782 mea
1751 4743 1930 4781 rerum
1973 4737 2084 4782 tam

506 4816 949 4871 miserandarum
989 4817 1090 4871 fuit
1124 4818 1299 4880 testis,
1332 4827 1387 4872 et
1415 4833 1580 4887 super
1607 4827 1659 4873 te
1693 4834 1756 4872 ac
1779 4818 2084 4882 Romanos,

505 4917 726 4978 propter
779 4925 842 4964 ea
901 4925 1022 4979 quae
1087 4909 1321 4971 invicem
1381 4910 1646 4967 bellantes
1701 4911 1973 4980 patimini,
2029 4923 2086 4967 et

503 5009 725 5070 propter
770 5000 1129 5056 mternitatcm
1156 5039 1172 5064 ,
1200 5003 1257 5065 in
1294 5018 1400 5072 qua
1449 5018 1729 5072 nunquam
1781 5005 2086 5060 eessaturis

503 5093 680 5160 poenis
713 5091 1043 5156 aﬂiciemini,
1095 5093 1297 5163 quippe
1362 5096 1454 5164 qui
1506 5111 1606 5165 pro
1659 5095 1830 5150 nihilo
1873 5095 2084 5151 habue-

501 5187 626 5240 ritis
641 5185 846 5240 Christi
877 5185 970 5240 Dei
1006 5187 1177 5242 nostri
1208 5188 1555 5258 sanguinem.
1596 5204 1693 5258 per
1718 5205 1882 5260 quem
1918 5190 2104 5263 salvi,

497 5287 554 5332 et
588 5279 707 5349 ejus
747 5278 981 5348 populus
1032 5277 1160 5332 facti
1188 5295 1402 5336 sumus.
1454 5281 1708 5333 Attamen
1767 5279 1937 5335 nostri
1980 5281 2083 5333 im-

498 5382 784 5440 peratores
835 5386 864 5426 a
922 5369 1030 5426 Deo
1082 5374 1356 5438 coronati,
1422 5382 1480 5426 ut
1512 5388 1685 5441 smpe,
1726 5373 1801 5427 ita
1846 5380 1900 5426 et
1942 5387 2089 5427 nunc

502 5480 690 5531 pacem
723 5463 1014 5531 invocant,
1062 5465 1322 5535 omnique
1362 5466 1526 5520 modo
1557 5465 1697 5520 mala
1729 5481 1758 5519 a
1790 5464 2088 5533 majoribus

504 5555 652 5610 illata
713 5555 896 5611 levare
954 5565 1179 5610 strenue
1237 5557 1538 5611 enituntur.
1609 5557 1978 5622 Quamobrem
2033 5563 2088 5609 et

505 5661 648 5707 neue
702 5647 952 5704 homines
1012 5650 1297 5712 miserunt,
1353 5651 1445 5720 qui
1497 5649 1565 5704 de
1615 5665 1749 5719 pace
1803 5647 2084 5702 vobiscum

507 5734 908 5804 colloquantur.
959 5737 1135 5792 Tuum
1187 5739 1349 5809 igitur
1398 5751 1481 5794 cst
1533 5749 1746 5809 tuasque
1797 5737 2083 5808 perfectis-

2195 4729 2528 4799 ὀδυρόμενος
2573 4726 2790 4798 πρῶτον
2813 4727 2914 4795 μὲν
2941 4725 3200 4796 ἐμαυτὸν,
3223 4727 3307 4780 ὅτι
3333 4727 3498 4797 μέχρι
3520 4725 3788 4781 τοσούτου

2194 4822 2485 4893 παρέτεινε
2530 4820 2593 4873 τὸ
2649 4821 2783 4889 ἐμὸν
2849 4818 3034 4873 ἄθλιον
3091 4819 3308 4888 γῆρας,
3365 4820 3462 4872 καὶ
3515 4819 3787 4873 τοιούτων

2195 4915 2446 4969 ἐλεεινῶν
2472 4914 2819 4985 πραγμάτων
2845 4913 3118 4982 ἐγενόμην
3145 4913 3205 4964 ἂν
3246 4913 3464 4984 ἱστορίᾳ
3496 4928 3511 4943 ο
3558 4912 3785 4984 θρηνῶν

2195 5011 2256 5064 δὲ
2296 5008 2392 5062 καὶ
2421 5008 2590 5078 ὑμᾶς,
2638 5007 2730 5062 ναὶ
2781 5005 2846 5076 δὴ
2895 5009 2992 5058 καὶ
3035 5004 3097 5058 τὸ
3151 5005 3448 5072 Ῥωμαίων
3478 5003 3658 5072 γένος,
3703 4997 3786 5057 ὧν

2195 5102 2362 5156 ἕνεκα
2388 5102 2490 5156 καὶ
2552 5099 2648 5154 νῦν
2693 5099 2816 5153 κατ’
2873 5098 3124 5169 ἀλλήλων
3153 5097 3470 5166 κινούμενοι
3508 5097 3782 5168 πάσχετε.

2195 5195 2292 5247 καὶ
2325 5196 2405 5257 εἰς
2457 5193 2550 5246 τὸν
2592 5192 2857 5261 μέλλοντα
2891 5192 3086 5257 αἰῶνα,
3118 5191 3208 5273 ἥτε
3235 5191 3306 5243 τὰ
3349 5190 3500 5259 πάθη
3529 5190 3630 5242 οὑκ
3659 5188 3781 5261 ἔχει

2192 5285 2529 5351 ἀπόπαυσιν,
2552 5286 2780 5356 πικραῖς
2797 5283 3252 5354 ὑποϐληθήσεσθε
3277 5279 3688 5351 τιμωρίαι;,ὡς
3717 5282 3783 5336 τδ

2185 5367 2331 5445 αἷμα
2362 5373 2458 5426 τοῦ
2489 5373 2728 5443 Χριστοῦ
2760 5375 2854 5427 καὶ
2875 5373 3012 5426 Θεοῦ
3040 5373 3225 5442 ἡμῶν,
3261 5371 3332 5424 δι’
3372 5365 3433 5425 οῦ
3460 5372 3779 5443 ἠγοράσθη-

2190 5484 2312 5536 μεν,
2371 5467 2469 5520 καὶ
2517 5466 2646 5530 λαὸς
2675 5465 2845 5519 αὑτοῦ
2877 5463 3255 5534 γεγενήμεθα,
3298 5465 3381 5527 εἰς
3429 5463 3587 5527 οὐδὲν
3625 5464 3779 5533 λογι-

2185 5557 2428 5627 ζόμενοι.
2471 5557 2619 5626 Πλὴν
2644 5557 2694 5609 oi
2729 5556 3046 5624 θεοστεφεϊς
3087 5555 3245 5625 ἡμῶν
3278 5555 3549 5626 βασιλεῖς,
3581 5556 3774 5622 καθὼς

2186 5649 2469 5715 πολλάκις,
2504 5648 2648 5703 οὑτω
2673 5648 2769 5703 καὶ
2793 5648 2890 5703 νῦν
2912 5648 3012 5720 τὴν
3038 5651 3266 5721 εἰρήνην
3296 5650 3642 5721 ἐπιζητοῦσι,
3676 5656 3775 5707 καὶ

2186 5741 2351 5806 παντὶ
2418 5743 2606 5820 τρόπῳ
2666 5742 2732 5795 τὰ
2765 5742 2828 5795 ἐκ
2876 5740 2985 5795 τῶν
3021 5741 3408 5822 προλαϐόντων
3459 5742 3772 5808 ἀνθοὼπων
