4152 6436
358 352 465 417 185

1842 349 2251 413 EPIS’l‘OLzE.

3539 343 3641 413 186

352 464 945 537 παρακολουθήσαντα
994 468 1287 537 σφάλματα
1338 467 1746 539 θεραπευθῆναι
1780 484 1948 520 σπου⁶

2060 466 2203 519 simze
2244 462 2543 532 prudentie
2568 476 2908 532 quaecunque
2939 470 3067 517 sunt
3097 461 3494 527 convenientia,
3530 461 3641 518 Deo

357 560 610 621 δάζουσι.
642 559 744 611 Διὰ
774 559 941 612 τοῦτο
973 562 1069 613 καὶ
1108 560 1202 613 νῦν
1235 560 1566 614 ἀπέστειλαν
1609 560 1953 633 ἀνθρώπους,

357 652 410 703 οῖ
468 653 601 718 περὶ
630 651 731 718 τῆς
782 652 1014 722 εἰρήνης
1061 652 1191 720 ὑμῖν
1236 652 1634 723 συλλαλήσουσι
1666 668 1680 683 ⁸
1713 654 1807 705 καὶ
1840 653 1956 705 ἔστι

369 737 465 791 σὺν
503 742 598 790 καὶ
639 740 741 809 τῆς
770 741 869 807 σῆς
896 739 1251 810 τελειοτάτης
1287 742 1557 805 συνέσεως
1589 743 1666 805 είς
1696 741 1795 804 τάς
1826 758 1960 810 πρε-

362 830 582 892 πούσας
608 830 922 899 συμϐάσεις
952 832 1049 883 καὶ
1082 831 1202 902 Θεῷ
1252 832 1601 900 εὐαρέστους,
1635 833 1733 895 καὶ
1762 834 1958 896 κοινῶς

362 922 768 992 συμφερούσας
803 922 1099 993 Ῥωμαίοις
1143 925 1237 977 καὶ
1271 925 1605 994 Βουλγάροις
1639 924 1916 978 συνελθεῖν
1937 942 1951 956 ο

363 1017 455 1068 ῖνα
487 1018 586 1069 καὶ
616 1019 645 1068 ὀ
681 1016 932 1078 Σατανᾶς
972 1017 1001 1068 ὁ
1033 1017 1139 1068 τῶν
1175 1017 1487 1071 σκανδάλων
1527 1016 1624 1069 καὶ
1655 1017 1765 1069 τῶν
1793 1016 1954 1069 πολέ-

367 1126 486 1177 μων
513 1108 694 1171 αἴτιος
728 1112 1126 1179 καταισχυνθῇ,
1170 1110 1263 1162 καὶ¹
1288 1109 1363 1173 ὡς
1389 1110 1450 1161 τὸ
1477 1110 1538 1175 ἐξ
1568 1098 1747 1180 ἀρχῆς
1785 1110 1957 1181 ἐϐρά-

369 1200 534 1252 δευσε
557 1200 695 1262 Θεὸς
726 1200 829 1270 τὴν
856 1203 1082 1271 είρηνην
1110 1202 1316 1271 μεταξὺ
1349 1201 1637 1271 Ῥωμαίων
1664 1204 1759 1256 καὶ
1796 1204 1962 1255 Βουλ-

369 1296 580 1360 γάρων,
619 1292 791 1345 πάλιν
820 1293 985 1364 ἔχητε
1025 1294 1123 1363 τὴν
1150 1296 1397 1365 εἰρήνην.
1432 1295 1544 1349 Καὶ
1569 1296 1726 1364 ὑμεῖς
1758 1295 1857 1366 μὲν
1884 1296 1961 1359 ὡς

2050 556 2317 626 jucunda,
2350 556 2614 625 utiliaque
2660 554 2922 609 Romanis
2952 571 3057 608 una
3082 566 3133 607 et
3158 554 3430 626 Bulgaris,
3465 556 3636 611 inire‘:

2054 650 2129 704 ita
2161 660 2217 703 ut
2247 647 2503 702 Satanam
2526 687 2540 711 ,
2577 647 2962 701 scandalorum
3020 656 3074 699 et
3122 646 3387 699 bellorum
3442 655 3639 700 aucto-

2057 757 2192 801 rem,
2232 739 2526 810 ignominia
2558 738 2855 792 allicientes
2878 779 2892 801 ,
2942 738 3101 791 istam
3129 753 3293 806 quam
3327 737 3395 791 ab
3423 737 3637 806 origine

2059 833 2201 889 Deus
2232 842 2615 903 composuerat
2646 830 2827 886 denuo
2868 831 3132 891 habeatis.
3182 845 3391 898 vosque
3434 828 3639 882 Roma-

2059 940 2195 991 nos,
2243 933 2303 977 ut
2349 924 2466 989 lilii,
2525 932 2710 992 patres
2741 921 3075 992 agnoscatis,
3124 921 3379 991 aquibus
3407 920 3637 989 gratiam

2060 1016 2405 1086 baptismatis
2433 1017 2760 1086 accepistis;
2798 1015 3032 1069 Romani
3081 1024 3288 1079 autem,
3345 1023 3406 1068 ut
3432 1023 3637 1083 patres.

2055 1109 2321 1179 Bulgaros
2354 1125 2484 1163 suos
2514 1110 2566 1162 in
2598 1108 2819 1162 Christo
2851 1108 2989 1162 filios
3021 1115 3359 1175 agnoscant;
3412 1106 3554 1161 Deus
3584 1111 3636 1159 iu

2057 1203 2179 1258 istis
2228 1203 2598 1273 gloriﬁcetur;
2648 1216 2848 1271 resque
2880 1201 3002 1254 vita:
3034 1200 3345 1254 communis
3376 1198 3639 1252 Romanis

2056 1296 2219 1352 simul
2269 1311 2333 1350 ac
2382 1295 2634 1365 Bulgaris
2683 1294 2735 1348 in
2790 1295 2971 1363 prisca
3023 1293 3284 1349 felicitate
3360 1293 3639 1361 veterique

365 1386 541 1437 τέκνσ.
567 1386 701 1447 τοὺς
733 1387 979 1456 πατέρας
1005 1385 1424 1455 ἐπιγινώσκετε,
1454 1388 1585 1457 παρ’
1610 1381 1684 1440 ὧν
1704 1387 1957 1453 ἐδέξασθε

2060 1389 2398 1459 iucunditate
2433 1389 2814 1443 restituantur.

370 1478 466 1527 καὶ
489 1476 584 1527 τοῦ
634 1476 794 1543 ἁγίου
841 1476 1224 1547 βαπτίσματος
1248 1477 1348 1548 τὴν
1390 1479 1573 1549 χάριν,
1642 1480 1736 1532 καὶ
1759 1480 1809 1531 oi
1886 1479 2151 1547 Ῥωμαῖοι
2217 1479 2295 1544 ὡς
2362 1480 2601 1551 πατέρες
2631 1480 2701 1533 τὰ
2742 1481 2919 1533 οἰκεῖα
2963 1481 3020 1532 ἐν
3053 1478 3278 1549 Χριστῷ
3308 1479 3475 1531 τέκνα
3511 1480 3637 1542 τοὺς

372 1563 721 1634 Βουλγάρους
774 1564 1207 1632 ἐπιγινώσκωσι,
1257 1567 1352 1620 καὶ
1408 1567 1542 1631 Θεὸς
1598 1570 1692 1621 ἐπὶ
1740 1568 1953 1632 τούτοις
1991 1569 2307 1640 δοξάζηται,
2367 1572 2461 1624 καὶ
2515 1572 2586 1624 τά
2638 1570 2734 1624 τοῦ
2785 1570 2971 1624 κοινοῦ
3037 1571 3153 1641 βίου
3228 1570 3459 1639 καὶτῆς
3490 1570 3639 1639 ζωῆς

374 1660 684 1726 πράγματα
743 1657 1038 1738 Ῥιρμαίοις
1074 1661 1169 1711 καὶ
1204 1658 1537 1731 Βουλγάροις
1572 1660 1709 1731 πρὸς
1752 1663 1851 1732 τὴν
1892 1662 1951 1729 ἐξ
1988 1663 2165 1733 ἀρχῆς
2193 1666 2552 1733 ἀποκαταστῇ
2588 1665 2889 1735 εὑκληρεαν
2924 1681 2981 1715 τε
3005 1664 3100 1717 καὶ
3130 1663 3457 1716 ἀπόλαυσιν.

465 1748 598 1799 Ἐπὶ
616 1747 815 1808 τούτοις
832 1748 1017 1801 ἐκεῖνο
1045 1750 1435 1820 προστίθεμεν,
1460 1750 1533 1813 ὡς
1558 1750 1753 1814 ἀνάξια
1778 1755 1954 1814 ποιεῖς

2132 1752 2247 1810 Hoc
2282 1752 2447 1810 unum
2510 1755 2797 1819 addemus,
2831 1755 3040 1809 scilicet
3076 1765 3127 1808 te
3188 1755 3420 1824 gloriosa
3470 1754 3641 1822 digni-

388 1843 495 1907 τῆς
534 1839 631 1907 σῆς
669 1838 1010 1906 μεγαλοδόξου
1068 1840 1271 1910 ἀρχῆς,
1331 1841 1522 1911 ὑῦρεις
1574 1845 1808 1913 γράφων
1857 1845 1954 1897 καὶ

394 1929 811 1999 παρςλογισμῶν
859 1932 1084 2001 ῥήματα
1121 1933 1245 1985 ἀντὶ
1280 1933 1390 1987 τῶν
1445 1936 1525 1997 είς
1571 1937 1631 1988 σὲ
1670 1938 1955 2008 γραφομέ-

384 2038 497 2073 νων
517 2021 737 2088 φιλικῶν
761 2023 1111 2093 γραμμάτων
1136 2024 1230 2078 καὶ
1250 2028 1539 2096 τιμώντων
1562 2027 1661 2098 τὴν
1680 2030 1955 2099 ὑμετέραν

370 2114 629 2177 ἐξουσίαν
687 2117 836 2186 παρά
894 2117 989 2170 τοῦ
1035 2117 1384 2189 φιλοχρίστου
1450 2122 1546 2174 καὶ
1598 2122 1679 2185 είς
1730 2122 1955 2194 εἰρήνην

366 2206 822 2277 προκαλουμένου
884 2226 943 2263 σε
994 2211 1285 2280 βασιλέως.
1338 2211 1507 2283 Οἶμαι
1566 2214 1713 2285 γὰρ,
1762 2214 1955 2269 τέκνον

361 2299 553 2368 ἡμῶν,
620 2300 700 2363 ὡς
751 2302 851 2353 οὑκ
913 2303 1126 2370 ἀγνοεῖς
1178 2304 1284 2368 ὅτι,
1327 2305 1375 2356 εί
1412 2305 1508 2357 καὶ
1537 2305 1669 2359 ἄλλο
1694 2305 1954 2376 φρόνημα

363 2391 474 2443 τῶν
522 2393 801 2446 ταπεινῶν
848 2396 945 2448 καὶ
1006 2395 1244 2465 χυδαίων
1291 2396 1632 2468 ἀνθρώπων,
1670 2399 1726 2450 αί
1765 2397 1954 2468 ὕϐρεις

366 2482 679 2552 ἀνθρώπων
704 2485 846 2538 είσ¹ιν
882 2486 1119 2539 εὐτελῶν
1156 2488 1252 2540 καὶ
1297 2490 1648 2559 φρονήματος
1679 2489 1956 2560 ἀπερριμ-

369 2576 579 2643 μένωνο
613 2578 793 2645 ἀρχῆς
823 2577 879 2629 δὲ
909 2580 959 2631 οί
1005 2578 1266 2643 λαὸὁντες
1300 2579 1454 2650 παρὰ
1496 2580 1588 2633 τοῦ
1628 2579 1764 2633 Θεοῦ
1815 2580 1954 2635 ἀνά-

366 2667 551 2737 ϐάσιν,
574 2670 674 2722 ἐὰν
700 2670 1166 2726 συναισθάνωνται
1197 2672 1295 2740 τῆς
1338 2671 1547 2726 ἑαυτῶν
1581 2673 1765 2743 δόξης,
1799 2673 1953 2725 οὑδέ-

369 2776 502 2812 ποτε
536 2760 989 2820 καταϐαίνουσιν.
1036 2763 1221 2834 Ὁρᾷς,
1252 2763 1445 2817 τέκνον
1475 2763 1655 2833 ἡμῶν,
1687 2764 1785 2830 τὴν
1815 2764 1955 2833 ἡμε-

366 2850 539 2919 τέραν
569 2852 708 2921 πρὸς
751 2852 810 2905 σὲ
851 2853 1093 2921 ἀγάπην,
1125 2855 1207 2906 ὃτι
1243 2852 1336 2907 καὶ
1369 2854 1427 2905 ὲν
1468 2853 1701 2918 τούτοις,
1722 2854 1821 2922 τῆς
1854 2854 1954 2923 σῆς

370 2942 758 3010 φροντίζοντες
783 2944 964 3014 δόξης,
995 2944 1071 3007 ὼς
1113 2946 1352 3017 πατέρες
1397 2944 1845 3015 ἐπανορθούμεθα
1870 2945 1952 3009 τὸ,

367 3033 470 3084 οὑκ
504 3026 624 3085 οἶδα
660 3033 799 3096 πῶς,
832 3035 1240 3089 ἐπακολουθοῦν
1288 3054 1369 3090 σοι
1403 3038 1675 3105 πταῖσμα,
1718 3036 1813 3089 καὶ
1856 3036 1955 3106 τὴν

2057 1854 2164 1900 tate
2199 1856 2289 1900 tua
2322 1848 2540 1916 indigna
2574 1846 2785 1904 fecisse.
2807 1862 2928 1899 cum
2989 1846 3172 1900 verbis
3227 1845 3641 1900 contumeliosis

2056 1952 2120 1992 ac
2154 1938 2401 1994 subdolis
2426 1938 2753 2007 respondisti
2786 1938 2851 1991 ad
2879 1938 3085 1991 litteras
3128 1936 3422 1991 amicitiam
3453 1938 3638 2007 expri-

2055 2040 2289 2097 mentes,
2339 2041 2393 2085 et
2430 2030 2685 2100 dignitati
2739 2039 2871 2084 tunc
2920 2027 3304 2090 iuservientes,
3358 2044 3495 2097 quas
3543 2028 3638 2081 tibi

2056 2123 2357 2191 imperator
2389 2120 2607 2176 Christo
2658 2120 2834 2175 ﬁdelis
2873 2133 3060 2189 pacem
3106 2134 3337 2187 precans
3396 2118 3638 2187 scripsit.

2058 2212 2325 2269 Existimo
2351 2215 2523 2280 enim,
2564 2228 2598 2267 ο
2630 2213 2726 2278 (ili,
2771 2220 2823 2267 te
2857 2227 2964 2265 non
2994 2210 3270 2279 ignorare,
3309 2211 3432 2264 licet
3486 2210 3643 2263 aliter

2057 2306 2401 2361 miserandus
2450 2306 2645 2375 vulgus
2700 2303 2939 2368 sentiat,
2990 2303 3242 2357 homines
3299 2302 3642 2356 solummodo

2055 2397 2298 2465 abiectos
2331 2412 2606 2467 sensuque
2636 2405 2885 2451 carentes
2929 2396 2996 2448 ad
3033 2393 3395 2448 contumelias
3427 2408 3485 2447 se
3514 2409 3637 2446 vcr-

2060 2488 2308 2552 tcre;ad
2362 2504 2500 2558 quas
2556 2496 2749 2543 contra
2812 2502 3093 2556 nunquam
3152 2486 3489 2540 descendunt
3549 2485 3642 2552 qui

2056 2592 2332 2632 summum
2366 2579 2652 2647 imperiunm
2698 2587 2880 2633 tenent
2904 2617 2918 2640 ,
2952 2578 2996 2631 si
3029 2577 3262 2647 propria:
3286 2576 3469 2645 gloriae
3516 2591 3643 2630 scu-

2056 2686 2179 2725 sum
2213 2671 2472 2726 habeant.
2499 2670 2772 2737 Vides,lili
2807 2671 2901 2734 mi,
2928 2685 3108 2723 meum
3135 2684 3260 2737 erga
3294 2679 3345 2722 te
3375 2682 3640 2730 amorem,

2055 2774 2110 2817 et
2137 2765 2281 2834 quod
2337 2765 2409 2818 ita
2457 2764 2510 2816 in
2558 2763 2679 2817 istis
2729 2762 2915 2832 gloria:
2963 2771 3066 2815 tua-
3099 2777 3286 2814 curam
3345 2761 3541 2826 habeo,
3583 2771 3643 2812 ut

2058 2855 2215 2924 quasi
2248 2863 2405 2924 pater
2438 2864 2490 2908 te
2553 2855 2664 2924 jam
2718 2853 3004 2907 cadentem
3050 2866 3271 2921 quoquo
3323 2850 3485 2903 modo
3529 2850 3640 2903 crio

2056 2961 2204 3016 gam.
2247 2962 2335 3010 ne,
2385 2946 2630 3002 cadendo
2668 2947 2902 3017 gloriosa
2939 2956 3029 2999 tua
3074 2946 3315 3015 dignitas
3364 2944 3417 2997 in
3449 2958 3642 3012 oppro-

2059 3036 2236 3091 brium
2274 3038 2475 3093 venial.
2506 3036 2580 3091 De
2608 3038 2969 3106 praesentibus
3012 3036 3174 3091 rebus
3210 3035 3413 3095 scribe,
3447 3034 3634 3103 qualia

372 3128 472 3194 σὴν
504 3127 892 3191 κατευτελίζον
924 3127 1281 3197 μεγαλόδοξον
1316 3129 1610 3199 ὑπεροχήν.
1648 3128 1834 3199 Γράφε
1861 3129 1955 3181 καὶ

2060 3129 2361 3185 honoribus
2393 3131 2703 3195 decoratus,
2732 3129 3186 3185 restaurationem
3219 3144 3400 3183 rerum
3441 3129 3644 3182 utilita-

373 3218 504 3286 περὶ
543 3218 656 3270 τῶν
684 3221 1063 3290 προκειμένων
1108 3222 1454 3291 πραγμάτων
1498 3216 1587 3274 οἶα
1612 3220 1694 3273 δεῖ
1721 3220 1957 3291 γράφειν

371 3307 668 3378 ἄνθρωπον
697 3309 1110 3379 δεδοξασμένον,
1169 3311 1449 3381 ἐπιζητῶν
1480 3312 1577 3382 τὴν
1599 3311 1955 3375 κατάστασιν,

373 3399 655 3469 ἐπιζητεῖν
686 3400 745 3452 τὲ
790 3401 1091 3472 συμφέρον,
1128 3400 1405 3473 ἐπιζητῶν
1452 3402 1552 3472 τὴν
1603 3403 1851 3475 εἰρήνην,
1883 3403 1958 3465 ὡς

373 3494 530 3559 παρὰ
576 3492 715 3545 Θεοῦ
776 3493 959 3549 λαϐὼν
1014 3495 1074 3548 τὸ
1120 3497 1335 3567 ἄρχειν,
1376 3495 1452 3559 ὡς
1490 3495 1838 3565 Χριστιανὸς,
1882 3494 1959 3557 ὡς

376 3588 591 3654 μέλλων
628 3587 708 3657 τῷ
736 3588 954 3659 φοόερῷ
994 3590 1087 3642 τοῦ
1119 3589 1253 3643 Θεοῦ
1284 3589 1553 3662 κριτηρίῳ
1583 3591 1956 3661 παραστῆναι,

370 3684 469 3735 καὶ
488 3682 653 3751 λόγον
681 3683 985 3736 ἀποδώσειν
1007 3684 1147 3755 ὑπὲρ
1169 3685 1265 3754 τῆς
1286 3685 1384 3754 σῆς
1406 3685 1599 3755 ἀρχῆς,
1622 3684 1828 3754 καὶτῆς
1850 3682 1960 3737 τῶν

368 3775 708 3845 ὑποχειρίων
735 3776 1061 3847 διοικήσεως
1116 3777 1208 3830 καὶ
1253 3776 1549 3847 σωτηρίας.
1584 3775 1694 3829 Καὶ
1728 3774 1804 3845 μὴ
1824 3774 1962 3844 γρά-

366 3885 474 3937 φξὲ
512 3866 824 3935 είέοωνείαςν
853 3868 987 3938 μηδὲ
1014 3866 1201 3937 ὕδρεις
1244 3869 1339 3921 καὶ
1368 3866 1616 3936 ἀτιμίας.
1650 3866 1812 3919 ἅτινα
1858 3864 1959 3918 οὑκ

367 3958 745 4027 ἀτιμάζουσιν
776 3960 1019 4022 ἐκείνους
1052 3959 1186 4031 πρὸς
1235 3957 1330 4021 οὓς
1366 3958 1622 4029 γράφεις,
1653 3956 1790 4010 ἀλλὰ
1825 3955 1962 4026 μᾶλ-

367 4052 461 4101 λον
496 4054 582 4111 εἰς
612 4049 713 4119 τὴν
750 4051 1047 4119 ὑμετέραν,
1094 4052 1196 4103 οὑκ
1239 4043 1429 4120 ἤθελον
1472 4051 1649 4102 εἰπεῖν
1690 4048 1831 4101 αἰδοῖ
1858 4047 1961 4117 τῆς

370 4144 511 4212 πρὸς
544 4144 605 4194 σὲ
649 4142 893 4212 ἀγάπης,
923 4144 1037 4196 ἀλλ’
1061 4145 1207 4214 ὅμως
1236 4143 1341 4197 ὑπὸ
1363 4143 1461 4211 τῆς
1492 4142 1749 4211 ἀληθείας
1780 4140 1963 4194 κινού.

371 4251 534 4303 μενος
573 4232 741 4299 λέγω,
771 4237 1116 4303 κατάγνωσιν
1148 4234 1675 4305 ἐπαναστρέφουσιν.

961 4373 1040 4425 A'.
1084 4370 1167 4436 Τῷ
1194 4370 1374 4436 αὐτῷ.

441 4510 538 4579 Μὴ
580 4508 868 4579 δεξάμενοι
920 4504 1158 4577 γράμμα
1210 4507 1361 4577 παρὰ
1408 4505 1527 4572 σοῦ,
1558 4506 1747 4558 τέκνον
1778 4504 1959 4575 ἡμῶν,

374 4606 527 4656 αὑτοὶ
555 4602 851 4672 γράφομεν
879 4599 983 4652 ὑπὸ
1015 4600 1113 4670 τῆς
1146 4599 1408 4663 πολλάκις
1447 4599 1751 4669 κινησάσης
1782 4598 1965 4659 αἰτίας

381 4698 521 4764 ἡμᾶς
560 4696 855 4765 πρότερον,
884 4695 979 4745 xa‘t
1008 4691 1103 4745 νῦν
1142 4693 1377 4761 γράφειν
1404 4691 1754 4760 κεκινημένοι
1778 4707 1792 4720 ο
1823 4688 1966 4758 αῦτη

382 4787 436 4837 δέ
464 4791 578 4841 ἐστι
612 4787 716 4856 τῆς
758 4784 1034 4855 μακαρίας
1070 4785 1163 4838 καὶ
1214 4783 1468 4852 ποθεινῆς
1522 4783 1747 4852 είρήνης
1784 4782 1817 4852 ἡ
1848 4782 1968 4833 ἐπι·

378 4878 632 4948 ζήτησις,
679 4878 749 4947 ἣν
796 4878 1151 4947 ἀποσυλήσας
1205 4879 1232 4930 ὁ
1274 4876 1500 4946 ἀρχαῖος
1527 4875 1635 4927 τῶν
1658 4873 1966 4942 ἀνθρώπων

372 4973 574 5042 ελθρδς
607 4975 637 5025 ὁ
659 4970 931 5034 διάϐολος,
980 4970 1254 5040 μεγίστων
1287 4970 1387 5038 μὲν
1427 4968 1649 5037 ἀγαθῶν
1691 4968 1965 5037 ἐζημίωσε

372 5068 431 5119 τὸ
466 5065 804 5135 Βουλγάρων
826 5067 980 5132 γένος
1008 5064 1103 5116 καὶ
1146 5063 1466 5132 Ῥωμαίων,
1493 5061 1628 5115 πολὺ
1655 5061 1712 5115 δὲ
1742 5060 1964 5131 ἄλγημα

376 5161 453 5229 τῷ
478 5158 709 5229 Χριστῷ
751 5157 845 5217 καὶ
890 5156 1007 5227 Θεῷ
1035 5157 1191 5226 ἡμῶν
1220 5156 1529 5226 ἐνεποίησε,
1556 5154 1626 5207 τὰ
1656 5154 1712 5206 δὲ
1752 5154 1963 5207 ἐκείνου

378 5256 613 5321 ποίμνια
667 5251 747 5315 εἰς
802 5248 896 5301 τὸν
965 5247 1090 5301 κατ’
1155 5248 1403 5317 ἀλλήλων
1446 5245 1671 5315 ὄλεθρον
1723 5245 1964 5316 ὁρμῆσαι

377 5342 972 5415 παρεσκευασάμενος.
1022 5339 1196 5409 ’Υπὲρ
1240 5337 1434 5391 τούτου
1476 5336 1736 5400 πολλάκις
1793 5337 1963 5406 ἐγρά-

375 5437 583 5506 ψαμεν,
607 5434 705 5488 καὶ
727 5434 823 5486 νῦν
845 5434 1132 5505 γράφομεν
1156 5430 1533 5494 δυσωποῦντες
1552 5447 1568 5463 ⁸
1604 5430 1699 5483 καὶ
1730 5428 1965 5497 μάλιστα

376 5532 504 5592 τοὺς
543 5531 673 5591 σοὺς
699 5528 921 5596 γλυκεῖς
950 5526 1143 5593 λόγους
1166 5526 1222 5577 ὲν
1250 5528 1361 5587 τοῖς
1392 5524 1524 5577 ὠσὶν
1547 5522 1707 5594 ἡμῶν
1726 5522 1963 5592 ἔχοντες,

381 5624 475 5677 καὶ
494 5622 722 5687 τούτους
748 5620 871 5676 καθ’
900 5619 1143 5687 ἑκάστην
1178 5618 1532 5687 μελετῶντες,
1558 5618 1719 5677 ὅσους
1746 5631 1803 5666 τε
1828 5614 1965 5684 πρὸς

380 5716 523 5783 ἡμᾶς
556 5718 587 5783 ή
618 5716 682 5785 σὴ
714 5714 957 5785 φρονίμη
985 5710 1205 5776 ἐδέξατο
1234 5711 1474 5778 γλῶσσα,
1512 5709 1605 5762 καὶ
1634 5709 1792 5769 ὅσους
1826 5706 1964 5775 πρὸς

381 5809 463 5871 τοι
492 5808 842 5880 φιλόχριστον
880 5806 1044 5883 ἡμῶν
1090 5805 1334 5871 βασιλέα,
1372 5803 1429 5854 ὃν
1464 5799 1579 5856 οἶδα
1616 5800 1848 5870 βεϐαίως
1880 5802 1959 5855 ὅτι

2060 3230 2281 3288 temque
2311 3234 2374 3274 ac
2410 3235 2595 3289 pacem
2621 3231 2909 3289 exoptans,
2951 3220 3109 3275 debet
3138 3220 3399 3282 scribere,
3446 3229 3504 3273 ut
3549 3220 3641 3289 qui

2060 3327 2089 3364 a
2123 3311 2233 3367 Deo
2274 3314 2559 3383 imperium
2596 3316 2895 3384 acceperis,
2958 3324 3017 3369 ut
3059 3316 3150 3384 qui
3181 3313 3528 3369 Christianus
3588 3312 3643 3364 in
3719 3298 3725 3303 ’

2060 3402 2473 3459 formidandum
2506 3406 2599 3460 Dei
2629 3407 2899 3476 judicium
2926 3407 3003 3461 sis
3026 3416 3305 3469 venturus,
3346 3405 3644 3458 rationem-

2060 3510 2170 3565 que
2209 3498 2520 3566 potestatis,
2554 3514 2618 3553 ac
2646 3497 2993 3553 subditorum
3026 3496 3442 3568 gubernationis
3474 3504 3530 3548 et
3556 3510 3646 3548 sa.

2062 3586 2192 3642 lutis
2222 3588 2558 3643 redditurus.
2614 3586 2691 3643 Ne
2745 3590 2955 3643 scribas
3012 3586 3413 3649 cavillationes,
3466 3599 3647 3655 neque

2059 3680 2459 3734 contumeliosa
2500 3690 2594 3733 aut
2626 3681 2907 3748 probrosa,
2944 3694 3064 3749 qua:
3096 3695 3204 3732 non
3242 3677 3405 3731 modo
3428 3677 3642 3730 illorum

2061 3770 2129 3824 ad
2161 3786 2299 3839 quos
2334 3771 2529 3826 scribis
2557 3772 2820 3825 honorem
2856 3772 2996 3825 male
3023 3769 3283 3833 alliciunt,
3324 3768 3417 3822 sed
3450 3767 3643 3831 etiam,

2063 3862 2187 3917 licet
2239 3878 2326 3918 me
2381 3863 2564 3918 dicere
2642 3864 2928 3934 prohibeat
2974 3871 3254 3930 respectus
3307 3859 3411 3913 mei
3472 3859 3526 3912 in
3590 3866 3645 3912 te

2061 3956 2289 4020 amoris,
2323 3956 2551 4009 veritate
2583 3964 2762 4009 tamen
2798 3964 2977 4008 motus
3013 3953 3213 4016 dicam,
3246 3951 3299 4004 in
3336 3959 3485 4003 tuam
3514 3965 3635 4003 con-

2063 4049 2467 4104 denmationetn
2506 4056 2814 4103 vertuntur.

2663 4371 2832 4428 XXX.
2871 4368 3081 4427 Eidem.

2139 4509 2407 4577 Quoniam
2444 4525 2473 4562 a
2505 4516 2629 4572 tc,o
2660 4507 2758 4571 ﬁli,
2793 4522 2900 4560 non
2930 4503 3110 4573 accepi
3144 4502 3376 4563 litteras,
3411 4500 3527 4570 ipse
3559 4513 3650 4552 ca-

2068 4607 2214 4671 dem,
2246 4620 2367 4676 quae
2398 4610 2643 4658 moverat
2676 4614 2783 4664 me,
2808 4612 2973 4653 causa
3003 4607 3057 4652 et
3090 4611 3236 4650 nunc
3258 4603 3438 4648 motus
3465 4592 3650 4646 scribo

2068 4700 2279 4755 scilicet
2320 4696 2495 4750 felicis
2523 4709 2587 4749 ac
2628 4690 3007 4748 desiderabilis
3044 4688 3191 4757 pacis
3244 4686 3445 4751 studio,
3477 4699 3643 4754 quam

2068 4791 2266 4845 tollens
2345 4788 2607 4856 antiquus
2668 4784 2950 4839 hominum
3022 4781 3277 4835 inimicus
3346 4776 3648 4838 diabolus,

2070 4901 2278 4955 magno
2317 4886 2589 4939 bonorum
2621 4879 2953 4936 detrimento
2976 4875 3241 4945 Bulgaros
3270 4880 3325 4925 et
3344 4870 3650 4955 Romanos,

2067 4954 2265 5045 magno
2308 4975 2497 5030 dolore
2547 4973 2827 5028 Christum
2869 4970 3039 5025 Deum
3106 4974 3355 5019 nostrum
3425 4954 3647 5020 aﬂ‘ecit,

2068 5068 2266 5123 ovibus
2315 5068 2437 5138 ejus
2479 5064 2762 5119 suadendo
2814 5071 2875 5117 ut
2938 5060 2991 5114 in
3053 5066 3297 5114 mutuam
3351 5052 3646 5123 perniciem

2066 5160 2476 5216 contenderent.
2531 5156 2651 5221 Qua
2696 5155 2763 5209 de
2820 5169 2880 5208 re
2931 5150 3132 5221 saepius
3162 5146 3357 5217 scripsi
3404 5154 3459 5201 et
3500 5158 3647 5198 nunc

2066 5251 2295 5321 supplex
2339 5247 2545 5312 scribo,
2582 5246 2858 5315 perceptis
2880 5244 3047 5300 etiam
3098 5254 3248 5296 nunc
3302 5252 3436 5292 aure
3481 5234 3651 5304 gratis

2067 5344 2177 5399 tuis
2226 5340 2597 5401 sermonibus,
2634 5352 2775 5407 quos
2804 5335 3068 5390 continuo
3097 5331 3352 5397 meditor,
3384 5334 3652 5398 quotquot

2068 5436 2252 5505 lingua
2286 5432 2525 5503 prudens
2558 5439 2647 5482 tua
2695 5442 2802 5481 non
2840 5427 3016 5482 solum
3044 5425 3110 5479 ad
3145 5440 3267 5489 nos,
3302 5422 3394 5476 sed
3430 5419 3498 5473 ad
3538 5418 3645 5470 in)-

2066 5535 2371 5597 peratorem
2408 5530 2657 5575 nostrum
2688 5520 2855 5573 Deum
2900 5528 3173 5572 amantem
3202 5514 3450 5587 protulit,
3478 5522 3641 5580 quem

2066 5618 2181 5673 scio
2208 5632 2237 5669 a
2270 5626 2339 5680 te,
2358 5628 2421 5668 ex
2445 5627 2556 5681 quo
2586 5612 2739 5665 illum
2774 5611 2952 5666 vidisti
2977 5611 3229 5676 illiusque
3250 5606 3643 5676 benignitatem

2065 5718 2326 5778 expertus
2353 5722 2413 5761 es
2442 5704 2615 5758 fuisse
2645 5710 2886 5758 amatum
2917 5712 2970 5757 et
3001 5716 3147 5755 nunc
3184 5700 3377 5753 amari.
3407 5696 3646 5758 Etenim,

2067 5802 2137 5859 tili
2204 5802 2325 5867 mi,
2381 5812 2565 5867 pacem
2629 5798 2677 5852 ci
2735 5793 3032 5867 promisisti
3079 5800 3131 5845 ct
3188 5791 3417 5845 caedium
3469 5789 3629 5842 linem
