4152 6442
497 287 597 354 187

1646 293 1959 354 NICOLAI
1999 295 2108 354 Cl’.
2151 293 2668 355 PATBIARCHE

3675 294 3783 361 188

489 404 870 473 bellorumque
907 445 920 468 ,
952 413 1005 458 et
1034 420 1375 476 quaecunque
1425 406 1624 462 misera
1649 423 1710 463 ex
1737 408 1892 464 bellis
1914 408 2101 464 oriun-

2209 411 2301 478 ἀφ’
2329 403 2390 463 οὗ
2412 410 2646 472 ἐθεάσω,
2683 407 2776 463 καὶ
2805 409 3000 480 πεῖραν
3045 410 3145 480 τῆς
3183 411 3395 466 ἐκείνου
3455 413 3803 485 ἁγαθὸτητος

491 506 600 559 tur,
626 505 791 566 atque
813 497 1008 550 iterum
1042 497 1095 551 in
1130 500 1368 568 priscam
1402 498 1714 554 felicitatem
1742 502 2018 556 llomanos
2040 512 2093 556 et

491 589 756 660 Bulgaros
822 589 1298 660 redintegrandos.
1369 591 1538 656 lmo,’
1591 593 1910 662 priusquam
1963 609 2088 650 cum

493 696 681 738 nostro
739 683 1058 737 Christiano
1111 685 1444 753 imperatore
1489 687 1840 750 convenires.
1875 689 1943 744 ad
2006 703 2094 745 me

495 777 778 845 indignum
835 792 864 830 e
933 775 1187 846 Bulgaria
1248 778 1553 847 scripseras
1611 789 1660 834 te
1726 780 1891 834 rebus
1951 796 2093 850 pra:-

495 870 744 924 sentibus
784 869 1143 934 incumbere,
1190 885 1380 938 pacem
1438 871 1552 924 fieri
1582 872 1794 936 volens,
1850 889 2095 934 cessare—

497 978 627 1029 que,
671 962 778 1016 Deo
812 963 1129 1033 adjuvante,
1183 961 1323 1017 bella
1355 971 1410 1017 et
1439 978 1591 1018 arma
1624 981 1747 1034 qua:
1791 963 2091 1022 Christiani

498 1054 589 1107 alii
626 1055 676 1106 in
712 1053 849 1109 alios
888 1054 1204 1108 movebant.

2202 503 2420 569 ἔλαϐες,
2475 504 2753 574 ὲπόθησας
2810 505 2904 556 καὶ
2964 505 3171 567 ποθεῖς.
3213 508 3326 560 Καὶ
3357 509 3468 578 γὰρ
3518 510 3615 562 καὶ
3656 512 3800 580 πρὸς

2204 598 2433 660 ἐκεῖνον,
2472 597 2660 658 τέκνον
2687 595 2868 666 ἡμῶν,
2888 597 3224 665 ἐπαγγελίας
3249 603 3525 671 παρέσχες
3545 605 3798 673 εἰρήνης,

2195 689 2288 741 καὶ¹
2320 689 2400 740 ὅτι
2435 688 2690 758 λήξουσιν
2728 690 2800 750 αί,
2836 691 3071 759 σφαγαὶ,
3101 691 3198 744 καὶ
3227 694 3275 744 οἱ
3322 693 3575 764 πόλεμοι,
3610 696 3804 750 καὶτὰ

2193 781 2257 832 ὲκ
2279 779 2756 852 τούτων-δυστυχῆ
2824 782 3152 852 πράγματα,
3205 785 3302 838 καὶ
3364 786 3528 846 πάλιν
3577 789 3660 850 είς
3696 788 3800 859 τὴν

2194 871 2477 940 προτέραν
2541 871 2897 941 εὐδαιμονίαν
2978 874 3244 944 Ῥωμαῖοι
3315 877 3410 930 καὶ
3492 878 3801 950 Βούλγαροι

2193 965 2662 1034 καταστήσονται.
2718 965 2884 1019 Ἀλλὰ
2931 967 3025 1020 καὶ
3075 967 3183 1038 πρὸ
3225 972 3325 1040 τῆς
3373 973 3666 1042 συντυχίας
3696 972 3804 1041 τῆς

2198 1055 2338 1125 πρὸς
2363 1055 2456 1108 τὸν
2480 1055 2826 1140 φιλέχριστον
2853 1057 3013 1128 ἡμῶν
3045 1058 3296 1128 βασιλέα,
3321 1061 3460 1131 πρὸς
3485 1063 3586 1131 τὴν
3637 1065 3668 1132 ὴ
3679 1063 3805 1130 μῶν

498 1145 635 1214 ἔφης
668 1146 1003 1230 -ταπείνωσιν
1054 1148 1118 1199 ἐκ
1170 1145 1514 1217 Βουλγαρίαῖ
1551 1147 1624 1209 τὰ
1651 1150 1890 1204 ἐνταῦθα
1955 1147 2316 1212 καταλαδεῖνι
2342 1145 2572 1216 εἰρήνην
2635 1148 2893 1215 γενέσθαι
2935 1149 3316 1222 βουλόμενος,
3362 1151 3460 1205 καὶ
3479 1153 3805 1206 ἀποπαῦσαι

502 1242 597 1292 σὺν
628 1238 746 1308 Θεῷ
777 1239 874 1311 τὴν
903 1239 1026 1293 κατ’
1071 1239 1320 1312 ἀλλήλων
1350 1243 1460 1296 τῶν
1509 1244 1861 1314 Χριστιανῶν
1897 1245 2088 1314 μάχην,
2119 1242 2217 1297 καὶ
2243 1241 2352 1296 τῶν
2371 1241 2555 1295 ὃπλων
2584 1242 2687 1309 τὴν
2716 1243 2957 1315 κίνησιν.

567 1333 775 1389 Harum
835 1354 1017 1393 rerum
1079 1340 1429 1399 indelebilem
1474 1343 1798 1400 memoriam
1845 1345 1900 1400 in
1934 1342 2102 1399 corde

500 1427 784 1496 habentes,
816 1443 1220 1504 noscentesque
1245 1444 1397 1490 tuam
1432 1435 1679 1490 veritatis
1708 1435 2096 1498 reverentiam,

500 1532 794 1588 praesentes
838 1525 1169 1594 scripsimus
1218 1526 1458 1590 litteras.
1491 1535 1554 1582 ut
1601 1527 1716 1597 jam
1758 1526 2098 1602 supplicavi-

501 1632 622 1670 mus
657 1623 710 1669 et
743 1633 890 1672 nunc
920 1619 1315 1690 supplicantes.
1350 1618 1566 1688 Praebe,
1600 1636 1634 1674 o
1661 1620 1759 1687 lili,
1787 1623 1947 1674 linem
1974 1635 2102 1675 ver-

502 1707 692 1761 borum
729 1710 901 1778 gloria
958 1720 1050 1774 tua
1078 1709 1354 1780 dignum;
1396 1713 1673 1782 promissa
1723 1712 1985 1783 adimple,
2043 1721 2105 1767 ut

504 1800 644 1854 Deus
699 1801 1075 1870 glorilicetur,
1111 1819 1313 1858 nomen
1367 1812 1523 1858 tuum
1579 1803 1894 1860 immortale
1963 1805 2110 1875 apud

504 1901 754 1961 posteros
775 1893 864 1949 fiat
881 1912 894 1953 :
913 1911 1154 1966 grexque
1175 1896 1382 1952 Christi
1409 1898 1632 1966 deplex,
1662 1897 1880 1970 Bulgari
1903 1899 2112 1964 scilicet

503 2003 566 2039 ae
629 1985 885 2051 Romani,
925 1989 1221 2058 perniciem
1274 1992 1630 2064 spiritualem.
1663 2003 1718 2045 et
1764 1992 2108 2064 corporalem

502 2077 774 2147 cll'ugiens
815 2082 1154 2149 corporalem
1191 2084 1435 2153 requiem
1465 2099 1590 2140 eum
1635 2084 1905 2150 spirituali
1935 2086 2110 2140 salute

504 2173 767 2225 obtineat.
805 2172 1030 2229 Minime
1082 2177 1228 2232 enim
1293 2185 1350 2230 te
1411 2176 1549 2248 fugit
1612 2177 1875 2247 Bulgaros
1917 2187 1969 2238 et
2005 2178 2110 2233 Ro-

505 2279 697 2318 manos
737 2281 842 2320 non
901 2268 1064 2323 moJo
1129 2271 1473 2340 corporalem
1520 2254 1685 2325 vitam
1746 2272 2107 2328 miserrimam

505 2355 728 2425 habere,
764 2355 855 2412 sed
883 2363 1072 2424 etiam,
1109 2361 1195 2426 hei
1230 2363 1362 2416 mihi
1403 2362 1744 2418 inforttmato
1788 2365 1799 2417 !
1833 2365 2107 2434 spirituali

507 2449 613 2510 vita
634 2452 854 2517 privari.
879 2455 1030 2515 Eam,
1055 2455 1126 2520 lili
1148 2456 1243 2521 nti,
1266 2457 1678 2523 exstinguamus
1695 2458 1788 2512 ira:
1806 2459 2106 2527 llantmam,

505 2558 668 2612 quam
733 2545 849 2600 sive
895 2548 1164 2604 scelestus
1192 2549 1467 2616 diabolus,
1502 2552 1906 2610 sive‘homines
1938 2569 2108 2608 sensu

507 2645 755 2692 carentes
803 2641 1232 2697 suseitaverunt.
1257 2644 1369 2712 Ego
1405 2654 1459 2699 et
1506 2645 1612 2698 vidi
1654 2646 1957 2700 animantia
2011 2648 2111 2701 ali-

506 2729 725 2798 quando
745 2732 824 2786 ira
852 2743 1020 2797 mota,
1046 2734 1152 2788 alia
1181 2736 1236 2788 in
1267 2735 1370 2790 alia
1399 2736 1610 2792 irruere
1641 2742 1694 2793 et
1718 2748 1952 2803 certare,
1983 2757 2108 2810 qua:

505 2823 652 2877 brevi
689 2824 824 2877 iram
880 2823 1204 2895 furoresque
1232 2829 1498 2884 sedabant
1530 2838 1586 2886 et
1619 2830 1685 2883 ad
1710 2845 1896 2899 pacem
1923 2847 2104 2887 rever-

507 2917 782 2972 tebantur.
858 2920 995 2988 cum
1049 2931 1231 2974 autem
1283 2922 1542 2976 animalia
1599 2926 1811 2978 ratione
1856 2925 2104 2980 carentia

2284 1337 2507 1391 Τούτων
2543 1339 2761 1409 ἔχοντες
2794 1340 2893 1410 τὴν
2927 1341 3184 1411 μνήμνην
3222 1341 3589 1411 ἀνεπίλησιον
3629 1342 3687 1393 ὲν
3735 1319 3806 1390 τῇ

2211 1429 2416 1502 καρδίᾳ
2441 1431 2626 1500 ἡμῶν,
2659 1433 2756 1486 καὶ
2783 1430 3153 1499 γινώσκοντες
3175 1434 3276 1504 τὴν
3315 1433 3466 1504 παρὰ
3504 1431 3598 1485 σοῦ
3627 1448 3809 1501 τιμω-

2209 1525 2382 1595 μένην
2407 1525 2695 1595 ἀλήθειαν,
2729 1525 2791 1578 τὸ
2818 1526 2994 1597 παρὸν
3039 1527 3372 1598 ἐγράψαμεν
3418 1528 3679 1598 γράμμα,
3716 1521 3810 1578 οἷα

2206 1619 2474 1682 πολλάκις
2506 1617 2896 1689 ίκετεύσαμεν,
2930 1619 3027 1672 καὶ
3059 1620 3156 1671 νῦν
3194 1619 3561 1682 ἱκετεύοντες.
3591 1613 3808 1684 Δεῖξον,
3881 1661 3884 1663 .

2211 1711 2413 1771 τέκνον,
2443 1709 2626 1781 ἡμῶν,
2676 1709 2788 1763 τῶν
2815 1710 2926 1763 σῶν
2975 1711 3241 1782 ῥημάτων
3291 1712 3354 1763 τὸ
3385 1711 3541 1774 τέλος
3581 1709 3811 1771 ἐπάξιον

2212 1802 2314 1873 τῆς
2350 1801 2747 1873 προσηκούσης
2787 1818 2872 1855 σοι
2896 1803 3078 1872 δόξης⁶
3114 1802 3538 1873 πλήρωσοντὰς
3567 1804 3812 1872 ὑποσχέ-

2215 1914 2352 1960 σεις,
2384 1895 2477 1964 ἵνα
2529 1897 2627 1950 καλ⁵
2664 1895 2799 1959 Θεὸς
2832 1895 3100 1967 δοξασθῇ,
3133 1897 3227 1949 καὶ
3254 1896 3315 1949 τὸ
3367 1895 3461 1948 σὺν
3489 1896 3666 1965 ὄνομα
3714 1896 3816 1964 γέο

2211 2005 2373 2058 νηται
2407 1988 2746 2058 ἀείμνηστον
2795 1987 2894 2041 καὶ
2941 1989 3001 2040 ὲν
3047 1991 3167 2051 ταῖς
3198 1989 3394 2042 ἔπειτα
3437 1993 3675 2057 γενεαῖς,
3713 1991 3816 2042 καὶ

2211 2080 2505 2150 ἀμφότερα
2545 2079 2619 2132 τὰ
2651 2077 2884 2150 ποίμνια.
2909 2079 3006 2132 τοῦ
3047 2079 3312 2153 Χριστοῦ,
3348 2081 3498 2149 λέγω
3537 2083 3600 2151 δὴ
3648 2082 3710 2133 τό
3747 2099 3816 2134 τε

2211 2171 2548 2243 Βουλγὰρων,
2574 2171 2731 2233 ἔθνος
2775 2171 2871 2224 καὶ
2900 2171 2962 2224 τὸ
3022 2171 3310 2240 Ῥωμαίων
3343 2172 3521 2239 γένος,
3553 2173 3816 2225 ἀπαλλα-

2212 2265 2351 2334 γῶσι
2409 2263 2646 2334 ψυχικοῦ
2689 2265 2786 2318 καὶ
2842 2263 3164 2332 σωματικοῦ
3217 2263 3474 2332 ὀλέθρου,
3523 2265 3620 2316 καὶ⁸
3667 2264 3818 2316 ἀπο-

2212 2357 2455 2414 λαύσωσι
2500 2359 2596 2410 καὶ
2641 2356 2974 2427 σωματικῆς
3015 2356 3280 2421 ἀνέσεως,
3306 2358 3402 2410 καὶ
3422 2357 3664 2427 ψυχικῆς
3699 2375 3816 2410 σω-

2212 2452 2432 2522 τηρίας.
2468 2447 2594 2504 Οἵδε
2639 2452 2748 2522 γὰρ
2784 2453 2816 2520 ἡ
2871 2451 2937 2521 σὴ
2982 2451 3196 2521 μεγάλη
3229 2450 3470 2515 σύνεσις,
3499 2454 3582 2504 ὅτι
3618 2451 3682 2504 οὐ
3715 2453 3821 2520 μά-

2212 2563 2302 2600 νον
2327 2545 2428 2616 τὴν
2460 2545 2788 2615 σωματικὴν
2817 2544 3234 2614 ζωὴν-ἐλεεινῶς
3279 2544 3607 2615 ζημιοῦνται
3664 2545 3818 2598 Ῥω-

2213 2641 2366 2708 μαῖοι
2413 2639 2508 2691 καὶ
2551 2637 2858 2709 Βούλγαρίοι
2892 2637 3162 2708 ἀλλήλους
3191 2637 3631 2706 ἀποσφάζοντες,
3668 2638 3819 2693 ἀλλά

2212 2733 2306 2785 καὶ
2338 2732 2438 2801 τῆς
2466 2730 2670 2802 ψυχῆς,
2712 2731 2860 2800 οἴμοι
2908 2731 2986 2800 τῷ
3046 2731 3237 2797 ἀλθίῳ,
3291 2732 3816 2803 ἀποστερίσκονται·

2210 2825 2344 2889 Ναὶ,
2374 2825 2570 2876 τέκνον
2601 2841 2731 2894 μου,
2761 2823 3052 2892 σϐέσωμεν
3091 2823 3187 2876 τοῦ
3237 2821 3412 2893 θυμοῦ
3443 2824 3544 2893 τὴν
3607 2824 3816 2892 φλόγα,

2209 2916 2277 2988 ἣν
2314 2917 2424 2971 εἴτε
2464 2917 2706 2987 πονηρὸς
2735 2917 2970 2987 δαίμων,
3002 2918 3114 2969 εἴτε
3174 2915 3453 2985 ἄνθρωποι
3505 2917 3818 2986 ἀνέφλεξαν

506 3011 645 3064 iram
675 3012 980 3076 continere,
1027 3013 1190 3082 eique
1223 3014 1382 3067 ﬁnem
1413 3015 1696 3084 imponere
1729 3018 1926 3077 sciant.
1958 3028 2011 3074 et
2035 3022 2100 3073 ad

2207 3012 2472 3082 ἄφρονες.
2519 3010 2665 3078 Ἐγὼ
2717 3014 2812 3065 καὶ
2849 3012 3066 3081 ἀλόγων
3112 3012 3245 3082 γένη
3306 3012 3620 3082 ἐθεασάμην
3673 3016 3816 3064 ποτὲ

503 3117 692 3170 pthetn
721 3114 1137 3169 convertantur,
1161 3122 1289 3160 num
1315 3107 1592 3172 homines,
1618 3125 1758 3176 quos
1782 3111 1920 3165 ratio
1941 3112 2095 3182 regit,

505 3195 598 3263 qui
636 3211 804 3249 unum
827 3196 993 3251 Deum
1015 3200 1366 3264 conﬁtentur,
1404 3217 1514 3256 uno
1552 3203 1756 3256 Christi
1801 3202 1892 3257 Dei
1923 3205 2096 3258 nostri

455 3300 460 3304 ·
507 3288 732 3343 nomine
764 3290 1125 3359 appellantur,
1149 3296 1410 3360 quoniam
1445 3311 1595 3348 arma
1645 3295 1698 3347 in
1725 3295 1956 3350 invicem
1981 3310 2101 3348 ηιοο

505 3382 706 3447 verint,
733 3397 949 3452 semper
975 3377 1293 3450 movebunt,
1331 3386 1540 3442 mutuis
1568 3386 1808 3441 cmdilms
1843 3387 1964 3443 sine
1995 3388 2115 3441 line

507 3475 831 3543 gloriantes,
855 3493 1134 3546 nunquam
1166 3479 1378 3536 ratione
1405 3480 1536 3548 quid
1569 3480 1640 3534 sit
1664 3479 1798 3550 ipsis
1826 3481 1955 3534 utile
1977 3481 2099 3535 exi-

507 3569 828 3635 stimabunt,
849 3587 1027 3640 neque
1061 3572 1379 3640 aliquando,
1425 3573 1554 3627 licet.
1594 3574 1804 3628 tardius
1843 3574 2098 3642 sanguini

505 3673 738 3734 parcent
777 3666 789 3718 ί
816 3664 1039 3723 lstudne
1065 3675 1258 3720 natura
1280 3665 1520 3720 humana
1546 3668 1794 3738 dignum,
1816 3668 1881 3720 ad
1907 3668 2102 3736 imagi-

507 3774 629 3814 nem
658 3757 748 3813 Dei
774 3757 1030 3826 formata,
1051 3760 1138 3815 cui
1158 3760 1299 3814 ratio
1320 3761 1594 3824 peculiare
1615 3760 1823 3816 decus?
1845 3760 1950 3816 Sed
1969 3761 2103 3831 quid

504 3853 810 3924 longiorem
862 3855 1150 3924 epistolam
1184 3854 1394 3922 .‘facio?
1437 3855 1582 3912 Satis
1613 3859 1723 3911 sint
1749 3872 1872 3926 qua:
1897 3858 2103 3926 scripta

506 3953 656 4000 sunt.
719 3944 796 3998 Ex
854 3944 964 3999 Deo
1011 3945 1158 3999 enim
1216 3945 1435 4001 conﬁdo
1498 3961 1585 4002 res
1636 3945 1708 4000 ita
1753 3945 2007 4015 futuras,
2047 3956 2106 4001 ut

505 4035 695 4088 dixisti
722 4034 953 4103 loquens
979 4035 1046 4088 ad
1078 4035 1445 4090 humilitatem
1473 4052 1648 4090 meam
1673 4047 1727 4090 et
1755 4037 1824 4090 ad
1851 4045 2104 4092 nostrum

507 4122 896 4191 imperatorem
936 4122 1045 4177 Deo
1080 4133 1340 4188 amatum,
1368 4123 1704 4196 fratremque
1726 4127 2105 4182 tibidilectum

507 4225 560 4269 et
595 4231 693 4284 pro
746 4215 945 4270 talibus
968 4217 1178 4271 meritis
1203 4217 1392 4286 longos
1415 4219 1512 4272 tibi
1548 4235 1577 4272 ιι
1613 4218 1722 4273 Deo
1754 4208 2107 4289 exposcimus

507 4309 818 4362 felicitatem
850 4308 902 4361 in
932 4308 1033 4363 hac
1053 4310 1181 4374 vita,
1207 4311 1331 4363 etin
1364 4309 1547 4364 futura
1581 4310 2103 4368 illiusluereditatem

2210 3107 2315 3158 ὑπὸ
2347 3105 2523 3175 θυμοῦ
2551 3105 2870 3176 κινηθέντα,
2898 3110 2993 3160 καὶ
3018 3107 3137 3160 κατ’
3197 3106 3446 3177 ἀλλήλων
3477 3109 3814 3177 ὁρμήσαντα

2207 3201 2304 3252 καὶ
2339 3200 2650 3269 μαχόμενα,
2692 3199 2810 3252 ἀλλ’
2841 3199 3156 3254 ἐπαύσαντο
3186 3200 3349 3252 πάλιν
3379 3197 3473 3252 τοῦ
3503 3200 3679 3269 Θυμοῦ
3710 3201 3816 3253 καὶ

2208 3289 2304 3342 τοῦ
2376 3290 2673 3360 μάχεσθαι,
2731 3290 2825 3342 xui.
2867 3290 3216 3360 κατέστησαν
3259 3289 3400 3360 πρὸς
3448 3289 3510 3342 τὸ
3572 3290 3812 3358 ἥμερον.

2209 3379 2368 3446 Εἶτα,
2393 3385 2586 3436 τέκνον
2641 3401 2767 3453 μου,
2803 3383 2873 3435 τά
2917 3383 3015 3452 μὲν
3048 3384 3219 3451 ἄλογα
3262 3383 3335 3452 μὴ
3367 3383 3684 3452 κεκτημένα
3718 3379 3816 3432 λύ-

2209 3492 2304 3544 γον
2328 3477 2592 3546 ἐπέχοντα
2641 3477 2734 3527 τὸν
2766 3474 2962 3545 θυμὸν,
3007 3475 3126 3528 ἀλλ’
3149 3475 3254 3528 ὑπὸ
3292 3475 3521 3542 ἀλογίας
3558 3473 3811 3541 ἀγόμενα

2211 3571 2538 3624 ἐπίστανται
2589 3569 2683 3622 τοῦ
2742 3570 2916 3641 θυμοῦ
2961 3568 3302 3633 ἁπόπαυσιν,
3377 3569 3476 3620 καὶ
3521 3569 3621 3637 τῆς
3681 3569 3814 3620 κατ’

2211 3662 2460 3733 ἀλλήλων
2489 3663 2822 3730 ἀφίστανται
2844 3662 3046 3732 μάχης,
3073 3663 3167 3714 καὶ
3205 3659 3635 3730 μεταϐάλλονται
3663 3659 3810 3728 πρὸς

2211 3755 2457 3824 εἰρήνην·
2491 3752 2777 3825 ἄνθρωποι
2807 3753 2864 3807 δὲ
2901 3753 3045 3822 λόγῳ
3076 3752 3513 3822 κυδερνὼμενοι,
3543 3751 3636 3804 ἕνα
3669 3751 3810 3804 Θεὸν

2213 3845 2624 3917 ὁμολογοῦντες,
2663 3847 2742 3898 ἑνὶ
2767 3846 2997 3916 ὀνόματι
3029 3844 3108 3916 τῷ
3145 3844 3240 3898 τοῦ
3268 3845 3510 3916 Χριστοῦ
3537 3845 3634 3897 καὶ
3664 3844 3808 3897 Θεοῦ

2213 3938 2372 4010 ἡμῶν
2426 3937 2881 4007 ἐπικεκλημένοι,
2940 3938 3076 3991 διότι
3120 3937 3367 4007 ἔφθασαν
3397 3936 3520 3990 κατ’
3555 3935 3809 4007 ἀλλήλων

2213 4031 2355 4084 ὅπλα
2390 4032 2638 4099 κινῆσαι,
2684 4031 2900 4094 τούτοις
2944 4033 3245 4101 χρήσονται
3300 4030 3389 4084 διὰ
3427 4029 3655 4094 παντὸς,
3706 4029 3807 4084 καὶ

2213 4128 2336 4188 ταῖς
2371 4127 2490 4179 κατ’
2521 4126 2771 4194 ἀλλήλων
2803 4127 3041 4194 σφαγαῖς
3062 4122 3253 4193 ὥσπερ
3287 4123 3659 4203 ἐντρυφῶντες
3687 4122 3812 4176 δια-

2215 4219 2552 4282 τελὲσουσιν,
2573 4218 2687 4273 ἀλλ’
2721 4218 2841 4290 οὐχὶ
2862 4217 3111 4288 λογισμῷ
3125 4217 3373 4289 κρινοῦσι
3403 4219 3474 4270 τὰ
3495 4220 3801 4288 πρέποντα,

2216 4316 2311 4367 καὶ
2339 4313 2437 4384 ὀψέ
2471 4331 2603 4366 ποτε
2627 4314 2726 4382 τῆς
2764 4310 2886 4364 κατ’
2938 4312 3188 4382 ἀλλήλων
3221 4313 3441 4381 σφαγῆς
3473 4310 3800 4379 ἀφέξονται;

506 4401 712 4468 glorim,
747 4417 869 4470 quae
920 4413 1148 4455 cunctos
1193 4401 1447 4456 homines
1508 4403 1616 4456 Deo
1661 4411 1846 4473 gratos
1879 4415 2086 4461 manet.

2207 4407 2305 4460 Kal.
2324 4405 2424 4458 ποῦ
2453 4403 2611 4457 τοῦτο
2642 4402 2791 4468 ἄξιον
2821 4402 2923 4471 τῆς
2952 4401 3300 4473 ἀνθρωπίνης
3314 4401 3528 4470 φύσεως
3543 4403 3640 4472 τῆς
3659 4398 3803 4453 κατ’

507 4493 696 4547 εἰκόνα
749 4493 888 4546 Θεοῦ
942 4493 1396 4561 διαπλασθείσης,
1448 4494 1543 4547 καὶ
1590 4495 1736 4565 λόγῳ
1755 4495 2168 4566 τετιμημένης;
2223 4497 2390 4552 Ἀλλὰ
2422 4497 2474 4548 τί
2505 4495 2774 4566 μακρύνω
2811 4494 2872 4547 τὸ
2908 4496 3184 4567 γράμμα;
3251 4493 3638 4565 Ἀρκεσθῶμεν
3684 4495 3806 4558 τοῖς

508 4587 846 4658 εἰρημένοις·
881 4589 1120 4643 πέποιθα
1151 4589 1262 4660 γὰρ
1305 4591 1364 4642 ἐν
1397 4589 1539 4658 Θεῷ,
1587 4589 1884 4661 ὃτιῶσπερ
1910 4591 2105 4662 παρὼν
2143 4591 2416 4661 ὲλάλησας
2445 4590 2586 4660 πρὸς
2620 4589 2718 4660 τὴν
2752 4587 2913 4658 ἡμῶν
2983 4587 3343 4653 ταπείνωσιν,
3381 4590 3476 4643 κα)⁵
3533 4587 3671 4657 πρὸς
3705 4585 3802 4638 τὸν

507 4681 861 4752 φιλόχριστον
887 4682 1116 4751 βασιλέα
1189 4681 1348 4751 ἡμῶν
1379 4682 1474 4734 τὸν
1535 4683 1618 4734 σοὶ
1681 4682 2024 4751 ποθούμενον
2083 4682 2336 4752 ἀδελφὸν,
2383 4682 2526 4736 οὕτω
2557 4683 2653 4734 καὶ
2687 4682 3004 4752 γενήσεται·
3048 4679 3167 4732 ἀνθ’
3217 4672 3292 4732 ὧν
3347 4678 3690 4750 ἐπευχόμεθά
3715 4696 3801 4731 σοι

511 4778 838 4848 μακρότητα
866 4777 1117 4847 ἡμερῶν,
1163 4779 1259 4830 καὶ
1319 4777 1463 4830 κατὰ
1495 4777 1595 4844 τὴν
1638 4777 1919 4842 παροῦσαν
1992 4777 2140 4848 ζωὴν
2178 4776 2496 4848 εὐετηρίαν,
2537 4775 2633 4830 καὶ
2677 4777 2735 4827 ὲν
2763 4777 2831 4845 τῇ
2881 4772 3155 4844 μελλούση
3231 4771 3598 4842 κληρονομίαν
3637 4769 3800 4840 δόξης

507 4870 605 4938 τῆς
631 4870 1009 4939 ἀποκειμένης
1047 4871 1186 4922 πᾶσι
1219 4858 1332 4932 τοῖς
1374 4870 1453 4940 τῷ
1484 4869 1606 4941 Θεῷ
1635 4872 2096 4942 εὑαρεστήσασιν.

1112 4961 1308 5015 XXXI.
1348 4963 1560 5018 Eidem.

581 5057 737 5127 Smpe
778 5058 877 5112 tibi
923 5073 1048 5128 quae
1098 5060 1483 5112 existimabam
1540 5066 1597 5113 et
1643 5073 1792 5114 nunc
1845 5060 2104 5114 existimo

509 5150 668 5204 utilia
699 5159 753 5204 et
781 5153 1182 5214 convenientia,
1206 5152 1425 5222 scripsi.
1465 5151 1634 5206 llodie
1657 5151 1726 5206 de
1769 5153 1933 5208 rebus
1964 5168 2102 5220 quas

508 5245 616 5315 iam
677 5244 924 5313 tractavi}
974 5245 1222 5299 ultimam
1271 5246 1456 5300 scribo
1522 5246 1849 5315 epistolam,
1915 5245 2102 5300 dolore

509 5351 606 5388 cor
639 5350 822 5389 meum
851 5346 1077 5405 urgente
1108 5345 1328 5406 pr0pter
1363 5336 1678 5390 communia
1717 5337 1857 5389 mala
1900 5337 2101 5403 quibus

511 5425 748 5494 populus
797 5425 920 5490 Dei,
953 5442 1047 5482 seu
1080 5427 1372 5496 Bulgarus,
1400 5443 1496 5481 seu
1527 5426 1810 5482 Romanus
1837 5428 2103 5482 exhauri-

511 5529 620 5571 tur.
663 5519 809 5574 Gens
841 5523 986 5575 enim
1029 5521 1392 5591 Bulgarorum
1426 5535 1554 5574 vere
1581 5521 1813 5589 populus
1849 5521 1938 5576 Dei
1971 5533 2055 5576 est
2084 5562 2098 5585 ,

513 5612 605 5676 qui
633 5611 756 5666 illos
787 5614 1011 5685 proprio
1040 5614 1307 5684 sanguine
1364 5615 1611 5675 redemit,
1646 5614 1953 5682 fratresque
1975 5615 2103 5669 fecit

516 5716 612 5767 per
645 5702 880 5770 Spiritus
907 5706 1082 5760 sancti
1123 5707 1495 5774 adoptionem,
1537 5706 1661 5758 licet
1694 5714 1746 5758 tu
1803 5705 1895 5760 tibi
1931 5722 2099 5775 popu-

520 5794 632 5847 lum
667 5813 910 5866 arrogcs,
944 5800 1059 5869 qui,
1093 5799 1252 5854 hodie
1279 5799 1574 5867 imperium
1621 5797 1824 5853 habens
1859 5813 1980 5854 cras
2008 5799 2098 5854 da-

2731 4962 2858 5016 AA'.
2904 4959 2990 5026 Τῷ
3044 4957 3228 5025 αὐτῷ.

2283 5057 2540 5128 Ἔγραψα
2567 5055 2851 5118 πολλάκις,
2872 5054 2949 5116 ὠς
2974 5053 3076 5123 μὲν
3103 5051 3212 5120 ἐγὼ
3234 5050 3510 5121 ἐνόμιζον,
3528 5049 3665 5103 ἀλλὰ
3700 5051 3801 5104 καὶ

2204 5151 2288 5204 ἔτι
2313 5148 2547 5220 νομίζω,
2567 5149 2663 5201 καὶ
2681 5147 2936 5216 ὠφέλιμα
2967 5147 3063 5200 καὶ
3084 5146 3459 5216 συμφέροντα.
3479 5143 3683 5214 Γράφω
3697 5144 3800 5197 νῦν

2203 5243 2300 5296 ἐπὶ
2321 5244 2508 5303 πᾶσιν,
2530 5235 2612 5303 οἷς
2642 5240 2995 5310 προέγραψα,
3015 5239 3174 5292 τοῦτο
3189 5239 3253 5308 δὴ
3273 5237 3335 5292 τὺ
3353 5237 3584 5308 ἔσχατον
3614 5237 3799 5309 γράμ-

2209 5355 2286 5408 μα
2306 5377 2321 5401 ,
2357 5335 2474 5406 ἅμα
2538 5334 2636 5403 μὲν
2672 5333 2996 5404 κινούμενος
3027 5333 3133 5386 ὑπὸ
3156 5333 3256 5402 τῆς
3281 5333 3340 5385 ὲν
3363 5335 3426 5402 τῇ
3455 5333 3561 5403 ἐμῇ
3592 5332 3797 5404 καρδίαι¹

2203 5429 2542 5500 ἐγκειμένης
2615 5427 2707 5481 διὰ
2762 5428 2967 5489 παντὸς
3015 5425 3209 5496 ὀδύνης
3257 5426 3419 5497 χάριν
3448 5425 3556 5478 τῶν
3597 5425 3798 5478 κοινῶν

2203 5523 2394 5577 παθῶν
2446 5521 2556 5574 τῶν
2626 5518 3146 5574 καταδαπανῶντων
3195 5519 3291 5572 τὸν
3346 5519 3478 5572 λαὸν
3521 5518 3617 5571 τοῦ
3656 5518 3794 5570 Θεοῦ

2199 5617 2291 5667 τὸν
2321 5617 2380 5665 ἐν
2419 5611 2754 5681 Βουλγάροις
2790 5611 2884 5663 ml.
2918 5608 3214 5678 Ῥωμαίοις
3255 5609 3794 5679 συναριθμούμενον.

2217 5707 2460 5760 Ἑκεένου
2515 5705 2624 5774 γάρ
2653 5705 2771 5755 ἐστι
2803 5702 2930 5765 λαὸς
2961 5702 3177 5770 ἀληθῶς
3216 5703 3311 5756 καὶ
3347 5703 3408 5755 τὸ
3462 5701 3793 5770 Βουλγὰρων

2202 5800 2356 5868 γένος
2385 5798 2478 5852 τοῦ
2517 5797 2948 5867 ἐξα-γηράσαντος
2977 5796 3172 5861 αὐτοὺς
3211 5796 3396 5866 οἰκείῳ
3439 5796 3660 5866 αἵματι,
3698 5791 3793 5844 τοῦ
