4152 6448
476 309 574 375 191

1614 313 1926 374 NlCOLAI
1967 316 2080 378 (ΣΡ.
2120 318 2636 383 ΡΑΤΗΙΑίὶΕΗᾹΞ

3574 300 3577 302 ’
3657 313 3763 380 192

475 424 817 494 imperabant
839 429 1029 479 contra
1057 423 1324 479 rationem
1361 425 1581 481 fuerant
1613 431 1882 498 aggressi,
1917 429 2058 483 Deus
2086 485 2087 488 η

2186 434 2410 503 Ιρόσχες
2442 433 2526 499 οἷς
2557 437 2817 509 λέγομεν,
2864 437 2996 504 ἴσως
3031 438 3142 510 γὰρ
3191 439 3249 492 ὲν
3273 442 3446 508 τούτῳ
3476 437 3763 507 φρονίμως

476 520 529 572 in
559 528 610 571 te
644 517 888 571 clemens
923 515 1043 581 fuit,
1076 525 1130 570 et
1159 517 1398 586 gladium
1431 519 1614 588 iniqua
1649 530 1702 574 et
1730 521 1936 590 injusta
1969 539 2064 592 ag-

473 612 757 681 gressione
789 611 1052 678 agitatum
1083 627 1110 664 a
1143 623 1194 666 te
1235 613 1286 666 in
1313 628 1516 682 equum
1564 615 1738 669 averti
1778 617 1973 679 voluit,
2009 626 2069 671 ut

474 705 784 758 monereris
833 719 941 757 non
972 705 1197 758 victoria
1226 706 1518 760 immodice
1549 707 1794 776 gloriari.
1831 709 1927 764 sed
1961 711 2063 764 hu-

475 805 764 845 manarum
789 806 970 845 rerum
989 793 1329 856 meminisse,
1351 797 1734 868 modestosque
1753 813 1949 855 sensus
1968 801 2067 854 ba-
2114 797 2118 800 ’

476 883 626 946 bere,
663 898 841 954 neque
873 883 1037 938 rebus
1069 900 1192 953 quas
1222 886 1478 941 videntur
1525 905 1800 960 prospera:
1837 893 2065 947 omnino

383 1046 391 1054 ι
477 977 863 1045 occupari,sed
889 978 1051 1032 etiam
1075 980 1320 1036 adversis
1334 996 1455 1049 qua:
1470 982 1654 1038 subito
1675 984 1926 1040 homines
1941 1001 2065 1041 cor—

481 1067 686 1138 ripiunt
721 1069 1020 1125 intendere.
1047 1068 1192 1124 Cave
1209 1086 1276 1124 ne
1293 1071 1345 1124 in
1370 1071 1511 1126 bello
1529 1074 1676 1142 quod
1699 1090 1763 1129 ex
1784 1075 2066 1132 voluntate

481 1162 534 1214 in
560 1163 772 1228 corporis
801 1178 815 1228 ;
841 1161 1054 1230 gladius
1079 1172 1151 1226 te,
1185 1165 1330 1232 quod
1359 1164 1425 1218 de
1447 1181 1667 1234 precor,
1710 1183 1818 1222 non
1848 1183 2048 1239 equum

485 1253 690 1306 animal
765 1253 1069 1322 insipiens,
1146 1255 1404 1310 incutiat.
1464 1261 1737 1314 Accurate
1783 1261 1902 1331 lege
1945 1277 2070 1332 qure

479 1346 700 1414 scripsi,
733 1355 785 1400 et
816 1361 880 1400 ex
917 1347 1148 1417 cpistola
1203 1349 1270 1402 ad
1320 1359 1564 1404 veterum
1613 1352 1899 1420 historias,
1935 1371 2072 1424 quas

479 1442 595 1494 scio
637 1452 954 1510 te_versare,
990 1445 1312 1510 retrocede;
1347 1453 1400 1498 et
1430 1455 1622 1514 reputa
1647 1447 1931 1502 victoriam
1965 1467 2072 1505 non

479 1549 695 1603 semper
755 1543 902 1588 tuam
944 1534 1203 1604 futuram,
1248 1538 1343 1593 sed
1395 1548 1450 1593 et
1509 1541 1719 1595 cladem
1774 1557 1942 1613 prope
1998 1545 2078 1600 in-

479 1634 645 1680 stare.
678 1626 767 1681 Sic
811 1627 876 1680 ad
919 1628 1334 1700 obiurgationes
1374 1632 1702 1702 respondeo.

2169 526 2265 579 καὶ
2313 528 2689 599 στοχαζόμεθα
2717 530 2812 584 καὶ
2870 531 3247 600 φθεγγόμεθα.
3301 529 3523 600 Ἐπειδὴ
3566 528 3676 599 γὰρ
3709 528 3762 580 οἱ

2169 618 2315 671 κατά
2351 619 2444 670 τὸν
2479 623 2673 689 καιρὸν
2717 621 2928 674 ἐκεῖνον
2987 619 3098 674 τῶν
3129 621 3476 690 πραγμάτων
3507 619 3606 688 τὴν
3653 635 3756 671 κυ-

2175 712 2400 782 ριότητα
2426 713 2901 784 ἐγκεχειρισμένος.
2956 713 3290 785 παραλόγως
3341 711 3442 784 τὴν
3491 712 3636 764 κατὰ
3662 708 3762 763 σοῦ

2174 802 2501 875 ἐποιήσαντο
2532 805 2772 877 κίνησιν,
2809 806 3004 876 ἔτυχες
3052 807 3154 876 τῆς
3205 803 3417 859 ἀνωθεν
3445 803 3764 871 εὐμενείας,

2174 896 2272 950 καὶ
2295 898 2394 968 τὴν
2426 897 2640 969 πληγὴν
2677 898 2770 952 τοῦ
2821 899 3010 968 ξίφους
3064 898 3412 968 ἀπέστρεψεν
3450 896 3558 950 ἀπὸ
3591 896 3686 949 σοῦ
3728 897 3765 966 ή

2173 989 2284 1041 τῶν
2307 989 2687 1059 κεκινημένων
2713 991 2834 1043 τότε
2871 989 3184 1061 παράλογος
3214 987 3361 1060 ὁρμή
3404 989 3497 1042 καὶ
3528 988 3679 1058 παρά
3703 986 3770 1040 τδ

2172 1081 2399 1148 δίκαιον,
2431 1084 2632 1154 ήνέχθη
2673 1084 2892 1138 δὲκατά
2917 1082 3012 1137 τοῦ
3070 1084 3303 1154 κτήνους
3343 1085 3376 1154 ή
3407 1082 3589 1152 πληγή
3629 1097 3643 1112 ⁸
3674 1081 3766 1134 ἶνα

2176 1175 2339 1228 πάλιν
2370 1175 2664 1246 παιδευθῇς
2697 1177 2770 1246 μὴ
2803 1175 3074 1247 ἀλογίστῳ
3115 1175 3348 1246 ὲπάρσει
3377 1175 3652 1245 ἑντρυφᾷν
3692 1177 3762 1243 τῇ

2170 1269 2320 1340 νίκῃ,
2358 1268 2496 1321 ἀλλά
2528 1268 2847 1337 μεμνῆσθαι
2881 1267 2990 1321 τῶν
3026 1267 3387 1339 ἀνθρωπίνων
3417 1266 3768 1336 πραγμάτων

2172 1362 2269 1414 καὶ
2301 1360 2736 1430 μετριοφρονεῖν·
2770 1359 2866 1411 καὶ
2890 1357 2964 1428 μὴ
2993 1357 3130 1421 ὅλως
3150 1357 3396 1425 γίνεσθαι
3424 1355 3520 1408 τοῦ
3546 1354 3771 1408 δοκοῦν-

2172 1471 2263 1516 τος
2303 1451 2709 1522 εὐτυχήματος,
2758 1450 2895 1502 ἀλλά
2930 1450 3026 1502 καὶ
3077 1451 3213 1519 πρὸς
3265 1451 3331 1504 τὰ
3392 1448 3773 1518 συμϐαίνοντα

2183 1548 2298 1608 τοῖς
2346 1544 2660 1615 ἀνθρώποις
2687 1543 3082 1612 δυστυχήματα
3111 1545 3204 1594 τὶν
3233 1542 3358 1595 νοῦν
3391 1540 3770 1608 ἐπιστρέφειν.

2114 1641 2154 1697 Β
2185 1637 2392 1708 Σκέψσιι
2427 1638 2491 1703 δὴ
2523 1639 2754 1705 μήποτε
2778 1633 2874 1686 τοῦ
2938 1633 3182 1705 πολέμου
3223 1633 3320 1686 νῦν
3365 1633 3652 1702 μέλλοντος
3682 1631 3777 1685 διὰ

483 1723 540 1777 σὲ
593 1721 694 1792 τὴν
770 1723 953 1777 αἰτίαν
999 1726 1325 1792 λαμϐάνειν,
1377 1729 1478 1781 οὐκ
1531 1730 1626 1782 ἐπὶ
1671 1732 1764 1784 τὸν
1801 1733 1989 1802 ἵππον,
2019 1737 2120 1791 οὐκ
2150 1739 2244 1790 ἐπὶ
2303 1736 2363 1788 τὸ
2401 1734 2621 1801 κτῆνος,
2653 1731 2768 1783 ἀλλ’
2800 1731 2892 1783 ἐπὶ
2917 1729 2996 1795 σὲ,
3027 1731 3166 1800 ὅπερ
3195 1729 3537 1799 ἀπεύχομαι,
3569 1729 3603 1798 ἡ
3630 1726 3777 1796 πλη-

480 1817 553 1882 γὴ
583 1816 803 1885 φθάσει.
860 1820 1209 1886 ’Λνάγνωσον
1259 1819 1535 1890 ἐπιμελῶς
1563 1822 1599 1875 ἃ
1653 1809 1934 1894 γέγραφα,
1981 1828 2077 1882 καὶ
2113 1829 2180 1880 ὲκ
2210 1825 2420 1880 τούτων
2456 1826 2592 1896 πρὸς
2623 1824 2723 1887 τὰς
2783 1823 3151 1893 παλαιοτέρας
3193 1823 3436 1892 ἱστορίας
3470 1837 3483 1850 ⁸
3517 1817 3635 1874 οἶδα
3661 1821 3776 1891 γὰρ

481 1912 563 1964 ὅτι
618 1914 711 1964 καὶ
757 1913 964 1977 ταύτας
1039 1915 1098 1968 ἐν
1152 1913 1356 1985 μελέτῃ
1416 1917 1565 1986 ποιῇ,
1613 1916 1850 1988 ἀνάϐηθι
1889 1937 1904 1951 ·
1955 1923 2051 1974 καὶ
2105 1922 2179 1992 μὴ

2265 1921 2455 1990 νόμιζε
2534 1919 2766 1971 πάντοτε
2833 1916 2972 1986 μετά
3042 1915 3136 1968 σοῦ
3203 1916 3302 1984 τήν
3382 1915 3540 1983 νίκην
3609 1910 3780 1978 εἶναι,

481 1997 620 2055 ἀλλά
673 2005 769 2057 καὶ
843 2001 1014 2078 ἧτταν
1068 2005 1284 2075 λογίζου
1352 2009 1495 2061 κατά
1559 2009 1726 2074 πόδας
1790 2012 2156 2068 ἀκολουθείνο
2230 2013 2369 2067 ἀλλὰ
2409 2011 2667 2066 τοσοῦτον
2723 2009 2821 2080 μὲν
2883 2007 3014 2078 περὶ
3052 2007 3150 2077 τῆς
3207 2006 3344 2060 καθ’
3395 2006 3544 2076 ἡμᾶς
3611 2005 3783 2075 είρω-

486 2113 655 2161 νειας.

553 2193 788 2265 Jamjam
841 2209 1023 2254 autem
1056 2199 1124 2255 ad
1159 2209 1210 2256 te
1265 2202 1562 2259 scribimus
1609 2207 1762 2272 lalia,
1813 2211 2077 2279 qualibus

485 2305 671 2344 coram
707 2292 797 2360 pio
826 2306 890 2346 ac
921 2293 1181 2362 religioso
1219 2294 1552 2362 imperatore
1599 2309 1794 2356 nostro
1823 2301 2079 2372 illiusque

485 2394 680 2440 senatu
734 2385 914 2454 ipsum
948 2387 1338 2456 imperatorem
1387 2389 1454 2444 de
1477 2390 1624 2447 cado
1666 2395 1850 2462 ponuli
1887 2395 1974 2450 sui
2026 2403 2083 2450 et

488 2487 682 2547 gentes
725 2476 1085 2546 Bulgarorum
1140 2480 1426 2535 hortamur
1460 2481 1962 2557 deprecamurque,
2022 2497 2082 2542 ut

487 2565 772 2635 patientiae
818 2576 874 2624 et
901 2568 1341 2639 longanimitate,
1400 2571 1514 2629 Deo
1542 2576 1860 2646 adjuvaute,
1898 2580 2080 2635 indul-

488 2665 634 2727 geat,
666 2674 841 2728 neque
874 2675 1007 2716 suos
1030 2676 1224 2718 omnes
1262 2663 1328 2718 ad
1357 2666 1783 2737 aggredienduni
1810 2669 2074 2741 Bulgaros

487 2763 542 2802 m
568 2759 724 2803 iveat.
761 2749 1008 2806 Prredico
1044 2751 1238 2819 Deum,
1261 2754 1479 2809 illorum
1503 2769 1834 2825 procurante
1867 2761 2081 2830 patien-

490 2841 586 2906 tia,
628 2856 724 2894 cor
777 2844 921 2913 regis
953 2843 1318 2915 Bulgarorum
1354 2855 1654 2913 tacturum,
1698 2853 1793 2919 qui
1831 2859 2078 2907 mentem

490 2932 558 2987 ad
611 2933 753 2988 bona
806 2938 957 3006 pacis
989 2947 1294 3004 cauvertet,
1357 2941 1648 3012 priscoque
1703 2957 1888 2996 rerum
1936 2952 2081 2998 statu

495 3025 716 3080 reddito
745 3029 1026 3095 gaudebit.
1057 3027 1252 3085 Noster
1275 3043 1455 3087 autem
1487 3033 1785 3099 humanus,
1821 3051 2082 3091 mansne

493 3125 586 3171 tus
620 3118 1157 3189 lienignissimusque
1199 3123 1496 3191 imperator
1547 3127 1756 3192 (verbis
1787 3129 1928 3182 meis
1957 3143 2082 3183 crc-

493 3207 611 3274 des,
632 3209 724 3278 qui
754 3220 848 3264 tuo
874 3214 1250 3282 experimento
1275 3216 1420 3271 illius
1453 3216 1733 3282 ingenium
1763 3219 2079 3288 benignum,

492 3311 838 3356 mansuetum
870 3305 1106 3375 miteque
1138 3309 1362 3379 novisti)
1393 3310 1801 3368 hortationibus
1852 3313 2079 3380 annuit;

493 3393 677 3450 omnis
736 3411 866 3448 vero
896 3407 1156 3467 senatus,
1205 3403 1497 3472 omnisque
1541 3403 1761 3468 civitas,
1817 3405 1913 3460 sed
1945 3406 2081 3475 quid

494 3485 642 3544 dico.
675 3488 869 3544 civitas
895 3490 918 3541 ?
943 3505 1138 3548 omnes
1171 3493 1388 3564 imperii
1417 3495 1599 3564 populi
1624 3507 1956 3566 repugnant,
1987 3513 2084 3552 ne-

497 3584 690 3643 gantes
741 3593 800 3632 se
847 3579 1056 3635 diutius
1091 3591 1296 3636 tantam
1335 3584 1694 3655 Bulgarorum
1746 3586 2079 3643 dementiam

497 3667 874 3735 toleraturos,
927 3680 1023 3724 aut
1079 3689 1304 3728 suorum
1359 3677 1912 3747 propinquorumque
1965 3680 2084 3733 rui-

494 3773 644 3825 nam,
685 3775 750 3816 ac
799 3765 1082 3832 regionum
1131 3781 1359 3823 suorum
1395 3769 1816 3838 occupationem
1863 3770 2075 3824 oblituo

495 3866 618 3917 ros;
657 3853 979 3924 dicuntque,
1014 3858 1234 3926 quando
1275 3861 1498 3930 quidem
1529 3863 1871 3931 pereundum
1907 3873 2076 3928 esset,

495 3959 554 3998 se
595 3942 957 4013 Bulgarorum
992 3951 1306 4017 superbiam
1332 3953 1646 4009 altrituros.
1680 3953 1956 4010 Caeterum
1984 3972 2086 4026 pro

500 4043 653 4087 certo
675 4033 883 4091 habeas
919 4041 1196 4095 exercitus
1219 4081 1234 4106 ,
1270 4057 1578 4112 omnesque
1633 4046 1840 4116 quibus
1893 4062 2090 4102 manus

497 4134 586 4178 sat
639 4128 855 4194 validm,
881 4143 1075 4184 contra
1106 4142 1177 4197 te,
1223 4134 1266 4187 si
1313 4144 1406 4189 tua
1445 4136 1499 4188 in
1533 4137 1660 4191 belli
1693 4137 1936 4208 pernicie
1968 4154 2095 4207 per-

499 4219 701 4288 stiterit
734 4223 1006 4288 voluntas,
1030 4241 1154 4278 cum
1186 4227 1336 4293 justo
1353 4228 1444 4282 Dei
1477 4229 1682 4283 auxilio
1709 4244 2095 4298 processuros.

2251 2207 2332 2260 Τὰ
2356 2205 2413 2260 δὲ
2447 2202 2700 2256 ἐντεῦθεν
2740 2199 2968 2255 τοιαῦτα
3019 2197 3158 2267 πρὸς
3200 2197 3260 2249 σὲ
3322 2197 3637 2268 γράφομεν,
3685 2192 3781 2249 οἷα

2179 2299 2276 2352 καὶ
2318 2297 2456 2368 πρὸς
2475 2296 2564 2348 τὸν
2595 2294 2797 2363 εὑσεδῆ
2825 2293 2921 2346 καὶ
2949 2290 3301 2360 φιλόχριστον
3337 2287 3494 2360 ήμῶν
3519 2287 3772 2358 βασιλέα,

2182 2393 2274 2442 καὶ
2312 2389 2450 2460 πρὸς
2478 2388 2577 2459 τὴν
2610 2385 2918 2455 σύγκλητον
2983 2381 3154 2436 αὑτοῦ
3206 2382 3342 2436 καθ’
3374 2381 3617 2450 ἑκάστην
3677 2380 3781 2433 καὶ

2183 2481 2564 2552 παραινοῦμεν
2595 2480 2691 2532 καὶ
2726 2477 3046 2543 ἱκετεύομεν
3101 2476 3200 2528 τὸν
3235 2473 3583 2544 φιλόχριστον
3614 2470 3777 2543 ήμῶν

2189 2573 2418 2644 βασιλέα
2441 2575 2536 2625 καὶ
2565 2571 2667 2640 τῆς
2711 2570 2926 2640 σφαγῆς
2971 2567 3066 2622 τοῦ
3094 2566 3231 2620 λαοῦ
3281 2565 3471 2630 αὑτοῦ,
3521 2565 3617 2618 καὶ
3674 2565 3780 2634 τῆς

2189 2666 2406 2735 σφαγῆς
2466 2662 2562 2717 τοῦ
2615 2663 2944 2732 Βουλγάρων
3005 2661 3224 2730 γένους,
3284 2660 3380 2712 καὶ
3439 2659 3626 2712 δοῦναι
3679 2658 3782 2711 καὶ

2184 2760 2266 2811 ἔτι
2298 2759 2466 2827 ἀνοχῇ
2497 2756 2595 2809 καὶ
2632 2753 2992 2826 μακροθυμίᾳ
3051 2753 3149 2806 σὺν
3183 2754 3248 2824 τῇ
3282 2751 3491 2806 ἀνωθεν
3549 2749 3782 2822 προνοίᾳ

2180 2852 2243 2902 τὸ
2273 2846 2660 2918 φιλάνθρωπον
2689 2843 2854 2898 αὑτοῦ
2888 2842 3168 2913 φρόνημα,
3219 2841 3310 2892 καὶ
3351 2837 3426 2910 μὴ
3485 2837 3778 2906 πάνδημον

2183 2939 2546 3010 ἐκστρατείαν
2603 2934 3002 3005 ποιῆσαικατά
3055 2931 3150 2985 τοῦ
3190 2928 3513 2997 Βουλγάρων
3563 2927 3780 2987 ἔθνους.

2184 3035 2340 3104 Τάχα
2394 3033 2484 3086 διὰ
2517 3031 2620 3099 τῆς
2654 3029 2809 3098 ὑμῶν
2849 3024 3234 3099 μακροθυμίας
3263 3022 3462 3090 ἅψεται
3491 3020 3624 3081 Θεὸς
3675 3018 3784 3086 τῆς

2188 3127 2416 3197 καρδίας
2448 3123 2544 3177 τοῦ
2573 3122 2683 3175 τῶν
2717 3120 3046 3189 Βουλγάρων
3079 3116 3510 3182 ὲξουσιάζοντος,
3533 3111 3626 3164 καὶ
3645 3112 3784 3164 ἀπο-

2189 3219 2379 3289 ϐλέψει
2411 3217 2549 3286 πρὸς
2589 3215 2651 3268 τὸ
2701 3213 2866 3266 καλὸν
2897 3214 2994 3279 τῆς
3027 3210 3276 3280 εἰρήνης,
3339 3207 3435 3260 κα)⁸
3492 3205 3782 3274 ἀγαπήσει

2187 3312 2288 3383 τὴν
2312 3310 2551 3382 ἀρχαίαν
2596 3305 2804 3377 ταύτης
2863 3302 3224 3357 κατάστασιν.
3257 3297 3370 3352 Καὶ
3403 3298 3432 3350 ὃ
3471 3313 3533 3360 γε
3588 3294 3791 3364 φιλάν-

2188 3405 2407 3477 θρωπος
2459 3403 2553 3454 καὶ
2603 3399 2853 3469 ἐπιεικής
2909 3397 3004 3449 καὶ
3048 3392 3252 3462 ἀγαθὸς
3310 3389 3465 3460 ἡμῶν
3501 3387 3787 3458 βασιλεὺς.

2189 3497 2409 3556 πάντως
2441 3493 2498 3546 δὲ
2535 3491 2632 3561 οὑχ
2665 3487 2997 3551 ὑποπτεύεις
3049 3484 3085 3539 ἃ
3137 3484 3371 3553 λέγομεν
3407 3497 3421 3511 ·
3447 3480 3626 3549 ιγνως
3671 3478 3790 3548 γὰρ

2188 3583 2286 3636 καὶ
2378 3581 2545 3643 αὑτὸς
2619 3581 2788 3650 πείρᾳ
2873 3578 2982 3648 ίδία
3051 3575 3180 3646 ςτὴν
3249 3571 3416 3627 αὑτοῦ
3503 3569 3793 3623 ὲπιείκιαν

2187 3676 2282 3728 καὶ
2364 3674 2426 3727 τὸ
2497 3674 2674 3744 πρᾶον
2752 3671 2845 3723 καὶ
2908 3670 3122 3740 ἥμερον
3193 3666 3295 3734 τῆς
3377 3663 3558 3735 ψυχῆς
3598 3702 3614 3728 ,
3684 3664 3795 3715 καὶ

2186 3765 2434 3818 πείθεται
2505 3764 2602 3819 καὶ
2675 3764 2896 3816 ὑπείκει
2962 3763 3078 3824 τοῖς
3147 3759 3325 3826 λόγοις
3398 3756 3589 3828 ήμῶν.
3646 3751 3795 3808 Ἀλλ’

2185 3861 2219 3929 ή
2249 3855 2553 3926 σύγκλητος
2583 3856 2793 3920 ἅπασα,
2822 3857 2917 3910 καὶ
2939 3853 3080 3924 ὁμοῦ
3108 3855 3260 3906 πᾶσα
3290 3852 3322 3921 ή
3356 3851 3533 3913 πόλις,
3593 3847 3693 3900 καὶ
3728 3848 3797 3900 τί

2185 3951 2333 4020 λέγω
2395 3950 2496 4022 τὴν
2549 3949 2743 4017 πόλιν;
2777 3950 2924 4004 ἀπαν
2986 3947 3050 4000 τὸ
3096 3945 3411 4014 ὑποχείριον
3474 3943 3575 4011 τῆς
3615 3939 3794 3993 αὑτοῦ

2192 4043 2474 4116 βασιλείας
2519 4042 2836 4110 κινούμενοι
2857 4040 3041 4093 οὑκέτι
3063 4038 3318 4107 λέγουσιν
3355 4035 3657 4106 ὑπομένειν
3683 4033 3794 4104 τὴν

2192 4136 2465 4206 τοσαύτην
2505 4135 2615 4190 τῶν
2642 4133 2979 4204 Βουλγάρων
3007 4131 3291 4189 ἀπόνοιαν,
3350 4129 3475 4184 οὑδὲ
3510 4144 3799 4196 καταφρο-

2197 4234 2310 4285 νεῖν
2356 4229 2466 4283 τῶν
2491 4227 2711 4282 οἰκείων
2753 4227 2848 4280 καὶ
2900 4222 3185 4293 συγγενῶν
3213 4222 3314 4292 τὴν
3337 4220 3637 4284 ἀπώλειαν,
3667 4219 3800 4274 οὑδὲ

499 4305 610 4359 τῶν
654 4310 874 4376 οίκείων
899 4311 1083 4364 τόπων
1117 4313 1214 4384 τὴν
1265 4315 1666 4384 αἰχμαλωσίαν.
1703 4318 1860 4371 Ἀλλ’
1905 4322 1956 4373 εἰ
1993 4321 2088 4373 καὶ
2145 4320 2329 4390 δεήσει
2382 4323 2603 4383 πάντως
2628 4318 2946 4382 ἀποθανεῖν,
2979 4315 3181 4378 μᾶλλον
3215 4315 3376 4368 τοῦτο
3415 4312 3721 4384 ἀγαπητὸν,
3754 4312 3796 4381 ἦ

500 4403 562 4456 τὸ
597 4403 892 4474 ὑπομένειν
942 4406 1118 4470 οὕτως
1138 4410 1238 4482 τὴν
1259 4411 1352 4464 τοῦ
1383 4413 1695 4484 Βουλγάρου
1741 4415 1995 4486 ἔπαρσιν.
2019 4419 2128 4472 Καὶ
2157 4417 2348 4472 λοιπὸν
2371 4417 2736 4488 πεπεισμένος
2759 4414 2938 4484 γενοῦ,
3003 4414 3079 4477 ὡς
3147 4414 3366 4470 ἅπαντα
3393 4415 3462 4466 τά
3532 4409 3803 4481 στρατεύ-

505 4513 672 4564 ματα,
701 4498 808 4550 -καὶ
843 4498 1043 4564 πάθτες
1083 4501 1197 4554 ὅσοι
1241 4505 1399 4574 χεῖρα
1470 4507 1798 4577 κινουμένην
1831 4509 2007 4578 ἔχουσι
2022 4510 2162 4579 μετὰ
2213 4510 2314 4580 τῆς
2337 4510 2555 4573 δικαίας
2587 4507 2685 4561 τοῦ
2699 4507 2837 4561 Θεοῦ
2869 4507 3190 4579 συμμαχίας
3221 4508 3606 4579 ἐπιστήσονται
3654 4505 3802 4576 πρὶς

506 4592 672 4662 ὑμᾶς,
719 4592 801 4646 ἔτι
864 4596 1222 4664 ἐπιμένοντος
1282 4598 1377 4651 σοῦ
1427 4602 1525 4653 καὶ
1569 4602 1893 4670 ἀγαπῶντος
1924 4603 1994 4656 τὰ
2031 4608 2097 4658 ἐκ
2143 4604 2240 4658 τοῦ
2281 4606 2522 4676 πολέμου
2553 4605 2720 4667 κακά.

579 4684 1080 4744 Verumenimvero
1133 4707 1256 4761 qua:
1322 4706 1587 4763 parantur
1647 4697 1742 4750 tibi
1780 4699 1846 4750 ad
1891 4701 2091 4752 verita-
2120 4707 2171 4764 ι)

510 4790 617 4836 tem
649 4783 939 4850 expressi,
993 4793 1053 4837 ut
1113 4795 1172 4838 tu
1226 4786 1555 4857 obsequaris
1591 4790 1800 4844 homini
1848 4791 1992 4854 seni,
2043 4801 2100 4846 et

509 4876 646 4930 nihil
687 4878 802 4947 jam
853 4879 957 4933 nisi
998 4867 1314 4948 sepulcrum
1367 4891 1656 4951 spectant;
1703 4884 1812 4940 imo
1841 4894 1918 4951 et,
1971 4886 2101 4941 licet

509 4969 759 5040 indigno,
792 4973 933 5026 sacri
973 4972 1164 5027 altaris
1214 4974 1490 5042 ministro,
1519 4976 1564 5030 si
1611 4977 1741 5047 quid
1777 4979 1944 5033 verba
1977 4993 2096 5034 mea

511 5061 610 5116 tibi
635 5073 851 5132 gratum
891 5062 1200 5119 habuerint.
1251 5065 1557 5127 Considera
1595 5084 1759 5136 quam
1802 5069 1965 5140 longo
1995 5071 2097 5125 ab-

516 5154 650 5208 hinc
706 5165 951 5224 teinpore
987 5157 1116 5211 facti
1153 5161 1329 5214 simus
1375 5160 1536 5215 amici
1568 5178 1583 5214 :
1615 5163 1803 5232 accipe
1841 5163 2099 5218 adhorta-

517 5247 698 5302 tioiies
731 5263 869 5316 quas
897 5261 1251 5320 accepturum
1278 5267 1338 5307 se
1370 5253 1664 5322 religiosus
1694 5265 1882 5309 noster
1917 5256 2095 5325 impe-

514 5351 666 5396 rator
684 5341 954 5410 pollicitus
969 5353 1072 5406 est.
1091 5349 1359 5413 promissa
1390 5356 1730 5411 servaturus,
1751 5349 1796 5403 si
1815 5347 2003 5403 eadem
2033 5362 2100 5402 ac

519 5435 608 5488 ille
637 5434 844 5489 sentire
878 5436 1030 5490 velis.
1060 5435 1256 5492 Pacem
1298 5437 1501 5493 habeas
1545 5438 1598 5492 in
1633 5453 1845 5503 amore,
1892 5439 2098 5494 bellum

516 5540 708 5584 contra
755 5531 810 5585 in
863 5531 1011 5586 odio.
1039 5530 1200 5586 Pravi
1236 5532 1382 5586 enim
1416 5541 1546 5587 sunt
1574 5532 1667 5602 qui
1705 5535 1969 5588 adversus
2005 5531 2106 5586 ho-

519 5631 632 5676 stes
662 5633 913 5679 cxternos
955 5635 1283 5695 gerunntur.
1341 5623 1444 5678 Sed
1497 5624 1628 5694 quid
1657 5625 1832 5680 dicant
1878 5625 1948 5678 de
1977 5625 2107 5688 illis,

522 5715 616 5782 qui
655 5715 917 5770 adversus
941 5724 1145 5785 patres,
1169 5714 1389 5779 fratres,
1412 5715 1640 5781 amicos,
1676 5715 1922 5770 eamdem
1950 5716 2108 5771 fidem

527 5806 811 5874 habentes,
839 5809 1205 5878 eumdcmque
1230 5811 1317 5865 inv
1335 5821 1548 5869 )t'antcs
1579 5808 1770 5874 Deum,
1795 5807 2109 5877 Dominum,

2281 4699 2445 4753 Ἀλλά
2507 4699 2648 4767 μετὰ
2691 4699 2871 4767 πάσης
2914 4698 3178 4768 ἀληθείας
3222 4696 3526 4769 ἀνήγγειλά
3583 4714 3664 4749 σοι
3721 4698 3798 4753 τὰ

2201 4790 2440 4846 ἐνταῦθα
2469 4787 3029 4858 παρασκευαζόμενα·
3072 4790 3139 4842 σὺ
3161 4787 3216 4841 δὲ
3255 4789 3338 4841 ὅτι
3371 4788 3538 4860 πείθῃ
3573 4789 3800 4858 πρῶτον

2203 4882 2303 4951 μὲν
2339 4880 2616 4952 ἀνθρώπῳ
2663 4879 2971 4952 πρεσϐύτῃ,
3001 4880 3098 4932 καὶ
3148 4879 3302 4933 οὐδὲν
3359 4880 3547 4952 ἕτερον
3603 4879 3635 4950 ἢ
3694 4877 3797 4931 τὸν

2199 4975 2372 5043 τάφον
2413 4972 2636 5043 ὁρῶντι,
2687 4973 2880 5027 ἔπειτα
2911 4973 2988 5034 δὲ,
3043 4975 3092 5025 εἰ
3126 4975 3219 5026 καὶ
3258 4973 3463 5043 ἀναξίῳ
3491 4973 3609 5042 μὲν,
3637 4972 3792 5041 ὅμως

2199 5066 2258 5119 δὲ
2296 5065 2598 5136 λειτουργῷ
2631 5065 2724 5118 τοῦ
2760 5066 2918 5134 ἀγίου
2962 5064 3378 5134 θυσιαστηρίου,
3416 5067 3514 5118 καὶ
3564 5063 3618 5117 εί
3642 5081 3697 5117 τι
3725 5064 3790 5117 ἐν

2201 5157 2345 5226 λόγῳ
2377 5174 2460 5211 σοι
2492 5157 2788 5228 γεγένηται
2819 5159 2878 5210 τὸ
2914 5159 3188 5228 ἡμέτερον
3244 5158 3489 5228 φίλτρον,
3550 5158 3643 5211 καὶ
3682 5156 3790 5228 ὅρα

2202 5252 2368 5316 πόσος
2394 5253 2424 5304 ὁ
2449 5253 2643 5322 χρόνος
2672 5250 2732 5315 ἐξ
2766 5247 2828 5308 οὗ
2869 5251 3015 5320 φίλοι
3047 5252 3378 5322 γεγόναμεν·
3410 5249 3559 5317 δέξαι
3585 5249 3792 5320 παραίο

2203 5359 2350 5394 νεσιν
2381 5342 2450 5413 ἢν
2493 5342 2589 5395 καὶ
2619 5343 2648 5395 ό
2677 5342 3024 5413 φιλόχριστος
3055 5341 3216 5412 ήμῶν
3241 5341 3498 5411 βασιλεὺς
3536 5339 3792 5410 δέχεσθαι

2201 5435 2489 5503 ὑπέσχετο,
2549 5433 2643 5486 καὶ
2671 5434 2732 5486 οὐ
2762 5434 3028 5504 ψεύσεται
3063 5434 3163 5505 τὴν
3198 5434 3514 5504 ὑπόσχεσιν,
3546 5433 3642 5486 ἐὰν
3693 5436 3793 5487 καὶ

2205 5527 2269 5580 σὺ
2313 5526 2583 5598 βουληθῇς
2611 5527 2682 5580 τὰ
2714 5528 2806 5579 ἴσα
2837 5527 3028 5596 ἐκείνῳ
3060 5529 3306 5596 φρονεῖν.
3345 5529 3660 5598 Ἀγάπησον
3691 5525 3792 5599 τήν

2206 5621 2454 5691 εἰρήνην,
2487 5619 2723 5689 μίσησον
2778 5620 2905 5681 τοὺς
2953 5619 3262 5688 πολέμουςο
3320 5623 3478 5674 κακοὶ
3529 5621 3638 5690 γάρ
3693 5623 3793 5673 καὶ

2209 5714 2258 5766 οἱ
2277 5713 2412 5781 πρὸς
2437 5712 2563 5774 τοὺς
2593 5709 2796 5777 ἔξωθεν
2821 5710 3049 5780 ἐχθροὺς
3086 5712 3336 5782 πόλεμοι.
3369 5713 3530 5767 Ὅσοι
3558 5711 3615 5765 δὲ
3653 5710 3792 5781 πρὸς

2215 5803 2480 5876 πατέρας,
2515 5803 2650 5874 πρὸς
2693 5801 2981 5873 ἀδελφοὺς,
3021 5803 3154 5874 πρὸς
3186 5803 3394 5874 φίλους,
3433 5804 3567 5874 πρός
3595 5802 3794 5872 ὁμοπίο
