4152 6404
407 328 514 394 193

1881 315 2086 376 EPIS']
2102 315 2288 376 0L3.

3596 317 3700 384 194

407 455 604 504 στους,
638 436 778 508 πρὸς
806 435 940 498 τοὺς
973 435 1070 488 ενα
1084 434 1218 486 Θεδν
1240 429 1741 502 ἐπιγραφομένους,
1775 427 1872 482 ἕνα
1899 427 2011 480 Κύ-

2116 426 2402 480 [tectorem
2461 434 2513 480 ct
2578 425 2980 481 Salvatorem?
3051 427 3244 483 Nonne
3299 431 3450 486 vides
3504 431 3696 497 feras,

413 549 534 600 ριον
560 532 658 585 καὶ
699 531 990 596 Δεσπότην
1028 530 1120 582 καὶ
1165 528 1420 596 Σωτῆρα.
1481 525 1534 578 τί
1584 524 1649 578 άν
1692 541 1776 586 τις
1827 523 2010 588 είποι;

415 624 532 693 Οὐχ
582 623 719 692 ὁρᾷς
782 621 952 692 θηρία
997 620 1260 681 πολλάκις
1321 617 1458 686 πρὸς
1517 617 1685 669 ἑαυτά
1733 617 2015 685 μαχόμενα

413 717 513 768 καὶ
555 716 727 768 πάλιν
767 712 1164 784 εἰρηνεύοντα;
1222 707 1531 777 ἀπόϐλεψον
1575 709 1656 769 εἰς
1689 705 1886 769 ταῦτα,
1917 703 2014 756 καὶ

415 810 663 878 ζήτησον
734 806 982 876 είρήνην.
1067 804 1184 856 Οὐκ
1259 801 1392 872 ἐμὸς
1482 801 1511 853 ό
1590 799 1772 866 λόγος,
1873 796 2012 850 am

414 897 510 951 τοί
535 895 812 963 παναγίου
841 892 1180 959 Ιίνεύματος·
1213 890 1308 944 καὶ
1335 888 1525 956 δίωξον
1545 887 1739 958 αὑτήν,
1762 888 2011 940 τουτέστι

414 991 599 1061 δράμε
642 989 824 1042 ὀπίσω
848 986 1078 1057 ταύτης,
1106 981 1382 1037 κατάλαϐε
1419 981 1611 1052 αὐτὴν,
1667 979 1762 1032 καὶ
1814 980 2012 1048 στῆσον

414 1084 486 1136 τὰ
518 1081 678 1135 κοινά
703 1079 880 1150 πάθη,
900 1079 996 1131 καὶ
1016 1077 1086 1130 τά
1105 1075 1336 1145 δάκρυα,
1367 1075 1462 1128 καί
1489 1073 1614 1135 τοὺς
1645 1073 2009 1142 στεναγμοὺς,

419 1174 514 1225 καὶ
544 1173 646 1234 τὰς
678 1170 926 1238 κατάρας
951 1170 1083 1231 ὅσας
1113 1167 1204 1218 ἐπὶ
1239 1166 1300 1218 σὲ
1326 1164 1529 1228 πάντες
1575 1165 1878 1235 ἄνθρωποι,
1915 1165 2011 1218 καὶ

423 1262 731 1332 Βούλγαροι
790 1261 887 1312 καὶ
958 1257 1246 1325 Ῥωμαῖοι,
1313 1255 1557 1310 πλούσιοι
1617 1257 1711 1309 καὶ
1757 1255 2007 1322 πένητες,

424 1353 781 1424 μονάζοντες,
817 1352 914 1404 καὶ
950 1351 1140 1419 ίερεῖς,
1171 1349 1265 1401 καὶ
1305 1347 1484 1402 λαῖκοὶ
1515 1348 2034 1416 καταπέμπουσιν.

421 1447 550 1499 Ἐπὶ
579 1447 690 1516 γαρ
735 1445 830 1497 τὸν
861 1441 1065 1512 εύσεϐἦ
1103 1442 1199 1493 καὶ
1225 1439 1573 1510 φιλόχριστον
1600 1440 1757 1509 ήμῶν
1781 1439 2010 1510 βασιλέα

421 1536 597 1598 οὐδεὶς
628 1535 738 1605 ἔχει
772 1533 1071 1601 ἀναφέρειν
1103 1531 1306 1595 αἰτίαν,
1342 1530 1400 1594 ἐξ
1441 1523 1503 1584 οὗ
1540 1531 1633 1582 ἐπὶ
1684 1529 1779 1582 ’τὸν
1816 1527 2008 1600 θρόνον

424 1631 529 1698 τῆς
561 1626 834 1696 βασιλείας
871 1622 1118 1688 ἐκάθισε,
1179 1621 1276 1692 τὴν
1331 1622 1561 1690 εἰρήνην
1596 1618 2004 1690 ἐπιζητοῦντος,

434 1722 532 1771 καὶ
594 1714 1051 1784 παρακαλοῦντος,
1104 1715 1196 1768 καὶ
1251 1712 1685 1780 ὑποκλινομένου
1739 1712 1807 1765 δι’
1856 1712 2007 1765 οὐδὲν

2117 526 2408 588 postquam
2429 519 2564 570 inter
2599 533 2658 573 se
2691 523 3131 584 decertaverunt,
3154 522 3219 580 ad
3251 522 3439 591 pacem
3476 530 3704 581 γενητιὶῖ

2115 612 2194 663 Ad
2223 625 2286 664 ea
2318 609 2550 679 respice,
2596 621 2650 664 ct
2709 626 2756 680 p.
2779 625 2894 664 cem
2968 628 3171 678 quaere.
3208 612 3379 669 Verba
3425 616 3541 672 haec
3593 637 3700 676 non

2114 710 2239 756 sunt
2277 718 2416 764 mea,
2447 703 2538 757 sed
2581 702 2818 771 Spiritus
2854 705 3051 758 Sancti.
3084 703 3280 760 Pacem
3337 725 3692 778 persequere,

2117 795 2166 846 id
2203 802 2309 861 est,
2377 810 2520 864 pone
2553 795 2698 848 illam
2731 811 2930 862 curre;
2981 795 3126 850 illam
3165 801 3512 868 amplectere.
3551 803 3698 856 Inhi-

2115 886 2180 940 be
2206 886 2449 940 omnium
2484 886 2647 949 mala,
2674 875 2968 957 lacrymas,
3002 890 3264 957 gemitus,
3294 898 3704 962 etqutecunque
3795 941 3798 944 .

2111 996 2322 1046 omnes,
2361 979 2576 1050 Bulgari
2617 995 2683 1035 ac
2719 980 2981 1047 Romani,
3017 983 3213 1037 divites
3262 992 3357 1038 aut
3411 1001 3700 1056 pauperes,
3756 1025 3772 1041 .

2113 1073 2390 1138 monachi,
2455 1071 2771 1127 sacerdotes
2807 1081 2900 1128 aut
2941 1073 3064 1128 laici
3109 1076 3162 1129 in
3195 1083 3246 1130 te
3292 1075 3690 1146 imprecantur.

2112 1160 2256 1216 Nulli
2283 1163 2428 1216 enim
2464 1177 2528 1217 ex
2561 1162 2670 1219 illis
2704 1165 2760 1216 in
2804 1164 2954 1233 pium
2994 1165 3424 1237 religiosumque
3457 1169 3700 1239 impera-

2115 1264 2285 1306 torem
2325 1262 2575 1308 nostrum
2611 1269 2778 1308 causa
2824 1256 3158 1325 imprecandi
3215 1269 3336 1324 est,
3369 1274 3436 1314 ex
3480 1277 3591 1330 quo
3640 1264 3694 1315 in

2112 1346 2253 1400 solio
2286 1346 2639 1415 imperatorio
2673 1345 2842 1408 sedet,
2873 1347 2968 1416 qui
3012 1363 3196 1417 pacem
3231 1351 3424 1418 quatrit
3454 1362 3510 1405 et
3549 1353 3704 1406 invo-

2112 1449 2220 1502 cat,
2288 1439 2568 1508 nihiloque
2623 1439 2729 1493 nisi
2767 1440 2892 1494 belli
2925 1441 3334 1498 calamitatibus
3391 1445 3558 1499 cedit.
3622 1444 3700 1501 Illi

2109 1529 2200 1599 qui
2236 1529 2518 1584 victoriam
2571 1531 2818 1585 retulerit
2849 1571 2866 1595 ,
2895 1527 3121 1588 victo-ria
3171 1550 3278 1588 non
3313 1536 3430 1590 sine
3462 1537 3703 1606 periculo

2109 1629 2228 1686 est;
2273 1635 2502 1675 necesse
2555 1623 2702 1676 enim
2767 1631 2851 1676 est
2889 1623 3042 1676 illum
3080 1635 3346 1694 cognatus
3385 1627 3703 1696 amicosque
3765 1642 3778 1652 ί

2111 1727 2245 1766 suos
2279 1713 2611 1781 perdidisse,
2646 1723 2705 1766 ut
2769 1714 2821 1766 in
2856 1715 3014 1782 ,bello
3063 1715 3184 1770 sine
3225 1717 3334 1769 ullo
3381 1717 3702 1773 discrimine

437 1808 712 1878 ἱτερον,ή
736 1808 815 1860 διὸ.
837 1807 905 1859 τὰ
955 1808 1020 1858 ὲκ
1055 1804 1147 1859 τοῦ
1175 1803 1416 1874 πολέμου
1441 1804 1609 1857 κακά.
1643 1803 1756 1856 Καὶ
1785 1802 1893 1874 γάρ
1922 1803 2013 1855 καὶ

2120 1801 2489 1871 praeliantium
2521 1804 2598 1855 lit.
2634 1802 2708 1855 Ex
2748 1818 2814 1857 eo
2851 1805 2992 1872 quod
3021 1805 3137 1874 ipse
3159 1820 3355 1874 passus
3405 1822 3465 1862 es
3501 1808 3701 1861 novisti

441 1900 605 1967 νίκης
637 1897 916 1965 γενομένης
946 1893 1025 1963 τῷ
1081 1893 1163 1947 ἑνὶ
1217 1892 1398 1964 μέρει,
1435 1891 1536 1944 οὐκ
1593 1889 1893 1949 ἀκινδύνως
1931 1887 2010 1959 τῷ

434 1993 712 2060 νικήσαντι
733 1988 789 2042 τὸ
810 1988 968 2058 νικᾷν
989 1985 1328 2058 περιγίνεται
1351 2000 1366 2017 ο
1386 1983 1600 2054 ἀνάγκη
1629 1983 1738 2053 γὰρ
1769 1983 1861 2034 καὶ
1887 1998 2014 2049 συγ-

425 2085 607 2149 γενεῖς
639 2082 731 2134 καὶ
773 2080 958 2148 φίλους
988 2079 1084 2132 καὶ
1136 2077 1367 2140 οἰκείους
1399 2075 1479 2146 τῷ
1505 2075 1788 2144 νικήσαντι
1818 2073 2013 2127 ἀπολέ-

419 2193 538 2228 σαι·
560 2172 790 2228 τοιαῦτα
819 2172 929 2244 γὰρ
951 2172 1020 2225 τά
1056 2169 1150 2224 τοῦ
1174 2170 1414 2240 πολέμου
1445 2167 1734 2237 ἀδιάκριτα
1757 2171 1848 2220 καὶ
1886 2184 2018 2235 συγ-

2118 1908 2240 1964 ηυω
2261 1894 2515 1948 dicimus.
2559 1893 2887 1965 Quanquam
2922 1907 3013 1951 tua
3057 1898 3222 1953 fuerit
3265 1901 3519 1965 victoria,
3561 1902 3701 1955 mul-

2119 1994 2205 2040 tos
2241 1986 2602 2042 eharissimos
2633 1989 2954 2058 perdidisti,
3001 2005 3237 2060 quorum
3294 1993 3556 2048 memoria
3607 2010 3702 2049 cor

2121 2085 2275 2131 tuum
2312 2076 2514 2150 (quasi)
2567 2083 2930 2136 carininatur.
2965 2081 3170 2138 Luctus
3221 2100 3351 2139 sane
3394 2101 3461 2140 ex
3507 2101 3699 2141 eorum

2129 2177 2308 2224 morte
2334 2172 2514 2226 factus
2555 2186 2660 2226 non
2688 2180 2738 2226 te
2769 2173 2902 2228 sinit
2931 2175 3050 2229 sine
3075 2191 3276 2246 angore
3305 2176 3415 2232 ι’τυί
3451 2179 3699 2238 victoria.

416 2270 727 2338 κεχυμένα.
748 2263 907 2329 Οἶδας
945 2265 982 2318 ἀ
1008 2265 1260 2334 λέγομεν,
1282 2263 1342 2327 ἐξ
1371 2257 1447 2316 ὧν
1473 2263 1568 2316 καὶ
1628 2261 1788 2323 αὐτὸς
1818 2259 2116 2324 πέπονθαςο
2156 2262 2411 2333 καὶγὰρ,
2436 2266 2485 2316 εἰ
2526 2266 2620 2318 καὶ
2677 2266 2816 2336 μετά
2873 2265 2969 2320 σοῦ
3019 2267 3245 2336 γέγονεν
3303 2270 3336 2340 ή
3371 2271 3518 2342 νίκη,
3565 2271 3698 2326 ἀλλά

415 2361 657 2420 πολλοὺς
694 2359 981 2420 ἀπώλεσας
1023 2356 1134 2408 τῶν
1213 2353 1512 2423 φιλτάτιον,
1557 2346 1633 2407 ὧν
1661 2353 1742 2406 ἔτι
1788 2353 1883 2406 καὶ
1925 2352 2021 2406 νῦν
2054 2355 2088 2423 ή
2162 2354 2356 2425 μνήμη
2385 2354 2648 2420 διαξαίνει
2698 2357 2797 2428 τήν
2843 2358 2944 2429 σήν
3009 2359 3258 2430 καρδίαν,
3311 2365 3402 2416 καὶ
3437 2363 3538 2416 οὐκ
3569 2364 3700 2416 ἐῶσι

416 2452 682 2521 καθαρῶς
723 2451 1022 2504 ἀπολαύειν
1054 2451 1152 2521 τῆς
1183 2448 1340 2518 νίκης
1375 2449 1431 2501 αἰ
1454 2448 1524 2501 δι’
1562 2446 1808 2511 ἐκείνους
1841 2446 2158 2518 ἀλγηδόνες.

503 2549 655 2603 ’Δλλ’
684 2549 781 2600 ἐπὶ
803 2548 898 2601 τοῦ
940 2547 1274 2617 γράμματος
1326 2544 1387 2597 τὸ
1419 2544 1579 2604 τέλος
1631 2543 2013 2614 μεταστῶμεν.

429 2642 492 2694 ’0
529 2640 886 2710 φιλόχριστος
923 2638 1083 2710 ἡμῶν
1109 2637 1387 2708 βασιλεὺς,
1420 2637 1468 2689 εἰ
1495 2638 1588 2689 καὶ
1617 2636 1720 2689 ὑπὸ
1747 2637 1845 2706 τῆς
1883 2653 2016 2704 συγ-

421 2732 631 2802 κλήτου
691 2733 788 2785 καὶ
848 2731 955 2784 ὑπὸ
1006 2731 1188 2798 πάσης
1241 2729 1338 2798 τῆς
1408 2728 1684 2790 πολιτείας
1747 2729 1840 2782 καὶ
1906 2727 2014 2780 τῶν

423 2825 752 2894 στρατηγῶν
805 2822 972 2876 αὐτοῦ
1051 2823 1144 2875 καὶ
1205 2821 1313 2874 τῶν
1370 2821 1650 2892 ἀρχόντων
1725 2819 1861 2889 πρὸς
1913 2820 2012 2891 τὴν

422 2913 554 2966 καθ’
593 2913 754 2983 ὑμῶν
802 2913 1162 2983 ἐκστρατείαν
1210 2911 1550 2976 ἐκϐιάζεται,
1601 2909 1728 2964 ἀλλ’
1787 2905 1881 2964 οὖν
1933 2911 2009 2974 ὡς

424 3005 680 3076 ἐπιεικὴς
739 3007 806 3075 τῇ
867 3005 1190 3076 παραινέσει
1235 3005 1332 3075 τῆς
1396 3001 1557 3074 ήμῶν
1618 3003 2007 3073 ταπεινότητος

2190 2545 2296 2600 Sed
2327 2546 2393 2600 ad
2429 2548 2677 2615 cpistola!
2708 2547 2869 2604 linem
2904 2553 3216 2609 veniamus.
3248 2555 3558 2626 Religiosns
3597 2573 3702 2610 ttu-

2118 2643 2232 2689 stcr
2305 2635 2634 2704 imperator,
2675 2639 2779 2692 etsi
2835 2651 3094 2706 senatus,
3130 2647 3504 2713 magistratus,
3535 2648 3701 2700 dutcs

2113 2741 2178 2778 ac
2209 2727 2468 2780 consules
2524 2739 2583 2780 ut
2641 2728 2842 2783 bellum
2901 2732 3054 2787 vobis
3119 2733 3318 2788 inferat
3381 2736 3695 2798 inclantcnt,

2111 2815 2516 2873 hortatiOnihus
2553 2819 2874 2876 humilitatis
2906 2832 3109 2878 nostra;
3158 2836 3500 2880 mansuetam
3541 2843 3698 2880 men-

2120 2916 2225 2960 tem
2271 2908 2520 2974 remittit,
2569 2919 2623 2964 et
2655 2911 2736 2966 sic
2771 2913 2838 2967 ad
2885 2930 2986 2970 nos
3035 2915 3252 2971 locutus
3284 2927 3370 2974 est
3402 2920 3484 2972 :0
3514 2919 3696 2983 Pater,

2117 2997 2310 3054 videor
2341 3000 2395 3053 in
2443 3002 2679 3070 quodam
2714 3005 2894 3058 medio
2937 3013 3084 3060 stare
3124 3022 3190 3062 ac
3221 3008 3495 3079 distringi,
3533 3025 3694 3078 quem

428 3094 636 3166 μᾶλλον
676 3095 869 3148 ἑαυτὸν
925 3094 1185 3161 ἐνδιδοὺς,
1217 3095 1297 3158 εἰς
1347 3093 1624 3155 τοιούτους
1677 3091 1813 3163 πρὸς
1862 3094 2010 3163 ἡμᾶς

2117 3092 2267 3148 illinc
2314 3108 2592 3163 proceres,
2635 3096 2800 3152 istinc
2835 3109 2925 3152 tua
2949 3099 3276 3170 episcopalis
3311 3102 3553 3173 dignitas
3577 3104 3693 3159 dis-

423 3193 668 3256 κατέστη
689 3187 903 3256 λόγους.
931 3183 1002 3240 Ὦ
1025 3188 1225 3257 Πάτερ,
1254 3186 1408 3240 ἔοικα
1435 3187 1494 3240 ὲν
1529 3187 1681 3258 μέσῳ
1711 3186 1816 3239 τινὶ
1833 3186 2009 3249 ἑστὼς

427 3283 524 3335 καὶ
558 3279 962 3351 διασπώμενος,
998 3282 1100 3350 τῆς
1135 3280 1234 3350 μὲν
1284 3279 1563 3342 πολιτείας
1589 3276 1854 3350 ἑλκούσης
1889 3278 2009 3330 ἑτέ·

425 3373 628 3444 ρωθεν,
685 3373 782 3442 της
841 3373 898 3424 δὲ
945 3372 1053 3442 σῆς
1102 3371 1514 3443 ἀρχιερωσύνης
1556 3370 1821 3440 ἑλκούσης
1877 3370 2013 3438 πρὸς

427 3466 658 3534 ἑαυτήν.
699 3463 921 3516 Τούτων
963 3463 1139 3526 οὕτως
1179 3465 1437 3535 ἑχόντων,
1468 3463 1628 3516 τοῦτό
1675 3479 1759 3515 σοι
1783 3461 2016 3530 ἀποκρί-

430 3570 622 3626 νομαι·
667 3555 886 3625 Γράψον
951 3555 1088 3626 πρὸς
1145 3556 1236 3608 τον
1295 3555 1525 3622 ἀδελφὸν
1581 3552 1738 3622 ήμῶν
1789 3552 1863 3614 ὡς
1919 3553 2014 3605 καὶ

425 3649 656 3718 χρυσίου
694 3647 970 3715 ποσότητα
998 3646 1365 3712 ἐπιδιδόαμεν,
1401 3646 1499 3716 ὅση
1530 3645 1731 3714 δυνατὴ
1756 3646 1851 3697 καὶ
1875 3645 2015 3714 πρέ-

2123 3184 2312 3238 trahit.
2356 3185 2437 3240 Ad
2471 3195 2543 3250 te,
2577 3202 2701 3242 cum
2733 3204 2818 3244 res
2857 3189 2928 3243 ita
2963 3191 3090 3256 luit,
3127 3194 3470 3262 respondeo:
3505 3195 3700 3251 Scribe

2117 3276 2183 3331 ad
2213 3275 2440 3331 fratrem
2480 3288 2729 3334 nostrum
2763 3295 2863 3336 nos
2901 3281 2975 3336 illi
3017 3285 3244 3340 daturos
3272 3299 3537 3354 quantum
3573 3291 3697 3344 auri

2114 3384 2177 3423 ac
2222 3371 2670 3426 vestimentorum
2734 3374 2848 3428 dari
2895 3377 3100 3445 poterit
3147 3389 3242 3434 aut
3291 3380 3524 3444 decebit,
3585 3383 3696 3438 imo

2113 3462 2379 3531 quidquid
2417 3463 2557 3518 alius
2596 3465 2663 3518 ad
2697 3465 2844 3521 illius
2883 3468 3172 3522 utilitatem
3207 3470 3499 3528 conferens
3523 3473 3691 3528 dece-

2115 3552 2193 3606 bit
2228 3554 2487 3608 tribuere.
2535 3553 2592 3609 Si
2647 3555 2728 3609 illi
2781 3573 2966 3626 pacem
3018 3558 3180 3614 ferire
3240 3562 3440 3626 libeat,
3495 3582 3593 3621 uos
3637 3567 3692 3620 in

2114 3657 2366 3715 promptu
2403 3649 2592 3711 habes,
2629 3650 2875 3718 nihilque
2897 3651 2995 3704 tibi
3026 3654 3265 3707 hortanti
3298 3667 3614 3725 negaturos.

427 3761 635 3810 musa,
671 3745 765 3797 καὶ
800 3745 1032 3814 ἱματίων
1076 3742 1485 3814 ἀριθμὸν,ἀλλά
1513 3741 1608 3794 καὶ
1638 3741 1692 3794 εί
1717 3757 1770 3792 τι
1794 3741 2006 3808 ἕτερον.
2045 3740 2127 3804 εἰς
2187 3743 2398 3794 ἐκείνου
2459 3743 2736 3796 διαϐαῖνον
2800 3745 3119 3815 θεραπείαν,
3161 3748 3372 3814 πρέπον
3397 3750 3546 3802 ἐστὶν
3596 3752 3696 3820 ἐμὲ

426 3839 743 3908 παρασχεῖν
781 3853 795 3868 ο

424 3937 570 4006 πρὸς
593 3937 697 4004 τήν
733 3932 834 4004 σήν
874 3931 1199 4000 παραίνεσιν
1231 3929 1617 3992 ἀνανεύοντας.

495 4028 598 4082 Διά
639 4025 814 4078 ταῦσα
853 4023 1138 4093 γράφομέν
1183 4039 1287 4085 σοι,
1327 4021 1525 4090 δεσμὸν
1543 4018 1929 4082 ἐπιϐάλλοντες
1957 4019 2017 4070 ὲν

422 4123 631 4192 Πατρὶ,
669 4120 762 4171 καὶ
790 4116 928 4184 Υίῷ,
960 4118 1054 4168 καὶ
1083 4115 1225 4183 ἀγίῳ
1249 4113 1546 4182 Πνεύματι,
1582 4111 1820 4183 δηλῶσαι
1883 4111 2018 4180 ἡμῖν

422 4216 526 4268 καὶ
573 4211 800 4283 χρυσίου
840 4211 1114 4277 ποσότητα
1165 4208 1297 4276 ὅσην
1342 4204 1642 4274 ἐπιζητεῖς,
1669 4203 1762 4256 καὶ
1786 4201 2016 4272 ἱματίων

422 4303 667 4375 ἀριθμὸν
707 4303 831 4362 ὅσος
871 4316 954 4352 σοι
1008 4298 1364 4370 παρίσταται.
1406 4297 1631 4364 ῌάντως
1684 4294 1839 4348 δὲτά
1884 4293 2017 4364 πρέ-

847 3837 944 3891 καὶ
982 3837 1036 3890 εί
1079 3853 1142 3904 γε
1202 3838 1302 3889 καὶ
1343 3835 1475 3904 παρ’
1525 3834 1676 3902 αύτῷ
1737 3833 2026 3901 ἀγαπητόν
2064 3835 2181 3886 ἐστι
2219 3837 2278 3886 τὸ
2338 3835 2662 3906 εἰρηνεύειν,
2705 3837 2847 3907 ἔχεις
2913 3839 3165 3908 ἑτοίμους
3197 3841 3367 3908 ἡμᾶς,
3415 3842 3509 3893 καὶ
3543 3841 3696 3895 οὐδὲν

2194 4017 2382 4086 Itaque
2428 4019 2522 4072 tibi
2566 4018 2748 4073 scribo
2790 4019 3062 4074 vinculum
3098 4020 3380 4077 charitatis
3427 4028 3697 4097 arripiens

2117 4108 2170 4163 in
2204 4109 2384 4175 Patre,
2417 4121 2469 4164 ct
2517 4109 2679 4176 Filio,
2711 4122 2767 4164 et
2828 4112 3030 4180 Spiritu
3063 4127 3272 4182 sancto,
3329 4128 3384 4170 ut
3423 4105 3696 4187 Signiﬁces

2114 4211 2382 4271 quantum
2420 4203 2539 4255 auri
2575 4199 2814 4271 postules
2845 4216 3083 4273 quorque
3111 4207 3434 4262 Vestimenta
3467 4210 3562 4264 tibi
3595 4213 3698 4264 tti-

2115 4294 2329 4348 buenda
2360 4295 2665 4349 rideantur.
2694 4295 2996 4350 Considera
3056 4299 3273 4367 penitus
3310 4316 3431 4370 qua:
3483 4306 3695 4372 magni-

425 4410 603 4447 ποντα
620 4394 688 4463 τῇ
727 4389 1180 4461 μεγαλοπρεπείᾳ
1207 4388 1307 4456 τῆς
1323 4387 1500 4458 ἀρχῆς
1528 4403 1619 4438 σου
1649 4384 1743 4438 καὶ
1775 4388 1841 4456 τῇ
1885 4380 2006 4438 συν-

2119 4387 2392 4440 licentiam
2443 4397 2548 4441 tuae
2577 4388 2856 4457 dignitatis
2897 4389 3355 4462 prudentiamque
3413 4403 3560 4448 tuam
3597 4396 3694 4448 dc-

427 4487 545 4539 έσει
579 4485 676 4536 καὶ
707 4480 1071 4551 συνδιασκέψῃ
1128 4479 1219 4532 καί
1263 4479 1521 4550 ζητήσεις
1553 4495 1568 4510 ο
1594 4479 1656 4530 οὐ
1709 4476 1814 4547 μὴν
1875 4475 2010 4530 ἀλλά

426 4580 526 4632 καὶ
566 4578 622 4628 εί
659 4594 710 4628 τι
739 4575 949 4645 ἕτερον,
992 4574 1020 4626 ὃ
1067 4575 1164 4626 καὶ
1210 4570 1271 4625 σὲ
1321 4572 1533 4642 πρέπον
1566 4571 1867 4640 ἐπιζητεῖν,
1913 4571 2011 4623 καὶ

427 4670 520 4722 τὸν
549 4667 781 4738 βασιλέα
815 4666 1078 4735 παρέχειν
1107 4664 1279 4729 ἀξιον,
1308 4664 1530 4716 κακεῖνο
1557 4661 1796 4732 πρόσθες
1826 4661 1921 4712 ὲπί
1949 4677 2009 4712 τε

433 4764 493 4831 τῇ
525 4760 624 4812 τοῦ
669 4759 913 4828 χρυσίου,
945 4757 1041 4809 καὶ
1071 4758 1136 4826 τῇ
1169 4755 1276 4807 τῶν
1306 4755 1540 4822 ἱματίων
1583 4753 1748 4818 δόσει,
1775 4757 1870 4806 καὶ
1891 4751 2014 4804 τεύ-

427 4852 494 4921 ξῃ
541 4850 803 4902 κάκείνου
829 4847 930 4915 τῆς
959 4844 1336 4907 ἀπολαύσεως.
1372 4845 1482 4897 Καὶ
1516 4843 1722 4896 τούτων
1759 4861 1840 4895 σοι
1875 4859 2015 4912 παρα

427 4942 735 5012 εχομὲνων,
775 4938 939 5007 γενοῦ
968 4938 1070 5006 τῆς
1118 4937 1366 5007 εἰρήνης,
1435 4934 1592 5002 γενοῦ
1624 4936 1724 5004 τῆς
1779 4936 2014 5005 ἀρχαίας

425 5035 656 5102 ἀγάπης
682 5047 695 5061 ·
729 5020 1076 5095 γενέσθωσαν
1102 5029 1266 5081 πάλιν
1293 5027 1591 5097 Βούλγαροι
1622 5029 1718 5078 καὶ
1752 5023 2012 5095 Ῥωμαῖοι

429 5128 573 5194 πρὸς
619 5123 749 5194 μίαν
781 5120 1080 5191 ἀδελφικὴν
1114 5120 1423 5190 σύμπνοιαν
1477 5119 1572 5171 καὶ
1600 5119 1875 5187 ὁμόνοιαν,
1918 5118 2016 5170 καὶ

427 5219 843 5292 καταργηθήτω
872 5215 974 5284 μὲν
993 5216 1022 5268 ὁ
1047 5214 1106 5281 ἒξ
1126 5213 1302 5286 ἀρχῆς
1315 5212 1412 5281 τῆς
1429 5211 1523 5280 ἔχο
1534 5227 1630 5281 ρας
1655 5211 2012 5282 δημιουργός·

427 5313 751 5380 δοξασθήτω
779 5308 836 5361 δὲ
873 5308 901 5359 ό
960 5305 1193 5375 Χριστὸς
1249 5305 1392 5356 καὶὸ
1443 5303 1574 5365 Θεὸς
1608 5303 1786 5373 ήμῶν,
1837 5303 1866 5353 ὁ
1928 5303 2018 5356 διὰ

429 5402 672 5474 σταυροῦ
690 5400 856 5456 αὐτοῦ
888 5397 1203 5458 καταλύσας
1231 5396 1328 5466 τῆς
1354 5394 1555 5465 ἔχθρας
1587 5395 1647 5446 τὸ
1675 5393 2016 5464 μεσότοιχον,

430 5499 531 5552 καὶ
569 5495 896 5566 είρηνεύσας
930 5491 1023 5542 τὸν
1055 5489 1260 5558 κόσμον
1296 5487 1486 5552 αὑτοῦ,
1513 5487 2013 5558 ἀπολαμϐανούσης

435 5593 535 5661 μὲν
565 5589 662 5658 τῆς
696 5585 1020 5656 Ῥωμαῖκῆς
1068 5581 1344 5652 βασιλείας
1394 5581 1487 5633 καὶ
1536 5579 1637 5648 τὴν
1679 5578 1814 5633 ἰδίαν
1839 5582 2022 5634 κατά-ε

433 5699 643 5753 σχεσιι,
673 5679 909 5752 ἐχούσης
939 5676 996 5728 δὲ
1021 5673 1400 5745 Βουλγαρικῆς
1443 5672 1696 5736 ἐξουσίας
1740 5672 1914 5736 ἀδεῶς
1949 5674 2022 5726 τὰ

434 5776 613 5828 οἰκεῖα
638 5773 734 5828 καὶ
769 5769 1020 5841 ἀσφαλῆ,
1039 5769 1132 5821 και
1162 5765 1359 5838 μηκέτι
1393 5761 1654 5833 ἀφορμῆς
1699 5762 2016 5836 ὑπολιμπά-

2116 4489 2299 4544 ceant,
2361 4489 2414 4534 et
2441 4479 2695 4549 pustula;
2735 4480 2846 4534 imo
2904 4481 3168 4552 quidquid
3208 4493 3258 4537 te
3304 4483 3493 4540 deceat
3546 4487 3692 4540 aliud

2112 4572 2408 4640 postulare,
2463 4581 2518 4626 et
2565 4573 2892 4640 imperatore
2941 4572 3013 4628 sit
3074 4575 3298 4645 dignum
3357 4579 3691 4642 concedere,

2114 4661 2254 4715 a‘dde
2312 4678 2448 4717 auro
2497 4673 2550 4717 et
2579 4663 2962 4718 vestimentis:
3001 4665 3186 4718 omnia
3221 4666 3550 4721 tribuentur.
3596 4668 3693 4724 His

2114 4767 2295 4811 autem
2327 4759 2606 4813 concessis
2629 4760 2696 4812 ad
2732 4774 2916 4828 pacem
2945 4769 3240 4827 revertere,
3274 4771 3328 4814 et
3357 4763 3422 4816 ad
3453 4765 3692 4831 priscam

2115 4848 2459 4902 charitatcm.
2501 4845 2657 4901 Fiant
2686 4849 2868 4903 denuo
2903 4849 3116 4920 Bulgari
3161 4861 3214 4903 et
3266 4851 3497 4907 Romani
3530 4857 3694 4912 unius

2119 4939 2372 4993 fraterne
2403 4940 2823 5008 conspirationis
2850 4933 3378 5013 consensionisque;
3399 4959 3450 5000 et
3476 4957 3696 5002 sterna-

2119 5039 2206 5082 tur
2236 5029 2330 5098 qui
2363 5037 2446 5083 est
2476 5030 2543 5081 ah
2577 5030 2786 5098 Origine
2821 5030 3235 5085 inimicitiarum
3263 5035 3481 5089 artifex.
3517 5033 3692 5090 Glori-

2119 5122 2314 5176 licetur
2343 5128 2524 5174 autem
2558 5117 2814 5174 Christus
2845 5116 2989 5174 Deus
3023 5130 3234 5186 noster,
3285 5124 3379 5191 qui
3425 5139 3520 5192 per
3561 5140 3690 5179 cru-

2120 5228 2238 5268 cem
2308 5224 2522 5265 murum
2583 5208 2882 5262 inimicitia:
2939 5207 3246 5276 destruxit,
3319 5217 3699 5282 mundumque

2121 5319 2280 5362 suum
2337 5301 2664 5372 pacificavit.
2726 5298 2816 5354 Sic
2861 5299 3166 5354 Romanum
3211 5302 3496 5371 imperium
3534 5304 3699 5355 ditio-

2125 5414 2219 5451 nes
2252 5411 2383 5450 suas
2418 5391 2780 5461 recuperabit,
2823 5409 3062 5462 suasque
3102 5391 3320 5464 Bulgari
3351 5395 3469 5447 sine
3503 5397 3700 5448 timore

2124 5499 2220 5544 aut
2254 5503 2383 5542 cura
2421 5485 2805 5554 possidebunt,
2839 5485 2988 5538 omni
3025 5483 3137 5552 jam
3198 5485 3487 5540 occasione
3539 5500 3698 5538 scan-

2125 5584 2231 5639 dali
2277 5581 2510 5643 sublata,
2559 5592 2693 5648 pace
2737 5577 2972 5644 firmata,
2999 5587 3053 5631 et
3109 5587 3335 5644 utraque
3372 5585 3529 5644 gente
3569 5565 3698 5630 hea-

2127 5687 2236 5730 tatn
2274 5673 2440 5726 vitam
2474 5669 2774 5722 obtinente.
2807 5668 2964 5733 Quod
2997 5667 3202 5720 tribuat
3250 5667 3505 5720 Christus
3555 5669 3700 5725 Deus

2127 5773 2334 5830 noster,
2365 5762 2585 5818 abolens
2632 5761 2898 5816 daemonis
2933 5758 3190 5813 invidiam
3220 5799 3235 5826 ,
3293 5758 3550 5830 illiusque
3583 5761 3698 5818 alas
