4152 6408
554 294 657 357 199

1688 302 1741 365 Ν
1746 304 1998 368 lCOLAl
2039 310 2149 370 CP.
2191 311 2706 373 PATRIARCHE

3711 317 3819 380 200

550 409 774 465 deberet
822 419 877 466 et
932 411 1325 469 administrare
1355 429 1444 469 res
1479 429 1672 472 omnes
1705 433 1827 488 quae
1858 421 2130 478 ministro-

2245 425 2493 497 παλατίῳ
2547 430 2831 496 προσεῖναι
2865 427 2963 499 τὴν
2994 428 3308 484 διοικοῦσαν
3360 428 3428 482 τὰ
3479 431 3844 486 ἐπιϐάλλοντα

549 518 673 558 rum
721 512 940 557 tuorum
997 505 1325 576 conjugibus
1363 508 1725 576 incumbunt,
1775 514 1996 568 tertium
2049 531 2144 585 po-

551 597 658 652 tuit
709 597 938 652 concedi
976 599 1414 664 matrimonium,
1474 601 1745 670 siquidem
1806 605 1914 660 lilia
1966 606 2021 660 in
2076 623 2145 663 eo

549 701 664 745 erat
699 702 754 744 ut
789 701 1072 760 paternam
1118 692 1340 746 domum
1377 693 1730 764 relinqueret.
1785 698 1941 753 Adde
1994 698 2144 768 quod

553 785 638 834 vel
671 785 814 836 sacri
851 797 1093 837 canones
1151 797 1258 835 non
1314 784 1541 837 omnino
1605 785 1904 853 prohibent
1958 789 2144 843 tertias

556 876 796 943 nuptias,
854 876 950 930 sed
1007 876 1311 944 indulgent,
1369 875 1495 930 licet
1544 887 1803 948 tanquam
1859 883 2140 938 sordidum

553 965 686 1034 quid
719 975 775 1020 et
817 964 1063 1023 Ecclesia
1101 967 1388 1036 indignum
1422 984 1517 1024 eas
1568 973 2006 1030 considerantes.
2065 975 2143 1031 De

553 1066 752 1127 quarto
795 1069 977 1113 autem
1034 1060 1406 1124 matrimonio,
1473 1065 1621 1131 quod
1679 1066 1842 1119 etiam
1903 1069 2140 1139 Agareni
2192 1109 2194 1111 ›

552 1160 776 1212 norunt.
812 1153 940 1206 licet
973 1167 1078 1205 non
1109 1153 1290 1221 quoad
1318 1153 1647 1209 divisionem
1694 1173 1952 1224 uxorum,
1987 1176 2140 1231 qua:-

550 1257 675 1296 nam
728 1243 832 1297 erit
880 1244 1200 1299 excusatio?
1250 1246 1330 1300 Ad
1357 1262 1650 1317 quemnam
1694 1261 2018 1320 praetextum
2054 1271 2140 1309 re-

547 1346 771 1387 currere
800 1333 1006 1398 licebit,
1059 1336 1363 1403 praesertim
1407 1337 1497 1392 ubi
1541 1341 1724 1396 scelus
1768 1343 1835 1396 ad
1867 1361 2138 1400 summam

548 1422 866 1492 dignitatem
920 1441 1030 1494 qua
1074 1427 1279 1496 gaudes
1334 1440 1718 1501 comparatum
1753 1435 1962 1490 fuerit?
2022 1436 2143 1494 Rex

546 1515 747 1569 dicitur
776 1531 901 1571 esse
931 1517 1018 1572 lex
1054 1534 1165 1573 non
1195 1521 1421 1590 scripta,
1475 1524 1619 1579 haud
1671 1535 1732 1580 ut
1763 1527 1936 1599 legem
1973 1531 2142 1586 violet

545 1615 603 1662 et
627 1610 994 1679 quodcunque
1019 1609 1258 1666 lubuerit
1306 1612 1494 1681 l‘aciat,
1538 1617 1632 1671 sed
1672 1617 1836 1675 factis
1873 1621 1990 1676 suis
2019 1640 2141 1692 qua:

544 1699 682 1768 legis
730 1716 839 1756 non
893 1712 1113 1772 scriptu:
1160 1720 1354 1759 norma
1403 1707 1738 1778 diriguntur,
1786 1715 1985 1770 similis
2017 1731 2139 1771 esse

2249 518 2357 572 τῶν
2389 519 2500 573 σῶν
2553 521 2834 592 ἀρχόντων
2866 523 2986 582 ταῖς
3009 520 3279 590 γυναιξὶν,
3313 523 3428 577 ἔστι
3489 524 3845 597 συγχώρησις

2248 609 2326 679 τῷ
2371 612 2564 680 τρίτῳ,
2622 611 2721 681 τῆς
2795 613 3069 684 θυγατρὸς
3130 614 3444 668 ἐκδίδοσθαι
3512 617 3844 689 μελλούσης.

2251 703 2398 775 Πλὴν
2421 705 2504 758 ὅτι
2541 707 2638 758 καὶ
2675 707 2814 777 ἱεροὶ
2843 707 3069 771 κανόνες
3097 707 3189 760 τὸν
3221 707 3406 775 τρίτον
3451 710 3554 762 οὐκ
3595 711 3845 765 ἀποϐάλ-

2250 795 2405 847 λουσι
2435 797 2745 861 παντελῶς,
2803 797 2944 852 ἀλλὰ
2976 799 3379 871 συγχωροῦσιν,
3434 802 3484 853 εί
3513 803 3609 855 καὶ
3645 801 3718 865 ὡς
3753 803 3850 873 ρύ-

2249 904 2352 940 πον
2414 889 2769 958 παρορῶντες
2823 894 2923 962 τῆς
2997 891 3352 963 Ἐκκλησίας,
3412 893 3555 964 ὑπὲρ
3635 894 3692 947 δὲ
3745 894 3844 947 τοῦ

2245 979 2512 1046 τετάρτου
2559 979 2655 1031 καὶ
2687 979 2716 1032 6
2754 983 2868 1043 τοῖς
2929 980 3256 1052 Ἀγαρηνοίς
3313 979 3616 1052 γνώριμον,
3657 984 3706 1034 εἰ
3743 987 3846 1034 καὶ

2251 1072 2326 1142 μὴ
2377 1074 2518 1125 κατὰ
2565 1071 2834 1143 διαίρεσιν
2877 1073 3178 1142 γυναικῶν,
3233 1073 3319 1138 τίς
3367 1074 3667 1143 ἀπολογία;
3711 1073 3847 1130 Ἐπὶ

2246 1163 2408 1217 ποίαν
2438 1163 2493 1217 δὲ
2529 1164 2987 1234 καταφευξόμεθα
3035 1166 3351 1236 πρόφασιν,
3397 1163 3639 1234 μάλιστα
3700 1165 3845 1236 πρὸς

2243 1254 2306 1307 τδ
2337 1253 2572 1324 μέγεθος
2619 1255 2720 1325 τῆς
2754 1255 2852 1324 σῆς
2901 1255 3062 1325 δόξης
3090 1255 3186 1309 τοῦ
3226 1257 3538 1328 μιάσματος
3585 1257 3878 1328 ἐξεταζοομ

2249 1321 2457 1418 μένους
2512 1321 2819 1414 Βασιλεὺς,
2862 1321 3049 1416 φασὶν,
3104 1321 3571 1419 ἄγραφος-νόμος,
3618 1352 3718 1420 οὐχ
3748 1321 3874 1440 Eva:

2245 1441 2542 1510 παρανομῇ
2604 1440 2700 1492 καὶ
2760 1440 2977 1511 πράττῃ
3045 1441 3236 1504 ἁπλῶς
3293 1442 3360 1496 τὰ
3391 1441 3681 1510 δοκοῦντα,
3715 1444 3876 1498 ἀλλ’-

2243 1532 2386 1586 ὦστε
2465 1535 2717 1585 τοιοῦτον
2781 1527 2923 1585 εἶναι
2970 1532 3058 1587 διά
3105 1535 3215 1588 τῶν
3261 1533 3440 1604 ἔργων
3503 1535 3673 1588 αὐτοῦ
3727 1535 3845 1586 τῶν

2243 1626 2537 1696 ἀγράφων,
2581 1620 2691 1689 οἷος
2725 1627 2754 1679 6
2785 1627 2949 1694 νόμος
2985 1630 3013 1679 6
3043 1626 3347 1696 ἔγγραφος.
3395 1628 3456 1681 Ei
3516 1628 3626 1698 γὰρ
3684 1628 3847 1696 βασι-

2243 1717 2370 1781 λεὺς
2415 1719 2527 1772 τῶν
2562 1719 2745 1788 νόμων
2791 1719 2984 1790 ἐχθρὸς
3017 1721 3110 1771 καὶ
3147 1719 3429 1789 πολέμιος,
3476 1721 3562 1783 τίς
3589 1721 3716 1784 τοὺς
3747 1720 3845 1772 νό-

545 1793 708 1846 debet
740 1794 842 1863 legi
878 1795 1119 1865 scriptae.
1199 1798 1417 1854 Etenim
1475 1817 1568 1856 rex
1618 1804 1665 1859 si
1701 1805 1910 1876 legibus
1941 1809 2130 1863 adver-

2243 1828 2378 1880 μους
2391 1785 2720 1881 eminuerat;
2750 1785 2959 1880 “Heu-xi.
2975 1810 3136 1864 τοῦτο
3154 1785 3451 1864 ἀκόλουθον
3483 1814 3542 1864 τὸ
3573 1814 3707 1882 πρὸς
3731 1811 3832 1874 οὓς

548 1896 725 1949 satur,
751 1887 1007 1958 quisnam
1045 1891 1386 1946 reverebilur
1416 1895 1578 1949 illas?
1633 1895 1826 1954 Nonne
1856 1902 2140 1971 consequi-

548 1982 639 2028 tur
686 1978 1022 2044 nccessario,
1075 1995 1212 2049 quas
1262 1982 1408 2054 leges
1452 1986 1708 2058 princeps
1751 1991 1937 2047 hostili
1971 1995 2138 2050 modo

547 2067 854 2138 infregerit,
888 2076 1108 2128 easdem
1141 2075 1306 2129 etiam
1342 2092 1370 2130 a
1397 2079 1664 2148 subjectis
1701 2084 1857 2138 nihili
1889 2087 2134 2143 habitum

547 2162 639 2224 iri,
673 2161 798 2216 licet
825 2179 984 2220 nemo
1021 2167 1090 2221 ad
1123 2167 1174 2222 id
1212 2171 1480 2238 cogatur?
1527 2172 1630 2229 Ubi
1676 2191 1808 2232 vero
1835 2182 2138 2238 necessitas

546 2254 797 2324 quedam
847 2267 903 2312 et
950 2258 1211 2330 impetus,
1263 2264 1569 2332 praesertim
1624 2279 1856 2337 naturae,
1903 2275 2133 2342 accedit,

549 2347 834 2417 quomodo
894 2366 1004 2406 non
1060 2353 1126 2406 ad
1186 2355 1434 2410 eamdem
1493 2359 1765 2416 sentiendi
1829 2365 2137 2436 agendique

545 2439 814 2495 rationem
853 2442 1227 2507 inclinabunt.
1271 2447 1359 2503 cui
1401 2449 1707 2522 principem
1740 2469 2022 2513 summum
2054 2461 2136 2516 in-

546 2531 770 2602 dulgere
793 2535 1027 2590 vident?

619 2624 717 2682 His
741 2627 903 2684 dictis
936 2633 1157 2699 perrexi
1191 2635 1295 2691 hoc
1325 2640 1490 2694 modo
1523 2659 1537 2696 :
1574 2641 1898 2723 Considera,
1924 2665 2132 2719 quaeso,

546 2716 717 2771 solem
751 2734 816 2774 ac
847 2726 1056 2788 stellas,
1098 2728 1259 2795 quod
1311 2731 1401 2800 ubi
1458 2749 1563 2788 una
1595 2716 1675 2790 εί
1715 2737 1802 2794 his
1843 2716 2136 2810 splendore

549 2809 818 2878 privatur,
851 2831 938 2871 res
963 2828 1046 2873 est
1081 2820 1285 2878 nullius
1320 2823 1431 2880 fere
1463 2831 1725 2884 momenti
1751 2849 1765 2897 ;
1800 2809 1886 2887 at,
1906 2834 1998 2890 ubi
2030 2839 2132 2893 soli

547 2904 643 2959 tali
688 2907 820 2977 quid
855 2911 1138 2980 acciderit,
1189 2920 1500 2974 necessario
1553 2930 1703 2979 totus
1735 2926 1974 2983 mundus
2005 2931 2136 2985 cali-

551 2997 678 3066 gine
728 2998 1050 3059 involvitur.
1100 3004 1266 3075 Item,
1331 3011 1378 3066 si
1430 3015 1677 3084 corporis
1727 3017 1833 3073 alia
1886 3023 2132 3078 membra

2242 1902 2308 1955 ἂν
2342 1905 2370 1956 6
2399 1903 2586 1972 ἄρχων
2630 1901 2842 1974 ὲχθρῶς
2878 1903 2982 1975 ἔχῃ
3043 1904 3138 1957 καὶ
3173 1903 3475 1972 πολεμίως,
3530 1908 3667 1975 πρὸς
3707 1905 3846 1958 τού-

2237 2011 2365 2058 τους
2400 1995 2497 2047 καὶ
2523 1995 2585 2047 τὺ
2618 1995 2935 2066 ὑποχείριον
2971 1996 3069 2066 τὴν
3094 1997 3291 2064 ὁμοίαν
3321 1997 3625 2065 φυλάσσειν
3655 1997 3848 2050 διάθε-

2240 2103 2345 2153 σιν,
2398 2087 2503 2140 κᾶν
2537 2086 2726 2158 μηδεὶς
2755 2089 2783 2141 6
2813 2087 3138 2157 βιαζόμενος
3180 2085 3247 2159 ᾖ;
3298 2091 3428 2142 Ὅτε
3485 2089 3544 2142 δὲ
3595 2090 3689 2141 καὶ
3717 2090 3846 2160 βία,

2238 2180 2336 2232 καὶ
2373 2178 2612 2249 μάλιστα
2641 2179 2886 2248 φύσεως,
2917 2179 3040 2242 πῶς
3063 2180 3186 2249 οὐχὶ
3222 2181 3361 2251 πρὸς
3395 2182 3576 2234 ἐκεῖνο
3605 2181 3666 2234 τὸ
3701 2183 3846 2252 ippo-

2237 2289 2388 2344 νημα
2437 2271 2930 2344 ὐπενεχθήσονται,
2996 2275 3134 2344 πρὸς
3187 2273 3214 2327 6
3271 2275 3366 2328 καὶ
3422 2277 3451 2328 6
3496 2275 3683 2346 ἄρχων
3733 2278 3845 2346 τὴν

2239 2365 2416 2438 ῥοπὴν
2444 2364 2559 2436 ἔχει
2583 2382 2600 2433 ;

2312 2649 2541 2717 Ἔλεγον
2581 2646 2678 2701 καὶ
2713 2645 2888 2702 ταῦτα
2912 2663 2925 2676 ⁸
3003 2647 3208 2701 Ἐννόει
3255 2667 3346 2719 μοι
3404 2649 3498 2702 τὸν
3531 2649 3685 2721 ἥλιον
3725 2653 3829 2704 καὶ

2235 2743 2362 2805 τοὺς
2385 2742 2647 2812 ἀστέρας,
2668 2740 2764 2794 καὶ
2792 2741 2875 2793 ὅτι
2908 2741 3102 2812 ἀστέρι
3129 2742 3230 2810 μὲν
3252 2743 3662 2813 ὑποδραμόντος
3684 2746 3844 2808 τινὸς

2239 2834 2605 2903 σκιάσματος,
2656 2831 2810 2886 οὐδὲν
2866 2833 2925 2884 τὸ
2981 2832 3304 2901 γινόμενονθ
3365 2833 3518 2904 ἡλίου
3561 2835 3616 2887 δὲ
3673 2835 3845 2888 τοῦτο

2237 2927 2522 2993 παθόντος,
2552 2925 2975 2996 σκυθρωπάζειν
3019 2929 3234 2994 ἀνάγκη
3261 2927 3353 2978 τὸν
3383 2928 3614 2997 κόσμον.
3656 2928 3845 2995 Πρεσ-

2237 3019 2450 3071 ετίθουν
2500 3019 2596 3070 καὶ¹
2663 3017 2747 3070 ὅτι
2807 3016 2913 3069 τῶν
2967 3017 3173 3070 λοιπῶν
3201 3017 3302 3070 τοῦ
3345 3017 3596 3088 σώματος
3651 3019 3846 3090 μελῶν

543 3088 798 3147 sordibus
838 3095 1178 3167 polluuntur,
1213 3115 1308 3156 seu
1351 3103 1555 3160 lateant
1586 3107 1777 3164 sordes
1803 3124 1898 3164 seu
1927 3127 2033 3166 non
2059 3115 2130 3167 la-

2244 3110 2656 3183 ῥυπανθέντων,
2699 3109 2732 3178 ἢ
2764 3109 3024 3163 λανθάνει
3056 3112 3083 3162 ό
3111 3109 3305 3179 ῥύπος,
3350 3110 3515 3181 ἢκᾶν
3571 3088 3661 3184 μη
3707 3112 3846 3166 λαν-

542 3188 714 3248 tcant,
763 3185 816 3239 id
870 3187 1004 3242 nihil
1057 3189 1174 3246 fere
1222 3193 1448 3262 pudoris
1494 3196 1689 3264 habet;
1740 3199 1854 3267 jam
1897 3218 2029 3258 vero
2076 3205 2122 3259 si

542 3271 685 3329 forte
716 3291 778 3331 os
805 3277 1154 3338 immunditie
1186 3287 1401 3354 horret,
1454 3290 1569 3345 lieri
1604 3307 1711 3345 non
1765 3303 1943 3362 potest
1993 3299 2124 3365 quin

541 3381 760 3423 summo
821 3373 1025 3441 pudore
1077 3377 1482 3436 sull‘undamur.
1555 3383 1677 3440 Noli
1740 3387 1947 3457 igitur,
1999 3408 2124 3447 cum

545 3471 758 3526 magna:
787 3461 987 3518 divinae
1015 3465 1351 3525 haereditatis
1382 3487 1469 3539 os,
1514 3473 1625 3530 imo
1677 3487 1841 3547 caput
1867 3481 2127 3550 exsistas,

542 3563 742 3618 corpus
783 3551 987 3610 Christi
1026 3558 1374 3628 pudefaccre,
1407 3576 1504 3619 aut
1533 3567 1678 3637 apud
1715 3569 1962 3627 inlideles
1992 3591 2127 3644 quo~

541 3656 649 3711 que
680 3645 818 3698 adeo
850 3650 1212 3716 confundere,
1247 3665 1307 3708 ut
1347 3671 1378 3710 a
1411 3666 1499 3712 tua
1532 3659 1800 3730 dignitate
1833 3667 1960 3720 mali
1993 3667 2130 3720 viui-

540 3741 673 3808 perii
703 3745 1050 3801 occasionem
1082 3749 1328 3820 arripere
1360 3763 1588 3823 queant.
1643 3755 1913 3816 Praeterea
1956 3765 2127 3819 multa

536 3831 647 3885 dixi
678 3849 800 3902 qua:
827 3849 1270 3895 commemorare
1317 3858 1427 3898 non
1484 3856 1570 3901 est
1621 3848 1786 3918 hujus
1838 3851 1966 3907 loci.
2009 3854 2128 3910 Uno

537 3917 729 3992 verbo,
784 3933 1062 3998 peroravi,
1108 3937 1434 4005 supplicavi,
1487 3942 1792 3998 obsecravi.
1852 3947 1989 4002 Cum
2032 3966 2132 4004 au-

536 4026 646 4072 tem
692 4019 778 4075 his
829 4025 1179 4080 sermonibus
1234 4029 1380 4085 illius
1425 4032 1762 4090 voluntatem
1808 4040 2128 4110 neutiquam

538 4108 686 4165 ﬂecti
720 4127 880 4178 posse
902 4115 1169 4180 viderem,
1204 4119 1310 4175 hoc
1339 4124 1501 4179 modo
1533 4139 1657 4178 eum
1692 4127 1920 4185 adortus
1953 4108 2072 4186 sum
2112 4152 2124 4189 :

537 4202 583 4259 0
631 4220 726 4260 rex
775 4215 828 4261 et
880 4208 988 4275 liii,
1042 4222 1337 4283 postquam
1395 4219 1664 4289 majeSIati
1700 4232 1808 4276 tua:
1834 4225 2013 4278 visum
2045 4237 2130 4282 cst

537 4310 792 4368 quartam
823 4306 1113 4375 conjugem
1144 4308 1200 4362 in
1234 4311 1648 4368 matrimonium
1685 4315 1890 4371 ducere
1913 4359 1926 4382 ,
1980 4321 2126 4374 nulla

535 4391 783 4447 indecori
834 4397 1049 4452 ratione
1085 4399 1294 4466 habita,
1339 4406 1524 4474 accipe
1567 4407 1679 4477 jam
1713 4423 1743 4462 a
1778 4421 1932 4478 patre
1964 4420 2126 4482 atque

2235 3201 2394 3274 θάνῃ,
2449 3200 2602 3253 οῦδὲν
2639 3203 2783 3269 μέγα
2830 3203 2912 3262 εἰς
2946 3201 3251 3271 αἰσχύνηνο
3306 3203 3400 3256 τοῦ
3441 3203 3497 3256 δὲ
3532 3205 3842 3273 προσώπου

2228 3295 2633 3366 ὲρῤυπωμένου
2685 3293 3081 3364 τυγχάνοντος,
3145 3296 3300 3349 οὐδὲν
3351 3297 3668 3368 εὑρίσκεται
3732 3305 3844 3371 τῆς

2229 3387 2494 3457 αἰσχύνης
2513 3385 2892 3456 παραμύθιον.
2928 3388 3235 3458 Πρόσωπον
3262 3384 3428 3458 εἶτῆς
3456 3391 3702 3461 μεγάλης
3732 3396 3840 3449 τοῦ

2231 3479 2368 3533 Θεοῦ
2382 3481 2774 3552 κληρονομίας,
2795 3483 2996 3550 μᾶλλον
3009 3481 3064 3534 δὲ
3079 3483 3292 3552 κορυφή
3316 3498 3329 3511 ’
3368 3485 3442 3554 μὴ
3463 3487 3523 3538 τὸ
3552 3488 3712 3557 σῶμα
3731 3492 3842 3544 τοῦ

2237 3572 2478 3641 Χριστοῦ
2511 3573 2914 3645 καταισχύνῃς,
2966 3575 3061 3626 καὶ
3091 3576 3327 3646 ποιήσῃς
3359 3579 3454 3630 καὶ
3515 3583 3666 3650 παρὰ
3717 3589 3843 3646 τοῖς

2231 3665 2485 3728 ἀπίστοις
2514 3666 2900 3736 αἰσχύνεσθαι,
2934 3665 3024 3718 διά
3081 3667 3176 3720 τοῦ
3210 3671 3353 3722 κατά
3385 3671 3485 3738 τῆς
3542 3673 3640 3737 σῆς
3671 3676 3843 3742 ῇὸξης

2230 3758 2328 3809 καὶ
2349 3759 2683 3828 σεμνότητος
2715 3760 2972 3828 ἀφορμὴν
3006 3746 3202 3821 αὐτοῖς
3224 3763 3534 3829 παρασχεῖν
3576 3769 3841 3833 πονηρᾶς

2240 3850 2582 3920 ἐπιλήψεως.
2621 3853 2847 3920 Ἔλεγον
2879 3852 3054 3904 ταῦτα
3098 3854 3193 3905 καὶ
3220 3854 3446 3906 πλεῖστα
3475 3856 3658 3925 ἕτερα,
3685 3851 3767 3910 ὦν
3807 3861 3841 3929 ἡ

2233 3944 2424 4013 μνήμη
2477 3944 2571 3996 καί⁹
2601 3943 2898 4013 πρόσθεσις
2945 3947 3212 4016 περιττή·
3263 3947 3402 4017 πλὴν
3434 3947 3643 4014 ἔλεγον,
3674 3950 3845 4003 ἐδυσ-

2229 4035 2461 4098 ωπουν,
2497 4033 2766 4088 ίκέτευον.
2826 4034 2936 4087 Καὶ
2970 4035 3207 4106 ἐπείπερ
3239 4037 3430 4107 ἑώρων
3462 4041 3590 4101 τοὺς
3630 4039 3843 4106 λόγους

2229 4128 2457 4186 τούτους
2492 4127 2846 4196 ἡττωμένους
2881 4127 2983 4195 τῆς
3016 4129 3228 4180 ἐκείνου
3257 4130 3602 4200 βουλήσεως,
3637 4136 3844 4201 ἐστρε-

2235 4216 2422 4286 φόμην
2460 4216 2548 4284 ἐφ’
2586 4217 2755 4285 ἔτερα
2783 4215 3012 4268 τοιαῦτα
3044 4217 3222 4284 λέγων
3260 4236 3275 4251 ·
3327 4221 3617 4292 Ἐπείπερ,
3649 4217 3694 4275 ὧ
3729 4223 3841 4292 βα-

2233 4307 2382 4360 σιλεῦ
2434 4309 2528 4361 καὶ
2591 4309 2802 4370 τέκνον,
2865 4308 3015 4374 ἅπαξ
3043 4312 3120 4380 τῷ
3168 4311 3362 4384 κράτει
3423 4330 3516 4366 σου
3554 4313 3701 4379 ἔδοξε
3730 4320 3843 4371 καὶ
3931 4322 3937 4327 “

2230 4398 2473 4468 τετάρτῃ
2527 4400 2751 4465 γυναικὶ
2783 4400 3084 4469 συνῆφθαι,
3131 4405 3226 4456 καὶ
3271 4405 3371 4458 οὒκ
3422 4406 3722 4480 ἀναλογίζῃ
3770 4414 3840 4464 τὸ

533 4483 715 4539 amico
767 4501 984 4546 summo
1031 4494 1241 4548 amoris
1288 4495 1484 4552 affectu
1540 4507 1592 4553 te
1633 4499 1895 4571 diligente
1951 4504 2120 4560 hocce

2235 4490 2453 4554 ἄτοπον,
2503 4489 2655 4557 δέξαι
2700 4491 2861 4561 φίλου
2899 4492 2996 4544 καὶ
3032 4494 3244 4564 πατρὸς
3299 4496 3732 4567 ὑπερφιλοῦντὸς
3767 4519 3838 4554 σε

533 4577 825 4636 consilium
861 4599 878 4638 :
913 4585 1129 4656 Coniux
1171 4590 1426 4658 privatim
1460 4592 1620 4662 degat
1649 4609 1826 4664 neque
1867 4611 1992 4650 cum
2027 4607 2118 4650 tua

534 4667 823 4736 majestate
893 4691 1315 4748 commoretur,
1386 4691 1441 4738 et
1508 4685 1846 4742 advocentur
1919 4689 2119 4743 veteris

535 4760 723 4820 Romae
756 4769 1101 4843 aliarumque
1163 4773 1558 4850 ponjtilicalium
1609 4779 1820 4834 sedium
1853 4780 2118 4848 praesules

535 4862 590 4907 et
619 4857 710 4911 alii
743 4861 837 4928 qui
879 4865 1176 4933 episcopali
1209 4867 1476 4936 dignitate
1527 4870 1769 4924 eminent
1815 4881 1870 4926 et
1901 4873 2116 4926 muneri

529 4947 856 5004 sacerdotali
909 4954 1080 5010 decus
1133 4957 1514 5029 honoremque
1565 4960 1820 5027 all‘erunt,
1879 4977 2113 5030 quorum

532 5047 989 5108 congregatarum
1019 5045 1228 5112 judicio
1264 5063 1330 5103 ac
1373 5051 1670 5116 sententia,
1724 5052 1982 5118 quoniam
2020 5053 2114 5106 tibi

531 5122 615 5176 sic
646 5126 881 5196 videtur,
940 5131 1176 5190 fortasse
1221 5136 1354 5191 illud
1386 5139 1534 5208 quod
1568 5139 1703 5206 petis
1737 5152 1911 5193 ratum
1946 5141 2115 5194 habe-

531 5215 699 5282 bitur,
751 5221 795 5274 si
848 5224 1106 5281 nimirum
1162 5228 1271 5284 hac
1299 5231 1616 5284 calamitate
1665 5246 1770 5284 non
1824 5232 2117 5285 inducatur

531 5308 638 5362 alia
673 5312 845 5366 multo
899 5319 1142 5385 gravior,
1194 5321 1456 5376 Ecclesia:
1508 5322 1717 5376 scilicet
1749 5324 2111 5391 perturbatio,

529 5415 692 5468 quam
726 5405 1014 5477 hucusque
1047 5428 1268 5467 summo
1298 5429 1424 5468 cum
1473 5413 1662 5481 vigore
1710 5431 1776 5468 ac
1827 5415 2113 5483 prudentia

532 5499 872 5563 compescuit
929 5502 1188 5558 Ecclesiae
1239 5505 1582 5573 praedicatio,
1634 5505 1706 5558 ita
1769 5516 1829 5559 ut
1876 5523 2000 5576 spes
2045 5509 2115 5562 sit

533 5580 649 5637 fore
680 5599 758 5651 ut,
813 5605 936 5660 post
980 5597 1250 5664 synodum
1285 5597 1549 5664 habitam,
1607 5598 1917 5653 interdictio
1967 5601 2113 5656 illius

534 5676 680 5736 Pl'avi
737 5679 1116 5752 illegitimique
1191 5689 1526 5742 matrimonii
1600 5690 1921 5757 accipiatur.
2006 5689 2112 5744 Sed

531 5767 716 5853 “illi?”
751 5786 869 5838 (ΙυῖΙΕ
901 5775 1034 5844 dm,
1087 5779 1242 5836 irrita
1281 5796 1558 5849 mansere,
1615 5782 1742 5853 quia
1773 5783 1977 5841 amoris
2011 5784 2110 5840 iiu-

2226 4579 2366 4643 τέως
2415 4579 2552 4648 γοῦν
2620 4582 2828 4652 ταύτην
2880 4586 2981 4653 τὴν
3040 4587 3387 4658 συμϐουλήν
3463 4589 3840 4664 ἓστωὴγυνὴ

2232 4673 2380 4736 ίδίως
2421 4674 2690 4740 διάγουσα
2741 4676 2835 4726 καὶ
2874 4677 2948 4744 μὴ
2979 4677 3315 4730 συνοικοῦσα
3364 4679 3444 4747 τῷ
3479 4681 3673 4752 κράτει
3700 4698 3834 4746 σου,

2227 4766 2323 4818 καὶ
2358 4764 2874 4836 προσκληθήτωσαν
2895 4767 2996 4837 τῆς
3044 4785 3104 4820 τε
3153 4769 3532 4840 πρεσϐυτέρας
3573 4771 3835 4841 Ῥώμης,

2227 4857 2320 4910 καὶ
2367 4857 2477 4909 τῶν
2523 4856 2700 4910 ἄλλων
2741 4859 3150 4929 ἀρχιερατικῶν
3205 4860 3412 4930 θρόνων
3478 4861 3696 4932 ἄνδρες,
3727 4867 3837 4918 καὶ

2226 4949 2616 5020 ἀρχιερωσύνη
2657 4951 3038 5020 τετιμημένοι,
3070 4953 3162 5004 καὶ
3192 4955 3303 5014 τοῖς
3361 4952 3544 5017 ἄλλοις
3606 4948 3690 5017 οἷς
3735 4972 3839 5009 σε-

2230 5039 2920 5113 μνύνεταιάρχιερωσύνῃ,
2967 5045 3064 5095 καὶ
3121 5042 3219 5095 σὺν
3274 5043 3461 5104 αὐτοῖς
3511 5044 3834 5113 ἑνουμένων

2224 5136 2378 5203 κοινῇ
2429 5133 2708 5201 ὲπικρίσεί
2732 5135 2827 5186 καὶ
2861 5133 3081 5202 γνώμῃ,
3126 5135 3538 5206 ἐπείπερ-οὓτω
3571 5153 3653 5189 σοι
3687 5155 3832 5206 παρ.

2229 5225 2442 5279 ίσταται
2474 5267 2488 5291 ,
2523 5227 2655 5288 ἴσως
2702 5227 2917 5294 γίνεται
2968 5228 3026 5279 τὸ
3061 5227 3438 5297 ζητούμενον
3474 5230 3521 5280 εί
3550 5228 3628 5297 τῷ
3660 5232 3831 5301 κακῷ

2221 5316 2395 5386 τούτῳ
2446 5317 2520 5386 μὴ
2573 5317 2856 5388 συνδράμῃ
2891 5319 2985 5371 καὶ
3040 5320 3225 5388 χεῖρον
3262 5318 3393 5371 ἄλλο
3441 5319 3542 5388 τῆς
3589 5320 3832 5390 Ἐκκλη..

2224 5409 2344 5471 σίας
2374 5411 2402 5462 6
2431 5411 2693 5480 τάραχος.
2730 5413 2914 5462 Ταῦτα
2937 5410 2992 5462 δὲ
3013 5412 3075 5462 τὸ
3113 5411 3350 5480 σφοδρὸν
3387 5413 3496 5481 τῆς
3537 5413 3682 5464 κατά
3713 5413 3828 5482 τῆς·

2235 5501 2566 5570 Ἐκκλησίας
2607 5502 2784 5572 ὁρμῆς
2807 5503 3131 5571 ἀνακρούων
3155 5503 3183 5554 6
3212 5502 3392 5569 λόγος,
3447 5503 3590 5565 τέως
3617 5506 3825 5575 διῳκο-
3856 5511 3860 5514 ’

2221 5593 2643 5662 νόμει,ίὲλπίδος
2673 5592 2840 5663 οὔσης
2861 5592 2936 5656 ὼς
2967 5594 3183 5656 πάντως
3219 5594 3558 5664 τελουμένης
3591 5598 3822 5650 συνόδου

2220 5687 2603 5756 αίδεσθήσεται
2636 5685 2848 5754 ταύτης
2899 5687 3001 5755 τὴν
3037 5687 3418 5755 ἀπαγόρευσιν
3472 5687 3575 5756 τῆς
3608 5689 3820 5743 ἀτόπου

2223 5783 2316 5836 καὶ
2349 5779 2592 5850 ἀθέσμου
2645 5777 2970 5845 συζεύξεως.
3039 5780 3182 5834 Ἀλλ’
3233 5776 3304 5850 ἦν
3337 5781 3515 5836 πάντα
3560 5782 3720 5862 κωφά
3747 5783 3819 5836 τὰ
