4152 6408
474 348 581 413 203

1613 341 1924 404 NlCOLAI
1967 344 2076 404 (ΖΡ.
2123 344 2636 404 ΡΑΤΒΙΑΒΠΗΕ

3647 345 3762 410 204

475 459 833 530 nitomnique
867 460 1140 517 famulitio
1163 457 1417 513 orbatum
1446 453 1500 506 in
1546 451 1803 505 exsilium
1838 459 2056 520 protru-

2171 453 2466 523 σαμένους,
2493 450 2564 526 ἦν
2586 454 2694 526 γὰρ
2734 455 2829 507 τοῦ
2862 453 3021 523 ἁγίου
3056 453 3554 526 μεγαλομάρτυρος
3593 456 3760 529 ἑορτὴ

474 552 557 607 dit
608 552 795 620 Neque
816 552 984 606 ullam
1005 559 1232 615 vestem,
1254 559 1350 600 aut
1373 541 1694 612 stragulum,
1723 551 1819 594 aut
1836 541 2057 602 librum,

475 656 571 698 aut
603 645 881 699 hominem
911 644 1073 714 cujus
1107 641 1308 697 solatio
1339 649 1638 698 recrearer,
1663 646 1876 686 mecum
1903 645 2061 685 assu-

478 752 625 796 tnerc
638 734 1165 808 permisit,exceplis
1185 729 1398 785 duobus
1415 721 1885 780 hoinuncionibus
1905 720 2068 773 illite—

479 832 614 886 tatis
643 840 695 883 et
735 828 874 882 adeo
910 826 1132 881 incultis
1163 834 1221 876 ut
1255 834 1391 890 pene
1417 816 1578 877 muti,
1610 815 1723 870 imo
1763 814 1848 868 sui
1885 812 2063 882 ipsius

479 917 622 971 haud
643 916 848 970 conscii
874 930 998 971 esse
1017 914 1351 968 viderentur.
1374 906 1466 962 Sic
1490 905 1686 962 exsilio
1712 919 1798 959 me
1817 902 2061 957 tradi—dit.

476 1008 768 1073 Quomodo
805 1008 1014 1076 reliqua
1043 1001 1352 1059 enarrabo?
1401 997 1610 1052 lliemis
1646 998 1912 1066 rigorem,
1951 1010 2067 1048 om-

476 1108 629 1159 nium
661 1119 839 1158 rerum
866 1109 1188 1172 egestatem,
1208 1094 1500 1152 custodum
1524 1091 1874 1146 violentiam?
1895 1089 2068 1144 Enses

475 1200 621 1258 enim
681 1207 736 1252 et
788 1210 954 1250 arcus
983 1205 1038 1248 et
1069 1190 1246 1264 clypei
1300 1189 1446 1244 velut
1495 1189 1721 1252 hostes,
1771 1199 1881 1238 non
1921 1183 2072 1238 velut

477 1293 738 1356 miserum
759 1287 1244 1344 circumdederunt
1259 1282 1406 1353 ponti
1416 1286 1593 1344 licent,
1615 1277 1706 1334 cui
1723 1293 1824 1332 nec
1841 1276 2065 1340 coelum,

475 1385 674 1442 nedum
709 1382 990 1438 hominem
1013 1380 1212 1434 intueri
1244 1375 1466 1438 licebat,
1485 1382 1540 1428 ct
1565 1373 1660 1441 qui
1687 1385 1855 1440 super
1887 1370 2067 1439 palea.

472 1480 620 1536 onini
645 1478 886 1546 stragula
909 1474 1233 1538 destitutus,
1256 1483 1516 1525 somnum
1534 1479 1729 1536 capere
1747 1462 2066 1532 cogebatur.

471 1571 582 1627 Nec
613 1585 744 1626 vero
778 1585 882 1625 nos
911 1568 1049 1631 soli,
1085 1567 1179 1620 sed
1210 1563 1528 1634 quicunque
1561 1575 1628 1613 ex
1670 1559 1861 1613 ordine
1890 1570 2072 1610 sacer-

475 1658 645 1724 dotali
703 1658 926 1718 saniora
989 1656 1060 1714 de
1112 1651 1357 1708 Ecclesia
1409 1649 1756 1711 sentiebant,
1813 1645 2069 1709 vinculis,

471 1749 696 1818 exsilio,
728 1748 872 1810 fante
907 1747 1110 1816 sitique
1141 1741 1513 1808 vexati,omni
1544 1749 1902 1808 cognatorum
1933 1736 2072 1789 ami-

2169 545 2492 615 Τρύφωνος,
2525 546 2648 616 ἣτις
2701 544 2852 615 αὐτῷ
2900 545 3359 616 ὲπανηγυρίζετο.
3418 548 3527 604 Καὶ
3572 550 3760 615 κοινῆς

2172 637 2545 706 μετασχόντας
2568 637 2852 708 τραπέζης
2894 639 2970 702 ὡς
2996 636 3145 709 εἶχεν
3182 641 3266 702 είς
3293 639 3476 692 πλοῖον
3502 641 3764 710 ἐμϐαλων

2169 728 2411 798 ἐρήμους
2463 728 2760 800 θεραπείας
2810 730 2993 800 πάσης
3048 730 3382 800 ὑπερορίους
3436 731 3758 800 καθίστησι,

2172 821 2312 888 μήτε
2375 820 2726 890 χιτωνίσκον,
2797 823 2938 892 μήτε
2992 825 3286 892 στρωμνῆς
3339 839 3392 875 τι
3459 822 3649 892 μέρος,
3683 821 3761 892 μὴ

2173 909 2400 980 βιϐλίον,
2439 912 2648 982 μηδένα
2672 913 2784 966 τῶν
2822 916 2903 978 είς
2937 913 3288 986 παραμύθιον
3326 915 3608 984 ἐσομένων
3637 933 3763 982 συγ-

2173 1004 2434 1073 χωρήσας
2484 1005 2855 1077 ἀκολουθῆσαι
2917 1008 3228 1080 ἄνθρωπον,
3285 1008 3428 1079 πλὴν
3473 1012 3570 1062 σὺν
3607 1009 3764 1062 δυσὶν

2170 1097 2573 1166 ἀγραμμάτοις
2657 1099 3002 1167 ἀγλώττοις,
3059 1103 3257 1173 μικροῦ
3323 1101 3399 1173 μὴ
3446 1102 3502 1155 δὲ
3550 1103 3764 1154 ἑαυτῶν

2170 1189 2692 1260 ὲπαισθανομένων,
2745 1195 2827 1256 είς
2909 1194 3010 1263 τὴν
3064 1195 3370 1265 ὑπερορίαν
3443 1195 3763 1264 ἐκπέμψας.

2173 1285 2298 1348 Πιὶς
2333 1285 2400 1339 ἂν
2430 1285 2497 1337 τὰ
2525 1285 2693 1339 λοιπὰ
2717 1285 3108 1356 διηγήσωμαις
3159 1287 3272 1357 Τὴν
3301 1287 3464 1356 πῆξιν
3499 1286 3595 1342 τοῦ
3627 1303 3765 1356 κρυ-

2175 1375 2300 1446 μοῦ,
2334 1376 2430 1448 τὴν
2465 1377 2854 1448 στενοχωρίαν,
2880 1379 2980 1447 τὴν
2997 1379 3106 1432 τῶν
3139 1378 3400 1447 φυλάκων
3428 1378 3586 1447 βίαν;
3618 1377 3760 1450 Ξέφη

2173 1471 2281 1538 γὰρ
2312 1470 2406 1522 καὶ
2435 1470 2566 1535 τόξα
2584 1471 2680 1524 καὶ
2699 1471 2885 1541 θυρεοὶ
2908 1469 2982 1535 ὡς
3017 1472 3336 1542 πολεμίους,
3360 1472 3459 1543 οὐχ
3480 1472 3557 1535 ὡς
3573 1471 3762 1524 ἄθλιον

2173 1561 2614 1633 περιεστοίκῑζον
2648 1564 2938 1636 ἀρχιερέα.
2978 1565 3053 1635 μὴ
3084 1565 3128 1618 δ’
3180 1565 3316 1636 ἀέρα
3353 1564 3763 1634 συγχωρούμε’

2175 1672 2265 1709 νον
2293 1657 2450 1726 ορᾷν,
2496 1657 2574 1727 μὴ
2625 1657 2709 1710 ὅτι
2753 1674 2817 1726 γε
2873 1657 3165 1730 ἄνθρωπον
3199 1661 3255 1712 ἐν
3303 1660 3490 1729 μέσοις
3533 1658 3764 1728 ἀχύροις

2121 1815 2128 1820 .
2176 1749 2656 1819 κατακεκλιμένον
2683 1752 2750 1823 τῇ
2791 1750 2999 1821 ἀπορία
3031 1750 3133 1820 τῆς
3187 1750 3505 1820 στρωμνῆς.
3552 1749 3627 1800 Οὐ
3659 1748 3764 1818 μὲ-

473 1815 779 1909 corumque
831 1815 1029 1894 solatio
1066 1835 1245 1897 orbati
1293 1832 1722 1896 detinebantur,
1776 1843 1950 1897 neque
1981 1827 2056 1884 eis

2164 1857 2255 1892 νον
2283 1841 2340 1893 δὲ
2365 1815 2551 1912 ἡμείς,
2583 1815 2840 1897 ἀλλὰ-καὶ
2881 1815 3008 1896 ὅσον
3052 1815 3447 1914 ἀρχιερατικὴν
3500 1815 3761 1911 σύστημα

473 1949 798 1989 concessum
860 1931 965 1992 fuit
1012 1931 1330 2006 prospicere
1401 1943 1432 1983 e
1480 1924 1797 1983 carceribus
1857 1922 2060 1992 quibus

476 2043 494 2074 \
509 2027 624 2080 eiut
641 2025 855 2084 scelesti
888 2025 1091 2080 misere
1112 2021 1558 2078 includehantur.

2167 1934 2235 1986 τὰ
2268 1933 2464 2003 βελτίω
2484 1938 2616 2006 περὶ
2639 1937 2739 2008 τῆς
2777 1937 3107 2007 Ἑκκλησίας
3151 1938 3436 2008 ἐφρόνουν,
3471 1938 3566 1990 καὶ
3609 1929 3762 1988 οὗτιι

2169 2027 2228 2078 ὲν
2253 2029 2524 2098 εἱρκταῖς,
2558 2033 2618 2084 ἐν
2649 2032 2996 2102 ὑπερορίαις,
3019 2035 3074 2086 ὲν
3105 2031 3251 2103 λιμῷ
3279 2033 3373 2086 καὶ
3391 2033 3541 2104 δίψῃ.
3577 2028 3763 2099 πάσης

473 2120 674 2191 ἔρημοι
716 2119 1079 2190 παραμυθίας
1137 2117 1446 2185 συγγενῶν.
1501 2113 1694 2182 φίλων»
1752 2108 2066 2179 συνείχοντο
2103 2119 2642 2193 ταλαιπωρούμενοι,
2699 2127 2834 2199 μηδὲ
2902 2127 3186 2199 προκύψαι
3233 2129 3332 2198 τῆς
3394 2128 3636 2199 φρουρᾶς
3660 2130 3763 2176 πα⁹

475 2211 912 2284 ραχωρούμενοι,
971 2212 1028 2264 ἐν
1054 2203 1089 2282 ᾗ
1112 2205 1587 2278 ταλαιπωρεῖσθαι
1639 2203 1714 2266 ὼς
1746 2201 2043 2258 ὑπεύθυνοι
2084 2215 2505 2285 κατακέκριντο.

545 2310 755 2370 interea
791 2307 882 2374 qui
937 2307 1004 2362 ad
1037 2321 1149 2360 rem
1185 2303 1621 2373 componendam
1664 2303 1773 2357 huc
1799 2311 2069 2356 venerant

472 2399 704 2460 Romani
727 2439 742 2462 ,
778 2414 886 2454 non
918 2414 1079 2464 secus
1105 2414 1169 2454 ac
1199 2398 1245 2453 si
1284 2397 1457 2452 Ruina
1488 2397 1554 2452 ad
1592 2395 1940 2451 indicendum
1973 2409 2070 2447 no-

473 2492 556 2544 bis
575 2490 770 2546 bellunt
787 2487 1020 2560 delegati
1041 2489 1454 2552 cssent,exsilio
1473 2495 1661 2542 nostro
1680 2486 1948 2540 calculum
1967 2483 2067 2538 ad-

466 2583 738 2650 jecerunt,
784 2595 964 2650 neque
995 2589 1180 2635 nostra
1205 2579 1489 2645 durantes,
1524 2594 1704 2648 neque
1744 2577 1936 2631 audire
1967 2575 2068 2628 ali-

469 2673 600 2742 quid
619 2686 646 2726 ε
665 2671 822 2728 nobis
839 2672 1104 2737 volentes,
1121 2672 1390 2740 quamvis,
1409 2671 1452 2725 si
1467 2670 1592 2740 quis
1614 2671 1778 2732 alius,
1801 2667 1904 2738 ipsi
1923 2675 2069 2721 certe

469 2767 572 2822 hoc
589 2764 769 2821 facere
789 2764 1122 2828 debuissent,
1144 2774 1202 2818 ut
1219 2763 1605 2818 ecclesiastica:
1616 2762 1898 2832 dignitatis
1919 2776 2061 2830 pra:-

469 2857 766 2928 rOgativain
793 2857 1176 2919 defenderent,
1209 2856 1509 2926 praesertim
1535 2871 1660 2911 eum
1705 2856 1758 2908 in
1786 2869 1852 2909 eo
1875 2868 2062 2908 versa-

467 2962 655 3004 rentur
674 2959 728 3003 et
754 2949 820 3002 ad
842 2965 934 3004 vos
954 2946 1178 3018 profecti
1199 2964 1285 3002 res
1300 2948 1579 3018 quoi-nodo
1603 2947 1886 3002 evenerint
1903 2961 2064 3000 enar-

468 3041 642 3097 raturi
667 3049 872 3096 essent.
896 3041 964 3095 Et
981 3042 1026 3096 si
1042 3057 1143 3096 nos
1166 3041 1315 3096 adire
1333 3041 1658 3106 noluissent,
1676 3041 1866 3096 saltem
1887 3054 2059 3094 unum

467 3136 534 3188 tle
557 3133 623 3188 iis
639 3137 732 3203 qui
759 3133 1044 3189 nobiscum
1067 3133 1122 3186 in
1141 3134 1327 3188 eadem
1351 3133 1664 3188 calamitate
1678 3133 2055 3194 versabantur,

2239 2313 2352 2368 Kal.
2377 2316 2428 2367 οἱ
2451 2316 2588 2388 πρὸς
2617 2317 2956 2371 κατάστασιν
2982 2317 3085 2370 τῶν
3108 2318 3454 2388 πραγμάτων
3481 2317 3761 2370 ducta).-

2169 2405 2322 2474 μένοι
2364 2407 2629 2479 Ῥωμαῖοι
2687 2409 2960 2480 παρόντες
3015 2409 3272 2476 ἐνταῦθα,
3330 2411 3518 2480 ὥσπερ
3569 2410 3660 2463 ἐπὶ
3693 2411 3761 2462 τὸ

2164 2498 2296 2551 αὐτὸ
2347 2499 2511 2553 τοῦτο
2569 2502 2800 2572 ἥκοντες
2839 2505 2901 2556 ἐκ
2940 2502 3160 2573 Ῥώμης
3194 2503 3289 2556 τοῦ
3333 2504 3572 2573 πόλεμον
3623 2503 3734 2572 ἄρα

2165 2589 2312 2657 σθαι,
2346 2592 2470 2645 καθ’
2503 2594 2664 2664 ἡμῶν
2695 2594 2938 2666 ¹ὲκύρουν
2979 2587 3220 2666 ἔξορίαν,
3261 2595 3427 2664 μηδὲν
3480 2601 3617 2665 μήτε
3656 2613 3761 2648 ποι

2163 2681 2752 2753 λυπραγμονήσαντες,
2803 2689 2942 2758 μήτε
2989 2689 3184 2759 μαθεῖν
3231 2688 3588 2758 βουληθέντες
3622 2685 3761 2758 παρ’

2167 2775 2326 2844 ἡμῶν
2353 2793 2364 2806 ·
2390 2778 2572 2830 καίτοι
2599 2795 2661 2846 γε
2686 2779 2791 2833 κᾶν
2815 2780 3004 2850 μηδεδς
3032 2780 3210 2848 ἄλλος,
3239 2781 3438 2844 αὐτοὺς
3464 2781 3564 2833 ἔδει
3595 2779 3762 2833 τοῦτο

2164 2868 2363 2930 ποιεῖν,
2424 2868 2822 2940 ἀντεχομένους
2881 2873 3223 2944 προνομίου,
3287 2875 3758 2942 ὲκκλησιαστικῆς

2163 2956 2461 3030 ὑπεροχῆς,
2516 2963 2613 3015 καὶ
2673 2963 2914 3033 μάλιστα
2961 2966 3258 3034 μέλλοντας
3319 2966 3572 3020 ἐντεῦθεν
3615 2968 3758 3035 etp“;

2164 3049 2308 3118 ὑμᾶς
2341 3052 2622 3123 ἀπαίρειν,
2656 3057 2750 3110 καὶ
2783 3057 2892 3110 τῶν
2938 3060 3284 3129 πραγμάτων
3323 3059 3545 3113 ἔσεσθαι
3589 3061 3761 3128 ἀγγέ-

2162 3141 2310 3206 λους,
2346 3144 2441 3197 καὶ
2479 3145 2800 3212 ὀφείλοντας
2832 3149 2921 3201 διὰ
2947 3150 3106 3203 τοῦτο
3154 3153 3247 3204 καὶ
3284 3152 3414 3205 ἰδεῖν
3451 3152 3499 3204 εί
3546 3151 3640 3203 καὶ
3677 3150 3759 3221 μὴ

473 3227 813 3297 interrogare
875 3242 939 3280 ac
994 3227 1316 3294 scrupulose
1349 3226 1667 3280 examinare
1715 3225 2055 3287 debuissent,

2163 3234 2312 3303 ἡμᾶς
2347 3235 2655 3306 ἐϐούλοντο,
2696 3239 2834 3293 ἀλλὰ
2872 3242 2995 3295 τινὰ
3028 3242 3140 3296 τῶν
3172 3244 3294 3312 μεθ’
3325 3243 3485 3314 ἡμῶν
3523 3260 3757 3311 συγκιν-

473 3330 533 3374 ut
565 3334 756 3374 verum
789 3321 858 3374 ad
904 3335 1002 3376 vos
1047 3321 1298 3374 nuntium
1332 3319 1661 3390 perferrent.
1695 3319 1800 3376 Sed
1836 3329 2050 3373 tantum

468 3408 645 3466 abfuit
675 3423 734 3466 ut
770 3412 1130 3483 episcopum,
1165 3413 1260 3484 qui
1297 3413 1425 3468 talia
1465 3413 1779 3484 patiebatur
1833 3422 1887 3466 et
1919 3427 2052 3481 per-

467 3505 738 3560 secutioni
769 3489 1055 3577 expositus
1084 3516 1224 3571 erat,
1266 3508 1394 3578 quia
1434 3506 1816 3561 fornicationis
1847 3505 2055 3561 scelere

466 3597 770 3653 Ecclesium
831 3600 942 3653 imo
987 3597 1306 3654 universum
1355 3599 1797 3654 Christianorum
1847 3607 2051 3653 cetum

465 3692 830 3745 contaminari
866 3693 1104 3758 vetabat,
1136 3707 1313 3762 eoque
1361 3693 1474 3763 jam
1510 3691 1806 3747 devenerat
1841 3699 1900 3744 ut
1930 3690 2056 3746 vitae

465 3792 695 3839 mortem
735 3783 1130 3855 przeferendain
1163 3785 1461 3856 iudicaret,
1509 3785 1866 3841 defenderent
1894 3785 2056 3855 eique

464 3881 836 3934 assentientes
868 3895 899 3932 a
931 3880 1183 3947 parti-bus
1220 3879 1452 3949 justitiaa
1497 3889 1726 3945 starent,
1761 3889 1822 3934 ut
1858 3880 1924 3935 iis
1957 3881 2054 3951 qui

465 3973 748 4040 tyrannice
809 3988 910 4028 nos
964 3983 1296 4039 tractarent,
1344 3975 1800 4043 astipularentur,
1849 3982 1904 4028 et
1958 3973 2052 4044 qui

464 4065 623 4120 nobis
658 4065 768 4118 vim
801 4066 1103 4120 intulerant
1125 4069 1518 4135 consentirent,
1541 4077 1615 4130 et,
1643 4069 1832 4124 nescio
1852 4084 1959 4138 qua
1985 4069 2054 4122 de

463 4169 653 4220 causa,
686 4157 1030 4232 crudelitatis
1061 4166 1252 4212 contra
1279 4173 1379 4212 nos
1406 4170 1636 4215 exsertae
1665 4159 1801 4215 SOcii
1835 4161 2048 4213 fierent.

463 4254 602 4310 Nolo
629 4258 774 4311 enim
809 4257 996 4313 dicere
1017 4299 1031 4324 ,
1064 4259 1213 4327 ipsos
1244 4264 1564 4330 pra-potenti
1594 4263 1712 4316 auri
1740 4261 2050 4332 tyrannide,

464 4347 578 4404 itno
603 4348 672 4402 ab
697 4348 951 4402 hostibus
977 4363 1272 4418 oppressos
1304 4352 1713 4408 mendaciorum
1763 4351 2052 4406 fraudum-

464 4455 574 4504 que
603 4441 916 4510 congeriem
962 4443 1030 4498 ad
1067 4457 1166 4498 vos
1190 4443 1454 4500 allaturos
1485 4459 1607 4500 esse
1638 4454 1735 4500 aut
1758 4444 2051 4498 denuntia-

2156 3329 2493 3384 ὃυνευόντων
2545 3332 2640 3385 καὶ
2686 3333 2961 3390 πυθέσθαι
3005 3336 3101 3389 καὶ
3153 3337 3348 3407 μαθεῖν
3382 3338 3652 3408 ἀκριϐῶς,
3683 3337 3759 3388 ἵν’

2157 3420 2334 3492 ἔχοιεν
2373 3423 2576 3495 ἀκριϐῆ
2609 3427 2704 3480 καὶ
2750 3427 2850 3498 τὴν
2896 3429 3031 3499 πρὸς
3068 3431 3213 3500 ὑμᾶς
3263 3431 3526 3499 ἀγγελίαν
3574 3435 3760 3484 ποιεῖ-

2159 3515 2307 3568 σθαι.
2353 3515 2494 3568 Ἀλλ’
2534 3516 2686 3586 ὅμως
2734 3517 2960 3572 τοιαῦτα
3003 3522 3308 3591 πάσχοντος
3348 3523 3653 3593 ἀρχιερέως
3684 3521 3757 3576 δι’

2157 3603 2312 3658 οὐδὲν
2342 3605 2530 3677 ἕτερον
2560 3609 2592 3679 ἢ
2622 3608 2705 3662 ὅτι
2742 3609 3020 3682 βδέλυγμα
3055 3613 3314 3683 πορνείας
3348 3615 3422 3684 μὴ
3455 3613 3756 3683 συνεχώρει

2157 3696 2258 3762 τὴν
2302 3697 2654 3770 Ἐκκλησίαν,
2687 3703 2889 3772 μᾶλλον
2919 3705 2976 3757 δὲ
3011 3705 3072 3758 τὸ
3107 3705 3284 3758 κοινὸν
3319 3707 3596 3775 πλήρωμα
3637 3706 3758 3759 τᾶν

2159 3787 2507 3859 Χριστιανῶν
2560 3795 2917 3863 καθυϐρίζειν
2965 3799 3377 3870 ἐκδιωχθέντος,
3411 3801 3504 3853 καὶ
3557 3799 3760 3853 τοσοῦ-

2157 3901 2250 3936 τον
2288 3883 2436 3955 ζωῆς
2469 3886 2858 3953 ἀπολαύοντος,
2898 3891 2974 3954 ὡς
3021 3889 3161 3944 εἶναι
3188 3893 3280 3945 τὸν
3331 3892 3562 3947 θάνατον
3596 3894 3754 3963 αὐτῷ

2157 3975 2190 4046 ἢ
2226 3976 2288 4028 τὸ
2319 3979 2420 4049 ζῇν
2443 3980 2828 4052 αἱρετώτερον,
2879 3984 3000 4036 ἀντὶ
3048 3984 3142 4038 τοῦ
3199 3985 3455 4051 ἐκδικετν,
3489 3985 3612 4040 ἀντὶ
3652 3986 3751 4038 τοῦ

2156 4068 2486 4140 προσθῆναι,
2539 4073 2663 4126 ἀντὶ
2702 4074 2795 4127 τοῦ
2849 4077 2950 4142 τῆς
2992 4077 3344 4150 δικαιοσύνης
3396 4078 3748 4148 ἀντέχεσθαι,

2156 4162 2365 4216 εἵλοντο
2397 4173 2788 4236 συντυραννεῖν
2822 4173 2938 4233 τοῖς
2971 4175 3432 4244 τετυραννηκόσιν
3458 4175 3624 4242 ίμᾶς,
3653 4174 3750 4225 καὶ

2159 4257 2298 4324 μετὰ
2336 4259 2447 4310 τῶν
2479 4257 2829 4330 βιασαμένων
2874 4265 3256 4336 συντετάχθαι.
3294 4268 3403 4319 Καὶ
3445 4267 3753 4336 συνεπιψηο

2157 4349 2405 4416 φίςονται
2455 4355 2522 4423 τῇ
2557 4355 2679 4408 καθ’
2709 4356 2872 4426 ἡμῶν
2920 4360 3218 4424 τυραννίδι,
3253 4361 3353 4413 οὐκ
3391 4359 3509 4413 οἶδα
3557 4360 3608 4413 τί
3641 4375 3750 4412 πα·-

2157 4442 2342 4505 θόντες
2366 4461 2380 4476 ⁶
2409 4448 2470 4498 οὐ
2503 4447 2614 4519 γὰρ
2648 4448 2912 4519 βούλομαι
2937 4453 3113 4504 εἰπεῖν
3135 4455 3218 4506 ὅτι
3249 4455 3404 4508 αὐτοὶ
3439 4469 3752 4524 προτυραν-

464 4543 619 4586 turos
649 4535 716 4588 de
746 4533 910 4588 rebus
947 4550 1084 4604 quas
1122 4551 1406 4604 nunquam
1448 4537 1700 4592 evenisse
1732 4551 1911 4605 neque
1953 4550 2050 4589 ex-

2160 4533 2410 4604 νηθέντες
2443 4537 2548 4589 ὑπὸ
2576 4539 2675 4608 τῆς
2704 4539 2984 4612 κραταιᾶς
3027 4542 3121 4596 τοῦ
3155 4545 3361 4614 χρυσοῦ
3402 4547 3746 4617 τυραννίδος,

464 4625 670 4678 stitisse
716 4633 942 4692 norunt,
985 4627 1084 4682 sed
1135 4642 1259 4697 quae
1302 4627 1546 4682 nonnisi
1583 4642 1762 4698 pravae
1800 4640 2048 4697 auroque

463 4726 738 4786 corrupta:
766 4719 964 4773 tuentis
993 4727 1124 4773 sunt
1159 4719 1438 4789 figmenta.
1462 4717 1584 4773 Jam
1620 4733 1750 4773 vero
1778 4721 2050 4774 conceda-

465 4823 589 4862 iuus
617 4849 636 4874 ,
661 4810 802 4863 duos
830 4819 1012 4864 tresve
1039 4811 1185 4866 viros
1211 4811 1266 4864 in
1299 4827 1542 4866 errorem
1571 4811 1780 4874 induci,
1813 4812 1928 4867 sive
1955 4828 2048 4882 per

463 4900 662 4956 malam
693 4900 965 4970 fraudem,
997 4904 1114 4961 sive
1137 4919 1236 4972 per
1258 4905 1502 4975 linguam
1535 4907 1668 4961 nulli
1700 4908 1802 4978 legi
1827 4911 2046 4978 subjec-

465 5003 574 5046 tain
617 5009 871 5065 quaeque,
906 4997 977 5050 ob
1026 4999 1328 5066 potentiam
1371 5000 1456 5053 vel
1492 5000 1563 5055 ob
1609 5001 1768 5055 aliain
1798 5017 2045 5071 causam,

461 5083 648 5139 omnia
689 5085 794 5139 sibi
834 5087 999 5140 licere
1041 5087 1344 5156 opinatur:
1381 5089 1694 5144 universam
1727 5073 1910 5145 autem
1943 5091 2046 5145 [ﬂe-

461 5175 688 5229 clesiatn
773 5179 1128 5233 sermonibus
1198 5179 1490 5233 fallacibus
1541 5197 1640 5234 nec
1699 5184 1802 5236 nisi
1886 5185 2046 5236 vani-

462 5267 558 5325 tati
597 5267 760 5331 hujus
826 5270 1017 5324 mundi
1075 5270 1282 5325 innixis
1321 5273 1496 5340 decipi
1540 5289 1604 5328 ac
1664 5275 1841 5345 subigi
1873 5315 1886 5339 ,
1921 5278 2046 5343 qius

457 5377 619 5430 alque
653 5363 840 5420 annuo
868 5366 1076 5418 terret?
1109 5366 1244 5430 Quis
1274 5366 1437 5432 igitur
1474 5384 1713 5438 unquam
1749 5371 1908 5424 talem
1941 5384 2046 5422 au-

464 5454 597 5507 iiivit
620 5464 970 5519 sententiam,
998 5455 1214 5524 qualem
1253 5456 1524 5526 Romana,
1561 5469 1620 5515 ut
1663 5464 1838 5526 aiunt,
1866 5463 2048 5517 Eccle-

460 5544 564 5608 sia,
594 5546 855 5600 nimirum
889 5548 964 5601 ηιξ
1004 5551 1098 5619 qui
1136 5551 1608 5624 Constantinopoli
1641 5555 1800 5609 illam
1845 5572 2047 5625 reprae-

463 5645 679 5691 sentare
711 5639 962 5695 videntur
985 5682 999 5708 ,
1035 5640 1121 5697 bis
1143 5643 1338 5700 diebus
1364 5654 1560 5700 contra
1583 5661 1716 5712 nos,
1749 5648 1833 5702 vel
1862 5649 2046 5717 potius

462 5728 826 5797 ignominioso
878 5743 1071 5790 contra
1137 5738 1374 5807 scipsam
1443 5739 1608 5794 tulit?
1666 5739 1852 5810 Neque
1900 5757 2045 5812 wgre

463 5821 652 5879 feratis
676 5839 887 5895 eaquae
922 5829 1044 5884 dico
1080 5848 1093 5884 :
1158 5847 1505 5903 quaecunque
1542 5834 1688 5888 enim
1725 5835 1867 5891 haud
1901 5835 2041 5891 bona

2156 4627 2250 4680 καὶ
2279 4628 2340 4680 οὐ
2394 4628 2651 4684 τοσοῦτον
2684 4633 2870 4702 μόνον,
2918 4636 3056 4691 ἀλλὰ
3103 4640 3197 4690 καὶ
3241 4639 3346 4691 ὑπὸ
3391 4639 3498 4691 τῶν
3530 4639 3745 4710 ἐχθρῶν

2155 4721 2613 4788 συμφορήσαντες
2668 4725 2900 4792 ψεύδους
2959 4728 3055 4781 καὶ
3108 4730 3327 4799 ἀπάτης
3385 4730 3542 4801 δχλον
3605 4733 3746 4802 πρὶς

2153 4807 2298 4878 ὑμᾶς
2337 4811 2535 4882 ἥκουσι
2565 4817 2863 4888 κατήγοροι
2886 4822 3230 4890 πραγμάτων
3273 4822 3447 4889 ὄντες,
3481 4823 3515 4876 ἃ
3543 4823 3742 4894 ᾔδεσαν

2150 4901 2409 4969 ἀσφαλῶς
2448 4906 2588 4976 μήτε
2639 4911 2923 4977 γεγονότα,
2963 4913 3088 4982 μηδ’
3135 4915 3272 4977 ὅλως
3311 4915 3460 4979 ὄντα,
3514 4921 3650 4986 μόνα
3685 4917 3739 4970 δὲ

2152 4994 2566 5066 ἁναπλάοματα
2593 5004 2842 5071 πονηρᾶς
2870 5006 3120 5076 καρδίας,
3151 5007 3343 5081 καὶτῷ
3369 5011 3554 5082 χρυσῷ
3585 5012 3743 5082 ἐξην-

2151 5086 2610 5162 δραποδισμένης.
2641 5094 2803 5148 Ἀλλὰ
2831 5097 2988 5151 τοῦτο
3011 5101 3112 5169 μὲν
3138 5102 3266 5165 ἴσως
3290 5105 3526 5173 φορητὸν
3539 5104 3740 5175 ἄνδρας

2151 5178 2246 5232 δύο
2293 5179 2324 5248 ἢ
2372 5186 2465 5234 καί
2498 5187 2650 5254 τρεῖς
2684 5189 3050 5261 ἀπατηθῆναι,
3096 5195 3256 5264 τυχὸν
3305 5195 3404 5264 μὲν
3446 5198 3549 5250 ὑπὸ
3586 5199 3744 5267 λογο-

2151 5274 2334 5366 ποιίας
2378 5279 2646 5347 πονηρᾶς,
2686 5281 2791 5333 ὑπὸ
2844 5283 3102 5354 γλώσσης
3144 5289 3456 5358 αὐτονόμου
3502 5293 3602 5344 καὶ

2150 5365 2435 5438 δειλιώσης
2467 5372 2752 5441 πράττειν,
2791 5374 2889 5429 ἀπ’
2929 5377 3198 5444 ἐξουσίας,
3233 5381 3264 5451 ἢ
3313 5383 3417 5434 ὑπὸ
3454 5383 3622 5454 ἄλλης
3651 5365 3736 5438 τιέ

2151 5466 2239 5527 νος
2276 5467 2478 5530 αἰτίας.
2520 5469 2593 5522 Τὸ
2625 5471 2682 5522 δὲ
2712 5471 2840 5542 ὅλην
2874 5473 3209 5544 Ἐκκλησίαν
3253 5479 3563 5550 ὑπαχθῆναι
3599 5481 3738 5552 ψευο

2150 5561 2268 5611 δέσι
2298 5561 2501 5629 λόγοις,
2532 5563 2700 5633 μηδὲν
2728 5564 2918 5631 ἕτερον
2945 5569 3028 5630 εἰς
3057 5567 3318 5625 σύστασιν
3350 5574 3737 5644 κεκτημένοις,

2149 5648 2180 5717 ἣ
2213 5649 2312 5718 τὴν
2356 5652 2633 5720 κοσμικὴν
2665 5655 3027 5724 ματαιότητα,
3061 5659 3179 5722 πῶς
3219 5661 3284 5714 ἄν
3327 5679 3411 5727 τις
3444 5667 3541 5737 οὐχ
3571 5651 3765 5739 ὑπερ(

2148 5744 2485 5813 εκπλαγείη;
2522 5743 2614 5806 Τίς
2651 5740 2743 5797 οὖν
2797 5747 2933 5820 ἀκοὴ
2985 5754 3244 5827 τοιαύτην
3284 5760 3560 5829 παρέλαϐε
3613 5764 3736 5834 κρί-

2151 5854 2255 5903 σιν’,
2288 5838 2448 5892 ὁποία
2476 5839 2514 5907 -ἡ
2543 5836 2654 5892 τῶν
2705 5838 2995 5910 Ῥωμαίων
3027 5844 3325 5920 Ἐκκληςία
3363 5853 3434 5917 ὥς
3469 5871 3656 5923 φασιν,
3686 5858 3736 5909 οί
