4152 6444
430 365 538 429 εστ
1571 358 1883 421 NlCOL:\l
1923 358 2029 420 (ΞΡ.

2137 357 2587 419 \TRlAliCHtE
3604 346 3713 409 203

428 478 701 549 ejusmodi
733 474 1174 546 matrimonium,
1204 482 1265 528 ut
1298 473 1352 527 in
1384 479 1638 528 sanctum
1670 470 2022 526 Christiano-

2137 478 2272 526 lstbv
2306 470 2655 541 ίεράτευμα;
2686 468 2865 524 Ποίων
2893 462 3271 535 Εύαγγελίων,
3291 461 3452 525 ποίας
3478 459 3717 515 ἀποστο-

431 589 552 630 rum
582 581 809 637 coetum,
833 570 890 623 in
923 568 1129 639 regiam
1163 566 1538 621 haereditatem
1565 563 1839 620 inducas?
1871 561 2013 618 Num

2137 564 2280 635 ιικῆς
2327 561 2654 630 διατάξεως,
2697 559 2861 625 ιποίας
2910 556 2971 622 ἐξ
3040 556 3219 628 ἀρχῆς
3266 552 3362 624 ἀφ’
3396 545 3462 607 οῦ
3512 550 3576 604 τδ
3609 548 3722 604 τῶν

431 667 486 721 in
516 666 629 721 ullo
660 661 981 733 Evangelia,
1014 667 1107 714 aut
1134 658 1542 713 Constitutione
1575 655 1893 725 apostolica,
1923 663 2018 708 aut

434 758 731 815 traditione
756 754 939 825 qualis
973 752 1042 807 ab
1082 751 1241 807 initio
1291 749 1609 804 christiana:
1638 748 1916 819 religionis
1961 748 2016 802 in

437 850 680 907 Ecclesia
741 845 1124 903 auctoritatem
1193 840 1474 896 obtinuit?
1532 839 1760 909 Magnus
1812 838 2018 894 Paulus

436 944 514 999 ait
561 961 574 996 :
623 959 642 994 ι
679 936 1021 994 Honorabile
1074 933 1303 990 omnino
1353 933 1693 988 connubium
1745 939 1804 987 et
1863 941 2020 985 turus

439 1031 826 1103 impollutus‘.
859 1047 880 1081 ι
949 1025 1072 1082 Jam
1128 1025 1175 1080 si
1225 1034 1380 1079 tuum
1436 1023 1853 1077 matrimonium
1914 1025 2021 1076 tale

440 1141 547 1195 est,
583 1143 682 1182 cur
714 1125 855 1181 sacri
903 1115 1149 1177 c'anones
1193 1119 1264 1176 ab
1301 1117 1550 1174 Ecclesia
1588 1117 2018 1188 ejiciuntvillum

438 1222 531 1290 qui
569 1215 951 1289 hujuscemodi
993 1214 1169 1284 culpat
1219 1209 1560 1268 succubuit?
1606 1208 1665 1266 Si
1715 1210 1852 1265 illud
1895 1223 2024 1264 vere
2072 1262 2075 1265 λ

456 1323 542 1369 rst
606 1300 1043 1373 matrimonium,
1093 1320 1197 1361 nec
1247 1318 1478 1375 prorsus
1538 1302 1687 1359 aliud
1728 1302 1865 1374 Quid
1923 1317 2026 1358 cur

440 1404 601 1460 talem
634 1399 1085 1471 conjunctionem
1130 1397 1405 1452 luxuriam
1440 1394 1709 1449 brutalem
1749 1403 1806 1450 et
1849 1409 1877 1449 a
1927 1408 2026 1449 na-

443 1508 563 1551 tura
592 1497 829 1551 bumana
860 1491 1101 1549 alienam
1136 1487 1458 1561 appellant?
1485 1487 1643 1543 Alias
1670 1487 1818 1543 enim
1849 1486 1979 1542 illici
1998 1515 2026 1528 -

441 1601 528 1644 tus
570 1585 901 1643 concubitus
957 1599 1115 1639 mero
1162 1579 1558 1637 fornicationis
1613 1578 1837 1634 nomine
1884 1578 2027 1634 (tesi-

438 1691 659 1751 gnatur,
692 1679 783 1734 hic
814 1685 1000 1732 autem
1048 1673 1281 1731 affectus
1306 1671 1542 1729 brutalis
1579 1676 1636 1727 et
1659 1670 1803 1727 ﬁnes
1833 1671 2030 1727 buma-

442 1789 543 1831 nos
573 1784 965 1843 supergressus
994 1767 1220 1824 dicitur.

515 1865 622 1921 Sed
673 1863 941 1919 Romanis
976 1875 1085 1916 non
1130 1861 1203 1916 ita
1237 1859 1499 1916 ridetur:
1530 1872 1856 1915 concessum
1901 1872 2027 1912 esse

444 1957 594 2030 apud
637 1972 736 2012 eos
777 1954 1033 2011 traditur.
1084 1950 1226 2008 Sunt
1251 1952 1400 2008 enim
1430 1951 1527 2023 qui
1566 1951 1755 2007 dicant
1782 1948 2031 2017 (laudine

447 2055 501 2108 id
527 2052 704 2113 vobis,
734 2065 803 2105 an
833 2047 965 2104 vitio
996 2054 1295 2112 vertentes,
1330 2059 1442 2101 non
1469 2053 1555 2101 sat
1593 2043 1733 2115 scio)
1758 2042 1902 2113 apud
1932 2056 2030 2097 vos

444 2155 699 2218 quartam
727 2151 783 2200 et
805 2141 1057 2213 quintam
1096 2149 1152 2196 et
1187 2153 1351 2209 super
1382 2137 1527 2194 hanc
1560 2135 1728 2192 aliam
1762 2133 2027 2207 permitti,

446 2240 556 2293 imo
596 2245 811 2298 mortua
857 2242 1012 2289 sexta
1063 2230 1296 2287 muliere
1330 2229 1495 2285 aliam
1529 2236 1698 2299 atque
1725 2235 1848 2298 post
1888 2227 2031 2281 hanc

445 2331 609 2386 etiam
661 2329 825 2384 aliam
867 2328 993 2382 duci
1036 2339 1218 2396 posse,
1251 2325 1326 2380 ita
1367 2332 1430 2378 ut
1455 2322 1524 2378 ad
1561 2320 1799 2392 sepulcri
1843 2318 2030 2376 fauces

448 2423 778 2478 inexhausta
836 2419 930 2476 illa
985 2418 1369 2489 dispensatio,
1431 2417 1516 2470 vel
1562 2414 1754 2485 potius
1806 2413 2028 2468 luxuria

447 2514 592 2585 apud
650 2528 746 2568 ros
797 2511 1083 2583 procedat.
1148 2507 1319 2576 Cujus
1367 2504 1751 2562 abominandae
1798 2504 2033 2560 luxuriae

2048 1825 2099 1880 Β

2120 656 2471 728 Χριστιανῶν
2518 654 2678 725 γένος
2728 651 3063 723 ἐγνώρισται
3124 646 3479 719 παραδόσεως
3537 645 3596 696 ἐν
3652 645 3720 713 τῇ

2135 748 2434 821 Ἐκκλησία
2449 746 2711 818 τοιαύτης
2728 747 2995 817 φανείσης
3017 760 3032 810 ;
3055 742 3270 804 Παῦλος
3295 741 3323 793 ὁ
3343 740 3517 811 μέγας
3550 737 3711 807 φησί’

2129 859 2147 893 ι
2189 841 2386 913 Τίμιος
2417 844 2446 895 ὁ
2476 841 2657 913 γάμος
2688 840 2749 894 ἐν
2785 839 2947 904 πᾶσι,
2980 835 3078 891 καὶ⁹
3106 836 3141 906 ἡ
3178 835 3333 903 κοίτη
3371 831 3657 903 ἀμίαντος.
3686 847 3715 913 ι»

2125 933 2185 985 Ei
2213 907 2392 1004 γάμος
2418 907 2574 996 οὗτος
2603 931 2633 985 ὁ
2660 931 2750 994 σὸς
2782 930 2982 1002 γάμος,
3008 928 3062 982 τί
3091 929 3193 999 τῆς
3224 924 3556 995 Ἐκκλησίας
3577 907 3721 976 άπε-

2125 1025 2421 1080 ὶαύνουσιν
2456 1024 2596 1096 ἱεροὶ
2627 1026 2823 1095 θεσμοὶ
2844 1024 2937 1078 τὸν
2966 1025 3048 1086 είς
3067 1017 3314 1075 τοιοῦτον
3337 1034 3722 1089 παραπεπτω-

2127 1119 2261 1171 κότα
2299 1116 2721 1189 παρανόμημα;
2771 1116 2835 1169 Εί
2878 1115 3059 1185 γάμος
3108 1111 3172 1166 τδ
3213 1111 3473 1183 πρᾶγμα,
3515 1109 3613 1163 καὶ
3657 1107 3721 1160 ού

2125 1212 2321 1283 πόρρω
2361 1209 2463 1279 τῆς
2495 1207 2759 1281 τοιαύτης
2788 1207 3058 1280 κλήσεως,
3091 1207 3146 1262 τί
3186 1205 3464 1276 κτηνῶδες
3494 1201 3592 1258 καὶ
3622 1201 3722 1256 άλ-

2124 1303 2341 1375 λότριον
2369 1301 2590 1372 φύσεως
2619 1301 2972 1374 ἀνθρωπίνης
2995 1304 3095 1372 τὴν
3117 1300 3373 1370 τοιαύτην
3390 1298 3723 1369 ὀνομάζουσι

2130 1394 2315 1467 μίξιν;
2346 1393 2540 1449 Καίτοι
2564 1411 2631 1464 γε
2662 1396 2761 1464 τῆς
2779 1387 2950 1464 άλλης
2981 1394 3390 1466 ἐνεργουμένης
3430 1389 3721 1463 πορνείας,

2126 1487 2289 1542 τοῦτο
2326 1487 2462 1541 αύτδ
2498 1486 2760 1559 πορνείας
2791 1486 3229 1558 ὀνομαζομένης,
3257 1483 3374 1538 ἀλλ’
3403 1484 3464 1537 ού
3510 1479 3725 1554 κτηνὼ-

2128 1582 2252 1646 δους
2279 1581 2390 1635 οὐδ’
2419 1579 2775 1653 ἀνθρωπίνης
2805 1578 3024 1652 φύσεως
3060 1578 3346 1652 ἀλλοτρίου
3387 1577 3482 1632 τοῦ
3515 1576 3724 1643 πάθους

2128 1677 2437 1743 δοκοῦντος.

2216 1863 2380 1918 Ἀλλὰ
2428 1863 2725 1933 Ῥωμαίοις
2755 1864 2853 1935 οὐχ
2887 1863 3032 1917 οὕτω
3073 1862 3262 1918 δοκεῖ·
3298 1861 3725 1934 συγκεχώρηται

2133 1957 2266 2029 γὰρ,
2292 1955 2370 2021 ὥς
2400 1973 2557 2028 φησι,
2611 1957 2745 2029 παρ’
2774 1957 2984 2021 αὐτοῖς.
3015 1957 3129 2011 Καὶ
3169 1956 3280 2029 γὰρ
3306 1957 3463 2010 τοῦτό
3501 1958 3639 2010 εἰσιν
3673 1957 3726 2011 oi

2132 2050 2383 2119 λέγοντες
2416 2049 2541 2119 (οὐκ
2586 2043 2705 2103 οῖδα
2741 2045 3062 2119 βουλόμενοι
3108 2050 3278 2120 τιμᾷν
3319 2048 3463 2117 ὑμᾶς
3494 2046 3527 2118 ἢ
3563 2046 3725 2119 ὑϐρί-

2133 2142 2271 2215 ζειν)
2302 2142 2379 2206 ὡς
2424 2141 2488 2195 ού
2536 2140 2701 2212 μόνον
2743 2141 2981 2214 τετάρτη
3034 2140 3173 2196 ἀλλά
3221 2141 3315 2193 καὶ
3367 2140 3594 2211 πέμπτη
3627 2137 3729 2193 καὶ

2130 2234 2228 2287 ἐπὶ
2269 2231 2447 2306 ταύτῃ
2503 2230 2709 2303 έτέρα’
2758 2231 2849 2286 ναὶ
2888 2231 2954 2303 δὴ
3000 2231 3095 2287 καὶ
3132 2230 3231 2303 τῆς
3269 2231 3434 2302 ἕκτης
3462 2230 3555 2284 τδι
3606 2229 3729 2300 βίον

2132 2321 2540 2394 ἀπολιπούσης,
2574 2322 2712 2391 πρὸς
2745 2322 2906 2378 ἄλλον
2947 2321 3368 2394 συμπλέκεσθαι
3405 2323 3586 2392 γάμον
3614 2338 3732 2376 τοι-

2131 2414 2313 2480 οῦτον,
2351 2412 2449 2469 καὶ
2494 2413 2651 2478 αὖθις
2673 2414 2760 2467 ἐπ’
2787 2414 2973 2481 ἄλλον,
3000 2415 3097 2468 καὶ
3124 2412 3288 2485 μέχρι
3321 2413 3519 2483 τάφου,
3538 2412 3730 2467 πυλῶν

2130 2508 2163 2578 ἡ
2200 2507 2435 2576 ἄφθονος
2487 2508 2802 2580 οίκονομία,
2840 2508 3092 2581 κρεῖττον
3121 2506 3168 2561 δ’
3203 2508 3381 2561 εἰπεῖν
3414 2506 3516 2577 τῆς
3558 2504 3729 2559 ἀσελ-

447 2621 672 2662 causam
698 2605 762 2659 ad
787 2617 1046 2674 magnum
1067 2599 1343 2655 deducunt
1370 2598 1694 2670 Apostoium
1728 2596 1823 2668 qui
1849 2595 1988 2651 dixit
2012 2612 2026 2649 ε

452 2722 468 2754 ι
506 2699 693 2756 Satius
745 2708 829 2753 est
866 2697 1071 2752 nubere
1110 2710 1274 2766 quam
1326 2694 1413 2749 uri
1440 2695 1482 2748 ².
1528 2711 1546 2745 ι
1606 2689 1651 2747 0
1698 2691 1896 2746 miram
1938 2705 2033 2746 sa-

2131 2601 2290 2670 γεῐας
2319 2603 2352 2673 ἡ
2386 2601 2696 2673 φιλοτιμία,
2738 2602 3075 2673 προέρχεται
3106 2601 3239 2674 παρ’
3287 2601 3443 2673 ύμῖν.
3475 2600 3589 2655 Καὶ
3625 2603 3729 2673 τῆς

2136 2693 2402 2766 βδελυροῖς
2433 2697 2642 2765 ταύτης
2673 2695 2992 2769 φιλοτιμίας
3020 2696 3081 2750 τὸ
3108 2698 3283 2750 αίτιον
3309 2698 3390 2760 είς
3424 2697 3520 2751 τὶν
3548 2695 3732 2768 μέγαν

447 2791 702 2864 pientiam
756 2790 975 2846 illorum
1027 2789 1123 2859 qui
1178 2788 1255 2842 ita
1312 2785 1415 2842 ista
1467 2785 1636 2842 verba
1685 2782 2027 2853 intelligunt!

2147 2787 2474 2841 Ἀπόστολον
2502 2787 2878 2859 ἀναφέρουσιν
2905 2787 3138 2840 εἰπόντα
3169 2792 3425 2858 κρεῖσσον
3447 2785 3729 2857 γαμῆσαι,

445 2888 619 2955 Quam
653 2883 793 2940 belle
824 2889 1065 2938 tuentem
1097 2879 1390 2936 Paulinam
1423 2875 1762 2949 perscrutari
1788 2875 2032 2930 callent?

2137 2881 2168 2954 ῆ
2207 2881 2535 2952 πυροῦσθαι.
2567 2882 2726 2954 Καλὴ
2776 2882 2902 2952 γεή
2938 2880 3103 2953 σοφία
3144 2880 3252 2934 τῶν
3299 2881 3476 2945 οὓτως
3520 2882 3732 2952 ἐκλαμ-

447 2977 721 3033 Nimirum
771 2976 1044 3032 universa:
1111 2981 1273 3028 teme
1322 2970 1515 3026 doctor
1561 2969 1792 3024 omnino
1847 2965 2032 3022 carnis

2137 2972 2454 3046 ὄανομένων
2489 2972 2550 3026 τὸ
2602 2972 2807 3042 λόγιον,
2839 2972 2984 3026 πάνυ
3040 2972 3317 3042 εὐστόχως
3357 2970 3457 3041 τῆς
3511 2968 3733 3026 Παύλου

448 3068 732 3141 cupiditati
786 3064 1239 3123 satisfaciendum
1294 3078 1421 3119 esse
1476 3062 1674 3127 docet,
1722 3059 1861 3115 dum
1909 3058 2027 3113 ait:

2137 3064 2486 3137 ἐφικνοῦνται
2521 3065 2785 3129 διανοίας.
2821 3064 2994 3118 Τοῦτο
3025 3064 3310 3135 νομοθετεῖ
3356 3066 3385 3117 ό
3413 3061 3732 3133 τῆςοίκου-

454 3162 680 3218 'l'rattsit
727 3159 952 3217 habitus
1007 3157 1173 3229 hujus
1229 3156 1467 3222 mundi,
1547 3162 1615 3210 ut
1672 3152 1768 3223 qui
1831 3163 2032 3206 uxores

2141 3158 2312 3231 μένης
2341 3156 2666 3222 διδάσκαλος
2689 3157 2750 3212 τὸ
2781 3157 2870 3212 διά
2908 3157 3110 3222 παντὸς
3156 3154 3476 3228 χαρίζεσθαι
3508 3159 3573 3228 τῇ
3611 3158 3733 3208 ἐπι-

453 3256 656 3311 habent
683 3254 797 3311 sint
837 3252 987 3309 velut
1027 3251 1124 3323 qui
1170 3266 1281 3306 non
1310 3249 1537 3313 habent,
1570 3258 1873 3317 omnesque
1906 3244 2033 3299 volo

2138 3253 2313 3324 θυμία
2342 3252 2442 3323 τῆς
2475 3253 2698 3323 σαρκὸς,
2726 3250 2753 3305 ὃ
2782 3251 2981 3320 λέγων,
3012 3249 3265 3323 Παράγει
3302 3251 3364 3304 τὸ
3406 3249 3597 3321 σχῆμα
3631 3249 3727 3303 τοῦ

453 3362 576 3405 ιεεε
622 3346 700 3401 uti
734 3359 841 3401 me.
873 3342 1029 3412 Quod
1063 3352 1245 3399 autem
1272 3359 1345 3399 ne
1382 3341 1453 3397 ad
1498 3340 1776 3398 secundas
1812 3340 2033 3411 quidem

2137 3347 2348 3417 κῦσμου
2383 3344 2604 3412 τούτου,
2643 3344 2733 3398 ἴνα
2777 3344 2874 3399 καὶ
2904 3343 2953 3397 oi
3002 3343 3223 3415 ἔχοντες
3273 3345 3542 3413 γυναῖκας
3595 3336 3731 3396 ὦσιν

455 3436 676 3511 nuptias
711 3435 1004 3493 convolare
1039 3433 1310 3505 permittit
1339 3432 1512 3500 viris,
1534 3433 1661 3500 haec
1695 3434 1824 3503 ejus
1864 3432 2033 3488 verba

2137 3440 2213 3503 ὡς
2248 3438 2324 3510 μὴ
2348 3438 2589 3512 ἔχοντες,
2625 3439 2724 3493 καὶ
2754 3437 2894 3493 θέλω
2921 3437 3129 3504 πάντας
3154 3433 3296 3493 εἷναι
3330 3439 3406 3502 ὡς
3436 3439 3531 3493 καὶ
3555 3440 3733 3510 ἐμαυ-

448 3533 869 3588 demonstrant:
903 3547 921 3581 ι
960 3527 1090 3584 Dico
1153 3524 1339 3582 autem
1381 3525 1630 3596 innuptis
1694 3535 1753 3583 et
1811 3526 2033 3593 viduis,

2139 3530 2252 3583 τόν.
2284 3531 2400 3583 Καὶ
2432 3530 2509 3602 μὴ
2553 3529 2600 3584 δ’
2640 3528 2735 3583 ἐπὶ
2786 3527 3044 3600 δεύτερον
3090 3530 3271 3602 γάμον
3306 3528 3594 3585 συνελθεῖν
3630 3531 3733 3584 ἀν·

450 3629 657 3682 bonum
688 3638 810 3681 esse
843 3624 951 3679 illis
977 3622 1059 3679 sic
1088 3636 1415 3694 permanere
1446 3640 1459 3676 :
1490 3620 1641 3694 quod
1673 3621 1723 3677 si
1749 3622 2034 3678 continere

2139 3622 2305 3691 δράσι
2337 3623 2622 3696 συγχωρεῖ
2667 3619 2745 3692 τῷ
2776 3621 2965 3692 φάναι,
3002 3641 3020 3674 ι
3054 3622 3214 3690 Λέγω
3252 3621 3307 3675 δὲ
3347 3623 3461 3687 τοῖς
3489 3624 3732 3694 ἀγάμοις

452 3726 766 3790 nequeunt,
822 3715 1113 3782 nubant’;
1156 3733 1177 3766 ι
1243 3713 1424 3771 viduis
1478 3713 1701 3785 quidem
1766 3714 2034 3785 permittit

2142 3717 2239 3769 καὶ
2274 3719 2397 3779 ταῖς
2441 3717 2664 3787 χήραις,
2696 3714 2860 3770 καλὸν
2899 3717 2996 3770 ἐὰν
3039 3715 3301 3787 μείνωσιν
3348 3716 3523 3781 οὕτως
3545 3733 3560 3748 '
3592 3719 3645 3770 εί
3673 3716 3733 3770 δε

451 3810 759 3867 secundum
814 3806 1157 3864 conuuhium
1212 3806 1285 3863 ob
1344 3820 1518 3861 sexus
1579 3805 2034 3873 imbecillitatem,

2138 3810 2241 3863 οὐκ
2289 3808 2746 3881 ἐγκρατεύονται,
2801 3812 3257 3882 γαμησάτωσαν·
3294 3828 3312 3861 t
3361 3810 3581 3879 γυναιξὶ
3625 3811 3732 3881 μὲν

450 3904 582 3960 viris
611 3912 798 3959 autem
831 3901 1014 3957 viduis
1065 3899 1221 3954 nullo
1270 3898 1458 3966 modo,
1503 3905 1561 3954 et
1611 3896 1832 3954 nonnisi
1860 3896 1930 3953 de
1967 3897 2034 3953 iis

2142 3903 2514 3977 χηρευούσαις
2547 3903 2863 3977 ἐπιτρέπων
2904 3904 3166 3974 δευτέραν
3213 3904 3510 3974 συνάφειαν
3539 3902 3628 3957 διά
3671 3905 3732 3956 τὸ

297 4059 311 4081 ι
408 4042 409 4047 η
453 3995 549 4066 qui
583 3993 924 4050 matrimonii
959 3992 1150 4064 jugum
1210 3991 1456 4047 nondum
1487 3999 1613 4048 sunt
1653 3990 1887 4061 experti,
1923 4004 2034 4047 me-

2141 3999 2397 4066 άσθενές,
2424 3996 2654 4068 ἀνδράσι
2684 3996 2741 4052 δὲ
2787 3997 3030 4068 οὐδαμοῦ
3062 3998 3413 4069 χηρεύουσιν,
3442 3997 3580 4052 ἀλλά
3617 4000 3734 4063 τοῖς

455 4089 561 4144 tius
598 4086 676 4141 ait
709 4100 835 4142 esse
865 4085 1078 4141 nubere
1106 4099 1273 4154 quam
1305 4085 1414 4139 uri.

2142 4089 2298 4144 οῦπω
2333 4090 2633 4160 συναφείας
2665 4091 2994 4160 άφιγμένςις
3026 4091 3165 4161 πρὸς
3213 4091 3431 4161 πεῖραν,
3474 4092 3731 4162 κρεῖσσον

2145 4184 2399 4254 γαμῆσαι
2430 4183 2463 4255 ἢ
2492 4182 2825 4254 πυροῦσθαι.

518 4275 584 4330 Si
615 4275 779 4344 igitur
795 4270 1119 4342 coniunctio
1141 4285 1266 4326 cum
1296 4281 1492 4342 quarta
1516 4287 1686 4328 uxore
1718 4281 1807 4328 est
1842 4269 2034 4326 matri-

2216 4276 2280 4329 Ei
2329 4276 2430 4346 μὲν
2486 4275 2579 4330 οῦν
2629 4277 2808 4347 γάμος
2858 4277 2892 4349 ή
2938 4277 3176 4347 τετάρτη
3230 4277 3392 4348 γυνὴ,
3444 4275 3560 4330 ἀλλ’
3607 4277 3735 4350 ούχὶ

455 4369 725 4432 monium,
761 4384 862 4422 nec
908 4365 1098 4437 potius
1145 4364 1456 4432 fornicatio,
1498 4381 1622 4421 cum
1668 4374 1853 4421 tamen
1882 4367 2034 4435 pejus

2146 4370 2395 4440 πορνεία,
2443 4370 2647 4440 μᾶλλον
2688 4370 2745 4423 δέ
2792 4370 3054 4441 πορνείας
3104 4369 3268 4423 πλέον
3316 4371 3408 4424 καί
3446 4370 3732 4439 ἀσέλγεια.

454 4464 588 4533 quid
645 4462 718 4517 sit
752 4475 918 4528 quant
985 4461 1076 4515 illa
1143 4460 1408 4516 nimirum
1451 4459 1695 4526 luxuria,
1732 4461 1811 4515 uti
1855 4460 2034 4515 divina

2149 4461 2340 4525 καθὼς
2377 4462 2529 4515 δοκεί
2571 4460 2649 4530 τῷ
2698 4459 2961 4534 θειοτάτῳ
2999 4462 3304 4533 Κλήμεντι,
3330 4463 3597 4534 ἐπίτρεπε
3638 4463 3736 4517 καὶ

453 4555 719 4611 Clenneuti
754 4554 988 4615 videtur,
1022 4553 1275 4623 permitte
1316 4553 1481 4608 etiam
1506 4552 1861 4608 concubitum
1895 4570 1909 4607 :
1937 4552 2034 4608 hoc

2148 4556 2248 4625 τὴν
2281 4552 2554 4620 σύζευξιν.
2590 4553 2652 4606 Εἰ
2691 4552 2748 4606 δέ
2775 4554 2960 4618 τοῦτο,
2990 4551 3095 4606 ποῦ
3125 4553 3311 4625 χώραν
3349 4555 3462 4626 ἐχει
3494 4555 3734 4611 ἐνταῦθα

455 4657 636 4703 autem
671 4646 958 4717 permisso,
979 4646 1070 4699 ubi
1099 4645 1318 4700 habebit
1338 4645 1664 4700 locumillttd
1698 4660 1713 4699 :
1744 4642 1937 4703 Melius
1966 4660 2034 4702 esu

2146 4646 2210 4703 τδ
2260 4646 2530 4717 Κρείσσον
2584 4646 2839 4717 γαμῆσαι
2882 4646 2915 4719 ἢ
2965 4647 3312 4718 πυροῦσθαις
3348 4650 3459 4703 Καὶ
3499 4647 3734 4703 ἄκουσον

455 4741 664 4796 nubere
718 4755 883 4811 quam
935 4737 1065 4793 uri?
1107 4736 1233 4793 Jant
1269 4751 1402 4791 vero
1454 4735 1729 4807 audiqum
1790 4737 2034 4794 Clemens

2146 4736 2236 4796 οἷά
2267 4758 2400 4813 φησι
2433 4741 2669 4814 Κλήμης
2710 4741 2738 4794 ὁ
2769 4740 2864 4795 τοῦ
2895 4743 3202 4813 κορυφαίου
3236 4744 3448 4814 Πέτρου
3478 4742 3735 4816 μαθητὴς

457 4834 612 4900 dicit,
631 4829 1078 4889 excellentissimi
1101 4828 1243 4883 Petri
1263 4828 1573 4899 discipulus
1596 4836 1651 4884 et
1670 4831 1911 4898 auditor,
1937 4844 2047 4886 non

456 4924 685 4981 inferior
737 4925 863 4995 quis
907 4931 1005 4977 aut
1039 4920 1136 4991 qui
1185 4922 1347 4992 longo
1402 4930 1522 4991 post
1560 4921 1713 4975 illum
1759 4920 2045 4976 intervallo

457 5021 598 5073 inter
630 5015 880 5071 homines
918 5022 1280 5069 conversatus
1307 5013 1377 5068 sit
1406 5030 1421 5069 :
1462 5011 1807 5084 Monogamia
1832 5023 2043 5068 natura:

455 5128 520 5167 uc
550 5110 656 5182 legi
720 5116 1091 5164 consentanea
1144 5115 1251 5171 est,
1306 5105 1579 5177 siquidem
1634 5107 1820 5160 divino
1851 5106 2044 5160 nititur

456 5204 736 5267 mandato,
768 5201 1014 5273 ldigatnia
1078 5215 1209 5256 vero
1255 5209 1378 5270 post
1427 5199 1853 5268 promissionem
1903 5199 2049 5268 illegi

453 5298 615 5366 tium,
650 5309 762 5350 non
794 5295 867 5349 ob
895 5292 1373 5363 coniunctionem,
1410 5294 1507 5347 sed
1537 5296 1611 5347 ob
1654 5291 2001 5346 mendacium
2034 5305 2050 5357 ;

455 5390 709 5462 trigemia
745 5384 1189 5458 intemperantia
1220 5382 1523 5447 indicium;
1556 5399 1680 5454 quae
1716 5394 1902 5440 autem
1949 5385 2049 5440 tri-

454 5484 691 5555 gamiatn
744 5480 1001 5544 excedit,
1036 5486 1237 5549 aperta
1282 5474 1577 5531 iornicatio
1623 5484 1708 5532 est
1748 5476 2051 5533 etinduhia

458 5573 885 5640 incontinentia;
908 5582 966 5627 tu
1000 5586 1127 5627 vero
1165 5584 1288 5624 eam
1321 5568 1656 5624 matrimonii
1687 5569 1911 5624 nomine
1951 5571 2053 5625 ho-

459 5664 660 5722 nores?
702 5664 968 5722 Ecclesiae
1014 5663 1226 5720 lumina
1278 5678 1512 5734 quorum
1575 5664 1666 5717 lux
1690 5674 1755 5718 et
1802 5664 2053 5720 doctrina

537 5818 742 5877 ‘iiebr.
776 5837 897 5887 xm,
925 5821 977 5876 ί.
1056 5820 1218 5876 ‘Cor.
1261 5835 1356 5888 νιι,
1394 5819 1448 5876 9.
1527 5817 1555 5886 '_
1576 5819 1706 5876 ibid.

2147 4834 2244 4887 καὶ
2295 4835 2588 4906 αὐτήκοος,
2638 4833 2757 4887 ἀλλ’
2805 4833 2930 4906 ούχὶ
2978 4835 3088 4889 τῶν
3133 4839 3433 4907 κατωτέρω
3482 4852 3587 4900 τις,
3635 4835 3736 4889 καὶ

2156 4926 2376 4997 μακρὰν
2402 4927 2504 4997 τῆς
2527 4927 2739 4981 ἐκείνου
2777 4929 2899 4999 μετ’
2941 4927 3251 4999 ἀνθρώπων
3293 4929 3479 5000 βιοτῆς
3508 4928 3737 4983 διεστώ-

2152 5032 2297 5071 των*
2334 5018 2660 5090 Μονογαμία
2706 5017 2807 5089 μὲν
2846 5018 2991 5073 κατά
3022 5023 3189 5089 νόμον
3224 5019 3488 5088 γινομένη
3525 5018 3711 5073 δικαία
3723 5057 3739 5084 ,

2153 5107 2231 5172 ὡς
2264 5108 2332 5163 ἂν
2357 5109 2501 5163 κατὰ
2547 5109 2777 5181 γνώμην
2824 5109 3151 5181 ὑπάρχουσα
3205 5110 3339 5163 Θεοῦ
3362 5125 3376 5138 ·
3417 5109 3648 5182 διγαμία
3678 5111 3738 5165 δὲ

2159 5198 2297 5267 μετὰ
2323 5199 2662 5266 ἐπαγγελίαν
2692 5199 3035 5270 παράνομος,
3065 5202 3128 5254 οὐ
3165 5201 3256 5255 διά
3282 5200 3383 5271 τὴν
3415 5202 3740 5269 συνάφειαν,

2154 5291 2288 5345 ἀλλὰ
2320 5291 2408 5345 διά
2435 5294 2497 5345 τὸ
2516 5290 2741 5361 ψεῦδος·
2775 5293 3046 5365 τριγαμία
3069 5293 3125 5347 δὲ
3155 5294 3430 5365 ἀκρασίας
3469 5295 3701 5364 σημεῖον
3729 5310 3743 5324 ·

2150 5387 2212 5439 τὸ
2244 5385 2302 5440 δὲ
2342 5387 2484 5456 ὑπὲρ
2530 5387 2629 5455 τὴν
2674 5388 3001 5458 τριγαμίαν,
3038 5390 3328 5460 προφανὴς
3363 5389 3596 5460 πορνεία
3639 5389 3738 5442 καὶ

2154 5480 2416 5549 ἀσέλγεια
2441 5479 2816 5551 άναμφίῦολος
2842 5495 2857 5512 ⁸
2900 5483 2996 5535 καὶ
3026 5481 3091 5534 σὺ
3121 5481 3199 5553 τῷ
3229 5481 3324 5536 τοῦ
3357 5487 3540 5554 γάμου
3572 5486 3740 5556 τιμᾷς

2156 5574 2552 5645 προσρήματι;
2619 5573 2759 5626 Ἀλλ’
2780 5575 2829 5627 οί
2877 5572 2977 5642 τῆς
3030 5573 3361 5644 Ἐκκλησίας
3414 5574 3742 5647 φωστῆρες,

2153 5660 2229 5721 ὧν
2264 5668 2326 5720 τὸ
2370 5666 2488 5736 φῶς
2516 5666 2617 5739 τῆς
2653 5666 3010 5732 διδασκαλίας
3058 5669 3152 5722 καὶ
3201 5668 3314 5724 τῶν
3365 5671 3616 5743 πράξεων
3661 5673 3743 5737 είς
