4152 6402
414 325 515 388 211
1549 319 1862 380 NlCOLAI
1900 321 2007 379 CP.
2050 317 2566 378 PATRIARCHE
3568 317 3678 383 5212

414 457 523 499 tur.
567 435 821 493 l‘roveliit
872 435 1015 491 Deus
1067 435 1304 504 aliquem
1359 434 1424 489 ad
1482 435 1887 503 magistratum,
1927 434 1990 486 ad

2113 433 2554 504 ἰναστελλόμενοι
2618 433 2718 500 τῆς
2788 435 3034 503 πονηρᾶς
3101 435 3513 504 προαιρέσεως,
3577 438 3676 490 καὶ

415 535 664 601 regnum,
696 528 759 582 ad
789 526 1112 596 dignitatem
1145 526 1599 594 qualemcunque,
1627 541 1733 580 non
1758 535 1838 588 ut,
1866 525 1993 592 quia

2113 525 2325 589 hours;
2359 526 2496 595 μετὰ
2529 525 2622 578 τοῦ
2656 526 2936 596 βελτίονος·
2971 528 3232 592 γένοιντο.
3284 529 3506 598 ’Λνάγει
3541 529 3680 591 Θεὸς

415 625 782 696 magis-qnam
813 621 999 675 αιτιοι-ἰ
1047 635 1075 673 a
1123 619 1234 673 Deo
1269 619 1571 672 honoratus
1614 627 1716 680 est,
1751 618 1991 686 seipsum

2113 619 2176 679 εἰς
2211 616 2406 688 ἀρχὴν,
2442 618 2622 671 είτουν
2671 617 2753 680 εἰς
2800 616 3083 687 βασιλείαν
3117 618 3150 688 ἢ
3188 617 3406 688 ἑτέραν,
3441 620 3540 690 οὐχ
3584 621 3677 674 ἵνα

411 729 464 771 et
493 733 618 772 eum
657 717 748 785 qui
786 717 1050 770 honorem
1095 712 1347 776 contulit,
1384 711 1586 780 probro
1621 725 1683 763 ac
1725 709 1995 765 dedecore

413 809 635 873 afliciat,
669 817 764 862 aut
789 808 1034 861 divinum
1062 805 1130 859 de
1159 806 1277 874 ipso
1301 803 1570 871 judicium
1603 802 1759 872 quasi
1784 785 1991 855 'l'alsum

413 916 816 969 erroneumque
855 898 1124 961 ostendat,
1152 896 1246 951 sed
1282 905 1337 949 ut
1365 895 1570 948 virtute
1601 910 1698 950 sua
1733 903 1994 964 appareat

415 993 611 1060 dignus
640 989 907 1046 sententia
939 988 1144 1050 divina,
1171 995 1225 1041 et
1252 986 1379 1040 dum
1404 984 1495 1039 Dei
1515 985 1739 1055 gloriam
1774 973 1992 1054 prome.

417 1084 645 1138 vendam
668 1089 842 1143 curat,
871 1080 970 1133 sibi
1000 1093 1218 1148 quoque
1245 1078 1460 1132 laudem
1489 1077 1757 1147 acquirat.
1787 1077 1844 1130 Si
1865 1092 1992 1131 vero

417 1175 540 1243 quis
567 1174 820 1244 quoniam
851 1189 878 1225 a
917 1171 1023 1226 Deo
1053 1171 1316 1240 majorem
1345 1171 1570 1240 adeptus
1598 1179 1678 1224 est
1705 1170 1994 1236 honorem,

417 1267 537 1320 ideo
569 1264 740 1334 magis
781 1263 889 1318 sibi
929 1263 1092 1317 licere
1125 1270 1282 1332 putat
1328 1261 1639 1316 divinarum
1674 1259 1852 1330 legum
1893 1259 1992 1312 lio-

417 1371 602 1412 norem
633 1365 1008 1420 contemnere,
1035 1355 1259 1410 nesciu-s
1286 1353 1352 1408 ad
1375 1354 1658 1408 brutorum
1705 1367 1800 1422 per
1830 1353 1995 1408 satic-

416 1459 578 1504 tatem
615 1447 1015 1503 lascivientium
1070 1446 1487 1502 similitudinem
1532 1445 1828 1501 delabitur.
1862 1444 1995 1498 Pra-

416 1555 540 1592 uum
575 1541 739 1608 igFtur
767 1539 1004 1607 opinari,
1038 1539 1434 1608 pravissim-Im
1449 1553 1578 1592 vero
1600 1537 1784 1593 dicere
1812 1555 1826 1590 :
1852 1535 1992 1603 Quia

415 1647 529 1698 rex,
554 1631 678 1684 ideo
696 1631 915 1685 licentia
937 1632 1137 1700 gaudet
1157 1630 1438 1700 peccandi,
1460 1630 1712 1699 quamvis
1734 1630 1839 1686 hoc
1859 1629 1991 1686 sub-

414 1726 652 1778 ditorum
689 1723 896 1779 nemini
925 1725 1276 1778 concedatur.
1304 1722 1562 1778 Potentes
1591 1731 1843 1792 potenter
1864 1737 1996 1776 exa-

2095 710 2230 762 διότι
2259 709 2420 762 πλέον
2447 709 2554 762 τῶν
2583 709 2762 762 ἄλλων
2789 707 3108 774 δεδόξασται
3136 708 3290 776 παρὰ
3320 708 3478 774 Θεοῦ,
3509 711 3675 773 αὐτὸς

2097 802 2356 871 ἀτιμάζοι
2383 801 2577 854 ἑαυτόν
2605 818 2662 854 τε
2695 800 2793 855 καὶ
2835 800 2926 854 τδν
2972 800 3298 868 δοξάσαντα,
3322 801 3434 853 οὐδ’
3461 801 3550 854 ἵνα
3575 803 3681 869 τὴν

2098 894 2250 946 θείαν
2285 894 2468 964 κρίσιν
2517 893 2708 964 ὥσπερ
2758 892 3112 963 ὲσφαλμένην
3158 892 3246 962 ἐφ’
3294 892 3480 962 ἑαυτῷ
3504 893 3678 965 δείξῃ,

2095 985 2212 1038 ἀλλ’
2263 984 2354 1037 ἵνα
2418 984 2487 1038 δι’
2536 985 2746 1048 οἰκείας
2801 985 3002 1056 ἀρετῆς
3049 984 3200 1048 ἄξιος
3260 984 3400 1054 ὀφθῇ
3442 983 3538 1036 καὶ
3577 985 3684 1053 τῆς

2099 1077 2286 1148 θεῖκῆς
2337 1077 2595 1149 κρίσεως,
2631 1078 2727 1131 καὶ
2775 1077 3096 1143 δοξάζεσθαι
3153 1077 3254 1148 μὲν
3298 1077 3430 1130 Θεὸν
3492 1094 3677 1147 παρα-

2097 1169 2364 1241 σκευάσῃ,
2380 1169 2702 1240 προσθήκην
2733 1168 2796 1222 δὲ
2811 1169 2970 1238 δόξης
2993 1170 3086 1224 καὶ
3109 1168 3288 1238 ἐαυτῷ
3312 1173 3685 1239 περιποιήση-

2093 1283 2207 1320 ται.
2239 1266 2300 1318 Εἰ
2331 1265 2388 1318 δέ
2414 1281 2500 1327 τις
2535 1264 2671 1318 διότι
2703 1265 2867 1318 πλέον
2899 1263 3086 1334 εἴληχε
3122 1262 3277 1332 παρὰ
3321 1261 3456 1314 Θεοῦ
3486 1261 3684 1330 τιμῆς,

2095 1360 2186 1412 διὰ
2212 1358 2372 1412 τοῦτο
2408 1357 2614 1429 μᾶλλον
2653 1356 2824 1409 οἴεται
2851 1355 2918 1409 τὸ
2967 1355 3169 1422 ἐξεῖναι
3205 1354 3356 1425 αὑτῷ
3386 1353 3484 1424 τῆς
3514 1354 3684 1424 τιμῆς

2094 1454 2206 1506 τῶν
2243 1451 2406 1506 θείων
2431 1451 2615 1522 νόμων
2644 1451 3034 1519 καταφρονεῖν,
3068 1448 3295 1518 λέληθεν
3340 1447 3533 1502 ἑαυτὸν
3572 1464 3684 1499 πα·-

2099 1546 2400 1615 ραπλήσιος
2419 1542 2494 1596 ὢν
2511 1543 2626 1606 τοῖς
2642 1542 2728 1597 διὰ
2751 1540 2914 1611 κόρον
2931 1538 3215 1611 ὑϐρίζουσι
3231 1543 3474 1612 κτήνεσι.
3499 1540 3688 1594 Κακδν

2097 1637 2188 1691 οὖν
2217 1637 2394 1706 δόγμα
2425 1636 2520 1689 καί
2557 1635 2848 1703 πάγκακον
2892 1633 2955 1686 τὸ
2986 1633 3190 1701 λέγειν,
3219 1633 3358 1688 διότι
3401 1633 3684 1703 βασιλεὺς,

2100 1728 2523 1800 συγκεχώρηται
2565 1727 2923 1798 ἁμαρτάνειν,
2955 1726 2990 1780 ὃ.
3012 1726 3086 1799 μὴ
3130 1729 3246 1790 τοῖς
3277 1726 3380 1780 ὑπὸ
3408 1727 3568 1798 χεῖρά
3596 1744 3688 1790 τις

414 1817 792 1881 iiiiiiabuniur,
849 1815 1180 1885 sapientium
1233 1815 1434 1884 aliquis
1469 1790 1624 1869 dixit.
1681 1815 1740 1869 Si
1771 1815 1873 1868 hoc
1925 1813 1998 1868 ita

2113 1790 2502 1890 συγχωρήσειε.
2553 1790 2779 1872 Δυνατοί
2831 1790 3086 1882 δυνατιῦς.
3129 1790 3554 1889 ἐτασθήσονται,
3593 1820 3687 1871 λέο

413 1916 520 1968 est,
550 1907 643 1960 ubi
683 1906 863 1962 locum
903 1905 1122 1960 habebit
1151 1915 1330 1960 vestra
1362 1905 1740 1976 indulgentia?
1774 1905 1864 1962 Vel
1899 1905 2003 1959 mi-

416 1999 494 2050 liti
531 1998 782 2068 gregario
815 2012 881 2052 ac
909 1997 1037 2052 duci
1063 1997 1158 2066 qui
1191 1998 1246 2051 in
1280 2011 1386 2051 una
1417 1998 1722 2068 eademque
1757 2012 1817 2052 re
1845 1997 1999 2053 defe-

415 2101 634 2154 cerunt,
672 2105 778 2144 non
830 2091 1022 2144 eadem
1068 2089 1175 2144 erit
1205 2104 1385 2159 poena,
1451 2089 1546 2145 sed
1615 2089 1730 2144 dux
1778 2089 2006 2159 quidem

417 2183 720 2237 secundum
758 2183 912 2237 illum
945 2197 1107 2252 quem
1145 2181 1382 2235 obtinuit
1415 2181 1685 2244 ordinem,
1722 2181 1880 2236 utiles
1907 2195 2006 2236 au-

419 2285 528 2327 teut
551 2274 798 2329 infcriori
825 2275 989 2328 statui
1017 2274 1408 2328 convenienter
1432 2273 1773 2329 multabitur.
1801 2273 2006 2329 Eodem

418 2368 585 2421 modo
614 2367 736 2421 calo
770 2377 824 2420 et
861 2369 1230 2436 gubernator,
1274 2375 1462 2436 atque,
1489 2367 1534 2422 si
1566 2367 1672 2432 vis,
1719 2383 1910 2422 seruus
1941 2383 2004 2422 ac

417 2457 698 2520 dominus;
738 2459 989 2529 quamvis
1020 2459 1078 2512 in
1105 2459 1297 2514 eodem
1329 2458 1642 2529 deliquerit,
1678 2473 1788 2514 net)
1827 2459 2004 2516 eidem

419 2549 759 2604 accusationi
785 2557 838 2604 et
865 2550 1305 2604 condemnatinni
1324 2551 1553 2608 obnoxii
1573 2559 1773 2619 erunt;
1799 2551 1900 2606 sed
1917 2552 1972 2606 di
1986 2580 2004 2593 -

418 2645 647 2715 gnitatis
680 2643 819 2699 ratio
850 2643 1163 2700 habebitur.

488 2933 558 2987 At
589 2931 1052 3002 dispensationem
1089 2931 1142 2985 in
1175 2931 1279 2985 hoc
1307 2928 1592 2999 Romanus
1624 2928 1830 2999 praesul
1879 2942 2007 2982 san-

418 3028 567 3092 civit,
607 3041 705 3080 nec
737 3026 820 3080 fus
877 3033 963 3080 est
996 3024 1092 3078 tali
1141 3021 1539 3093 dispensationi
1581 3021 1869 3092 refragari,
1911 3020 2004 3075 sed

2103 1932 2188 1984 γει
2245 1931 2348 1966 που
2395 1912 2502 1966 τῶν
2542 1913 2840 1982 σωφρόνων
2869 1915 2900 1965 ό.
2924 1912 3082 1981 λόγος
3108 1927 3123 1943 ο
3161 1915 3208 1964 εἰ
3241 1911 3298 1965 δὲ
3348 1913 3531 1977 τοῦτο,
3574 1913 3684 1967 ποῦ

2102 2008 2288 2079 χώραν
2339 2006 2452 2074 ἔξει
2510 2007 2570 2058 τὸ
2625 2004 2892 2078 ὑμέτερον
2947 2003 3322 2073 mutuoque;
3387 2005 3534 2074 Ἐγὼ
3585 2007 3685 2060 καὶ

2106 2097 2422 2171 στρατιώτῃ
2471 2099 2567 2152 καὶ
2619 2095 2915 2167 στρατηγῷ
2945 2097 3006 2149 τδ
3053 2098 3192 2150 αὐτὸ
3229 2097 3552 2163 πταίσασιν,
3583 2101 3692 2150 οὐκ

2103 2190 2218 2245 οἶδα
2247 2192 2346 2262 τὴν
2380 2192 2502 2260 ἰσην
2530 2190 2886 2259 ἐπαγομένην
2928 2189 3142 2261 ποινὴν,
3179 2188 3298 2243 ἀλλ’
3321 2191 3352 2244 ὁ
3384 2190 3483 2260 μὲν
3517 2204 3693 2262 στρα-

2102 2285 2273 2356 τηγὸς
2313 2282 2695 2350 ἀναλογοῦσαν
2727 2283 2839 2347 ἕξει
2887 2280 2966 2351 τῷ
3009 2281 3233 2352 μεγέθει
3262 2283 3362 2352 τῆς
3383 2285 3552 2352 τιμῆς
3589 2283 3701 2352 τὴν

2105 2377 2450 2447 erumpunt}
2509 2376 2565 2430 δὲ
2619 2373 2965 2445 στρατιώτης
3014 2376 3157 2427 κατὰ
3213 2373 3272 2426 τὸ
3335 2374 3534 2445 μέτρον
3588 2373 3691 2441 τῆς

2105 2470 2335 2532 τάξεως.
2381 2467 2546 2522 Ἀλλὰ
2596 2467 2692 2521 καί
2723 2466 2896 2537 ναύτῃ
2928 2467 3024 2518 καί⁹
3053 2465 3392 2538 κυϐερνήτῃ,
3425 2466 3474 2517 εἰ
3507 2464 3699 2535 βούλει

2106 2563 2163 2617 δὲ
2213 2561 2308 2614 καὶ
2354 2560 2594 2631 δεσπότῃ
2669 2559 2764 2612 καί
2811 2556 3001 2629 οἰκέτῃ
3059 2555 3143 2627 τῷ
3199 2555 3350 2626 αὑτῷ
3403 2557 3690 2624 σφάλματι

2109 2653 2600 2726 περιπεπτωκόσιν
2646 2651 2745 2720 οὐχ
2775 2653 2812 2721 ή
2849 2649 2988 2718 αὑτὴ
3031 2649 3342 2717 ἀπαντήσει
3383 2647 3694 2718 κατηγορία

2108 2750 2233 2803 οὐδὲ
2269 2747 2620 2818 κατάκρισις,
2653 2743 2792 2798 ἀλλὰ
2825 2746 2892 2815 τῇ
2947 2743 3190 2810 διαφορᾷ
3226 2741 3336 2794 τῶν
3379 2739 3700 2809 προσώπων

2111 2841 2416 2896 συνδιατιθε
2427 2839 2584 2910 μένη.

2193 2932 2334 2986 Ἀλλ’
2363 2929 2683 3000 οἰκονομίαν
2736 2928 2824 2981 ἔπ’
2869 2925 3019 2998 αὐτῷ
3059 2927 3094 2996 ἠ
3143 2925 3440 2995 Ῥωμαῖκὴ
3470 2923 3700 2988 ἕξουσίαι

2110 3027 2432 3096 πεποίηται,
2470 3025 2567 3078 καὶ
2595 3023 2680 3077 δεῖ
2729 3022 2866 3093 πρὸς
2915 3021 2979 3074 τὸ
3029 3019 3390 3089 οἰκονομηθὲν
3426 3019 3503 3088 μὴ
3550 3017 3697 3071 ἀντι-

419 3119 632 3176 sancita
673 3117 933 3172 revereri.
981 3114 1123 3182 Quid
1171 3115 1350 3170 dicis?
1383 3113 1529 3168 Nutu
1559 3114 1686 3169 licet
1739 3112 2003 3168 Romanis

2113 3124 2312 3191 λέγειν,
2347 3119 2484 3173 ἀλλὰ
2513 3117 2581 3172 τὰ
2615 3119 2748 3187 ἡμῖν
2775 3114 3078 3186 δεδογμένα
3126 3113 3320 3183 τιμᾷν.
3370 3111 3440 3164 Τί
3478 3111 3691 3177 λέγεις;

420 3212 660 3274 sancire,
693 3221 752 3266 ut
779 3210 875 3279 qui
917 3209 1064 3280 leges
1095 3207 1362 3278 infringit,
1398 3224 1615 3278 pinnam
1640 3207 1782 3262 haud
1827 3206 2005 3262 solvat

418 3316 515 3360 aut
553 3303 787 3372 impuris
816 3302 1076 3356 manibus
1093 3317 1256 3356 sacra-
1279 3299 1616 3357 contrectat?
1650 3298 1870 3354 Licetne
1901 3299 2010 3352 Bo-

419 3397 601 3450 manis
631 3409 728 3450 eos
748 3394 842 3464 qui
871 3393 942 3447 ob
963 3393 1236 3463 piaculum
1261 3408 1290 3447 e
1310 3392 1496 3446 divina
1531 3392 1647 3446 inde
1671 3390 1831 3460 ejecti
1879 3398 2010 3444 sunt

420 3500 714 3558 antequam
745 3484 877 3540 illud
921 3486 1282 3540 emundatum
1314 3486 1422 3550 sit,
1457 3483 1723 3539 reducere
1767 3497 1833 3538 eo
1861 3481 2008 3537 unde

379 3627 382 3630 .
415 3582 540 3650 june
567 3581 873 3654 meritoque
901 3578 1264 3636 exsularunt?
1293 3576 1550 3647 Magnam
1576 3575 1792 3632 scilicet
1814 3584 2012 3629 nactus

419 3691 573 3731 esses
600 3684 949 3746 potestatem,
974 3675 1194 3746 qualem
1227 3687 1298 3727 ne
1329 3671 1420 3726 ille
1451 3669 1674 3740 quidem
1701 3668 1796 3739 qui
1823 3667 2011 3721 mundi

421 3780 640 3840 peet-ata
675 3771 798 3826 tulit
838 3771 943 3827 sibi
978 3768 1280 3840 arrogavit,
1313 3782 1382 3820 ne
1408 3765 1538 3820 dum
1564 3763 1860 3833 quisquam
1888 3776 2016 3816 san-

421 3871 634 3918 ctorum
682 3865 812 3934 ejus
834 3862 1250 3934 discipulorum,
1291 3867 1388 3913 aut
1433 3857 1581 3912 ullus
1626 3871 1658 3910 e
1691 3853 2012 3910 doctoribus

423 3959 836 4012 ecclesiasticis.
871 3954 1038 4010 Venit
1062 3954 1216 4009 enim
1241 3962 1300 4006 ut
1340 3959 1568 4021 peccata
1597 3947 1766 4003 ferret
1798 3958 2012 4011 nostra,

425 4050 521 4104 sed
549 4058 681 4104 tunc
709 4049 930 4103 demum
956 4047 1003 4102 si
1051 4059 1281 4116 peccare
1310 4044 1714 4100 desineremus.
1747 4057 1926 4114 nequo
1953 4041 2022 4096 iis

423 4144 813 4198 insisteremus
837 4149 933 4196 aut
952 4140 1102 4194 omni
1131 4137 1346 4208 abiecto
1369 4138 1584 4208 pudore
1609 4153 1674 4194 ea
1703 4146 2022 4209 perpetrare

422 4251 776 4306 pergeremus
795 4250 916 4307 quae
943 4234 1032 4288 ille
1056 4232 1303 4288 abstulit.
1320 4231 1502 4287 Audio
1517 4233 1661 4288 enim
1683 4247 1810 4287 eum
1838 4231 2026 4285 dicen-

427 4340 533 4384 tem
562 4331 772 4384 homini
793 4345 955 4400 quem
985 4332 1275 4384 sanaverat
1296 4342 1310 4380 :
1332 4323 1472 4381 Ecce
1498 4341 1668 4382 sanus
1691 4325 1919 4380 eﬂ‘eetus
1943 4339 2026 4389 es,

423 4439 494 4477 ne
519 4423 754 4491 amplius
778 4437 990 4492 pecces.
1016 4423 1410 4481 Animadverte
1423 4419 1700 4494 quomodo
1720 4418 2026 4478 interdicit,

2114 3216 2226 3272 Καὶ
2274 3214 2454 3279 ἔξεστι
2495 3211 2660 3264 τοῦτο
2704 3206 3000 3276 Ῥωμαίοις
3045 3205 3379 3273 οἰκονομεῖν,
3409 3202 3554 3257 ὥστε
3587 3220 3698 3256 πα-

2119 3305 2462 3380 ρανομοῦντά
2485 3320 2614 3357 τινα
2637 3302 2710 3373 μὴ
2736 3300 2894 3370 δίκην
2921 3299 3182 3369 enixi-zu);
3208 3298 3303 3350 καί
3329 3297 3473 3350 ὥστε
3503 3296 3697 3368 χερσὶν

2111 3397 2452 3465 ἀκαθάρτοις
2531 3393 2643 3446 τῶν
2715 3390 2888 3459 ἁγίων
2958 3387 3354 3459 ἐφάπτεσθαι..
3401 3388 3496 3442 καὶ
3570 3387 3702 3450 τοὺς

2115 3489 2516 3561 ἐλαυνομένους
2543 3487 2653 3540 τῶν
2697 3483 2858 3538 θείων
2913 3481 3219 3552 περιᾶῶων
3257 3480 3350 3533 ἐπὶ
3395 3482 3698 3550 μιᾶσματι,

2115 3584 2348 3648 τούτους
2394 3580 2470 3652 μὴ
2510 3577 2891 3648 ἀποθεμένους
2931 3575 2992 3629 τὸ
3049 3576 3267 3646 μίασμα
3295 3575 3540 3642 εἰσάγειν
3573 3573 3701 3626 ὅθεν

2118 3677 2302 3741 καλῶς
2333 3676 2428 3729 καὶ
2464 3674 2689 3735 ἐνδίκως
2711 3670 3128 3740 ἁπελήλανταιι
3161 3666 3426 3737 Μεγάλης
3452 3666 3518 3720 ἂν
3551 3665 3705 3732 ἐξου-

2120 3774 2243 3831 σίας
2284 3770 2406 3840 εἴης
2463 3764 2890 3836 ἐπειλημμένος,
2929 3763 3026 3816 καὶ
3067 3755 3135 3832 ἧς
3170 3760 3281 3814 οὐδ’
3317 3761 3483 3823 αὐτὸς
3534 3761 3564 3812 ὁ
3603 3759 3705 3819 τὰς

2122 3861 2398 3933 ἁμαρτίας
2431 3858 2605 3930 αίρων
2643 3853 2741 3908 τοῦ
2774 3854 2985 3924 κόσμου
3017 3852 3372 3918 ἐπείληπται,
3411 3849 3484 3919 μὴ
3513 3849 3592 3902 ὅτι
3637 3863 3705 3915 γε

2123 3955 2282 4017 ἄλλος
2321 3953 2354 4023 ἢ
2397 3950 2507 4004 τῶν
2542 3949 2755 4003 ἐκείνου
2799 3945 2964 4016 ἱερῶν
3000 3942 3286 4014 μαθητῶν,
3316 3940 3351 4008 ἢ
3381 3940 3492 3994 τῶν
3526 3939 3707 3993 ἄλλων

2123 4043 2426 4118 τῆςαὺτοῦ
2476 4038 2810 4111 Ἐκκλησίας
2859 4035 3223 4091 διδασκάλων.
3291 4033 3408 4088 Hm
3461 4031 3707 4104 μὲνγὰρ

2125 4139 2226 4202 τὰς
2274 4135 2432 4208 ἡμῶν
2472 4133 2751 4204 ἁμαρτίας
2787 4130 3078 4200 βαστάσαι,
3107 4126 3244 4182 ἀλλὰ
3287 4126 3446 4199 δῆλον
3488 4126 3573 4178 ὅτι
3607 4123 3706 4178 τοῦ

2131 4227 2472 4300 ἁμαρτάνειν
2514 4225 2674 4296 ἡμῶν
2737 4222 3132 4292 παυσαμένων,
3186 4220 3287 4274 οὐκ
3334 4219 3708 4290 ἐπιμενόντων

2128 4325 2208 4387 δὲ,
2239 4320 2363 4376 οὐδὲ
2395 4317 2754 4390 πραττόντων
2795 4314 2968 4378 ἀδεῶς
3020 4307 3096 4368 ὧν
3144 4314 3360 4376 ἐκεῖνος
3415 4311 3514 4383 τὴν
3546 4311 3710 4378 ἄρσιν

2134 4418 2393 4471 ποιεῖται.
2434 4410 2647 4466 Ἀκούω
2676 4410 2787 4478 γὰρ
2820 4408 2899 4479 τῷ
2951 4405 3420 4476 τεθεραπευμένῳ
3476 4403 3570 4457 τοῦ
3614 4404 3710 4456 ὑπ’

424 4529 532 4568 non
553 4525 736 4568 autem
753 4516 1019 4585 permittit
1033 4532 1261 4586 peccare
1274 4532 1370 4573 eos
1390 4515 1482 4585 qui
1507 4513 1680 4583 ipsius
1699 4509 2008 4566 misericor-

2127 4503 2300 4562 αὑτοῦ
2327 4503 2577 4565 δοθέντος
2627 4498 3118 4572 παραγγέλματος,
3149 4498 3227 4551 ἰδε
3260 4497 3420 4567 ὑγιὴς
3453 4495 3712 4565 γέγονας,

426 4606 515 4659 dia
531 4606 680 4677 digni
697 4620 824 4662 sunt
839 4609 1243 4666 hahiti.Eodem
1261 4607 1422 4663 modo
1439 4621 1537 4661 nec
1548 4605 1765 4668 Petrus,
1779 4599 2023 4657 necPau-

428 4704 534 4764 lus,
549 4719 652 4758 nec
666 4705 806 4759 alius
831 4705 955 4775 quis
970 4717 1209 4776 unquam
1226 4713 1451 4777 peccato
1461 4699 2021 4772 neglectolibertatem

423 4812 454 4850 a
470 4799 946 4867 responsabilitate
958 4795 1511 4869 promisitpeccatori.
1534 4794 1632 4849 Ubi
1652 4791 1866 4848 tandem
1883 4805 2025 4858 repe-

425 4889 544 4944 risti
561 4889 857 4946 absurdam
878 4894 1036 4946 istam
1052 4890 1521 4961 dispensationem
1538 4902 1659 4957 qua:
1678 4882 1888 4956 peccati
1905 4898 2024 4952 gra-

423 4986 646 5039 vitatem
690 5001 796 5040 non
825 4987 1126 5051 imminuit,
1149 4987 1244 5042 sed
1265 4985 1444 5056 potius
1478 4979 1888 5051 adaugctiquae
1910 4991 2018 5031 non

423 5077 654 5131 salutem
676 5078 841 5148 parit,
883 5079 976 5134 sed
991 5078 1235 5134 interitui
1253 5077 1442 5143 tradit,
1465 5091 1585 5145 quae
1603 5089 1711 5129 nou
1730 5073 2016 5142 depurgat,

422 5167 518 5224 sed
539 5167 663 5236 plus
701 5169 946 5224 sordium
991 5167 1221 5235 adjicit?
1247 5166 1380 5233 Quis
1406 5180 1578 5235 usque
1595 5164 1831 5219 adhunc
1877 5159 2020 5214 diem

426 5262 589 5315 talem
627 5260 1099 5331 dispensationem
1130 5259 1326 5314 novit?
1358 5257 1710 5328 Dispensatio
1742 5255 1886 5310 enim
1933 5261 2015 5307 est

429 5356 689 5412 salutaris
716 5353 1140 5411 condcscensio.
1176 5368 1300 5421 qua:
1326 5361 1676 5422 peccatorem
1722 5347 2013 5412 salviilcat,

431 5465 653 5504 manum
705 5446 1106 5504 auxiliatricem
1149 5446 1383 5517 porrigit
1425 5446 1752 5514 lapsumque
1798 5457 1830 5496 a
1879 5455 2011 5495 casn

430 5543 614 5611 erigit,
640 5556 749 5597 non
774 5550 956 5597 autem
979 5556 1102 5611 quae
1126 5555 1255 5596 casu
1280 5539 1554 5608 dejeetum
1578 5538 1766 5608 jacere
1797 5533 1909 5590 sint
1929 5531 2015 5585 vel

428 5636 614 5702 potius
633 5634 688 5690 iu
703 5634 913 5691 foveam
932 5635 1130 5690 misere
1143 5633 1404 5689 detrudit.
1431 5629 1778 5698 DiSpcnsatio
1790 5634 1875 5682 est
1895 5626 2021 5680 imi-

431 5729 565 5783 tatio
585 5728 781 5784 divina:
801 5727 1085 5784 charitatis
1104 5742 1224 5793 quze
1249 5742 1313 5781 ex
1331 5725 1582 5780 faucibus
1606 5719 1794 5776 bestiae
1825 5725 2014 5775 contra

438 5838 536 5879 nos
569 5823 834 5895 rtigicntis
866 5823 1026 5895 eripit
1053 5837 1178 5879 cum
1205 5821 1299 5893 qui
1343 5819 1398 5878 in
1435 5835 1499 5875 eo
1543 5825 1791 5873 versatur
1830 5821 1889 5870 ut
1947 5812 2014 5867 ab

2132 4598 2335 4671 μηκέτι
2374 4597 2664 4667 ἁμάρτανε
2695 4609 2712 4624 ⁸
2762 4592 3025 4662 πρόσχες,
3076 4589 3152 4652 ὡς
3186 4587 3409 4654 κωλύει,
3438 4587 3540 4640 οὐκ
3591 4587 3710 4640 ἑπι-

2126 4693 2322 4760 τρέπει
2351 4689 2412 4742 τὸ
2440 4686 2790 4759 ἁμαρτάνειν
2822 4687 2939 4746 τοῖς
2963 4683 3062 4736 τοῦ
3097 4683 3285 4745 ἐλέους
3332 4681 3502 4734 αὑτοῦ
3535 4697 3711 4751 κατηο

2129 4778 2736 4853 ξιωμένοις.οῦμενουν
2766 4777 2889 4830 οὐδὲ
2918 4774 3282 4846 Πέτρος,ἁ>.λ’
3313 4775 3438 4828 οὐδὲ
3468 4773 3706 4837 Παῦλος,

2126 4873 2248 4928 οὐδέ
2279 4891 2364 4936 τις
2399 4871 2560 4934 ἄλλος
2605 4871 2740 4924 ποτὲ
2767 4869 2928 4938 ὤφθη
2979 4867 3242 4958 παρορῶν
3289 4865 3388 4936 μὲν
3419 4867 3483 4920 τὸ
3522 4866 3727 4958 ἁμιίιρ-ι

2126 4961 2302 5037 τημα,
2330 4963 2408 5034 τῷ
2435 4963 2492 5016 δὲ
2521 4962 2896 5032 ἁμαρτάνοντι
2931 4961 2991 5013 τὸ
3022 4957 3320 5012 ἀνεύθυνον
3369 4957 3731 5037 ὲπαγγε).λό-ἰ

2130 5075 2314 5130 μενος.
2350 5055 2462 5112 Ποῦ
2501 5054 2705 5124 ταύτην
2745 5053 2846 5122 τὴν
2881 5054 3085 5108 ἄτοπον
3130 5051 3448 5121 οἰκονομίαν
3483 5050 3708 5120 ἐξεῦρες

2125 5153 2226 5222 τὴν
2249 5150 2353 5204 οὐκ
2409 5147 2824 5217 ὲλαφρύνουσαν
2850 5147 2913 5199 τὸ
2947 5145 3117 5216 βάρος
3161 5144 3259 5198 τοῦ
3307 5145 3710 5215 ἁμαρτήματος

2126 5245 2268 5300 ἀλλὰ
2293 5242 2598 5316 βαρύτερον
2637 5239 2766 5294 αὐτὸ
2795 5239 3098 5304 ποιοῦσαν;
3149 5239 3250 5310 τὴν
3293 5239 3370 5308 μὴ
3404 5236 3708 5301 σώζουσαν,

2125 5337 2263 5392 ἀλλὰ
2305 5338 2371 5406 τῇ
2403 5333 2653 5404 ἀπωλείᾳ
2685 5330 3122 5404 παραδιδοῦσαη
3157 5330 3256 5399 τὴν
3302 5329 3377 5399 μὴ
3410 5328 3711 5397 καθαίρου-

2127 5448 2248 5494 σαν,
2273 5429 2390 5482 ἀλλ’
2442 5427 2538 5480 ἐπὶ
2581 5427 2747 5480 πλέον
2778 5426 2870 5479 τὸν
2918 5426 3093 5496 ῥύπον
3136 5425 3563 5495 προστιθεῖσανς
3609 5423 3709 5485 Τίς

2125 5539 2256 5576 ποτε
2292 5519 2549 5591 τοιαύτην
2589 5518 2904 5587 οἰκονομίαν
2945 5517 3078 5588 ἄχρι
3120 5516 3218 5570 τοῦ
3266 5517 3362 5570 νῦν
3395 5516 3575 5585 ἔγνως
3611 5518 3706 5572 Οἰ-

2126 5613 2356 5684 κονομία
2406 5611 2506 5683 μὲν
2551 5611 2661 5680 γὰρ
2710 5610 3066 5679 σωτηριώδης
3116 5610 3240 5663 ἐστί
3271 5609 3706 5676 συγκατάὁασις,

2126 5709 2374 5774 σώζουσα
2396 5706 2486 5759 τὸν
2515 5705 2905 5774 ἡμαρτηκότα,
2937 5705 3096 5773 χεῖρα
3144 5701 3399 5772 βοηθείας
3434 5703 3707 5773 ὀρέγουσα

2126 5806 2220 5860 καὶ
2270 5799 2548 5858 ἁνιστῶτα
2586 5796 2680 5853 τοῦ
2722 5796 3015 5868 πτώματος
3049 5795 3140 5852 τὸν
3192 5795 3450 5863 πεσόντα,
3477 5794 3598 5866 οὐχὶ
3629 5795 3706 5866 τῷ
