4152 6412
417 291 519 352 2ὶὸ

1545 288 1858 347 NlCtlLAI
1909 287 2019 347 ΕΡ.
2063 285 2577 347 ΡΑΤΙὶΙΑΠΟΗΕ

3572 286 3683 350 ﬁlii

410 414 532 454 esse
575 396 861 464 imitanda,
896 397 1008 451 imo
1053 405 1300 453 nostrum
1351 410 1496 461 esse,
1535 397 1814 466 peioribus
1858 412 1991 463 cog-

2100 399 2208 468 γάρ
2239 399 2438 463 κοινῶς
2464 397 2618 468 παρὰ
2648 399 2782 452 πᾶσι
2807 397 3022 466 κρατεῖ.
3043 395 3106 450 τὸ
3137 395 3215 466 μὴ
3243 394 3380 467 πρὸς
3413 395 3480 451 τά
3509 401 3690 470 χείρω

410 491 562 553 nilis,
622 489 688 544 atl
743 490 846 544 hoc
891 499 1159 559 quantum
1209 491 1261 544 in
1317 491 1476 546 nobis
1523 499 1609 544 est
1649 490 1987 554 incumbere,

410 601 479 640 ne
510 585 702 639 eodem
741 584 1105 653 abripiamur,
1157 585 1252 640 sed
1305 584 1485 656 potius
1536 583 1604 637 ad
1633 582 1859 638 meliora
1908 582 1991 638 in-

406 675 692 732 clinemus.

479 769 622 836 Quid
664 771 828 840 igitur
871 769 1003 824 mibi
1044 784 1445 824 commemoras
1483 769 1864 826 Valetttianum
1896 780 1990 823 aut

408 861 576 918 alium
629 862 1054 931 quemcunque?
1106 861 1162 915 Si
1214 863 1358 916 enim
1411 863 1559 918 illius
1600 863 1799 918 factum
1831 862 1990 917 laude

408 963 494 1009 est
524 954 775 1024 dignum,
826 953 1027 1007 imitari
1053 953 1337 1017 debemus,
1369 963 1424 1006 ttt
1456 953 1645 1008 eadem
1679 953 1839 1008 laude
1871 954 1992 1022 dig-

411 1060 514 1100 nos
540 1061 640 1099 nos
669 1043 961 1098 reddamus
996 1060 1012 1098 :
1045 1044 1089 1098 si
1136 1058 1265 1098 vero
1315 1044 1733 1113 vituperandum
1787 1054 1872 1099 est
1923 1059 1988 1098 ac

409 1137 838 1206 reprobandum,
869 1136 997 1204 quid
1049 1137 1210 1205 jubes
1253 1153 1340 1192 me
1387 1138 1564 1194 facere
1612 1155 1735 1208 qua:
1786 1139 1882 1194 tibi
1923 1155 1990 1194 ac

411 1230 570 1284 nobis
621 1228 785 1284 simul
834 1228 886 1282 itt
940 1229 1271 1298 vituperittm
1321 1231 1561 1286 cedunt?
1629 1231 1698 1285 At
1755 1231 1984 1301 (inquis)

410 1320 794 1376 sanctissimus
816 1319 1085 1377 Damasus
1116 1322 1357 1378 admisit.
1384 1322 1591 1390 Quodsi
1617 1324 1756 1378 hanc
1778 1323 1989 1393 opinio.

412 1429 536 1469 nem
569 1422 683 1469 toto
711 1413 897 1468 animo
926 1413 1164 1484 suscipis
1215 1429 1448 1485 eamque
1495 1416 1634 1471 bene
1681 1430 1740 1471 se
1787 1415 1988 1472 habere

407 1505 710 1569 existimas.
763 1507 955 1578 quidni
993 1523 1060 1562 eo
1105 1523 1279 1578 usque
1309 1509 1652 1579 progrederis
1681 1517 1742 1564 ut
1771 1509 1988 1566 sancias

408 1597 572 1652 licere
598 1597 739 1653 duas
783 1613 986 1653 uxores
1033 1599 1196 1654 simul
1229 1600 1467 1656 habere?
1511 1601 1617 1656 Sed
1662 1601 1765 1657 hoc
1791 1602 1992 1672 dogma

407 1689 652 1744 declinas
713 1705 892 1760 neque
942 1691 1022 1746 sic
1055 1691 1152 1746 tibi
1185 1692 1421 1747 videtur.
1471 1693 1525 1749 Si
1574 1693 1740 1764 igitur
1784 1708 1855 1748 eo
1897 1709 1989 1748 us-

409 1794 518 1848 que
543 1794 653 1834 non
697 1781 972 1850 procedis,
1019 1789 1069 1836 te
1101 1797 1213 1837 rem
1245 1784 1416 1853 ipsam
1454 1783 1683 1853 rejicere
1708 1792 1761 1838 et
1793 1783 1992 1840 admis-
2021 1757 2070 1818 Β

410 1871 620 1926 sionem
657 1872 799 1926 haud
834 1873 1030 1928 bonam
1077 1889 1201 1930 esse
1247 1875 1460 1945 epinari
1515 1887 1758 1945 apparet.
1812 1877 1992 1932 Aaron

411 1963 540 2019 olim
567 1963 771 2020 vitulos
809 1965 1039 2032 ellinxit,
1083 1975 1138 2022 et
1168 1967 1307 2024 Deus
1346 1970 1447 2022 hoc
1479 1969 1594 2024 fieri
1639 1969 1788 2036 sivit,
1824 1972 1994 2041 sian-

411 2057 534 2110 dem
565 2055 657 2112 ille
689 2073 878 2128 poenas
909 2059 1054 2115 haud
1087 2061 1269 2116 solvit.
1320 2060 1440 2117 1am
1467 2077 1598 2118 vero
1624 2062 1857 2118 Aaronis
1889 2064 1995 2118 int-

413 2149 632 2213 punitas
681 2150 789 2205 illis
831 2151 924 2221 qui
971 2161 1157 2221 postea
1205 2154 1408 2210 vitulos
1456 2155 1811 2211 efformavere
1855 2155 1993 2210 nihil

413 2244 620 2313 profuit
642 2243 773 2314 quin
806 2245 972 2314 hujus
998 2245 1260 2302 facinoris
1294 2264 1485 2318 pmnas
1515 2249 1726 2304 darent.
1760 2248 1996 2306 Videsne

412 2351 510 2391 eos
540 2351 773 2406 quorum
818 2353 908 2393 res
955 2338 1094 2393 male
1127 2339 1324 2394 habent
1361 2341 1436 2395 nil
1471 2341 1605 2396 lucti
1644 2342 1770 2397 inde
1801 2358 1995 2413 capere

411 2427 456 2482 si
509 2429 580 2484 ad
612 2430 885 2499 majorum
939 2442 1160 2502 peccata
1217 2433 1576 2503 confugiant?
1624 2434 1723 2489 Cui
1772 2437 1914 2489 bono
1939 2442 1996 2489 et

409 2521 600 2576 civiles
625 2523 773 2594 leges
801 2533 854 2578 et
885 2524 1055 2580 divini
1093 2540 1332 2581 canones
1365 2524 1658 2590 ferrentur,
1698 2527 1743 2582 si
1775 2542 1840 2582 ea
1872 2541 1995 2597 quae

411 2613 541 2668 olim
589 2615 966 2682 obtinuerunt,
1019 2633 1248 2689 prorsus
1297 2618 1518 2688 impune
1575 2619 1778 2673 imitari
1826 2619 1993 2674 debe-

413 2706 635 2761 remus?
684 2707 960 2764 Feruntur
987 2725 1119 2764 sane
1149 2709 1292 2774 ldeo,
1339 2725 1407 2765 ne
1435 2710 1686 2766 homines
1719 2712 1811 2782 qui
1849 2720 1998 2767 vete-

411 2798 564 2853 ribus
613 2802 856 2869 peccatis
902 2801 1218 2867 illabuntttr,
1255 2803 1332 2857 uti
1385 2803 1600 2872 possint
1630 2803 1737 2858 hac
1763 2819 1996 2858 excusa-

410 2891 557 2948 tione
591 2909 606 2948 :
645 2893 798 2960 Quod
831 2895 1081 2965 peccavi,
1128 2895 1234 2950 hoc
1277 2895 1560 2950 mihicum
1599 2896 1782 2966 aliquo
1817 2896 1996 2966 majo-

411 2999 532 3038 TDlll
565 2999 858 3043 commune
889 2998 968 3043 081
979 3028 993 3042 ο

484 3172 602 3226 Non
629 3171 867 3228 absolvit
892 3172 1074 3243 igitur,
1109 3189 1141 3228 o
1175 3173 1393 3236 fratres.
1426 3183 1718 3245 prtetcxtus
1763 3176 1862 3234 iste
1899 3194 1994 3236 eos

413 3266 507 3336 qui
564 3266 631 3319 ad
684 3264 816 3318 illttd
863 3265 1190 3336 confugiunt
1232 3276 1285 3322 et
1331 3267 1459 3323 inde
1505 3282 1759 3338 quartum
1791 3287 1998 3328 connu-

411 3357 562 3410 bium
595 3355 842 3412 stabilire
907 3367 1198 3422 conantur,
1251 3359 1346 3415 sed
1402 3360 1586 3430 potius
1640 3363 1992 3430 condemnat,

410 3449 539 3518 quia
567 3462 675 3502 non
701 3457 869 3512 recta,
907 3450 1002 3504 sed
1036 3450 1258 3520 obliqua
1326 3453 1413 3506 via
1451 3467 1536 3508 res
1567 3453 1992 3523 ecclesiasticas,

411 3557 534 3611 qua!
572 3556 788 3611 semper
837 3542 1158 3598 rectissima:
1217 3559 1340 3600 esse
1376 3545 1604 3612 debent,
1678 3546 1996 3616 dispensare

411 3635 650 3690 student.
684 3635 855 3690 Porro
891 3637 934 3692 si
973 3637 1094 3707 quis
1142 3653 1428 3694 servorum
1492 3650 1733 3704 tuorum,
1773 3641 1996 3710 quando

411 3729 632 3783 domum
659 3739 752 3782 aut
776 3739 978 3783 vestem
1016 3729 1313 3799 polluil,ad
1359 3732 1524 3786 alium
1559 3733 1652 3802 qui
1687 3732 1825 3786 idem
1845 3733 1996 3803 prius

413 3821 601 3877 fecerit
633 3837 754 3878 sese
802 3821 1053 3878 referens
1087 3823 1288 3879 dixerit
1319 3841 1334 3878 :
1372 3825 1649 3891 Quoniam
1703 3826 1841 3881 alius
1870 3825 2002 3897 quis

410 3927 800 3968 conservorum
838 3931 1087 3972 meorum
1137 3917 1282 3970 idem
1316 3917 1614 3984 commisit,
1677 3917 1800 3972 ideo
1829 3919 1994 3974 etiam

411 4005 545 4061 mihi
592 4007 698 4061 hoc
735 4006 919 4063 facere
979 4009 1155 4071 licuit,
1218 4009 1360 4064 hanc
1421 4011 1836 4068 excusationem
1885 4029 1993 4068 non

412 4099 691 4161 admittes,
735 4098 830 4153 sed
862 4099 1162 4170 castigabis
1213 4115 1276 4155 ac
1304 4100 1622 4157 verberabis
1661 4117 1728 4157 eo
1759 4102 1904 4172 quod
1927 4103 1996 4158 ad

413 4190 576 4245 talem
651 4189 932 4246 licentiam
991 4192 1342 4262 processerit,
1421 4209 1546 4248 eum
1630 4194 1811 4263 potius
1875 4203 1998 4266 post

411 4283 666 4338 conservi
700 4299 945 4338 errorem
991 4297 1021 4336 a
1077 4283 1168 4338 tali
1198 4282 1446 4339 facinore
1510 4283 1617 4340 sibi
1676 4299 1873 4342 cavere
1901 4286 1998 4341 de-

413 4375 615 4432 buerit.
646 4375 779 4442 Qua:
813 4391 942 4430 vero
978 4375 1032 4430 in
1061 4375 1307 4433 Ecclesia
1333 4376 1475 4432 male
1504 4386 1764 4448 aguntur,
1818 4379 1995 4449 majo-

2097 493 2196 561 τὴν
2231 492 2468 564 μίμησιν
2522 490 2818 553 ποιεῖσθαι,
2859 490 2978 543 ἀλλ’
3018 489 3118 558 ὅση
3173 489 3409 554 δύναμις
3455 492 3518 557 ἐκ
3581 492 3682 558 τῆς

2097 587 2206 638 τῶν
2256 586 2524 655 χειρόνων
2568 583 2910 652 κατηγορίας
2955 580 3359 648 ἀσφαλίζεσθαι
3395 582 3542 650 ἡμᾶς
3576 583 3682 636 αύ-

2095 680 2247 744 τοὺς,
2282 678 2358 750 μὴ
2395 680 2512 742 τοῖς
2562 680 2700 740 ῐσοις
2745 677 3092 749 περιπεσεῖν,
3129 673 3267 728 ἀλλά
3301 675 3506 744 μᾶλλον
3542 675 3682 745 προς

2097 773 2162 826 τά
2194 771 2441 842 βελτίονα
2469 771 2762 842 φέρεσθαι.

2170 865 2236 918 Ὶ“ί
2295 864 2388 918 οὖν
2441 881 2534 934 μοι
2581 863 2675 916 τὸν
2721 861 3118 916 Οὐαλεντιανὶν
3169 860 3467 930 παράγεις,
3511 861 3544 932 ῆ
3591 859 3685 912 τὸν

2095 961 2243 1014 δεῖνα
2290 958 2389 1012 καὶ
2418 957 2510 1010 τὸν
2538 956 2714 1020 δεῖνας
2755 956 2817 1009 El
2845 955 2946 1024 μὲν
2979 955 3010 1023 ἡ
3049 951 3241 1006 τούτου
3276 951 3478 1022 πρᾶξις
3512 952 3681 1004 ἐπαι-

2097 1053 2246 1120 νετὴ,
2283 1047 2657 1120 μιμησὼμεθα
2713 1046 2804 1099 καὶ
2859 1045 3044 1116 ἡμεῖς,
3075 1045 3162 1097 ἵνα
3215 1043 3322 1096 τῶν
3356 1042 3487 1096 ἴσων
3523 1042 3685 1096 ἐπαί-

2096 1161 2205 1197 νων
2252 1140 2792 1211 κληρονομήσωμενο
2830 1139 2881 1190 εί
2925 1137 2984 1190 δὲ
3038 1137 3230 1208 μῶμον
3281 1136 3396 1206 ἔχει
3437 1137 3532 1191 καὶ
3561 1137 3686 1191 δια-

2098 1237 2387 1306 ϐέϐληται,
2428 1234 2480 1288 τί
2513 1250 2581 1302 με
2637 1233 2814 1286 ποιεῖν
2863 1229 3222 1301 προτρέπεις,
3253 1228 3412 1284 ducat
3447 1228 3532 1282 σοὶ
3581 1227 3689 1297 τὴν.

2096 1327 2352 1400 διαϐολὴν
2383 1325 2478 1380 καὶ
2517 1326 2648 1396 ἡμῖν
2692 1323 2887 1393 φέρει;
2937 1321 3078 1376 Ἀλλ’
3117 1321 3337 1386 ἐδέξατο
3369 1321 3622 1389 Δάμασος
3656 1319 3692 1370 ό.

2099 1421 2426 1491 ἁγιώτατος.
2463 1419 2524 1473 El
2573 1417 2674 1487 τὴν
2724 1414 3044 1487 παραδοχὴν
3091 1415 3189 1488 ὅλῃ
3237 1413 3384 1485 ψυχῇ
3433 1411 3685 1482 ἀποδέχῃ

2096 1514 2194 1568 καὶ
2219 1511 2462 1584 νομίζεις
2483 1510 2655 1578 αὐτὴν
2687 1508 2873 1572 καλῶς
2895 1506 3066 1577 ἔχειν,
3097 1506 3152 1559 τί
3192 1505 3288 1560 καὶ
3323 1505 3387 1558 σὺ
3424 1504 3500 1573 μὴ
3541 1502 3684 1577 Θαρσ-

2098 1609 2200 1679 Ml;
2246 1605 2370 1658 δυσὶ
2421 1601 2642 1674 γυναιξὶ
2685 1600 2828 1656 κατὰ
2877 1598 2938 1652 τὸ
2971 1598 3105 1654 αὐτὸ
3139 1600 3383 1651 συνεῖναι
3419 1595 3688 1663 δογματίο

2098 1701 2252 1766 ζεινς
2291 1696 2454 1753 Ἀλλὰ
2480 1695 2710 1764 φεύγεις
2741 1693 2804 1747 τὸ
2829 1693 3031 1762 δόγμα,
3067 1695 3164 1745 καὶ⁵
3183 1692 3284 1744 οὐκ
3311 1691 3376 1744 ἄν
3410 1706 3494 1743 σοι
3517 1687 3694 1742 τοῦτα

2097 1793 2244 1862 δόξῃ.
2265 1788 2552 1860 Οὗμενουν
2575 1789 2676 1841 οὐκ
2713 1785 2782 1841 ἂν
2810 1784 3110 1856 άρνηθείης
3139 1782 3496 1855 προτρέπειν,
3519 1779 3687 1848 δῆλος

2098 1882 2150 1938 εἷ
2179 1883 2612 1950 καταγινώσκων
2634 1877 2732 1933 τοῦ
2763 1879 3115 1950 πράγματος,
3142 1876 3237 1929 καὶ
3272 1875 3372 1945 τὴν
3407 1873 3690 1942 ἀποδοχὴν

2102 1975 2176 2047 μὴ
2199 1974 2370 2046 καλὴν
2399 1967 2567 2027 οὖσαν
2593 1969 3024 2040 ὑπολαμϐάνειν.
3067 1963 3512 2037 Ἐμοσχοποίησὲ
3545 1979 3687 2017 ποτε

2110 2067 2348 2137 Ἀαρὼν,
2411 2067 2506 2118 καὶ
2571 2062 2925 2134 συνεχώρησε
3001 2060 3163 2114 τοῦτο
3238 2059 3412 2122 Θεός·
3460 2059 3521 2110 οὐ
3571 2057 3688 2126 γάρ

2099 2159 2318 2230 ὑπήχθη
2344 2161 2411 2229 τῇ
2441 2157 2590 2230 δίκῃ.
2621 2156 2736 2210 ἀλλ’
2764 2156 2866 2209 οὐκ
2911 2155 3149 2226 ἤρκεσεν
3189 2154 3303 2214 τοῖς
3342 2149 3482 2222 μετά
3509 2148 3693 2202 ταῦτα

2101 2249 2498 2324 μοσχοποιοῦσι
2530 2249 2591 2302 τὸ
2619 2246 2714 2302 τοῦ
2760 2246 2974 2317 Ἀαρὼν
2999 2246 3430 2310 ἀκατάγνωστον
3481 2241 3563 2304 είς
3620 2239 3691 2292 τὸ

2101 2345 2177 2415 μὴ
2222 2341 2407 2395 δοῦναι
2452 2341 2614 2411 δίκην
2663 2339 2766 2410 τῆς
2802 2338 3180 2408 μοσχοποιίας.
3214 2335 3382 2406 Ὁρᾷς
3419 2332 3536 2394 πῶς
3577 2331 3685 2400 οὐχ

2101 2435 2285 2488 ἱκανὸν
2312 2435 2426 2494 τοῖς
2458 2433 2534 2502 μὴ
2565 2431 2747 2494 καλῶς
2776 2429 2842 2483 τά
2877 2430 3056 2482 οἰκεῖα
3102 2425 3504 2494 διατιθεμένοις
3539 2423 3682 2490 πράο

2097 2545 2285 2598 γματα
2329 2525 2728 2597 ἐπανατρέχειν
2773 2525 2852 2587 είς
2882 2521 3292 2592 προγενέστερα
3345 2517 3640 2588 σφάλματα
3668 2532 3698 2581 ς

2098 2624 2257 2686 Τίνος
2281 2622 2337 2675 δὲ
2365 2621 2526 2694 χάριν
2558 2621 2652 2673 καὶ
2676 2617 2949 2671 πολιτικοὶ
2981 2616 3140 2686 νόμοι
3163 2615 3258 2668 καὶ
3283 2615 3421 2667 Οεῖοι
3457 2611 3693 2673 κανόνες

2098 2715 2459 2779 ἐκτέθεινται,
2509 2713 2561 2766 ει
2608 2712 2680 2768 τὰ
2718 2710 3085 2782 ,προλαϐόντα
3131 2703 3248 2778 εἶχε
3300 2707 3400 2772 τὴν
3446 2705 3700 2775 μίμησιν.

2098 2810 2510 2878 ἁκατάκριτον;
2552 2802 2717 2858 Ἀλλὰ
2768 2801 2995 2865 σκοπὸς,
3051 2801 3140 2855 ἵνα
3193 2801 3268 2872 μὴ
3309 2803 3424 2862 τοῖς
3476 2797 3692 2868 προλα-

2099 2902 2286 2956 ϐοῦσιν
2326 2899 2702 2971 ἁμαρτήμασι
2755 2895 3185 2966 περιπίπτοντες
3235 2892 3540 2964 άνθμυποι.
3589 2906 3690 2943 :1-

2097 2994 2424 3062 ταφεύγοιεν
2451 2992 2532 3050 εἰς
2567 2988 2888 3056 ἀπολογίαν,
2917 2985 2992 3049 ὠς
3017 2985 3074 3039 τὸ
3113 2984 3507 3057 ἡμαρτημένεν
3535 2981 3688 3050 ἐμοὶ,

2039 3118 2062 3138 ς
2099 3085 2196 3140 καὶ
2225 3085 2370 3154 ἄλλῳ
2399 3083 2509 3140 τινὶ
2542 3079 2963 3150 προγενεστέρῳ
2996 3077 3373 3146 ἐξείργασται.

2171 3176 2288 3228 Οὐκ
2315 3172 2546 3227 ἀπολύει
2576 3167 2692 3234 οὖν,
2726 3154 2978 3236 ἀδελφοὶ,
3001 3166 3111 3220 οὐδ’
3149 3167 3180 3235 ή
3233 3164 3508 3236 πρόφασις
3543 3159 3700 3230 αὕτη,
3743 3200 3746 3203 -

2095 3270 2226 3332 τοὺς
2280 3264 2732 3336 καταφεύγοντας
2783 3263 2872 3315 ἐπ’
2901 3261 3094 3329 αὐτὴν,
3133 3260 3240 3318 καὶ.⁴
3274 3260 3363 3312 διὰ
3396 3256 3554 3311 τοῦτο
3588 3256 3689 3307 σύ-

2100 3377 2291 3415 στασιν
2320 3361 2386 3430 τῇ
2422 3356 2774 3429 τετραγαμίςι
2824 3353 3266 3426 παρεχομένους.
3315 3351 3472 3404 Ἀλλά
3512 3364 3689 3430 κατα-

2098 3455 2274 3526 κρίνει
2334 3428 2555 3523 μᾶλλον,
2600 3450 2682 3503 ὅτι
2715 3451 2790 3520 μὴ
2839 3449 2906 3502 ἐκ
2953 3447 3048 3501 τοῦ
3094 3446 3302 3511 εὐθέος,
3345 3443 3463 3498 ἀλλ’
3492 3428 3686 3495 ww:

2097 3545 2542 3618 διεστραμμένου
2610 3542 2680 3596 τά
2755 3541 2961 3611 πολλῆς
3033 3538 3332 3608 εὐθύτητος
3409 3534 3690 3607 χρῄζοντα

2098 3640 2407 3710 πράγματα
2442 3639 2542 3708 τῆς
2589 3635 2924 3706 Ἐκκλησίας
2969 3632 3246 3702 ἐγνώκασι
3274 3631 3521 3684 διοικεῖν.
3553 3624 3690 3681 Εἶτα

2099 3734 2153 3786 εῖ
2202 3749 2288 3794 τις
2334 3730 2446 3784 τῶν
2502 3730 2612 3784 σῶν
2666 3728 2897 3783 οἰκετῶν
2952 3726 3048 3780 τὸν
3103 3722 3310 3796 οῐκονῆ
3341 3723 3433 3775 τὸν
3481 3721 3690 3793 χιτῶνα

2103 3825 2360 3897 μολύνας,
2397 3823 2490 3877 ἐπί
2517 3841 2569 3876 τι
2605 3825 2902 3894 πρόσωπον
2935 3821 3128 3892 ἕτερον
3166 3819 3299 3872 αὐτὸ
3345 3816 3506 3870 τοῦτο
3556 3832 3692 3886 προ-

2098 3919 2594 3990 διαπεπραγμένον
2637 3918 2932 3988 ἀναφέρων
2959 3917 3102 3986 ἐρεῖ,
3142 3915 3217 3978 ὡς
3247 3913 3441 3984 ἐπειδὴ
3481 3910 3693 3982 προλα-

2099 4015 2210 4068 ϐὼν
2237 4012 2429 4085 ἕτερός
2458 4029 2542 4075 τις
2563 4011 2676 4064 τῶν
2706 4009 3162 4080 συνθεραπόντων
3193 4005 3352 4059 τοῦτο
3380 4004 3688 4074 ἐξήμαρτε,

2097 4105 2191 4160 διὰ
2237 4103 2399 4158 τοῦτο
2446 4103 2620 4174 κάμοὶ
2671 4101 2940 4171 πράττειν
2982 4096 3157 4160 οὕτως
3197 4095 3454 4164 ἐπῆλθεν,
3491 4094 3592 4147 ούκ
3622 4093 3688 4146 ἂν

2097 4197 2224 4270 δέξῃ
2265 4197 2366 4270 τὴν
2409 4193 2733 4263 ἀπολογίαν,
2768 4190 2907 4245 ἀλλὰ
2941 4188 3311 4261 στρεϐλώσεις
3343 4187 3437 4242 καὶ
3484 4202 3688 4256 μαστι-

2099 4291 2300 4359 γώσεις
2359 4287 2436 4352 ὡς
2500 4288 2582 4350 εἰς
2651 4283 2914 4352 τοιαύτην
2971 4282 3183 4353 ἥκοντα
3247 4279 3689 4348 καταφρόνησιν,

2103 4381 2460 4453 ὀφειλομένου
2496 4379 2652 4440 ὄντος
2683 4379 2749 4431 ἐκ
2773 4374 2870 4429 τοῦ
2912 4372 3429 4446 προημαρτημένου
3455 4369 3532 4441 τῷ
3563 4386 3689 4422 συν-

417 4484 536 4523 rum
569 4467 821 4537 exemplo
842 4466 1227 4522 confirmanda
1258 4477 1311 4522 et
1342 4469 1656 4523 excusanda
1691 4470 1898 4539 putas?
1928 4469 1994 4522 Et

2101 4475 2419 4546 θεράποντι,
2451 4469 2648 4525 τοῦτον
2682 4469 2785 4541 τὴν
2834 4468 3035 4540 πρᾶξιν
3071 4464 3442 4536 φυλάξασθαι.
3477 4461 3588 4516 Καὶ
3616 4461 3688 4515 τά

415 4561 577 4614 aliter
611 4561 678 4614 de
718 4561 880 4615 rebus
919 4558 1031 4614 tttis
1066 4574 1132 4614 ac
1169 4559 1336 4615 domo
1368 4569 1460 4614 tua
1483 4561 1718 4630 judicas,
1759 4571 1815 4616 et
1841 4562 2000 4616 aliter

415 4654 483 4705 de
529 4651 599 4708 iis
623 4667 752 4722 quae
806 4651 879 4706 ad.
907 4651 1210 4707 Ecclesiam
1262 4654 1557 4721 pertinent,
1586 4661 1641 4706 et
1675 4653 1802 4722 quia
1866 4653 1996 4707 olim

417 4745 686 4810 ejusmodi
770 4753 991 4816 peccata
1059 4745 1366 4800 condonata
1423 4759 1490 4799 ac
1540 4744 1792 4812 neglecta
1850 4757 1996 4808 sunt,

413 4840 718 4896 etiamnum
752 4839 946 4910 negligi
999 4839 1209 4909 jubes?
1237 4837 1373 4905 Quis
1416 4846 1598 4893 autem
1637 4839 1841 4893 mentis
1886 4854 2000 4893 suae

413 4949 639 5004 compos
672 4944 724 4989 te
783 4933 930 5002 iuste
989 4948 1149 5003 agere
1189 4933 1433 4988 dixerit?
1479 4933 1750 4989 Caeterum
1790 4932 1836 4988 si
1897 4932 1993 5004 qui

414 5037 548 5084 sunt
595 5027 688 5098 qui
721 5027 953 5095 gratiam
980 5025 1308 5097 (Evangelii)
1335 5043 1458 5080 cutn
1488 5027 1820 5098 antiquitate
1863 5041 1996 5080 con-

415 5123 558 5175 ferre
615 5128 671 5174 et
721 5120 936 5174 beatum
991 5118 1248 5174 Davidem
1321 5119 1558 5190 allegare
1637 5125 1996 5188 prmsumant,

2099 4567 2290 4630 κακῶς
2327 4569 2397 4638 τῇ
2438 4562 2746 4634 Ἐκκλησία
2787 4562 3198 4632 συμπίπτοντα,
3230 4560 3294 4611 ἐκ
3331 4556 3443 4611 τῶν
3481 4555 3690 4628 προλαιο

2097 4663 2308 4716 δόντων
2337 4659 2510 4724 ἀξιοῖς
2561 4655 3012 4726 παραδέχεσθαις
3060 4654 3173 4708 Καὶ
3200 4653 3300 4723 τὴν
3329 4653 3452 4723 ἴσην
3490 4652 3551 4704 ού
3589 4667 3689 4719 τη-

2104 4757 2217 4825 ρεῖς
2262 4753 2356 4806 ἐπὶ
2383 4751 2487 4821 τῆς
2542 4750 2877 4819 Ἐκκλησίας
2909 4747 3139 4817 γνώμην
3181 4747 3300 4807 τοῖς
3331 4745 3463 4814 περὶ
3489 4742 3548 4796 σέ
3589 4744 3689 4796 καὶ

2100 4849 2201 4921 τὴν
2243 4847 2344 4918 σὴν
2383 4844 2564 4899 οἰκίαν
2617 4844 3042 4914 πραττομένοις,
3077 4840 3217 4894 ἀλλὰ
3260 4841 3496 4902 δικαιοῖς
3544 4838 3687 4892 αύτα

2100 4939 2354 5011 παρορᾷνν
2409 4937 2498 4988 διὰ
2559 4935 2660 5006 τὴν
2717 4933 2827 4988 τῶν
2896 4931 3288 5002 προλαϐόντων
3346 4930 3687 5000 σφαλμάτων

2101 5033 2445 5102 παρόρασιν;
2477 5029 2587 5082 Καὶ
2614 5027 2700 5090 τίς
2731 5025 2799 5079 ἂν
2823 5013 3060 5078 εἴποίσε
3091 5022 3280 5077 εἰκότα
3315 5025 3514 5086 ποιεῖν,
3545 5019 3688 5091 όρίθὰ

2099 5123 2322 5194 φρονεῖν
2376 5119 2784 5189 ἐπιστάμενοςς
2813 5116 2888 5170 Τὸ
2919 5116 2978 5170 δὲ
3013 5116 3108 5172 καὶ
3159 5115 3297 5188 πρὸς
3331 5116 3431 5184 τὴν
3461 5113 3687 5166 παλαιό·

416 5213 562 5268 haud
585 5211 740 5268 video
767 5211 896 5281 quid
927 5211 1036 5266 illis
1059 5211 1162 5265 hoc
1187 5212 1450 5280 prodesse
1480 5211 1673 5279 possit,
1703 5211 1806 5266 nisi
1833 5211 1995 5265 etiam

2100 5231 2238 5284 τητα
2268 5211 2586 5281 συγκρίνειν
2615 5211 2717 5282 τὴν
2752 5211 2920 5283 χάριν.
2949 5212 3047 5263 καὶ
3078 5209 3176 5263 τὸν
3206 5209 3483 5278 μακάριον
3522 5205 3690 5259 Δαϐὶδ

412 5303 678 5359 .larobum
711 5319 834 5358 cum
887 5304 1102 5358 duabus
1149 5303 1417 5358 uxoribus
1470 5304 1648 5374 iisque
1707 5305 1995 5359 sororibus

2100 5309 2181 5370 εἰς
2212 5306 2377 5376 μέσον
2411 5305 2703 5376 παράγειν,
2738 5303 2840 5356 οὐκ
2877 5298 2997 5356 οἶδα
3025 5301 3080 5356 τι
3115 5298 3688 5368 συναντιλαμϐάνεται

415 5397 575 5453 nobis
602 5397 952 5459 adduxerim,
1001 5406 1118 5460 aut,
1159 5397 1204 5451 si
1232 5396 1402 5463 lubet,
1447 5397 1612 5452 etiam
1658 5396 1994 5460 Samuelem,

2100 5401 2212 5461 τοῖς
2233 5397 2395 5451 τοῦτο
2426 5396 2805 5469 προφέρουσιν
2828 5409 2841 5424 ·
2879 5395 2930 5448 εί
2965 5393 3043 5464 μὴ
3073 5393 3186 5464 ἄρα
3218 5390 3314 5445 καὶ
3354 5390 3444 5444 τὸν
3486 5388 3687 5444 Ἰακὼϐ

413 5489 510 5560 qui
541 5491 596 5545 in
624 5491 944 5561 sanguinem
969 5490 1120 5559 Agag
1169 5503 1357 5544 ensem
1401 5488 1643 5553 intinxit,
1673 5501 1726 5544 et
1759 5489 1995 5545 circum-

2100 5493 2196 5549 σὺν
2230 5495 2351 5556 ταῖς
2380 5493 2501 5546 δυσὶ
2522 5493 2798 5561 γαμεταῖς
2817 5489 2985 5546 αὐτοῦ
3023 5489 3286 5556 ἀδελφαῖς
3319 5485 3513 5548 οὔσαις
3548 5486 3688 5556 ἡμῖν

414 5582 680 5637 visionem
714 5590 770 5635 et
801 5580 1076 5646 victimas,
1101 5589 1154 5635 et
1185 5595 1527 5651 quaecunque
1551 5583 1694 5651 apud
1738 5581 1995 5651 antiquos

2100 5587 2521 5658 προσοίσουσιν’
2575 5587 2625 5639 εἰ
2675 5584 2856 5656 βούλει
2886 5584 2946 5638 δὲ
2995 5583 3089 5638 καὶ
3127 5583 3216 5636 τὸν
3243 5581 3500 5655 Σαμουὴλ
3541 5581 3687 5635 κατὰ

417 5676 473 5730 itt
507 5690 607 5730 usu
639 5674 809 5728 fuisse
839 5673 1069 5729 historia
1101 5674 1262 5730 nobis
1293 5675 1499 5731 retulit.

2100 5678 2201 5748 τῆς
2230 5678 2452 5749 σφαγῆς
2495 5676 2591 5730 τοῦ
2639 5678 2824 5744 ’Λγαγ
2848 5674 2909 5728 τὸ
2941 5675 3097 5744 ξίφος
3123 5676 3427 5748 βάπτοντα,
3462 5673 3556 5726 καὶ
3585 5673 3686 5746 τὴν

417 5766 743 5841 τςριτομὴν,
777 5767 873 5819 καὶ
914 5766 982 5819 τὰ
1026 5768 1254 5838 σφάγια,
1291 5769 1386 5822 καὶ
1421 5773 1523 5825 ὅσα
1553 5771 1618 5841 τῇ
1661 5769 1986 5843 παλαιότητι
2031 5773 2383 5846 πραττόμενα
2407 5770 2542 5835 τέως
2567 5767 2918 5840 ἐγνωρίζετο.
