4152 6406
357 289 468 353 ﬁl?

1845 303 2259 368 EPISTOLfE.

3558 308 3665 373 218

449 407 622 462 Ἀλλὰ
655 409 771 480 γὰρ
800 413 1023 468 πολλῶν
1049 416 1143 469 καὶ
1164 417 1338 472 ἇὶλων
1364 418 1700 490 προσόντων,
1728 421 1762 477 ἃ
1795 422 1964 493 ρηοῆ-

2139 411 2277 478 Cum
2311 433 2492 479 autem
2526 424 2698 480 multa
2738 425 2844 479 alia
2892 435 3219 480 succurrant
3273 440 3396 494 quae
3426 425 3492 480 ad
3533 441 3654 481 rem

364 518 457 552 ναι
487 501 525 570 ἡ
556 500 823 566 ὑπόθεσις
871 505 1154 576 ἐπιζητεῖ,
1191 507 1421 564 πλεῖστα
1466 506 1620 581 οἶμαι
1666 515 1762 566 καὶ
1797 513 1971 568 ταῦτα

363 593 456 647 διὰ
481 592 545 645 τὸ
582 594 765 665 μῆκος
791 595 887 650 τοῦ
921 601 1274 672 γράμματος.
1309 603 1568 671 Ἀφέντες
1601 601 1694 658 οὖν
1728 605 1789 659 τὸ
1809 605 1972 658 πλέον

364 699 420 736 τι
442 683 634 750 λέγειν
666 688 801 754 περὶ
829 690 1061 753 τούτων,
1085 692 1262 745 ἐκεῖνό
1287 711 1468 765 φαμεν
1491 709 1508 726 ⁶
1560 695 1968 768 Ἐπιστράφητε

370 773 515 841 πρὸς
549 774 808 840 ἑαυτοὺς,
850 779 1073 848 ἀδελφοὶ
1115 784 1462 852 τιμιώτατοι,
1509 788 1606 842 καὶ
1641 789 1754 842 τῶν
1794 807 1972 860 πραχ-

368 863 580 920 θέντων
615 867 680 921 τὸ
721 871 1042 941 παράλογον
1063 877 1525 946 κατανοήσαντες,
1555 880 1650 932 καὶ
1687 881 1786 951 τῆς
1831 881 1969 952 πρὸς

368 957 538 1027 χάριν
589 961 956 1033 ἀνθρωπίνης
985 967 1302 1036 οἰκονομίας
1347 971 1504 1040 ὑμῶν
1554 972 1629 1035 ὡς
1657 974 1969 1044 ἀσχήμονος

372 1053 774 1120 καταγνόντες,
803 1055 868 1107 τὸ
893 1059 1106 1126 πρέπον
1131 1059 1228 1114 καὶ
1257 1063 1386 1130 ὑμῖν
1420 1063 1604 1127 αὐτοῖς
1631 1065 1967 1136 φρονήσατε,

377 1145 470 1196 καὶ
519 1145 588 1199 τὸ
621 1147 764 1216 πρὸς
795 1149 970 1220 τιμὴν
1016 1151 1295 1209 διαϐαῖνον
1342 1156 1442 1226 τῆς
1489 1158 1819 1229 Ἐκκλησίας
1873 1160 1968 1214 καὶ

377 1236 475 1305 τῆς
517 1239 638 1291 τῶν
657 1239 1011 1310 Χριστιανῶν
1053 1245 1404 1314 σεμνότητος.
1435 1249 1528 1320 Μὴ
1571 1249 1630 1303 δὲ
1665 1249 1966 1321 βουληθῆτε

376 1333 636 1396 γενέσθαι
682 1334 961 1405 διήγημα,
997 1337 1075 1398 ὡς
1118 1339 1382 1406 Ῥωμαῖοι
1418 1346 1794 1415 τετραγαμίαν
1829 1365 1969 1418 προ-

377 1421 545 1488 φάσει
569 1424 863 1494 βασιλικῆς
883 1428 1107 1499 χάριτος
1126 1433 1205 1494 εὲς
1229 1431 1288 1484 τὸ
1310 1433 1417 1487 τῶν
1441 1436 1786 1501 Χριστιανῶν
1811 1440 1966 1506 ἅγιον

378 1510 536 1574 ἔθνος
579 1516 918 1584 εἰσήγαγονο
965 1518 1145 1574 οἴδατε
1194 1521 1303 1594 γὰρ
1339 1524 1412 1588 ὡς
1454 1526 1606 1591 ὀξεῖα
1647 1528 1742 1582 τοῦ
1789 1531 1963 1585 κακοῦ

381 1605 418 1672 ἡ
448 1605 618 1675 φορὰ·
675 1607 766 1660 καὶ
803 1609 984 1680 ἀρχὴν
1028 1611 1267 1668 λαϐοῦσα
1301 1617 1538 1686 μάλιστα
1571 1621 1636 1673 ἐκ
1658 1622 1962 1694 δυνάμεως,

382 1698 486 1749 xui.
532 1698 655 1752 τότε
693 1701 958 1772 τοσαύτης
983 1704 1045 1757 οὑ
1094 1706 1294 1778 ῥᾳδίως
1339 1711 1765 1769 ἀνακόπτεσθαι.
1807 1716 1964 1771 Οὕτω

2082 519 2308 584 faciunt,
2342 528 2522 574 tamen
2574 534 2642 574 ne
2674 519 3076 584 scripsiuncnla
3121 522 3233 573 hate
3261 519 3408 587 justo
3441 519 3657 589 longius

2078 611 2443 675 extendatur,
2507 610 2597 664 hic
2649 609 3058 665 subsistendum
3117 611 3351 665 videtur.
3421 608 3656 665 Omissis

2081 704 2245 773 igitur
2268 718 2390 774 quae
2422 701 2602 758 adhuc
2635 703 2740 757 dici
2775 712 3026 773 possunt,
3064 703 3285 757 nonnisi
3319 703 3422 757 hoc
3463 703 3605 758 addo
3642 721 3657 758 :

2077 796 2355 850 Attendite
2392 797 2459 849 ad
2506 809 2603 850 vos
2650 795 2817 864 ipsos,
2873 794 3068 848 fratres
3105 794 3568 857 revoreudissimi,
3603 802 3660 849 et

2078 900 2270 940 eorum
2321 900 2444 956 qua:
2489 893 2791 940 evenerunt
2839 885 3235 942 absurditatem
3271 885 3662 953 iutelligentes,

2077 989 2130 1033 et
2163 994 2224 1033 ea
2257 995 2379 1047 qua:
2403 980 2454 1034 in
2493 980 2724 1050 gratiam
2760 979 3046 1049 potestatis
3079 981 3535 1036 lmmameillicite
3564 980 3688 1034 adv

2079 1072 2308 1127 misistis
2358 1072 2750 1142 reprobantes,
2799 1081 2968 1140 atque
3022 1081 3212 1126 curate
3278 1073 3469 1128 sedqu
3531 1089 3654 1142 quae

2077 1166 2235 1220 vobis
2305 1165 2604 1220 honorifica
2657 1175 2806 1231 sunt,
2860 1175 2913 1219 et
2961 1165 3220 1221 Ecclesia:
3264 1182 3328 1221 ac
3380 1167 3664 1236 religionis

2077 1254 2394 1309 Christianae
2433 1256 2661 1325 gloriam
2721 1264 3070 1325 promovent.
3118 1255 3296 1310 Nolite
3343 1258 3662 1324 permittere

2078 1357 2137 1402 ut
2163 1349 2409 1402 omnium
2443 1347 2808 1402 traducamini
2829 1364 2952 1413 ore.
2987 1349 3145 1418 quasi
3171 1347 3400 1403 Romani
3433 1350 3502 1404 ad
3529 1365 3661 1419 cap-

2077 1439 2300 1496 tandum
2337 1441 2682 1510 imperatoris
2739 1440 2978 1495 favorem
3029 1453 3286 1511 quartum
3319 1441 3658 1496 conuuhium

2076 1534 2131 1588 in
2205 1543 2457 1589 sanetum
2515 1535 2950 1588 Christianorum
3025 1543 3228 1589 coetum
3304 1533 3658 1596 invexerint,

2075 1625 2347 1695 siquidem
2406 1625 2544 1680 bene
2586 1626 2758 1681 nostis
2783 1634 2998 1696 quanto
3029 1627 3234 1696 impetu
3267 1641 3332 1680 ac
3361 1625 3661 1694 rapiditate

2074 1718 2277 1774 malum
2326 1717 2553 1782 feratur,
2609 1729 2774 1787 atque
2829 1729 3115 1788 postquam
3177 1734 3206 1772 a
3255 1716 3658 1786 potentioribus

395 1789 499 1881 καὶ
533 1793 795 1862 τριγαμία
819 1795 874 1847 ἐν
905 1795 1220 1868 ἀνθρώποις
1270 1802 1446 1874 ἀρχὴν
1485 1804 1646 1861 έλαὸε
1694 1810 1964 1863 πολιτεύε-

2079 1811 2344 1881 originem
2395 1811 2573 1878 duxit,
2628 1783 2735 1865 non
2799 1783 2982 1866 facile-
3019 1783 3286 1879 supprimi
3320 1817 3506 1880 queat.
3568 1806 3665 1862 Sic

400 1876 554 1969 σὺαι,
592 1883 929 1953 συνεχωρήθη
989 1885 1128 1955 πρὸς
1181 1888 1343 1960 χάριν
1382 1892 1522 1956 ἑνὸς,
1577 1896 1672 1949 καὶ
1715 1896 1975 1969 δεύτερος

387 1965 525 2038 ἦλθε
569 1974 652 2035 εἰς
690 1972 938 2044 μίμησιν,
977 1978 1074 2030 καὶ
1113 1980 1276 2034 πάλιν
1308 1983 1490 2048 ἄλλος,
1529 1987 1623 2042 καὶ
1662 1988 1839 2054 οὕτως
1881 1965 1974 2044 έπὶ

381 2061 677 2154 πλείστους
699 2065 920 2121 διελθὼν
946 2070 1028 2134 είς
1065 2074 1312 2145 πονηράν
1341 2078 1586 2150 κατέστη
1615 2081 1694 2153 τῷ
1721 2082 1822 2154 βίῳ
1847 2102 1974 2143 συν-

372 2153 601 2252 ηθειαν.
622 2157 730 2252 *Μὴ
763 2159 860 2213 οὖν
917 2162 1256 2236 ἁνάτχησθε,
1287 2169 1469 2224 καίτοι
1499 2153 1846 2246 γεγηρκυίας
1873 2184 1972 2252 τῆς

369 2246 737 2340 ανδρωπίνης
775 2253 1016 2322 φύσεως,
1058 2259 1150 2312 τὸν
1201 2259 1350 2324 ξένον
1397 2263 1588 2320 τοῦτον
1642 2269 1824 2340 γάμον
1875 2246 1971 2328 καὶ

371 2339 664 2410 ἀλλότριον
696 2343 792 2396 τοῦ
825 2346 1040 2414 γένους,
1093 2351 1302 2418 διδάξαι
1341 2356 1514 2428 αὑτήν
1539 2376 1555 2392 ο
1590 2361 1666 2432 μὴ
1705 2339 1760 2416 δὲ
1791 2369 1968 2421 τοιού-

366 2434 726 2524 τοιὶγμικροῦ
782 2438 1130 2507 πράγματος,
1181 2444 1257 2508 ὡς
1306 2448 1569 2514 γεγόνατε
1629 2453 1964 2524 διδάσκαλοι,

366 2522 446 2591 τῷ
479 2523 586 2592 βίῳ
617 2527 976 2584 καταλίποιτε
1009 2531 1217 2604 ὄνομα·
1248 2537 1366 2591 ἀλλ’
1397 2541 1553 2596 αὑτοὶ
1582 2545 1812 2613 ἑαυτοὺς
1836 2522 1968 2606 sua;

366 2613 712 2709 νορθώσατε.
747 2619 824 2672 Οὑ
855 2624 967 2693 γὰρ
993 2623 1154 2696 φέρει
1200 2627 1525 2702 αἰσχύνηνή
1565 2633 1676 2688 τῶν
1710 2640 1864 2709 παρὰ
1904 2643 1963 2696 τὸ

369 2707 494 2762 δέον
531 2713 882 2782 γεγενημένη
916 2715 1314 2788 ἐπανόρθωσις,
1349 2722 1553 2791 μᾶλλον
1605 2727 1706 2796 μὲν
1734 2707 1827 2782 οὖν
1866 2735 1961 2786 καὶ

369 2801 595 2896 σὺνεσιν
625 2812 1069 2878 προςμαρτυρετ,
1111 2812 1206 2864 καὶ
1230 2813 1438 2884 ἀρετῆς
1465 2814 1667 2888 ἔρωτα,
1693 2821 1787 2873 καί⁸
1826 2827 1962 2896 τιμᾷ

366 2894 468 2962 οὐχ
520 2895 740 2966 ὑϐρίζει
775 2899 901 2964 τοὺς
951 2900 1094 2954 οὕτω
1147 2908 1586 2977 πεφρονηκότας.
1637 2911 1816 2986 Ὅπερ
1865 2894 1959 2970 καὶ

369 2987 519 3055 ὑμᾶς
558 2987 712 3052 ἀξιον
755 2993 1024 3061 φρονῆσαι
1080 2997 1319 3064 μάλιστα
1356 3000 1468 3054 τῶν
1509 3005 1854 3073 πραγμάτων
1897 3010 1958 3077 ἐξ

2078 1903 2244 1959 etiam
2299 1904 2526 1958 tertium
2564 1903 2900 1958 connubium
2962 1903 3105 1958 inter
3153 1901 3404 1957 homines
3453 1897 3664 1954 invale-

2079 2011 2234 2052 scere
2275 1996 2463 2064 erepit.
2518 1994 2818 2065 Postquam
2863 1995 2916 2049 iu
2971 1995 3135 2049 unius
3183 1995 3414 2064 gratiam
3457 1990 3665 2048 admis-

2078 2105 2197 2144 sum
2231 2087 2428 2153 fuerat,
2479 2088 2754 2143 secundus
2811 2088 2972 2157 primi
3041 2087 3348 2158 exetnplum
3413 2086 3660 2140 imitatus

2075 2191 2184 2248 est,
2217 2190 2270 2236 et
2305 2180 2500 2236 deinde
2526 2179 2692 2245 alius,
2714 2180 2786 2234 ita
2821 2189 2878 2234 ut
2909 2180 3064 2250 quasi
3101 2194 3196 2244 per
3223 2178 3500 2233 traducem
3533 2192 3662 2246 pro-

2074 2278 2366 2346 pagaretur
2393 2283 2448 2330 et
2475 2273 2590 2345 iam
2624 2273 2676 2327 iu
2707 2257 2926 2342 pravam
2955 2271 3406 2327 consuetudinem
3445 2269 3662 2325 abierit.

2072 2368 2272 2424 Cavete
2299 2367 2464 2437 igitur
2507 2383 2596 2429 ne,
2631 2365 2884 2436 quamvis
2923 2376 3115 2419 natura
3160 2365 3400 2418 humana
3443 2361 3508 2416 ad
3554 2359 3661 2415 hoc

2071 2456 2568 2517 extraordinarium
2617 2456 3067 2525 humauitathue
3126 2453 3412 2525 indignum
3469 2453 3662 2507 matri-

2070 2554 2316 2610 monium
2347 2553 2594 2617 inclinet,
2627 2551 2878 2610 doctrina
2918 2560 3100 2605 vcstra
3134 2549 3264 2603 illud
3301 2545 3656 2603 commende-

2068 2650 2160 2711 tis,
2192 2660 2373 2716 neque
2404 2644 2570 2700 talem.
2598 2659 2711 2699 rem
2741 2648 2956 2713 turpem
2982 2642 3138 2697 vobis
3171 2640 3450 2709 magistris
3476 2638 3650 2708 origi-

2066 2753 2190 2792 nem
2221 2736 2414 2790 debere
2447 2751 2476 2789 a
2505 2733 2828 2804 posteritate
2857 2731 2964 2786 diei
2996 2740 3182 2803 queat,
3215 2729 3310 2784 sed
3342 2729 3408 2782 ad
3432 2726 3656 2782 meliora

2066 2847 2166 2885 vos
2203 2831 2526 2884 convertite.
2563 2823 2890 2895 llujttsmodi
2926 2823 3071 2879 enim
3106 2821 3395 2876 conversio
3432 2835 3552 2892 qua:
3585 2817 3652 2872 ad

2059 2920 2331 2988 justitiam
2385 2920 2464 2983 tit,
2509 2904 2721 2973 tantum
2761 2915 2916 2974 abest
2964 2923 3024 2969 ut
3058 2911 3215 2967 nobis
3253 2911 3324 2967 sit
3361 2917 3652 2965 contume-

2063 3011 2239 3080 liosa,
2275 3022 2334 3067 ut
2368 3013 2532 3067 etiam
2572 3009 2869 3080 prudentes
2899 3006 3227 3078 virtutisque
3263 3011 3513 3057 amantes
3547 3015 3649 3054 nos

369 3082 590 3180 οπὰτης
621 3084 720 3136 καὶ
773 3087 1113 3180 κακουργίας
1149 3090 1254 3171 τὴν
1293 3090 1528 3164 ὕπαρξιν
1569 3095 1865 3167 λαϐόντων,
1897 3105 1962 3176 ἢν

2071 3122 2190 3162 esse
2240 3106 2598 3166 demonstret,
2640 3101 2909 3172 siquidem
2965 3115 3061 3155 cos
3114 3098 3212 3168 qui
3269 3096 3348 3151 sic
3395 3094 3660 3160 sentiunt,

368 3175 516 3244 ὑμᾶς
555 3178 1022 3250 ἀποκρυψάμενοι
1079 3185 1438 3255 παρήνεγκαν
1475 3189 1562 3258 ἐφ’
1596 3189 1631 3244 ἃ
1665 3193 1740 3264 μὴ
1773 3195 1882 3250 ἔδει
1917 3175 1967 3254 οἱ

365 3265 543 3365 ταῦἶα
575 3270 939 3365 σκεψάμενοι.
974 3276 1083 3330 Καὶ
1113 3277 1432 3348 θαυμαστὸν
1459 3283 1633 3351 οὐδὲν,
1673 3289 1720 3341 εί
1748 3289 1962 3365 ἄνθρω-

367 3375 462 3456 ποι
490 3360 668 3426 ὄντες,
700 3363 769 3417 δι’
797 3367 1016 3439 ἀπάτης
1066 3369 1340 3444 ὲαφάλητε
1378 3375 1516 3430 ἀλλὰ
1545 3379 1707 3434 τοῦτο
1752 3360 1967 3456 θαυμα-

369 3452 500 3546 στὸν
529 3455 761 3546 μᾶλλον,
798 3461 845 3511 εί
875 3459 1072 3526 ἄλλους
1097 3466 1569 3540 ἐπαγγελλόμενοι
1593 3452 1966 3546 διορθοῦσθαι,

370 3545 447 3642 μη
484 3545 553 3598 τά
591 3545 811 3642 εὑαγῶς
844 3551 972 3620 ὑμῖν
1006 3559 1374 3628 πεπραγμένα
1412 3561 1513 3633 τῆς
1543 3545 1802 3638 τοιαὺτης
1834 3588 1969 3642 προ-

363 3636 521 3697 νοίας
564 3637 972 3712 καταξιώσητε.
1018 3645 1189 3700 T0510
1221 3647 1276 3701 δὲ
1328 3651 1550 3716 πάντως
1579 3636 1963 3730 προνοηοήσε-

359 3746 457 3783 ται
487 3731 626 3800 ὑμῖν
674 3732 1064 3805 ἀθετουμένων
1106 3739 1201 3792 καὶ
1234 3742 1652 3814 ἀκυρουμένων,
1688 3749 1788 3802 καὶ
1826 3753 1962 3804 ἁνα-

363 3823 572 3894 θέματι
598 3830 1130 3899 παραπεμπομένων
1155 3833 1264 3886 τῶν
1292 3840 1710 3906 προγεγονότων
1736 3843 1836 3896 καὶ
1861 3845 1972 3898 τῶν

255 3921 266 3928 ’
362 3916 790 3984 είσαγαγόντων
816 3923 917 3991 τὴν
953 3922 1063 3977 τῶν
1090 3927 1406 3982 σκανδάλων
1437 3931 1622 3984 αἰτίαν
1645 3935 1728 3998 εἰς
1750 3935 1848 4007 τὴν
1877 3937 1970 3990 105

361 4006 509 4062 Θεοῦ
556 4007 916 4080 Ἐκκλησίαν,
950 4015 1043 4068 καὶ
1075 4015 1220 4087 ὑμᾶς
1249 4021 1385 4090 πρὸς
1429 4021 1670 4094 μέμψεις
1703 4006 1971 4096 τηλικαὺ-

363 4116 470 4160 τας
503 4101 602 4153 ὲλα
611 4101 842 4159 σάντων.

2066 3214 2175 3252 non
2210 3197 2418 3268 pudore
2442 3196 2533 3250 sed
2570 3199 2777 3250 honore
2807 3192 2994 3248 allicit.
3029 3191 3124 3245 Est
3145 3199 3328 3244 autem
3363 3201 3428 3242 eo
3453 3187 3650 3256 magis,

2071 3301 2132 3345 ut
2164 3304 2264 3345 vos
2297 3290 2378 3344 sic
2422 3286 2694 3350 sentiatis,
2735 3284 3066 3355 eptaudum,
3121 3297 3228 3352 quo
3277 3278 3480 3337 certius
3526 3293 3661 3332 con-

2071 3395 2178 3441 stat
2206 3395 2373 3440 totam
2411 3383 2554 3437 hanc
2587 3396 2700 3436 rem
2738 3396 2767 3434 a
2805 3378 2996 3433 fraude
3028 3389 3082 3431 et
3113 3373 3499 3430 malevolentia
3545 3371 3658 3424 ori-

2070 3477 2251 3548 ginem
2316 3476 2585 3539 duxisse,
2648 3471 3092 3543 quandoquidem
3147 3469 3223 3523 illi
3276 3467 3478 3536 quibus
3532 3465 3651 3518 ha-c

2078 3568 2231 3624 cordi
2269 3567 2449 3631 fuere,
2476 3580 2574 3621 vos
2604 3564 2810 3619 inscios
2840 3562 2906 3617 ad
2935 3560 3088 3615 nefas
3127 3563 3524 3630 pertraxerunt.
3550 3553 3662 3608 Nec

2071 3660 2298 3722 mirum,
2337 3657 2483 3727 quod
2515 3685 2585 3697 -—
2614 3671 2722 3724 qua
2759 3652 3008 3708 homines
3036 3651 3170 3706 estis
3200 3680 3266 3692 —-
3291 3665 3385 3718 per
3409 3645 3657 3700 fallacias

2071 3753 2125 3808 in
2150 3768 2391 3809 errorem
2428 3749 2749 3813 cecidistis;
2799 3747 2970 3816 magis
3019 3754 3202 3799 autem
3260 3743 3458 3796 mirum
3493 3738 3656 3799 foret,

2073 3845 2142 3911 si,
2175 3846 2304 3900 dum
2349 3844 2486 3898 alios
2520 3843 2574 3896 in
2613 3849 2814 3897 rectam
2849 3839 2992 3892 viam
3025 3836 3263 3898 dirigere
3317 3831 3656 3904 promittitis,

2071 3951 2198 4006 erga
2233 3951 2330 3990 vos
2365 3936 2515 4004 ipsos
2546 3935 2647 3988 hoc
2701 3930 2936 3987 officium
2986 3925 3354 3999 negligeretis.
3395 3921 3500 3978 Sed
3541 3937 3659 3974 om-

2071 4030 2202 4082 nino
2231 4026 2530 4094 fuit-gemini
2572 4028 2675 4080 hoc
2722 4023 2922 4085 officio,
2973 4021 3019 4077 si
3063 4036 3126 4076 ea
3169 4034 3292 4090 qua:
3331 4015 3653 4072 acciderunt

2069 4132 2122 4175 et
2169 4117 2485 4191 hujusmodi
2550 4116 2793 4174 scandali
2845 4131 3067 4171 causam
3113 4114 3166 4168 in
3218 4111 3519 4165 Ecclesium
3559 4107 3655 4168 Dei

362 4194 684 4262 iniecerunt
718 4214 928 4269 vosque
980 4203 1051 4258 ad
1095 4203 1224 4259 talia
1265 4205 1403 4262 facta
1477 4208 1833 4280 vituperanda
1912 4214 2309 4285 perduxerunt,
2366 4221 2624 4283 tanquam
2708 4209 2861 4265 irrita
2913 4205 3261 4264 aboleveritis
3307 4213 3362 4260 et
3434 4203 3660 4257 anathe-

362 4295 515 4341 mate
545 4291 951 4358 percusseritis.

432 4381 616 4436 T0510
641 4381 698 4436 δέ
728 4400 914 4454 φαμεν
940 4387 1001 4439 οὑ
1036 4389 1168 4459 περὶ
1211 4387 1306 4444 105
1333 4391 1503 4446 καλοῦ
1550 4393 1841 4465 βασιλέως,
1883 4395 1960 4470 μὴ

2143 4394 2260 4452 Hoc
2288 4403 2469 4450 autem
2509 4409 2616 4448 non
2649 4392 2884 4448 dicimus
2921 4390 2988 4445 de
3035 4388 3206 4460 probo
3236 4388 3563 4458 imperatore
3587 4413 3659 4424 —-

357 4473 620 4543 γένοιτοί
648 4475 768 4527 οὑδὲ
797 4478 928 4546 περὶ
957 4479 1050 4532 τοῦ
1091 4480 1363 4553 ὑμετέρου
1391 4485 1664 4557 προέδρου
1706 4487 1960 4559 Σεργίου,

362 4565 477 4618 οὐδ’
508 4566 598 4618 ἵνα
631 4566 833 4620 ἐκεῖνοι
877 4570 958 4639 τῷ
990 4572 1298 4643 ἀναθέματι
1333 4578 1830 4648 παραπέμποιντοο
1863 4582 1964 4654 ἤδη

368 4659 480 4727 γὰρ
501 4660 668 4728 χεῖρα
700 4660 1065 4730 έπορέξιιντος
1089 4664 1225 4718 Θεοῦ
1250 4665 1328 4737 τῷ
1360 4668 1512 4740 καλῷ
1541 4669 1773 4740 βασιλεῖ,
1801 4674 1967 4738 αὑτὸς

379 4749 514 4819 πρὸς
553 4749 620 4802 τὸ
644 4751 797 4814 τέλος
830 4752 932 4823 τῆς
967 4755 1113 4826 ζωῆς
1143 4758 1408 4826 γεγονὼς,
1451 4759 1547 4814 καὶ
1575 4763 1670 4816 105
1699 4764 1966 4833 κατακρί-

369 4857 546 4911 pate;
604 4843 701 4896 καὶ
753 4843 847 4898 τοῦ
891 4846 1260 4919 άναθέματος,
1299 4853 1642 4923 πεποίθαμεν
1689 4859 1755 4932 τῇ
1804 4857 1961 4930 Θεῖκῇ

359 4935 654 5006 εὐμενείᾳ,
697 4937 797 5007 τὴν
844 4939 1024 5010 φυγὴν
1054 4942 1236 5013 ἐαυτῷ
1288 4945 1741 5018 περιπεποίηται,
1772 4949 1834 5002 τὸ
1865 4951 1964 5021 μὲν

359 5031 574 5081 οἰκεῖον
602 5028 912 5102 ἁμάρτημα
929 5034 1212 5102 ἐπιγνοὺς,
1249 5036 1586 5108 συγγνώμην
1603 5039 1658 5092 δὲ
1690 5043 1785 5092 καὶ
1807 5041 1962 5096 λύσιν

355 5124 468 5204 τῆς.
493 5121 801 5194 καταδίκης
835 5125 1289 5196 ἐξαιτησάμενος,
1398 5130 1532 5201 παρ’
1563 5130 1719 5200 ἡμῶν
1757 5132 1960 5187 ὑποϐέ-

359 5213 558 5284 ὢητο,
579 5216 674 5268 καὶ
695 5216 928 5280 ἀποδοὺς
956 5220 1050 5271 καὶ
1063 5220 1198 5289 ἡμῖν
1211 5221 1273 5273 τὸ
1287 5222 1543 5292 ποίμνιον
1559 5222 1621 5286 ἐξ
1636 5217 1808 5295 οὗπερ
1828 5225 1962 5294 ἠλά-

355 5303 565 5374 Θημεν,
602 5306 697 5359 καὶ
745 5309 926 5362 πάντα
947 5309 1223 5381 διοικῆσαι
1249 5313 1387 5383 ἡμῖν
1407 5313 1729 5384 ἐπιτρέψας,
1766 5315 1953 5379 καθὼς

359 5395 691 5468 συνορῶμεν
738 5402 832 5454 καὶ
863 5400 984 5470 Θεῷ
1016 5402 1279 5473 ἀρέσκον,
1310 5407 1405 5458 καί⁴
1438 5408 1549 5469 τοῖς
1572 5406 1740 5471 Θείοις
1793 5407 1959 5479 ἱεροῖς

358 5491 590 5544 κανόσιν
624 5492 906 5564 ἁρμόδιον.
967 5495 1081 5548 Καὶ
1127 5495 1225 5550 τοῦ
1267 5497 1542 5569 ὑμετέρου
1576 5499 1634 5552 δὲ
1686 5499 1955 5571 προέδρου

366 5581 451 5635 δὸν
482 5581 600 5653 βίον
651 5585 927 5649 λιπόντος,
973 5587 1070 5639 καὶ
1119 5586 1198 5657 τῷ
1239 5588 1446 5661 πρώτῳ
1481 5589 1578 5642 καὶ
1610 5591 1835 5660 μεγάλῳ
1864 5591 1956 5644 τὸν

360 5669 520 5742 λόγον
573 5674 676 5749 τῆς
729 5675 906 5737 αὑτοῦ
956 5678 1276 5748 οἰκονομίας
1331 5679 1630 5751 ὑπέχοντος
1680 5682 1951 5754 ἀρχιερεῖ,

365 5766 582 5846 ἀπόχρη
616 5777 792 5843 τούτῳ
821 5771 918 5824 καὶ
956 5767 1124 5840 χωρὶς
1148 5769 1244 5842 τῆς
1284 5770 1517 5827 ἐνταῦθα
1554 5771 1645 5827 καὶ
1672 5773 1949 5846 ἀνθρωπί-

2072 4488 2216 4558 quod
2239 4487 2380 4542 Deus
2396 4494 2609 4540 avertat
2630 4485 2644 4540 ι
2668 4499 2929 4553 —-neque
2960 4483 3026 4537 de
3048 4491 3228 4536 vestro
3255 4481 3657 4549 pranlecessore

2075 4580 2307 4651 Sergio,
2358 4588 2419 4634 ut
2471 4578 2818 4633 anathemate
2863 4575 3154 4630 feriantur.
3204 4571 3360 4638 Quod
3407 4571 3552 4624 enim
3591 4569 3657 4624 ad

2072 4673 2277 4730 bonum
2325 4673 2714 4742 imperatorem
2753 4669 2964 4732 attinet,
3012 4667 3124 4737 jam
3167 4665 3370 4732 divinis
3399 4663 3542 4718 ulnis
3571 4677 3658 4716 rc-

2067 4775 2259 4836 ccptus
2285 4765 2350 4820 ad
2381 4767 2542 4819 linem
2579 4764 2704 4818 vita:
2734 4761 3001 4830 pervenit,
3029 4768 3082 4813 et.
3111 4755 3573 4812 coudemuatione
3601 4761 3656 4807 et

2067 4858 2417 4913 anathemate
2451 4855 2754 4912 secundum
2809 4854 2898 4908 Dei
2951 4848 3368 4922 benignitatem,
3419 4845 3494 4899 uti
3533 4859 3656 4900 crc-

2064 4951 2195 5004 dere
2242 4949 2325 5006 fas
2376 4961 2481 5016 est,
2517 4947 2803 5003 absolutus
2863 4944 3070 5016 pec«-ati
3110 4941 3194 4999 sui
3251 4939 3354 4995 sibi
3393 4936 3655 4993 conscius

2065 5041 2242 5098 factus
2267 5050 2350 5098 est
2375 5051 2538 5112 atque
2564 5039 2781 5095 veniam
2812 5037 3256 5104 solutionemque
3286 5029 3656 5086 damnationis

2063 5141 2151 5194 cui
2183 5155 2309 5193 eum
2362 5137 2800 5209 subieceramus,
2837 5133 3094 5204 precibus
3119 5132 3236 5185 suis
3264 5128 3520 5184 obtinuit.
3559 5124 3652 5178 Et-

2061 5227 2207 5284 enim
2231 5236 2286 5282 et
2314 5237 2514 5282 emtum
2541 5241 2570 5279 a
2601 5239 2711 5294 quo
2727 5224 2933 5288 depulsi
2957 5237 3198 5286 eramus,
3221 5219 3382 5274 uobis
3400 5215 3653 5276 reddidit,

2059 5327 2116 5372 et
2137 5317 2324 5372 omnia
2367 5315 2446 5372 uti
2481 5329 2587 5370 nos
2626 5313 2736 5370 Deo
2787 5315 3002 5384 placere
3034 5320 3089 5366 et
3135 5310 3309 5366 sacris
3342 5306 3648 5367 eanouibns

2059 5408 2350 5463 convenire
2378 5406 2842 5471 existimaremus,
2875 5406 3170 5461 inetituerc
3209 5411 3378 5473 atque
3410 5397 3653 5454 admini-

2061 5510 2237 5555 strare
2269 5499 2540 5570 permisit.
2565 5497 2760 5555 Vester
2777 5508 2962 5554 autem
2996 5499 3362 5568 prtedecessor
3389 5506 3511 5547 cum
3529 5489 3644 5558 jam

2059 5604 2124 5642 ex
2158 5589 2261 5644 hac.
2296 5589 2405 5643 vita
2436 5588 2772 5655 discesserit,
2803 5589 3069 5658 primario
3103 5602 3165 5640 ac
3202 5597 3421 5640 summo
3452 5579 3607 5652 ponti

2063 5677 2145 5733 fici
2204 5678 2706 5735 administrationis
2773 5695 2886 5735 sua:
2937 5679 3204 5733 rationem
3272 5673 3641 5739 redditurus,

2063 5770 2379 5842 neutiquam
2419 5788 2558 5845 opus
2603 5780 2688 5829 cst
2713 5777 2787 5849 _ut
2835 5769 2952 5826 haec
2998 5769 3165 5826 multa
3201 5768 3440 5825 humana
3474 5764 3520 5822 ci
3552 5764 3639 5820 iu-
