4152 6408
493 300 597 364 Ξίῗ)
1627 298 1940 361 NICOLAI
1978 297 2089 360 CP.
2131 298 2133 304 ’

2133 297 2358 358 PATRI
2373 298 2650 360 ARCIIE
3663 294 3773 360 220

492 413 732 482 ﬂigatur.
797 412 1044 481 Uterque
1105 397 1274 479 igitur
1339 409 1709 473 eximendus,
1765 425 1794 464 α
1854 409 2132 478 reliquis!

2128 412 2155 467 λ
2185 427 2283 480 νης
2336 411 2745 479 ὑπο-τιμήσεως.
2782 409 2948 460 Ὥστε
3000 405 3222 475 τούτους
3275 403 3376 472 μιν
3433 404 3768 476 ἐξαιρετέον-

497 514 677 559 autem
707 503 798 574 qui
844 506 1150 560 etiamnum
1205 512 1501 574 supersunt
1534 517 1752 572 pmnam
1802 518 1965 572 quam
2001 504 2084 556 in-

2187 505 2316 566 τοὺς
2346 503 2391 556 δ’
2444 503 2642 566 ἄλλους
2695 503 2790 556 καὶ
2827 501 2906 570 τῷ
2953 500 3056 570 βίῳ
3097 500 3407 568 περιόντας,
3447 501 3513 568 τῇ
3559 499 3760 567 ὀφειλο-

498 603 811 656 currerunt,
857 593 1118 663 expetite.
1175 593 1388 647 Etenim
1426 609 1534 648 non
1583 594 1761 649 solum
1795 609 1895 649 nos
1930 595 2086 649 vobis

2193 595 2331 664 μένῃ
2381 593 2656 664 παράδοτε
2707 593 3010 663 καταδίκῃ·
3040 593 3134 646 καὶ
3188 592 3275 645 διὰ
3325 591 3435 644 τῶν
3485 591 3756 660 ἡμετέρωι

500 684 822 753 scripsimus
871 699 976 754 qua
1037 685 1306 754 pravitate
1347 684 1430 738 usi
1478 683 1744 750 luerunt,
1797 684 1889 739 sed
1921 687 2084 740 etiam

2083 727 2084 736 η
2190 687 2540 756 γραμμάτων
2575 686 2843 756 μαθόντες
2871 687 2970 738 ὅσα
3015 684 3477 756 ἐπονηρεύσαντο,
3517 685 3610 736 καὶ
3643 678 3723 746 οἷς

503 789 756 831 summus
804 776 1120 846 Christique
1175 790 1367 830 amans
1421 775 1718 845 imperator
1753 776 1818 830 ad
1849 785 2085 831 vestram

2192 779 2542 850 φιλόχριστος
2593 781 2689 834 καὶ
2753 779 2928 850 μέγας
2979 780 3137 849 ἡμῶν
3201 777 3456 847 βασιλεὺς
3518 777 3780 846 πρόνοιαν

506 871 758 924 notitiam
811 869 1038 939 perferri
1080 869 1250 938 jussit
1283 885 1627 938 quaecunque
1657 869 1848 924 dolose
1879 870 2088 924 machi-

2191 873 2346 926 ἔθετο
2377 874 2583 941 γνῶναι
2631 873 2778 941 ὑμᾶς
2808 873 2876 926 τὰ
2921 872 3151 934 ἐκείνοις
3205 869 3777 941 δραματοποιηθέντα,

506 962 620 1016 nati
657 971 805 1021 sunt,
838 962 908 1016 ita
942 970 1000 1015 ut
1030 961 1166 1014 nihil
1204 977 1301 1014 vos
1334 961 1504 1016 latere
1532 961 1707 1030 possit
1743 975 1934 1015 eorum
1967 976 2091 1029 qua:

2192 966 2288 1018 καὶ
2353 965 2520 1036 μηδὲν
2569 964 2755 1017 λαθεῖν
2779 965 2880 1034 τῆς
2923 961 3153 1034 ψευδοῦς
3195 963 3375 1015 αὐτῶν
3419 960 3688 1030 συσκευῆς
3721 962 3781 1013 ὲν

507 1054 758 1109 mendaci
797 1053 1044 1121 lartiticio
1101 1062 1449 1123 peregerunt,
1501 1068 1626 1108 cum
1681 1053 1912 1107 illustris
1947 1053 2091 1108 illius

2194 1059 2272 1129 τῷ
2299 1059 2788 1130 καταπράξασθαι,
2813 1059 2903 1112 διὰ
2937 1059 3034 1111 τοῦ
3065 1057 3435 1127 περιϐλέπτου
3471 1054 3638 1108 αὑτοῦ
3679 1071 3783 1122 μα-

511 1149 773 1214 magister
800 1158 851 1200 et
893 1163 1016 1216 qua:
1049 1148 1190 1200 mala
1231 1148 1415 1201 animo
1449 1149 1840 1216 conceperint,
1878 1156 1932 1202 et
1971 1161 2094 1217 quae

2193 1153 2426 1224 γίστρου
2471 1153 2610 1224 πρδς
2660 1153 2808 1224 ὑμᾶς
2852 1151 3186 1221 κομισθέντα
3222 1149 3292 1201 τὰ
3316 1147 3501 1212 κακῶς
3553 1148 3786 1217 μελετηα

510 1242 691 1310 pejora
712 1243 872 1295 etiam
902 1242 1125 1310 scriptis
1153 1241 1552 1310 evulgarerint,
1581 1242 1734 1296 vobis
1763 1256 1862 1311 per
1883 1241 2096 1296 litteras

2197 1246 2379 1309 θέντα,
2416 1242 2551 1299 πολῦ
2577 1245 2634 1299 δὲ
2665 1245 2838 1316 χείρω
2869 1246 2966 1297 καὶ
2992 1243 3211 1314 γραφῆς
3250 1240 3567 1305 ἀξιωθέντα.
3605 1240 3682 1290 Δι’
3705 1231 3784 1291 ὧν

513 1334 855 1390 indicaverit.
907 1332 1123 1399 Quibus
1183 1334 1443 1389 omnibus
1496 1334 1701 1389 veritas
1761 1333 1900 1388 adeo
1947 1335 2095 1388 clare

2198 1337 2418 1392 πάντων
2438 1338 2538 1408 τῆς
2569 1337 2834 1406 ἀληθείας
2865 1335 3337 1406 ἐμφανιζομένης,
3365 1331 3630 1402 ὑμέτερόν
3666 1331 3787 1384 ἐστι

509 1425 728 1490 enituit,
757 1433 816 1480 ut
845 1425 955 1495 iam
1005 1426 1292 1480 mendacia
1344 1426 1664 1497 reprobare,
1703 1435 1758 1482 et
1796 1425 1939 1480 facta
1975 1442 2096 1496 qme

2202 1429 2550 1498 καταγνῶναι
2585 1429 2679 1484 τοῦ
2730 1429 2981 1498 ψεύδους,
3015 1429 3109 1481 καὶ
3139 1426 3175 1480 ὰ
3214 1425 3290 1496 μὴ
3334 1425 3438 1477 ἔδει
3469 1423 3570 1494 τὴν
3608 1424 3790 1494 ἀρχὴν

508 1518 730 1573 evenire
777 1533 1064 1588 nunquam
1115 1519 1410 1583 debebant,
1471 1519 1879 1583 condemnare,
1933 1529 2097 1589 atque

2202 1524 2543 1593 πραχθῆναι,
2573 1520 2750 1576 ταῦτα
2774 1519 2821 1574 εί
2856 1521 2954 1574 καὶ
2982 1517 3288 1590 διεπράχθη
3317 1515 3666 1586 κατακρίναι,
3690 1515 3791 1568 καὶ

513 1612 792 1680 antiquam
818 1619 1060 1667 vestram
1090 1612 1319 1682 gloriam
1355 1614 1782 1684 opinionemque
1807 1615 2099 1669 restituere

2202 1615 2303 1686 τὴν
2325 1617 2384 1680 ἐξ
2403 1615 2575 1686 ἀρχῆς
2597 1614 2627 1666 ὑ
2637 1614 2752 1684 μῶν
2763 1613 2931 1678 ,δόξαν
2953 1611 3364 1666 ἀνασώσασθαι.
3390 1609 3576 1662 Πάντα
3601 1609 3791 1661 ἐκεῖνα

515 1704 778 1759 debeatis.
807 1703 969 1759 Omni
1014 1706 1102 1760 illa
1133 1706 1300 1776 igitur
1331 1706 1383 1760 in
1399 1708 1791 1762 sceleratorum
1827 1717 1992 1776 caput
2016 1723 2100 1761 re-
2134 1761 2155 1778 ,

2154 1761 2172 1778 ι
2206 1708 2472 1778 ῥίψαντας
2496 1710 2576 1772 είς
2595 1707 2840 1777 κεφαλὴν
2869 1707 2979 1759 τῶν
3003 1705 3528 1774 κακουργησάντων,
3547 1702 3642 1755 καὶ
3663 1702 3794 1755 ὅσον

513 1797 686 1863 jicite,
713 1797 1005 1866 siquidem,
1031 1808 1298 1868 quantum
1325 1815 1489 1868 penes
1517 1799 1665 1867 ipsos
1687 1799 1811 1864 luit,
1835 1799 2098 1870 majorem
2135 1795 2153 1815 '

2154 1795 2173 1815 ¹
2207 1803 2294 1853 ἐπ’
2351 1801 2551 1863 αὑτοὺς
2605 1797 2730 1875 ἦκε,
2783 1800 2946 1853 πλέον
2975 1803 3042 1870 τῇ
3087 1799 3378 1868 Ῥωμαίων
3430 1795 3794 1867 Ἐκκλησίᾳῆ

525 1887 785 1943 Romanae
808 1903 969 1958 quam
1003 1899 1202 1944 nostrae
1237 1890 1494 1944 Ecclesiae
1520 1889 1693 1944 labem
1724 1897 2100 1959 asperscrunt.

1475 1907 1494 1943 ιι
1520 1889 1693 1944 labem
1724 1897 2100 1959 asperserunt.
2204 1896 2274 1965 τῇ
2305 1890 2545 1947 ἐνταῦθα
2576 1893 2984 1965 λυμηναμένων
3014 1891 3115 1963 (I).

873 2003 1114 2059 XXXIII.
1151 2004 1416 2076 Tryphoni
1450 2006 1727 2059 monacho.

2579 2009 2703 2063 Al".
2753 2005 3025 2084 Τρύφωνι
3062 2004 3403 2086 μονάζοντι.

596 2119 750 2174 llaud
779 2120 960 2174 minor
993 2131 1047 2175 et
1071 2121 1229 2174 nobis
1294 2121 1433 2174 inest
1464 2120 1734 2190 cupiditas
1765 2129 1871 2174 tua:
1900 2120 2106 2175 sancti-

2280 2123 2449 2178 Οὑδέν
2488 2125 2716 2178 ἔλαττον
2749 2123 2845 2176 καὶ
2873 2125 3004 2193 ἡμῖν
3037 2125 3117 2186 είς
3150 2121 3449 2192 ἐπιθυμίαν
3486 2119 3801 2190 καθέστηκε

523 2214 620 2268 tuti
679 2211 1064 2277 conversandi,
1155 2213 1554 2282 przesentiaque
1631 2220 1686 2267 et
1774 2213 2107 2267 commercio

2209 2221 2275 2290 τῇ
2346 2221 2410 2290 σῇ
2473 2219 2712 2289 ὁσιότητι
2761 2217 3166 2286 συγγενέσθαι,
3213 2219 3308 2270 καὶ
3351 2215 3656 2287 παρουσίας
3703 2214 3803 2268 καὶ

525 2305 762 2373 h-ucndi,
795 2321 958 2374 quam
1013 2319 1120 2375 quo
1178 2314 1232 2358 tu
1288 2303 1486 2374 ipsc,o
1539 2303 1704 2359 homo
1756 2302 1872 2370 Dei,
1907 2305 2108 2360 teneris

2209 2313 2426 2383 ὁμιλίας
2461 2313 2810 2381 κοινωνῆσαι,
2856 2313 2890 2383 ἢ
2931 2314 3056 2367 ὅσον
3099 2311 3283 2377 αὑτὸς,
3325 2304 3371 2364 ὦ
3415 2309 3509 2364 τοῦ
3540 2308 3674 2363 Θεοῦ
3705 2309 3805 2364 ἀν-

523 2398 814 2452 ιιυείιιοτίο.
842 2396 946 2451 Sed
974 2399 1234 2468 quoniam
1265 2413 1446 2452 rerum
1473 2413 1780 2452 concursus
1803 2398 1852 2451 id
1881 2414 2110 2467 corpore

2213 2407 2422 2477 θρωπε,
2459 2406 2556 2475 τῆς
2598 2406 2859 2474 τοιαύτης
2898 2405 3162 2476 ὑπάρχεις
3207 2403 3470 2473 ἐφέσεως.
3514 2403 3653 2456 Ἀλλ’
3674 2401 3804 2456 ἐπεὶ

525 2490 642 2543 ﬁeri
671 2505 776 2543 non
812 2489 959 2553 sinit,
999 2491 1204 2544 meliori
1258 2491 1495 2560 quodam
1547 2505 1844 2558 congressu
1888 2491 2109 2546 satisfa-

2211 2499 2320 2553 τῶν
2347 2499 2692 2569 πραγμάτων
2721 2499 2779 2551 αἱ
2804 2495 3170 2568 περιπτώσεις
3201 2497 3530 2564 σωματικῶς
3547 2495 3805 2564 γενέσθαι

527 2583 736 2636 ciamus
771 2592 974 2636 nostra:
997 2583 1308 2658 cupiditati,
1370 2591 1552 2636 mente
1611 2591 2023 2648 conversantes,
2058 2592 2112 2638 et

2212 2587 2374 2641 τοῦτο
2433 2587 2507 2657 μὴ
2544 2586 2846 2658 βούλονται,
2882 2586 3152 2658 κρείττονι
3189 2588 3296 2640 τινὶ
3337 2587 3596 2658 κοινωνίᾳ
3641 2585 3809 2657 θερα-

529 2675 730 2729 utentis
762 2675 936 2730 oculis
965 2675 1424 2743 contemplatione
1460 2676 1637 2745 potiti,
1681 2675 1783 2730 hoc
1814 2677 1958 2729 cnim
2007 2684 2113 2732 tua:

2215 2679 2475 2751 πεύωμεν
2519 2681 2618 2749 τὴν
2670 2679 2971 2750 ἐπιθυμίαν
3017 2677 3220 2750 νοερῶς
3262 2679 3672 2750 συγγινόμενοι,
3705 2679 3803 2732 καὶ

524 2785 742 2840 quoque
764 2769 1038 2825 sanctitati
1073 2779 1284 2839 gratum
1309 2769 1424 2824 ﬁeri
1447 2769 1720 2824 existimo.
1746 2768 1900 2836 Quod
1928 2777 2109 2824 autem

2217 2771 2498 2843 βλέμμασι
2527 2774 2624 2840 τῆς
2653 2769 2831 2842 ψυχῆς
2861 2770 2960 2843 τὴν
3000 2771 3305 2825 ἀπόλαυσιν
3347 2770 3586 2840 ἔχοντες.
3630 2770 3808 2824 Τοῦτο

527 2864 718 2916 ιιεοτιιο
786 2862 1022 2927 laboras,
1058 2861 1202 2926 inde,
1264 2871 1461 2932 praeter
1492 2874 1687 2930 caetera
1745 2878 1865 2931 quae
1897 2871 2114 2932 propter

2217 2859 2336 2918 οἶδα
2366 2865 2462 2918 καὶ
2488 2867 2554 2935 τῇ
2591 2866 2658 2935 σῇ
2690 2864 2936 2934 ὁσιότητι
2963 2863 3056 2918 τοῦ
3091 2865 3206 2918 ῐσου
3231 2861 3398 2917 πόθου
3431 2861 3810 2934 παρεχόμενον

528 2965 749 3026 peccata
810 2966 996 3010 nostra
1047 2954 1486 3010 indelicientibus
1547 2955 1834 3010 doloribus
1911 2954 2116 3010 feriunt

2219 2956 2540 3012 ἀπολαύειν,
2605 2955 2744 3028 Περὶ
2807 2956 2865 3010 δὲ
2909 2957 3010 3028 τῆς
3053 2955 3332 3027 λυπούσης
3376 2955 3684 3020 ἀσθενείας,
3714 2955 3813 3008 ἐπὶ

531 3053 774 3102 animam
819 3057 1092 3113 nostram,
1148 3048 1465 3118 accepimus
1501 3054 1555 3101 et
1607 3062 1756 3102 nunc
1787 3047 1994 3103 doloris
2029 3049 2115 3101 in-
2153 3109 2171 3119 Δ

2174 3111 2186 3119 _
2219 3051 2333 3112 τοῖς
2361 3049 2541 3109 ἄλλοις
2561 3049 2661 3102 ὅσα
2690 3048 2778 3102 διὰ
2807 3049 2906 3111 τάς
2945 3049 3223 3118 ἁμαρτίας
3248 3048 3408 3119 ἡμῶν
3440 3047 3814 3112 ἀδιαλείπτοις

530 3152 891 3196 ert-mentum.
926 3141 1176 3195 Attamen
1211 3141 1489 3210 supplices
1515 3138 1668 3206 facti,
1708 3140 1758 3193 in
1792 3139 1900 3194 Deo
1929 3139 2117 3193 Sulva-
2145 3109 2170 3167 ί

2174 3111 2188 3164 ³
2221 3109 2482 3212 ἀλγηδόσι
2511 3141 2695 3213 βάλλει
2718 3142 2818 3211 τὴν
2844 3109 3124 3213 ἡμετέραν
3153 3109 3356 3212 ψύχῆν,
3379 3138 3683 3210 ἐδεξάμεθα
3716 3109 3814 3192 καλ

534 3243 862 3290 torenostro
883 3235 1233 3296 conﬁdimus,
1267 3249 1374 3287 non
1433 3233 1814 3303 pestmultum
1862 3234 2119 3302 temporis

2221 3237 2317 3290 νῦν
2352 3236 2674 3308 προσθήκην
2716 3235 3034 3305 ἀλγηδόνος.
3070 3237 3264 3304 Ὅμως
3285 3232 3378 3287 οὑν
3419 3233 3816 3304 ἀναφέροντες,

535 3341 687 3383 tuum
729 3328 981 3383 morbum
1016 3326 1356 3382 curationem
1392 3325 1744 3395 adepturum,
1800 3327 1929 3378 dum
1959 3327 2120 3380 modo

2223 3330 2317 3384 ἐπὶ
2351 3327 2428 3400 τῷ
2464 3328 2680 3399 Σωτῆρι
2712 3328 2831 3399 Θεῷ
2875 3328 3033 3400 ἡμῶν
3057 3329 3155 3398 τὴν
3191 3327 3385 3380 ἐλπίδα
3417 3325 3817 3397 προσδοκῶμεν

537 3433 593 3474 ιιι
623 3421 778 3483 velis.
807 3420 1264 3490 quemadmodum
1317 3416 1618 3488 efﬂagitasti
1662 3429 1721 3472 ut
1777 3417 2123 3472 mitterentur

2222 3421 2324 3491 τῆς
2383 3423 2477 3475 ἐπὶ
2523 3421 2608 3474 σοὶ
2644 3421 2962 3492 ἀλγηδόνος,
2995 3421 3094 3473 οὑκ
3145 3421 3225 3483 είς
3263 3419 3484 3490 μακράν
3513 3418 3695 3490 εὑρεῖν
3717 3417 3818 3488 τὴν

541 3513 878 3580 :uljumenta,
928 3527 1050 3582 quze
1095 3521 1150 3565 et
1196 3510 1470 3574 misimus,
1519 3507 1589 3562 ita
1644 3508 1899 3564 utilitatis
1933 3524 2121 3564 eorum

2227 3514 2548 3582 θεραπείαν,
2593 3516 2689 3569 ἐὰν
2740 3516 2901 3584 μόνον
2957 3514 3021 3568 σὺ
3069 3512 3365 3583 βουληθῇς,
3407 3511 3599 3582 ὥσπερ
3629 3510 3820 3581 ῂτήσω

538 3604 973 3674 experimentum
1010 3601 1188 3657 facere
1218 3601 1335 3656 sine
1366 3615 1541 3653 mora.
1575 3598 1730 3654 Patet
1755 3601 1899 3655 enim
1947 3601 2126 3656 omnis

2225 3609 2326 3680 τὴν
2367 3609 2475 3660 τῶν
2531 3607 2894 3680 βοηθημάτων
2919 3605 3250 3676 ἀποστολὴν,
3277 3601 3313 3658 ἃ
3349 3607 3443 3658 καὶ
3485 3601 3819 3657 ἀπεστείλα-

542 3695 892 3752 adversitatis
952 3695 1005 3749 in
1037 3692 1307 3764 principio
1357 3692 1516 3747 Iacile
1562 3708 1684 3748 esse
1743 3692 2041 3764 ell'ugium;
2078 3693 2125 3749 si

2231 3719 2354 3772 μεν,
2379 3699 2522 3754 οὑτω
2554 3701 2649 3754 καὶ
2675 3700 2774 3770 τῆς
2801 3703 3050 3770 χρήσεως
3079 3697 3263 3753 αὑτῶν
3297 3698 3494 3766 πεῖραν
3518 3694 3706 3748 λαϐεῖν
3741 3693 3819 3764 μὴ

543 3791 668 3860 quis
697 3800 880 3844 autem
910 3788 1057 3842 illius
1081 3786 1422 3842 vexationem
1459 3785 1784 3854 neglexerit,
1815 3784 2126 3842 viribuset

2232 3792 2496 3864 βραδέως.
2527 3793 2672 3846 Διότι
2705 3793 2806 3846 οὑκ
2851 3793 3070 3863 ἄδηλον,
3120 3792 3202 3844 ὅτι
3243 3789 3446 3852 παντὸς
3478 3786 3821 3856 ἐναντιώμα-

544 3893 788 3953 tempore
839 3880 1102 3950 acceptis,
1150 3879 1264 3950 jam
1324 3895 1432 3932 non
1463 3879 1668 3948 pariter
1699 3891 1796 3932 eos
1829 3877 2126 3945 dimittere,

2299 3904 2322 3950 ς
2363 3888 2420 3940 ἐν
2454 3887 2598 3958 ἀρχῇ
2633 3886 2795 3958 ῥᾳδία
2829 3887 2862 3956 ἡ
2897 3887 3179 3956 ἀποφυγὴ,
3213 3884 3245 3954 ἡ
3285 3883 3342 3936 δὲ
3369 3881 3560 3935 τούτου
3591 3879 3826 3947 παρενό-
3921 3908 3939 3920 -

542 3981 661 4050 qui,
713 3995 836 4033 cum
889 3977 1046 4062 prius
1089 3974 1472 4046 neglexerunt,
1548 3971 1826 4044 posterius
1878 3972 2129 4028 vexantis

2231 3977 2422 4050 χλησις
2457 3980 2515 4032 ἐν
2548 3978 2954 4049 καταφρονήσει
3007 3975 3290 4046 τιθεμένη,
3321 3973 3556 4042 δύναμιν
3593 3970 3703 4030 ἀπὸ
3727 3968 3823 4022 τοῦ

544 4071 675 4126 mali
731 4067 1005 4122 curationi
1065 4065 1414 4120 incumbunt.
1440 4063 1671 4134 Oportet
1697 4064 1862 4134 igitur
1889 4071 2130 4119 vestram

2233 4073 2428 4143 χρόνου
2482 4071 2859 4143 λαμϐάνουσα,
2907 4071 3097 4124 οὐκέτι
3159 4069 3362 4140 ὁμοίως
3400 4065 3583 4144 ἐθέλει.
3613 4065 3825 4117 ἀνιέναι

545 4164 916 4224 sanctitatem,
980 4161 1373 4230 adjumentisa
1413 4157 1525 4214 Deo
1581 4157 1852 4228 susceptis
1908 4157 2134 4211 minime

2233 4167 2362 4230 τοὺς
2393 4166 2660 4239 πρότερον
2691 4164 3139 4236 καταφρονητάς,
3185 4162 3412 4232 ὕστερον
3441 4162 3497 4214 δὲ
3535 4160 3669 4231 πρὸς
3697 4160 3827 4212 ἐπι-

545 4258 784 4327 segniter
814 4256 915 4310 uti.
947 4253 1184 4310 Omnino
1209 4255 1355 4308 enim
1379 4253 1433 4307 in
1458 4252 1600 4306 bona
1629 4267 1724 4322 spe
1745 4266 1958 4316 sumus,
1986 4251 2030 4307 si
2051 4251 2134 4307 eis

2238 4259 2462 4329 μέλειαν
2535 4258 2975 4328 καθισταμένους
3036 4260 3134 4329 τῆς
3200 4257 3296 4310 τοῦ
3356 4251 3829 4326 παρενοχλοῦντος

548 4350 864 4406 accuratius
909 4363 1042 4404 usus
1100 4347 1296 4413 fueris,
1355 4345 1653 4401 redituram
1685 4359 1806 4400 esse
1829 4344 2132 4401 naturalem

2237 4351 2497 4418 διώξεως.
2518 4353 2611 4407 Δεῖ
2639 4347 2731 4406 οὖν
2753 4354 2848 4407 καὶ
2888 4350 2988 4423 τὴν
3021 4352 3175 4423 ὑμῶν
3221 4351 3535 4420 τελειότητα
3555 4348 3666 4401 τῶν
3697 4345 3829 4416 βοη-

548 4453 656 4496 tnre
679 4440 864 4496 carnis
899 4439 1324 4504 restitutionem,
1358 4438 1424 4492 Et
1453 4436 1568 4492 haec
1598 4435 1817 4507 quidem
1843 4435 2132 4493 hactenus.
2165 4449 2188 4510 ι

2192 4441 2501 4513 »ϐημάτων
2545 4442 3083 4513 καταλαμϐανόντων
3130 4443 3227 4497 σὺν
3284 4441 3425 4509 Θεῷ,
3465 4441 3538 4510 μὴ
3565 4436 3832 4511 ῥᾳθύμως

550 4532 630 4585 Tu
657 4548 782 4586 vero
804 4533 894 4600 qui
927 4533 1070 4587 nosti
1098 4541 1304 4602 quanta
1338 4529 1497 4585 nobis
1530 4529 1782 4600 patienda
1805 4529 1916 4585 sint.
1939 4529 2141 4585 talibus

2237 4535 2422 4590 αὑτῶν
2471 4538 2572 4604 τὴν
2628 4535 2827 4607 χρῆσιν
2868 4535 3222 4607 ποιήσασθαι.
3279 4535 3506 4593 Πάντως
3535 4533 3643 4603 γάρ
3675 4530 3828 4583 εὑέλ-

552 4641 734 4678 rerum
807 4625 1226 4695 tempestatibus
1273 4623 1500 4696 jactatis
1562 4623 1753 4694 quales
1812 4622 1955 4678 haud
2024 4622 2138 4678 scio

2236 4628 2389 4691 πιδές
2447 4629 2640 4698 ἐσμεν,
2696 4630 2772 4692 ὠς
2805 4620 2882 4681 ἐι
2943 4628 3363 4698 σπουδαιότερον
3402 4626 3586 4697 χρήσῃ
3624 4622 3829 4686 αὑτοῖς,

551 4728 733 4773 utrum
775 4719 956 4790 aliqua
1020 4732 1262 4790 unquam
1343 4716 1666 4772 excitaverit
1720 4715 2022 4778 calamitas,
2080 4715 2134 4768 in

2231 4720 2658 4774 ἐπανελεύσεται
2720 4721 2754 4792 ἡ
2789 4722 2998 4794 φυσικὴ
3049 4719 3143 4774 τοῦ
3183 4721 3414 4791 σαρκίου
3458 4719 3827 4776 κατάστασις.

551 4811 864 4882 adjuvando
896 4826 984 4866 me
1016 4810 1128 4866 tuis
1154 4808 1364 4866 sanctis
1395 4807 1652 4879 precibus
1679 4817 1800 4863 esto
1828 4806 2133 4878 promptior

2237 4811 2424 4866 Ταῦτα
2465 4815 2565 4884 μὲν
2595 4814 2690 4868 ἐπὶ
2723 4813 3003 4869 τοσοῦτον.
3044 4815 3116 4867 Σὺ
3151 4814 3207 4867 δὲ
3239 4811 3397 4876 εἰδὼς
3422 4808 3512 4866 οἷα
3544 4811 3692 4873 εἰκὸς
3723 4811 3832 4863 πά-

550 4917 604 4960 ct
642 4905 1007 4960 constantior.

2239 4920 2389 4974 σχειν
2422 4906 2570 4976 ἡμᾶς
2601 4907 2658 4960 ἐν
2680 4904 2957 4969 τοιαύταις
2989 4905 3272 4974 καταιγίσι
3304 4902 3647 4974 πραγμάτων
3676 4916 3832 4969 στρε-

552 4999 850 5070 φομένους,
902 4999 1020 5064 οἵας
1069 4997 1171 5052 οὐκ
1221 4993 1360 5066 οἶδα,
1393 4997 1449 5051 εί
1484 4997 1568 5062 τίς
1611 5013 1743 5051 ποτε
1822 4993 2172 5066 πραγμάτων
2211 4995 2479 5069 ἐπήγειρε
2534 4998 2801 5070 βιαιότης,
2841 5001 2968 5064 ταῖς
3025 4999 3204 5062 ὁσίαις
3258 4996 3566 5067 ἐπαμύνειν
3641 4994 3833 5064 εὐχαῖς

552 5097 714 5166 γενοὖ
754 5113 846 5168 μοι
869 5098 966 5150 καὶ
993 5096 1406 5168 προθυμότερος
1445 5096 1540 5149 καὶ
1576 5091 1998 5164 συντονώτερος.

985 5209 1236 5266 XXXIV.
1270 5209 1411 5264 Daci
1442 5207 1692 5264 Grecae.
2613 5229 2625 5264 ι

2613 5209 2736 5264 AA'.
2790 5206 3106 5278 Στρατηγῷ
3137 5205 3465 5270 Ἔλλαδος.

626 5333 830 5388 Dilecte
855 5331 1014 5386 nobis
1040 5329 1139 5393 Illi,
1174 5328 1455 5390 novimus,
1488 5326 1664 5396 gratia
1729 5323 1821 5378 Dei
1862 5322 2141 5378 intellectu

2323 5307 2529 5362 Τέκνον
2581 5305 2740 5376 ήμῶν
2787 5302 3169 5375 ἠγαπημένον,
3234 5298 3462 5369 οἴδαμεν
3511 5297 3596 5350 ὅτι
3650 5297 3838 5396 χάριτι

555 5437 610 5481 et
639 5423 928 5496 prudentia
961 5429 1189 5477 ornatus
1227 5434 1350 5473 cum
1402 5417 1504 5482 sis,
1545 5431 1645 5471 nec
1677 5431 1785 5470 non
1835 5423 1889 5470 et
1919 5414 2140 5484 pietate,

2250 5401 2390 5456 Θεοῦ
2440 5399 2700 5470 φρονήσει
2750 5394 3130 5466 κοσμούμενος
3189 5393 3286 5445 καὶ
3315 5393 3556 5454 συνέσει,
3591 5389 3688 5441 καὶ
3723 5388 3841 5440 θεο-

557 5530 760 5592 quanta
788 5519 854 5574 ad
894 5519 1158 5570 honorem
1189 5521 1245 5567 et
1276 5512 1481 5566 bonum
1513 5519 1714 5566 statum
1768 5507 2139 5564 Ecclesiarum

2251 5495 2411 5567 φιλὴς
2463 5492 2748 5563 ὑπάρχων,
2778 5491 2878 5544 ὅσα
2910 5489 2993 5551 εις
3027 5486 3198 5557 τιμὴν
3227 5484 3324 5538 καὶ
3360 5484 3702 5538 κατάστασιν
3730 5484 3840 5533 τῶν

631 5660 706 5728 (l)
729 5659 1004 5714 Hactenus
1027 5651 1247 5728 Nicola’r
1285 5647 1586 5728 magniﬁca
1615 5644 1869 5716 epistola,
1900 5659 1996 5700 seu
2025 5653 2135 5728 t‘raj
2240 5632 2994 5728 epistola,_nescio_quo
3019 5623 3841 5728 mutilaﬁftqueai‘nl‘orm‘iis;

562 5699 1979 5796 c.l{t1;j"I,'J;E{thH"£155"tantineequine
2006 5713 2133 5795 alibi
2245 5699 2422 5782 neque
2454 5699 2616 5780 g'rarci
2657 5699 2988 5773 exemplaris
3022 5699 3348 5772 dignitatem
3410 5699 3548 5754 satis
3610 5699 3840 5749 retinet.

564 5787 822 5856 diximus.
841 5787 944 5854 "Illa
970 5787 1148 5853 autem
1168 5808 1288 5859 qua:
1310 5789 1477 5847 latine
1495 5795 1641 5845 extat
1670 5788 1811 5854 apud
1845 5787 2134 5844 Baronium
2443 5813 2456 5853 _~
3788 5793 3792 5796 -
