4152 6408
294 263 399 331 2⁸21

1798 274 2210 337 EPISTOLJE.

3514 283 3621 348 232

320 382 672 453 ἰίκκλησιῶν
708 383 804 437 τοῦ
829 383 998 453 Θεοῦ,
1026 383 1207 440 ταῦτα
1253 386 1348 440 καὶ
1376 386 1549 457 χωρὶς
1581 389 1681 456 τῆς
1712 388 1930 456 ἡμετέ-

2039 389 2161 452 Dci,
2217 390 2429 460 hocque
2458 389 2621 444 etiam
2655 389 2864 460 absque
2912 398 3099 445 nostra
3135 391 3539 456 exhortatione,
3568 406 3621 446 ct

313 496 411 549 ρας
461 476 893 547 παραινέσεως,
943 479 1040 531 καὶ
1089 478 1275 549 διανοῇ
1334 479 1431 531 καὶ
1460 478 1742 550 πράττεις.
1782 477 1926 546 Πλὴν

314 572 428 625 ἀλλ’
493 569 628 623 ἔπει
674 572 712 641 ἡ
766 570 864 641 ὅλη
904 572 1149 643 μέριμνα
1184 571 1278 623 καὶ
1322 571 1609 643 ήφροντὶς
1638 574 1773 641 ἡμῖν
1808 572 1929 624 ἐπί·

318 681 501 718 κειται
536 663 654 716 τῶν
696 662 1066 733 Ἐκκλησιῶν,
1098 663 1391 735 γράφομεν
1434 681 1517 717 σοι
1550 664 1645 718 καὶ
1676 666 1857 735 ἡμεῖς,
1892 664 1929 719 ἃ.

319 756 412 809 καὶ
437 754 527 807 σοὶ
562 754 764 824 μισθὸν
795 755 1050 825 οὐράνιον
1100 755 1375 826 προξενεῖ,
1413 755 1511 809 καὶ
1534 759 1655 819 ταῖς
1690 755 1929 825 Ἐκκληη

320 848 465 911 siut;
492 847 577 911 εἰς
609 847 904 916 συμφέρον
955 846 1134 899 ἐστίν·
1179 846 1317 899 ἀλλά
1349 846 1488 910 τέως
1529 846 1627 916 μὲν
1664 849 1791 916 περὶ
1822 846 1928 899 τῶν

313 940 499 1001 ἄλλων
538 939 812 1008 σιγῶμεν.
848 938 1008 992 Ἐπεὶ
1034 938 1090 990 δὲ
1125 938 1378 1010 περὶτῆς
1402 938 1513 991 τῶν
1541 938 1735 1008 Θηϐῶν
1765 938 1926 1005 ἁγίας

319 1031 685 1101 ἀνεμάθομεν
715 1029 1070 1098 Ἐκκλησίας,
1128 1031 1203 1090 ὡς
1231 1031 1280 1081 οί
1319 1030 1573 1098 κληρικοί
1607 1030 1730 1082 κατ’
1763 1030 1930 1100 ἀλλήο

323 1124 433 1176 λων
464 1122 891 1187 στασιάζοντες,
917 1122 1040 1174 ἀντὶ
1058 1120 1152 1173 τοῦ
1180 1120 1351 1183 τύπος
1374 1117 1515 1174 εἶναι
1542 1121 1929 1181 καταστάσεως

326 1216 437 1275 τοῖς
496 1215 822 1282 κοσμικοίς,
860 1212 1015 1265 αὐτοὶ
1082 1211 1386 1282 ἀταραξίας
1443 1211 1540 1265 καὶ
1589 1212 1771 1283 μάχας
1809 1229 1932 1264 συν-

341 1309 557 1375 ιστῶσι,
587 1309 685 1362 καὶ
713 1308 772 1360 τὸ
805 1307 1178 1360 ὲλεεινότατον
1209 1307 1303 1359 καί⁸
1330 1305 1547 1373 πληγὰς
1577 1305 1930 1375 ἐπιφέρουσιν

332 1400 615 1469 ἀλλήλοις,
668 1398 932 1469 ὁρίζομεν
981 1399 1065 1451 ἵνα
1110 1396 1333 1458 τούτους
1364 1397 1443 1459 είς
1492 1396 1611 1467 ἓνή
1650 1397 1717 1466 σὴ
1756 1412 1928 1467 προσ-

330 1492 639 1560 καλέσηται
654 1489 1017 1551 σύνεσις,’κα“ι
1042 1487 1223 1555 λόγοις
1248 1488 1343 1540 καὶ
1376 1487 1734 1557 παραινέσεσι
1766 1486 1930 1558 πείσῃ

330 1582 434 1651 τῆς
457 1582 716 1651 τοιαύτης
744 1580 974 1644 ἀταξίας
1016 1579 1358 1647 ἀποσχέσθαι
1383 1596 1397 1610 ·
1450 1580 1546 1632 καὶ
1584 1578 1929 1651 παραγγείλῃ

337 1675 471 1730 τοὺς
528 1670 664 1740 μετὰ
708 1668 799 1720 τοῦ
850 1668 1290 1736 ἀρχιεπιακόπου
1342 1665 1927 1736 συλλειτουργοῦντας,

346 1764 598 1824 ὶκεὶνονς
640 1762 735 1829 τὴν
776 1760 1075 1828 καθολικὴν
1109 1759 1445 1831 Ἐκκλησίαν
1506 1759 1779 1830 κατέχειν,
1830 1758 1924 1811 καὶ
1960 1736 2006 1795 Β

354 1857 457 1924 τὴν
522 1856 580 1907 ὲν
633 1855 759 1922 αὐτῇ
790 1852 1102 1920 δοξολογίαν
1150 1853 1245 1905 τοῦ
1292 1852 1431 1904 Θεοῦ
1462 1852 1768 1905 ἐπιτελεῖν*
1797 1852 1925 1912 τοῦς

348 1947 409 2001 ιε
438 1946 653 2009 ἄλλους,
701 1946 749 1998 οἳ
774 1944 912 2005 τέως
952 1944 1029 2015 τῷ
1062 1945 1488 2017 ἀρχιεπισκόπῳ
1521 1944 1648 1999 οῦτε
1681 1946 1923 1998 συνελει-

338 2039 673 2108 τούργησαν,
714 2036 838 2090 οὔτε
897 2037 1289 2106 ἐκοινώνησαν,
1327 2041 1385 2091 ἐν
1425 2041 1545 2103 ταῖς
1575 2039 1787 2102 λοιπαῖς
1827 2039 1922 2091 ὲκ-

332 2131 594 2199 κλησίαις
624 2129 961 2200 συνάγεσθαι
986 2130 1377 2197 καθ”ὲαυτοὺς,
1415 2132 1503 2186 ἵνα
1531 2131 1706 2194 οὕτως
1754 2134 1926 2200 ἀσύγ-

328 2240 497 2293 χντος
523 2226 556 2293 ἠ
601 2223 845 2293 ίερατεία
879 2223 1160 2294 διαμείνῃ,
1221 2224 1415 2297 μέχρις
1468 2224 1535 2278 ἂν
1558 2226 1585 2277 ὁ
1610 2224 1766 2293 ἅγιος
1796 2225 1929 2289 Θεὸς

330 2315 606 2386 εὐδοκήτῃ
637 2331 691 2367 τι
720 2312 1145 2384 οἰκοδομηθῆναι
1191 2314 1269 2377 εἰς
1300 2316 1368 2366 τι
1417 2317 1760 2385 κατασχόντα
1788 2317 1928 2386 πρά-

328 2426 521 2479 γματα
575 2408 670 2460 διὰ
730 2410 829 2470 τὰς
865 2407 1145 2478 ἁμαρτίας
1202 2407 1361 2478 ἡμῶν
1408 2409 1510 2477 τὴν
1561 2408 1725 2476 ἁγίαν
1762 2407 1930 2461 αὐτοῦ

344 2504 703 2573 Ἐκκλησίαν.
768 2502 976 2556 Τούτου
1044 2504 1153 2574 γὰρ
1192 2505 1486 2574 γενομένου
1527 2506 1619 2558 καὶ
1669 2506 1718 2558 οί
1778 2505 1931 2573 παρά

332 2599 420 2649 τοῦ
454 2597 597 2650 Θεοῦ
649 2596 1081 2668 διατηρηθέντες
1124 2598 1412 2669 ἄμεμπτοι
1457 2602 1515 2652 ἐν
1542 2602 1609 2669 τῇ
1647 2599 1933 2670 ἱερουργίᾳ

332 2689 537 2753 αὐτῶν,
578 2690 644 2742 οὐ
692 2690 773 2759 μὴ
820 2689 1241 2760 προσκόψωσινο
1283 2692 1380 2745 καὶ
1420 2692 1468 2746 οί
1512 2691 1854 2761 ἀνθρώπινον
1880 2709 1932 2744 τι

331 2783 604 2846 παθόντες
638 2786 732 2836 καὶ
768 2783 1092 2851 σφαλέντες,
1152 2783 1289 2853 μετὰ
1334 2784 1435 2852 τῆς
1479 2784 1690 2855 ἀγαθῆς
1721 2784 1933 2848 ἐλπίδος

334 2881 553 2931 ἑκνται
618 2878 985 2947 ἀναμένοντες
1012 2876 1110 2947 τὴν
1156 2877 1285 2946 περὶ
1320 2876 1518 2939 αὐτοὺς
1558 2876 1932 2946 γενησομένην

335 2970 678 3040 οἰκονομίαν,
720 2971 857 3024 ὅταν
884 2971 917 3022 ὁ
951 2970 1126 3040 μέγας
1155 2967 1649 3049 ἡμῶνσάρχιερεῦς
1684 2970 1778 3022 καὶ
1801 2968 1933 3031 Θεὸς

338 3062 494 3116 τῖῦἶο
528 3064 810 3136 εὐδοκήσῃ
849 3062 1291 3131 ἐπιτελεσθῆναι.
1332 3061 1682 3131 Ἐρῤωμένον
1716 3078 1773 3113 σε
1812 3061 1930 3114 διαο
1965 3102 2009 3163 C

338 3153 573 3223 σολὰξιι
626 3155 653 3207 ὁ
690 3153 897 3223 Κύριος
920 3193 934 3216 ,
980 3152 1171 3205 τέκνον
1202 3150 1359 3223 ἡμῶν
1399 3150 1672 3214 ποθεινὸν,
1714 3151 1771 3202 ὲν
1799 3152 1935 3205 πᾶσι

337 3250 523 3310 καλοῖς
585 3247 977 3316 προκόπτοντα
1030 3245 1125 3298 καὶ
1178 3243 1601 3314 εὐδοκιμοῦντα,
1653 3244 1751 3297 καὶ
1805 3244 1935 3298 ὄντα

337 3340 601 3403 παντοίας
634 3337 901 3409 ἐπηρείας
927 3336 1227 3408 ἀνώτερον.

693 3476 816 3530 AE’.
861 3474 1180 3547 Στρατηγῷ
1222 3478 1593 3547 Στρυμόνος.

407 3616 566 3679 Θῖδα,
595 3617 787 3671 τέκνον
810 3617 970 3688 ἡμῶν
1001 3618 1381 3688 ἠγαπημένον,
1404 3618 1486 3673 ὅτι
1540 3618 1636 3671 καὶ
1671 3619 1936 3690 φρονήσει

336 3714 432 3767 καὶ
465 3713 690 3765 συνέσει
744 3712 1140 3780 κοσμούμενος,
1191 3712 1379 3765 ἐκεῖνα
1424 3713 1645 3782 φρονεῖς
1675 3711 1805 3781 περὶ
1836 3712 1938 3780 τῆς

330 3809 428 3862 τοῦ
476 3807 619 3860 Θεοῦ
668 3806 1002 3875 Ἐκκλησίας
1068 3808 1170 3859 ὅσα
1203 3807 1414 3876 πρέπον
1455 3807 1604 3859 ἐστὶν
1650 3805 1937 3874 ἄνθρωπον

332 3900 570 3970 θεοφιλῆ
597 3902 696 3954 καὶ
729 3902 882 3971 παρά
926 3899 1059 3952 Θεοῦ
1094 3900 1189 3952 καὶ
1229 3898 1327 3952 νῦν
1357 3900 1663 3970 τιμηθέντα
1725 3900 1821 3952 καὶ
1848 3900 1937 3951 δο-

335 3995 649 4059 ξασθέν-ια,
692 3994 791 4046 καὶ
843 3994 923 4057 εἰς
947 3995 1047 4045 τον-
1082 3993 1344 4060 μέλλοντα
1399 3992 1574 4046 αἰῶνα
1632 3992 1800 4057 δόξαν
1842 3991 1939 4045 καὶ

333 4090 512 4158 τιμὴν
549 4087 742 4140 λαϐεῖν
775 4087 906 4153 παρ’
974 4085 1141 4138 αὐτοῦ
1191 4085 1513 4149 ἐλπίζονταο
1555 4086 1649 4139 καὶ
1679 4084 1808 4146 ἴσως
1841 4102 1940 4137 πε-

336 4180 532 4249 ρισσόν
555 4196 614 4231 τι
652 4175 918 4245 ποιοῦμεν
950 4175 1049 4245 τὴν
1099 4176 1202 4246 σὴν
1231 4175 1611 4243 διανοηθέντες
1646 4176 1938 4245 παραινεῖν

333 4271 570 4339 θεοφιλῆ
602 4267 780 4339 ψυχὴν
813 4268 944 4336 περὶ
979 4266 1070 4319 τοῦ
1118 4267 1487 4337 προΐστασθαι
1520 4267 1631 4321 τῶν
1670 4266 1940 4337 πραγμά-

330 4383 446 4416 των
492 4366 597 4430 τῆς
654 4359 899 4431 μεγάλης
960 4359 1052 4412 τοῦ
1095 4359 1230 4412 Θεοῦ
1282 4358 1634 4429 Ἐκκλησίας,
1691 4360 1748 4411 ὲν
1846 4358 1941 4411 καὶ

2034 485 2243 557 cogites
2273 496 2329 542 et
2364 500 2517 556 agas.
2568 486 2822 539 Attamen
2891 500 3013 539 cum
3070 485 3136 539 ad
3175 500 3274 540 nos
3352 488 3615 556 pertineat

2031 579 2213 633 omnis
2236 593 2366 634 cura
2396 587 2451 633 et
2484 576 2799 633 sollicitudo
2858 578 3256 641 Ecclesiarum,
3321 578 3618 631 scribimus

2034 669 2127 723 tibi
2156 678 2209 724 et
2240 684 2359 733 nos,
2395 684 2515 740 qurc
2540 679 2594 723 et
2638 668 2733 723 tibi
2784 669 3085 724 mercedem
3120 670 3396 724 caelestem
3438 669 3621 722 conci-

2031 762 2262 827 liabunt,
2315 771 2368 817 et
2407 761 2673 817 Ecelesiis
2733 762 2885 815 utilia
2937 762 3081 827 sint;
3123 762 3217 817 sed
3271 762 3338 816 ad
3381 776 3620 831 prmscus

2033 853 2252 923 quidem
2273 853 2340 909 de
2380 854 2596 909 caeteris
2620 862 2924 908 taceamus.
2957 853 3225 920 Quoniam
3255 868 3384 907 vero
3416 861 3619 907 sancta:

2033 948 2347 1004 Thebarum
2404 949 2667 1003 Ecclesiae
2721 948 3039 1002 audivimus
3080 948 3314 1003 clericos
3360 948 3504 1002 inter
3560 962 3619 1001 se

2032 1041 2450 1106 dissentientes,
2488 1044 2688 1096 nedum
2709 1043 2818 1095 sint
2846 1041 2933 1095 his
2964 1042 3055 1111 qui
3096 1042 3165 1097 de
3224 1042 3429 1095 mundo
3469 1050 3619 1105 sunt,

2032 1134 2295 1189 Virtutum
2327 1136 2631 1205 exemplar,
2677 1135 2951 1189 tumultus
2981 1144 3033 1189 et
3076 1150 3287 1206 pugnas
3343 1136 3620 1189 concitare

2033 1228 2287 1297 quodque
2348 1227 2722 1281 miserrimum
2776 1236 2881 1289 est,
2914 1227 3099 1295 plagas
3132 1228 3235 1281 sibi
3264 1227 3496 1281 invicem
3532 1228 3619 1281 in-

2034 1318 2202 1382 ferre,
2229 1319 2279 1373 id
2300 1318 2596 1373 statuimus
2629 1329 2800 1373 uteos
2827 1328 2915 1373 tua
2942 1318 3231 1388 prudentia
3254 1319 3319 1372 ad
3353 1319 3616 1372 unitatem

2034 1424 2278 1472 revoces,
2306 1408 2499 1479 eisque
2528 1417 2582 1463 et
2629 1408 2811 1463 verbis
2870 1418 2925 1462 et
2966 1408 3442 1463 exhortationibus
3494 1424 3619 1478 per-

2034 1498 2267 1555 suadeas
2352 1507 2414 1553 ut
2483 1497 2791 1553 isuusmodi
2866 1498 3191 1553 tumultibus
3269 1499 3617 1557 abstineant;

2034 1603 2089 1647 et
2122 1592 2208 1648 his
2235 1592 2329 1663 qui
2362 1592 2781 1661 arcliiepiscOpo
2838 1592 3283 1647 comministrant
3329 1588 3622 1644 denunties

2036 1692 2095 1737 ut
2128 1682 2231 1752 ipsi
2255 1681 2580 1735 catholicam
2612 1681 2911 1735 Ecclesiam
2970 1689 3275 1751 protegant,
3311 1690 3391 1744 et,
3418 1696 3540 1749 quae
3564 1680 3619 1741 in

2035 1791 2100 1830 ea
2131 1784 2234 1841 est,
2275 1773 2368 1827 Dei
2404 1773 2635 1843 gloriam
2691 1773 3021 1843 perﬁciant;
3059 1772 3272 1827 (ueteris
3302 1782 3484 1825 autem
3527 1770 3620 1840 qui

2036 1869 2305 1924 hactenus
2331 1867 2751 1937 archiepiscopo
2783 1881 2963 1937 neque
3019 1864 3620 1925 comministraverum,

2038 1978 2213 2034 neque
2239 1962 2811 2025 communicaverunt,
2845 1969 2904 2013 ut
2932 1960 2985 2013 in
3015 1959 3242 2029 reliquis
3280 1956 3539 2012 Ecclesiis
3568 1955 3622 2007 in

2038 2071 2208 2109 unum
2240 2064 2457 2118 coeant,
2495 2064 2553 2108 ut
2582 2054 2656 2108 ita
2690 2052 3057 2108 sacerdotium
3091 2050 3436 2107 inconfusum
3502 2064 3621 2103 ma-

2037 2155 2184 2214 neat,
2218 2146 2573 2217 quoadusque
2604 2144 2714 2199 Deo
2739 2153 2927 2199 sancto
2953 2144 3129 2198 visum
3184 2141 3349 2196 fuerit
3383 2155 3621 2210 quonam

2038 2244 2203 2298 modo
2242 2240 2546 2297 aediﬁcetur
2576 2247 2769 2293 sancta
2826 2253 2923 2293 sua
2957 2235 3209 2292 Ecclesia
3261 2238 3313 2289 in
3349 2234 3457 2297 his,
3503 2248 3625 2301 qum

2036 2348 2262 2409 propter
2313 2344 2535 2406 peccata
2571 2343 2759 2387 nostra
2789 2331 3163 2391 obtinuerunt,
3195 2324 3620 2382 calamitatibus.

2039 2432 2154 2488 Hoc
2184 2432 2328 2487 enim
2367 2430 2531 2491 facto,
2568 2428 2713 2491 etlti,
2749 2426 2841 2496 qui
2875 2442 2904 2479 a
2940 2423 3048 2478 Deo
3114 2418 3627 2491 irreprehensibiles

2041 2524 2243 2581 servati
2286 2534 2415 2578 sunt
2450 2522 2501 2573 in
2530 2536 2631 2575 suo
2654 2518 2986 2585 ministerio,
3014 2533 3121 2570 non
3153 2514 3447 2577 oﬂ‘endent,
3483 2518 3536 2565 et
3574 2510 3625 2563 hi

2040 2618 2131 2687 qui
2170 2614 2394 2670 humani
2427 2611 2632 2682 aliquid
2667 2611 2818 2682 passi
2857 2618 3009 2676 sunt,
3038 2619 3090 2663 et
3120 2614 3462 2668 erraverunt,
3500 2620 3624 2658 cum

2042 2709 2181 2762 bona
2247 2721 2344 2775 spe
2423 2704 2824 2773 exspectabant
2864 2700 3265 2754 ordinationem
3312 2698 3378 2752 de
3431 2696 3627 2763 seipsis

2042 2800 2303 2863 futuram,
2339 2797 2560 2867 quando
2610 2795 2743 2849 illud
2792 2808 3010 2849 summo
3058 2799 3249 2846 nostro
3281 2788 3629 2845 sacerdotict

2042 2893 2152 2946 Deo
2188 2891 2448 2961 perﬁcere
2496 2889 2674 2942 visum
2709 2887 2892 2941 fuerit.
2944 2885 3282 2939 Incolumem
3320 2892 3373 2936 te
3438 2887 3625 2932 servet

2046 2985 2334 3048 Dominus,
2399 2979 2864 3036 desideratissime
2900 2988 3086 3033 noster
3137 2975 3233 3041 lili,
3267 2976 3320 3029 in
3369 2971 3627 3028 omnibus

2044 3078 2201 3133 bonis
2224 3075 2601 3147 proﬁcientem
2658 3083 2711 3127 et
2742 3072 2878 3127 bene
2933 3070 3243 3125 audientem
3279 3073 3331 3121 et
3358 3062 3508 3121 omni
3545 3063 3628 3115 iu-

2039 3167 2187 3241 juria
2239 3164 2635 3236 superiorum}

2464 3487 2555 3542 XX
2568 3486 2682 3543 XV.
2720 3487 2853 3541 Daci
2884 3485 3211 3557 Strymonis.

2012 3681 2019 3688 ,
2111 3624 2275 3690 Novi,
2302 3623 2496 3679 dilecte
2554 3623 2713 3677 nobis
2741 3622 2839 3687 (ili,
2871 3630 2921 3675 te
2951 3628 3004 3674 et
3050 3618 3343 3689 prudentia
3383 3626 3439 3672 et
3474 3616 3633 3670 intel-

2041 3716 2185 3771 lectu
2229 3724 2483 3770 ornatum
2527 3714 2630 3768 hoc
2692 3714 2897 3767 sentire
2926 3711 2991 3765 de
3047 3710 3140 3763 Dei
3200 3708 3441 3763 Ecclesia
3486 3707 3629 3777 quod

2043 3811 2200 3862 decet
2230 3807 2511 3861 hominem
2550 3804 2650 3859 Dei
2717 3810 2993 3857 amantem
3030 3810 3082 3855 et
3107 3815 3135 3853 a
3166 3799 3277 3854 Deo
3310 3800 3420 3867 jam
3461 3802 3632 3852 hone-

2042 3909 2245 3953 Statum
2274 3895 2738 3968 etgloriﬁcatum,
2774 3900 2828 3947 et
2879 3901 3191 3961 sperantem
3229 3905 3287 3944 se
3344 3889 3395 3941 in
3430 3888 3633 3942 saeculo

2044 3990 2232 4044 futuro
2265 3989 2435 4059 gloria
2460 3995 2515 4042 et
2570 3988 2778 4041 honore
2808 3984 2876 4039 ab
2903 4000 2970 4039 eo
3023 3982 3359 4038 donandum.
3394 3982 3461 4037 Et
3494 3985 3633 4037 forte

2043 4097 2446 4151 supervacuum
2503 4080 2711 4148 aliquid
2757 4077 3017 4143 facimus,
3061 4078 3311 4131 arbitrati
3360 4088 3506 4132 tuam
3540 4076 3631 4131 Dei

2042 4186 2314 4231 amantem
2335 4174 2731 4230 exhortandam
2750 4188 2869 4229 esse
2896 4175 3157 4235 animam,
3181 4173 3419 4227 utrehus
3444 4172 3634 4242 praesis

2047 4284 2254 4339 magnae
2285 4266 2545 4321 Ecclesia'
2576 4266 2667 4321 Dei
2704 4269 2758 4322 iu
2781 4282 2886 4337 qua
2909 4267 3320 4338 gloriﬁcatuscs
3349 4282 3377 4320 a
3417 4264 3631 4337 Spiritu

2046 4371 2237 4413 sancto
2266 4375 2361 4429 per
2392 4359 2798 4428 impositionem
2838 4358 3131 4413 humilium
3176 4374 3436 4413 manuum
3482 4374 3634 4413 mea-

335 4455 638 4523 ὲδοξασθης
664 4453 817 4522 παρὰ
855 4451 948 4504 τοῦ
982 4451 1144 4520 ἁγίου
1182 4450 1523 4521 Πνεύματος,
1559 4450 1648 4504 διὰ
1687 4452 1786 4518 τῆς
1820 4450 1936 4502 ὲπι-

2051 4469 2197 4517 rum,
2234 4451 2618 4507 benedictione
2680 4452 2733 4505 in
2792 4452 3086 4521 patriciatu
3143 4461 3390 4522 accepta,
3437 4452 3489 4506 in
3525 4468 3633 4521 qua

338 4552 547 4611 θέσεως
581 4548 692 4599 τῶν
740 4544 1018 4598 ταπεινῶν
1044 4543 1204 4613 ἡμῶν
1240 4542 1439 4614 χειρῶν
1471 4542 1572 4611 τὴν
1606 4543 1698 4594 ἐπὶ
1729 4544 1796 4612 τῇ
1832 4558 1940 4593 πα-

340 4642 656 4711 τρικιόττ,τι
713 4637 967 4705 εὐλογίαν
1016 4637 1346 4705 δεξάμενοςο
1396 4638 1454 4687 ὲν
1496 4628 1785 4708 ᾖπάντως
1847 4635 1942 4686 καὶ

345 4736 443 4795 τὰς
506 4731 737 4794 ἐλπίδας
789 4729 955 4801 ἔχεις,
994 4729 1279 4782 τουτέστιν
1319 4729 1399 4789 είς
1443 4727 1545 4796 τὴν
1582 4729 1640 4779 ὲν
1679 4727 1816 4795 αὐτῇ
1851 4727 1940 4777 διὰ

340 4826 546 4887 παντὸς
610 4821 977 4877 κατοικοῦσαν
1010 4820 1173 4891 χάριν
1203 4817 1299 4873 τοῦ
1356 4816 1629 4884 παναγίου
1686 4814 1940 4884 Πνεῦμα.

332 4938 454 4982 τος.
513 4919 659 4973 Ἀλλ’
722 4919 871 4988 ὅμως
914 4914 1104 4984 ἐπειδὴ
1162 4912 1400 4983 γράμμα
1444 4909 1755 4978 ἐδεξάμεθα
1788 4908 1941 4978 παρά

333 5015 432 5067 τοῦ
488 5013 602 5065 τῶν
648 5010 950 5081 κτημάτων
981 5008 1153 5078 αὐτῆς
1202 5004 1569 5077 προεστῶτος,
1611 5003 1845 5073 λέγομεν
1876 5002 1939 5070 δὴ

334 5106 431 5159 τοῦ
460 5102 974 5176 Στρογγυλίζοντος,
1011 5099 1322 5168 ὑπόμνησιν
1350 5095 1656 5165 ποιούμεθα
1685 5094 1778 5147 τοῦ
1808 5094 1944 5163 γρά-

330 5199 433 5265 en
464 5198 604 5268 πρὸς
633 5196 737 5267 τὴν
780 5194 935 5266 ὑμῶν
978 5191 1488 5264 μεγαλοπρέπειαν,
1533 5188 1675 5242 ὥστε
1714 5189 1811 5258 τῆς
1843 5192 1942 5258 σῆς

328 5288 742 5360 ἀπιληπτικῆς
788 5286 971 5358 χειρὸς
1017 5288 1075 5338 ὲν
1130 5282 1432 5349 ἀπολαύσει
1485 5281 1652 5335 αὐτόν
1703 5300 1757 5335 τε
1811 5298 1943 5350 τυγ-

330 5384 565 5454 χάνειν,
628 5382 889 5443 καὶτοὺς
951 5374 1576 5443 καταπεπιστευμὲνους
1634 5373 1786 5443 αὑτῷ
1838 5373 1941 5442 τῆς

345 5475 681 5545 Ἐκκλησίας
703 5473 931 5537 τόπους,
979 5462 1040 5524 οὗ
1067 5471 1131 5521 ἂν
1151 5470 1187 5538 ἡ
1208 5467 1372 5539 χρεία
1400 5466 1568 5538 καλῇ,
1600 5466 1698 5536 τὴν
1727 5465 1938 5520 ἐκείνου

337 5568 679 5639 πληροῦντες
709 5566 1053 5637 ὑπόμνησιν,
1087 5562 1266 5615 ταῦτά
1298 5578 1380 5615 σοι
1408 5560 1477 5613 τὰ
1499 5560 1806 5631 γράμματα
1826 5560 1939 5613 δια-

2048 4546 2275 4600 omnino
2316 4553 2371 4599 et
2402 4561 2499 4615 spe
2536 4545 2760 4610 frueris,
2815 4548 3002 4613 gratia:
3049 4544 3258 4599 scilicet
3291 4544 3635 4599 sanctissimi

2049 4638 2291 4708 Spiritus
2325 4639 2520 4708 qurein
2548 4652 2611 4693 ea
2642 4637 3018 4692 indeﬁcienter
3052 4637 3342 4691 inhabitat.
3380 4638 3639 4691 Attamen

2044 4732 2305 4803 quoniam
2357 4732 2570 4787 litteras
2619 4732 2933 4802 accepimus
2968 4733 3034 4785 ab
3054 4746 3119 4786 eo
3152 4732 3245 4801 qui
3305 4732 3471 4784 rebus
3514 4730 3639 4798 eius

2044 4832 2261 4894 prmest,
2293 4838 2321 4875 a
2358 4824 2616 4894 praefecto
2659 4823 3097 4896 Strongylizonte
3129 4838 3251 4893 quce
3314 4821 3634 4876 memoriam

2045 4918 2252 4972 faciunt
2276 4915 2555 4973 scribundi
2585 4917 2652 4972 ad
2684 4925 2830 4971 tuam
2869 4916 3304 4986 amplitudinem,
3341 4931 3408 4970 eo
3437 4916 3541 4969 ﬁne
3576 4925 3637 4970 ut

2046 5020 2137 5063 tua
2162 5018 2412 5079 prompta
2438 5023 2601 5063 manu
2623 5007 2857 5073 fruatur,
2876 5018 2989 5062 tum
3008 5010 3146 5078 ipse,
3168 5019 3279 5063 tum
3307 5008 3359 5063 hi
3378 5008 3638 5063 Ecclesim

2044 5103 2152 5157 loci
2191 5101 2283 5172 qui
2318 5102 2369 5156 ei
2430 5102 2866 5168 committuntur,
2902 5102 3018 5156 ’ubi
3083 5118 3223 5173 opus
3276 5102 3462 5167 fuerit,
3498 5104 3639 5159 hanc

2046 5195 2407 5249 monitionem
2440 5194 2708 5258 exsecuti,
2737 5194 2835 5250 has
2867 5195 2963 5249 tibi
2996 5195 3206 5250 litteras
3259 5197 3552 5260 mittimus,
3586 5204 3640 5249 et

2045 5297 2141 5351 per
2171 5280 2317 5350 ipsas
2356 5291 2407 5335 te
2433 5283 2588 5352 quasi
2625 5290 2920 5350 praesentes
2960 5284 3319 5355 alloquimur,
3352 5295 3406 5339 et
3436 5287 3638 5339 exhor-

2047 5384 2228 5428 tamur
2285 5390 2352 5428 ne
2387 5374 2658 5445 despicias
2727 5391 2821 5433 eos
2847 5376 2943 5448 qui
3011 5379 3330 5433 inordinate
3377 5392 3543 5432 sensu
3581 5384 3634 5429 et

2057 5466 2562 5535 impetu,invadere
2623 5468 2849 5524 tendunt
2900 5471 2955 5527 in
3018 5472 3134 5527 loca
3190 5474 3365 5525 sancti
3443 5469 3630 5537 templi

2042 5560 2226 5630 magni
2261 5558 2353 5614 Dei
2385 5569 2439 5613 et
2469 5559 2774 5617 Salvatoris
2798 5563 2993 5628 nostri,
3018 5571 3073 5616 et
3105 5562 3379 5615 utaVcllas
3408 5560 3626 5629 quidem

334 5666 654 5735 πέμπομεν,
678 5663 776 5715 καὶ
804 5659 1003 5729 ὥσπερ
1044 5657 1314 5728 παρόντες
1358 5654 1425 5708 δι’
1453 5656 1635 5710 αὐτῶν
1665 5673 1936 5725 προσομι-

2041 5666 2137 5707 eos
2162 5668 2227 5707 ex
2258 5653 2377 5723 ejus
2406 5652 2635 5721 ditiono,
2668 5656 2724 5709 in
2774 5665 2923 5709 tuam
2985 5664 3166 5709 autem
3228 5657 3500 5722 propriam
3546 5652 3639 5705 dia

334 5755 554 5827 λοῦμεν,
598 5755 693 5811 καὶ
731 5746 1118 5824 παραινοῦμεν
1150 5745 1244 5802 τοῦ
1275 5744 1350 5817 μὴ
1375 5746 1637 5817 περιορᾷν
1672 5745 1935 5817 τοὺςβον-

2044 5746 2246 5803 tionem
2292 5746 2522 5819 redigas.
2584 5744 2724 5803 Sunt
2763 5756 2969 5815 autem,
3028 5755 3086 5803 ut
3138 5745 3418 5813 audimus,
3455 5744 3619 5816 hujus
