4152 6406
555 295 659 356 223

1692 299 1998 358 NICULAI
2036 298 2147 357 (ΣΡ.
2194 297 2710 359 ΡΑῬΗΙΑΒΟΗΈ

3738 294 3845 356 νει

555 413 716 457 secta:
742 401 971 458 funesta:
998 419 1106 458 non
1165 404 1321 475 pauci
1354 407 1466 470 qui,
1491 415 1546 460 ut
1595 406 1804 469 dicunt,
1843 406 2139 475 cupiditate

2251 409 2507 479 λομένους
2538 407 2814 479 ἐπιπηδᾷν
2842 405 3065 474 ἀτάκτίρ
3098 405 3290 478 γνώμῃ
3325 406 3415 460 καὶ
3445 408 3592 478 όρμῇ
3637 407 3696 462 ὲν
3734 412 3847 474 τοῖς

555 506 766 551 tantum
815 496 990 552 ducti.
1039 498 1205 552 divini
1262 500 1446 568 templi
1510 513 1639 568 opes
1673 499 1908 570 diripere
1953 511 2007 555 et
2041 501 2143 556 sibi

553 604 810 660 arrogare
843 604 953 643 non
983 589 1254 654 dubitant,
1287 607 1568 646 sacrarunt
1635 593 1855 648 scilicet
1914 593 2142 649 violato-

556 695 664 741 res,
695 689 750 734 et
780 690 1006 751 propter
1031 682 1134 738 hoc
1169 683 1558 738 sacratissima:
1589 683 1844 742 Ecclesia:
1895 697 2142 742 contem.

557 783 766 840 ptorcs.

2252 503 2440 566 τόποις
2470 501 2563 554 τοῦ
2598 501 2754 570 ἀγίου
2769 500 2899 552 ναοῦ
2921 500 3015 552 τοῦ
3040 501 3277 570 μεγάλου
3296 499 3433 553 Θεοῦ
3461 500 3556 553 καὶ
3591 500 3848 571 Σωτῆρος

2251 593 2431 664 ἡμῶν,
2467 594 2560 646 καὶ
2596 593 2899 663 παρασπᾷν
2925 593 3022 661 μὲν
3045 594 3240 655 αὐτοὺς
3275 592 3376 662 τῆς
3403 593 3619 646 ἐκείνου
3653 595 3850 646 δεσπο-

2249 688 2422 750 τείας,
2465 687 2570 739 ὑπὸ
2606 686 2660 738 δὲ
2709 686 2812 757 τὴν
2863 686 3001 739 ίδίαν
3040 686 3364 740 δεσποτείαν
3403 687 3581 755 άγειν.
3626 688 3752 740 Εἰσὶ
3791 688 3840 741 δὲ

2246 776 2322 841 ὡς
2348 778 2692 848 μανθάνομεν
2721 779 2978 848 τοιαύτης
3008 779 3386 849 προαιρέσεως
3431 779 3715 850 μοχθηρᾶς
3745 781 3834 832 οῦδ

556 865 725 934 ὀλίγοι
756 868 921 930 τινὲς,
970 869 1045 932 οἳ,
1087 868 1160 932 ῶς
1197 887 1350 937 φασι,
1398 871 1538 945 μόνῃ
1601 871 1886 944 πλεονεξίᾳ
1910 872 2247 943 κινούμενοι,
2289 874 2350 926 οὐ
2377 874 2646 944 τρέμουσι
2692 872 2762 926 τὰ
2831 873 2928 926 τοῦ
3001 874 3150 926 θείου
3188 872 3321 928 ναοῦ
3391 876 3849 944 ἀποσπαράσσειν

559 963 651 1013 καί
707 963 887 1014 οἳκεία
944 963 1259 1016 ποιεῖσθαι*
1324 964 1592 1036 ἱερόσυλοι
1639 966 1789 1030 τινὲς
1864 967 2036 1032 ὅντες,
2079 968 2174 1020 καὶ
2213 967 2301 1021 διά
2364 966 2524 1020 τοῦτο
2587 965 2688 1037 τῆς
2757 967 3059 1036 ἱερωτάτης

558 1072 798 1116 νουντες.

633 1147 692 1200 Et
727 1148 858 1202 tales
882 1147 1098 1212 quidem
1137 1159 1264 1202 sunt
1298 1149 1407 1204 isti.
1451 1152 1530 1205 Tu
1558 1162 1764 1218 autem,
1794 1155 1868 1209 lili
1911 1153 2008 1219 mi,
2041 1167 2140 1224 pro

559 1249 646 1291 tua
683 1238 968 1306 prudentia
1006 1248 1265 1308 reputans
1297 1253 1562 1309 quantum
1593 1245 1895 1311 periculum
1944 1244 2016 1298 im
2033 1244 2141 1298 mi-

558 1341 679 1383 neat
708 1329 792 1383 his
817 1329 907 1395 qui
942 1330 1071 1384 talia
1101 1332 1309 1386 audent
1335 1343 1390 1387 et
1421 1334 1506 1388 his
1537 1336 1630 1404 qni
1663 1337 1798 1390 tales
1833 1352 2005 1392 ausus
2029 1337 2146 1392 dis-

557 1420 842 1487 simulant,
860 1430 909 1475 cl
935 1422 1027 1491 qui
1052 1438 1177 1478 cum
1202 1425 1476 1480 vindicare
1497 1437 1736 1497 possent.
1755 1428 1804 1482 id
1821 1444 1927 1483 non
1954 1438 2143 1499 agunt,

555 1528 730 1581 neque
783 1528 878 1568 eos
931 1515 1079 1570 sines
1135 1532 1232 1586 per
1292 1517 1394 1573 hoc
1430 1519 1685 1576 Ecclesia!
1745 1521 2008 1576 damnum
2040 1523 2145 1578 sibi

553 1604 802 1676 metipsis
843 1606 1035 1662 salutis
1075 1609 1270 1662 anima:
1295 1609 1566 1680 iacturam
1605 1628 1941 1682 comparare,
1975 1630 2150 1684 neque

558 1713 610 1756 tu
647 1698 979 1770 indulgendo
1004 1715 1194 1763 eorum
1229 1703 1533 1774 cupiditati,
1567 1706 1680 1760 imo
1713 1722 1998 1762 sacrorum
2031 1710 2149 1762 vio-

3156 968 3357 1039 Ἑκκλη
3367 968 3488 1032 σίας
3572 983 3858 1038 καταφρο-

2333 1146 2474 1198 Ἀλλ’
2498 1147 2547 1199 oi
2583 1145 2681 1214 μὲν
2713 1145 2966 1201 τοιοῦτοι.
2999 1147 3068 1199 Σὺ
3101 1148 3180 1218 δὲ,
3212 1147 3405 1202 τέκνον
3437 1149 3590 1215 ἐμὸν,
3621 1151 3696 1217 ὡς
3715 1155 3854 1224 e96-

2249 1256 2411 1310 νιμος
2488 1240 2690 1292 ἐννοῶν
2763 1241 2888 1304 ὅσος
2935 1243 2963 1294 ό
3003 1241 3271 1306 κίνδυνος,
3318 1243 3561 1305 καὶτοῖς
3602 1247 3849 1319 τολμῶσι

2250 1331 2446 1397 ταῦτα,
2511 1332 2745 1395 καὶτοῖς
2797 1335 3086 1405 παρορῶσι
3132 1339 3233 1404 τὴν
3277 1336 3488 1407 τόλμαν
3527 1339 3851 1408 δυναμένοις

2254 1421 2572 1488 διεκδικεῖν,
2637 1425 2796 1478 τοῦτο
2864 1425 2939 1496 μὴ
3007 1427 3353 1496 πράττουσι,
3418 1430 3554 1501 μήτε
3615 1433 3851 1496 ἐκείνοις

2259 1519 2560 1586 συγχωρεῖς
2596 1517 2684 1570 διὰ
2722 1518 2820 1587 τῆς
2848 1505 3104 1589 τοιαύτης
3137 1520 3341 1590 ζημίας
3375 1521 3473 1592 τῆς
3518 1524 3850 1594 Ἐκκλησίας

2257 1609 2485 1672 ἑαυτοὺς
2523 1607 2756 1679 ζημιοῦν
2777 1610 3014 1681 ψυχικῆς
3046 1612 3341 1683 σωτηρίας,
3369 1615 3506 1684 μήτε
3538 1618 3601 1670 σὺ
3628 1617 3716 1671 διὰ
3749 1619 3846 1672 τοῦ

2259 1704 2507 1774 παρορᾷν
2531 1702 2628 1771 τὴν
2661 1702 2974 1768 πλεονεξίαν
3017 1703 3218 1768 αὑτῶν,
3255 1706 3455 1774 μᾶλλον
3488 1707 3545 1761 δὲ
3577 1707 3673 1780 τὴν
3708 1711 3852 1782 lepo—

551 1789 742 1844 lationi
779 1791 1010 1860 teipsum
1033 1793 1190 1864 quasi
1221 1810 1372 1848 reum
1408 1797 1706 1854 constitues
1737 1797 1828 1854 Dei
1859 1801 2145 1857 sententiam

2266 1795 2476 1859 συλίαν,
2523 1795 2712 1866 ῶσπερ
2789 1797 3044 1852 ὑπόδικον
3093 1798 3320 1852 σεαυτὸν
3360 1801 3725 1872 καταστήσεις
3768 1804 3852 1875 τῷ

554 1883 656 1949 Qui
683 1883 830 1938 cnim
862 1885 1066 1940 tnalum
1096 1887 1387 1956 prohibere
1419 1899 1617 1958 potest,
1647 1906 1747 1946 nec
1774 1891 1828 1946 id
1868 1889 2021 1960 lacit,
2051 1911 2158 1950 non

498 2043 506 2051 _
554 1976 785 2029 multum
855 1977 1010 2032 abest
1069 1979 1200 2048 quin
1257 1980 1692 2038 codemnalionis
1718 1999 1845 2041 reus
1903 1985 1992 2042 sit.
2021 1985 2086 2041 Et
2113 1988 2158 2042 si

552 2067 647 2136 qui
701 2067 810 2123 Deo
870 2085 975 2122 non
994 2069 1149 2125 oﬂet-t
1175 2061 1251 2125 de'
1273 2073 1538 2144 propriis,
1568 2075 1778 2132 crimen
1839 2077 2074 2133 incurrit
2106 2089 2159 2134 et

552 2157 1050 2226 reprehensionem,
1110 2171 1317 2232 quanto
1395 2167 1569 2236 magis
1629 2170 1723 2237 qui
1763 2185 1850 2226 res
1892 2171 1988 2226 Dei
2023 2187 2154 2228 sur-

553 2249 683 2320 ripit
708 2253 719 2305 l
745 2249 959 2318 Quibus
999 2269 1096 2324 pro
1130 2265 1218 2310 tua
1251 2257 1558 2326 prudentia,
1581 2260 1652 2315 lili
1684 2261 1778 2326 mi,
1809 2265 2158 2320 animadver-

553 2347 732 2401 tendis
756 2352 985 2403 ostende
1015 2351 1106 2420 qui
1140 2351 1294 2406 dcet-t
1348 2363 1496 2408 tuam
1537 2357 1788 2415 virtutem
1823 2358 1877 2414 in
1926 2359 2018 2414 Dei
2052 2362 2155 2416 Ec-

552 2438 774 2494 clesiam
813 2441 986 2496 zelum
1002 2453 1076 2507 ,et
1099 2461 1262 2514 quant
1295 2446 1348 2499 in
1379 2462 1440 2499 ea
1471 2448 1638 2503 habes
1665 2449 1846 2515 iidem,
1883 2461 1942 2506 ut
1973 2461 2025 2507 et
2060 2453 2154 2508 tibi

552 2533 783 2601 gratiam
823 2547 929 2586 non
969 2535 1410 2606 qualemcunque
1441 2554 1469 2593 a
1503 2538 1610 2593 Deo
1632 2541 1967 2613 fcompares,
2005 2553 2056 2599 et
2100 2545 2154 2598 hi

553 2623 647 2694 qui
707 2623 848 2678 male
907 2625 1169 2680 invadunt
1233 2643 1318 2681 res
1375 2629 1656 2696 Ecl-lesiae,
1717 2647 1876 2686 asua
1925 2634 2150 2689 audacia

552 2713 803 2782 cohibiti,
827 2717 1139 2786 nonaliquid
1159 2719 1616 2791 a'qniphtinuisse
1645 2722 1950 2788 videantur,
1976 2741 2072 2779 nec
2099 2727 2151 2780 in

551 2803 620 2863 iis
678 2823 802 2878 qam
848 2825 953 2864 non
1021 2825 1254 2884 oportet,
1330 2832 1486 2873 suam
1538 2832 1863 2891 perversam
1912 2831 2148 2876 mentem

551 2899 810 2972 divagare
837 2903 1042 2959 sinant.

818 3138 1062 3197 XXXVI.
1098 3141 1379 3197 Curamri;
1413 3141 1894 3216 Strougylizontia.

625 3271 704 3327 Ex
735 3274 934 3329 indicio
981 3275 1282 3331 litterarum
1343 3293 1482 3348 quas
1515 3279 1714 3335 misisti
1755 3281 1822 3336 ad
1887 3285 2143 3339 sacratis-

554 3365 756 3421 simum
796 3365 887 3420 Dei
949 3367 1220 3422 hominem
1283 3379 1338 3423 et
1387 3384 1733 3425 (ecouomum
1793 3388 2002 3444 magna:
2050 3375 2140 3430 Dei

555 3455 813 3512 Ecclesia!
869 3460 1238 3525 comperimus
1287 3461 1493 3515 turbari
1535 3469 1589 3517 te
1633 3471 1684 3518 et
1719 3479 1861 3534 aegre
1919 3465 2139 3527 habere,

556 3559 669 3605 tum
702 3559 926 3620 propter
958 3552 1302 3622 negotiorum
1369 3553 1793 3623 implicationes,
1831 3566 1942 3610 tum
1979 3573 2046 3612 ex
2077 3574 2142 3614 eo

556 3644 699 3714 quod
730 3643 939 3698 litteras
969 3645 1036 3698 ab
1061 3659 1128 3699 eo
1163 3645 1446 3714 aliquanto
1490 3654 1618 3701 ante
1649 3648 1910 3717 accepisti
1955 3651 2143 3719 objur-

555 3737 814 3804 gatorias.
871 3738 934 3790 Et
963 3736 1442 3806 objurgationibus
1491 3739 1708 3808 quidem
1745 3741 1890 3797 illius
1918 3743 2144 3799 minime

552 3828 864 3884 audivimus
907 3839 958 3883 te
986 3842 1295 3900 gravatum,
1330 3832 1529 3902 quippe
1564 3847 1687 3887 cum
1717 3835 1887 3904 patris
1919 3836 1972 3891 in
2004 3837 2144 3894 ﬁlios

551 3920 1007 3988 reprehensiones
1053 3931 1107 3974 et
1151 3921 1582 3994 objurgatioues,
1614 3940 1959 3999 quaecunque
2009 3931 2140 3994 sint,

549 4009 752 4064 laetitia:
786 4011 970 4080 potius
998 4012 1127 4066 deut
1172 4014 1351 4069 locum
1397 4016 1464 4070 iis
1490 4017 1584 4087 qui
1644 4028 1888 4074 mentem
1949 4038 2140 4078 sanam

553 4105 772 4169 habent,
810 4120 975 4175 quam
1007 4105 1244 4161 tristitiae
1281 4108 1692 4165 ct'alllictionis.
1750 4113 1972 4178 Quare?
2003 4114 2139 4181 Quia

552 4196 619 4252 ad
655 4212 883 4265 scopum
925 4207 978 4252 et
1015 4197 1176 4252 ﬁnem
1209 4202 1654 4270 reprehensionis
1683 4206 1953 4273 respicere
1982 4209 2143 4263 debet

553 4289 646 4356 qui
683 4289 771 4343 illa
810 4288 1026 4356 feritur,
1089 4291 1183 4345 sed
1212 4307 1320 4346 non
1381 4294 1561 4348 verbis
1595 4303 1806 4349 tantum
1840 4300 2137 4355 attendere.

554 4383 681 4437 Sive
746 4383 910 4455 igitur
971 4385 1451 4454 reprehensionem
1501 4387 1812 4443 immeritus
1857 4392 2138 4462 accepisti,

2260 1883 2355 1938 τοῦ
2397 1884 2534 1938 Θεοῦ
2589 1886 2989 1957 κατακρίματι.
3037 1885 3097 1941 Ὀ
3126 1886 3235 1958 γὰρ
3274 1887 3574 1959 δυνάμενος
3611 1891 3853 1947 κωλύειν

2259 1975 2358 2045 τὴν
2412 1976 2703 2048 πονηρίαν,
2758 1976 2881 2032 εἶτα
2937 1978 3096 2032 τοῦτο
3152 1979 3228 2051 μὴ
3280 1981 3561 2050 πράττων,
3601 1983 3662 2035 ού
3711 1983 3853 2038 πολὺ

2259 2069 2456 2140 ἀπέχει
2485 2069 2587 2139 τῆς
2634 2071 2921 2136 κοινωνίας
2954 2072 3057 2140 τῆς
3089 2075 3494 2143 κατακρίσεως.
3531 2074 3641 2127 Καὶ
3685 2077 3735 2129 εἰ
3788 2077 3855 2130 τὸ

2262 2163 2338 2232 μὴ
2381 2163 2716 2234 προσφέρειν
2771 2162 2891 2234 Θεῷ
2959 2165 3023 2217 ἐκ
3066 2164 3173 2217 τῶν
3204 2165 3442 2230 οἰκείων,
3486 2165 3695 2236 μέμψιν
3733 2166 3852 2236 ἔχει

2259 2255 2354 2307 καὶ
2379 2256 2749 2323 κατάγνωσιν,
2799 2255 2952 2324 πόσῳ
2980 2255 3182 2325 μᾶλλον
3231 2256 3292 2309 τὸ
3323 2257 3596 2328 ἁρπάζειν
3635 2260 3700 2311 τὰ
3749 2259 3852 2312 τοῦ

2258 2343 2433 2410 Θεοῦ;
2472 2345 2654 2410 Ἀπερ
2708 2345 2783 2408 ὼς
2833 2346 3120 2415 φρόνιμος,
3171 2345 3364 2400 τέκνον
3406 2365 3533 2417 μου,
3591 2351 3853 2418 συνορᾷν,

2256 2434 2427 2499 δεῖξον
2454 2435 2545 2488 τὸν
2585 2435 2867 2505 πρέποντα
2899 2439 2963 2507 τῇ
2991 2439 3057 2508 σῇ
3091 2439 3260 2509 ἀρετῇ
3293 2438 3435 2507 ὑπὲρ
3455 2439 3554 2507 τῆς
3587 2438 3678 2492 τοῦ
3707 2438 3852 2494 Θεοῦ

2268 2529 2597 2599 Ἐκκλησίας
2625 2529 2809 2600 ζῆλον,
2844 2532 2936 2583 καὶ
2957 2531 3023 2600 ῆν
3051 2532 3110 2584 ὲν
3133 2532 3272 2604 αὐτῇ
3307 2532 3635 2602 πεποίθησιν
3676 2532 3851 2604 ἔχεις,

2257 2625 2341 2677 ἵνα
2402 2624 2497 2677 καὶ
2555 2624 2770 2694 σεαυτῷ
2805 2624 2964 2693 χάριν
3007 2625 3067 2676 οὐ
3099 2623 3196 2695 τὴν
3220 2624 3493 2695 τυχοῦσαν
3527 2625 3674 2695 παρᾶ
3708 2625 3852 2678 θεοῦ

2255 2717 2613 2788 περιποιήσῃ,
2649 2716 2745 2769 καὶ
2779 2715 2827 2767 οἱ
2877 2715 3066 2779 κακῶς
3118 2715 3498 2783 ἐπιπηδῶντες
3522 2719 3605 2781 είς
3642 2718 3708 2769 τά
3742 2717 3850 2786 τῆς

2266 2805 2619 2877 Ἐκκλησίας,
2690 2807 2784 2860 τοῦ
2829 2805 3067 2879 θράσους
3115 2809 3521 2878 ὲπισχεθέντες,
3559 2807 3634 2880 μὴ
3673 2811 3731 2862 ὲν
3761 2805 3846 2872 οἷς

2251 2900 2312 2953 ού
2354 2899 2457 2965 δεῖ,
2495 2899 2622 2971 μηδ’
2664 2898 2889 2967 εὔλογόν
2929 2918 2983 2952 τι
3011 2899 3314 2968 φαίνωνται
3357 2903 3713 2973 κεκτημένοι,
3743 2902 3850 2974 τὴν

2253 2993 2500 3065 πονηράν
2528 2994 2710 3048 αὐτῶν
2737 2994 3060 3065 προαίρεσιν
3087 2993 3502 3050 ὲπεκτείνωσιν.

2352 3131 2495 3201 [ις’.
2537 3134 2620 3200 Τῷ
2665 3133 2980 3204 κουράτορι
3011 3134 3118 3191 τοῦ
3165 3137 3731 3206 Στρογγυλίζοντος.

2319 3267 2400 3320 Δι’
2441 3267 2766 3333 ύποδείξεως
2825 3261 3184 3340 γράμματος’
3209 3270 3362 3339 παρά
3415 3269 3510 3323 σοῦ
3550 3270 3847 3334 σταλέντος

2246 3358 2384 3427 πρὸς
2400 3358 2491 3411 τὸν
2507 3357 2604 3412 τοῦ
2617 3357 2752 3412 Θεοῦ
2775 3361 3072 3431 ἱερώτατον
3099 3363 3132 3416 ἄ
3145 3362 3409 3432 ἰθρωπον,
3434 3366 3529 3419 καὶ
3550 3363 3845 3435 οἰκονόμον

2244 3455 2341 3520 τῆς
2363 3451 2602 3524 μεγάλης
2618 3454 2710 3507 τοῦ
2726 3454 2861 3509 Θεοῦ
2877 3455 3231 3526 Ἐκκλησίας,
3254 3456 3535 3526 ἐμάθομεν
3562 3457 3752 3512 ἀλύειν
3774 3475 3842 3511 σε

2245 3543 2342 3596 καὶ
2399 3542 2712 3614 δυσφορεῖν,
2749 3545 2906 3599 τοῦτο
2950 3547 3047 3617 μὲν
3088 3549 3180 3600 ἐπὶ
3225 3551 3346 3611 ταῖς
3409 3549 3669 3618 ὀχλήσεσι
3723 3549 3844 3602 τῶν

2246 3635 2609 3706 πραγμάτων,
2631 3635 2790 3691 τοῦτο
2810 3637 2867 3690 δὲ
2899 3639 2993 3692 καὶ
3036 3639 3116 3692 ὃτι
3154 3639 3462 3711 γράμματα
3505 3641 3638 3712 παρ’
3665 3641 3840 3696 αὑτοῦ

2246 3730 2355 3800 πρὸ
2401 3730 2598 3802 χρόνου
2637 3731 2788 3795 τινὸς
2833 3731 3000 3798 ἐδέξω
3036 3733 3276 3802 μέμψεις
3315 3749 3396 3785 σοι
3439 3732 3698 3805 φέροντα.
3729 3735 3846 3788 Καὶ

2247 3823 2389 3892 ὑπὲρ
2421 3822 2520 3892 μὲν
2549 3823 2659 3876 τῶν
2690 3823 2901 3878 ἐκείνου
2946 3824 3209 3895 μέμψεων
3243 3826 3347 3878 οὐκ
3371 3825 3753 3895 ἀποδεχόμεθα
3781 3842 3841 3879 σε

2245 3917 2612 3988 λυπούμενον.
2639 3919 2702 3972 Δί
2729 3918 2837 3988 γὰρ
2882 3923 3154 3990 πατρικαὶ
3193 3919 3332 3989 πρὸς
3366 3918 3433 3972 τά
3465 3921 3634 3973 τέκνα
3663 3921 3847 3972 ἐπιτι-

2249 4013 2450 4083 μήσεις
2500 4012 2598 4065 καὶ
2661 4011 2918 4083 μέμψεις,
2966 4013 3150 4065 ὁποῖαι
3187 4013 3254 4065 ἂν
3300 4007 3454 4078 ῶσιν,
3497 4014 3846 4084 εὐφροσύνης

2250 4105 2451 4174 μᾶλλόν
2497 4105 2606 4157 εισι
2647 4105 3168 4176 παρασκευαστικαὶ
3220 4108 3332 4166 τοῖς
3392 4105 3518 4159 νοῦν
3575 4105 3840 4177 ἔχουσιν,

2246 4197 2363 4250 ἀλλ’
2385 4197 2508 4268 οὐχὶ
2533 4196 2712 4268 λύπης
2744 4197 2835 4249 καὶ
2864 4195 3122 4267 θλίψεως.
3153 4198 3250 4252 Διὰ
3279 4198 3368 4264 τί;
3407 4198 3532 4251 "Ott
3568 4198 3704 4270 πρὸς
3743 4199 3847 4252 τὸν

2248 4289 2451 4345 σκοπόν
2475 4288 2573 4360 τῆς
2626 4287 2887 4358 μέμψεως
2920 4289 3018 4342 καὶ
3052 4289 3110 4342 τὸ
3148 4289 3299 4353 τέλος
3332 4291 3544 4361 ἀφορᾷν
3571 4290 3779 4358 ὀφείλει
3806 4294 3841 4344 ὁ

2246 4380 2417 4456 ταύτῃ
2488 4377 3063 4451 καθυποόεὸλημένος,
3127 4382 3240 4434 ἀλλ’
3296 4383 3419 4452 οὐχὶ
3465 4385 3577 4446 τοῖς
3618 4383 3842 4452 ῥήμασι

552 4473 794 4544 gaudere
849 4475 1014 4531 debes
1066 4476 1212 4547 quod
1249 4477 1407 4548 quasi
1459 4478 1707 4548 quaedam
1738 4497 1843 4536 non
1882 4485 2139 4553 peccandi

2253 4473 2433 4542 μόνοις
2496 4473 2810 4544 προσέχειν.
2862 4474 2930 4526 Εἴ
2968 4491 3026 4527 τε
3059 4473 3152 4527 οὖν
3192 4475 3266 4545 μὴ
3306 4475 3643 4545 σφαλόμενος
3671 4475 3848 4544 ἐδέξω

555 4574 849 4635 prmcautlo
905 4567 1046 4624 facta
1108 4573 1180 4626 sit
1239 4571 1636 4642 reprehensio:
1673 4573 1788 4629 sive
1837 4576 2047 4648 lapsum
2091 4588 2142 4632 te

558 4659 932 4728 reprehendit;
965 4671 1018 4716 et
1044 4669 1173 4716 tunc
1197 4679 1418 4732 quoque
1444 4664 1618 4733 magis
1644 4665 1935 4722 laetandum
1971 4680 2142 4730 esset.

553 4752 680 4823 quia
715 4754 988 4810 correctio
1019 4762 1073 4809 et
1126 4757 1341 4810 curatio
1385 4755 1568 4826 lapsus
1617 4773 1683 4812 ex
1717 4761 2144 4830 reprehensione

555 4847 752 4915 prodit.
790 4846 1000 4901 Bonum
1033 4856 1214 4900 autem
1238 4839 1560 4919 utrumque.
1596 4851 1663 4905 Et
1696 4853 1748 4905 in
1779 4853 1939 4911 bonis
1973 4855 2140 4910 rebus

557 4951 664 4990 non
702 4938 947 5006 oportuit
977 4945 1027 4990 te
1066 4938 1366 5006 sapientem
1402 4939 1531 4994 illud
1565 4941 1673 5010 pati
1704 4943 1849 5012 quod
1888 4942 1942 4997 in
1982 4945 2143 4999 malis

551 5041 606 5085 et
645 5029 893 5085 adtersis
934 5032 1204 5102 sequitur.
1248 5029 1342 5085 His
1395 5034 1541 5088 enim
1594 5034 1728 5089 solis
1785 5035 1949 5106 aﬂligi
2005 5039 2146 5092 solet

553 5122 646 5192 qui
678 5123 954 5192 sapienter
982 5125 1171 5177 sentit.
1203 5121 1438 5180 Proinde
1470 5141 1635 5193 quam
1670 5142 1735 5179 ex
1765 5127 1959 5184 litteris
1991 5145 2143 5184 (eco-

556 5215 701 5270 nomi
749 5215 1008 5285 accepisti
1061 5217 1337 5276 tristitiam
1401 5219 1633 5289 depone,
1684 5229 1738 5274 et
1780 5222 2144 5293 cogitationes

556 5320 780 5366 moestas
838 5309 1067 5375 dimitte,
1123 5325 1226 5365 nec
1260 5326 1369 5364 non
1400 5321 1454 5366 et
1481 5312 1643 5366 verba
1676 5314 1982 5372 recusantia
2043 5317 2148 5373 mi-

559 5402 869 5468 nisterium,
918 5410 1142 5473 propter
1165 5403 1312 5472 quod
1343 5411 1394 5456 te
1423 5413 1567 5456 recte
1597 5413 1651 5458 et
1697 5413 1810 5458 toto
1844 5407 2008 5461 corde
2041 5409 2144 5462 mi-

557 5495 876 5551 nistrantem
903 5493 1348 5564 incomparabilis
1373 5504 1556 5548 manet
1582 5511 1814 5551 merces.
1848 5495 1964 5552 Non
1994 5500 2141 5553 enim

559 5589 625 5640 ad
667 5587 950 5658 prmscntia
980 5595 1194 5641 tantum
1227 5585 1452 5656 aspicis,
1490 5586 1573 5640 vir
1619 5589 1857 5658 prudens
1884 5605 2007 5644 cum
2042 5591 2140 5656 sis,

560 5686 636 5742 et,
665 5687 722 5730 ut
750 5681 1022 5747 suspicor,
1051 5677 1173 5747 plus
1195 5691 1356 5746 quant
1412 5680 1699 5748 prmsentis
1758 5679 1880 5736 vita:
1928 5681 2143 5737 deside-

563 5784 706 5823 rtum
746 5770 954 5827 habens
1007 5770 1223 5826 futurae.
1254 5768 1476 5828 Minime
1492 5773 1633 5828 enim
1666 5774 1885 5832 dubitas
1920 5775 2052 5847 quin
2089 5784 2138 5832 lc

2246 4565 2346 4637 τὴν
2377 4565 2605 4636 μέμψιν,
2644 4566 2857 4638 χαίρειν
2881 4567 3140 4636 ὀφείλεις,
3175 4569 3257 4620 ὅτι
3299 4567 3440 4638 ὑπὲρ
3465 4567 3560 4621 τοῦ
3596 4568 3670 4640 μὴ
3702 4585 3840 4638 σφα-

2247 4655 2406 4728 λῆναι
2459 4657 2650 4728 ὥσπερ
2699 4675 2784 4722 τις
2842 4658 3221 4730 προασφάλεια
3263 4660 3486 4727 γέγονεν
3518 4661 3548 4728 ἡ
3585 4659 3796 4730 μέμψις
3824 4677 3845 4695 ο

2248 4752 2359 4802 εἴτε
2385 4752 2710 4822 σφαλομένῳ
2745 4768 2825 4804 σοι
2863 4751 3190 4822 ἐπετίμησε,
3224 4752 3320 4804 καὶ
3354 4751 3498 4806 οὕτω
3531 4752 3690 4805 πλέον
3729 4752 3847 4807 ἔδει

2248 4842 2480 4912 χαίρειν,
2521 4843 2602 4896 ὄτι
2624 4842 2912 4914 διόρθωσις
2939 4845 3033 4896 καὶ
3063 4842 3333 4914 θεραπεία
3359 4843 3453 4897 τοῦ
3488 4845 3846 4914 πταίσματος

2247 4936 2312 4987 ἐκ
2372 4935 2472 5003 τῆς
2529 4937 2902 5004 ἐπιτιμήσεως
2943 4936 3184 5006 ἀπαντᾷ.
3231 4935 3389 4989 Καλὰ
3421 4935 3478 4988 δὲ
3527 4936 3841 5005 ἀμφότερα.

2248 5029 2358 5082 Καὶ
2390 5030 2482 5082 ἐπὶ
2507 5032 2618 5091 τοῖς
2646 5030 2830 5092 καλοῖς
2861 5031 2959 5083 οὐκ
2983 5030 3091 5083 ἔδει
3116 5047 3172 5083 σε
3196 5031 3466 5101 φρόνιμον
3497 5029 3626 5082 ὄντα
3659 5031 3846 5084 ἐκεῖνο

2249 5121 2467 5188 παθεῖν,
2490 5123 2629 5193 ὅπερ
2665 5124 2756 5175 ἐπὶ
2797 5126 2912 5184 τοῖς
2961 5126 3151 5188 κακοῖς
3190 5125 3282 5178 καὶ
3319 5124 3664 5195 ἁσυμφόροις
3702 5123 3844 5176 ἀκο-

2248 5213 2453 5268 λουθεῖ.
2483 5215 2671 5268 Ταῦτα
2700 5217 2807 5287 γὰρ
2838 5217 2972 5286 μόνα
3005 5217 3200 5270 λυπεῖν
3223 5213 3329 5270 οἶδε
3357 5216 3448 5269 τὸν
3483 5216 3842 5286 λογιζόμενον

2249 5309 2561 5379 ἐμφρόνως.
2598 5311 2762 5363 Ὥστε
2805 5311 2905 5383 τὴν
2939 5311 3033 5365 ἐπὶ
3087 5315 3201 5373 τοῖς
3234 5310 3532 5382 γράμμασι
3558 5312 3652 5364 τοῦ
3687 5313 3839 5365 οἱκο-

2248 5401 2412 5474 νόμου
2437 5400 2614 5473 λύπην
2644 5403 2873 5468 ἀπόθου,
2927 5404 3025 5458 καὶ
3083 5403 3206 5468 τοὺς
3245 5404 3538 5472 λογισμοὺς
3577 5405 3716 5474 ἄφες
3735 5405 3835 5475 τῆς

2247 5495 2496 5564 ἀκηδίας,
2527 5495 2624 5548 καλ⁵
2676 5495 2745 5549 τὰ
2782 5497 3200 5566 παραιτούμενα
3245 5499 3471 5568 ῥήματα
3518 5497 3616 5568 τὴν
3646 5497 3835 5551 διακο-

2248 5587 2392 5650 νίαν,
2447 5589 2506 5653 ἐξ
2557 5583 2626 5660 ἧς
2667 5606 2748 5641 σοι
2803 5588 2981 5659 ὀρθῶς
3031 5589 3124 5642 καλ⁵
3171 5589 3456 5659 όλοψύχως
3491 5588 3834 5643 διακονοῦντι

2247 5683 2582 5753 ἀσύγκριτος
2637 5684 2928 5737 ἀπόκειται
2962 5685 2990 5736 ό
3025 5683 3238 5752 μισθός.
3416 5685 3526 5754 γάρ
3561 5685 3724 5755 μόνον
3751 5687 3834 5747 είς

2247 5777 2315 5832 τὶ
2361 5776 2604 5847 παρόντα
2657 5776 2876 5848 βλέπεις
2930 5775 3216 5850 ἅνθρωπος
3265 5778 3484 5843 συνετὸς
3532 5779 3831 5848 ὑπάρχων,
