4152 6420
318 314 424 377 225

1807 325 2214 389 EPISTULE.

3519 330 3627 393 226

319 432 416 482 καὶ
452 427 627 482 πλέον
666 430 763 501 τῆς
808 434 1106 507 παρούσης
1152 437 1299 507 ζωῆς
1336 440 1409 503 ὥς
1448 457 1509 507 γε
1555 439 1911 512 ὑπολαμϐάνω

2034 441 2160 496 hinc
2193 450 2410 497 maneat
2434 457 2645 497 merces
2669 457 2698 499 ε
2735 445 2844 501 Deo
2878 452 3098 514 propter
3127 459 3189 499 ea
3225 458 3344 513 qua:
3372 444 3423 498 in
3460 460 3630 514 nego-

322 520 620 593 ἐφιέμενος
656 525 758 594 τῆς
813 514 1129 599 μελλούσης
1153 547 1167 562 ο
1207 531 1427 595 πάντως
1454 532 1511 584 δὲ
1539 533 1601 585 οὐ
1648 531 1932 609 διστάζεις

320 619 401 670 δτι
431 617 741 670 ἀπόκειταί
795 634 881 671 σοι
937 621 1133 690 μισθὸς
1181 624 1394 678 ἐκεῖθεν
1425 624 1575 694 παρὰ
1620 623 1758 677 θεοῦ
1789 624 1933 695 ὑπὲρ

321 703 393 761 ὧν
428 711 490 762 ὲν
510 711 630 773 τοῖς
655 712 955 781 πράγμασι
993 715 1089 784 τῆς
1118 715 1285 769 αὐτοῦ
1332 717 1661 788 Ἐκκλησίας
1713 720 1895 782 πονεῖς
1918 733 1934 749 ⁸

322 803 446 871 ἧσε.)
479 804 582 857 ἐάν
637 821 725 867 τις
778 809 839 860 ἐν
876 810 992 871 τοῖς
1038 811 1150 873 σοῖς
1199 811 1364 863 πόνον
1404 813 1499 864 καὶ
1539 812 1777 883 σπουδὴν
1812 813 1937 866 ἐπι-

320 895 612 950 δείκνυται
652 898 1006 967 πράγμασιν,
1070 900 1214 956 ὥστε
1258 904 1531 972 ὠφέλειαν
1553 904 1677 958 τινὰ
1716 904 1929 969 τούτοις

317 993 583 1060 γενέσθαι
604 994 708 1062 τῆς
727 992 1094 1065 ὀφειλομένης
1118 999 1340 1067 χάριτος
1367 997 1471 1050 οὐκ
1491 998 1814 1067 ἀποστερεῖς
1844 998 1935 1052 τὸν

326 1086 735 1151 σπουδάζοντα,
775 1084 919 1139 ἀλλά
972 1088 1135 1140 παντὶ
1172 1092 1363 1159 τρόπῳ
1412 1088 1511 1158 τὴν
1548 1088 1786 1160 ἀμοιϐὴν
1825 1089 1935 1142 τῶν

329 1180 509 1232 πόνων
537 1180 737 1232 τούτου
783 1183 1154 1251 περισκοπεῖς
1180 1198 1196 1248 ;
1228 1183 1318 1235 τὸν
1351 1182 1409 1235 δὲ
1443 1184 1533 1235 ἐπὶ
1556 1184 1775 1236 πάντων
1799 1183 1933 1237 Θεὸν

329 1271 616 1324 λείπεσθαι
676 1274 780 1343 τῆς
853 1272 953 1342 σῆς
1037 1273 1413 1344 προαιρέσεως
1486 1274 1929 1345 ὑπολαμϐάνειςς

342 1362 483 1415 Ἀλλ’
535 1362 747 1416 ἄτοπον
776 1362 963 1430 τοῦτο,
1006 1365 1102 1419 καὶ
1161 1367 1234 1436 μή
1281 1383 1411 1421 ποτε
1461 1368 1541 1429 εἰς
1570 1366 1693 1420 νοῦν
1724 1365 1935 1437 ἀνθρὼ-

334 1466 493 1503 πινον
518 1448 685 1503 ἔλθοι.
725 1450 814 1514 Ὠς
850 1446 1029 1514 εἷπον,
1080 1454 1357 1507 κατάϐαλε
1386 1454 1484 1526 τὴν
1523 1456 1618 1509 ἐπὶ
1640 1454 1717 1525 τῷ
1748 1458 1932 1528 γράμ-

335 1559 468 1609 ματι
497 1542 760 1615 ἀθυμίαν.
797 1545 936 1615 Περὶ
964 1545 1024 1599 δὲ
1081 1549 1180 1616 τῆς
1210 1547 1322 1600 τῶν
1376 1551 1727 1619 πραγμάτων
1767 1567 1931 1621 περι-

339 1632 591 1698 στάσεως
630 1636 724 1689 καὶ
757 1634 1053 1701 δυσκολίας
1114 1638 1440 1709 ἐγράψαμεν
1499 1640 1579 1710 τῷ
1611 1641 1928 1712 στρατηγῷ,

336 1728 438 1777 καὶ
464 1727 786 1795 λογιζόμεθα
832 1727 1028 1783 τοῦτον
1062 1730 1137 1801 μὴ
1195 1733 1252 1784 ὲν
1306 1732 1711 1804 παραλογισμῴ
1738 1733 1927 1787 θέσθαι

2040 532 2130 587 tiis
2165 533 2424 591 Ecclesiae
2444 537 2558 606 ejus
2607 538 2845 594 laboras.
2900 536 3041 591 Num
3096 548 3175 602 tu,
3203 537 3247 592 si
3269 538 3395 606 quis
3426 539 3479 591 in
3521 538 3630 592 tuis

2039 628 2281 682 laborem
2344 636 2398 683 et
2471 630 2714 684 studium
2779 631 3020 692 exhibet,
3110 631 3185 686 ita
3248 640 3305 684 ιιι
3377 632 3626 700 quaedam

2041 719 2352 777 utilitashis
2389 721 2515 779 inde
2542 725 2847 791 contingat,
2871 724 3207 779 laborantem
3237 724 3419 778 debita
3460 725 3633 795 gratia

2039 811 2318 883 destityis,
2353 822 2448 867 aut
2480 829 2587 867 non
2622 815 2805 883 potius
2835 818 2985 870 omni
3046 817 3209 871 modo
3237 817 3445 883 justam
3476 817 3632 870 labo-

2040 918 2159 955 rum
2195 904 2315 973 ejus
2349 905 2758 961 retributionem
2780 909 3197 978 circumspicis?
3219 908 3398 987 Deum‘
3416 917 3625 971 autem,

2036 993 2129 1063 qui
2169 1005 2254 1050 est
2285 1010 2452 1065 super
2504 1012 2723 1065 omnes,
2761 998 3078 1054 inferiorem
3114 1012 3206 1054 tua
3244 1003 3387 1055 bona
3440 1004 3628 1056 volun-

2037 1085 2467 1145 tatearbitraris
2497 1088 2520 1142 ?
2557 1087 2626 1143 At
2650 1088 2904 1143 insanum
2939 1090 3112 1157 istud,
3146 1107 3247 1146 nec
3280 1108 3520 1162 unquam
3568 1093 3624 1147 in

2038 1192 2273 1237 mentem
2360 1183 2657 1239 humanam
2717 1186 2905 1240 intret.
2961 1186 3433 1253 Quemadmodum
3507 1188 3621 1254 iam

2034 1273 2169 1339 dixi,
2198 1274 2373 1343 abjice
2405 1275 2545 1331 hanc
2575 1276 2742 1329 animi
2774 1278 3051 1331 tristitiam
3085 1278 3151 1334 de
3178 1279 3395 1335 litteris.
3430 1278 3505 1334 De
3538 1280 3624 1336 re-

2034 1380 2155 1418 rum
2185 1364 2387 1419 deinde
2415 1365 2605 1435 iniquo
2652 1375 2798 1421 statu
2857 1368 3182 1437 scripsimus
3210 1368 3354 1435 duci,
3393 1379 3446 1423 et
3478 1371 3622 1425 hunc

2034 1468 2140 1507 non
2202 1454 2543 1509 arbitramur
2604 1457 2760 1511 nihili
2819 1457 3094 1513 facturum
3155 1474 3217 1513 ca
3249 1461 3621 1529 quasanobis

2031 1544 2234 1613 scripta
2267 1555 2418 1612 sunt,
2450 1547 2566 1609 sed,
2599 1564 2765 1618 quant
2799 1550 3064 1620 potuerit,
3097 1551 3166 1605 ab
3207 1551 3326 1621 ipso
3356 1562 3622 1625 praestan-

2030 1639 2154 1693 dam
2188 1640 2302 1694 fore
2336 1655 2495 1709 opem
2529 1652 2584 1696 et
2606 1643 2896 1703 auxilium,
2923 1644 2995 1697 ita
3028 1645 3166 1698 utin
3199 1644 3282 1699 his
3314 1644 3507 1699 fortior
3542 1645 3621 1700 fa-

2030 1738 2173 1798 ctus,
2200 1733 2500 1789 studiosius
2528 1735 2593 1789 ad
2637 1751 2723 1791 res
2772 1736 3081 1792 incumbas.
3123 1738 3259 1791 Cum
3303 1745 3484 1792 autem
3519 1739 3615 1792 ad-

343 1819 417 1870 τα
460 1820 593 1885 παρ’
626 1820 774 1890 ἡμῶν
794 1838 935 1892 791;:
948 1824 1098 1890 ἑντα,
1120 1824 1255 1878 ἀλλὰ
1276 1826 1376 1894 τὴν
1410 1826 1770 1897 ἐνδεχομένην
1801 1829 1911 1880 ἐπι·

2025 1823 2193 1881 l'ueris
2229 1825 2377 1890 duci,
2416 1828 2648 1897 ejusque
2702 1838 2939 1883 mentem
2986 1846 3050 1883 ex
3089 1832 3193 1885 hoc
3223 1846 3369 1885 nunc
3412 1844 3618 1899 cogno-

240 1964 273 1997 ρ
298 1970 299 1975 η
346 1912 726 1981 χορηγηθῆναί
751 1931 827 1968 σοι
852 1916 986 1986 παρ’
1004 1917 1170 1970 αὑτοῦ
1198 1917 1454 1990 βοήθειαν
1484 1920 1581 1973 καὶ
1609 1919 1919 1991 ἀντίληψιν.

341 2004 507 2055 Ὥστε
531 2008 623 2057 καὶ
645 2006 701 2057 ἐν
730 2007 938 2071 τούτοις
979 2009 1350 2081 εὐθυμότερος
1380 2013 1697 2082 γενόμενος,
1748 2029 1922 2067 σπου-

244 2128 248 2131 ~
322 2093 612 2165 δαιότερον
650 2100 760 2151 τῶν
801 2101 1151 2171 πραγμάτων
1183 2104 1436 2174 ἀντέχου,
1464 2105 1558 2159 καὶ
1592 2105 1924 2176 συγγινόμε-

2031 1918 2197 1983 veris,
2233 1918 2300 1973 ad
2341 1934 2443 1974 nos
2492 1922 2691 1987 scribe,
2721 1930 2796 1987 et,
2829 1938 2928 1991 pro
2969 1933 3155 1978 nostra
3200 1932 3488 1994 potestate,
3561 1922 3613 1976 id

2031 2027 2258 2081 agemus
2314 2021 2374 2066 ut
2426 2027 2537 2066 non
2597 2029 2721 2081 ope,
2770 2030 2869 2070 nec
2925 2015 3108 2071 debita
3167 2017 3506 2087 providentia
3561 2025 3616 2071 et

2034 2106 2376 2174 protectionc
2401 2105 2742 2162 destituaris.
2934 2090 2939 2096 ’

317 2204 411 2253 νος
446 2190 527 2260 τῷ
565 2192 880 2264 στρατηγῷ,
904 2198 998 2247 καὶ
1030 2195 1129 2265 τὴν
1148 2197 1360 2251 ἐκείνου
1382 2198 1608 2269 γνώμην
1662 2198 1773 2252 άπὸ
1812 2198 1906 2252 τοῦ
1959 2198 2054 2251 νῦν
2089 2198 2497 2268 άναμανθάνων
2544 2201 2726 2272 γράφε
2749 2201 2884 2270 πρὸς
2919 2203 3090 2273 ἡμᾶς,
3121 2205 3215 2257 καὶ
3252 2205 3353 2275 τῆς
3381 2206 3615 2276 δυνατῆς

316 2283 418 2337 οὐκ
446 2284 507 2338 ἐν
536 2285 781 2358 δευτέρῳ
800 2288 1145 2359 ποιησόμεθα
1167 2288 1424 2363 βοηθείας
1454 2310 1512 2346 σε
1544 2292 1621 2365 μὴ
1638 2294 2060 2365 ἀποτυγχάνειν,
2095 2294 2229 2363 μηδὲ
2251 2296 2350 2363 τῆς
2384 2293 2744 2365 ὀφειλομένης
2768 2297 3025 2367 προνοίας
3057 2314 3115 2349 τε
3143 2297 3234 2350 καὶ
3254 2298 3610 2369 προστασίας.

727 2406 849 2464 AZ'.
888 2410 1202 2477 Στυλιανῷ
1229 2411 1508 2478 διακόνῳ.

387 2520 736 2591 Προστάξεις
806 2524 905 2577 καὶ
960 2524 1305 2579 διδασκαλίαι
1382 2526 1637 2597 πράξεων
1685 2527 1917 2591 ἐκείνοις

317 2613 644 2680 ἀναγκαῖαι,
659 2615 776 2669 ὅσοι
806 2616 881 2687 μὴ
905 2618 998 2670 τὸν
1017 2620 1218 2672 οἰκεῖον
1243 2618 1369 2672 νοῦν
1385 2619 1707 2675 διδάσκαλον
1729 2621 1915 2691 ἔχωσι.

317 2703 493 2758 Τοῦτο
517 2706 689 2775 ἡμεῖς
718 2707 782 2760 οὐ
818 2706 1155 2776 λογιζόμεθα
1188 2710 1319 2781 περὶ
1355 2710 1473 2764 σοῦ.
1506 2712 1606 2765 Διὰ
1633 2712 1793 2766 τοῦτο
1820 2717 1918 2766 καῖ

315 2796 407 2849 τοῦ
435 2800 682 2868 γράφειν
708 2814 790 2853 σοι
814 2800 965 2864 ὅπως
987 2802 1068 2854 δεῖ
1091 2818 1150 2855 σε
1176 2802 1246 2857 τά
1268 2804 1364 2871 τῆς
1387 2807 1480 2858 τοῦ
1507 2806 1646 2860 Θεοῦ
1686 2809 1919 2881 Ἐκκλη-

318 2893 439 2957 cia;
468 2894 781 2967 πράγματα
810 2896 1035 2951 διοικεῖν
1069 2899 1448 2972 ἀπεσχόμεθα.
1484 2900 1774 2970 Πείσαντες
1806 2906 1915 2977 γὰρ

323 2988 469 3055 ἅπαξ
530 2990 792 3054 ἑαυτοὺς,
851 2992 933 3045 ὅτι
980 2993 1205 3074 ,πρῶτον
1239 2998 1339 3067 μὲν
1380 2998 1460 3060 είς
1492 2998 1625 3052 Θεὸν
1652 3001 1787 3072 δρᾷς
1820 3003 1915 3055 καὶ

319 3083 375 3132 τὸ
403 3081 624 3135 ἐκείνου
684 3086 1013 3156 κατάκριμα
1079 3088 1346 3158 φρίττεις,
1375 3090 1569 3144 ἔπειτα
1605 3093 1660 3146 δὲ
1700 3095 1783 3147 ὅτι
1817 3095 1912 3149 καὶ

2412 2413 2679 2471 XXXVII.
2715 2412 2962 2485 Styltano
3008 2416 3257 2469 diacono.

2093 2524 2366 2596 Praecepta
2408 2536 2463 2582 ct
2537 2528 2926 2582 instructiones
2978 2527 3046 2583 iis
3086 2528 3406 2584 necissariae
3459 2538 3610 2594 sunt,

2017 2619 2111 2689 qui
2144 2620 2426 2690 propriam
2466 2631 2704 2674 mentem
2731 2622 3048 2690 magistram
3077 2637 3187 2675 non
3216 2623 3435 2677 habent.
3468 2624 3610 2678 Illud

2018 2720 2198 2764 autem
2252 2712 2319 2764 de
2370 2719 2419 2764 te
2468 2725 2579 2763 non
2627 2711 2914 2765 sentimus.
2960 2711 3084 2766 Ideo
3112 2720 3165 2767 et
3212 2713 3306 2767 tibi
3369 2714 3610 2768 scribere

2022 2806 2297 2873 quomodo
2332 2813 2581 2873 eportcat
2611 2812 2662 2858 te
2683 2805 2783 2859 Dei
2807 2802 3070 2859 Ecclesia:
3100 2807 3317 2875 negotia
3374 2807 3611 2860 admini-

2021 2904 2196 2949 strare
2219 2895 2669 2964 supersedetnus.
2708 2894 2849 2949 Cum
2875 2896 3019 2949 enim
3049 2897 3219 2951 semel
3282 2911 3603 2966 persuasum

2022 2988 2324 3067 habeamus
2357 2989 2595 3060 primum
2626 2989 2850 3059 quidem
2878 2999 2927 3043 te
2956 2992 3008 3043 in
3052 2990 3222 3044 Deum
3253 2993 3518 3060 aspicere,
3551 3000 3606 3046 et

2018 3080 2410 3151 ejusjudicium
2444 3083 2828 3147 reformidare,
2860 3082 3054 3138 deinde
3083 3091 3137 3136 et
3170 3085 3425 3138 humame
3473 3099 3605 3152 pru-

320 3174 423 3225 τῶν
485 3175 854 3247 ἀνθρωπίνων
900 3178 1179 3251 λογισμῶν
1209 3176 1291 3246 οἷς
1320 3183 1383 3236 τὸ
1422 3183 1541 3237 δέον
1571 3185 1780 3254 γίνεται
1813 3187 1911 3258 οὐχ

2016 3174 2229 3241 demite,
2266 3176 2319 3229 in
2372 3176 2571 3246 quibus
2604 3192 2744 3247 opus
2799 3188 2903 3240 est,
2954 3194 3062 3232 non
3119 3193 3240 3233 esse
3296 3188 3602 3248 expertem,

317 3269 596 3339 ὑστερεῖς,
657 3271 916 3341 περιττὸν
964 3274 1298 3346 ἡγησάμεθα
1340 3277 1436 3330 τοῦ
1479 3280 1911 3350 προστιθέναιτι

316 3364 446 3433 παρ’
487 3363 702 3418 ἑαυτῶν
728 3365 869 3436 πρὸς
902 3366 1001 3439 τὴν
1032 3368 1265 3422 δέουσαν
1300 3369 1411 3423 τῶν
1444 3371 1543 3440 τῆς
1582 3372 1911 3444 Ἐκκλησίας

313 3455 668 3526 πραγμάτων
706 3457 997 3529 διοίκησιν,
1030 3461 1132 3531 ὅση
1160 3479 1220 3515 τε
1245 3464 1303 3516 ἐν
1340 3466 1407 3534 τῇ
1437 3466 1774 3519 καταστάσει
1800 3467 1910 3519 τῶν

312 3548 534 3616 ἱερέων,
592 3548 691 3601 καὶ
746 3551 848 3621 ὅση
879 3552 939 3604 ὲν
977 3553 1271 3627 ἐπιμελείᾳ
1304 3560 1610 3626 γεωργικῇ.
1642 3558 1816 3612 Τοῦτο
1853 3559 1909 3612 δὲ

310 3640 480 3707 μόνον
547 3642 860 3712 γράφομεν,
913 3645 1055 3717 ὅπερ
1092 3646 1306 3718 ᾔτησας
1339 3648 1437 3703 τοῦ
1468 3649 1691 3717 ’ἀνοῖξαι
1724 3652 1823 3720 μὲν
1849 3650 1909 3705 τό

306 3734 803 3803 σκευοφυλακεῖον,
862 3738 1175 3809 ἐξενεγκεῖν
1210 3741 1267 3795 δὲ
1329 3741 1391 3796 τὸ
1426 3744 1669 3813 χαρτίον,
1709 3743 1737 3797 δ
1769 3744 1908 3816 πρὸς

299 3830 367 3878 τὸ
413 3828 834 3899 ἀνεπηρέαστον
890 3832 1003 3885 τῶν
1070 3833 1265 3905 ἱερέων
1315 3836 1413 3907 τῆς
1475 3834 1804 3908 Ἐκκλησίας
1856 3840 1906 3891 οἱ

303 3920 455 3975 κατά
490 3924 723 3991 καιροὺς
778 3925 990 3980 ἔδωκαν
1040 3926 1304 3996 βασιλεῖς,
1339 3928 1475 3982 ἀλλὰ
1523 3929 1621 3983 καὶ
1654 3929 1797 3983 ὥστε
1838 3930 1907 3981 τὰ

302 4014 431 4085 ιερὰ.
490 4014 669 4068 πάντα
714 4017 1120 4086 ἐπισκέψασθαι
1156 4021 1228 4075 τά
1266 4024 1334 4093 τῇ
1364 4022 1703 4093 μητροπόλει
1730 4040 1905 4094 προσ-

299 4106 458 4171 ὄντα,
496 4108 591 4161 καὶ
630 4110 731 4180 τὴν
756 4110 964 4165 τούτων
1010 4114 1387 4186 παραγραφὴν
1412 4116 1731 4169 ἀποστεῖλαι
1767 4116 1905 4187 πρὸς

299 4202 480 4270 ἡμᾶς,
515 4199 692 4256 Τοῦτο
718 4204 1205 4276 ἐπιτελεσάμενος,
1234 4205 1332 4259 καὶ.
1361 4206 1460 4269 τὰς
1490 4205 1651 4277 ήμῶν
1676 4206 1904 4271 ἐλπίδας

298 4296 380 4367 μὴ
414 4296 789 4367 καταισχῦναι
836 4298 925 4351 διὰ
988 4299 1229 4369 σπουδῆς
1273 4300 1624 4370 ποιούμενος,
1664 4298 1900 4371 ἔρρωσο.

716 4411 849 4469 AH'.
884 4413 1124 4483 Φιλητῷ
1145 4415 1487 4484 μονάζοντι.

2016 3284 2416 3339 supervacuum
2473 3270 2734 3326 duximus
2797 3271 3002 3341 aliquid
3051 3271 3262 3326 anobis
3293 3273 3429 3341 ipsis
3476 3273 3604 3328 addi

2015 3361 2083 3416 ad
2182 3361 2382 3437 bonam
2467 3365 2811 3433 negotiorum
2915 3365 3173 3419 Ecclesizr
3254 3366 3605 3420 administra-

2015 3456 2240 3523 tionem,
2305 3457 2420 3513 sive
2487 3468 2756 3527 quantum
2812 3458 2880 3513 ad
2939 3460 3286 3514 sacerdotum
3376 3462 3601 3514 ordina-

2015 3547 2244 3615 tionem,
2291 3550 2407 3603 sive
2452 3561 2722 3618 quantum
2761 3550 2831 3604 ad
2883 3565 3141 3616 agrorum
3191 3566 3405 3607 curam.
3464 3549 3600 3606 Illud

2011 3651 2192 3696 autem
2250 3642 2429 3696 solum
2461 3643 2777 3709 scribimus,
2809 3643 2956 3713 quod
3019 3643 3336 3716 postulasti,
3400 3657 3598 3712 nempe

2012 3743 2071 3787 ut
2103 3736 2380 3805 aperiatur
2414 3735 2923 3807 cliartopltylacium
2957 3746 3010 3792 et
3039 3739 3375 3806 producatur
3406 3739 3595 3792 charta

2010 3841 2174 3896 quam
2237 3828 2445 3883 denou
2512 3828 2842 3883 insultandis
2905 3828 3287 3883 sacerdotibus
3338 3830 3597 3884 Ecclesiae

2010 3924 2279 3977 dederunt
2309 3937 2409 3992 pro
2453 3933 2697 3992 tempore
2753 3923 3153 3991 imperatores:
3185 3924 3407 3991 insuper
3440 3932 3493 3977 et
3535 3931 3597 3977 ut

2009 4013 2394 4068 examinentur
2420 4013 2787 4083 metr0poleos
2822 4013 3051 4079 reditus,
3077 4022 3129 4067 et
3172 4029 3362 4068 eorum
3413 4014 3597 4068 mitta-

2010 4117 2099 4162 tur
2126 4106 2287 4162 nobis
2326 4106 2534 4162 tabula.
2564 4105 2725 4171 Quod
2749 4121 2873 4161 cum
2911 4106 3231 4177 perfeceris,
3263 4115 3318 4161 et
3342 4122 3465 4177 spes
3493 4123 3592 4163 no-

2015 4213 2161 4257 stras
2205 4202 2456 4257 itninime
2500 4200 2767 4255 contundi
2798 4216 2893 4271 per
2938 4211 3093 4255 tuum
3123 4200 3363 4258 studium
3397 4217 3594 4272 passus

2008 4296 2201 4352 lueris.
2232 4293 2449 4350 Valeas.

2360 4412 2648 4468 XXXVIII.
2694 4410 2911 4468 Phileto
2955 4412 3234 4468 monacho.

382 4528 555 4596 Ἐγὼ,
589 4529 778 4582 τέκνον
813 4529 970 4600 ὲμδν,
1001 4531 1161 4585 τοῦτο
1208 4532 1256 4584 εί
1309 4531 1403 4585 καὶ
1442 4530 1767 4602 ἁμαρτωλὸς
1808 4531 1897 4585 εῦ-

2073 4527 2210 4597 Ego,
2245 4525 2585 4592 tilimi,hoc,
2616 4528 2715 4581 etsi
2779 4534 3031 4597 peccator
3085 4543 3231 4592 sum,
3294 4541 3508 4596 precor,
3532 4535 3592 4582 ut

305 4639 475 4691 χομαι
544 4624 757 4685 πάντας
812 4623 1030 4695 ἐκείνην
1081 4625 1183 4693 τὴν
1245 4624 1364 4678 ὁδον
1432 4624 1696 4697 βαδίζειν,
1773 4627 1897 4697 ἥτις

311 4713 571 4782 ἀφίστησι
617 4714 717 4783 τῆς
746 4715 1016 4786 κοσμικῆς
1042 4716 1239 4778 αὐτοὺς
1273 4715 1617 4785 συγχύσεως,
1656 4718 1795 4786 πρὸς
1838 4715 1895 4769 δὲ

308 4808 403 4875 τὴν
427 4810 704 4877 σωτήριον
749 4809 957 4877 ἀπάγει
1007 4810 1103 4862 καλ¹
1158 4812 1583 4877 κατασκήνωσιν
1635 4810 1731 4863 καὶ
1768 4810 1895 4862 ἀνά-

294 4913 527 4952 παυσιν.
596 4896 704 4951 Καὶ
757 4898 813 4949 εἴ
846 4914 909 4966 γε
950 4898 1205 4963 δυνατὸν,
1246 4900 1305 4952 οὐ
1337 4900 1500 4969 μόνον
1538 4898 1637 4969 τὴν
1677 4899 1896 4970 αἴτησιν

294 4989 378 5053 είς
439 4990 598 5052 τέλος
634 4991 865 5057 ἀγαγεῖν
929 4991 1048 5056 είμι
1102 4989 1412 5061 πρόθυμος,
1460 4990 1599 5044 ἀλλὰ
1630 4993 1727 5044 καὶ
1761 4992 1814 5044 ei
1842 5008 1893 5044 τι

294 5082 490 5145 πλέον,
526 5079 692 5151 μόνον
734 5084 784 5134 εί
837 5080 1202 5152 ἐπηκολούθει
1243 5082 1305 5134 τὸ
1358 5080 1795 5152 σπουδαζόμενον
1825 5085 1889 5153 τῇ

295 5173 663 5247 προαιρέσει,
722 5174 896 5226 ποιεῖν
957 5172 1289 5245 ἐϐουλόμην.
1360 5175 1477 5229 Οὐκ
1538 5175 1755 5243 ἀγνοεῖς
1802 5174 1890 5239 δὲ,

290 5267 492 5319 τέκνον
526 5265 709 5335 ἡμῶν,
743 5264 839 5318 καὶ
895 5267 1070 5337 χωρὶς
1104 5266 1216 5321 τῶν
1247 5267 1536 5337 ἡμετέρων
1580 5266 1757 5334 λόγων
1791 5266 1892 5338 τὴν

290 5359 639 5414 κατάστασιν
693 5359 805 5413 τῶν
859 5359 1231 5430 πραγμάτων,
1276 5359 1370 5412 καὶ
1416 5358 1491 5421 ὡς
1524 5359 1677 5412 οὐδέν
1720 5360 1892 5429 ὲσμεν

290 5451 515 5506 δυνατοὶ
578 5453 717 5521 πρὸς
761 5453 865 5523 τὴν
905 5450 1165 5505 ὑπόθεσιν
1203 5450 1526 5522 συμϐαλεῖν,
1565 5450 1683 5504 ἀλλ’
1716 5453 1888 5505 ὁπόσα

292 5548 388 5601 καὶ
428 5546 798 5618 ἀγωνιεῖσθαι
867 5546 1132 5617 δόξομεν,
1194 5534 1455 5618 ρυήσεται
1506 5544 1596 5598 διά
1633 5544 1802 5613 κενῆς
1859 5544 1888 5596 ό

293 5642 462 5712 ἁγών.
494 5643 539 5695 Τ
540 5645 562 5695 ί
593 5638 691 5696 οὖν
726 5659 896 5714 φημι,
926 5640 1004 5704 ὡς
1037 5624 1096 5694 ἓν
1133 5641 1363 5708 τοιούτῳ
1384 5637 1589 5709 καιρῷ.
1618 5638 1651 5708 ἢ
1683 5637 1745 5691 τὸ
1777 5639 1889 5691 πᾶν

295 5735 608 5791 ἀνατιθέναι
634 5733 794 5808 Sergi;
840 5731 945 5787 καὶ
973 5733 1003 5785 ό
1038 5732 1133 5801 μὲν
1169 5731 1245 5803 τῷ
1300 5731 1451 5799 πόθῳ
1504 5730 1601 5784 τοῦ
1645 5728 1886 5800 Χριστοῦ

292 5831 669 5905 ἀναφλεχθεῖς,
692 5828 814 5899 εἴγε
849 5822 1075 5896 άληθῶς
1094 5823 1437 5897 ἐπιπόθησιν
1460 5823 1647 5890 αὑτὸν,
1676 5822 1877 5894 πληρο-

2001 4637 2190 4677 omnes
2223 4622 2363 4675 hanc
2395 4622 2536 4675 viam
2566 4619 2940 4690 ingrediantur
2965 4634 3088 4688 qua:
3116 4634 3213 4673 eos
3250 4634 3280 4672 e
3315 4620 3589 4673 mundana

2000 4714 2207 4769 eximat
2241 4713 2588 4778 confusione,
2623 4712 2690 4768 ad
2719 4713 3015 4767 salutarem
3066 4726 3198 4766 vero
3252 4711 3472 4765 indurat
3533 4720 3587 4765 et

2001 4808 2394 4863 habitationem
2425 4816 2479 4862 et
2522 4807 2782 4877 quietem.
2842 4805 2927 4872 Et,
2975 4807 3019 4859 si
3060 4804 3179 4858 ﬁeri
3244 4811 3443 4873 potest,
3478 4819 3585 4857 non

1998 4903 2175 4959 Solum
2230 4912 2413 4956 votum
2484 4900 2551 4954 ad
2587 4901 2745 4954 linem
2788 4899 3087 4969 perducere
3129 4896 3183 4952 in
3229 4896 3416 4951 animo
3453 4896 3585 4949 mihi

1997 5008 2101 5061 cst,
2157 4997 2252 5053 sed
2311 4996 2516 5067 aliquid
2558 4994 2822 5063 amplius,
2861 4993 3161 5048 dummodo
3201 5000 3434 5047 conatus
3494 5006 3587 5044 rc-

1997 5088 2261 5158 spondeat
2287 5086 2578 5150 voluntati,
2619 5085 2672 5138 id
2706 5083 2883 5145 facere
2923 5084 3140 5140 vellem.
3190 5081 3309 5138 Non
3339 5082 3585 5155 ignoras,

1998 5180 2072 5235 fili
2109 5192 2319 5246 noster,
2345 5180 2508 5234 etiam
2539 5178 2746 5247 absque
2776 5177 2980 5231 nostris
2995 5178 3368 5243 sermonibus,
3392 5192 3578 5230 rerum

1996 5281 2224 5336 statum,
2254 5286 2464 5342 nosque
2499 5266 2633 5324 nihil
2661 5284 2821 5340 posse
2847 5268 2913 5322 ad
2942 5268 3284 5338 propositum
3308 5265 3579 5330 conferre,

1995 5367 2091 5421 sed
2123 5364 2478 5434 quantumvis
2516 5362 2849 5418 contendere
2902 5360 3246 5425 duxerimus,
3294 5359 3347 5412 in
3378 5370 3580 5412 vanum

1995 5460 2292 5514 desituram
2365 5455 2792 5512 contentionem.
2854 5452 2999 5523 Quid
3051 5453 3218 5525 igitur
3274 5452 3475 5508 dicam.
3518 5452 3576 5502 in

1995 5552 2154 5607 istius
2215 5549 2362 5605 modi
2419 5564 2603 5603 rerum
2642 5558 2810 5615 statu,
2840 5547 2946 5603 nisi
2969 5546 3150 5603 omnia
3186 5548 3295 5597 Deo
3323 5549 3579 5595 conmitt-

1994 5644 2243 5700 tcrc?Et
2289 5644 2383 5715 qui
2447 5643 2722 5699 desiderio
2782 5641 2985 5697 Christi
3042 5639 3409 5694 inﬂammatus
3465 5644 3573 5703 est,

1994 5737 2155 5792 modo
2199 5744 2381 5791 tamen
2428 5734 2577 5789 illum
2630 5735 2896 5790 veraciter
2946 5731 3239 5793 desideret,
3301 5727 3576 5797 compleat

1993 5842 2285 5886 act-ensum
2348 5824 2710 5893 desiderium,
2770 5822 3055 5896 sequendo
3085 5819 3366 5877 Christum
3403 5817 3573 5874 Deum
