4152 6408
497 340 603 402 231

1640 325 1949 388 NICIILM
1994 326 2108 387 CP.
2153 322 2673 384 PATRIARCIIE

3667 319 3775 383 232

496 449 660 509 tineri
693 462 818 516 vos;
852 456 965 502 tum
999 454 1178 498 autem
1228 457 1327 497 nec
1364 440 1744 496 remissionem
1780 440 2078 493 attulerunt
2108 491 2114 500 η

2220 436 2258 506 ᾦ
2292 434 2370 505 τῷ
2395 437 2513 507 Θεῷ
2546 435 2703 507 ἡμῶν
2768 431 2865 503 τὴν
2925 431 3137 503 ἀμείνω
3170 432 3528 488 κατάστασιν.
3565 432 3685 486 Νῦν
3719 430 3777 484 δὲ

498 556 602 599 nec
632 537 1068 596 consolationem
1102 534 1354 588 dolorum
1396 546 1643 585 meorum
1676 545 1795 600 qnze
1824 540 1907 583 est
1935 544 2084 583 sem-

504 648 600 702 per
628 631 683 684 in
735 628 995 699 precibus
1038 622 1176 677 meis
1206 640 1221 688 ;
1261 622 1363 676 elsi
1397 631 1619 691 propter
1645 628 1867 689 peccata
1898 629 2083 672 nostra

504 724 677 778 irrita:
708 720 930 774 fuerunt
956 731 1145 786 preces
1177 724 1376 768 nostra:
1406 728 1507 783 pro
1542 713 1685 765 bono
1718 710 2084 765 Eeclesiarum

506 816 721 881 ordine,
752 815 865 867 haec
908 822 1087 864 tamen
1140 823 1260 877 qua:
1310 817 1558 859 nostrum
1591 818 1687 858 eor
1711 803 1918 856 humile
1950 801 2089 854 dila-

505 911 681 972 niant,
705 908 819 960 sive
850 905 1079 959 libentes
1106 900 1218 954 sive
1248 898 1400 951 inviti
1428 889 1862 956 sustinebimus:
1881 908 2087 963 usque-

511 1003 643 1056 dum
680 995 1077 1065 investigabilia
1120 992 1210 1046 Dei
1245 990 1454 1061 judicia
1480 988 1775 1058 dignentur
1807 986 1900 1041 illa
1926 985 2089 1041 simul

512 1108 638 1149 cum
679 1104 1004 1147 teruntmosa
1042 1094 1096 1141 et
1128 1084 1328 1137 infelici
1356 1084 1466 1135 vita
1496 1090 1685 1135 nostra
1714 1079 1971 1149 dirigere.
2008 1077 2090 1130 Tu

510 1194 714 1243 autem,
742 1176 1114 1235 sacratissime
1164 1182 1348 1231 noster
1372 1172 1465 1237 (ili,
1498 1172 1597 1225 etsi
1633 1184 1839 1240 corpus
1866 1168 2098 1223 inﬁrmi-

516 1276 717 1328 tatibus
746 1272 1033 1331 laboravit,
1060 1278 1115 1322 et
1146 1267 1283 1321 forte
1312 1266 1490 1318 adhuc
1528 1264 1763 1327 laborat,
1792 1263 1887 1317 sed
1919 1261 2095 1331 gratia

514 1363 606 1416 Dei
634 1362 815 1416 anima
840 1362 1073 1412 donatus
1103 1356 1441 1412 ﬁrmissima,
1469 1368 1534 1405 ne
1566 1352 1802 1406 desistas
1832 1351 2093 1405 commis-

514 1467 632 1504 sum
667 1448 761 1503 tibi
790 1464 818 1503 a
848 1459 1039 1502 sancto
1072 1444 1274 1514 Spiritu
1310 1457 1524 1513 gregem
1573 1451 1628 1494 et
1660 1441 1826 1494 verbo
1855 1449 1906 1493 et
1932 1453 2098 1508 opere

513 1552 566 1598 et
594 1541 855 1611 exemplis
885 1552 939 1595 et
974 1537 1377 1593 hortatinnibus
1406 1535 1514 1588 tuis
1559 1535 1629 1588 ita
1678 1547 1902 1603 pascere
1936 1542 1990 1585 et
2019 1531 2101 1584 di-

512 1637 689 1705 rigere
732 1643 786 1690 et
808 1634 1031 1695 dueere,
1067 1640 1126 1685 ut
1169 1643 1222 1684 et
1266 1628 1407 1682 Deus
1439 1640 1533 1697 per
1577 1636 1628 1679 te
1659 1634 1948 1679 contentus
1990 1623 2097 1687 sit;

517 1743 577 1781 ιι.
638 1742 739 1781 nos
792 1724 1049 1787 humiles,
1107 1719 1295 1775 audita
1348 1728 1548 1772 vestra:
1606 1714 2101 1770 administrationis

2190 528 2410 599 πρῶτον
2444 528 2541 596 μὲν
2573 525 2765 597 ἐδήλου
2801 524 3128 594 κατέχεσθαι
3183 526 3323 594 νόσῳ
3363 525 3532 595 ὑμᾶς,
3582 526 3779 578 ἔπειτα

2188 619 2244 670 δὲ
2280 619 2376 671 καὶ
2403 616 2523 669 οὐδὲ
2562 618 2642 679 είς
2690 616 2874 669 ἄνεσιν
2909 615 3073 683 φέρον
3130 614 3224 666 καὶ
3272 612 3626 681 παραμύθιον
3668 610 3781 664 τῶν

2192 707 2343 775 ἐμῶν
2377 706 2577 758 ὀδυνῶν
2613 705 2712 773 τῆς
2766 704 2854 759 ἀεὶ
2890 704 2968 756 δι’
2997 702 3162 773 εὐχῆς
3199 704 3334 774 ἡμῖν
3397 701 3781 773 ὑπαρχούσης.

2194 800 2245 850 εἰ
2273 799 2367 851 καὶ
2404 798 2495 850 διὰ
2547 797 2645 859 τὰς
2679 796 2956 865 ἁμαρτίας
3010 795 3168 865 ήμῶν
3232 792 3520 856 ἀτέλεστος
3556 796 3587 861 ἡ
3646 794 3783 862 εὐχὴ

2194 891 2338 961 ὐπέρ
2367 891 2464 959 τῆς
2486 888 2594 941 τῶν
2632 887 2970 957 Ἐκκλησιῶν
3001 886 3279 953 εὐταξίας,
3305 887 3453 954 ὅμως
3485 884 3660 938 ταῦτα
3688 886 3787 938 καὶ

2195 984 2412 1047 ἐκόντες
2441 983 2535 1036 καὶ
2566 981 2791 1045 ἄκοντες
2822 982 2917 1050 τὴν
2948 980 3105 1051 ἡμῶν
3138 979 3402 1049 ταπεινὴν
3429 979 3782 1044 διαξαίνοντα.

2196 1077 2447 1147 καρδίαν·
2485 1074 2579 1127 καὶ
2641 1074 3083 1143 καρτερήσομεν,
3122 1073 3316 1141 μέχρις
3372 1070 3437 1124 ἂν
3476 1072 3544 1123 τὰ
3603 1067 3788 1133 ἀνεξι-

2196 1170 2424 1239 χνίαστα
2452 1168 2697 1237 κρίματα
2732 1166 2825 1218 τοῦ
2850 1164 2988 1217 Θεοῦ
3014 1164 3190 1216 ταῦτα
3216 1164 3379 1234 κρίνῃ
3410 1165 3476 1232 τῇ
3508 1161 3796 1214 ταλαιπιλω

2199 1278 2278 1331 ρῳ
2303 1260 2396 1313 καὶ
2433 1259 2687 1329 δυστήνω
2713 1257 2872 1327 ἡμῶν
2905 1255 3020 1325 ζωῇ
3054 1254 3570 1324 συμπολιτεύεσθαι.
3607 1254 3677 1305 Σὺ
3706 1253 3789 1313 δὲ,

2195 1353 2389 1403 τέκνον
2409 1349 2566 1419 ἡμῶν
2599 1347 2911 1418 ἱερώτατον,
2951 1349 2999 1399 εί
3032 1346 3206 1399 καὶτὸ
3242 1346 3470 1415 σαρκίον
3503 1344 3789 1414 πεπόνηκε

2196 1446 2318 1504 ταῖς
2351 1442 2681 1503 ἀσθενείαις,
2708 1440 2870 1510 τυχὸν
2912 1439 3085 1493 δὲκαὶ
3113 1440 3193 1491 ἔτι
3227 1442 3397 1502 πονεῖ,
3429 1438 3564 1491 ἀλλά
3600 1440 3701 1508 τήν
3724 1454 3795 1504 γε

2198 1532 2374 1604 ᾡυχὴν
2413 1533 2596 1603 χάριτι
2654 1533 2790 1586 Θεοῦ
2823 1531 2899 1595 ὡς
2951 1533 3278 1605 ἐρρωμένην
3309 1530 3670 1602 κεκτημένος,
3714 1532 3796 1603 μὴ

2206 1624 2478 1687 διαλίποις
2509 1623 2569 1677 τὸ
2603 1624 2709 1676 ὐπὸ
2734 1622 2829 1676 τοῦ
2866 1624 3137 1691 παναγίου
3176 1623 3494 1692 Πνεύματος
3544 1624 3798 1692 ἐγκεχειο

2206 1716 2464 1788 ρισμένον
2500 1733 2583 1769 σοι
2620 1714 2872 1785 ποίμνιον
2907 1718 3027 1779 ταῖς
3063 1718 3182 1779 σαῖς
3237 1716 3331 1769 καὶ
3352 1712 3440 1768 διὰ
3481 1715 3587 1767 τῶν
3616 1716 3798 1782 λόγων

519 1819 743 1874 salutari
765 1816 1126 1886 providentia,
1150 1826 1315 1867 onere
1343 1812 1641 1864 allevemur
1676 1807 2099 1877 desperationis.

2220 1809 2301 1861 ea‘t
2331 1808 2440 1860 τῶν
2467 1807 2643 1877 ἔργων
2664 1807 2909 1876 όδηγίαις
2945 1809 3039 1860 καὶ
3064 1809 3452 1877 παραινέσεσιν
3475 1807 3619 1861 οὕτω
3657 1824 3800 1860 κατ-

524 1910 587 1961 Et
617 1918 671 1961 tu
700 1909 836 1978 ipse,
874 1914 934 1960 ut
972 1904 1191 1959 lucerna
1234 1905 1285 1956 in
1337 1902 1562 1966 mundo,
1594 1900 1817 1953 verbum
1855 1899 1975 1951 vita:
2007 1898 2106 1951 lia-

523 2002 681 2064 bens,
722 2008 777 2053 et
820 1998 874 2053 in
922 1998 1174 2065 prwsenti
1218 1996 1325 2049 vita
1355 2008 1519 2062 opera
1565 2002 1652 2047 tua
1688 1991 1826 2046 lucis
1851 1992 2103 2046 ostendes

523 2092 591 2145 iis
638 2091 730 2161 qui
782 2088 1014 2159 diligunt
1065 2089 1347 2151 virtutem,
1395 2095 1448 2139 et
1501 2084 1554 2138 in
1613 2088 1813 2139 saeculo
1872 2093 2106 2138 venturo

522 2200 646 2237 cum
696 2183 835 2237 lucis
887 2179 1215 2243 hancdihus,
1252 2178 1397 2247 quod
1456 2176 1699 2231 futurum
1754 2175 2102 2241 conﬁdimus,

523 2284 919 2329 annumeratus
953 2270 1312 2351 speetalieris.
1356 2268 1627 2322 Czeterum
1657 2273 1839 2321 autem
1898 2266 1953 2319 in
1999 2269 2105 2322 tuis

526 2368 731 2419 saltt'lis
777 2364 1033 2433 precibus
1070 2376 1136 2415 ne
1168 2360 1497 2414 humilitatis
1533 2366 1737 2413 nostra:
1784 2358 2104 2414 meminisse

529 2454 893 2509 obliviscaris.

2210 1902 2446 1975 αρτίξων
2472 1899 2643 1964 οὓτως
2676 1901 2867 1953 ἰθύνων
2906 1904 2999 1954 καὶ
3031 1902 3263 1971 ὁδηγῶν,
3299 1902 3386 1954 ἴνα
3416 1901 3507 1954 καὶ
3537 1899 3668 1961 Θεὸς
3703 1898 3800 1952 διὰ.
3880 1956 3889 1967 τ

2210 1993 2304 2047 σοῦ
2338 1991 2700 2064 εὐαρεστηθῇ,
2737 1996 2830 2046 καὶ
2857 1996 3017 2064 ἡμεῖς
3045 1996 3095 2047 οί
3134 1995 3380 2047 ταπεινοὶ
3420 1992 3806 2062 μανθάνοντες

2210 2089 2310 2158 τὴν
2353 2087 2671 2156 σωτηριὼδη
2710 2088 2968 2156 πρόνοιαν
3001 2087 3098 2157 τῆς
3130 2085 3254 2141 καθ’
3318 2088 3463 2156 ὑμᾶς
3497 2085 3801 2155 ἐπαρχίας,

2210 2182 2275 2233 ἐκ
2296 2178 2393 2231 τοῦ
2426 2178 2627 2250 βάρους
2670 2179 3035 2249 ἀναφέρωμεν
3068 2178 3169 2249 τῆς
3197 2178 3435 2247 ἀθυμίας
3461 2192 3475 2206 ·
3516 2178 3612 2230 καὶ
3635 2177 3755 2229 αὖτ’
3774 2191 3807 2239 ς

2211 2270 2284 2334 ὡς
2318 2272 2544 2341 φωστὴρ
2576 2272 2634 2323 ἐν
2678 2271 2867 2342 κόσμῳ
2918 2271 3077 2337 λόγον
3142 2270 3353 2339 ἐπέχων
3385 2270 3551 2337 ζωῆς,
3596 2270 3689 2321 καὶ
3745 2271 3808 2321 ἐν

2212 2363 2290 2435 τῷ
2316 2367 2544 2435 παρόντι
2578 2366 2677 2437 βίῳ
2704 2368 2771 2419 τὰ
2807 2368 2874 2419 σά
2927 2367 3087 2438 ἔργα,
3140 2365 3233 2419 τοῦ
3287 2366 3463 2435 φωτὸς
3509 2364 3807 2427 ἐπιδείξεις

2212 2460 2325 2519 τοῖς
2353 2459 2640 2527 ἀγαπῶσιν
2700 2460 2922 2531 ἀρετὴν,
2981 2460 3075 2514 καὶ
3109 2463 3165 2513 ἐν
3206 2460 3283 2529 τῷ
3338 2458 3595 2529 μέλλοντι⁴
3644 2458 3807 2511 αἰῶνι

531 2546 672 2614 μετά
726 2545 835 2597 τῶν
882 2543 977 2598 τοῦ
1024 2546 1201 2613 φωτὸς
1234 2543 1608 2615 κληρονόμων,
1661 2543 1796 2613 ὅπερ
1840 2542 2177 2615 πεποίθαμεν
2243 2552 2317 2613 ὡς
2386 2556 2561 2619 ἕαται,
2630 2556 3062 2623 συντεταγμένος
3130 2553 3373 2624 ὀςθλης.
3440 2555 3522 2607 Τά
3573 2553 3616 2605 δ’
3669 2552 3810 2607 ἄλλα

532 2638 609 2709 μὴ
637 2638 907 2702 διαλίποις
932 2642 990 2691 ἐν
1037 2642 1157 2701 ταῖς
1209 2638 1393 2707 ἁγίαις
1452 2638 1639 2707 εὐχαῖς
1673 2652 1766 2689 σου
1802 2636 1900 2706 τῆς
1952 2636 2112 2707 ἡμῶν
2152 2646 2503 2717 μεμνημένος
2533 2648 2944 2717 ταπεινότητος,

721 2773 901 2828 XLIII.
945 2774 1167 2829 Anthea:
1200 2772 1492 2827 Patrarum
1526 2772 1901 2841 metropolitw.

600 2912 930 2966 Przesentem
974 2911 1262 2981 epistolam
1313 2910 1609 2966 scribimus
1650 2911 1767 2979 tibi,
1820 2910 1894 2966 [ili
1926 2921 2115 2967 noster

530 3016 761 3069 sacrate,
795 3020 901 3057 non
937 3006 1272 3071 ignorantes,
1304 3002 1467 3055 etiam
1505 3002 1712 3072 absque
1748 3003 1953 3058 nostris
1990 3018 2117 3057 ver-

535 3098 640 3160 bis,
673 3110 820 3151 tuam
861 3096 1274 3165 intelligentiam
1314 3095 1564 3166 apprime
1609 3095 1750 3150 scire
1784 3094 1914 3165 quid
1951 3107 2115 3165 agere

2413 2779 2523 2836 Ml"
2579 2781 2827 2850 Ἀνδλλέᾳ
2877 2780 3589 2851 μητροπολίτῃηατίῶν.

2292 2914 2404 2986 Τὴν
2454 2914 2735 2985 παροῦσαν
2791 2914 3081 2987 ἐπιστολὴν
3145 2915 3432 2986 γράφομέν
3484 2933 3582 2978 σοι,
3616 2919 3812 2972 τέκνον

2222 3007 2378 3077 ἡμῶν
2413 3007 2581 3077 ίερδν,
2614 3006 2816 3069 εἰδότες
2841 3006 2916 3069 ὼς
2948 3006 3041 3059 καὶ
3069 3009 3236 3077 χωρὶς
3268 3012 3375 3058 τών
3402 3009 3687 3077 ἡμετέρων
3718 3009 3815 3060 λόο

2223 3116 2337 3168 γων
2367 3100 2465 3169 τὴν
2494 3100 2845 3170 ἁρμόζουσαν
2883 3092 3140 3170 πρᾶξινή
3174 3102 3240 3164 σὴ
3298 3099 3653 3164 ἐξεπίσταται
3706 3100 3813 3152 σύ-

534 3191 746 3244 deeeat.
792 3188 1043 3242 Attamen
1084 3196 1136 3241 et
1172 3201 1274 3241 nos
1315 3187 1615 3242 secundum
1651 3189 1893 3243 rationes
1917 3187 2114 3257 quibus

2224 3209 2393 3255 νεσις.
2434 3192 2584 3263 Πλὴν
2611 3191 2742 3244 ἀλλὰ
2764 3192 2859 3245 καὶ
2886 3194 3046 3263 ἡμεῖς
3079 3194 3201 3246 καθ’
3240 3192 3332 3255 οὓς
3367 3194 3673 3263 ἐνήχθημεν
3714 3192 3812 3245 λό-

534 3283 790 3336 dueimur
847 3283 1124 3352 propriam
1175 3281 1500 3335 sententiam
1552 3280 1923 3346 uotilicamus,
1958 3289 2039 3345 ut,
2073 3281 2121 3336 si

537 3374 819 3429 veritatem
874 3389 995 3427 cum
1038 3374 1122 3428 his
1160 3389 1282 3444 qua:
1323 3374 1482 3428 nobis
1524 3374 1771 3429 nuntiata
1818 3386 1946 3429 sunt
1988 3389 2123 3428 con-

538 3478 822 3535 gruentem
849 3466 1295 3535 deprehenderis,
1316 3477 1706 3536 congruentem
1729 3468 1900 3523 facias
1926 3467 2121 3537 agendi

538 3562 828 3615 rationem.
887 3558 1023 3613 Cum
1088 3562 1234 3614 enim
1291 3560 1381 3615 ille
1430 3562 1525 3631 qui
1573 3561 1863 3631 epistolam
1904 3562 2118 3629 detulit,

539 3652 698 3706 nobis
774 3653 1125 3706 annuntiavit
1177 3653 1464 3707 mulierem
1529 3655 1825 3722 quamdam
1875 3653 2119 3718 viduam,

540 3744 835 3797 mundanae
888 3745 1011 3799 vitae
1055 3744 1355 3813 spiritalem
1417 3745 1784 3813 disciplinam,
1837 3746 1983 3815 quod
2039 3753 2124 3799 est

541 3837 827 3905 prudentis
880 3837 1049 3891 animi
1104 3838 1432 3906 praetulisse,
1488 3847 1541 3890 et
1587 3838 1841 3902 sepulcro
1880 3835 2125 3891 adhaere-

540 3943 783 3987 scentem
823 3932 1092 4000 conjugis,
1142 3946 1267 3985 eum
1313 3932 1437 3985 aliis
1484 3931 1601 3985 suis
1637 3932 1800 3985 rebus
1847 3930 2122 4000 propriam

541 4038 762 4091 quoque
792 4023 957 4076 vitam
984 4021 1236 4075 attulisse
1260 4021 1482 4075 Christo
1518 4021 1629 4075 Deo
1670 4030 1881 4085 nostro,
1915 4021 1967 4074 itt
2004 4036 2126 4074 mo-

547 4115 757 4167 nastica
807 4114 1093 4183 degentem
1121 4112 1409 4181 disciplina
1436 4129 1452 4178 _:
1487 4111 1616 4167 huic
1658 4121 1840 4166 autem
1871 4120 1924 4165 et
1950 4111 2129 4165 homi-

546 4221 677 4259 num
727 4204 956 4270 malitia,
987 4213 1044 4259 et
1070 4203 1271 4256 invidia
1295 4201 1498 4257 diaboli
1526 4218 1779 4272 magnam
1808 4203 2126 4256 suscitatam

547 4297 719 4352 fuisse
739 4296 1071 4365 procellam;
1107 4304 1161 4349 tu
1198 4304 1350 4349 tuum
1384 4296 1458 4350 illi
1494 4296 1763 4365 prinbebis
1795 4294 2127 4359 subsidium,

549 4404 652 4444 nec
699 4389 845 4443 sines
877 4391 1021 4442 hunc
1064 4388 1404 4458 episcopum,
1439 4390 1758 4458 quicunque
1808 4387 1911 4449 sit,
1952 4388 2002 4440 ei
2043 4402 2133 4440 no-

2225 3302 2377 3353 γους,
2409 3284 2507 3355 τὴν
2536 3284 2746 3338 οἷκείαν
2790 3301 2871 3338 σοι
2922 3283 3149 3356 γνώμην
3198 3287 3596 3355 ἐμφανίζομεν,
3630 3286 3717 3338 ἴνα
3761 3287 3813 3338 εί

2227 3375 2631 3445 συμϐαίνουσαν
2697 3376 2797 3446 τὴν
2869 3375 3124 3445 ἀλήθειαν
3212 3381 3324 3440 τοῖς
3370 3376 3816 3447 ἀπηγγελμένοις

2227 3468 2359 3537 ἡμῖν
2394 3467 2601 3539 εὕροις,
2630 3468 2888 3539 τοιαύτην
2920 3468 3042 3521 τινὰ
3067 3470 3269 3539 ποιήσῃ
3304 3472 3399 3533 καὶ
3454 3472 3553 3531 τὴν
3600 3470 3815 3540 διοίκη-

2230 3576 2333 3614 σιν.
2380 3560 2532 3613 Ἐπεὶ
2568 3559 2677 3631 γάρ
2712 3563 2739 3613 ὁ
2766 3559 2830 3612 τὸ
2872 3560 3109 3631 γράμμα
3148 3564 3392 3629 κομίζων
3446 3562 3813 3632 ἀπήγγειλεν,

2225 3652 2300 3715 ὡς
2325 3655 2462 3723 γυνή
2489 3669 2574 3716 τις
2609 3652 2801 3723 ἀνδρὸς
2833 3652 3167 3723 χηρωθείπα,
3225 3652 3362 3724 ὅπερ
3396 3654 3510 3705 ἐστὶ
3542 3654 3819 3724 φρονίμης

2226 3743 2426 3815 ψυχῆς,
2482 3745 2604 3797 ἀντὶ
2635 3746 2736 3814 τῆς
2778 3746 3050 3815 κοσμικῆς
3097 3742 3244 3815 ζωῆς
3308 3747 3403 3815 τὴν
3438 3748 3821 3816 πνευματικὴν

2228 3839 2524 3908 προέκρινε
2555 3838 2851 3903 πολιτείαν,
2882 3838 2974 3891 καὶ
3025 3836 3102 3907 τῷ
3133 3838 3290 3908 τάφῳ
3326 3839 3821 3909 προσκαρτεροῦσι

2226 3928 2321 3981 τοῦ
2351 3928 2647 3999 ὁμοζύγου,
2715 3929 2854 3999 μετά
2903 3930 3011 3981 τῶν
3043 3930 3220 3983 ἄλλων
3252 3930 3421 3995 αὐτῆς
3471 3931 3822 4000 πραγμάτων

2230 4023 2325 4073 καὶ
2356 4021 2453 4091 τὴν
2483 4022 2695 4074 οἰκείαν
2728 4021 2873 4092 ζωὴν
2913 4023 3258 4091 προσήνεγκε
3296 4021 3376 4091 τῷ
3439 4022 3664 4091 Χριστῷ
3722 4022 3823 4075 καὶ

2231 4116 2351 4183 Θεῴ
2380 4113 2538 4183 ήμῶν
2570 4118 2626 4167 ἐν
2673 4115 2933 4185 μοναδικῇ
2969 4114 3296 4182 διεξάγουσα
3333 4114 3601 4183 πολιτείᾳ..
3630 4115 3744 4167 Tati
3767 4134 3821 4187 ;ῃ

2230 4207 2307 4268 δὲ,
2361 4202 2450 4261 οἷα
2505 4208 2571 4261 τὰ
2603 4208 2660 4271 ἐξ
2723 4208 3027 4277 ἀνθρώπων
3070 4210 3485 4279 πονηρεύματα,
3521 4210 3669 4262 καὶὸ
3722 4211 3821 4263 τοῦ

2233 4300 2480 4353 διαϐόλου
2510 4299 2703 4369 φθόνος
2734 4302 3000 4372 ἐπήγειρε
3057 4302 3377 4371 τρικυμίας,
3414 4301 3511 4372 τὴν
3542 4302 3641 4373 σὴν
3700 4304 3827 4356 ἐπι-

2240 4392 2576 4462 χορηγήσεις
2614 4390 2871 4461 βοήθειαν
2926 4392 3125 4462 καὶμὴ
3158 4395 3324 4464 ἐάσῃς
3384 4393 3476 4447 τὸν
3525 4395 3829 4448 ἐπίσκοπον

548 4498 697 4548 cere,
728 4482 821 4537 sed
850 4483 1028 4552 potius
1056 4482 1105 4537 ei
1138 4483 1490 4553 complau-Ies
1516 4494 1573 4533 ut
1605 4481 1657 4533 in
1684 4496 1780 4533 sua
1811 4494 2105 4548 permanea

2239 4485 2467 4546 ἐκεῖνον,
2497 4483 2555 4546 ὃς
2577 4482 2659 4545 τίς
2701 4483 2831 4536 ποτέ
2865 4485 3035 4549 ἐστιν,
3067 4485 3399 4555 ἐπηρέαζειν
3453 4483 3644 4555 αὐτὴν,
3689 4486 3830 4540 ἀλλὰ

548 4572 934 4642 dispositione,
988 4572 1105 4626 sive
1150 4572 1564 4641 gubernationis
1607 4571 1817 4623 obtinet
1874 4571 2125 4639 gradum,

550 4663 665 4717 sive
719 4664 773 4717 in
820 4664 1157 4718 monasterio
1199 4663 1406 4716 mavult
1457 4670 1735 4731 utcunque
1782 4676 2121 4730 permanere.

554 4755 800 4825 Iniquum
833 4757 977 4808 enim
1018 4766 1071 4808 et
1106 4756 1273 4809 nimis
1312 4754 1672 4807 inhumanum
1733 4762 1899 4817 esset,
1937 4753 2131 4806 mulie-

554 4865 664 4901 rt-m
704 4849 775 4901 ita
818 4848 869 4901 in
910 4849 1108 4917 pietate
1137 4842 1405 4900 viventem
1456 4845 1576 4899 loco
1624 4846 1895 4915 depellere
1935 4845 1989 4897 in
2026 4860 2135 4912 quo

552 4942 654 4994 viri
698 4941 960 5008 reliquias
990 4939 1261 5001 condidit,
1307 4946 1356 4991 el
1393 4937 1484 4991 ubi
1514 4953 1733 4991 omnem
1771 4937 2134 4991 substantiam

553 5048 709 5086 suam
758 5033 811 5083 in
852 5030 1083 5085 salutem
1130 5031 1328 5082 animae
1362 5043 1475 5082 sua:
1500 5038 1556 5081 et
1594 5029 1645 5080 in
1691 5027 1793 5081 loci
1845 5041 2137 5081 conserva-

556 5141 761 5192 tionem
810 5136 1121 5191 collocnit.
1164 5135 1330 5206 Igitur
1358 5137 1502 5190 sicut
1534 5133 1738 5188 dictum
1783 5141 1890 5196 est,
1917 5144 2136 5201 gravem

552 5244 608 5286 et
643 5232 854 5285 avidam
883 5230 1122 5299 episcopi
1158 5245 1375 5283 manum
1413 5228 1536 5282 inde
1562 5236 1748 5281 averte
1772 5237 1827 5280 et
1862 5226 1940 5279 illi
1970 5226 2141 5279 suade

556 5339 622 5377 ne
657 5323 893 5376 aliorum
935 5331 1155 5391 appetat
1184 5336 1358 5390 opes;
1410 5321 1525 5383 sed,
1575 5321 1621 5371 si
1658 5319 1795 5372 inter
1828 5317 1918 5371 Dei
1956 5318 2146 5371 minis-

556 5428 671 5470 tros
698 5414 1096 5469 conttutnerari
1136 5416 1287 5475 velit,
1317 5422 1371 5467 et
1407 5428 1470 5467 ex
1518 5411 1755 5481 prOpriis
1800 5410 1962 5465 rebus
1993 5419 2046 5464 et
2076 5425 2143 5463 ex

556 5512 656 5563 sibi
684 5507 1327 5579 provenientibus,juxta
1357 5505 1591 5575 Spiritus
1632 5504 1973 5567 mandatum,
2019 5517 2144 5572 ege-

556 5604 643 5655 nis
668 5602 971 5657 subveniat.

2243 4577 2443 4645 μᾶλλον
2489 4575 2698 4646 ταύτην
2734 4579 3224 4649 συνεπικροτήσεις
3261 4581 3319 4631 ἐν
3359 4579 3423 4648 τῇ
3479 4582 3655 4650 οἰκεῖα
3703 4580 3828 4632 δια-

2242 4671 2423 4738 μένειν
2453 4669 2627 4736 τάξει,
2667 4670 2777 4723 εἴτε
2832 4672 3194 4741 ἡγουμενείας
3227 4673 3411 4742 ἐπέχει
3452 4672 3680 4743 βαθμὸν,
3715 4674 3828 4728 εἴτε

2237 4761 2411 4823 ἄλλως
2447 4761 2504 4813 ὲν
2551 4761 2630 4833 τῷ
2686 4764 3040 4833 μοναστηρίῳ
3104 4764 3353 4834 βούλεται
3408 4765 3682 4834 διαμένειν
3731 4763 3830 4819 καὶ

2238 4857 2698 4925 προσκαρτερεῖν.
2743 4856 2965 4908 Ἀδικον
3011 4856 3117 4928 γάρ
3148 4858 3245 4909 καὶ
3274 4856 3391 4909 λίαν
3430 4859 3828 4926 ἀπάνθρωπον,

2240 4949 2413 5007 οὕτως
2443 4946 2703 5017 εὐλαϐείᾳ
2736 4948 2835 5016 τὴν
2869 4950 3112 5015 γυναῖκα
3165 4948 3347 5012 ζῶσαν
3393 4949 3702 5013 ἐξελαύνειν
3730 4950 3829 5003 τοῦ

2241 5040 2433 5102 τόπου,
2466 5040 2527 5092 ἐν
2558 5032 2602 5107 ᾧ
2640 5039 2701 5092 τὸ
2735 5039 2993 5109 λείψανον
3020 5041 3114 5093 τοῦ
3153 5040 3347 5112 ἀνδρὸς
3399 5042 3702 5112 κατέθηκε,
3734 5045 3834 5095 καὶ

2241 5127 2306 5184 οὒ
2343 5132 2413 5184 τὰ
2465 5132 2784 5202 ὑπάρχοντα
2832 5134 2970 5203 αὐτῇ
3011 5134 3392 5202 προσήνεγκεν
3425 5134 3504 5197 εἵς
3544 5152 3602 5187 τε
3653 5151 3834 5206 σωτη-

2246 5228 2369 5300 ρίαν
2401 5228 2499 5297 τῆς
2532 5227 2669 5290 ἰδίας
2705 5228 2906 5297 ψυχῆς,
2957 5228 3052 5281 καὶ
3108 5230 3186 5290 είς
3232 5228 3332 5296 τὴν
3365 5227 3460 5280 τοῦ
3492 5229 3660 5281 τόπου
3711 5228 3833 5282 Bia.-

2248 5322 2418 5391 μονήν
2440 5337 2500 5372 τε
2524 5321 2620 5373 καὶ
2647 5319 2932 5373 σύστασιν.
2968 5321 3055 5383 Ὠς
3086 5317 3179 5374 οὖν
3204 5322 3443 5390 εἴρηται,
3474 5322 3571 5389 τὴν
3603 5320 3838 5391 βαρεῖαν

2247 5412 2345 5468 καὶ
2379 5412 2777 5485 πλεονεκτικὴν
2802 5414 2894 5467 τοῦ
2928 5414 3235 5468 ἐπισκόπου
3261 5418 3419 5485 χεῖρα
3444 5415 3660 5467 ἐκεῖθεν
3692 5417 3838 5467 ἀπό-

2250 5503 2507 5575 στρεψον,
2545 5509 2639 5558 καὶ
2661 5506 2872 5572 δίδαξον
2922 5506 2999 5576 μὴ
3037 5506 3145 5559 τῶν
3195 5507 3497 5577 ἀλλοτρίων
3541 5508 3839 5579 ἐπιθυμεῖν

2250 5599 2348 5669 τὴν
2410 5598 2629 5666 κτῆσιν,
2675 5598 2791 5651 ἀλλ’
2824 5599 2986 5668 εἴπερ
3022 5599 3160 5662 ὅλως
3212 5602 3269 5653 ἐν
3323 5602 3660 5670 λειτουργοῖς
3695 5600 3835 5651 Θεοῦ

516 5734 517 5737 η
563 5697 1011 5769 συναριθμεῖσθαι
1058 5697 1225 5768 φιλεῖ,
1266 5694 1364 5750 καὶ
1410 5694 1518 5749 τῶν
1574 5696 1792 5751 οίκείων
1857 5698 1952 5751 καὶ
1991 5694 2139 5765 αὐτῷ
2177 5697 2492 5766 προσόντων
2532 5699 2643 5759 τοῖς
2677 5696 2958 5766 δεομένοις
2989 5696 3057 5749 δι’
3088 5700 3326 5770 ἀπορίαν
3403 5700 3542 5755 κατά
3610 5699 3707 5772 τὴν
3736 5697 3836 5753 τοῦ

566 5793 609 5845 ll
628 5789 880 5861 ,νεύματος
924 5794 1144 5865 ἐντολὴν
1168 5796 1458 5867 ἐπαρκεῖν.

2120 5849 2179 5877 ’ἢκ
