4152 6444
571 424 679 487 235

1711 420 1760 477 N
1773 419 2027 479 ICOLAI
2068 419 2178 478 GP.
2218 417 2729 478 PATRIARCILE

3731 407 3843 474 236

579 533 808 597 scilicet,
841 540 896 586 et
946 545 1090 586 nunc
1136 529 1249 599 iam
1285 528 1426 599 apud
1467 542 1561 582 eos
1588 526 1679 596 qui
1726 541 1853 581 vere
1885 527 2026 581 bona
2061 541 2156 579 no-

2281 527 2324 597 ὶν
2357 525 2454 579 καὶ
2485 525 2580 577 νῦν
2616 524 2769 595 παρά
2796 526 2908 587 τοῖς
2940 523 3159 592 ἀληθῶς
3196 525 3262 576 τὰ
3291 524 3433 577 καλὰ
3467 523 3852 592 είδόσιμακα-

579 639 709 681 rnnt
757 623 1133 686 felicissimus,
1175 622 1285 676 eris
1327 629 1380 674 et
1426 620 1478 674 in
1527 635 1695 689 regno
1735 619 2001 673 caelorum
2033 634 2158 674 cum

546 722 660 773 ‘ois
700 720 792 788 qui
828 733 857 772 a
896 718 1003 772 Deo
1055 717 1430 770 beatilicantur
1486 713 1690 766 ditatus
1741 721 1797 766 et
1845 711 2160 784 conglorifi-

580 828 758 864 ratus.
1869 815 1872 818 ⁴

586 905 769 958 XLVI.
823 902 1185 972 Incipis-sima
1225 912 1276 956 et
1322 900 1509 972 dilecto
1559 898 1677 972 ﬁlio
1713 907 1917 972 nostra,
1957 896 2161 950 illustri

964 975 1206 1043 Abasgiw
1237 971 1463 1042 regionis
1503 969 1754 1039 principi.
1860 970 1864 973 ’

656 1089 730 1143 De
763 1103 1014 1150 excessu,
1055 1086 1126 1140 fili
1167 1093 1372 1150 uoster,
1402 1083 1480 1138 tui
1529 1081 1827 1137 beatissimi
1869 1081 2038 1151 patris
2065 1080 2162 1134 do-

587 1183 813 1244 luimus,
845 1181 986 1235 sicut
1012 1178 1260 1241 decebat,
1291 1187 1345 1232 et
1395 1177 1475 1232 tui
1521 1175 1696 1245 ipsius
1751 1173 2164 1229 considerantes

587 1274 768 1328 cordis
803 1273 1015 1342 plagam
1057 1285 1165 1340 prae
1201 1270 1412 1331 dolore,
1455 1277 1512 1323 et
1541 1278 1874 1322 cancrorum
1916 1266 2163 1322 omnium

586 1374 854 1435 quotquot
875 1365 1103 1434 diligere
1137 1371 1410 1418 noverunt
1443 1361 1621 1414 virum
1655 1361 1861 1413 virtute
1887 1368 2162 1422 ornatum,

587 1457 767 1525 qualis
821 1456 1006 1524 utique
1060 1463 1179 1510 erat
1238 1455 1375 1508 tuus"
1419 1459 1572 1522 pater
1607 1451 1678 1505 ab
1729 1451 1990 1505 omnibus
2023 1449 2165 1504 cele-

589 1548 780 1601 bratus
829 1555 883 1601 et
930 1546 1206 1600 laudatus.
1260 1543 1476 1597 Doloris
1516 1553 1696 1597 tamen
1744 1541 2166 1595 allevamentum

589 1638 904 1701 habuimus,
934 1637 1077 1706 quod
1114 1643 1167 1691 te
1198 1651 1420 1707 germen
1483 1634 1607 1704 ejus
1637 1633 1936 1704 genuinum
1965 1640 2022 1686 et
2051 1628 2167 1684 [ru-

588 1741 735 1784 Clum
769 1729 993 1783 seminis
1026 1728 1145 1798 ejus
1176 1727 1358 1782 divina
1380 1725 1728 1781 Providentia
1770 1722 2039 1792 judicavit
2069 1737 2168 1791 po-

591 1829 836 1873 testatem
882 1820 1220 1889 principatus
1255 1817 1372 1885 ejus
1415 1815 1717 1885 suscipere,
1749 1823 1807 1868 et
1843 1813 2001 1883 quasi
2031 1812 2169 1867 ima-

2263 615 2450 685 ριστὸς
2481 614 2582 686 ἔσῃ
2614 617 2671 667 ἐν
2700 616 2766 684 τῇ
2817 612 2926 666 τῶν
2977 615 3224 685 οὐρανῶν
3275 612 3522 684 βασιλείᾳ
3550 615 3663 675 τοῖς
3699 617 3854 682 παρὰ

2263 705 2399 759 Θεοῦ
2433 706 2906 777 μακαριζομένοις
2956 705 3320 776 συμπλουτῶν
3372 706 3464 758 καί
3526 705 3854 771 συνδοξαζό-

2266 815 2451 868 μενος.

2264 887 2413 957 Μεῖν.
2437 887 2518 952 Τῷ
2536 889 3005 958 ὑπερρυεστάτῳ
3040 890 3136 942 καὶ
3162 887 3528 958 ἠγαπημένῳ
3554 888 3725 958 ἡμῶν
3744 886 3859 952 υἱῷ

2437 958 2519 1024 τῷ
2549 960 2842 1027 περιδόξῳ
2884 960 3259 1029 ἐξουσιαστῇ
3322 962 3668 1031 Ἀϐασγίας.

2349 1071 2472 1124 Ἐπὶ
2503 1069 2580 1140 τῷ
2607 1069 2898 1141 χωρισμῷ,
2933 1069 3124 1124 τέκνον
3153 1069 3333 1139 ἡμῶν,
3367 1069 3457 1124 τοῦ
3491 1071 3856 1142 μακαριωτά-

2264 1179 2358 1216 του
2390 1163 2598 1232 πατρός
2632 1180 2729 1216 σου
2771 1164 3154 1234 ὲλυπήθημεν,
3194 1162 3387 1234 ὥσπερ
3437 1158 3505 1235 ἦν
3534 1163 3855 1230 ἀκόλουθον,

2266 1254 2365 1322 τήν
2403 1271 2462 1306 τε
2500 1255 2599 1324 σὴν
2650 1255 2961 1319 ἐννοοῦντες
3008 1257 3102 1330 ἐπὶ
3146 1254 3221 1325 τῷ
3266 1255 3432 1310 πάθει
3483 1255 3700 1327 πληγὴν
3753 1258 3856 1324 τῆς

2267 1343 2518 1412 καρδίας,
2562 1345 2788 1398 καὶτῶν
2828 1345 3006 1399 ἄλλων
3041 1347 3155 1399 ὅσοι
3196 1346 3373 1416 φιλεῖν
3409 1346 3614 1401 οἴδασιν
3637 1348 3859 1421 ἀνθρω-

2268 1455 2368 1492 πον
2419 1440 2588 1511 ἀρετῇ
2644 1441 3089 1511 κεκοσμημένον,
3141 1441 3380 1510 μάλιστα
3411 1435 3531 1505 οἷος
3580 1437 3648 1513 ἦν
3679 1443 3710 1496 ὁ
3763 1445 3857 1506 ob;

2267 1531 2451 1603 πατὴρ
2487 1531 2642 1604 παρὰ
2675 1532 2895 1586 πάντων
2930 1534 3028 1588 καὶ
3062 1533 3465 1604 ἐπαινούμενος
3513 1535 3606 1588 καὶ
3637 1534 3858 1605 θαυμα-

2270 1626 2526 1696 ζόμενος.
2553 1624 2702 1696 Πλὴν
2727 1625 2949 1696 εἴχομεν
2975 1625 3076 1694 τῆς
3103 1625 3283 1697 λύπης
3311 1626 3661 1697 ἀπαλλαγὴν,
3688 1628 3770 1681 ὅτι
3799 1627 3861 1681 οὲ

2273 1717 2501 1786 βλαστὸν
2528 1717 2696 1770 αὑτοῦ
2736 1717 2869 1771 ὄντα
2907 1719 3149 1788 γνήσιον,
3189 1720 3287 1772 καὶ
3319 1721 3532 1791 καρπὸν
3574 1721 3676 1792 τῆς
3709 1721 3860 1775 ὲκεί-

2273 1824 2365 1861 νου
2401 1809 2693 1894 σπορᾶςὶή
2733 1809 2855 1863 θεία
2905 1809 3169 1883 εὐδόκησε
3191 1811 3425 1883 Πρόνοια
3460 1814 3555 1866 καὶ⁹
3581 1813 3676 1883 τὴν
3707 1813 3865 1878 ἐξου-

591 1913 772 1982 ginem
802 1911 1091 1980 quamdam
1120 1910 1267 1965 cerui
1297 1909 1417 1978 ejus
1451 1909 1655 1977 populo
1685 1905 1832 1960 dedit
1863 1920 1960 1974 pro
1991 1921 2054 1960 eo
2079 1905 2172 1977 qui

2281 1898 2399 1953 σίαν
2429 1899 2530 1968 τῆς
2555 1902 2727 1972 ἀρχῆς
2763 1901 3148 1969 ἀναδέξασθαι,
3179 1905 3277 1957 καὶ
3301 1903 3496 1976 ὥσπερ
3517 1907 3712 1960 εἰκόνα
3740 1909 3871 1961 τινὰ

592 2020 622 2058 e
673 2018 809 2057 vana
863 2003 950 2056 illa
990 2003 1098 2055 vita
1128 2001 1383 2056 decessit.
1413 2000 1528 2054 Hoc
1571 2007 1818 2053 nostrum
1850 1997 2169 2052 lcvavitdo-

596 2098 763 2154 lorem
795 2105 846 2149 et
866 2095 932 2148 ad
963 2093 1164 2164 gratias
1196 2093 1307 2147 Deo
1341 2089 1652 2146 referendas
1679 2089 1915 2160 impulit.
1941 2087 2007 2144 Et
2043 2105 2168 2159 grai-

594 2189 698 2243 tias
753 2189 1039 2242 retulimus
1069 2184 1449 2246 circ-ferimus,
1481 2184 1831 2253 divinamquc
1861 2182 2167 2237 bonitatem

594 2292 880 2347 precamur
923 2286 982 2329 ut
1016 2277 1069 2329 in
1118 2275 1268 2329 nullo
1305 2283 1355 2328 te
1389 2274 1576 2344 patria:
1611 2272 1867 2327 deficiant
1914 2271 2165 2338 virtutes,

595 2369 686 2422 sed
734 2365 918 2436 potius
963 2365 1392 2435 superemineas,
1417 2365 1653 2434 talisque
1691 2363 1788 2418 [ias
1823 2363 1878 2417 in
1915 2363 2168 2418 subditos

597 2468 749 2528 pater
791 2467 844 2512 et
880 2459 1131 2528 princeps
1164 2466 1223 2511 ut
1250 2455 1432 2510 divina
1476 2456 1530 2509 in
1580 2461 1635 2509 te
1677 2455 1871 2510 electio
1914 2455 2170 2524 operibus

595 2551 944 2618 justiﬁeatur,
979 2559 1296 2619 patremque
1318 2557 1478 2601 "tuum
1504 2546 1680 2602 adhuc
1710 2545 2004 2601 feliciorem
2039 2561 2175 2616 pra:-

604 2645 732 2698 heas
765 2643 874 2697 tuis
909 2642 1153 2697 moribus
1184 2650 1386 2711 tuaque
1406 2639 1607 2694 virtute
1643 2638 1849 2708 tibique
1876 2647 1929 2692 et
1957 2639 2012 2692 in
2036 2654 2174 2708 pra:-

599 2732 738 2784 senti
765 2731 963 2785 saeme
988 2740 1254 2785 internum
1285 2729 1453 2784 decus
1483 2742 1768 2798 compares
1805 2736 1861 2782 et
1899 2727 1952 2780 in
1988 2726 2176 2783 futuro

601 2822 965 2876 immortalem
1010 2819 1240 2894 gloriam
1288 2827 1343 2873 et
1377 2819 1640 2873 honorem
1675 2826 1730 2872 et
1752 2816 2174 2887 jucunditatem.

2273 1992 2354 2062 τῷ
2390 1992 2576 2063 οἰκείῳ
2612 1993 2755 2046 ἔθνει
2799 1996 2922 2048 ἀντὶ
2972 1995 3069 2049 τοῦ
3109 1998 3478 2068 χωρισθέντος
3505 2000 3573 2076 εκ
3605 2000 3706 2068 τῆς
3757 2019 3872 2070 μα-

2279 2085 2438 2148 ταίας
2467 2085 2677 2155 ταύτης
2717 2086 2866 2156 ζωῆς
2901 2088 3175 2158 παρέσχεν
3201 2090 3471 2158 «ὁρᾶσθαι.
3503 2091 3676 2145 Τοῦτο
3713 2095 3870 2162 ἡμᾶς

2277 2175 2556 2247 ἀπήλλαξε
2618 2181 2718 2250 τῆς
2781 2179 3000 2251 λύπης,
3054 2185 3148 2234 καὶ
3214 2183 3419 2250 μᾶλλον
3482 2183 3624 2255 πρὸς
3711 2184 3873 2237 θείαν

2275 2267 2626 2338 εὐχαριστίαν
2709 2271 3068 2341 μετήνεγκεν.
3167 2273 3278 2326 Καὶ
3369 2275 3866 2348 ηὑχαριστὴσαμεν

2277 2361 2369 2412 καὶ
2440 2360 2915 2432 εὐχαριστοῦμεν,
2975 2362 3224 2434 δεόμενοι
3280 2365 3380 2436 τῆς
3446 2366 3637 2436 θεῖκῆς
3719 2369 3870 2434 ἀγα-

2277 2451 2499 2522 θύτητος
2578 2455 2636 2507 ἐν
2697 2457 2888 2527 μηδενί
2969 2474 3028 2510 σε
3089 2459 3198 2512 τῶν
3277 2461 3563 2530 πατρικῶν
3641 2459 3871 2513 ἀπολει-

2279 2545 2480 2615 φθῆναι
2525 2548 2997 2619 κατορθωμάτων,
3058 2550 3200 2604 sua
3251 2551 3456 2622 μᾶλλον
3505 2552 3870 2623 ὑπερϐαλεῖν,

2279 2637 2377 2689 καὶ
2430 2638 2687 2705 γενέσθαι
2722 2639 2970 2694 τοιοῦτον
3000 2642 3058 2694 ὲν
3089 2645 3204 2705 τοῖς
3260 2644 3599 2715 ὑποχειρίοις
3647 2647 3868 2716 πατέρα

2280 2728 2377 2781 καὶ
2413 2728 2678 2801 ἄρχοντα,
2711 2727 2823 2795 οἶος
2855 2735 2948 2787 καὶ
2980 2733 3079 2805 τὴν
3122 2735 3218 2788 τοῦ
3257 2735 3399 2790 Θεοῦ
3432 2736 3612 2808 ψῆφον
3652 2737 3738 2789 ἐπ’
3767 2737 3866 2808 ἐρ-

2279 2837 2398 2888 γοις
2431 2824 2784 2895 μαρτυρῆσαι
2819 2826 3037 2882 δικαίαν
3076 2829 3170 2882 ἐπὶ
3202 2829 3285 2882 σοὶ
3317 2832 3578 2898 γενέσθαι
3601 2872 3616 2896 ,
3647 2830 3864 2885 καὶτὸν

492 3001 502 3008 _
600 2921 816 2988 πατέρα
858 2916 940 2970 ἔτι
991 2917 1417 2987 μακαριώτερον
1473 2913 1754 2984 ἀποφῆναι
1801 2911 1892 2966 διὰ
1934 2913 2030 2966 τοῦ
2079 2913 2174 2968 σοῦ
2212 2917 2418 2986 τρόπον
2449 2919 2677 2991 καὶτῆς
2746 2922 3183 2991 καλοκάγαθίας,
3253 2925 3350 2979 καὶ
3388 2924 3602 2996 σεαυτῷ
3635 2926 3873 2995 ἀείμνη-

603 3013 912 3081 στονσιλέος
946 3011 1003 3064 ἐν
1034 3029 1093 3065 τε
1122 3011 1200 3082 τῷ
1235 3010 1465 3080 παρόντι
1493 3009 1654 3065 αίῶνι
1677 3009 2167 3080 περιποιήσασθαιι
2209 3013 2302 3065 καὶ
2331 3011 2390 3067 ἓν
2414 3013 2493 3083 τῷ
2559 3014 2814 3085 μέλλοντι
2869 3016 2966 3088 τὴν
3022 3018 3294 3074 ἀθάνατον
3363 3019 3522 3086 δόξαν
3573 3022 3669 3074 καὶ
3689 3021 3874 3092 τιμὴν

603 3111 696 3163 καὶ
711 3109 1040 3162 ἀπόλαυσιν.

677 3201 1078 3258 Benedictionis
1112 3201 1297 3271 gratia
1340 3200 1597 3254 misimus
1650 3198 2057 3255 vestimentum.
2105 3197 2182 3254 De
2209 3206 2252 3264 ο

606 3295 1021 3364 archiepiscopo
1079 3302 1261 3349 autem
1307 3292 1538 3355 Alaniae,
1579 3291 1676 3358 fili,
1726 3291 1874 3362 quod
1941 3291 2178 3347 scr-ibam

605 3402 717 3441 non
749 3385 942 3439 habeo.
977 3386 1095 3454 ipse
1118 3384 1290 3446 enim,
1327 3392 1517 3453 utpote
1551 3383 1646 3452 qui
1682 3398 1744 3440 es
1797 3382 2107 3452 intelligens
2127 3390 2181 3437 et

606 3477 870 3549 prudens,
907 3477 1126 3547 scisque
1155 3492 1295 3547 opus
1325 3476 1468 3546 ejus,
1502 3492 1699 3546 nempe
1729 3477 1783 3530 in
1823 3477 2054 3530 salutem
2081 3476 2181 3531 ho-

609 3571 817 3625 minum
849 3578 903 3625 et
949 3571 1002 3625 in
1051 3571 1232 3640 magni
1271 3570 1511 3625 nominis
1545 3569 1638 3625 Dei
1690 3569 1928 3635 laudem,
1959 3569 2183 3622 omnino

606 3672 661 3716 et
704 3665 909 3733 absque
943 3662 1146 3718 nostris
1181 3663 1400 3726 litteris,
1449 3670 1669 3732 propter
1717 3661 2008 3730 repositam
2057 3659 2184 3715 hinc

607 3755 800 3810 amicis
841 3754 935 3810 Dei
974 3755 1505 3819 remunerationem,
1543 3761 1597 3808 et
1629 3753 1705 3807 illi
1739 3752 2099 3821 opitulaberis
2129 3759 2186 3807 et

607 3864 728 3902 cum
779 3863 844 3904 eo
903 3848 1125 3903 labores
1151 3848 1531 3918 participabis.
1563 3845 1631 3900 Et
1658 3846 1704 3901 si
1729 3845 1859 3915 quid
1895 3861 1961 3900 ex
1987 3859 2183 3899 neces-

608 3940 771 3995 sariis
817 3949 871 3995 et
924 3940 992 3994 ad
1015 3940 1145 3994 vitae
1203 3942 1659 3995 sustentationem
1713 3939 1941 3993 utilibus
1987 3937 2044 3991 iu
2084 3937 2185 3992 hac

608 4040 766 4102 gente
797 4042 851 4086 et
894 4033 948 4085 in
975 4042 1122 4086 terra
1150 4031 1328 4085 aliena
1357 4032 1408 4086 ei
1431 4031 1613 4096 deest,
1650 4030 1817 4084 alacri
1848 4030 2033 4084 animo
2055 4045 2186 4099 sup-

607 4122 898 4191 peditabis,
947 4120 1056 4176 Deo
1087 4120 1202 4175 tibi”
1230 4119 1548 4175 facultatem
1583 4119 1898 4184 tribuente;
1963 4117 2186 4186 erisque

611 4212 917 4280 etamplius
952 4222 1046 4280 per
1099 4211 1313 4279 copiam
1343 4210 1509 4279 hujus
1535 4209 1808 4265 facultatis
1840 4209 1894 4263 in
1919 4207 2184 4263 auxilium

613 4302 991 4359 laborantibus
1023 4302 1374 4356 constitutus.

613 4485 1194 4542 XLV-[LConstantino
1240 4485 1410 4538 vicino
1469 4484 1839 4538 consolatorie:
1888 4485 2079 4541 littera:
2125 4486 2187 4540 de

1161 4572 1344 4610 sorore
1371 4555 1641 4624 defuncta.
1669 4629 1681 4647 ι

683 4673 844 4737 Cum,
876 4673 951 4726 fili
974 4671 1049 4727 mi
1069 4671 1380 4736 benedicte,
1411 4669 1688 4739 inopinam
1713 4683 1834 4740 quae
1859 4669 1958 4724 tibi
1988 4669 2188 4725 accidit

613 4765 982 4827 afﬂicti-onem,
1029 4773 1083 4818 et
1111 4776 1364 4817 amarum
1425 4761 1666 4816 dolorem
1715 4777 1930 4817 mecum
1974 4771 2186 4831 reputo,

610 4856 908 4910 contrahor
924 4863 979 4910 et
999 4869 1100 4925 ego
1119 4855 1252 4910 voce
1272 4854 1561 4917 exstincta,
1597 4866 1707 4908 non
1737 4853 1910 4908 habeo
1929 4854 2076 4922 quod
2102 4853 2187 4906 di-

612 4964 757 5010 eam,
790 4957 885 5002 aut
911 4961 1076 5015 quam
1109 4946 1420 5001 orationem
1460 4946 1734 5001 inveniam
1769 4960 1892 5015 quae
1914 4945 2186 5000 consolari

612 5042 974 5111 possitneque
1004 5043 1171 5097 animi
1191 5044 1296 5097 mei
1313 5043 1717 5114 aegritudinem,
1741 5057 1916 5113 neque
1935 5051 2190 5111 te,neque

614 5146 760 5185 tuum
800 5133 942 5203 piam
976 5143 1230 5199 matrem,
1257 5150 1440 5204 neque
1474 5145 1705 5189 caeteros
1747 5133 2187 5200 consanguineos

612 5237 706 5279 aut
753 5227 983 5292 amicos,
1010 5243 1242 5298 quorum
1277 5225 2026 5294 amarusille-dolorpectus
2049 5225 2188 5279 dila-

613 5327 752 5375 niat.
799 5321 961 5392 Fugit
989 5323 1134 5376 enim
1182 5336 1374 5376 revera
1419 5335 1636 5375 omnem
1661 5319 2102 5374 exhortationem
2131 5327 2187 5372 et

611 5415 1041 5476 consolationem
1057 5414 1147 5468 illa
1166 5430 1287 5484 quae
1306 5412 1434 5484 (heu
1454 5415 1466 5466 !
1483 5412 1758 5482 quomodo
1774 5412 1951 5466 dicam
1962 5410 2011 5480 δὲ)
2031 5410 2188 5464 nobis

613 5510 813 5562 accidit
851 5507 1156 5562 calamitas.
1208 5507 1348 5571 Quid
1383 5506 1527 5560 enim
1565 5505 1731 5574 prius
1762 5505 1886 5574 quis
1938 5502 2189 5572 lugebit?

615 5599 756 5654 Num
803 5601 922 5669 ejus
951 5614 1204 5670 ηοω-θος
1238 5599 1454 5667 reliquit
1474 5608 1858 5668 praematuram
1886 5606 1942 5652 et
1985 5597 2038 5650 in
2067 5598 2187 5666 ipso

619 5691 794 5744 astatis
822 5690 956 5744 flore
982 5699 1207 5756 sortem,
1236 5689 1326 5745 cui
1351 5704 1539 5743 amara
1570 5704 1718 5746 mors
1755 5704 1863 5743 non
1904 5689 2143 5759 pepercit
2168 5690 2179 5740 ί

616 5782 758 5836 Num
779 5783 942 5850 hujus
962 5783 1148 5837 eximii
1181 5781 1432 5852 conjugis
1454 5783 1826 5846 solitudinem,
1852 5783 1945 5851 qui
1967 5790 2022 5836 et
2045 5781 2182 5851 ipse,

619 5872 674 5927 in
703 5874 893 5931 eodem
919 5874 1074 5940 flore,
1121 5875 1169 5932 si
1199 5891 1306 5932 non
1333 5892 1368 5932 e
1401 5875 1509 5931 vita
1547 5875 1813 5942 decessit,
1853 5858 2186 5930 amat-iorem

2208 4584 2266 4644 D

2367 3200 2798 3271 Ἀπεστείλαμεν
2847 3201 3100 3270 εὐλογίας
3143 3201 3304 3273 χάριν
3347 3204 3602 3274 ’ἱμάτιον
3635 3205 3764 3276 περὶ
3809 3207 3876 3261 δὲ

2281 3291 2376 3346 τοῦ
2410 3294 2846 3364 ἀρχιεπισκὸπον
2883 3295 3160 3360 Ἀλανίας,
3192 3295 3384 3350 τέκνον
3419 3297 3596 3368 ἡμῶν,
3632 3299 3876 3371 γράφειν

2282 3403 2334 3440 τι
2361 3387 2466 3439 οὐκ
2498 3386 2627 3457 ἔχω.
2679 3388 2853 3452 Δύτὺς
2885 3389 2995 3460 γὰρ
3049 3389 3273 3454 συνετὸς
3321 3389 3400 3444 ὢν
3445 3391 3540 3444 καὶ
3578 3392 3872 3461 φρόνιμος,

2283 3479 2379 3531 καὶ
2405 3478 2564 3545 είδὼς
2592 3480 2654 3533 τὸ
2675 3482 2895 3534 ἐκείνου
2941 3482 3133 3552 ἔργον,
3161 3483 3242 3537 ὅτι
3285 3483 3424 3554 πρὸς
3471 3483 3748 3556 σωτηρίαν
3776 3487 3880 3538 ἀν-

2284 3565 2542 3637 θρώπων,
2580 3570 2663 3622 ὅτι
2699 3572 2836 3640 πρὸς
2879 3572 3041 3640 δόξαν
3071 3573 3164 3627 τοῦ
3199 3575 3440 3646 μεγάλου
3479 3577 3748 3646 ὀνόματος
3772 3577 3875 3630 τοῦ

2284 3657 2445 3724 Θεοῦ,
2478 3660 2700 3724 πάντως
2729 3665 2826 3717 καὶ
2865 3664 3038 3736 χωρὶς
3073 3665 3355 3736 ἡμετέρας
3387 3667 3606 3739 γραφῆς
3647 3667 3737 3720 διὰ
3770 3671 3878 3739 τὴν

2284 3750 2660 3823 ἀποκειμένην
2693 3754 2907 3811 ἐκεῖθεν
2949 3757 3383 3828 μισθαποδοσίαν
3421 3763 3532 3824 τοῖς
3577 3759 3875 3829 φιλοθέοις,

2286 3843 2383 3896 καὶ
2427 3848 2921 3919 συνεπικουρήσεις
2979 3850 3152 3922 αὐτῷ,
3204 3853 3299 3906 καὶ
3345 3852 3720 3926 συναντιλήψῃ
3761 3853 3874 3907 τῶν

2286 3936 2500 3991 πόνων·
2535 3939 2629 3992 καὶ
2661 3940 2716 3992 ετ
2739 3957 2884 4003 τινος
2921 3943 2982 3996 ὲν
3027 3943 3176 3998 ἔθνει
3230 3946 3468 4017 τοιούτῳ
3501 3937 3597 4002 καί⁵
3636 3951 3706 4018 γῇ
3743 3945 3878 4018 ξένῃ

2287 4027 2396 4082 τῶν
2425 4029 2742 4100 ἀναγκαίων
2774 4034 2870 4087 καὶ
2895 4035 3080 4090 ἄνεσιν
3118 4039 3187 4109 τῇ
3211 4038 3334 4111 -ζωῇ
3368 4040 3650 4111 φερόντων
3683 4041 3882 4110 ἐνδεής

2287 4121 2425 4187 ἔστι,
2459 4121 2763 4193 προθύμως
2794 4127 3232 4197 ἑπιχορηγήσεις
3257 4129 3357 4182 τοῦ
3393 4129 3530 4183 Θεοῦ
3583 4147 3664 4184 σοι
3703 4129 3881 4185 δύνα-

2291 4226 2386 4280 μιν
2443 4212 2853 4283 παρασχόντοςο
2890 4216 2985 4268 καὶ
3021 4216 3143 4287 είης
3193 4218 3292 4272 καὶ
3338 4217 3421 4272 ἔτι
3459 4219 3556 4273 ἐπὶ
3587 4219 3750 4273 πλέον
3789 4222 3885 4285 εἰς

2289 4301 2553 4372 εὐπορίαν
2575 4303 2678 4373 τῆς
2707 4303 2971 4374 τοιαύτης
2999 4305 3282 4377 δυνάμεως
3313 4307 3714 4380 καθιστάμενος
3731 4307 3885 4382 ,βοη-

2291 4394 2406 4458 θεῖς
2437 4397 2553 4459 τοῖς
2590 4398 3017 4468 ἀπορουμένοις.

2326 4487 2460 4542 MZ'.
2492 4487 2932 4567 Κωνστᾳντίξθῳ
2942 4494 3461 4567 *παρα-κοιμωμένῳ
3485 4501 3846 4567 παραμυθη-

2612 4558 2746 4629 τικὴ
2774 4561 2869 4615 ἐπ’
2890 4558 3127 4632 ἀδελφῇ
3155 4558 3535 4636 κὸιμὴθειοῃ.

2368 4670 2562 4735 Ὅταν,
2615 4670 2809 4727 τέκνον
2873 4690 2975 4744 μου
3041 4674 3413 4746 εὐλογημένον
3455 4675 3715 4750 ί[τίμιον.]
3771 4680 3891 4753 τὴν

2291 4761 2729 4831 ἀπροσδοκήτως,
2752 4763 3170 4819 καταλαϐοῦσαν
3197 4765 3394 4836 oratiu,
3447 4767 3542 4820 καὶ
3579 4768 3641 4821 τὸ
3671 4771 3889 4840 πικρὸν

2291 4849 2457 4917 ἄλγος
2484 4852 2746 4920 ὲννοήσω,
2767 4854 2904 4924 πρὸς
2930 4855 3177 4925 ἀφωνίαν
3197 4857 3570 4928 σνστέλλομαι
3587 4859 3681 4914 καὶ
3709 4861 3890 4926 αὐτὸς

2292 4943 2423 5010 ἐγὼ,
2441 4944 2535 4997 καὶ
2564 4944 2666 4999 οὐκ
2686 4945 2859 5016 ἐχωτί
2889 4948 3029 5002 είπω
3049 4948 3084 5020 ἢ
3119 4949 3240 5003 τίνα
3268 4950 3428 5018 λόγον
3441 4951 3588 5022 εὕρω
3611 4968 3889 5025 παραμυ-

2293 5035 2829 5108 θεῖσθαιλδυνάμενον
2858 5037 2982 5092 οὕτε
3004 5041 3109 5110 τῆς
3135 5043 3278 5113 ἐμῆς
3307 5043 3487 5115 ψυχῆς
3535 5047 3596 5100 τὸ
3621 5046 3886 5118 ἄλγημα,

2291 5127 2416 5181 οὔτε
2455 5130 2537 5193 σὲ,
2575 5128 2698 5183 οὗτε
2713 5131 2813 5200 τὴν
2833 5129 3054 5202 θεοφιλῆ
3081 5134 3317 5204 μητέρα,
3353 5135 3478 5189 οὔτε
3511 5137 3642 5200 τοὺς
3671 5135 3887 5202 ἄλλους

2294 5224 2576 5290 συγγενεῖς
2594 5223 2686 5276 καὶ
2703 5223 2915 5290 φίλους,
2949 5219 3024 5278 ὧν
3051 5225 3116 5278 τδ
3134 5226 3334 5296 πικρὸν
3348 5226 3518 5281 τοῦτο
3551 5226 3725 5292 πάθος
3755 5228 3886 5284 δια-

2293 5315 2602 5385 σπαράσσει
2630 5315 2730 5386 τὴν
2749 5296 3000 5387 κορείαν.
3033 5318 3180 5390 Νικᾷ
3206 5319 3314 5389 γὰρ
3341 5319 3418 5383 ὡς
3444 5320 3664 5391 ἀληθῶς
3690 5322 3886 5376 πᾶσαν

2293 5409 2642 5480 παρηγορίαν
2679 5411 2774 5462 καὶ
2821 5411 3177 5482 παράκλησιν
3217 5411 3394 5480 λόγων
3443 5413 3522 5477 τὸ,
3571 5413 3722 5484 οἴμοι
3753 5413 3885 5480 πῶς

2291 5500 2453 5557 εἴπω.
2479 5499 2828 5571 συμϐεϐηκὸς
2858 5502 2991 5570 ἡμῖν
3013 5501 3294 5573 ἀτύχημα.
3337 5503 3404 5556 Τί
3442 5504 3552 5574 γάρ
3577 5521 3662 5568 τις
3718 5505 3884 5576 πρῶ-
3949 5516 3956 5527 ’

2291 5608 2383 5644 τον
2415 5592 2716 5662 πενθήσει;
2755 5594 2857 5663 τῆς
2905 5593 3316 5666 καταλιπούσης
3366 5597 3520 5666 ἡμᾶς
3551 5597 3614 5651 τὸ
3665 5598 3874 5669 ἄωρον,

2293 5687 2386 5740 καὶ
2414 5683 2514 5756 τὴν
2549 5686 2610 5738 ὲν
2643 5684 2793 5756 αὐτῷ
2828 5686 2908 5758 τῷ
2928 5685 3082 5740 ἄνθει
3114 5688 3217 5760 τῆς
3243 5688 3462 5760 ἡλικίας
3492 5691 3703 5762 τομὴν,
3742 5693 3811 5762 ἦν
3843 5695 3880 5746 ὁ

2293 5777 2492 5847 πικρὸς
2511 5777 2614 5831 οὐκ
2644 5778 2902 5846 ἐφείσατο
2931 5779 3160 5844 θάνατος
3195 5781 3554 5850 έπενεγκεϊνς
3585 5781 3622 5851 ἢ
3648 5781 3747 5853 τὴν
3773 5783 3874 5836 τοῦ

2293 5871 2460 5924 καλοῦ
2487 5867 2725 5938 συζύγου
2754 5872 2957 5943 eadem
2988 5874 3244 5944 μῦνωσιν,
3269 5873 3327 5939 ὃς
3363 5875 3458 5929 καὶ
3493 5873 3655 5939 αὐτὸς
3679 5876 3736 5929 ἐν
3767 5877 3877 5942 Eam
