4152 6436
538 382 645 445 230
760 374 765 380 ’
1679 384 2145 446 NICOLAI~'CP.
2189 387 2702 447 PATRIARCHIE
3693 382 3801 447 240
3842 432 3847 437 .

534 494 834 552 tristitiam.
890 491 1046 563 Apud
1098 490 1465 563 nosmetipsos
1499 490 1715 558 simus;
1757 503 1812 547 ct
1843 493 2101 548 cedamus

2212 512 2358 567 κρυα
2387 497 2488 567 τὴν
2515 496 3164 569 κατήφειαν.’ῐ”ενώμεθα
3192 500 3346 570 ἡμῶν
3369 495 3571 566 αὐτῶν,
3593 504 3685 556 καὶ
3706 523 3806 558 πα-

534 587 630 642 Dei
677 586 923 658 judiciis,
974 583 1067 656 qui
1117 584 1266 639 dedit
1297 594 1351 639 et
1375 584 1564 648 vitam,
1615 593 1777 653 prout
1806 584 1908 654 ipsi
1934 585 2108 640 visum

2218 589 2633 659 ραχωρήσωμεν
2646 589 2756 651 τοῖς
2786 589 3019 660 κρίμασι
3041 589 3137 643 τοῦ
3160 590 3403 658 Θεοῦ,’ὃ;
3434 594 3679 665 παρέσχε
3706 599 3803 650 καὶ

533 689 640 743 est.
678 690 732 735 et
761 676 1076 733 convictum
1111 674 1278 744 hujus
1315 674 1655 731 suavissimae
1697 675 1904 732 sororis
1937 690 2108 745 quan-

2215 677 2314 751 τὴν
2340 681 2557 747 γένεσιν
2584 680 2768 745 καθὼς
2796 680 2960 745 αὐτὸς
2996 681 3312 753 ἐδοκίμασε,
3340 684 3436 738 καὶ
3478 687 3773 756 συμϐιοτεῦ
3793 718 3806 727 -

535 783 648 827 tum
706 771 1014 826 conducere
1059 765 1409 832 existimavit,
1438 766 1695 837 illamque
1727 767 1794 822 ad
1823 782 1884 824 se
1913 768 2108 838 recepit

2220 788 2310 823 σαι
2337 773 2473 842 ἡμῖν
2501 772 2600 843 τὴν
2631 771 2979 845 γλυκυτάτην
3009 774 3246 847 ἀδελφὴν
3278 776 3405 829 ὅσον
3434 777 3619 849 ἔκρινε
3654 798 3802 849 συμ-

534 865 838 920 secundum
869 877 1032 917 suum
1078 860 1409 929 profundum
1438 859 1720 916 decretum
1748 859 2108 931 etjudicium.

2217 859 2431 930 φέρειν,
2493 862 2590 913 καὶ
2647 859 3017 930 προσελάϐετο
3054 861 3261 931 ταύτην
3289 861 3432 915 κατὰ
3475 864 3577 934 τὴν
3631 865 3800 919 αὐτοῦ
3854 918 3857 921 λ

532 952 724 1008 Melius
755 951 844 1005 ille
873 965 1034 1020 quam
1062 948 1206 1016 quod
1240 962 1339 1003 nos
1370 948 1628 1003 volumus
1659 958 1754 1003 aut
1794 963 2108 1019 precamur,

2216 953 2526 1023 ἀπόρρητον
2562 951 2759 1024 βουλὴν
2788 954 2881 1006 καὶ
2921 952 3123 1024 κρίσιν.
3141 953 3333 1007 Πλεῖον
3355 955 3583 1021 ἐκεῖνος,
3612 955 3645 1027 ἦ
3676 958 3805 1012 ὅσον

531 1057 662 1097 vere
726 1041 1005 1095 beneﬁcus
1070 1036 1234 1093 Pater
1286 1046 1475 1093 nostra
1542 1037 1731 1109 dirigit
1779 1048 1835 1093 et
1892 1038 2108 1094 deducit

2215 1043 2382 1113 ἡμεῖς
2421 1041 2723 1112 βουλόμεθα
2761 1041 2860 1095 καὶ
2891 1042 3189 1112 εὐχόμεθα,
3218 1045 3246 1097 ὁ
3267 1043 3571 1114 φιλόψυχος
3626 1045 3802 1109 ὅντως

534 1134 602 1189 ad
637 1142 878 1189 nostram
937 1130 1247 1186 utilitatem.
1299 1130 1413 1184 Nos
1478 1131 1594 1187 sola
1651 1130 1910 1187 ducimur
1960 1133 2117 1203 cupi-

533 1227 723 1292 ditate,
753 1234 809 1280 et
827 1223 895 1279 ad
921 1223 1094 1294 ipsam
1115 1221 1495 1278 existimamus
1520 1222 1653 1277 utile
1684 1223 2072 1280 conferendum
2096 1240 2110 1277 :

533 1327 587 1374 et
641 1317 685 1372 si
722 1317 936 1386 quidem
974 1331 1062 1371 res
1087 1323 1397 1384 congruunt
1444 1314 1750 1384 cupiditati,
1789 1314 1927 1370 bene
1956 1316 2143 1372 nobis

532 1420 754 1461 currere
791 1407 954 1459 vitam
989 1418 1275 1459 censemus
1312 1418 1327 1458 :
1361 1403 1444 1457 sin
1471 1413 1681 1470 autem,
1733 1405 1888 1474 quasi
1936 1404 1991 1458 in
2027 1405 2110 1459 in-

531 1495 804 1551 toleranda
853 1495 962 1561 vita
1010 1493 1410 1563 angustiamur.
1458 1492 1557 1548 Hic
1602 1502 1784 1549 autem
1819 1508 1927 1549 non
1958 1494 2110 1562 item,

532 1586 624 1642 sed
657 1600 752 1655 per
789 1599 853 1639 ea
879 1599 1002 1654 quae
1035 1584 1231 1641 acerba
1285 1594 1341 1640 et
1377 1585 1604 1639 molesta
1646 1584 1923 1652 videntur,
1992 1586 2113 1657 plus

529 1674 805 1731 commodi
827 1674 1054 1744 largitur
1077 1689 1239 1743 quam
1262 1672 1385 1743 quis
1409 1673 1699 1728 crediderit
1752 1688 1816 1727 ex
1853 1675 2113 1745 jucundis

530 1767 821 1821 utilitatem
858 1766 1155 1835 percipere.
1189 1764 1562 1821 Transeamus
1597 1767 1760 1836 igitur
1788 1769 1854 1821 ad
1910 1769 2113 1837 gratia-

2217 1134 2412 1206 Πατὴρ
2440 1133 2511 1188 τὰ
2541 1134 2790 1204 ἡμέτερα
2816 1135 3087 1205 διευθετεῖ
3116 1135 3213 1188 κα)⁸
3267 1136 3504 1205 διεξάγει
3540 1137 3677 1208 πρὸς
3737 1139 3807 1192 τὸ
3908 1130 3919 1139 ’

2218 1226 2525 1296 συμφέρον.
2579 1224 2770 1296 Ἡμεῖς
2810 1228 2946 1299 μόνῃ
2972 1230 3039 1299 τῇ
3083 1227 3354 1300 ἐπιθυμίᾳ
3384 1229 3685 1300 ἑλκόμεθα,
3706 1232 3807 1284 καὶ

2216 1317 2356 1388 πρὸς
2394 1316 2599 1386 ταύτην
2630 1316 2926 1388 νομίζομεν
2960 1316 3056 1370 καὶ
3094 1316 3156 1370 τδ
3194 1316 3473 1387 ὠφέλιμον
3529 1318 3809 1388 συμϐιϐά-

2217 1410 2331 1475 ζειν
2361 1426 2377 1445 ·
2404 1409 2511 1464 κᾶν
2549 1409 2651 1480 μὲν
2689 1413 2964 1480 συντρέχῃ
2992 1408 3060 1465 τὰ
3087 1409 3390 1478 πράγματα
3409 1412 3476 1480 τῇ
3511 1410 3803 1481 ἐπιθυμίᾳ,

2216 1498 2395 1562 καλῶς
2430 1500 2566 1567 ἡμῖν
2617 1497 2882 1568 φέρεσθαι
2931 1498 3022 1550 τὸν
3068 1497 3184 1567 βίον
3227 1496 3714 1569 ὑπολαμϐάνομεν,
3748 1502 3803 1552 εξ

2214 1588 2272 1642 δὲ
2316 1588 2413 1657 μὴ,
2446 1587 2521 1649 ὡς
2541 1586 2642 1638 ἐπ’
2667 1586 2974 1655 ἀσυμφόρῳ
2998 1585 3100 1655 τῆς
3116 1585 3261 1656 ζωῆς
3290 1587 3801 1658 στενοχωρούμεθα.

2228 1680 2467 1741 Ἐκεῖνος
2497 1679 2554 1731 δὲ
2584 1677 2682 1747 οὐχ
2711 1676 2906 1741 οὕτως,
2932 1676 3073 1731 ’ἀλλὰ
3108 1678 3202 1731 καὶ
3230 1678 3319 1732 διὰ
3352 1677 3462 1731 τῶν
3481 1679 3676 1732 λυπεῖν
3702 1682 3805 1733 καὶ
3828 1721 3841 1731 .

2216 1771 2442 1843 στύφειν
2465 1769 2788 1836 δοκούντων,
2819 1769 2985 1823 πλέον
3016 1768 3076 1823 τὸ
3096 1768 3291 1838 ὄφελος
3313 1770 3553 1833 δίδωσιν,
3595 1772 3645 1842 ’ἦ
3674 1773 3809 1825 ὅσον

531 1872 655 1913 rum
677 1857 973 1920 actionem,
1002 1856 1070 1910 ad
1097 1855 1338 1923 laudem,
1394 1856 1461 1911 ad
1493 1856 1947 1926 benedictionem,
1984 1875 2108 1932 gra-

2212 1865 2276 1921 άν
2304 1882 2390 1928 τις
2416 1865 2684 1935 ἡγήσαιτο
2724 1862 2810 1917 διὰ
2837 1860 2945 1916 τῶν
2977 1861 3283 1934 ἡδυνόντων
3313 1861 3667 1931 ὡφελεῖσθαι.
3689 1864 3810 1918 ὡσ-

535 1949 640 2004 tias
674 1949 893 2018 quidem
924 1956 1149 2016 agentes
1186 1962 1289 2019 pro
1317 1957 1525 2016 quanto
1566 1959 1812 2022 tempore
1856 1953 2112 2007 convictu

534 2038 685 2094 illius
737 2040 821 2095 usi
862 2054 1080 2106 sumus,
1114 2041 1321 2111 gratias
1346 2054 1568 2113 quoque
1603 2057 1751 2098 nunc
1789 2043 2115 2101 exhibentes

534 2131 681 2201 quod
722 2131 791 2187 de
832 2147 970 2188 vana
1014 2133 1116 2187 hac
1147 2142 1204 2188 et
1250 2134 1484 2189 molesta
1537 2149 1775 2205 vereque
1825 2135 2114 2206 multiplici

533 2223 683 2279 luctu
707 2224 910 2280 referta
944 2223 1053 2280 vita
1086 2224 1303 2280 sublata
1336 2240 1514 2292 soror,
1547 2225 1615 2280 ad
1646 2227 1861 2282 beatam
1916 2242 2112 2298 perve-

532 2315 616 2370 nit
645 2320 809 2370 vitam
836 2323 891 2372 et
923 2317 1162 2383 quietem
1193 2319 1344 2371 omni
1376 2316 1566 2372 dolore
1598 2326 1652 2373 et
1668 2317 1895 2374 tristitia
1924 2335 2113 2376 exem-

532 2417 703 2476 ptam,
721 2417 776 2462 ct
796 2407 1197 2478 proindedigna
1225 2420 1332 2462 non
1352 2423 1473 2478 quas
1500 2409 1769 2478 lugeatur,
1790 2410 1883 2467 sed
1912 2411 1998 2467 cui
2018 2426 2115 2482 po-

534 2501 639 2554 tius
679 2500 1005 2568 invideatur,
1042 2508 1095 2555 et
1147 2498 1305 2569 cujus
1338 2498 1621 2555 beatitudo
1641 2502 1967 2557 celebretur.

744 2798 970 2856 XLVIII.
1008 2798 1259 2870 Gregorio
1291 2797 1485 2868 Ephesi
1526 2799 1896 2869 men-epotum.

598 2920 798 2974 Praeter
853 2930 1125 2972 mmrores
1183 2913 1371 2969 multis
1422 2913 1707 2970 doloribus
1770 2914 2110 2970 laborantem

527 3010 767 3067 animam
807 3017 1052 3064 nostram
1102 3014 1435 3076 prementes,
1485 3004 1560 3059 ftli
1589 3006 1663 3060 mi
1708 3005 2106 3073 sacratissime,

530 3106 604 3158 ita
638 3117 725 3157 me
766 3100 1066 3156 aﬂ‘ecerunt
1100 3098 1348 3154 nuntiata
1392 3113 1490 3169 per
1525 3106 1647 3154 tuas
1696 3098 1908 3156 litteras
1965 3101 2109 3156 mala

2217 1975 2279 2012 τε
2313 1955 2710 2028 μεταϐάλωμεν
2745 1958 2825 2020 είς
2857 1954 3230 2026 εὐχαριστίαν,
3260 1955 3350 2019 είς
3397 1950 3569 2019 αἶνον,
3601 1957 3683 2018 είς
3713 1954 3810 2008 δο-

2220 2048 2468 2117 ξολογίαν
2501 2047 2662 2119 χάριν
2697 2047 2797 2117 μὲν
2833 2045 3036 2110 εἰδότες
3066 2047 3152 2115 ἐφ’
3191 2046 3316 2099 ὅσον
3340 2046 3532 2115 καιρὸν
3552 2045 3767 2099 ἀπελαύ
3788 2075 3811 2087 ο

2219 2156 2393 2211 σαμεν
2422 2139 2521 2210 τῆς
2552 2136 2933 2209 συμϐιώσεως,
2963 2137 3128 2208 χάριν
3146 2136 3202 2204 δέ
3229 2136 3325 2190 νῦν
3378 2134 3809 2206 ὁμολογοῦντες,

2215 2231 2298 2285 ὅτι
2329 2231 2407 2299 ex;
2429 2229 2529 2300 τῆς
2580 2227 2945 2299 ματαιότητος
2986 2225 3196 2297 ταύτης
3240 2226 3338 2281 καὶ¹
3366 2225 3469 2294 τῆς
3496 2224 3810 2279 Δἐιιτιιιιδύνου

2217 2325 2315 2379 καὶ
2370 2323 2541 2386 ὅντως
2578 2319 2952 2384 πολυπενθοῦς
2994 2316 3142 2390 ζωῆς
3213 2318 3539 2389 ἀπάρασαή
3586 2317 3808 2389 ἀδελφὴ

2217 2414 2358 2487 πρὸς
2386 2413 2487 2485 τὴν
2529 2412 2812 2484 μακαρίαν
2865 2412 3175 2483 κατήντησε
3224 2410 3320 2464 καὶ
3351 2409 3497 2481 ζωὴν
3527 2409 3632 2463 ικαὶ
3654 2409 3807 2462 ἀπό-

2214 2504 2433 2569 λαυσιν,
2456 2503 2553 2558 καὶ
2583 2503 2767 2574 πάσης
2788 2499 2968 2572 λύπης
3005 2499 3298 2572 ἐλευθέραν
3322 2501 3420 2553 καὶ
3467 2499 3801 2569 κατηφείας·

2216 2595 2314 2650 καὶ
2340 2594 2432 2649 διὰ
2484 2592 2645 2648 τοῦτο
2680 2593 2837 2660 ἀξίας
2886 2591 3056 2665 οῦσης
3100 2592 3224 2663 οὐχὶ
3254 2591 3609 2657 πενθεῖσθαι,
3663 2592 3831 2647 ἀλλὲ

2216 2683 2514 2754 ζηλοῦσθαι
2549 2684 2752 2754 μᾶλλον
2785 2685 2880 2738 καὶ
2933 2682 3365 2756 μακαρίζεσθαι.

2354 2793 2499 2847 Μιιν.
2540 2794 2849 2865 Γρηγορίφ
2912 2794 3324 2866 μητροπολίτῃ
3379 2794 3657 2865 Ἐφέσου.

2293 2907 2424 2963 Ἐπὶ
2468 2911 2583 2973 τοῖς
2617 2910 3218 2981 προκατειργασμέναις
3294 2908 3395 2981 τὴν
3461 2910 3807 2967 πολυώδυνον

2213 3000 2373 3073 ημῶν
2403 3000 2606 3073 ψυχὴν,
2634 3002 2825 3057 τέκνον
2867 3003 3025 3073 ἡμῶν
3085 3003 3409 3074 ἱερώτατον,
3458 3004 3802 3074 ἁλγήμασιν,

2213 3092 2357 3148 οὕτω
2387 3093 2609 3166 διέθηκε
2631 3093 2702 3149 τὰ
2733 3093 2831 3149 νῦν
2865 3094 3245 3150 καταλαϐόντα
3296 3094 3384 3150 διὰ
3408 3095 3509 3166 τῆς
3550 3096 3658 3150 τῶν
3687 3096 3807 3150 σῶν

530 3207 591 3249 ut
633 3209 768 3264 pene
810 3201 963 3247 extra
1023 3206 1112 3248 me
1152 3191 1364 3263 positus
1397 3192 1529 3258 sim,
1563 3200 1619 3247 et
1653 3206 1767 3262 pra:
1806 3192 1978 3248 multa
2012 3208 2108 3248 an-

2216 3188 2564 3257 γραμμάτων
2618 3185 2966 3257 ἀπαγγελίας
3009 3186 3260 3255 ἀλγεινὰ,
3296 3185 3373 3249 ὡς
3414 3184 3615 3257 μικροῦ
3659 3185 3804 3256 πρὸς

529 3284 710 3354 gustia
748 3282 958 3352 aliquid
1005 3281 1185 3338 simile
1211 3296 1413 3353 passus
1437 3282 1543 3337 sim
1583 3281 1669 3338 bis
1702 3282 1820 3352 qui,
1857 3284 1914 3338 in
1939 3284 2108 3340 vehe-

530 3377 872 3432 mentissima
905 3381 1250 3445 tempestate,
1304 3373 1554 3431 hiscente
1605 3374 1743 3429 mari
1783 3375 2110 3446 deprehensi

528 3484 747 3524 onmem
780 3466 1050 3537 dejiciunt
1092 3480 1246 3536 spem
1290 3464 1525 3532 salutis;
1565 3464 1673 3520 nisi
1716 3465 1849 3535 quia
1879 3466 2113 3536 prmbuit

527 3560 623 3629 qui
650 3559 851 3628 ubique
892 3557 1052 3615 adest
1086 3557 1383 3612 auxiliator
1407 3556 1477 3611 ad
1513 3570 1574 3612 se
1608 3557 1809 3623 redire,
1847 3566 1901 3613 et
1945 3558 2111 3614 tidem

527 3652 655 3706 fecit
686 3650 982 3721 iisquibus
1017 3664 1207 3721 usque.
1227 3649 1411 3705 adhuc
1441 3663 1666 3704 manum
1697 3649 1892 3706 fortem
1930 3652 2110 3722 porri.

527 3759 653 3814 gere
710 3758 818 3798 non
854 3743 1086 3807 destitit,
1130 3757 1232 3798 nec
1259 3742 1500 3797 cessavit
1546 3751 1768 3812 propter
1815 3743 2108 3800 inenarra-

526 3838 689 3891 bilem
762 3836 1068 3892 bonitatem
1117 3834 1187 3891 de
1246 3835 1557 3892 innumeris
1602 3844 1656 3891 et
1709 3835 2109 3907 multiplicibus

528 3930 752 3985 casibus
782 3927 1085 3984 Ecclesiam
1152 3940 1333 3982 suam.
1379 3925 1462 3991 Ita
1489 3926 1638 3981 enim
1669 3926 1828 3982 nobis
1856 3927 2106 3984 animum

528 4017 921 4088 recipientibus
1004 4030 1130 4085 spes
1188 4015 1449 4071 meliores
1517 4031 1851 4074 conservare
1893 4020 2103 4089 .empit.

525 4106 659 4171 Quae
686 4105 899 4159 utinam.
924 4113 1232 4170 serventur,
1261 4104 1481 4164 Christe
1513 4102 1767 4161 Salvator
1792 4122 1969 4175 meus,
2002 4124 2106 4164 nec

525 4204 746 4268 propter
782 4195 1050 4250 inﬁnitam
1100 4202 1452 4264 peccatorum
1502 4210 1752 4251 meorum
1801 4199 2107 4255 multitudi-

525 4300 650 4341 nem
699 4284 834 4339 miht
868 4293 926 4340 et
978 4292 1185 4340 saneta:
1209 4284 1469 4340 Ecclesia
1509 4295 1617 4341 tuas
1650 4291 1932 4358 pereant!
1976 4290 2104 4347 Haec

526 4378 644 4444 tibi,
670 4377 744 4432 (ili
775 4375 869 4444 mi,
902 4375 1075 4430 habeo
1098 4375 1361 4431 scribere.
1390 4374 1467 4431 De
1489 4380 1735 4444 caneris,
1751 4395 1953 4452 nempe
1978 4397 2103 4454 quas

525 4483 694 4540 penes
719 4477 849 4524 sunt
880 4466 1183 4533 hominem,
1215 4467 1456 4532 auxiliis,
1491 4471 1628 4525 scito
1647 4485 1755 4527 nos
1769 4472 2099 4532 inextrema

2215 3278 2476 3334 ἔκστασιν
2497 3277 2707 3334 ἑαυτῶν
2737 3278 3097 3350 καταστῆναι,
3118 3280 3209 3332 καὶ
3222 3280 3287 3349 τῇ
3320 3278 3803 3350 πολλῇάμηχανίᾳ.

2214 3369 2401 3442 ὅμοιόν
2430 3387 2486 3424 τι
2520 3368 2716 3423 παθεῖν
2745 3371 2860 3433 τοῖς
2882 3371 2941 3423 ἐν
2966 3369 3198 3441 χειμῶνι
3223 3369 3575 3441 σφοδροτάτῳ
3603 3373 3805 3441 ἀχανεῖ

2214 3461 2710 3533 ἐναπειλημμὲνοις
2738 3462 2994 3531 πελάγει,
3054 3464 3148 3516 καὶ
3194 3461 3284 3515 διὰ
3329 3461 3493 3516 τοῦτο
3539 3462 3801 3532 ῥίπτουσι

2215 3553 2399 3617 πάσας
2442 3554 2543 3624 τῆς
2573 3554 2851 3625 σωτηρίας
2875 3552 3122 3617 ἐλπίδας.
3156 3553 3304 3626 Πλὴν
3327 3554 3411 3607 ὃτι
3460 3553 3739 3624 παρέσχεν
3766 3555 3799 3606 ὁ

2213 3644 2446 3700 πάντοτε
2474 3646 2891 3717 παριστάμενος
2939 3644 3159 3717 βοηθὸς,
3195 3645 3291 3699 καὶ
3310 3647 3629 3713 ἀνενεγκεῖν
3663 3645 3800 3698 ἐδω-

2212 3755 2308 3794 κεν
2338 3739 2759 3811 ἐπιλογίσασθαι
2794 3733 2877 3803 οἷς
2900 3741 3071 3812 μέχρι
3112 3742 3208 3794 καὶ
3239 3737 3332 3794 νῦν
3361 3740 3423 3793 οὐ
3452 3738 3664 3793 διέλιπε
3690 3740 3797 3811 τὴν

2214 3835 2460 3906 μεγάλην
2495 3835 2785 3904 ἐπορέγων
2826 3837 3009 3907 χεῖρα,
3051 3833 3151 3891 καὶ
3181 3834 3445 3905 ῥυόμενος
3478 3832 3796 3903 ’δι’τάφατον

2209 3926 2527 3999 άγαθότητα
2563 3928 2671 3983 τῶν
2701 3927 3061 3999 πολυτρόπων
3115 3929 3213 3982 καὶ
3251 3925 3654 3997 πολυμηχάνων
3689 3925 3796 3997 τὴν

2209 4017 2539 4090 Ἐκκλησίαν
2586 4019 2753 4075 αὐτοῦ
2788 4019 3188 4090 περιστάσεων.
3224 4017 3315 4081 Et;
3339 4016 3499 4071 τοῦτο
3530 4015 3641 4086 γὰρ
3665 4017 3796 4071 ἀνε-

2208 4110 2498 4180 νεγκοῦσιν
2521 4111 2664 4183 ,ἡμῖν
2701 4111 2802 4175 τὰς
2839 4109 3215 4182 χρηστοτέρας
3253 4105 3464 4179 ὑπῆρξε
3484 4105 3789 4170 διασώζειν

2207 4200 2449 4265 ἐλπίδας.
2472 4202 2582 4256 Καὶ
2611 4202 2803 4273 εἴησαν
2839 4199 3258 4271 διασωζόμεναι,
3316 4198 3659 4269 Χριστέμου
3692 4200 3793 4252 καὶ

2206 4290 2415 4361 Σῶτερ,
2444 4292 2541 4346 καὶ
2570 4292 2662 4364 ,μὴ
2683 4292 2763 4363 τῷ
2791 4291 3004 4363 ἀπείρῳ
3025 4290 3135 4344 τῶν
3167 4288 3626 4361 ἐμῶν-ἁμαρτιῶν
3652 4288 3791 4360 “HF

2206 4381 2288 4437 θει
2311 4383 2447 4454 ἡμῖν
2474 4399 2535 4437 τε
2575 4385 2669 4437 καὶ
2695 4385 2763 4455 τῇ
2796 4386 2862 4454 σῇ
2891 4382 3026 4454 ἁγίᾳ
3051 4380 3441 4435 διαπίπτουσαι
3491 4379 3786 4451 ἐκκλησίᾳ.

2205 4468 2394 4524 Ταῦτά
2421 4487 2524 4538 σοι,
2564 4470 2758 4526 τέκνον
2786 4470 2969 4543 ἡμῶν,
2998 4470 3233 4542 γράφειν
3259 4470 3389 4543 ἔχω.
3428 4470 3566 4541 Περὶ
3594 4469 3652 4524 δέ
3683 4470 3793 4540 τῆς

525 4562 774 4632 angustia
811 4559 1039 4626 versari,
1089 4575 1273 4631 neque
1311 4561 1479 4616 ullam
1521 4561 1614 4618 hic
1652 4572 1750 4619 aut
1786 4564 1899 4623 illic
1940 4581 2099 4638 opem

2212 4562 2395 4634 ἄλλης,
2418 4564 2521 4617 ὅσα
2554 4579 2620 4632 γε
2658 4563 2731 4617 τὰ
2761 4561 3108 4635 ἀνθρώπινα,
3159 4560 3413 4633 βοηθείας
3445 4560 3557 4614 ίσθι
3590 4563 3650 4615 ἐν
3698 4562 3795 4614 ἐσι-

523 4657 668 4711 ferre
703 4669 887 4726 posse.
917 4652 1109 4709 Potius
1161 4652 1328 4724 igitur
1355 4668 1446 4711 res
1470 4663 1778 4726 exposcunt
1810 4667 1868 4714 ut
1903 4666 1955 4716 te
1989 4660 2102 4717 cito

522 4751 589 4805 ad
621 4765 720 4804 nos
748 4746 1299 4819 recipias;.illudque
1323 4747 1445 4803 sine
1468 4749 1578 4804 ulla
1606 4762 1761 4805 mora
1789 4748 2102 4808 faciendum

520 4852 626 4898 est.
661 4841 732 4897 ιιι-
751 4840 923 4903 enim,
947 4838 997 4893 si
1033 4838 1358 4910 quida‘liud,
1386 4838 1553 4895 rebus
1586 4841 1693 4896 erit
1719 4841 2101 4909 utilissimum,

520 4935 731 4990 scilicet
759 4947 869 4989 una
891 4945 1036 4999 esse,
1064 4941 1126 4987 ut
1153 4942 1357 4996 mente,
1386 4931 1460 4988 ita
1494 4941 1550 4988 et
1584 4948 1820 5005 corpore
1854 4952 1870 4991 :
1901 4944 2102 4993 cetera

520 5039 702 5082 autem
753 5034 920 5098 prout
977 5039 1189 5095 magna
1228 5034 1286 5081 et
1325 5024 1693 5096 investigabili
1740 5026 1947 5084 Christi
2000 5028 2100 5085 Dei

521 5118 695 5174 nostri
735 5116 1014 5188 sapientia:
1041 5118 1335 5190 disponere
1358 5119 1538 5174 visum
1574 5117 1763 5175 fuerit.
1797 5119 1945 5177 Vale.
1956 5120 2097 5190 jam,

519 5212 710 5268 tilimi
748 5212 1141 5279 sacratissime,
1172 5212 1241 5267 ab
1285 5213 1438 5268 omni
1477 5211 1789 5268 calamitate
1811 5221 1934 5269 tum
1961 5216 2102 5271 visi-

524 5304 619 5369 bili
643 5315 757 5360 tum
787 5301 1045 5359 invisibili
1065 5302 1268 5360 divinis
1286 5304 1400 5359 .alis
1427 5303 1700 5360 obtectus.

2204 4657 2346 4729 χάτῃ
2365 4655 2526 4719 ὂντας
2553 4654 2757 4727 ἀπορίᾳ
2782 4655 2877 4709 καὶ
2900 4652 3026 4708 οὔτε
3052 4655 3165 4718 τοῖς
3189 4651 3378 4707 αὐτόθι
3407 4650 3685 4722 ἐπαμῦναί
3710 4668 3790 4713 τι,

2204 4742 2331 4798 οῦτε
2376 4746 2490 4808 τοῖς
2520 4743 2756 4797 ἐνταῦθοὶ
2781 4745 2933 4798 ἐστιν
2967 4743 3143 4815 ἰσχύς.
3168 4741 3393 4798 Μᾶλλον
3424 4740 3526 4812 μὲν
3567 4736 3662 4795 οῦν
3690 4742 3795 4795 καὶ⁵

2207 4834 2270 4890 σὲ
2316 4835 2386 4890 τὰ
2416 4836 2721 4908 πράγματα
2759 4836 3014 4908 ἐπιζητεῖ
3065 4835 3155 4891 διά
3199 4835 3404 4906 τάχους
3452 4832 3793 4888 καταλαϐεῖν

2207 4929 2346 5002 πρὸς
2372 4930 2542 5001 ἡμᾶς,
2574 4931 2670 4985 καὶ
2710 4929 2870 4985 τοῦτο
2893 4929 3019 5001 δίχα
3052 4929 3239 5000 πάσης
3270 4926 3542 4999 ἀναϐολῆς
3586 4926 3668 4980 δεῖ
3693 4941 3795 4994 γε-

2207 5022 2419 5077 νέσθαι.
2465 5021 2642 5076 Τοῦτο
2690 5022 2802 5094 γὰρ
2850 5022 3014 5094 εἴπερ
3054 5039 3110 5075 τι
3151 5019 3283 5077 ἄλλο
3314 5021 3429 5084 τοῖς
3464 5021 3793 5090 πράγμασιν

2207 5116 2655 5188 ὠφελιμώτατον,
2677 5116 2994 5186 ἡνωμένους
3014 5109 3156 5170 εῖναι
3178 5113 3367 5183 ὥσπερ
3388 5111 3467 5182 τῷ
3488 5110 3795 5182 πνεύματι,

2208 5209 2352 5264 οὕτω
2378 5209 2473 5263 καὶ
2508 5208 2586 5280 τῷ
2623 5208 2862 5279 σώματι,
2902 5207 2995 5261 καὶ
3027 5206 3087 5261 τδ
3115 5206 3243 5278 ἑξῆς
3280 5204 3358 5268 ὼς
3388 5205 3455 5259 ἂν
3479 5205 3513 5275 ἡ
3538 5200 3632 5256 τοῦ
3655 5202 3802 5272 Χρι-

2209 5305 2336 5359 στοῦ
2364 5303 2476 5362 ικαὶ
2506 5302 2644 5357 Θεοῦ
2664 5301 2826 5373 ήμῶν
2861 5300 3072 5373 μεγάλη
3101 5303 3197 5355 καὶ
3229 5297 3641 5369 ἀνεξιχνίαστος
3662 5294 3803 5349 διοι-

522 5401 691 5472 κῆσαι
718 5395 1254 5469 -βούληταισύνεσις,
1285 5395 1540 5467 Ἐρῤωσό
1565 5412 1680 5466 μοι,
1716 5394 1907 5452 τέκνον
1938 5396 2098 5469 ἡμῶν
2135 5398 2453 5475 ἱερώτατον,
2483 5400 2606 5463 ταῖς
2625 5397 2799 5462 θείαις
2864 5395 3093 5468 πτέρυξι
3156 5395 3339 5467 πάσης
3365 5392 3630 5467 ἐπηρείας
3655 5394 3802 5463 ὁρω-

528 5493 694 5562 μένης
721 5506 780 5543 τε
813 5489 910 5543 καὶ
937 5486 1174 5557 ἀοράτου
1198 5484 1633 5555 φυλαττόμενος.

525 5602 710 5659 ΧΙΔΧ.
784 5600 1062 5671 Episcopis
1124 5608 1298 5722 enim
1352 5601 1773 5656 communionem
1826 5606 2100 5660 exsistan-

1248 5686 1265 5722 t
1304 5685 1387 5722 us.

1248 5685 1387 5724 ιυιιδ.

595 5801 739 5860 Sane
768 5804 843 5861 ita
877 5813 978 5871 est,
1012 5815 1069 5860 ut
1118 5804 1327 5863 caelesti
1350 5805 1443 5862 illo
1474 5818 1570 5862 ore
1602 5802 1802 5864 Paulus
1837 5806 2092 5874 adirmat.

2435 5595 2572 5652 MB'.
2599 5594 2766 5674 Πρὸς.
2779 5592 2933 5674 Ξοὺς
2972 5593 3420 5674 μητροπολίτας
3448 5593 3574 5649 ἔσω

2594 5663 2704 5733 τῆς
2752 5664 3120 5733 Ἐκκλησίας
3156 5663 3359 5731 ὄντας.

2274 5802 2625 5896 ξΛνθρὼπους
2666 5800 2952 5874 πείθομεν,
2981 5801 3147 5873 φησὶν
3172 5802 3201 5857 ὁ
3243 5800 3388 5867 θεῖος
3415 5802 3788 5893 ,Ἁπόστολοῢ
