4152 6430
356 291 459 355 2il

1805 258 2214 361 Episrom.
2242 351 2251 358 .

3472 326 3481 337 '
3523 310 3634 375 242

352 402 479 473 θεῷ
533 402 592 455 δὲ
632 405 1085 478 πεφανερώμεθα
1123 423 1137 439 ·
1175 406 1271 461 καὶ
1328 408 1431 461 οῦκ
1490 405 1638 460 ἔστιν
1678 408 1854 471 ἄλλως
1909 408 1947 479 ἧ

2068 408 2362 464 nominibus
2421 408 2625 479 imponi
2680 421 2880 481 potest,
2921 412 3031 470 Deo
3086 426 3268 471 autem
3331 420 3640 475 revelantur

348 490 500 543 κατὰ
529 488 629 561 τὴν
654 493 945 563 μακαρίαν
975 495 1195 565 εκείνην
1233 496 1510 562 γλῶσσαν,
1551 499 1653 567 τὴν
1686 497 1746 564 ἐξ
1785 497 1947 568 οὐρα-

347 580 447 633 νοῦ
488 576 785 646 λαλοῦσαν,
816 584 915 638 καὶ
959 585 1085 656 οὐχὶ
1121 585 1404 658 λογισμῶν
1462 587 1674 658 θνητῶν
1708 588 1805 642 καὶ
1853 589 1949 643 ἀν-

343 672 651 737 θρωπίνων
685 688 701 704 ⁸
744 676 849 745 ὅρα
886 676 953 749 δὴ
990 672 1083 732 οῦν
1123 680 1219 732 καὶ
1277 679 1365 745 σὺ,
1406 678 1718 749 μᾶλλονδὲ
1757 680 1951 749 ὁρᾶτε,

344 763 446 825 οῦς
469 766 572 818 οὐκ
608 761 733 819 οἶδα
775 766 900 832 πῶς
940 769 1396 841 συμπαθέστερον
1431 770 1595 835 εἴπω,
1632 769 1947 840 δυστυχῶς;

344 856 582 925 ἐμαυτῷ
620 858 720 912 καὶ
746 861 815 929 τῇ
858 859 956 914 τοῦ
1007 860 1246 933 Χριστοῦ
1278 860 1374 915 καὶ
1410 860 1546 914 Θεοῦ
1605 861 1955 933 ἀπεγέννησα

356 946 670 1018 Ἐκκλησία
695 965 723 981 ’-
744 951 866 1014 πῶς
901 952 1161 1024 γὰροΰχὶ
1185 953 1502 1024 δυστυχῶς;
1553 952 1963 1025 οἴὲγεννήθητέ

352 1057 473 1108 μοι,
499 1040 602 1111 οὐχ
632 1041 722 1094 ἵνα
763 1043 911 1097 κατὰ
931 1044 1027 1099 τὸν
1053 1047 1333 1113 πρέποντα
1361 1045 1579 1109 τέκνοις
1618 1046 1757 1116 πρὸς
1798 1045 1960 1114 γονέα

350 1129 518 1199 νόμον
542 1134 960 1207 προασπίσητε,
1018 1137 1514 1209 ὑπερμαχήσησθε,
1547 1139 1645 1192 καὶ
1684 1136 1849 1208 τυχὸν
1899 1138 1959 1190 ἐν

355 1223 634 1289 κινδύνοις
669 1226 834 1296 ἡμῶν
861 1228 1038 1284 ὄντων
1060 1231 1559 1302 συναντιλάϐησθε,
1586 1230 1685 1284 καὶ
1706 1229 1801 1284 τοῦ
1818 1236 1823 1241 ’
1842 1247 1959 1284 κιν-

2055 500 2242 554 omnia
2270 508 2457 556 nostra
2491 511 2659 573 atque
2708 503 3083 560 innotescunt.
3118 505 3242 563 llaec
3281 524 3455 578 pauca
3487 513 3643 568 vobis

2055 592 2129 648 sit
2154 593 2288 649 satis
2329 593 2554 658 dixisse,
2614 609 2755 662 quos
2805 611 2929 665 ego,
2975 606 3035 652 ut
3091 598 3380 656 mitissime
3435 604 3644 667 dicam.

2054 680 2258 737 infelici
2284 683 2429 738 satis
2453 683 2745 752 Ecclesia,
2771 686 3015 756 mihique
3059 689 3243 757 genui.
3270 688 3468 755 Quidni
3498 696 3646 748 enim

2058 790 2158 831 vos
2186 775 2266 831 sic
2293 777 2586 847 appellem,
2617 778 2713 847 qui
2748 793 3054 849 me,~quem
3084 782 3249 837 etiam
3271 784 3468 839 merito
3490 787 3641 840 dam-

2062 876 2254 922 natum
2292 866 2585 926 defendere
2620 869 2955 936 debueratis,
2995 881 3055 927 ut
3090 887 3188 943 par
3217 884 3336 931 erat
3361 876 3504 933 ﬁlios
3549 893 3647 948 pa-

2065 966 2299 1024 rentem,
2325 958 2526 1013 nullius
2568 958 2787 1015 afﬁnem
2840 962 3037 1032 culpae,
3066 964 3177 1020 imo
3236 979 3332 1035 per
3374 982 3647 1023 summam

2064 1046 2317 1114 iniuriam
2344 1049 2484 1105 solio
2508 1049 2770 1119 ejectum,
2808 1053 2967 1123 quasi
3009 1069 3204 1124 parum
3239 1056 3433 1114 fuisset
3458 1058 3648 1114 deser-

2065 1139 2236 1201 uisse,
2295 1141 2645 1209 prodidistis?
2713 1142 2836 1200 llaec
2894 1147 3451 1216 animo-.revolvite,
3513 1152 3648 1206 iram

2064 1231 2278 1286 Domini
2309 1233 2577 1289 scelerum
2615 1233 2867 1291 ultricem
2904 1247 3335 1308 exspectantem.

352 1314 510 1371 δύνου
548 1319 797 1391 ρύσησθε
834 1322 931 1377 τὸν
962 1325 1195 1396 πατέρα,
1216 1325 1321 1380 κᾶν
1353 1326 1484 1389 ἴσως
1499 1325 1665 1397 παρά
1693 1325 1870 1395 δίκην.
1905 1323 2138 1396 ἐπείπερ
2169 1325 2288 1378 ἐστὶ
2329 1327 2483 1398 παρά
2513 1326 2655 1397 Θεῷ,
2683 1329 2778 1382 καὶ
2816 1330 3077 1403 τοιαύτης
3119 1334 3465 1404 συμπαθείας
3498 1334 3649 1389 ἀντία

351 1410 496 1476 δοσις
521 1414 604 1487 τῷ
625 1416 852 1481 τάξαντι
880 1423 1052 1491 τιμῆς
1088 1421 1533 1493 ὄρους-πατράσι
1572 1421 1667 1476 καὶ
1700 1421 1935 1484 τέκνοις·
1977 1420 2094 1474 ἀλλ’
2127 1421 2248 1492 οὐχὶ
2275 1422 2338 1476 τὸ
2408 1424 2681 1498 ἡμέτερον
2752 1427 3015 1482 τοιοῦτον·
3046 1428 3143 1483 τοῦ
3168 1430 3278 1500 γὰρ
3308 1430 3517 1503 Κυρίου
3542 1432 3644 1486 καὶ

354 1510 490 1563 Θεοῦ
523 1531 629 1582 μου
656 1516 756 1585 οὐχ
778 1516 865 1569 ὅτι
890 1517 1030 1587 πρὸς
1057 1516 1357 1588 θεραπείαν
1388 1517 1556 1573 αὐτοῦ
1586 1515 1941 1590 ἐξείργασταί
1980 1534 2032 1570 τι
2069 1516 2201 1571 ποτὲ
2245 1516 2378 1589 παρ’
2403 1518 2583 1589 ἡμῶν,
2606 1521 2837 1576 meme
2895 1523 3102 1593 ἄφατον
3161 1524 3479 1596 ἀγαθότητα
3505 1528 3646 1588 τέως

354 1608 621 1678 εὐμενοῦς
671 1609 807 1678 ἡμῖν
832 1609 1221 1680 τυγχάνοντος,
1273 1611 1365 1667 καὶ
1409 1614 1563 1668 οὐδὲν
1610 1608 2147 1683 παρακεχωρηκότος
2196 1613 2440 1668 τοιοῦτόν
2504 1630 2557 1668 τι
2619 1617 3015 1688 πεπραγμένον
3076 1619 3211 1689 ἡμῖν
3248 1620 3503 1692 ὀφθῆναι.

581 1723 664 1779 N’.
708 1723 979 1793 Ἰγνατίφ
992 1725 1408 1797 μητροπολίτῃ
1436 1724 1737 1788 Κυζίκου(

453 1836 868 1911 Εῦφράνθημεν,
906 1839 958 1892 εί
989 1838 1086 1894 καὶ
1124 1839 1200 1911 μὴ
1244 1822 1462 1894 τελείαν
1487 1839 1858 1912 εὐφροσύνην,
1896 1839 1958 1893 τὸ

383 1929 477 1982 σδν
511 1930 756 2000 γράμμα,
782 1930 1161 2003 τέκνονὴμῶν
1191 1933 1358 2004 ἱερὸν,
1379 1931 1690 2004 δεξάμενοι.
1718 1933 1829 1987 Kal
1850 1932 1958 2003 γὰρ

380 2022 475 2075 καὶ
510 2022 645 2076 αὐτὸ
665 2021 820 2077 τοῦτο
842 2026 907 2077 τὸ
935 2022 1026 2078 διὰ
1078 2024 1337 2079 τοσοῦτον
1389 2026 1607 2097 χρόνον,
1660 2025 1721 2091 ἐξ
1745 2018 1806 2080 οὗ
1862 2025 1985 2078 ἀπ’-

371 2114 620 2185 ἀλλήλων
660 2115 980 2188 διέστημεν,
1042 2119 1193 2189 σαφῆ
1249 2135 1376 2172 τινα
1409 2117 1569 2187 λόγον
1620 2117 1697 2190 μὴ
1763 2117 1959 2188 μαθεῖν

367 2206 500 2278 περὶ
536 2206 642 2277 τῆς
673 2208 950 2280 ὑμετέρας
982 2209 1150 2280 ζωῆς,
1191 2209 1289 2264 νῦν
1318 2210 1408 2264 διὰ
1437 2210 1532 2265 τοῦ
1564 2210 1672 2264 σοῦ
1695 2209 1962 2283 γράμμα-

360 2318 456 2365 τος
484 2300 515 2353 ὃ
536 2300 848 2372 ἔποθοῦμεν
887 2301 1291 2373 μεμαθηκόσιν,
1318 2302 1587 2367 ,ὑπόθεσις
1614 2302 1849 2371 γέγονεν
1865 2301 1961 2354 εὐ-

365 2392 673 2464 φροσύνης.
701 2393 949 2464 Δεόμεθα
984 2394 1041 2448 δὲ
1070 2395 1167 2448 τοῦ
1202 2394 1590 2466 φιλανθρώπου
1620 2393 1758 2448 Θεοῦ
1795 2393 1958 2464 ἡμῶν

362 2486 460 2538 καὶ
483 2484 818 2556 τελεώτερον
839 2486 933 2540 ἐπὶ
965 2486 1048 2540 σοὶ
1068 2487 1469 2559 εὐφρανθῆναι,
1486 2530 1493 2538 .
1511 2486 1600 2542 διὰ
1623 2487 1722 2557 τῆς
1745 2485 1961 2559 τελείας

361 2576 695 2647 ἀπαλλαγῆς
730 2577 828 2632 τοῦ
878 2578 1077 2644 κοινῶς
1106 2580 1257 2651 ἡμᾶς
1282 2578 1656 2652 λελυπηκότος
1694 2579 1793 2633 καὶ
1828 2578 1965 2647 σφό-

362 2669 470 2739 δρα
522 2666 831 2735 λυποῦντος
877 2669 1109 2734 πάθους.
1168 2672 1281 2726 Kal
1335 2670 1547 2740 γένοιτο
1598 2673 1892 2747 πληρωτὴς
1928 2675 1959 2728 ό

362 2760 587 2829 ἀγαθὸς,
603 2761 707 2832 τῆς
730 2763 1029 2833 αἰτήσεως,
1060 2762 1243 2828 διδοὺς
1275 2765 1368 2818 καὶ
1396 2765 1581 2830 ἄλλοις
1599 2768 1834 2839 ὀφθῆναι
1860 2768 1957 2823 καὶ

362 2853 590 2920 δοξάσαι
621 2851 705 2919 οἷς
752 2855 1147 2926 ἀπελαύσαμεν
1176 2857 1276 2929 τὴν
1303 2857 1471 2913 αὐτοῦ
1505 2861 1847 2933 ἀγαθότητα.

469 2946 606 3002 NA’.
644 2945 732 3013 Τῷ
763 2946 1060 3017 περιδόξῳ
1079 2949 1458 3020 ἐξουσιαστῇ
1504 2953 1844 3022 ’Δὸαστίας.

1980 1703 2028 1762 Β

2380 1724 2440 1779 L.
2481 1725 2697 1796 lgnatio
2724 1729 2902 1799 Cyzici
2948 1731 3331 1801 metropolitw.

2130 1836 2597 1902 Gavisi~sumuss
2669 1839 2771 1893 etsi
2825 1855 2937 1895 non
2987 1841 3234 1911 perfecto
3303 1847 3523 1915 gaudio,
3572 1848 3679 1903 tili'
3740 1916 3753 1928 '

2060 1938 2259 1986 noster
2275 1937 2510 1996 sacrate,
2551 1932 2796 2002 acceptis
2827 1933 2926 1989 abs
2964 1942 3021 1990 te
3056 1935 3276 1992 litteris.
3310 1936 3364 1993 id
3390 1941 3535 1994 enim
3562 1941 3646 2012 ip-

2061 2038 2205 2090 sum,
2245 2038 2372 2078 cum
2416 2039 2484 2080 ex
2523 2023 2687 2093 longe
2714 2034 2961 2095 tempore
3012 2041 3124 2096 quo
3167 2028 3238 2083 ab
3268 2030 3529 2087 invicem
3566 2033 3649 2087 di-

2062 2124 2296 2182 stamus,
2330 2117 2465 2173 nihil
2492 2118 2625 2173 certi
2657 2116 2996 2175 audierimus
3021 2120 3088 2176 de
3110 2129 3287 2177 vestra
3318 2123 3451 2187 vita,
3502 2142 3651 2181 nunc

2061 2208 2280 2264 tandem
2331 2208 2686 2266 audientibus
2731 2210 2877 2279 quod
2929 2213 3281 2282 optabamus,
3321 2230 3491 2271 causa
3545 2217 3648 2271 fuit

2059 2301 2353 2373 gaudendi.
2410 2302 2709 2358 Precamur
2750 2312 2932 2359 autem
2981 2305 3284 2362 beneﬁcum
3323 2306 3491 2363 Deum
3524 2324 3649 2365 nos-

2060 2401 2308 2448 trum-ut
2342 2408 2447 2449 nos
2494 2394 2791 2464 perfectius
2827 2396 2895 2451 de
2936 2405 2989 2453 te
3013 2398 3377 2467 gaudeamus,
3413 2399 3484 2455 ob
3517 2415 3645 2471 per-

2058 2483 2258 2541 lectam
2308 2486 2455 2542 illius
2483 2502 2597 2557 quo
2640 2489 3364 2559 uos-simulrlaboravimus,
3401 2503 3455 2549 et
3500 2509 3649 2549 nunc

2058 2576 2764 2643 vehementer-laboramus,
2788 2578 2996 2659 doloris
3021 2580 3426 2637 liberationem.
3462 2581 3646 2637 Bonus

2060 2668 2333 2738 compleat
2382 2678 2628 2725 nostram
2663 2670 3028 2741 petitionem,
3053 2671 3257 2744 detque
3284 2689 3441 2729 suam
3484 2675 3646 2729 boui-

2063 2764 2228 2812 tatem
2290 2758 2414 2816 aliis
2468 2760 2715 2830 conspici
2780 2768 2836 2816 et
2885 2760 3152 2817 celebrari
3195 2764 3397 2833 quibus
3457 2764 3646 2820 donati

2060 2870 2276 2911 sumus.

2280 2945 2367 3002 LI.
2408 2946 2623 3002 Illastri
2661 2946 2887 3018 Abasgte
2915 2947 3145 3019 regionis
3180 2946 3447 3017 principi.“

436 3061 516 3115 Τό
550 3061 803 3134 φιλόθεόν
844 3080 940 3118 σου
965 3064 1061 3118 καὶ
1091 3065 1152 3119 τὸ
1181 3065 1421 3138 χρηστὸν
1448 3065 1544 3120 τοῦ
1595 3069 1799 3139 τρόπου
1825 3069 1954 3124 ἐκί-

2134 3061 2319 3118 Pietas
2354 3070 2445 3117 tua
2484 3071 2540 3118 et
2574 3061 2773 3118 indolis
2811 3061 3032 3120 bonitas
3058 3062 3125 3117 ad
3160 3078 3404 3119 amorem
3435 3064 3509 3119 tui
3546 3081 3685 3122 nos~~

364 3169 551 3224 νησενς
580 3156 732 3226 ἡμᾶς
780 3155 921 3226 πρὸς
960 3156 1063 3225 τὴν
1093 3157 1193 3227 σὴν
1222 3158 1469 3230 ἀγάπην,
1502 3152 1554 3212 ὦ
1573 3159 1669 3213 τοῦ
1705 3160 1843 3214 Θεοῦ
1864 3161 1958 3216 ἄν-

368 3248 561 3316 θρωπε
625 3248 724 3301 καὶ
757 3248 868 3302 ἰδοὺ
904 3248 1113 3320 πρῶτοι
1135 3249 1228 3305 διὰ
1259 3251 1356 3305 τοῦ
1389 3253 1725 3324 γράμματος
1779 3270 1952 3325 προσ-

367 3339 715 3411 αγορεῦομέν
754 3359 837 3407 σε,
886 3343 982 3397 καὶ
1034 3343 1110 3408 ὡς
1136 3344 1331 3398 τέκνον
1375 3345 1535 3415 ἡμῶν
1569 3340 1657 3400 οἷα
1691 3346 1960 3417 παρόντες

368 3432 975 3502 ὲναγκαλιζόμεθα,καὶ
1014 3437 1306 3506 πατρικοῖς
1333 3435 1605 3507 φιλήμασι
1651 3444 1956 3508 περιπτυσ-

372 3524 609 3596 ωέμεθα.
646 3526 758 3580 Καὶ
801 3527 910 3597 γὰρ
945 3525 1042 3581 τοῦ
1079 3527 1179 3599 μὲν
1216 3528 1468 3598 φιλοθέου
1497 3529 1775 3597 ἀπόδειξις
1807 3533 1842 3602 ἡ
1870 3531 1961 3586 έν-

369 3618 497 3682 θεός
557 3636 655 3673 σου
720 3619 948 3693 σπουδὴ.
996 3620 1065 3693 ἣν
1134 3621 1229 3675 ἐπὶ
1281 3624 1349 3692 τῇ
1438 3623 1685 3696 σωτηρίᾳ
1728 3624 1828 3677 καὶ
1889 3627 1958 3697 τῇ

368 3710 676 3780 ἐπιγνώσει
752 3711 854 3781 τῆς
927 3711 1190 3783 ἀληθείας
1260 3711 1356 3769 τοῦ
1411 3713 1598 3779 ἔθνους
1652 3714 1763 3769 τῶν
1798 3715 1961 3771 Ἀλα-

370 3803 487 3856 νῶν
593 3804 856 3869 ἐπεδείξω
936 3805 1033 3858 καὶ
1118 3805 1517 3862 ὲπιδείκνυσαι.
1587 3808 1960 3879 Ἀνεμάθομεν

368 3897 484 3968 γὰρ
548 3897 625 3950 ὲκ.
648 3897 922 3967 διαφόρων
969 3897 1079 3950 τῶν
1112 3897 1496 3969 ἐπισταμένων
1543 3899 1612 3953 τὰ
1650 3901 1720 3953 aa
1756 3917 1957 3971 κατορο

368 3987 633 4059 θώματα,
684 3988 761 4054 ὡς
813 3989 970 4062 μετά
996 4007 1062 4058 γε
1108 3989 1242 4045 Θεὸν
1298 3991 1499 4063 πολλὴν
1545 3995 1647 4063 τὴν
1699 3993 1961 4064 πρόνοιαν

368 4082 802 4147 κατεϐἁλουνεῖς
859 4101 917 4137 τε
965 4084 1058 4138 τὸν
1088 4085 1370 4155 φωτισμὸν
1424 4084 1521 4140 τοῦ
1560 4086 1662 4156 τῆς
1710 4087 1962 4152 Ἀλανίας

367 4175 665 4244 ἄρχοντος,
697 4175 792 4228 καὶ
816 4160 1057 4240 είςυτοὺς
1083 4177 1199 4229 ὅσοι
1231 4177 1327 4229 σὺν
1353 4176 1504 4245 αὐτῷ
1537 4176 1963 4249 κατηξιώθησαν

368 4267 470 4322 τοῦ
507 4266 676 4336 ἁγίου
736 4268 1137 4341 βαπτίσματος.
1171 4269 1284 4339 Τῆς
1331 4268 1387 4323 δὲ
1433 4269 1805 4341 χρηστότητος
1851 4269 1963 4324 τῶν

368 4358 601 4429 τρόπων
651 4357 747 4411 καὶ
796 4358 898 4428 τῆς
926 4358 1176 4422 εὐποιίας
1225 4357 1310 4421 τίς
1350 4356 1485 4426 ἄλλη
1516 4356 1964 4428 περιφανεστέρα

371 4450 531 4504 ἐσται
561 4448 878 4517 ἀπόδειξιςς
917 4450 950 4521 ἢ
985 4450 1070 4513 τίς
1097 4450 1165 4504 ἂν
1192 4450 1327 4504 ἄλλο
1377 4449 1689 4521 ὲπιξητήσῃ
1749 4450 1964 4521 μαρτύ-

377 4561 498 4608 ριον
524 4560 540 4609 ;
572 4542 857 4615 ἀρκούσης
881 4543 982 4613 τῆς
1033 4540 1360 4613 ξενοδοχίας,
1385 4541 1487 4613 τῆς
1520 4541 1841 4613 θεραπείας,
1863 4540 1965 4612 τῆς

377 4638 549 4710 ἄλλης
576 4638 638 4691 ἐν
684 4638 821 4692 πᾶσι
881 4636 1265 4707 παραμυθίας,
1319 4635 1421 4706 ὅση
1473 4635 1674 4706 δυνατὴ
1718 4636 1970 4706 χορηγεῖ-

383 4729 526 4792 σθαι,
557 4730 631 4799 ἦν
647 4730 729 4793 είς
748 4728 838 4782 τὸν
858 4726 1278 4796 θεοφιλέστατον
1299 4725 1736 4798 ἀρχιεπίσκοπον
1756 4726 1818 4779 τὸ
1841 4726 1970 4779 τέκ-

384 4838 473 4873 νον
499 4819 687 4892 ἡμῶν,
712 4818 807 4891 ὅλῃ
841 4817 1160 4890 προαιρέσει
1185 4817 1282 4873 καὶ
1309 4816 1408 4891 ὅλῃ
1437 4817 1585 4888 ψυχῇ
1622 4816 1811 4887 ὤφθης
1840 4816 1966 4870 ἐπι-

375 4911 719 4983 δειξάμενος.
754 4909 857 4964 Διά
892 4908 1050 4964 τοῦτο
1099 4908 1335 4980 δεόμεθα
1399 4907 1496 4961 τοῦ
1533 4906 1721 4963 ἱκανοῦ
1767 4905 1969 4961 πολλα-

375 5003 652 5067 πλασίους
676 5002 988 5057 ἀντιδοῦναι
1021 5002 1122 5064 τὰς
1148 4998 1481 5072 ἀμοιϐὰςέν
1519 5016 1586 5053 τε
1628 4997 1707 5069 τῷ
1737 4998 1967 5070 παρόντι

378 5096 505 5166 βίῳ,
532 5095 633 5149 καὶ
674 5094 754 5165 τῷ
786 5093 1036 5164 μέλλοντι
1072 5091 1236 5146 αὐτὸν
1294 5090 1441 5145 κατὰ
1478 5090 1569 5143 τὸν
1606 5087 1839 5142 πλοῦτον
1870 5086 1967 5142 τοῦ

376 5187 572 5247 ἐλέους
599 5183 767 5238 αὐτοῦ
802 5181 1307 5253 ἀνταναπληρῶσαι
1326 5180 1427 5245 τὰς
1456 5182 1709 5251 χάριτας,
1741 5179 1838 5234 νῦν
1866 5178 1966 5249 μὲν

379 5280 446 5331 ἐκ
475 5276 662 5348 πάσης
690 5273 1056 5347 διατηροῦντά
1112 5290 1174 5327 σε
1226 5270 1709 5343 σκυθρωπότητος,
1743 5269 1837 5324 καὶ
1868 5268 1970 5340 τῆς

384 5371 494 5423 τῶν
523 5370 887 5442 ἀνθρωπίνων
912 5367 1258 5439 πραγμάτων
1296 5363 1699 5437 ἐναντιότητος,
1732 5365 1791 5417 ὲν
1821 5363 1878 5417 δὲ
1901 5363 1972 5434 τῇ

383 5461 658 5535 μελλούσῃ
690 5463 804 5535 ζωῇ
854 5456 1302 5532 συναριθμοῦντά
1329 5475 1390 5513 σε
1421 5458 1538 5520 τοῖς
1591 5454 1979 5527 ἠγαπημένοις

382 5555 559 5625 αὐτῷ,
615 5558 706 5611 καὶ
743 5555 841 5620 οὓς
888 5555 925 5625 ή
954 5553 1069 5606 τῶν
1097 5550 1452 5621 θεραπόντων
1496 5549 1663 5604 αὐτοῦ
1696 5547 1809 5620 ἔχει
1854 5564 1979 5601 συν-ο

386 5652 700 5728 αρίθμησις.
735 5653 806 5708 Εἴ
829 5664 986 5711 τινος
1022 5645 1071 5699 δ’
1095 5646 1165 5700 ἂν
1193 5646 1289 5700 καὶ
1318 5645 1398 5700 ἔτι
1426 5642 1656 5700 δυνατοῦ
1687 5659 1783 5696 σου
1823 5642 1975 5706 ὄντος

1995 4397 2046 4457 D

2064 3154 2260 3219 movit,
2288 3171 2322 3209 ο
2359 3154 2528 3209 homo
2562 3153 2678 3209 Dei.
2732 3152 2799 3208 Et
2830 3168 2961 3209 ecce
3013 3154 3252 3224 primum
3285 3170 3381 3225 per
3429 3155 3682 3213 litteras.

2063 3247 2401 3319 alloquimur
2434 3256 2506 3312 te,
2538 3255 2592 3301 ct
2622 3256 2683 3303 ut
2718 3246 2888 3301 ﬁlium
2916 3246 3073 3317 quasi
3121 3257 3417 3317 praesentes
3439 3250 3647 3320 ample—

2063 3337 2265 3391 ctimur
2303 3345 2358 3391 et
2394 3336 2637 3407 paternis
2671 3336 2876 3393 osculis
2911 3336 3241 3392 salutamus.
3302 3336 3514 3393 Etenim
3541 3347 3647 3393 tum

2063 3428 2285 3498 pietatis
2338 3435 2755 3498 argumentumr
2780 3436 2864 3483 est
2902 3427 3122 3482 divinus
3164 3428 3256 3482 ille
3292 3428 3444 3485 zelus
3477 3445 3677 3498 quem.

2064 3535 2166 3590 pro
2195 3519 2456 3575 salvanda
2504 3527 2558 3575 et
2590 3519 2648 3575 in
2691 3521 2925 3576 veritate
2964 3519 3301 3574 instituenda
3344 3522 3644 3575 Alanorum

2064 3621 2226 3684 gente
2278 3612 2565 3669 ostendisti
2595 3621 2652 3668 et
2699 3608 3350 3669 ostendis.'Audivimus
3395 3613 3541 3667 cnim
3578 3628 3643 3667 ex

2065 3705 2255 3761 multis
2292 3705 2498 3775 quibus
2538 3704 2893 3760 innotescunt
2952 3711 3045 3758 tua
3088 3703 3347 3774 prmclare
3387 3703 3551 3768 facta,
3596 3713 3647 3758 te

2067 3797 2296 3852 multam
2316 3794 2617 3853 secundum
2643 3794 3015 3851 Deum'curam
3041 3793 3498 3858 contulisse,etin
3520 3793 3649 3847 illn-

2067 3888 2421 3943 minationem
2442 3885 3022 3957 Alauorum'principls
3049 3895 3102 3940 et
3131 3884 3372 3939 omnium
3396 3884 3489 3954 qui
3519 3900 3646 3939 cum

2066 3996 2135 4036 co
2154 3988 2347 4037 sancto
2369 3978 2642 4049 baptismo
2676 3977 2860 4033 donati
2877 3977 3214 4044 sunt.[Bonae
3240 3984 3420 4030 autem
3448 3974 3648 4032 indolis

2069 4080 2125 4128 et
2174 4069 2582 4127 beneﬁcentiae
2622 4066 2904 4138 quodnam
2950 4065 3156 4121 clarius
3205 4066 3309 4120 erit
3363 4065 3647 4131 indicium,

2068 4174 2122 4219 et
2171 4161 2449 4234 quodnam
2508 4158 2659 4214 aliud
2706 4156 3066 4228 quaerendum
3127 4164 3212 4209 est
3247 4156 3648 4222 testimonium,

2070 4271 2195 4312 cum
2229 4254 2466 4312 suﬁiciat
2495 4249 2876 4323 hospitalitas,
2903 4259 2959 4305 et
2980 4264 3139 4314 cura,
3178 4250 3363 4305 et‘alia
3390 4248 3442 4303 in
3473 4250 3652 4303 omni-

2068 4350 2177 4405 bus
2208 4346 2546 4414 sollicitudo,
2596 4352 2806 4416 quanta
2849 4342 3101 4414 praestari
3154 4349 3352 4413 potest,
3388 4356 3551 4412 quam
3595 4341 3648 4395 in

2074 4441 2173 4497 Dei
2205 4438 2627 4497 dilectissimum
2663 4435 3138 4506 archiepiscopum
3171 4435 3345 4489 ﬁlium
3379 4444 3652 4496 nostrum,

2074 4540 2188 4585 tota
2221 4528 2506 4584 voluntate
2545 4535 2603 4582 et
2642 4534 2755 4583 tota
2785 4525 2969 4582 anima
2996 4525 3317 4581 ostendisse
3351 4539 3503 4579 visus
3543 4540 3603 4579 es
3633 4527 3656 4577 ἰ

2076 4620 2376 4692 Propterea
2410 4634 2707 4690 precamur
2726 4632 2852 4674 eum
2884 4618 2981 4688 qui
3024 4617 3328 4683 retribuere
3351 4625 3545 4686 potens
3570 4625 3657 4670 est

2076 4711 2581 4774 remunerationes,
2634 4717 2759 4764 tum
2811 4706 2869 4762 in
2910 4706 3166 4778 praesenti
3202 4714 3318 4761 tum
3377 4706 3431 4760 in
3468 4705 3654 4760 mtura

2077 4805 2210 4868 vita,
2230 4812 2291 4859 ut
2319 4802 2622 4859 secundum
2655 4799 2878 4856 divitias
2901 4813 3018 4854 sua:
3034 4795 3430 4852 misericordiae
3446 4796 3654 4866 gratias

2077 4896 2346 4968 suppleat,
2372 4910 2522 4951 nunc
2552 4892 2852 4964 quidem~te
2885 4891 2958 4946 ab
3003 4888 3400 4945 omni-malitia
3429 4896 3485 4943 ct
3514 4889 3609 4943 hu
3629 4914 3647 4929 ο

2077 4990 2365 5045 manarum
2395 5000 2581 5042 rerum
2621 4982 2953 5039 adversitate
2978 4981 3356 5048 custodiendo,
3382 4980 3437 5036 in
3473 4979 3654 5036 futura

2077 5089 2260 5136 autem
2297 5074 2863 5135 vita-annumerando
2904 5084 2958 5130 te
2996 5089 3124 5129 cum
3171 5075 3387 5131 dilectis
3432 5074 3552 5131 suis
3601 5083 3657 5129 ct

2077 5189 2202 5229 cum
2242 5171 2325 5227 eis
2376 5184 2520 5242 quos
2565 5168 2809 5224 continet
2854 5182 3139 5223 servorum
3169 5166 3540 5238 ejus-coetus.
3594 5166 3654 5220 Si

2078 5262 2225 5335 quod
2275 5271 2459 5318 autem
2500 5261 2703 5327 adhuc,
2745 5272 2869 5329 pro-
2901 5269 2997 5314 tuo
3043 5273 3210 5328 posse
3283 5257 3655 5315 amicissimus

2078 5355 2190 5412 Deo
2215 5353 2662 5424 archiepiscopus
2678 5351 2977 5408 obtinuerit
2997 5351 3255 5407 solatium
3282 5359 3389 5405 tuae
3412 5347 3652 5412 virtutis,

2082 5452 2158 5508 ﬁli
2189 5453 2284 5518 mi,
2323 5450 2549 5505 omnino
2573 5458 2630 5504 et
2673 5447 2825 5503 illud.
2864 5446 3094 5502 habebis
3146 5445 3258 5500 tuis
3299 5438 3653 5513 prmoedenti-

2084 5549 2190 5603 bus
2252 5543 2413 5600 bonis
2456 5542 2732 5607 additum,
2800 5541 3124 5610 centuplum
3191 5531 3568 5592 retributionis
3625 5547 3657 5586 a

2080 5638 2342 5695 muniﬁco
2377 5634 2486 5692 Deo
2528 5643 2723 5690 nostro
2760 5634 3043 5690 obtinens.

385 5716 861 5824 breeotpilésza'ro;
921 5745 1357 5815 ἀρχιεπίσκοπος
1424 5736 1769 5805 ὲπιτεύξεται
1823 5733 2181 5807 παραμυθίας
2240 5732 2340 5803 τῆς
2382 5729 2506 5801 σῆς.
2538 5728 2727 5785 τέκνον
2788 5727 2966 5797 ἡμῶν,
3030 5721 3253 5796 ἀρετῆς,
3305 5720 3523 5784 πάντως
3561 5716 3662 5772 καὶ
