4152 6408
558 305 668 370 243

1696 276 2008 378 Nicomt
2047 319 2153 379 CP.
2191 320 2708 381 PATBIARCH/E

3721 325 3834 397 2i!

554 429 714 484 τοῦτο
735 429 878 497 ἔξεις
910 434 1021 498 τοῖς
1086 437 1430 506 προλαϐοῦσι
1463 454 1556 490 σου
1590 437 1775 502 καλοῖς
1860 439 2389 512 συναριθμούμενον,
2438 441 2534 496 καὶ
2615 442 2717 512 τὴν
2780 441 3049 496 ἀντίδοσιν
3112 444 3264 516 παρᾶ
3295 445 3392 499 τοῦ
3445 447 3831 522 μεγαλοδώρου

551 523 688 578 Θεοῦ
715 525 875 596 ἡμῶν
910 529 990 592 είς
1020 530 1082 583 τὸ
1113 530 1491 584 πολυπλάσιον
1530 530 1992 600 ἀπεκδεχόμενος.

843 661 957 717 Lll.
995 660 1158 718 Petro
1201 664 1408 720 Alania
1445 664 1860 734 archiepiscopo.

624 793 956 864 Accepimus
1016 805 1138 853 tuas
1170 796 1398 861 litteras,
1422 782 1698 866 jucundas
1739 797 1957 867 quidem
1991 797 2137 867 quod

554 893 687 951 tuae,
739 897 1000 944 caeterum
1045 889 1464 944 molestissimas
1530 896 1715 958 utpote
1757 904 1877 958 quas
1943 889 2138 942 innue-

555 993 743 1034 mores
767 995 868 1035 nos
894 990 1133 1050 paternae
1153 979 1206 1034 in
1231 980 1374 1036 ﬁlios
1405 979 1718 1036 dilectionis
1766 981 2134 1048 appellabant,

553 1083 610 1125 et
647 1072 794 1140 quod
826 1071 1212 1143 gravissimum
1248 1083 1331 1127 est
1362 1071 1696 1128 adolescenti
1740 1073 2134 1138 ministerium,

554 1162 656 1217 etsi
693 1177 945 1232 magnam
991 1163 1043 1217 In
1098 1162 1208 1218 Deo
1268 1167 1513 1234 requiem
1565 1165 1860 1235 promittit,
1912 1165 1967 1219 in
1997 1180 2136 1234 pra:-

555 1255 697 1309 senti
751 1256 944 1310 saltem
997 1257 1108 1311 vita
1150 1259 1453 1312 certamina
1508 1268 1562 1312 et
1620 1258 1838 1313 labores
1895 1260 2135 1311 minatur

553 1345 747 1408 duros,
777 1346 884 1401 nisi
926 1346 980 1401 in
1012 1347 1195 1402 divina
1234 1351 1436 1402 virtute
1468 1364 1593 1417 spes
1628 1359 1818 1404 nostra
1859 1350 2132 1404 firmatur.

555 1435 610 1489 Si
673 1451 803 1507 ergo
846 1437 982 1493 tales
1015 1454 1209 1493 sumu—s
1263 1454 1390 1510 erga
1450 1441 1618 1505 ﬁlios,
1667 1441 1890 1512 quinam
1928 1441 2137 1497 erimus

553 1541 684 1596 erga
713 1535 944 1584 caeteros
967 1537 1018 1584 et
1035 1529 1128 1600 qui
1154 1545 1262 1583 non
1289 1531 1344 1584 in
1377 1533 1571 1586 ordine
1603 1532 1832 1587 ﬁliorum
1857 1548 2134 1602 reponun-

550 1622 685 1675 tur?
713 1620 818 1678 Sed
853 1631 1001 1677 tuam
1039 1623 1385 1689 memoriam,
1419 1623 1488 1677 ﬁli
1523 1625 1596 1678 mi
1657 1634 1890 1689 sacrate,
1921 1628 1971 1678 in
2008 1641 2134 1694 pec-

553 1724 672 1768 tore
718 1730 840 1769 meo
890 1730 1213 1786 permanere
1267 1715 1406 1770 bene
1454 1717 1607 1770 novit
1636 1717 1730 1785 qui
1775 1715 1909 1770 illud
1954 1716 2131 1770 ﬁnxit.

552 1805 692 1874 Quia
752 1822 882 1862 vero
935 1823 1000 1861 ex
1039 1807 1286 1876 epistolis
1351 1807 1519 1862 infers
1569 1820 1816 1863 nostrum
1866 1823 2130 1871 amorem,

555 1900 693 1954 scito
734 1915 832 1954 nec
860 1899 989 1954 illud
1019 1913 1119 1954 nos
1160 1900 1436 1958 omisisse.
1473 1899 1810 1972 Scripsimus
1843 1901 1989 1955 enim
2025 1916 2133 1954 non

2171 676 2219 736 Α

2462 649 2590 726 ΝΒἎ
2629 673 2828 741 Πέτρῳ
2845 673 3297 743 ἀρχιεπισκόπῳ
3313 677 3609 747 Ἀλανίας.

2329 809 2664 880 Ἑδεξάμεθά
2717 828 2813 864 σου
2865 811 2966 880 τὴν
3023 811 3340 883 δπιστολὴν,
3406 813 3476 866 τὰ
3535 812 3640 882 μὲν
3690 817 3832 870 ἄλλα

2242 904 2543 974 ήδύνουσαν
2573 905 2722 974 ἡμᾶς
2755 904 2836 958 ὅτι
2877 903 2944 974 σὴ
2974 903 3256 976 ἐπιστολὴ.
3294 904 3364 958 τά
3406 905 3463 959 δὲ
3502 906 3666 960 λοιπά
3708 909 3838 962 λίαν

2240 997 2518 1052 ὀδυνῶσαν
2543 998 2612 1050 δι’
2637 991 2712 1050 ὧν
2739 996 3118 1068 ἐπιλήσμονας
3150 998 3246 1050 καὶ
3294 996 3395 1068 τὴν
3465 999 3604 1067 πρὸς
3658 1000 3834 1055 τέκνα

2242 1090 2478 1160 στοργὴν
2528 1091 2947 1162 ἀπορρίψαντας
3019 1091 3196 1155 ἔλεγε,
3254 1091 3347 1143 καὶ
3397 1091 3456 1144 τὸ
3515 1091 3835 1161 βαρύτατον

2239 1184 2434 1236 τέκνου
2469 1183 2605 1253 πρὸς
2629 1185 2932 1249 διακονίαν,
2965 1185 3013 1238 εί
3059 1183 3157 1238 καὶ
3183 1183 3387 1252 πολλὴν
3414 1185 3832 1252 ἐπαγγέλλεται

2239 1277 2338 1346 τὴν
2357 1276 2507 1328 Θείαν
2537 1277 2868 1343 ἀνάπαυσιν,
2903 1278 3022 1334 ἀλλ’
3062 1277 3122 1331 ἕν
3175 1295 3242 1345 γε
3302 1282 3368 1348 τῇ
3409 1277 3660 1349 παρούσῃ
3711 1277 3832 1351 ζωῇ

2240 1369 2461 1436 ἀγῶνας
2492 1371 2585 1422 καὶ
2612 1370 2812 1433 πόνους
2861 1371 2924 1424 ού
2953 1370 3153 1440 ῥᾳδίως
3203 1371 3473 1438 ἐνεγκεῖν,
3534 1371 3674 1440 πλὴν
3703 1373 3838 1426 ὅσον

2240 1463 2333 1513 ἐπὶ
2363 1464 2428 1530 τῇ
2468 1460 2590 1530 θεία
2619 1461 2851 1530 δυνάμει
2872 1463 2972 1530 τῆς
3003 1461 3218 1524 ἐλπίδος
3249 1462 3411 1533 ἡμῶν
3458 1463 3840 1517 ἀποσαλευού-

2241 1568 2359 1618 σης.
2396 1544 2718 1622 Εἰοῦνπερὶ
2772 1551 2938 1604 τέκνα
2997 1553 3258 1615 τοιοῦτοι,
3311 1553 3459 1617 τίνες
3537 1553 3605 1608 ἂν
3630 1555 3838 1623 εἴημεν

2239 1645 2378 1713 πρὸς
2398 1635 2638 1714 ἑτέρους.
2667 1641 2873 1707 καὶοῦς
2905 1645 2936 1712 ἡ
2964 1643 3074 1697 τῶν
3101 1645 3312 1698 τέκνων
3345 1647 3447 1700 οὐκ
3483 1642 3593 1700 οἶδε
3632 1648 3791 1715 τάξις
3817 1664 3836 1712 ;

2238 1737 2354 1789 ἀλλ’
2387 1737 2471 1789 δτι
2505 1736 2657 1807 μὲνὴ
2688 1736 2751 1807 σὴ
2785 1739 2999 1807 μνήμη,
3032 1738 3225 1792 τέκνον
3274 1739 3432 1810 ήμῶν
3464 1742 3632 1810 ἱερὸν,
3667 1744 3726 1794 ἐν
3755 1745 3831 1814 τῇ

2238 1830 2345 1900 ἐμῇ
2375 1829 2572 1900 καρδίᾳ
2603 1829 2691 1882 διὰ
2725 1833 2954 1894 παντὸς,
2985 1825 3126 1884 οἶδεν
3155 1833 3184 1885 δ
3213 1833 3428 1895 πλάσας
3455 1834 3630 1901 αὐτήν
3660 1851 3674 1864 ·
3699 1835 3836 1887 ἐπεὶ

2235 1921 2293 1975 δὲ
2316 1921 2423 1975 ἀπὸ
2453 1921 2562 1974 τῶν
2614 1921 2966 1992 γραμμάτων
2996 1921 3337 1993 συμϐάλλεις
3386 1925 3486 1995 τὴν
3546 1925 3840 1996 ἡμετέραν

555 1993 747 2057 semel,
785 1993 877 2048 sed
912 1991 995 2048 bis
1025 1989 1077 2047 et
1110 2003 1213 2059 ter,
1251 1995 1527 2064 quamvis,
1563 2003 1624 2049 ut
1683 1995 1918 2058 videtur,
1958 2009 2128 2062 usque

2240 2013 2515 2085 στοργὴν,
2570 1989 2682 2067 ίσθι
2736 1989 2882 2085 μηδὲ
2932 1989 3129 2067 τούτου
3190 2016 3340 2086 ἡμᾶς
3396 1989 3839 2087 διήμεληκότας.

555 2085 622 2139 ad
683 2094 733 2139 te
789 2085 1037 2155 epistolae
1073 2101 1182 2141 non
1239 2095 1628 2158 pervenerunt,
1687 2101 1811 2143 cum
1860 2102 2038 2156 neque
2078 2087 2130 2140 in

556 2187 700 2230 terra
724 2177 900 2231 aliena
928 2180 1448 2248 peregrinationem,
1469 2196 1647 2251 neque
1683 2180 1832 2235 aliud
1852 2179 2130 2249 quidpiam

552 2272 708 2340 quasi
745 2272 1036 2328 oblivionis
1071 2289 1294 2329 causam
1343 2274 1570 2344 allegas.
1606 2276 1880 2338 Attamen,
1926 2274 1996 2326 ﬁli
2035 2272 2130 2334 mi,

552 2365 768 2419 etiamsi
799 2367 869 2418 ita
929 2375 1100 2428 esset,
1135 2367 1424 2435 oportebat
1461 2377 1513 2421 te
1553 2368 1824 2437 conjicere
1872 2365 2128 2419 ardorem

555 2464 756 2508 nostrae
789 2455 1012 2510 humilis
1040 2457 1258 2521 animas,
1290 2467 1344 2512 et
1370 2473 1437 2512 ea
1468 2474 1589 2528 quae
1618 2473 1720 2512 nos
1751 2471 1967 2525 semper
1996 2455 2133 2510 dcti~

552 2555 682 2600 nent
709 2559 927 2616 propter
949 2549 1148 2603 delicta
1173 2558 1362 2605 nostra
1400 2551 1452 2604 in
1482 2550 1896 2605 excusationem
1932 2548 2132 2602 habere

551 2639 698 2704 quod
736 2655 840 2692 nou
903 2642 1187 2709 acceperis
1237 2641 1546 2711 epistolam,
1598 2657 1704 2713 non
1758 2650 1942 2696 autem
1998 2639 2129 2693 illud

550 2731 766 2786 crimini
805 2741 1037 2796 vertere.
1095 2731 1364 2790 Novimus
1397 2735 1542 2788 enim
1603 2743 1657 2788 te
1707 2748 1928 2802 quoque
1985 2732 2128 2785 inter

548 2824 960 2881 vicissitudines
984 2827 1268 2883 ambutare
1327 2838 1380 2882 et
1409 2825 1823 2881 tribulationum
1851 2827 2128 2900 fornacem

549 2916 784 2986 experiri
810 2935 826 2983 ;
858 2919 950 2972 sed
985 2927 1206 2973 nostras
1237 2934 1325 2974 res
1356 2934 1479 2974 esse
1514 2919 1620 2975 illis
1647 2935 1768 2988 quae
1802 2929 1852 2973 te
1882 2918 2128 2972 circum-

549 3005 776 3059 veniunt
811 3007 1153 3062 molestiores
1195 3024 1302 3062 non
1349 3009 1594 3078 negabis.

621 3290 726 3348 Sed
756 3291 823 3347 de
854 3292 938 3348 his
967 3293 1165 3362 quibus
1214 3310 1315 3364 ego
1347 3305 1399 3348 et
1451 3303 1503 3349 tu
1534 3294 1716 3350 amicti
1760 3309 1953 3348 smnus
1991 3293 2128 3348 nihil

2239 2105 2608 2174 ’Ἐγράῲαμεν
2637 2104 2746 2176 γὰρ
2785 2105 2884 2175 οὐχ
2907 2104 3078 2171 ἅπαξ,
3115 2104 3253 2159 ἀλλὰ
3287 2107 3380 2161 καὶ
3403 2105 3507 2168 δὶς,
3544 2104 3639 2158 καὶ
3679 2105 3838 2174 τρὶς,

2240 2201 2288 2252 εί
2327 2198 2442 2260 καὶ,
2471 2197 2548 2259 ὡς
2577 2197 2748 2259 ἔοικε,
2788 2198 2953 2269 μέχρι
2982 2197 3078 2252 σοῦ
3117 2198 3190 2252 ea
3215 2197 3503 2267 γραφέντα
3551 2197 3675 2268 (μὴ)
3710 2198 3839 2267 8d}-

2238 2305 2380 2353 XStO_
2419 2287 2560 2341 ὥστε
2597 2290 2735 2358 μήτε
2791 2288 2891 2357 τὴν
2949 2286 3008 2339 ἐν
3059 2285 3319 2357 ἀλλοτρίᾳ
3362 2289 3432 2356 γῇ
3487 2284 3837 2354 ἀποδημίαν,

2242 2381 2382 2451 μήτε
2423 2380 2550 2435 ἄλλο
2577 2398 2627 2432 τι
2659 2379 2800 2450 πρὸς
2849 2377 3031 2433 αἰτίαν
3083 2377 3258 2450 λήθης
3313 2381 3450 2448 ἡμῖν
3505 2378 3834 2447 ἀναφέρεες.

2239 2473 2348 2525 Καί
2385 2491 2489 2536 τοι,
2524 2473 2722 2526 τέκνον
2751 2472 2935 2542 ἡμῶν,
2971 2472 3018 2524 εἰ
3049 2475 3146 2525 καὶ
3173 2469 3332 2524 τοῦτο
3362 2466 3452 2542 ἦν,
3483 2471 3590 2524 ἔδει
3618 2480 3673 2520 σε
3699 2471 3839 2522 ἀνα-

2235 2565 2590 2634 λογιζόμενον
2620 2565 2718 2636 τὴν
2753 2565 2928 2633 φλόγα
2959 2566 3062 2633 τῆς
3097 2565 3239 2634 ἐμῆς
3286 2567 3559 2634 ταπεινῆς
3617 2563 3828 2632 ψυχῆς,

2238 2661 2331 2712 καὶ
2362 2660 2430 2711 τά
2463 2658 2758 2728 συνέχοντα
2793 2657 2882 2710 διὰ
2907 2659 3006 2721 τὰς
3034 2659 3312 2728 ἁμαρτίας
3344 2658 3522 2728 ἡμῶν,
3569 2660 3647 2721 εἰς
3689 2674 3835 2723 συγο

2235 2751 2464 2824 γνώμην
2519 2752 2703 2806 δοῦναι
2756 2753 2816 2803 τὸ
2862 2753 2937 2823 μὴ
2973 2752 3231 2820 δέξασθαι
3281 2755 3538 2825 γράμμα,
3579 2751 3714 2805 ἀλλά
3750 2752 3830 2823 μὴ

2236 2847 2496 2916 ἔγκλησιν
2529 2846 2687 2901 τοῦτο
2712 2847 3006 2901 ποιεῖσθαι.
3036 2848 3275 2917 Οἴδαμεν
3301 2844 3394 2902 οὖν
3422 2849 3502 2900 ὅτι
3536 2847 3630 2900 καὶ
3659 2846 3830 2909 αὐτὸς

2235 2942 2333 3013 τὴν
2367 2941 2477 2996 τῶν
2532 2941 2914 3012 περιστάσεων
2979 2941 3229 3004 ἐλαύνεις
3295 2941 3548 3012 πορείαν,
3582 2940 3681 2992 καὶ
3723 2939 3832 3007 τῆς

2236 3033 2470 3104 καμίνου
2506 3033 2616 3086 τῶν
2640 3033 2874 3102 θλίψεων
2901 3037 3096 3105 πεῖραν
3125 3027 3449 3102 λαμϐάνεις.
3482 3031 3643 3084 Ἀλλὰ
3669 3030 3729 3082 τό
3761 3047 3831 3098 γε

2235 3126 2509 3197 ἡμέτερον
2539 3124 2650 3178 οὐδ’
2694 3125 2858 3188 αὐτὸς
2904 3124 2971 3178 ἂν
3018 3124 3316 3192 ἀντείποις,
3343 3125 3420 3188 ὠς
3450 3124 3572 3196 οὐχὶ
3618 3123 3726 3176 τῶν
3761 3139 3827 3176 σε

2237 3217 2754 3290 περιστοιχιζόντων
2790 3217 3239 3288 ὲπωδυνώτερον.

2322 3313 2483 3366 Ἀλλὰ
2543 3313 2672 3382 περὶ
2725 3306 2800 3366 ὧν
2850 3313 2962 3382 ἐγώ
3017 3327 3076 3366 τε
3105 3313 3203 3366 καί
3235 3313 3298 3366 σὺ
3329 3311 3704 3382 λελυπήμεθα,
3748 3309 3833 3382 μὴ

552 3387 808 3456 amplius.
843 3383 966 3441 Haec
1001 3398 1180 3442 autem
1208 3389 1388 3442 scribo
1419 3403 1540 3457 qua:
1575 3403 1813 3458 przesens
1839 3386 2038 3440 audisti
2078 3394 2128 3440 et

2239 3406 2402 3460 πλέον
2437 3406 2697 3477 εἰρήσθω.
2745 3408 2964 3462 Ἐκεῖνα
2992 3407 3050 3462 δέ
3081 3425 3165 3460 σοι
3189 3407 3379 3461 λοιπὸν
3409 3407 3608 3478 γράφω
3653 3406 3688 3460 ἃ
3726 3381 3833 3459 καί

551 3482 750 3534 absens
781 3479 960 3544 audis,
995 3478 1238 3535 dictante
1306 3480 1511 3550 Spiritu
1539 3488 1754 3542 sancto,
1787 3494 1980 3550 nempe
2017 3492 2126 3534 non

548 3589 670 3626 esse
699 3572 1008 3642 condignas.
1037 3573 1321 3644 passiones
1358 3573 1520 3644 hujus
1565 3573 1828 3643 temporis
1863 3573 1929 3626 ad
1975 3573 2131 3626 futu-

552 3679 666 3717 ram
702 3664 935 3732 gloriam
965 3679 1088 3734 qum
1123 3665 1452 3722 revelabitur
1479 3667 1529 3719 in
1557 3667 1739 3720 nobis.
1793 3667 1860 3720 Et
1915 3673 2126 3718 tantum

548 3761 704 3810 abest
733 3765 792 3809 ut
820 3757 1036 3811 doleam
1080 3757 1147 3811 de
1176 3757 1262 3812 his
1289 3773 1410 3826 quae
1437 3758 1576 3812 dicis
1604 3757 1846 3825 regionis
1879 3757 2132 3811 aﬁlictio-

547 3848 711 3903 nibus
735 3857 795 3903 ut
822 3864 852 3903 e
881 3860 1072 3904 contra
1105 3849 1384 3905 desiderio
1412 3860 1616 3906 tenear.
1646 3849 1713 3903 Et
1734 3853 1944 3904 utinam
1977 3850 2129 3904 auris

545 3942 638 3996 Dei
682 3957 848 4008 nunc,
875 3942 919 3997 si
961 3942 1104 3996 forte
1135 3959 1401 4013 unquam,
1435 3944 1696 4012 precibus
1732 3945 1868 3997 meis
1908 3941 2129 3995 humili-

544 4036 650 4089 bus
691 4035 960 4101 attendat,
1008 4043 1062 4090 et
1109 4037 1668 4091 communicationem
1733 4045 1951 4090 tuarum
1983 4049 2128 4089 aeru-

547 4143 798 4184 mnarum
833 4127 1129 4182 inveniam.
1178 4128 1497 4194 QuiiLenim
1539 4129 1595 4182 in
1628 4129 1752 4183 vita:
1797 4128 2128 4197 prosperita-

546 4219 696 4274 tibus
720 4220 808 4274 his
831 4220 1280 4275 tribulationibus
1299 4221 1729 4289 compa-randum
1757 4221 2128 4278 inveniretur?

545 4309 805 4374 Quanam
838 4327 900 4363 ex
927 4311 1006 4366 eis
1029 4325 1152 4379 quae
1182 4311 1339 4366 beata
1371 4321 1664 4368 censentur
1692 4311 1925 4369 felicitas
1956 4315 2127 4376 maui-

544 4402 787 4468 paranda
823 4391 966 4454 foret
1016 4401 1101 4455 his
1141 4418 1260 4471 quze
1310 4413 1380 4468 te,
1414 4402 1488 4458 ﬁli
1527 4405 1623 4472 mi,
1667 4405 1905 4476 aﬁligere
1939 4409 2130 4465 viden-

547 4492 672 4545 tur?
719 4491 969 4562 Magnam
1029 4494 1206 4548 sortiti
1281 4511 1473 4550 suinus
1540 4497 1770 4567 gratiam
1819 4513 1849 4552 a
1891 4499 2128 4570 benigno

545 4585 766 4640 Christo
810 4584 922 4641 Deo
965 4595 1155 4642 nostro
1184 4587 1280 4657 qui
1313 4588 1504 4644 dilexit
1542 4604 1664 4645 nos.
1697 4589 2127 4661 Magnitudinem

544 4678 663 4747 ejus
694 4679 1130 4745 consideremus,
1157 4695 1258 4734 nec
1285 4679 1642 4747 benefactori,
1669 4683 1714 4737 si
1748 4699 1857 4737 non
1885 4684 2122 4753 plenam,

544 4769 734 4824 saltem
759 4785 858 4840 pro
881 4771 1106 4832 viribus,
1128 4771 1518 4843 gratitudinem
1545 4773 1751 4828 referre
1776 4775 2122 4831 omittamus.

545 4857 650 4913 Sed
671 4875 778 4914 non
809 4862 966 4930 quasi
1008 4874 1420 4918 murmurantes
1449 4865 1644 4931 simus,
1672 4881 1771 4922 nec
1793 4867 2129 4938 magnitudi.

543 4966 664 5005 nem
695 4952 882 5020 gratiae
918 4953 1072 5006 nihili
1106 4953 1393 5012 faciamus.
1418 4956 1535 5021 Die,
1567 4957 1640 5011 ﬁli
1679 4959 1773 5022 mi,
1802 4959 1847 5012 si
1903 4961 2030 5028 quis
2057 4976 2125 5015 ex

543 5050 702 5097 terrae
733 5045 1050 5112 potentibus
1084 5055 1137 5102 te
1166 5048 1219 5102 in
1258 5049 1373 5104 suis
1397 5050 1684 5106 ordinibus
1719 5053 2124 5116 constituisset,

543 5134 724 5204 qualis
761 5134 1008 5195 fuisses?
1039 5139 1213 5206 Quam
1268 5142 1688 5211 dispositionem
1729 5147 2069 5214 suscepisses
2099 5148 2122 5198 ?

539 5227 697 5282 Nune
721 5236 903 5283 autem
935 5245 1042 5286 non
1067 5233 1304 5288 attendis
1329 5228 1604 5288 amantem
1633 5251 1735 5290 nos
1763 5235 2124 5304 Salvatorem,

538 5320 631 5391 qui
665 5323 1018 5392 semetipsum
1052 5325 1356 5381 exinanivit
1384 5342 1446 5381 ex
1477 5327 1766 5383 altitudine
1793 5330 1982 5398 gloriae
2009 5346 2124 5386 sum

538 5423 599 5468 ut
628 5414 866 5470 salvaret
922 5419 1068 5486 quod
1129 5419 1390 5486 perierat,
1423 5429 1478 5473 ct
1525 5435 1628 5474 eos
1676 5423 1769 5490 qui
1820 5423 1873 5476 iu
1926 5423 2121 5477 umbra

541 5509 838 5575 impietatis
872 5509 1134 5564 errabant
1182 5510 1237 5563 in
1282 5511 1460 5566 lucem
1508 5513 1768 5582 dirigeret
1801 5516 2041 5584 pietatis,
2072 5525 2123 5570 te

542 5599 598 5652 in
621 5601 751 5656 illud
778 5604 925 5672 quod
955 5604 1072 5672 ipse
1099 5604 1340 5674 suscepit
1376 5605 1743 5662 ministerium
1772 5610 2124 5678 produxisse,

543 5703 645 5746 nec
674 5706 840 5748 omne
871 5694 1157 5764 gaudium,
1191 5710 1408 5753 omnem
1442 5698 1686 5755 laetitiam
1723 5718 1841 5772 quae
1873 5703 1928 5756 in
1971 5717 2126 5757 men-

547 5788 654 5834 tem
687 5782 986 5841 humanam
1018 5789 1215 5845 cadere
1243 5789 1412 5858 possit
1449 5793 1710 5860 assumis,
1749 5810 1847 5850 nec
1875 5794 2121 5850 omnium

2237 3499 2434 3572 παρὼν
2491 3501 2755 3572 ἤκουσας,
2804 3502 2900 3555 καὶ
2965 3501 3122 3554 ἀπὼν
3161 3500 3383 3564 ἀκούεις
3415 3500 3510 3553 τοῦ
3553 3497 3831 3562 παναγίου

2239 3611 2322 3647 σοι
2355 3597 2671 3663 Πνεύματος
2719 3595 3062 3665 ὲνηχοῦντος,
3108 3595 3191 3647 ὅτι
3235 3595 3337 3648 οὐκ
3375 3593 3499 3658 ἄξια
3538 3595 3606 3646 τά
3650 3592 3832 3662 παθὴ·

2239 3703 2383 3756 ματα
2410 3686 2504 3739 τοῦ
2533 3687 2628 3739 νῦν
2659 3681 2855 3758 καιροῦ
2880 3687 3018 3758 πρὸς
3054 3688 3152 3756 τὴν
3194 3686 3499 3757 μέλλουσάν
3547 3701 3631 3737 σοι
3662 3684 3832 3748 δόξαν

2235 3779 2728 3834 ἀποκαλύπτεσθαι
2759 3796 2774 3812 ο
2822 3779 2917 3832 καὶ
2977 3779 3236 3832 τοσοῦτον
3277 3780 3470 3848 ἀπέχω
3499 3778 3596 3832 τοῦ
3632 3779 3829 3845 ἀλγεῖν

2233 3872 2320 3942 ἐφ’
2350 3867 2432 3934 οἷς
2475 3872 2658 3940 λέγεις
2690 3869 2960 3941 θλιὸεροῖς
2988 3872 3089 3940 τῆς
3114 3871 3322 3942 χώρας,
3357 3869 3500 3925 ὥστε
3535 3871 3631 3924 καὶ
3662 3869 3830 3936 εὖχος
3851 3870 3862 3878 ’

2235 3982 2356 4035 μαι.
2408 3965 2518 4017 Καὶ
2576 3965 2662 4033 εἴη
2694 3981 2758 4031 γε
2796 3965 2856 4017 τὸ
2890 3964 3032 4017 θεῖον
3057 3960 3151 4027 οὖς
3177 3966 3231 4016 εἴ
3259 3981 3391 4017 ποτε
3421 3966 3488 4034 τῇ
3525 3965 3630 4032 ἐμῇ
3663 3978 3830 4014 τετα-

2233 4055 2548 4127 πεινωμένῃ
2608 4055 2741 4126 εὐχῇ
2795 4054 2890 4108 νῦν
2957 4055 3251 4125 προσέχον,
3307 4055 3406 4108 καὶ
3453 4053 3673 4124 εὕροιμι
3718 4053 3830 4123 τὴν

2232 4146 2523 4200 κοινωνίαν
2571 4145 2682 4198 τῶν
2744 4146 2853 4198 σῶν
2921 4145 3178 4215 θλίψεων.
3211 4145 3279 4197 Τί
3309 4145 3421 4214 γὰρ
3467 4145 3580 4200 τῶν
3613 4147 3672 4198 ὲν
3718 4143 3829 4215 βίῳ

2230 4237 2639 4306 εὐφραινόντων
2669 4237 3062 4306 ἀντιτιμᾶσθαι
3093 4239 3215 4299 ταῖς
3238 4237 3531 4301 τοιαύταις
3569 4237 3829 4305 θλίψεσιν

2231 4330 2522 4402 εὑρεθείης
2561 4330 2700 4383 Ποία
2729 4329 2840 4382 τῶν
2905 4329 3244 4399 νομιζόντων
3306 4330 3645 4398 εὐδαιμόνων
3689 4331 3828 4382 ἀντ-

2230 4423 2382 4488 άξιος
2410 4420 2574 4491 ἡδονὴ
2606 4421 2820 4489 γένοιτο
2840 4421 2953 4482 τοῖς
2979 4421 3063 4484 σὲ,
3093 4419 3290 4472 τέκνον
3331 4420 3512 4491 ἡμῶν,
3561 4419 3828 4488 ἀλγύνειν

2229 4514 2451 4569 δοκοῦσι
2474 4529 2492 4580 ;
2517 4511 2783 4582 Μεγάλης
2811 4510 3085 4581 ἐλάχομεν
3135 4509 3290 4580 παρὰ
3325 4509 3421 4562 τοῦ
3451 4508 3829 4579 πεφιληκότος

2230 4607 2381 4674 ἡμᾶς
2421 4603 2807 4674 φιλανθρώπου
2830 4601 3070 4669 Χριστοῦ
3103 4602 3201 4656 καὶ
3223 4601 3362 4655 Θεοῦ
3383 4601 3547 4672 ἡμῶν
3569 4601 3821 4670 χάριτοςυ

2231 4696 2292 4748 τὸ
2325 4694 2614 4766 μεγαλεῖον
2631 4695 2800 4764 αὐτῆς
2824 4693 3118 4763 ἐννοῶμεν,
3152 4694 3247 4746 καὶ
3279 4687 3355 4762 τῷ
3376 4693 3646 4766 εὐεργέτῃ
3676 4693 3826 4746 κατά

2232 4789 2468 4858 δύναμιν
2493 4787 2594 4857 τὴν
2625 4787 3006 4857 εὐχαριστίαν,
3038 4788 3088 4840 εί
3135 4785 3231 4840 καὶ
3267 4785 3342 4858 μὴ
3392 4786 3493 4848 τὴν
3524 4786 3826 4856 ὀφειλομέ-

2233 4897 2354 4950 νην,
2397 4879 2744 4943 ἀποδιδόντες
2799 4879 2875 4950 μὴ
2927 4880 3210 4950 λήγωμεν.
3275 4879 3438 4933 Ἀλλὰ
3496 4881 3570 4950 μὴ
3625 4879 3826 4952 ὥσπερ

2232 4967 2748 5036 καταγογγύζοντες
2776 4961 2951 5038 ὦμεν,
2983 4970 3080 5022 καὶ
3105 4969 3166 5022 τὸ
3197 4969 3430 5038 μέγεθος
3460 4969 3561 5040 τῆς
3592 4971 3826 5040 χάριτος

2229 5058 2385 5130 παρά
2422 5058 2627 5128 φαῦλον
2659 5058 2966 5129 ποιώμεθα.
2995 5060 3154 5124 Eine,
3184 5062 3374 5114 τέκνον
3403 5060 3588 5130 ἡμῶν,
3629 5061 3684 5112 εί
3735 5061 3827 5124 τίς

2232 5169 2292 5207 σε
2325 5153 2436 5205 τῶν
2471 5153 2564 5206 ἐπὶ
2609 5153 2714 5222 γῆς
2765 5154 2914 5223 μέγα
2971 5153 3292 5222 δυναμένων
3341 5155 3422 5217 εἰς
3470 5153 3570 5223 τὴν
3616 5153 3864 5205 ἑαυτοῦ·

2231 5243 2542 5314 κατέστησε
2579 5243 2756 5309 τάξιν,
2812 5243 2895 5304 τίς
2925 5244 2992 5296 ἂν
3019 5243 3211 5312 ἐγένου
3237 5257 3252 5307 ;
3278 5244 3374 5296 καὶ
3407 5244 3571 5296 ποίαν
3593 5241 3662 5295 ἂν
3690 5242 3823 5294 διά-

2231 5334 2382 5388 θεσιν
2411 5334 2678 5390 ἀνελάδου
2709 5353 2725 5401 ;
2757 5319 2892 5390 Εἷτᾶ
2943 5338 3042 5389 οὐκ
3072 5338 3300 5401 ἐννοεῖς,
3327 5337 3407 5392 ὡς
3447 5338 3477 5389 ὁ
3505 5333 3820 5403 φιλάνθρω-

2230 5444 2330 5489 πος
2352 5427 2512 5498 ἡμῶν
2558 5427 2750 5497 Σωτὴρ
2785 5429 2812 5481 ὁ
2843 5427 3094 5489 κενώσας
3151 5429 3348 5481 ἑαυτὸν
3401 5426 3461 5491 ἐξ
3519 5424 3688 5495 ὕψους
3715 5423 3818 5496 τῆς

2226 5518 2388 5589 δόξης
2438 5519 2628 5586 αὑτοῦ,
2659 5518 2748 5572 ἴνα.
2802 5519 2864 5572 τὸ
2900 5517 3186 5583 ἀπολωλὸς
3248 5518 3422 5590 σώσῃ,
3477 5519 3566 5570 ἴνα
3593 5519 3722 5580 τοὺς
3753 5519 3816 5572 ὲν

2229 5613 2412 5665 σκότει
2480 5613 2870 5682 πλανωμένους
2924 5613 3024 5681 τῆς
3091 5613 3351 5676 ἀσεϐείας
3411 5612 3550 5682 πρὸς
3583 5612 3643 5665 τὸ
3691 5611 3813 5680 φῶς

2228 5703 2474 5774 δδηγήαῃ
2497 5703 2600 5773 τῆς
2621 5704 3013 5769 εὐσεϐείας,είς
3034 5703 3104 5773 ἢν
3127 5702 3290 5766 αὐτὸς
3317 5702 3490 5757 είλετο
3507 5702 3809 5768 διακονίαν,

2231 5794 2309 5858 εἰς
2333 5792 2542 5864 ταύτην
2573 5811 2633 5847 σε
2659 5794 3002 5866 προύϐάλετο
3035 5797 3128 5850 καὶ
3162 5798 3348 5850 πᾶσαν
3375 5796 3574 5866 χαρὰν,
3633 5794 3813 5847 πᾶσαν
