4152 6432
501 259 607 324 2i“!

1644 249 1958 316 NICOLAI
1995 251 2107 315 CP.
2147 249 2665 314 PATRIARCH/E

3659 245 3756 313 943

505 381 558 425 et
600 367 839 425 maxime
881 366 927 423 si
969 365 1043 423 ita
1080 365 1455 422 inobedieutes
1500 364 1570 421 de
1600 366 1933 436 primoribus
1968 367 2079 422 sint

2196 367 2374 437 (εσθαι
2417 364 2813 438 μακροθύμως,
2846 362 2940 417 καί
2977 359 3212 432 μάλιστα
3246 357 3357 414 τῶν
3388 357 3755 413 ἀπειθούντων

510 461 716 531 ροιιιιιὶ,
751 470 807 515 et
839 473 949 513 non
979 472 1045 513 ex
1079 458 1359 528 subjectis,
1386 456 1481 513 sed
1517 471 1580 512 ex
1604 458 1892 527 imperium
1919 472 2082 513 exer-

507 552 782 607 centibus.
836 549 973 605 Nam
1007 549 1064 604 itt
1097 550 1386 605 inferiores
1415 549 1629 618 quidem
1663 547 1845 603 forsan
1900 548 2081 603 acrius

499 653 554 697 et
586 639 961 696 vehementius
993 638 1178 693 invehi
1205 638 1302 693 tibi
1330 639 1411 693 fas
1437 645 1540 693 est.
1572 636 1676 704 Qui
1710 648 1890 692 autem
1925 637 2079 691 mul-

502 743 618 788 tum
653 740 898 801 potentes
933 739 1062 785 sunt
1100 730 1363 785 adversus
1392 730 1574 784 omnis
1608 729 1793 800 populi
1823 730 2078 795 salutem,

2185 460 2287 528 τῆς
2319 458 2659 530 ὑψηλοτέρας
2688 454 2895 522 τάξεως
2922 454 3017 508 τοῦ
3040 453 3225 517 ἔθνους
3247 452 3632 524 ὑπαρχόντων,
3666 454 3753 505 καὶ

2188 553 2250 606 οὑ
2302 552 2413 605 τῶν
2440 551 2798 623 ἀρχομένων,
2852 548 2991 602 ἀλλά
3055 547 3164 600 τῶν
3229 546 3419 618 ἄρχειν
3461 545 3764 615 λαχόντων.

2187 642 2333 714 Πρὸς
2367 645 2463 712 μὲν
2489 645 2597 713 γὰρ
2620 642 2745 705 τοὺς
2776 639 3123 712 ὑποχειρίους
3149 638 3312 708 τυχὸν
3363 637 3457 689 καὶ
3483 636 3755 705 αὐστηρό-

2187 752 2346 806 τερον
2373 735 2469 788 καὶ
2491 732 3050 803 ὲξουσιαστικὼτερον
3077 733 3305 786 δυνατόν
3353 745 3435 783 σοι
3468 743 3741 799 προσενεχ

503 823 817 881 necessario
849 823 1144 878 videndum
1199 831 1283 877 est
1340 836 1408 877 ne
1444 835 1696 890 aspertus
1747 836 1848 877 nus
1880 822 1935 874 in
1984 835 2081 875 eos

2196 825 2361 895 ἰῆναι,
2417 825 2513 880 καὶ
2573 824 2635 878 τὸ
2687 824 2950 894 ἀτόπημα
3001 823 3271 893 μηδαμῶς
3326 818 3754 883 καταδέξασθαι.

508 927 755 987 agentes,
781 916 987 973 incauti
1012 930 1106 971 eos
1128 914 1365 984 denique
1393 928 1804 984 exasperemus,
1853 921 2082 967 cuncta-

504 1024 613 1077 que
645 1023 861 1064 sursum
894 1009 1149 1062 deorsum
1185 1016 1486 1059 vertamus.

2179 916 2323 984 Πρὸς
2354 915 2411 969 δὲ
2448 915 2578 978 τοὺς
2606 913 2750 983 μέγα
2782 912 3117 983 δυναμένους
3169 913 3247 975 εἰς
3302 911 3622 964 ἐναντίωσιν
3652 908 3757 978 τῆς

2176 1007 2270 1060 τοῦ
2302 1007 2507 1070 παντὸς
2532 1005 2720 1069 ἔθνους
2746 1006 3022 1077 σωτηρίας
3053 1005 3268 1076 ἀνάγκη
3313 1003 3651 1072 λογίζεσθαι,
3687 1002 3763 1071 μή

507 1119 625 1166 πως
647 1100 990 1173 τραχύτερον
1014 1099 1173 1169 ήμῶν
1207 1099 1344 1169 πρὸς
1406 1099 1604 1162 αὐτοὺς
1654 1100 2072 1170 διατιθεμένων,
2115 1101 2370 1172 λήσωμεν
2435 1099 2634 1165 αὐτοὺς
2691 1100 2877 1153 τέλεον
2904 1099 3366 1169 ὲξαγριώσαντες,
3398 1098 3494 1150 καὶ
3523 1095 3634 1150 ἀνω
3669 1112 3770 1170 καὶ

505 1194 658 1248 κάτω
684 1193 747 1247 τὸ
772 1193 880 1246 πᾶν
914 1191 1382 1260 καταστήσαντες.

573 1300 710 1359 Llll.
742 1300 941 1355 Joanni
987 1302 1321 1356 sanctissimo
1354 1304 1587 1372 antiqua:
1620 1303 1798 1358 Ruina:
1833 1302 2014 1373 f’apm.

570 1488 700 1554 Quae
747 1485 906 1541 nobis
935 1484 1264 1548 acciderint,
1300 1484 1613 1539 beatissime
1643 1482 1830 1545 frater,
1865 1493 2087 1553 prepter

500 1586 723 1647 peccata
774 1584 960 1633 nostra
1002 1575 1096 1647 (ita
1146 1575 1291 1629 enim
1331 1575 1462 1629 mihi
1499 1576 1830 1645 loquendum
1877 1583 1979 1640 est,
2032 1581 2087 1627 et

2183 1303 2311 1357 NI".
2360 1302 2613 1371 Ἰωάννῃ
2647 1301 2727 1367 τῷ
2749 1300 3049 1371 ἁγιωτάτῳ
3078 1299 3254 1367 Πάπῃ
3292 1298 3403 1367 τῆς
3445 1298 3781 1368 πρεσϐυτέ-

2726 1370 2841 1440 ρας
2894 1370 3122 1441 Ῥώμης
3147 1373 3245 1440 (ll-

2257 1486 2398 1540 ’Όσα
2423 1486 2556 1554 ἡμῖν
2591 1485 2896 1555 ἀπήντησε,
2936 1481 3324 1554 μακαριώτατε
3360 1482 3521 1553 ήμῶν
3552 1482 3779 1552 ἀδελφὲ,

2189 1581 2280 1635 διὰ
2310 1579 2410 1643 τάς
2444 1577 2724 1648 ἁμαρτίας
2776 1576 2935 1647 ἡμῶν
2991 1576 3159 1646 (οὕτω
3187 1575 3295 1647 γάρ
3324 1576 3426 1647 ἐμὲ
3455 1576 3536 1629 δεῖ
3566 1576 3779 1643 λέγειν,

501 1671 708 1740 qumvis
745 1670 849 1723 alia
884 1683 1053 1724 causa
1082 1666 1315 1722 inferior
1348 1676 1431 1721 est
1474 1667 1633 1736 culpa
1668 1666 1881 1736 nostra)
1928 1674 2078 1720 tuam

2196 1677 2279 1730 καί
2308 1675 2664 1746 ὑποχωρείτω
2695 1675 2728 1744 ἡ
2759 1672 2866 1726 τῶν
2890 1672 3067 1727 ἄλλων
3107 1671 3257 1725 αἰτία
3286 1672 3386 1741 τῆς
3427 1672 3548 1724 καθ’
3606 1670 3779 1741 ήμῶν

506 1762 858 1817 sanctitatem
895 1759 1082 1831 fugere
1123 1775 1230 1814 non
1272 1760 1529 1822 arbitror,
1575 1774 1752 1828 neque
1782 1758 2079 1813 novissima

507 1868 630 1922 qtne
662 1853 714 1906 in
749 1862 935 1908 nostra
966 1853 1209 1908 Ecclesia
1241 1862 1544 1907 evenerunt
1571 1852 1850 1916 scandala,
1883 1867 2078 1922 parum

504 1946 804 2016 abestquin
828 1947 1005 2001 dicam
1033 1945 1305 2001 veteribus
1329 1946 1603 2013 graviora,
1632 1959 1733 1999 nec
1766 1945 1931 2000 ullam
1970 1945 2082 1999 fere

504 2038 797 2093 solutionis
849 2053 1024 2108 spem,
1071 2038 1261 2093 saltem
1288 2050 1553 2109 quantum
1599 2039 1650 2093 in
1706 2040 1929 2095 homine
1977 2048 2082 2105 est,

503 2130 822 2201 praebentia.
853 2128 1022 2201 igitur
1052 2140 1311 2200 tanquam
1333 2131 1524 2186 scienti
1549 2131 1720 2187 satius
1743 2133 1874 2187 duxi
1894 2148 1953 2188 ea
1978 2148 2084 2187 non

504 2224 770 2289 scribere,
805 2236 1038 2291 quorum
1076 2222 1196 2276 sine
1230 2222 1367 2277 meis
1403 2223 1598 2279 litteris
1636 2240 1742 2279 non
1768 2238 1825 2279 es
1846 2224 2083 2280 nescius.

506 2314 920 2385 Supervacuum
946 2314 1113 2379 enim,
1159 2328 1227 2368 ne
1258 2314 1434 2368 dit-am
1473 2330 1694 2383 vanum,
1726 2331 1850 2371 eum
1887 2315 2086 2371 docere

504 2408 597 2478 qui
622 2422 728 2462 non
763 2406 980 2475 indiget
1006 2413 1065 2459 ut
1087 2406 1369 2477 doceatur.
1405 2405 1520 2462 Hoc
1552 2418 1732 2462 autem
1766 2409 2088 2464 scriltotan-

505 2510 644 2563 tum,
685 2482 899 2553 scilicet
927 2499 1217 2553 tumultum
1248 2498 1508 2555 Ecclesia:
1539 2509 1743 2556 nostra:
1782 2500 1896 2570 jam
1924 2502 2089 2572 quin-

507 2591 691 2645 decim
735 2589 934 2644 abhinc
989 2604 1169 2656 annts,
1219 2604 1323 2660 pax
1354 2604 1477 2660 quae
1515 2601 1810 2661 exsuperat
1861 2606 2080 2646 omnem

510 2698 733 2738 sensum
762 2682 1026 2736 Dominus
1054 2690 1240 2736 noster
1271 2692 1327 2737 et
1375 2681 1515 2739 Deus
1543 2680 1703 2739 Jesus
1736 2684 1991 2741 Christus
2030 2690 2085 2740 in

506 2776 746 2844 quietem
776 2773 1049 2837 dissolvit,
1078 2780 1130 2827 cl
1158 2773 1437 2828 horridam
1471 2783 1874 2843 tempestatem,
1906 2779 2092 2847 inspe-

507 2877 681 2922 ratam
710 2868 1047 2923 sedationem
1081 2868 1330 2921 sertitam
1363 2866 1513 2939 (quis
1541 2868 1860 2937 Deijudicia
1913 2878 2093 2941 potest

506 2957 741 3015 scrutari
766 2958 807 3027 ?)
835 2957 886 3011 itt
920 2958 1086 3012 altam
1117 2958 1567 3028 tranquillitatem
1594 2960 1778 3015 subito
1802 2963 2089 3027 convertit,

2188 1769 2474 1841 ἐπηρείας)
2558 1767 2656 1838 τὴν
2720 1765 2819 1836 σὴν
2894 1764 3209 1834 ἁγιωσύνην
3265 1763 3635 1834 ὑπολαμδάνω
3696 1763 3782 1833 μὴ

2187 1863 2427 1929 ἀγνοεῖν,
2480 1858 2602 1912 οὐδὲ
2639 1858 2707 1912 τὰ
2754 1861 2814 1912 ὲν
2856 1860 2922 1927 τῇ
2957 1856 3079 1909 καθ’
3110 1858 3260 1927 ἡμᾶς
3304 1855 3605 1925 Ἐκκλησία
3630 1871 3778 1923 συμ-

2188 1954 2461 2023 6ε6ηκότα
2489 1950 2729 2019 νεώτερα
2766 1949 2866 2018 μὲν
2898 1947 3192 2011 σκάνδαλα,
3236 1946 3436 2016 μικροῦ
3489 1946 3545 1998 δὲ
3590 1946 3780 1999 εἰπεῖν

2189 2047 2405 2101 ἀποδέω
2436 2045 2545 2099 τῶν
2571 2042 2815 2097 παλαιῶν
2849 2042 3152 2113 βιαιότερα,
3206 2040 3301 2094 καὶ
3352 2039 3453 2093 οὐκ
3519 2038 3586 2092 ἀν
3641 2054 3783 2089 ποτε

2187 2139 2398 2201 λύσεως
2428 2135 2618 2189 ἐλπίδα
2657 2133 2991 2204 παρέχοντα,
3027 2131 3130 2184 ὅσα
3182 2145 3247 2199 γε
3302 2129 3372 2182 τά
3425 2125 3780 2198 ἀνθρώπινα.

2202 2234 2290 2296 Ὠς
2319 2225 2412 2285 οῦν
2447 2229 2582 2300 πρὸς
2618 2227 2819 2291 εἰδότα,
2860 2223 3196 2295 παραλιπεῖν
3256 2220 3422 2274 καλὸν
3470 2218 3785 2288 ἡγησάμην

2187 2326 2249 2378 τὸ
2274 2324 2539 2395 γράφειν,
2566 2320 2603 2375 ἀ
2641 2318 2738 2374 καὶ
2772 2317 2868 2372 τοῦ
2896 2316 3226 2388 γράμματος
3254 2314 3426 2385 χωρὶς
3450 2310 3511 2364 οὑ
3545 2308 3783 2378 λέληθεν

2193 2418 2359 2488 ὑμᾶς.
2399 2412 2663 2485 Περιττὺν
2692 2413 2821 2481 γὰρ,
2855 2410 2942 2463 ῖνα
2971 2409 3047 2479 μὴ
3102 2408 3251 2473 λέγω
3311 2405 3563 2475 μάταιον,
3632 2400 3788 2454 διδά-

2193 2526 2347 2564 σκειν
2377 2509 2466 2562 τὸν
2490 2508 2548 2570 ὃς
2578 2506 2637 2559 οὑ
2679 2504 2853 2557 δεῖται
2890 2500 3185 2570 μανθάνειν
3236 2497 3299 2551 τὸ
3325 2497 3586 2566 δίδαγμα.
3632 2492 3786 2564 Γρά-

2193 2620 2367 2673 φομεν
2389 2601 2446 2654 δὲ
2478 2600 2640 2653 τοῦτο
2710 2596 2893 2667 μόνον,
2946 2592 3023 2656 ὡς
3077 2592 3170 2645 τὸν
3216 2590 3458 2660 τάραχον
3507 2588 3607 2655 τῆς
3650 2583 3787 2639 καθ’

2193 2695 2342 2764 ἡμᾶς
2406 2689 2739 2759 Ἕκκλησίας
2821 2687 2930 2740 ἰδοὺ
3000 2681 3503 2739 πεντεκαιδέκατον
3562 2678 3681 2741 ἔτος
3746 2677 3785 2747 ἠ

2195 2788 2540 2856 ὑπερέχουσα
2593 2781 2772 2835 πάντα
2836 2778 2964 2832 νοῦν
3014 2777 3236 2848 εἰρήνη,
3282 2777 3310 2828 ὁ
3371 2773 3574 2844 Κύριος
3622 2768 3789 2840 ήμῶν

2206 2876 2415 2947 Ἰησοῦς
2441 2875 2469 2927 ὁ
2498 2871 2739 2942 Χριστὸς
2766 2872 2862 2925 καί
2896 2869 3052 2933 Θεὸς,
3086 2869 3166 2931 εἰς
3194 2866 3254 2919 τὸ
3288 2865 3567 2935 ἀτάραχον
3604 2859 3789 2914 διελύ-

2196 2982 2353 3028 σατο,
2396 2964 2492 3016 καὶ
2520 2961 2622 3031 τὴν
2640 2959 2822 3030 δεινὴν
2850 2957 3172 3025 καταιγίδα,
3201 2955 3299 3011 καὶ
3333 2955 3468 3027 πρὸς
3505 2953 3565 3006 τὸ
3621 2951 3792 3007 ἀνέλ-

508 3052 661 3107 nulla
707 3060 1077 3120 consequente
1118 3066 1361 3105 mrumna
1391 3092 1406 3119 ,
1442 3052 1657 3123 qualem
1693 3067 1835 3122 saepe
1866 3068 1953 3108 res
1987 3053 2090 3107 htt-

2196 3073 2388 3109 πιστον
2405 3054 2504 3123 τὴν
2545 3052 2942 3123 καταστόρεσιν
2964 3050 3336 3122 κεκτημένην.
3373 3048 3492 3117 (Τίς
3548 3044 3615 3099 ἀν
3664 3042 3795 3109 ἑξε-

508 3159 685 3199 msztm
711 3151 913 3215 cogunt
949 3150 1147 3213 praeter
1176 3143 1490 3213 opinionem
1525 3145 1880 3214 supervenire
1923 3144 2085 3199 alicui

510 3232 751 3295 eventui,
787 3247 962 3302 neque
1019 3232 1130 3285 ullo
1159 3233 1210 3286 in
1244 3234 1679 3302 experimentum
1707 3234 1884 3303 posito
1914 3235 2091 3288 tribu-

509 3321 736 3377 lationis
769 3329 863 3375 aut
924 3325 1216 3392 angustiae,
1243 3332 1519 3376 extraneae
1550 3323 1796 3392 inquam,
1842 3326 2091 3394 proprio-

512 3436 632 3474 rum
668 3420 1038 3489 spoliationis,
1078 3418 1226 3473 illius
1273 3419 1483 3474 scilicet
1512 3419 1652 3474 alius
1684 3419 1917 3473 miseria:
1965 3432 2090 3487 quae

510 3510 781 3565 dominari
807 3510 947 3565 solet
995 3511 1050 3565 iu
1075 3510 1370 3574 rationem,
1400 3518 1453 3563 et
1476 3517 1672 3581 praeter
1693 3510 2087 3566 conscientiam

512 3602 655 3671 cogit
698 3602 1008 3673 quempiam
1031 3602 1341 3655 necessitati
1382 3604 1592 3657 cedere.
1628 3602 1730 3656 Sed
1768 3603 1939 3672 gratia
1971 3600 2088 3668 Dei,

2198 3146 2463 3219 ρευνήσαι
2496 3146 2635 3199 Θεοῦ
2684 3145 2929 3217 κρίματα
2960 3142 3001 3214 ς)
3062 3143 3227 3214 πρὸς
3257 3140 3482 3211 βαθεῖαν
3540 3135 3792 3205 γαλήνην

2194 3239 2392 3312 ἀθρόον
2450 3238 2779 3308 μετήνεγκε,
2869 3235 3101 3306 μηδενὸς
3187 3228 3788 3304 παρακολουθήσαντος

2194 3331 2512 3403 δυσχεροῦς,
2551 3326 2641 3384 οἶα
2670 3328 2934 3389 πολλάκις
2965 3326 3027 3380 τὸ
3068 3323 3415 3397 ἀνθρώπινον
3466 3318 3791 3384 ἐκϐιάζεται

2198 3426 2351 3498 παρά
2371 3424 2597 3495 γνώμην
2621 3421 2985 3494 συνέρχεσθαι
3014 3421 3093 3492 τῷ
3139 3419 3433 3488 γινομένῳ,
3463 3416 3587 3469 ούδέ
3640 3430 3793 3477 τινος

2199 3516 2571 3578 καταστάντος
2622 3514 2705 3577 εἰς
2750 3515 2949 3585 πεῖραν
3000 3510 3233 3580 θλίψεως
3295 3507 3330 3578 ἦ
3396 3502 3789 3575 στενοχωρίας,

2200 3607 2501 3678 ὑπερορίας
2523 3606 2688 3677 φημὶ,
2720 3604 2830 3658 τῶν
2853 3603 3071 3658 οἰκείων
3103 3599 3555 3671 ἀποστερήσεως,
3592 3595 3793 3648 ταλαι-

512 3693 670 3763 quasi
713 3707 779 3746 ex
816 3707 921 3745 una
963 3691 1325 3745 conventione
1376 3692 1526 3763 (quid
1582 3694 1706 3748 dico
1736 3709 1800 3748 ex
1854 3694 2090 3746 humana

2196 3701 2409 3772 πωρίας
2450 3699 2638 3768 ἄλλης,
2671 3698 2772 3768 ὅση
2803 3697 3093 3766 τυραννεῖν
3123 3691 3480 3759 ἐξεπίσταται
3525 3689 3617 3741 τὸν
3643 3687 3797 3755 λογι-

513 3785 877 3839 conventione
901 3782 966 3854 ?),
1008 3784 1100 3837 sed
1152 3799 1339 3838 revera
1378 3800 1442 3840 ex
1497 3784 1590 3841 Dei
1643 3797 1800 3849 nutu,
1844 3786 1897 3840 in
1931 3801 2090 3839 unam

2198 3793 2357 3862 σμδν,
2383 3791 2481 3865 καὶ
2504 3790 2658 3856 παρά
2709 3788 3020 3854 συνείδησιν
3051 3782 3362 3853 ἀναγκάζει
3419 3780 3495 3851 τῷ
3539 3775 3796 3833 δοκοῦντι

513 3875 840 3930 sententiam
873 3890 1065 3930 omnes
1096 3885 1496 3941 convenerunt,
1531 3889 1584 3931 et
1628 3887 1775 3933 tenet
1813 3879 1954 3948 apud
1996 3894 2090 3933 nos

2196 3887 2263 3956 τῇ
2303 3884 2523 3954 ἀνάγκῃ
2576 3880 2956 3953 συνέρχεσθαι.
3008 3876 3175 3931 Ἀλλὰ
3237 3876 3347 3945 γὰρ
3393 3872 3582 3945 χάριτι
3626 3867 3796 3932 Θεοῦ,

54 5716 63 5771 ἱ

54 5792 61 5885 l

54 6118 57 6141 ί

515 3977 701 4023 sancta
737 3968 979 4025 Ecclesia
1042 3967 1135 4024 Dei
1173 3971 1223 4023 iu
1249 3985 1349 4025 suo
1389 3983 1746 4041 congregatos
1775 3973 1920 4028 sinu.

2200 3972 2391 4043 ὣσπερ
2424 3971 2485 4036 ἐξ
2543 3971 2661 4034 ἐνὸς
2718 3970 3070 4039 συνθήματος
3110 3966 3186 4036 (τί
3242 3964 3390 4034 λέγω
3443 3959 3798 4045 ἀνθρωπίνου

515 4061 924 4132 συνθήματος’;)
954 4061 1093 4115 ἀλλά
1140 4064 1216 4134 τῷ
1252 4067 1364 4118 ὄντι
1397 4068 1545 4121 θείου
1600 4066 1873 4137 νεύματος
1927 4069 2006 4131 εἰς
2036 4067 2095 4121 ἓν
2134 4070 2390 4139 φρόνημα
2422 4068 2624 4129 πάντες
2686 4065 2970 4135 συνῆλθον,
3002 4064 3097 4117 καὶ
3160 4060 3550 4133 ἔχειάπαντας
3616 4057 3650 4126 ἡ
3694 4052 3797 4107 τοῦ

512 4151 650 4206 θεοῦ
707 4153 831 4207 καθ’
893 4155 1040 4225 ἡμᾶς
1095 4154 1227 4223 ἁγία
1296 4156 1597 4228 Ἐκκλησία
1664 4158 1724 4210 ἐν
1776 4160 1892 4220 τοῖς
1926 4158 2091 4229 ἱεροῖς
2134 4160 2304 4228 αὐτῆς
2336 4159 2707 4227 συνηγμένους
2742 4156 2989 4217 κόλποις.

588 4245 693 4301 Sed
724 4246 841 4301 hate
890 4248 1110 4317 quidem
1164 4249 1231 4303 de
1264 4250 1448 4305 nobis.
1485 4250 1756 4317 Quoniam
1808 4261 1989 4308 autem
2046 4263 2100 4308 et

2291 4254 2455 4307 Ἀλλά
2484 4253 2552 4306 τά
2603 4252 2702 4322 μὲν
2757 4250 3005 4321 ἡμέτερα
3057 4248 3305 4303 τοιαῦτα.
3358 4246 3580 4317 Ἐπειδὴ
3608 4244 3666 4298 δὲ
3689 4240 3797 4296 καὶ

514 4342 755 4393 vestram
809 4340 1106 4392 fraternam
1149 4339 1217 4393 ab
1262 4340 1421 4395 initio
1461 4342 1724 4397 unitatem
1778 4343 2090 4412 quaerimus,

2205 4346 2303 4417 τὴν
2335 4346 2610 4416 ὑμετέραν
2640 4343 2937 4413 ἀδελφικὴν
2997 4342 3057 4407 ἐξ
3114 4341 3292 4412 ἀρχῆς
3348 4339 3544 4394 ἕνωσιν
3591 4335 3798 4429 ὲπιξτί’

517 4444 705 4498 quam,
736 4430 1065 4499 quibusdam
1098 4445 1165 4485 ex
1216 4432 1375 4488 nobis
1409 4434 1475 4486 ad
1522 4448 1619 4487 vos
1652 4435 2094 4498 transeuntibus,

519 4534 667 4575 nunc
712 4528 923 4575 tantum
972 4521 1314 4577 disciderunt
1346 4539 1467 4592 qua:
1515 4525 1566 4578 in
1614 4523 1856 4579 Ecclesia
1907 4535 2097 4581 nostra

519 4619 822 4664 evenerunt
867 4610 1148 4676 scandala,
1185 4612 1350 4682 hujus
1382 4613 1458 4667 rei
1510 4629 1673 4669 causa
1712 4625 1901 4669 notum
1942 4617 2098 4672 vobis

523 4700 780 4767 fat-imus,
816 4700 1133 4756 beatissime
1174 4701 1363 4766 frater,
1398 4712 1459 4757 ut
1487 4713 1543 4758 et
1590 4719 1689 4759 vos
1731 4706 1849 4774 paci
1901 4715 2103 4760 nostrae

522 4791 982 4857 condclectantes,
1015 4793 1257 4868 primum,
1285 4794 1528 4863 quidem,
1579 4798 1724 4866 quod
1778 4809 1832 4851 et
1894 4800 2104 4867 absque

526 4884 705 4940 verbis
751 4886 954 4939 nostris
990 4896 1425 4943 consentaneum
1459 4898 1564 4953 est,
1616 4889 1933 4959 glorificetis
1973 4906 2099 4945 eum

524 4978 618 5047 qui
652 4977 873 5046 reliquit
920 4977 1081 5031 nobis
1117 4981 1269 5048 pacis
1303 4981 1681 5036 ltmreditatetn
1728 4991 1784 5036 et
1830 4997 1949 5035 cam
1988 4983 2106 5037 sin-

526 5067 668 5138 gulis
714 5068 929 5130 diebus,
959 5083 1274 5139 quanquam
1331 5073 1604 5144 malignus
1655 5088 1774 5126 eam
1828 5073 2105 5142 surripere

526 5170 780 5225 conatur,
818 5172 1113 5217 conservat
1155 5171 1337 5219 tamen
1375 5165 1442 5219 iis
1477 5166 1570 5234 qui
1623 5164 1859 5235 diligunt
1893 5167 2044 5221 illum
2091 5184 2105 5220 :

525 5253 745 5316 deinde,
778 5262 859 5317 ut,
907 5254 1292 5309 scandalorum
1343 5257 1523 5310 soluta
1576 5270 1766 5320 causa,
1808 5268 1998 5311 mutua
2038 5259 2107 5313 ad

526 5341 762 5396 invicem
818 5344 1166 5399 transmissio
1210 5353 1266 5399 et
1315 5344 1649 5414 colloquium
1697 5333 2108 5403 renovationem

525 5434 929 5503 accipiat;nec
971 5449 1081 5490 non
1128 5446 1182 5491 et
1226 5437 1370 5492 sacri
1415 5439 1581 5494 vestri
1618 5439 1857 5495 nominis
1891 5442 2111 5511 procla-

2200 4438 2428 4509 τοῦμεν,
2471 4440 2569 4493 καί
2598 4436 2707 4490 τῶν
2730 4436 2792 4501 ἐξ
2823 4435 2980 4506 ήμῶν
3044 4434 3184 4505 πρὸς
3218 4434 3366 4503 ὑμᾶς
3411 4426 3798 4501 παραγινομέ-

2202 4548 2332 4596 νων,
2389 4533 2457 4602 ἠν
2523 4530 2663 4593 τέως
2706 4529 2777 4582 τὰ
2819 4528 3174 4599 συμπεσόντα
3234 4526 3511 4580 σκάνδαλα
3563 4527 3629 4597 τῇ
3666 4523 3798 4576 καθ’

2205 4626 2354 4692 ἡμᾶς
2388 4621 2691 4694 Ἐκκλησία
2741 4620 3017 4687 διέκοψεν.
3054 4618 3260 4673 Τούτου
3313 4617 3379 4688 δὴ
3407 4618 3567 4689 χάριν
3591 4613 3804 4684 γνωρί-

2208 4716 2375 4785 ζομέν
2439 4712 2556 4778 σοι,
2626 4714 3016 4783 μακαριώτατε
3067 4709 3227 4781 ήμῶν
3279 4710 3500 4778 ἀδελφὲ,
3564 4707 3651 4760 ῖνα
3692 4706 3801 4760 καὶ

2211 4808 2367 4875 ὑμεῖς
2405 4807 2471 4875 τῇ
2507 4805 2668 4875 ἡμῶν
2699 4807 2898 4876 εἰρήνῃ
2949 4802 3505 4874 συνευφραινόμενοι,
3568 4799 3799 4870 πρῶτον

2216 4898 2317 4968 μὲν
2362 4897 2391 4950 ὃ
2436 4898 2531 4951 καὶ
2575 4899 2745 4969 χωρίς
2790 4896 2900 4950 τῶν
2930 4896 3220 4967 ἡμετέρων
3261 4896 3443 4962 λόγων
3494 4891 3802 4949 ἀκόλουθόν

2213 4993 2351 5055 ἐστι,
2411 4988 2673 5061 δοξάσητε
2731 4989 2823 5043 τὸν
2883 4989 3259 5045 καταλιπόντα
3305 4989 3398 5042 τὸν
3429 4989 3531 5058 τῆς
3564 4990 3799 5060 εἰρήνης

2209 5083 2414 5153 κλῆρον
2448 5083 2601 5153 ἡμῖν,
2627 5082 2722 5135 καὶ
2746 5081 2937 5137 τοῦτον
2957 5083 3080 5136 ὅσαι
3119 5083 3350 5152 ἡμέραι,
3375 5082 3424 5133 εἰ
3450 5082 3543 5135 καὶ
3562 5081 3729 5151 συλᾷν
3767 5083 3800 5135 ὁ

2211 5172 2446 5243 πονηρὸς
2473 5170 2823 5238 ἀγωνίζεται,
2847 5171 2999 5240 ὅμως
3041 5170 3468 5235 ὲπανασὼζοντα
3512 5173 3627 5233 τοῖς
3655 5171 3797 5238 ἀγα-

2210 5266 2387 5316 πῶσιν
2420 5262 2612 5316 αὑτόν·
2651 5260 2840 5315 ἔπειτα
2863 5261 2921 5315 δὲ
2951 5260 3038 5315 ῖνα
3085 5260 3306 5330 καὶτῆς
3338 5261 3447 5314 τῶν
3479 5259 3799 5314 σκανδάλων

2209 5354 2513 5424 λελυμένης
2569 5353 2754 5416 αἰτίας
2801 5356 2834 5424 ή
2891 5353 3031 5421 πρὸς
3088 5352 3354 5421 ἀλλήλους
3385 5351 3663 5424 ἀποστολὴ
3693 5354 3798 5406 καὶ

2211 5442 2497 5509 συνομιλία
2524 5444 2624 5514 τὴν
2655 5442 3001 5497 ἀνακαίνισιν
3024 5441 3265 5515 δέξηται.
3292 5442 3367 5496 Ού
3396 5438 3506 5513 μὴν
3540 5442 3678 5498 ἀλλὰ
3702 5445 3801 5496 καὶ

599 5610 916 5691 εἰληὶιιιιιο
941 5618 1027 5669 est
1073 5613 1190 5670 haec
1214 5614 1428 5686 longior
1483 5614 1736 5686 epistola,
1769 5632 1931 5688 quam
1975 5618 2066 5676 illa
2113 5632 2235 5691 qua:
2276 5618 2466 5678 Latine
2495 5626 2676 5676 exstat
2701 5618 3049 5678 breviuscula
3089 5618 3233 5691 apud
3280 5618 3575 5677 Baroniunt
3604 5617 3671 5675 ad
3700 5635 3794 5678 an.

520 5678 765 5737 CXXVI.
