4152 6428
405 286 521 353 249

1885 288 2293 352 EPISTOL/E.

3575 289 3684 355 950

398 402 502 453 τοῦ
539 398 904 470 ἱεροῦ-ὑμῶν
970 399 1238 472 ὀνόματος
1287 403 1320 472 ἡ
1358 401 1665 475 ἁνάρῤησις
1718 400 1857 468 μετὰ
1891 402 1992 470 τῆς

2113 402 2261 457 natio
2278 415 2403 458 cum
2421 411 2605 457 nostra
2630 401 2820 458 humili
2842 400 3287 458 denominatione
3306 401 3359 455 in
3387 401 3560 456 sacris
3595 418 3683 455 re-

399 489 570 561 ὴμῶν
615 492 1102 563 τεταπεινωμένης
1153 492 1399 563 κλήσεως
1427 495 1488 546 ὲν
1524 496 1639 557 τοῖς
1680 494 1847 563 ίεροίς
1874 511 1998 547 συν-

400 587 658 655 ἅπτηται
718 582 1028 653 διπτύχοις.
1096 584 1265 638 Τοῦτο
1298 586 1357 639 δὲ
1395 587 1616 651 πάντως
1680 588 1994 658 γενήσεται,

394 676 515 729 τῶν
542 674 712 729 ἕνεκα
764 674 863 728 τοῦ
905 677 1173 747 τετάρτου
1236 679 1418 749 γάμου
1475 680 1888 753 προαχθέντων,
1915 682 1997 745 είς

398 766 705 836 ὁμολογίαν
730 766 1153 839 καθισταμένων
1184 769 1263 834 ὡς
1294 771 1546 843 ἐπράχθη
1579 773 1733 844 παρά
1768 775 1828 828 τὸ
1853 775 1995 842 δέον,

401 861 454 912 εί
480 860 579 911 καὶ
604 860 704 929 τῆς
739 859 1032 930 βασιλικῆς
1067 861 1259 916 ἕνεκεν
1303 863 1656 932 συμπαθείας
1680 864 1743 918 τὸ
1772 865 2000 933 γεγονὸς

402 947 575 1002 ἔλασε
631 948 736 1020 τὴν
778 949 1129 1007 κατάνευσιν.
1178 949 1301 1006 Οἷδε
1341 953 1455 1024 γάρ
1505 955 1537 1023 ή
1574 953 1641 1024 σὴ
1699 953 1997 1022 τελειότης,

403 1041 494 1094 ὅτι
532 1056 645 1109 περ
672 1034 764 1093 οἷα
791 1040 971 1095 πολλὰ
998 1041 1070 1095 τὰ
1101 1042 1437 1114 ἀνθρώπινα
1471 1046 1829 1115 καινοτομίας
1856 1046 2001 1109 τινὸς

407 1133 733 1203 γινομένης,
788 1136 886 1187 καὶ
947 1135 1022 1205 μὴ
1078 1134 1177 1206 τὴν
1230 1136 1593 1209 ὀφειλομένην
1611 1137 2001 1210 λαμϐανούσης

411 1224 740 1295 θεραπείαν,
788 1226 1015 1296 ἀφορμὴ
1062 1244 1149 1290 τις
1204 1228 1303 1281 καὶ
1353 1231 1436 1290 εἰς
1466 1231 1528 1282 τὸ
1559 1229 1756 1284 ἔπειτα
1784 1231 2000 1299 γίνεται

410 1319 525 1381 τοῖς
559 1315 917 1387 βουλομένοις
941 1318 1036 1373 τοῦ
1065 1320 1279 1384 δέοντος
1307 1322 1786 1393 παρατρέπεσθαι,
1813 1323 2002 1393 φέρειν

408 1410 513 1480 τὴν
540 1409 722 1481 ὁρμὴν
746 1410 1129 1481 ἀνεπίσχετον,
1183 1413 1643 1484 προτρεπομένης
1680 1414 1881 1475 αὐτοὺς
1909 1414 2004 1468 ἐπὶ

408 1501 592 1572 τούτῳ
611 1503 712 1572 τῆς
760 1502 1148 1575 προλαϐούσης
1194 1509 1676 1577 καταφρονήσεως.
1720 1507 1823 1561 Διά
1842 1507 2003 1561 τοῦτο

410 1594 514 1647 καὶ
539 1593 637 1648 νῦν
662 1594 747 1648 δεῖ
784 1595 847 1647 τὸ
902 1595 1079 1649 αἴτιον
1137 1597 1362 1666 γεγονὸς
1411 1600 1520 1651 τῶν
1567 1599 1883 1653 σκανδάλων
1923 1600 2005 1662 εἰς

415 1686 716 1756 ὁμολογίαν
753 1687 1063 1760 προελθεῖν,
1114 1691 1198 1743 ὅτι
1244 1693 1396 1763 παρὰ
1451 1692 1513 1745 τὸ
1541 1691 1661 1745 δέον
1703 1692 1955 1764 ἐπράχθη
1987 1709 1999 1723 ·

2105 504 2338 564 ponatur
2357 494 2649 566 diptychis.
2678 494 2812 549 Illud
2839 510 2970 550 vero
2987 494 3213 549 omnino
3254 495 3366 559 ﬁet,
3384 493 3681 548 dummodo

2102 588 2174 642 de
2221 589 2483 642 anteactis
2513 596 2830 658 quartarum
2861 588 3174 657 nuptiarum
3195 602 3384 650 causa,
3419 589 3561 640 inter
3580 601 3681 641 nos

2104 679 2391 734 conveniat
2438 679 2530 734 illa
2561 686 2749 733 contra
2772 679 2865 746 jus
2896 679 3037 734 facta
3068 677 3262 744 fuisse,
3287 679 3414 743 etsi,
3459 687 3681 748 propter

2107 770 2496 839 indulgentiam
2550 772 2605 824 in
2646 770 3058 839 imperatorem,
3113 771 3257 838 quod
3319 768 3521 822 factum
3596 776 3681 823 est

2106 876 2389 917 assensum
2425 862 2654 930 accepit.
2687 860 2848 915 Novit
2872 862 3018 915 enim
3041 869 3222 915 vestra
3249 861 3532 924 sanctitas,
3562 874 3687 927 pcr-

2106 968 2249 1024 sarpe
2273 956 2326 1009 in
2365 954 2528 1009 rebus
2562 954 2814 1009 humanis
2854 955 3087 1023 quadam
3123 955 3478 1008 innovatione
3508 953 3683 1006 inter-

2107 1048 2358 1103 veniente
2385 1064 2484 1103 nec
2508 1048 2745 1103 debitam
2782 1048 3085 1117 accipiente
3116 1049 3405 1108 medelam.
3436 1046 3689 1100 occasio-

2107 1156 2232 1195 nem
2262 1142 2388 1195 inde
2431 1141 2586 1195 nasci
2632 1140 2715 1195 his
2752 1141 2846 1210 qui
2889 1140 2980 1209 jus
3024 1139 3328 1207 transgredi
3384 1137 3594 1199 volunt,
3632 1145 3688 1189 et

2108 1233 2495 1296 impulsionem
2534 1234 2648 1288 ﬁeri
2673 1233 2786 1303 jam
2819 1232 3104 1295 invictam,
3134 1246 3258 1286 cum
3284 1231 3349 1284 ad
3378 1228 3428 1283 id
3461 1229 3687 1283 inducat

2109 1334 2358 1380 anteacta
2406 1324 2793 1395 transgressio.
2840 1323 3134 1393 Propterea
3192 1328 3406 1390 oportet
3441 1318 3494 1373 id
3540 1318 3685 1387 quod

2108 1416 2316 1473 factum
2369 1425 2451 1472 est
2483 1417 2863 1472 scandalorum
2901 1416 3076 1485 origo,
3125 1422 3313 1467 contra
3358 1411 3448 1479 jus
3481 1408 3685 1463 laetum

2111 1510 2301 1573 fuisse,
2323 1518 2383 1563 ut
2407 1524 2516 1562 non
2547 1509 2600 1562 in
2636 1507 2687 1561 id
2713 1507 2981 1576 aspiciant
3006 1505 3162 1573 quasi
3189 1503 3241 1556 in
3266 1502 3564 1571 exemplar,
3591 1501 3686 1570 qui

2111 1601 2177 1656 ad
2212 1601 2393 1671 pejora
2439 1601 2691 1655 tendunt.
2750 1598 2868 1653 Non
2916 1599 3130 1653 desinet
3174 1605 3353 1650 autem
3416 1592 3686 1663 quidquid

2113 1693 2339 1746 humani
2373 1692 2535 1746 habet
2586 1692 2702 1746 haec
2752 1690 3036 1761 impulsio,
3091 1690 3267 1743 donec
3316 1686 3513 1756 accipit
3545 1700 3687 1755 pra:-

424 1777 578 1831 ὤστε
627 1779 815 1849 μηκέτι
867 1780 1129 1853 καθάπερ
1170 1781 1254 1847 εἷς
1291 1801 1344 1837 τι
1392 1784 1712 1855 ἀρχέτυπον
1760 1785 2006 1856 ὁρῶντας

2113 1785 2257 1838 vium
2285 1783 2353 1837 ad
2383 1782 2746 1837 imitationem
2779 1783 3221 1836 incitamentum.

432 1872 567 1933 τοὺς
598 1871 687 1925 ἐπὶ
733 1872 788 1926 τὸ
834 1875 1023 1945 χεῖρον
1062 1874 1458 1947 ὡρμημένους.
1517 1878 1594 1930 Οὐ
1638 1877 1913 1932 παύσεται
1936 1879 1994 1932 δὲ
2031 1878 2252 1941 πάντως
2282 1877 2345 1931 τὸ
2400 1876 2749 1948 ἀνθρώπινον
2825 1876 2925 1946 τῆς
2962 1873 3224 1944 τοιαύτης
3252 1872 3452 1942 ὁρμῆς,
3482 1868 3588 1932 ἕως
3622 1868 3689 1921 ἂν

438 1963 503 2013 τ’)
522 1962 672 2028 γένος
696 1961 954 2033 λαμϐάνει
1001 1964 1102 2036 τὴν
1145 1965 1376 2037 πρόοδον
1421 1968 1819 2038 ἑπαλείφεσθαι
1862 1969 2003 2041 πρὸς
2038 1970 2139 2043 τὴν
2168 1970 2425 2041 μίμησιν.

503 2053 670 2108 Τοῦτο
691 2056 791 2125 μὲν
820 2053 958 2124 οἶδα,
995 2059 1072 2123 ὡς
1114 2061 1208 2114 καὶ
1235 2059 1311 2132 μὴ
1333 2063 1659 2133 γραφόντων
1689 2065 1847 2135 ἡμῶν
1869 2066 1903 2135 ἠ
1932 2065 2006 2136 σὴ

420 2143 734 2215 ἀμώμητος
771 2148 867 2201 καὶ
897 2150 1324 2222 ἑμφρονεστάτη
1368 2153 1516 2224 ψυχὴ
1549 2157 1644 2207 καὶ
1693 2156 2007 2222 ἐπίσταται,

418 2236 521 2289 καὶ
550 2237 653 2306 τῆς
687 2239 991 2311 εἰρημένης
1015 2244 1386 2314 προνοήσεται
1416 2246 1741 2315 ἀσφαλείας,
1777 2248 1924 2316 ὅμως
1952 2248 2008 2301 δέ

413 2326 576 2379 οὐδὲν
629 2330 860 2393 ἀπεικὸς
904 2331 1002 2386 καὶ
1064 2334 1214 2403 ἡμᾶς
1266 2336 1396 2406 περὶ
1438 2336 1648 2393 τούτων
1688 2339 2004 2411 ὑπόμνησιν

414 2418 637 2486 φέρειν.
667 2420 770 2474 Διά
795 2420 969 2476 ταῦτα
998 2426 1143 2478 καὶὸ
1178 2424 1530 2500 φιλόχριστος
1554 2429 1713 2501 ἡμῶν
1749 2431 2007 2503 βασιλεὺς

414 2511 711 2567 Βασίλειον
747 2514 839 2569 τὸν
888 2517 1283 2574 εὐκλεέστατον
1345 2525 1851 2596 πρωτοσπαθάριον
1902 2525 2020 2581 καλ

417 2604 518 2657 ἐπὶ
543 2605 643 2658 τοῦ
662 2609 1114 2680 χρυσοτρικλίνου
1140 2614 1280 2683 μετὰ
1299 2615 1393 2669 τοῦ
1417 2617 1624 2671 οἰκείου
1651 2617 2008 2682 ἐξαπέστειλε

416 2694 778 2768 γράμματος,
804 2701 902 2754 καὶ
951 2704 1112 2773 ἡμεῖς
1158 2706 1420 2776 Εύλόγιον
1462 2709 1557 2762 τὸν
1600 2710 2003 2764 εύλαὸἐστατον

419 2788 808 2859 πρεσϐύτερον
864 2795 962 2848 καὶ
1014 2795 1497 2863 κουόουκλείσιον,
1560 2802 1658 2855 καὶ
1714 2800 2005 2872 ἄνθρωπον

417 2883 585 2951 ἡμῶν
613 2884 755 2954 μετὰ
775 2885 873 2939 τοῦ
901 2890 1178 2959 ἡμετέρου
1204 2891 1538 2962 γράμματος
1588 2893 2010 2959 συνεξαπεστείο

421 2975 624 3046 λαμεν,
656 2979 866 3043 ἐκεῖνα,
900 2980 995 3034 καὶ
1025 2981 1125 3035 σὺν
1156 2986 1272 3047 τοῖς
1302 2986 1601 3056 γράμμασι
1631 2987 1727 3041 καὶ
1757 2988 1865 3058 πρὸ
1895 2988 2004 3041 τῶν

2182 2063 2297 2120 lloc
2328 2065 2547 2134 quidem
2585 2063 2734 2124 novi.
2774 2063 2937 2118 etiam
2966 2078 3074 2118 non
3108 2061 3474 2118 scribentibus
3508 2057 3687 2124 nobis,

2107 2165 2256 2212 tuam
2285 2156 2817 2227 irreprehensibilem
2845 2168 2895 2210 et
2926 2155 3410 2226 prudentissimam
3444 2153 3686 2207 animam

2109 2260 2164 2307 et
2192 2251 2391 2305 callere
2423 2259 2477 2304 et
2529 2250 2815 2319 providere
2855 2249 3014 2303 dictae
3076 2244 3380 2303 securitati.
3436 2244 3688 2300 Attamen

2116 2357 2223 2396 non
2269 2342 2367 2396 abs
2430 2356 2488 2395 re
2518 2348 2673 2397 estet
2737 2356 2837 2397 nos
2885 2341 2953 2397 de
3005 2340 3093 2396 his
3144 2340 3465 2394 memoriam
3516 2335 3585 2391 ad
3639 2346 3691 2389 te

2114 2429 2380 2501 perferre.
2423 2430 2546 2486 ldeo
2596 2439 2651 2485 et
2683 2430 2807 2501 pius
2836 2440 3028 2485 noster
3073 2430 3375 2500 imperator
3426 2424 3689 2479 Basilium

2115 2524 2555 2581 illustrissimum
2606 2522 3110 2594 protospatharium
3151 2529 3205 2576 et
3242 2519 3394 2574 aurei
3448 2515 3690 2572 cubiculi

2116 2617 2432 2689 praelectum
2464 2632 2586 2671 cum
2615 2616 2852 2685 propriis
2874 2614 3074 2669 litteris
3099 2613 3272 2677 misit,
3302 2619 3356 2665 et
3379 2624 3482 2665 nos
3520 2607 3690 2661 Eulo-

2110 2714 2257 2781 gium
2290 2708 2768 2779 religiosissimum
2793 2700 3173 2777 presbyterum
3201 2712 3255 2758 et
3284 2698 3689 2756 cubicularium

2108 2812 2165 2859 et
2204 2801 2482 2856 hominem
2521 2808 2771 2854 nostrum
2822 2813 2945 2852 cum
2993 2795 3225 2866 cpistola
3263 2800 3451 2847 nostra
3508 2786 3677 2845 simul

2107 2894 2391 2957 misimus,
2433 2891 2520 2945 cui
2578 2889 2962 2945 mandavimus
2998 2887 3115 2942 haec
3165 2894 3278 2940 tum
3328 2900 3449 2940 cum
3486 2881 3684 2936 litteris

2109 2994 2223 3041 tum
2261 2984 2482 3054 proprio
2511 2997 2605 3037 ore
2628 2981 2833 3047 dicere,
2871 2989 2931 3035 ut
2963 2994 3085 3050 quae
3120 2978 3173 3033 in
3210 2985 3401 3031 nostra
3435 2972 3688 3029 Ecclesia

417 3068 778 3140 γραμμάτων
799 3072 977 3143 οἰκείᾳ
1004 3073 1226 3149 γλώσσῃ
1246 3077 1641 3149 ἐπιτρέψαντες
1661 3083 2006 3151 πρόσειπεῖν,

2113 3080 2382 3149 impressa
2424 3077 2606 3147 vigent
2636 3082 2691 3130 et
2723 3074 3026 3144 'pacitlcum
3058 3079 3258 3127 statum
3313 3068 3509 3138 adepta
3535 3072 3687 3126 sunt,

419 3160 567 3213 ὥστε
589 3161 663 3215 τὰ
686 3164 1163 3220 κατατυπωθέντα
1187 3169 1247 3219 ἐν
1274 3170 1339 3239 τῇ
1370 3168 1496 3222 καθ’
1522 3171 1670 3240 ἡμᾶς
1705 3170 2007 3241 Ἐκκλησέᾳ

420 3256 521 3307 καὶ
550 3254 843 3326 εἰρηνικὴν
868 3257 1104 3312 λαϐόντα
1130 3260 1489 3326 κατάστασιν,
1519 3261 1662 3316 οὕτω
1683 3265 1779 3316 καὶ
1829 3265 1896 3318 τὰ
1947 3266 2006 3316 ἐν

420 3344 556 3413 ὑμῖν
580 3346 913 3414 τυπωθῆναι
941 3350 1035 3402 καὶ
1071 3353 1153 3414 είς
1181 3352 1279 3422 τὴν
1323 3354 1443 3424 μεθ’
1465 3354 1626 3424 ἡμῶν
1673 3354 1869 3408 ἕνωσιν
1918 3355 2008 3409 διὰ

418 3437 523 3491 τοῦ
566 3439 814 3495 τοιούτου
865 3447 1203 3516 καταστῆναι
1246 3446 1443 3502 τύπου.
1496 3447 1687 3502 Ταῦτα
1739 3448 1798 3501 δέ
1859 3450 2009 3503 ἐστιν

422 3531 694 3600 οὖμενουν
764 3534 996 3604 οὐδεμία
1069 3538 1180 3591 τῶν
1231 3541 1600 3611 πεπραχότων
1651 3543 2002 3613 κατάκρισις,

422 3625 539 3677 οὐδ’
571 3625 873 3698 άπόρῥιψις
912 3628 1198 3702 δυσφήμου
1250 3634 1412 3703 λόγου
1459 3634 1583 3688 κατ’
1625 3635 1831 3698 αὐτῶν,
1870 3635 2009 3690 ἀλλὰ

427 3718 598 3787 μόνον
660 3718 756 3772 τοῦ
806 3720 875 3775 τὰ
922 3726 1270 3796 γεγενημένα
1320 3728 1415 3781 ἐπὶ
1454 3729 1531 3799 τῷ
1562 3729 1810 3800 τετάρτῳ
1840 3729 2007 3800 γάμῳ

423 3810 892 3883 διομολογηθῆναι
929 3817 1067 3887 πρὸς
1095 3819 1156 3872 τὺ
1188 3820 1475 3889 συμπαθὲς
1518 3822 1734 3892 ὁρῶντα
1773 3824 1874 3893 τῆς
1913 3822 2012 3893 βα-

426 3903 651 3975 σιλικῆς
670 3907 794 3959 κατ’
824 3909 1004 3962 ἐκεῖνο
1033 3912 1232 3983 καιροῦ
1258 3913 1541 3979 ἀξιώσεως
1559 3916 1891 3987 γεγενῆσθαι
1913 3916 2016 3987 (Ι).

420 3996 549 4048 ἀλλ’
573 3998 638 4051 ού
659 4000 799 4054 κατᾶ
825 4000 891 4053 τὸ
928 4005 1231 4073 προσῆκον,
1258 4005 1383 4059 οὐδὲ
1439 4009 1583 4061 κατὰ
1635 4008 1873 4079 θεσμοὺς
1917 4009 2019 4080 τῆς

436 4091 778 4162 Ἐκκλησίας
810 4109 826 4126 ⁸
847 4093 876 4147 ὅ
906 4095 1001 4148 καὶ
1047 4098 1218 4168 χωρὶς
1263 4099 1374 4152 τῶν
1407 4100 1699 4171 ἡμετέρων
1755 4100 1932 4169 λόγων
1962 4103 2013 4155 οἱ

2114 3186 2176 3225 ea
2239 3183 2459 3240 quoque
2489 3165 2631 3237 apud
2674 3180 2778 3220 vos
2830 3165 3174 3226 sanciantur,
3225 3167 3280 3216 et
3331 3159 3385 3214 in
3443 3166 3691 3213 mutuam

2098 3263 2257 3317 ’inter
2310 3275 2412 3316 nos
2470 3260 2734 3314 unitatem
2758 3258 2947 3313 eadem
2994 3255 3167 3310 forma
3201 3262 3530 3309 statuantur.
3563 3249 3696 3316 Quae

2096 3354 2339 3425 'quidem
2382 3353 2696 3407 nullatenus
2753 3360 2879 3405 sunt
2939 3356 3218 3420 gestorum
3283 3342 3695 3405 condemnatio,

2123 3462 2225 3502 nec
2262 3460 2453 3500 eorum
2500 3443 2811 3513 repudiatio
2863 3457 2987 3512 quae
3035 3441 3101 3496 de
3157 3439 3245 3495 his
3286 3437 3524 3492 infauste
3552 3434 3695 3489 dicta

2118 3548 2269 3605 sunt,
2301 3538 2396 3595 sed
2428 3546 2639 3592 tantum
2664 3544 2723 3591 ut
2744 3536 3036 3591 conveniat
3059 3549 3121 3588 ea
3147 3522 3269 3603 qnte
3296 3531 3443 3586 circa
3470 3536 3696 3598 quartas

2117 3632 2340 3703 nuptias
2370 3639 2521 3702 gesta
2554 3639 2703 3694 sunt,
2735 3637 2986 3698 respectu
3021 3625 3390 3695 imperatoria:
3415 3619 3696 3690 dignitatis

2116 3740 2218 3796 pro
2257 3735 2503 3795 tempore
2539 3738 2663 3777 cum
2701 3720 3039 3790 indulgentia
3066 3722 3214 3786 gesta
3249 3716 3441 3778 fuisse,
3465 3712 3557 3768 sed
3586 3726 3694 3764 non

2117 3817 2219 3872 rite
2251 3825 2346 3870 aut
2389 3814 2691 3870 secundum
2727 3812 2986 3867 Ecclesia:
3018 3811 3184 3879 leges.
3218 3807 3373 3875 Quod
3404 3814 3457 3862 et
3485 3806 3695 3873 absque

2099 3907 2328 3962 ‘nostris
2354 3904 2536 3960 verbis
2569 3904 2604 3958 ii
2645 3903 2735 3972 qui
2766 3911 2898 3957 tunc
2939 3901 3046 3955 vita
3084 3898 3430 3960 fruebantur,
3468 3893 3697 3963 Sergius

2120 4000 2330 4057 scilicet
2356 3998 2539 4071 (quem
2566 3997 2742 4053 beatis
2762 3995 2921 4066 cupio
2942 3991 3296 4048 annumerari
3317 3984 3695 4061 pontificibus)

2120 4102 2174 4149 et
2198 4093 2292 4163 qui
2326 4108 2450 4147 eum
2477 4106 2542 4145 eo
2562 4099 2737 4155 erant,
2766 4091 2819 4144 in
2858 4088 2976 4144 suis
3007 4092 3341 4158 agnoverunt
3370 4082 3596 4138 litteris.
3630 4079 3699 4133 Et

425 4184 553 4236 τότε
584 4183 667 4253 τῷ
696 4184 798 4255 βίῳ
821 4187 1113 4256 παρόντες,
1139 4191 1283 4259 φημὶ
1340 4191 1397 4245 δὲ
1444 4192 1669 4261 Σέργιος
1726 4192 1805 4261 (ὃν
1830 4195 1888 4246 ἐν
1913 4196 2009 4254 τοῖς

2126 4205 2192 4243 ne
2227 4187 2364 4243 falsa
2393 4186 2577 4241 dicere
2607 4184 2913 4248 videamur,
2937 4183 3040 4237 has
3079 4183 3224 4252 ipsas
3275 4179 3345 4234 ab
3381 4178 3491 4232 illis
3541 4174 3699 4229 datas

432 4277 736 4348 μακαρίοις
760 4278 993 4351 εὔχομαι
1018 4284 1382 4354 συντετάχθαι
1413 4283 1782 4357 ἀρχιερεῦσι),
1817 4284 1913 4338 καὶ
1970 4285 2020 4338 οἱ

2123 4281 2190 4336 ad
2225 4291 2276 4335 te
2300 4279 2555 4335 misimus
2581 4276 2813 4331 litteras.

430 4370 534 4421 aint
572 4368 804 4441 ἐκείνῳ,
840 4371 1035 4434 ἐντοῖς
1063 4353 1289 4435 οἰκείοις
1357 4353 1778 4445 διωμολόγησαν
1834 4373 2154 4444 γράμιμασι.
2188 4369 2297 4422 Καὶ
2328 4367 2416 4421 ἵνα
2485 4366 2560 4439 μὴ
2620 4364 2865 4436 δόξωμεν
2926 4362 2996 4417 τὰ
3034 4361 3110 4434 μὴ
3167 4363 3296 4416 ὂντα
3323 4358 3526 4430 λέγειν,
3559 4353 3700 4410 αὐτά

428 4460 626 4516 ἐκεῖνά
649 4477 735 4514 σοι
765 4462 836 4515 τά
855 4462 1281 4532 διαπεμφθέντα
1311 4465 1446 4534 παρ’
1472 4465 1654 4518 αὐτῶν
1693 4464 2158 4532 ἐξαπεστείλαμεν
2185 4459 2496 4531 γράμματα
2530 4457 2629 4527 (‘2).

517 4551 720 4617 ’Δξίως
747 4550 841 4605 οὖν
871 4552 965 4605 καλ⁵
1012 4555 1115 4623 τῆς
1163 4554 1261 4623 σῆς
1320 4554 1577 4625 πράττων
1623 4555 2009 4626 ἀρχιερατικῆς

2198 4550 2374 4620 Digne
2408 4548 2574 4619 igitur
2605 4563 2774 4618 agens
2824 4556 2879 4602 et
2920 4555 3009 4600 tua
3040 4543 3317 4614 pontiﬁcia
3354 4543 3619 4613 gravitate
3647 4549 3703 4596 et

436 4643 792 4713 σεμνότητος,
826 4645 923 4695 καὶ
972 4643 1073 4713 τῆς
1108 4644 1454 4716 τελειοτάτης
1490 4647 1831 4716 φρονήσεως,
1875 4643 2019 4699 οὕτω

447 4732 740 4803 βουλήθητι
788 4734 1072 4787 διαθέσθαι
1128 4734 1197 4787 τὰ
1252 4737 1578 4805 πράγματα,
1614 4734 1755 4790 ὥστε
1792 4736 2019 4790 καὶτὸν

442 4827 711 4880 ἀθάνατον
769 4827 863 4879 καὶ
913 4826 1131 4897 πρῶτον
1180 4828 1444 4898 ἀρχιερέα
1498 4829 1657 4897 ἡμῶν
1714 4827 1807 4882 ἐπὶ
1857 4827 2022 4881 πλέον

433 4918 814 4989 εὐφρανθῆναι
837 4919 930 4971 ἐπὶ
957 4921 1023 4989 τῇ
1050 4919 1148 4987 τῆς
1173 4920 1461 4990 καθ’ἡμᾶς
1498 4919 1826 4987 Ἐκκλησίας
1851 4937 2022 4974 κατα-

397 5012 649 5064 ’στάσει.
686 5010 1222 5081 Εύφρανθήσεταιδὲ
1270 5012 1542 5081 μηδεμιᾶς
1585 5012 2021 5081 ὑπολειπομένης

435 5105 703 5174 ἀφορμῆς
733 5106 846 5166 τοῖς
902 5105 1159 5175 ἀφορμὴν
1190 5099 1276 5157 οἷα
1302 5105 1372 5158 τά
1411 5103 1728 5175 ἀνθρώπινα
1763 5102 2021 5172 ζητοῦσιν

433 5196 517 5256 εἰς
547 5195 613 5247 τὸ
654 5195 756 5264 τήν
805 5195 1050 5265 γαλήνην
1097 5197 1454 5265 ἐκταράττειν
1509 5195 1609 5265 τῆς
1673 5192 2021 5264 Ἑκκλησίας,

434 5285 535 5339 καὶ
558 5284 659 5357 τὴν
692 5287 972 5357 ὑμετέραν
1005 5290 1064 5338 ὲν
1099 5289 1291 5359 Κυρίῳ
1315 5287 1450 5357 πρὸς
1482 5287 1633 5358 ἡμᾶς
1675 5285 1895 5348 ἕνωσιν,
1927 5285 2022 5338 καὶ

434 5376 535 5430 τοῦ
566 5377 716 5448 ἱεροῦ
752 5377 911 5447 ὑμῶν
931 5380 1195 5448 ὀνόματος
1216 5380 1317 5449 τὴν
1348 5380 1405 5431 ἐν
1424 5380 1539 5442 τοῖς
1569 5375 1848 5447 διπτύχοις
1885 5378 2022 5430 ἅνα-

512 5538 592 5605 (Ι)
620 5537 700 5592 En
733 5549 792 5592 ut
815 5535 907 5590 hic
948 5533 1210 5605 Nicolaus
1244 5535 1380 5591 satis
1415 5534 2017 5589 rctractatsententiam

434 5603 614 5674 suam,
649 5608 703 5662 in
732 5606 972 5678 epistola
999 5603 1194 5678 XXX],
1227 5616 1506 5678 tantttpere
1562 5604 2020 5678 inculcatam,_de

434 5673 849 5749 dispensatione
893 5677 1115 5746 quartis
1141 5675 1337 5749 Leonis
1364 5677 1496 5744 imp.
1547 5677 1755 5742 nuptiis
1794 5690 1903 5749 non
1931 5673 2019 5749 itt-

432 5744 817 5820 dulgcndaﬁn
882 5744 941 5803 ut
970 5749 1189 5804 tandem
1217 5747 1478 5805 Romana:
1526 5761 1746 5815 quoque
1771 5744 2021 5801 ecclesia:

2126 4640 2526 4713 perfectissima
2581 4640 2871 4710 sapientia,
2925 4638 2996 4692 ita
3044 4651 3130 4691 res
3164 4642 3406 4689 statuere
3436 4633 3593 4696 velis,
3639 4644 3702 4688 ut

2116 4738 2179 4790 et
2225 4734 2552 4788 immortalis
2590 4742 2645 4787 et
2676 4744 2928 4786 summus
2958 4725 3206 4781 Pontifex
3245 4733 3431 4779 noster
3464 4724 3703 4794 amplius

2126 4825 2359 4896 gaudeat
2390 4824 2457 4879 de
2487 4832 2686 4877 nostrae
2721 4821 2977 4876 Ecclesia:
2993 4816 3387 4874 constitutione
3419 4816 3704 4884 (gaudebit

2127 4927 2308 4972 autem
2341 4915 2387 4971 si
2424 4915 2569 4968 nulla
2623 4919 2905 4967 remaneat
2945 4910 3166 4965 occasio
3197 4910 3268 4963 iis
3314 4908 3406 4976 qui
3460 4909 3703 4963 humano

2130 5020 2282 5060 more
2311 5004 2655 5060 occasionem
2688 5009 2942 5071 quaerunt
2986 4996 3400 5063 tranquillitatis
3449 4996 3704 5050 Ecclesia:

2123 5080 2529 5168 perturbandae)
2569 5101 2622 5148 et
2663 5103 2841 5148 vestra
2889 5092 2946 5146 in
2977 5088 3207 5144 Domino
3243 5088 3530 5143 nobiscum
3572 5089 3705 5141 unio

2124 5200 2178 5246 et
2239 5189 2404 5245 vestri
2466 5187 2607 5243 sacri
2668 5184 2906 5240 nominis
2958 5184 3012 5236 in
3050 5181 3326 5253 diptychis
3357 5179 3704 5237 denuntiatio

2125 5284 2285 5351 plane
2329 5289 2385 5336 et
2430 5281 2548 5335 sine
2595 5277 2968 5332 controversia
3021 5275 3137 5329 ﬁat.
3179 5274 3373 5329 Nullus
3407 5273 3551 5327 enim
3588 5270 3700 5338 jam

2127 5374 2346 5446 poterit,
2400 5381 2461 5426 ut
2528 5369 2789 5434 diximus,
2824 5371 2895 5424 ita
2931 5378 3125 5438 agente
3155 5375 3335 5421 vestra
3376 5362 3702 5424 sanctitate,

2124 5530 2424 5600 Sergioqne
2457 5526 2721 5600 pontiﬁci,
2747 5527 2838 5600 qui
2870 5533 3059 5580 contra
3094 5538 3154 5581 se
3176 5528 3420 5585 steterat,
3455 5516 3699 5571 debitum

2124 5598 2350 5655 ltonuris
2387 5598 2762 5653 testimonium
2793 5598 2905 5651 dat.

2193 5671 2271 5796 gat)
2302 5669 2681 5794 lQuaerendum
2707 5675 2952 5737 superest
2980 5666 3046 5722 de
3073 5664 3156 5721 his
3177 5661 3338 5718 Rom.
3364 5656 3696 5715 Pontiﬁcum

2121 5756 2238 5797 cms
2266 5755 2297 5796 ο
2323 5754 2391 5795 ιε.

2155 5750 2391 5812 pllellS.
