4152 6402
476 252 578 318 251

1615 259 1923 321 NICOLAI
1964 262 2076 326 ΕΡ.
2116 258 2651 323 PATRIARCHE

3639 260 3745 326 252

476 388 541 426 ex
579 370 666 425 bix
702 371 1055 441 pontificibus
1100 386 1291 428 ansam
1340 374 1580 440 arripere
1613 384 1964 446 tempestates
1999 378 2053 432 in
2084 423 2092 441 λ

2201 380 2393 450 ήρυξιν
2422 379 2642 449 ὁμαλῶς
2678 376 2769 431 καί
2827 377 3191 445 ἀφιλονείκως
3232 377 3512 446 γενέσθαι.
3563 381 3752 447 Οὐδεὶς

482 462 723 518 Ecclesia
746 472 931 533 postea
953 466 1248 530 excitandi,
1268 472 1490 535 propter
1515 478 1748 522 vestram
1773 471 2051 525 unionem.

2158 470 2266 541 γάρ
2290 471 2366 524 ἔτι
2393 472 2712 540 δυνήσεται,
2755 468 2945 539 ὥσπερ
2998 468 3234 538 ἔφημεν,
3273 467 3372 538 τῆς
3417 468 3573 539 ὑμῶν
3601 472 3757 539 chus-

480 554 752 622 Quoniam
801 568 981 611 autem
1031 572 1249 628 semper
1292 560 1506 629 aliquos
1542 562 1809 615 malorum
1865 571 2056 615 natura

2199 579 2320 631 ητος
2389 559 2738 631 πραττούσης
2772 558 2881 611 τῶν
2916 558 3152 611 ἐνταῦθα
3184 559 3495 629 ἀρχιερέων
3534 560 3631 612 καὶ
3680 562 3742 612 ts-

483 648 548 699 :lti
580 663 638 702 se
670 650 835 702 trahit
887 649 1070 719 (liceat
1102 661 1155 704 et
1184 651 1285 705 hoc
1314 651 1512 706 litteris
1540 652 1784 721 addere),
1833 663 1889 709 et
1930 663 2058 709 sunt

482 742 576 810 qui
612 742 1072 810 perturbationem
1107 744 1476 812 praeferentes,
1522 755 1574 799 et
1609 745 1861 801 Ecclesia
1898 756 2060 799 trau-

2201 746 2337 799 αῦτα
2383 748 2449 815 τῇ
2504 744 2807 814 Ἐκκλησία
2865 744 3052 796 ἕνεκεν
3103 743 3204 812 τῆς
3264 742 3425 811 ὑμῶν
3487 740 3778 803 ἐνώσεωςί

2178 837 2401 907 Ἐπειδὴ
2462 838 2520 890 δὲ
2578 836 2667 889 ἀεί
2697 853 2854 897 τινας
2890 838 2924 905 ἡ
2976 834 3087 889 τῶν
3115 834 3380 905 χειρόνων
3405 834 3567 900 φύσις
3606 832 3732 884 ἓλκτ
3768 878 3771 883 .

2166 933 2301 1004 πρὸς
2330 932 2527 1001 ἐαυτὴν
2550 931 2767 1000 (δεῖκαὶ
2789 928 2947 981 τοῦτο
2971 926 3290 999 προσθεῖναι
3319 924 3395 993 τῷ
3415 922 3734 995 γράμματι)

482 830 811 899 quillitatem
841 847 983 899 agre
1016 831 1275 895 ferentes,
1298 848 1327 885 ιι
1374 834 1533 889 nobis
1565 834 1775 902 seipsos
1812 836 2063 891 abscide-

486 930 636 985 runt,
696 910 1065 977 mandandum
1118 938 1411 979 censemus
1468 926 1662 980 vestris
1714 927 1933 996 legatis,
1982 937 2060 993 ut,

2165 655 2302 725 ρέων
2335 654 2662 724 προφάσεως
2692 652 2956 704 λαϐέσθαι
2985 650 3079 703 τοῦ
3103 650 3580 722 ζάληνηάνακινεῖν
3617 653 3748 719 μετέ
3778 668 3782 725 ξ

3778 712 3785 739 l

484 1015 747 1081 spectatis
776 1030 896 1083 quae
928 1014 1184 1070 Ecclesiae
1227 1017 1558 1083 conducant,
1617 1018 1748 1071 illud
1787 1018 1932 1073 circa
1961 1018 2065 1073 hos

2199 1028 2261 1075 ιαί
2306 1023 2411 1074 εἰσί
2447 1038 2592 1085 τινες
2625 1023 2673 1074 οἱ
2710 1020 3091 1090 προτιμῶντες
3124 1017 3227 1087 τὴν
3259 1015 3545 1084 ταραχὴν,
3574 1015 3668 1066 καὶ
3692 1015 3762 1083 τῇ

488 1104 771 1159 nobiscum
811 1116 1018 1161 etcum
1063 1106 1307 1163 Ecclesia
1355 1117 1656 1178 peragant;
1711 1111 1859 1179 quod
1910 1126 2069 1179 pera-

2201 1116 2601 1185 κκλησιαστικῇ
2646 1114 2860 1183 γαλήνῃ
2912 1110 3388 1179 δυσχεραίνοντες,
3431 1107 3765 1176 ἀπέρρηξαν

486 1210 614 1266 gere
639 1212 854 1264 aequum
881 1208 964 1251 est
998 1199 1251 1253 homines
1277 1199 1371 1268 qui
1397 1214 1495 1269 pro
1522 1201 1910 1257 ecclesiastica:
1936 1217 2068 1257 cono

489 1288 792 1342 stitutionis
827 1289 1081 1352 utilitate,
1125 1301 1178 1345 et
1226 1300 1351 1345 vota
1399 1289 1607 1347 faciunt
1639 1302 1692 1347 et
1718 1302 1776 1347 ut
1815 1308 1913 1349 sua
1944 1294 2067 1348 veta

2174 1207 2406 1268 ἑαυτοὺς
2448 1204 2509 1269 ἐξ
2557 1204 2741 1273 ἡμῶν,
2780 1200 3430 1269 ἐντείλασθαι’ἀξιοῦμεν
3461 1200 3573 1261 τοῖς
3606 1196 3766 1266 ὑμῶν

2173 1297 2495 1360 ἀποστόλοις
2520 1297 2593 1359 ὡς
2613 1295 2682 1349 τὰ
2716 1295 3066 1366 συμφέροντα
3101 1296 3168 1365 τῇ
3213 1292 3519 1361 Ἐκκλησία
3549 1289 3765 1358 σκεψά-

491 1393 614 1432 cum
655 1378 863 1433 cmlesti
906 1380 1286 1437 misericordia
1358 1383 1563 1438 bonum
1608 1385 1878 1454 accipiant
1908 1388 2069 1441 tinem

2199 1407 2350 1455 ιενοι,
2406 1391 2585 1443 ἐκεῖνο
2639 1389 2733 1440 καὶ
2787 1388 2917 1457 περὶ
2964 1386 3148 1439 αὐτῶν
3191 1385 3312 1454 μεθ’
3350 1383 3510 1454 ἡμῶν
3545 1383 3640 1435 καὶ
3664 1383 3769 1451 τῆς

490 1471 731 1525 student.
777 1471 1061 1527 Mittantur
1106 1485 1288 1529 autem
1342 1476 1490 1544 digni
1545 1486 1729 1531 vestra
1780 1477 2075 1533 sanctitate

490 1563 676 1631 legati,
731 1578 828 1632 per
870 1580 1032 1633 quos,
1085 1582 1208 1620 cum
1242 1566 1335 1621 Dei
1371 1583 1496 1637 ope,
1542 1568 1681 1623 bene
1726 1579 1779 1623 et
1815 1571 2076 1623 conveni-

491 1664 647 1709 enter
677 1670 766 1711 res
814 1657 1186 1713 Ecclesiarum
1238 1659 1543 1728 dirigantur
1585 1669 1641 1714 et
1683 1661 1913 1715 dixerim
1952 1661 2077 1729 qui-

2190 1480 2518 1550 Ἐκκλησίας
2558 1478 2997 1549 διαπράξωνται,
3054 1476 3085 1528 ὃ
3133 1477 3401 1546 πράττειν
3448 1475 3594 1535 six)»;
3638 1474 3769 1535 τοὺς

2180 1575 2319 1642 ὑπὲρ
2349 1574 2447 1641 τῆς
2498 1570 2783 1640 ἱερατικῆς
2815 1570 3229 1634 καταστάσεως,
3262 1571 3357 1622 καὶ
3393 1569 3559 1636 εὐχὴν
3581 1583 3774 1618 ποιου-

2185 1664 2379 1731 μένους
2412 1662 2507 1713 καὶ
2559 1661 2659 1729 τὴν
2698 1661 2866 1730 εὐχὴν
2902 1661 2999 1713 σὺν
3030 1662 3094 1728 τῇ
3132 1658 3341 1711 ἄνωθεν
3376 1657 3634 1726 εὐμενείᾳ
3668 1656 3771 1706 λα-

492 1748 640 1811 dem,
688 1750 735 1801 si
786 1750 902 1803 fieri
950 1757 1164 1819 posset,
1222 1750 1481 1815 Jacobns,
1528 1749 1621 1806 Dei
1661 1752 2074 1807 amantissimus

2199 1756 2297 1807 ἰεῖν
2350 1752 2523 1824 πέρας
2574 1722 2854 1815 λυσιτελὲς
2915 1722 3400 1811 διεσπουδακότανς.
3447 1722 3772 1801 ἶΑπὸστολοι

490 1839 826 1910 episc0pns;
866 1856 989 1896 cum
1024 1843 1166 1896 enim
1216 1843 1328 1911 jam
1377 1842 1443 1896 ad
1492 1859 1590 1899 nos
1636 1844 1867 1909 venerit,
1916 1845 2075 1899 nobis

496 1945 592 1997 per
622 1931 806 1984 omnia
841 1931 1038 2002 dignus
1076 1932 1285 2001 legatus
1333 1944 1535 1987 sanctae
1558 1932 1927 1987 Romanorum
1975 1932 2079 1987 Ec-

495 2020 679 2075 clesiae
718 2021 871 2078 risus
919 2032 1031 2088 est;
1086 2033 1181 2076 aut
1236 2024 1372 2077 alter
1427 2024 1645 2093 quidem
1702 2024 1829 2078 huic
1880 2024 2082 2079 virtute

498 2112 715 2168 similis.

2183 1845 2241 1897 δὲ
2275 1843 2416 1908 ἄξιοι
2464 1844 2558 1912 τῆς
2594 1841 2745 1911 ὑμῶν
2790 1842 3081 1910 ἁγιότητος
3122 1838 3663 1903 ἀποσταλείσθωσαν,
3698 1838 3774 1890 δι’

2186 1933 2261 1991 ὧν
2299 1938 2501 2017 χμέλλει
2553 1938 2650 1989 σὺν
2696 1936 2816 2005 Θεῷ
2848 1934 3029 1998 καλῶς
3068 1936 3164 1989 καὶ
3204 1934 3525 2004 πρεπόντως
3558 1932 3625 1985 τὰ
3656 1930 3775 1983 τῶν

2199 2018 2540 2100 Ἐκκλησιῶν
2562 2028 3000 2099 διευθετηθῆναι.
3046 2023 3315 2095 Λέγωμεν
3358 2026 3422 2093 δὴ
3451 2026 3499 2077 εί
3543 2023 3779 2076 δυνατὸν

2202 2120 2457 2181 Ίάκωὸος
2512 2120 2540 2173 ό
2575 2118 2987 2189 θεοφιλέστατος
3040 2118 3372 2178 sationem;-
3401 2117 3493 2168 καὶ
3538 2114 3647 2182 γάρ
3675 2112 3795 2165 καὶ-

499 2204 767 2276 πρότερον
810 2208 954 2279 πρὸς
1003 2209 1149 2279 ἡμεῖς
1208 2209 1449 2264 ἀνελθὼν
1505 2208 1647 2264 κατά
1693 2209 1872 2263 πάντα
1934 2209 2112 2274 ἔδοξεν
2151 2211 2283 2280 ἡμῖν
2343 2209 2469 2273 ἄξια
2518 2210 2615 2279 τῆς
2675 2209 2839 2277 ἁγίας
2884 2207 2998 2260 τῶν
3082 2206 3370 2275 Ῥωμαίων
3439 2203 3793 2272 Ἐκκλησίας

499 2300 880 2356 ἀποστέλλων·
948 2303 1045 2356 καὶ
1094 2304 1281 2374 ἕτερός
1333 2322 1415 2369 τις
1487 2303 1682 2373 ἐκείνῳ
1734 2305 1834 2375 τὴν
1877 2304 2078 2375 ἀρετὴν
2118 2306 2524 2376 παραπλήσιος.

1091 2441 1222 2497 LIV.
1262 2441 1500 2497 Incerto.

575 2580 688 2635 Etsi
724 2580 878 2651 plena
911 2580 1191 2634 hominum
1231 2580 1337 2635 vita
1366 2580 1631 2636 molestiis
1670 2590 1773 2645 est,
1808 2581 1970 2636 habet
2000 2588 2086 2636 ta-

506 2689 629 2728 men
693 2689 791 2744 pro
823 2675 1019 2728 solatio
1071 2673 1375 2727 amantium
1431 2674 1769 2744 frequentem
1825 2675 2087 2731 recorda-

504 2766 729 2821 tionem.
782 2765 879 2821 Ubi
929 2776 1109 2820 autem
1168 2766 1312 2820 istud
1345 2765 1517 2830 abest,
1572 2766 1875 2835 praisertim
1925 2768 2085 2836 sijus

506 2859 1003 2928 consanguinitatis
1033 2858 1086 2914 id
1122 2858 1385 2929 postulat,
1422 2867 1554 2913 tunc
1597 2859 1823 2929 insuper
1867 2861 2087 2916 dolores

508 2953 784 3007 adduntur
828 2952 1161 3031 dolentibus.
1193 2950 1362 3005 Porro
1396 2951 1502 3004 tale
1525 2951 1656 3021 quid
1691 2953 1847 3008 nobis
1871 2953 2087 3008 accidit.

2772 2421 2895 2476 ΝΕ.
2927 2421 3183 2488 Ἀδήλῳ.

2260 2560 2321 2612 ΕΞ
2354 2560 2448 2613 καὶ
2474 2558 2689 2630 πλήρης
2724 2561 2751 2611 ὁ
2782 2557 2888 2611 τῶν
2914 2557 3221 2627 ἀνθρώπων
3248 2556 3360 2626 βίος
3390 2556 3498 2609 τῶν
3537 2554 3777 2608 λυπούν-

2190 2670 2298 2705 των
2331 2652 2501 2718 ἐστὶν,
2536 2652 2684 2720 ὅμως
2714 2652 2829 2722 ἔχει
2858 2650 3218 2720 παραμυθίαν
3246 2650 3370 2703 τινὰ
3401 2648 3501 2717 τὴν
3529 2647 3639 2701 ἀπὸ
3665 2647 3795 2701 τῶν

2192 2742 2492 2810 φιλούντων
2551 2740 2812 2803 πολλάκις
2856 2742 3098 2811 μνήμην.
3163 2738 3335 2794 Ὅταν
3388 2740 3444 2791 δὲ
3506 2738 3663 2791 τοῦτο
3703 2738 3781 2807 μὴ

2195 2836 2368 2905 παρῇ,
2394 2835 2488 2887 καὶ
2533 2834 2767 2903 μάλιστα
2789 2832 2886 2887 τοῦ
2907 2832 3119 2887 δικαίου
3144 2834 3243 2903 τῆς
3274 2831 3595 2899 συγγενείας
3613 2832 3783 2885 άπαι-

2195 2932 2437 2995 τοῦντος,
2506 2930 2670 2985 πλέον
2725 2928 2953 2995 αὔξεται
3012 2932 3127 2991 τοῖς
3183 2926 3649 2997 λυπουμένοιςτά
3679 2926 3782 2978 λυο

510 3043 647 3096 Cum
689 3042 833 3095 enim
871 3028 1056 3094 multis
1091 3040 1590 3094 circumveniantur
1620 3039 1850 3109 singulis
1898 3040 2090 3093 diebus

2199 3023 2367 3094 πηρά.
2403 3022 2657 3077 Τοιοῦτόν
2680 3040 2734 3076 τι
2770 3021 2866 3075 καὶ
2898 3022 3029 3091 ἡμῖν
3064 3019 3374 3089 ἀπήντησε.
3418 3018 3641 3081 Πολλοῖς
3671 3018 3784 3085 γάρ

508 3151 632 3205 qnze
659 3134 909 3191 animum
947 3141 1174 3203 angunt,
1191 3133 1371 3188 nullus
1392 3132 1653 3202 (humano
1672 3132 1832 3187 modo
1854 3133 2088 3201 loquor);

2192 3116 2316 3169 καθ’
2350 3116 2588 3186 ἑκάστην
2627 3112 3165 3184 περιστοιχιζόμενοι
3208 3114 3321 3174 τοῖς
3356 3108 3649 3177 ἀλγύνουσι
3680 3108 3785 3175 τὴν

511 3226 769 3284 solatium
846 3224 1028 3280 ferens
1097 3226 1245 3280 visus
1298 3234 1402 3280 est.
1452 3224 1534 3279 -Et
1586 3236 1815 3280 caeteros
1872 3224 2091 3293 quidem

2199 3202 2393 3273 ψυχὴν,
2444 3204 2546 3256 ὅσα
2609 3219 2674 3272 γε
2731 3203 2801 3257 τά
2853 3201 3175 3272 ἀνθρώπινα
3232 3201 3413 3263 οὐδεὶς
3463 3200 3596 3269 ἡμῖν
3626 3198 3784 3267 ὤφθη

511 3319 708 3373 omitto
748 3336 761 3373 :
802 3316 1237 3387 consanguineos
1285 3332 1414 3371 vero
1460 3318 1694 3371 similem
1745 3330 1935 3387 gerere
1977 3316 2095 3370 ani-

508 3426 688 3477 mum,
736 3411 1013 3481 quomodo
1051 3410 1175 3480 quis
1207 3410 1459 3480 ignorare
1505 3409 1701 3478 possit,
1736 3408 1842 3463 nisi
1872 3408 2096 3463 omnino

517 3518 699 3556 rerum
738 3503 1100 3557 humanarum
1138 3518 1305 3558 sensu
1337 3502 1563 3557 careat?
1614 3500 1739 3555 Haec
1765 3499 1948 3556 scribo
1986 3516 2095 3555 non

509 3602 577 3649 ut
604 3595 956 3665 exprobrem,
1002 3595 1097 3651 sed
1148 3605 1205 3649 ut
1235 3609 1517 3658 renovem,
1569 3594 1616 3648 si
1662 3595 1816 3656 libet,
1862 3607 2097 3648 consan-

514 3687 805 3759 guinitatis
858 3687 1143 3743 illecebras
1193 3695 1248 3741 et
1297 3687 1458 3740 aliam
1502 3685 1757 3741 amicitiae
1804 3685 2096 3751 rationem,

507 3795 681 3851 quam
717 3779 857 3834 haud
883 3779 997 3835 scio
1025 3778 1305 3849 quomodo
1343 3777 1502 3833 nobis
1533 3776 1831 3833 observare
1859 3791 2100 3847 praesens

511 3883 735 3943 tempus
786 3886 896 3927 non
941 3870 1151 3927 siverit.
1192 3869 1424 3936 Quantis
1455 3870 1601 3925 enim
1644 3869 1915 3939 angustiis
1944 3883 2101 3922 com-

515 3963 775 4034 prehensi
833 3963 1096 4019 fuerimus
1150 3978 1257 4017 non
1314 3962 1555 4017 arbitror
1609 3970 1682 4027 te,
1730 3962 1894 4015 etiam
1943 3960 2101 4016 nobis

515 4072 634 4113 non
690 4056 1101 4121 scribentibus,
1165 4056 1439 4125 ignorare.
1500 4053 1577 4108 Te
1631 4064 1813 4108 autem
1876 4051 2103 4106 omnino

516 4149 753 4203 decebat
787 4156 846 4200 ut
896 4158 1245 4216 praesentem,
1283 4162 1404 4200 cum
1441 4146 1598 4201 nobis
1634 4143 1908 4201 scribendi
1937 4142 2107 4199 facul-

516 4247 609 4293 tas
635 4253 741 4291 non
764 4245 927 4299 esset,
955 4237 1181 4289 Romam
1209 4236 1355 4288 adire
1384 4244 1437 4289 et
1459 4232 1869 4288 sanctissimum
1902 4230 2103 4300 Papam

516 4338 581 4384 et
616 4329 840 4383 fratrem
878 4336 1124 4382 nostrum
1160 4326 1445 4383 certiorem
1506 4327 1685 4382 facere
1733 4325 1801 4378 de
1850 4324 1933 4381 bis
1984 4338 2105 4393 qua:

2197 3296 2378 3367 φέρων
2400 3295 2752 3367 παραψυχήν.
2810 3296 2919 3350 Καὶ
2974 3295 3098 3358 τοὺς
3139 3295 3241 3364 μὲν
3270 3293 3464 3355 ἄλλους
3505 3291 3600 3355 ἐῶ,
3643 3291 3702 3344 τὸ
3728 3290 3787 3343 δὲ

2196 3394 2291 3446 καὶ
2321 3394 2606 3461 συγγενεῖς
2656 3392 2757 3463 τὴν
2796 3391 2990 3463 ὁμοίαν
3034 3392 3227 3461 φέρειν
3256 3389 3523 3451 διάθεσιν,
3561 3385 3677 3448 πῶς
3719 3386 3789 3440 ἄν

2199 3502 2280 3548 τις
2316 3485 2534 3555 παρίδοι
2596 3485 2671 3557 μὴ
2704 3484 2828 3538 λίαν
2861 3484 2938 3537 ὢν
2978 3484 3088 3537 τῶν
3120 3482 3482 3547 ἀνθρωπίνων
3518 3477 3787 3548 πραγμά-

2198 3596 2306 3632 των
2337 3578 2775 3650 ἀνεπαίσθητος;
2824 3577 3027 3647 Γράφω
3078 3574 3250 3630 ταῦτα
3282 3574 3383 3629 οὐκ
3429 3570 3791 3636 ἐξονειδίζων,

2200 3672 2316 3727 ἀλλ’
2347 3670 2717 3736 ἁνακαινίζων
2770 3672 2819 3723 εί
2853 3670 3032 3741 βούλει
3068 3669 3131 3722 τὸ
3179 3664 3504 3735 συγγενικὸν
3539 3663 3791 3733 φίλτρον,

2200 3764 2296 3818 καὶ
2326 3764 2425 3834 τὴν
2457 3763 2625 3834 ἄλλην
2653 3762 2839 3833 σχέσιν
2887 3764 2987 3833 τῆς
3038 3760 3247 3831 φιλίας,
3289 3760 3356 3829 ἣν
3388 3757 3490 3812 οὐκ
3523 3751 3642 3808 οἶδα
3672 3752 3794 3814 πῶς

2200 3854 2325 3909 ὅσον
2359 3857 2495 3926 ἡμῖν
2535 3856 2823 3909 κατανοεῖν
2870 3856 2899 3907 ὁ
2940 3852 3133 3923 παρὼν
3170 3850 3410 3919 ἐκάλυψε
3456 3847 3671 3919 χρόνος.
3709 3846 3798 3898 Τά

2207 3946 2438 4020 μὲνγὰρ
2475 3947 2723 4020 ἡμέτερα
2783 3946 2929 4010 οἵαις
2986 3946 3257 4014 ἀνάγκαις
3300 3941 3660 4012 συνειχόμεθα
3695 3939 3796 4007 οὐχ

2206 4042 2582 4113 ὑπολαμϐάνω
2636 4058 2698 4094 σε
2746 4040 2840 4095 καὶ
2874 4038 2950 4111 μὴ
2986 4039 3311 4111 γραφόντων
3360 4038 3522 4106 ἡμῶν
3549 4037 3794 4100 ἀγνοεῖν.

2206 4136 2273 4189 Σὲ
2319 4135 2376 4189 δὲ
2431 4136 2649 4197 πάντως
2694 4133 2939 4203 ἔπρεπεν
2986 4135 3046 4185 ἐν
3090 4133 3203 4195 τοῖς
3278 4129 3467 4183 αὐτόθι
3524 4127 3805 4198 παρόντα,

2208 4228 2314 4283 κᾶν
2359 4228 2520 4298 ἡμεῖς
2566 4226 2923 4298 ἐκωλυόμεθα
2953 4226 3207 4295 γράφειν,
3242 4224 3336 4280 καὶ
3368 4222 3503 4292 πρὸς
3528 4220 3626 4291 τὴν
3663 4217 3799 4273 Ῥῶ·

2212 4338 2320 4393 μην
2365 4320 2807 4393 παραγενέσθαι,
2858 4321 2953 4375 καί¹
2986 4320 3079 4374 τὸν
3128 4318 3436 4388 ἁγιώτατον
3475 4318 3675 4372 Πάπαν
3701 4313 3802 4367 καὶ

520 4416 687 4473 nobis
725 4427 1020 4469 evenerant
1051 4415 1180 4480 (non
1211 4416 1353 4469 enim
1385 4416 1512 4484 quid
1549 4426 1600 4469 te
1635 4415 1837 4471 latebat
1884 4390 2092 4469 nostra-

2209 4390 2634 4486 ἀδελφὸν-ήμῶν
2658 4412 2973 4478 ἀναδιδάξαι
2996 4412 3065 4468 τά
3094 4414 3177 4474 είς
3203 4412 3352 4489 ἡμᾶς
3407 4407 3804 4477 συμϐεϐηκότα

522 4522 650 4562 mm
686 4507 1046 4561 tentationum
1076 4516 1131 4561 et
1162 4512 1553 4577 aerumnarum)
1597 4516 1651 4562 et
1681 4506 1941 4562 Ecclesiae
1973 4520 2102 4573 per-

532 4597 923 4663 turbationem,
976 4606 1159 4651 notam
1194 4597 1298 4670 ipsi
1330 4597 1529 4663 facere,
1574 4605 1629 4653 et
1671 4597 1899 4651 suadere
1943 4595 2017 4650 illi
2051 4604 2111 4651 ut

523 4688 921 4759 apocrisiarios
951 4689 1189 4744 mitteret
1236 4690 1303 4744 ad
1350 4686 1568 4743 fratrem
1607 4687 1865 4759 injuriam
1898 4685 2111 4756 patien—

528 4792 661 4848 tem,
696 4790 751 4836 et
792 4791 851 4837 ut
876 4782 1333 4845 collaboraretlad
1365 4781 1661 4837 Ecclesiam
1697 4790 1940 4835 nostram
1972 4792 2111 4833 eon-

532 4884 792 4943 grnenter
840 4890 997 4929 sacro
1048 4874 1210 4930 statui
1248 4874 1662 4938 restituendam,
1722 4881 1777 4926 et
1805 4887 1869 4925 ex
1898 4869 2112 4940 quartis

532 4968 742 5037 nuptiis
798 4977 923 5021 nata
987 4964 1241 5023 scandala
1295 4967 1616 5036 corrigeret,
1669 4971 1889 5034 prepter
1945 4975 2110 5030 quam

534 5060 954 5123 correctionem,
1007 5060 1126 5131 ejus
1180 5075 1379 5115 nomen
1431 5060 1487 5113 in
1538 5057 1713 5114 sacris
1762 5055 1966 5111 nostris
1994 5053 2117 5124 dip-

540 5153 714 5226 tychis
746 5153 1159 5208 rescribendum
1187 5163 1242 5209 et
1277 5168 1402 5208 eum
1438 5160 1627 5207 nostra
1667 5146 2116 5204 denominatione

536 5255 684 5303 esset
726 5247 1176 5304 denuntiandum.

620 5528 726 5583 Sed
773 5530 1035 5597 quoniam
1074 5526 1186 5579 haec
1237 5524 1421 5578 omnia
1462 5522 1573 5591 jam
1629 5522 2030 5591 praeterierunt,
2074 5529 2128 5576 et

545 5622 800 5676 Christus
838 5619 982 5676 Deus
1012 5627 1199 5674 noster
1241 5625 1296 5671 ct
1334 5630 1566 5686 magnus
1616 5614 1860 5669 Pontifex
1906 5614 2128 5669 inresti-

552 5711 719 5781 gabili
770 5729 867 5769 sua
914 5710 1183 5782 sapientia
1220 5710 1445 5766 multant
1490 5708 1627 5764 hanc
1664 5707 2126 5777 perturbationem

2214 4507 2298 4579 (οὐ
2326 4507 2434 4577 γάρ
2474 4506 2739 4560 ἐλάνθανέ
2774 4506 2834 4559 σέ
2865 4523 2918 4560 τι
2963 4505 3073 4559 τῶν
3104 4504 3225 4558 καθ’
3262 4503 3422 4573 ήμῶν
3446 4498 3802 4564 ἐπιϐουλῶν),

2214 4599 2307 4653 καὶ
2340 4598 2441 4669 τῆς
2458 4598 2739 4669 ’ἐπηρείας
2769 4598 2863 4653 καὶ
2889 4598 2988 4668 τῆς
3026 4595 3361 4666 Ἐκκλησίας
3396 4594 3495 4663 τὴν
3524 4589 3801 4662 ταραχὴν,

2214 4696 2313 4765 ὅση
2341 4708 2426 4756 τις
2471 4687 2539 4762 ἧν
2562 4692 2832 4761 γνωρίσαι
2883 4689 3055 4761 αὐτῷ,
3089 4689 3187 4743 καὶ
3230 4690 3421 4741 πεῖσαι
3468 4687 3806 4754 ἀποκρισια-

2220 4786 2371 4856 ρίους
2415 4786 2621 4838 στεῖλαι
2678 4784 2818 4853 πρὸς
2859 4782 3092 4849 ἀδελφὸν
3141 4778 3497 4851 ἠδικημένον,
3544 4777 3638 4829 καὶ
3673 4790 3810 4826 συν-

2218 4876 2593 4945 αγωνίσασθαι
2626 4878 2763 4947 πρός
2791 4892 2851 4929 τε
2878 4876 2939 4929 τὸ
2957 4873 3055 4945 τὴν
3099 4871 3429 4940 Ἐκκλησίαν
3459 4867 3620 4939 ἡμῶν
3650 4866 3812 4919 ἀπο·-

2220 4968 2558 5036 καταστῆναι
2597 4966 2763 5031 ἀξίως
2811 4966 2911 5035 τῆς
2964 4966 3115 5035 ἱερᾶς
3149 4961 3563 5023 καταστάσεως,
3608 4958 3703 5011 καὶ
3733 4956 3813 5009 τὰ

2221 5061 2285 5112 ἐκ
2331 5059 2425 5113 τοῦ
2478 5059 2740 5128 τετάρτου
2772 5057 2954 5127 γάμου
3006 5055 3320 5124 ἀναφυέντα
3348 5050 3628 5106 σκάνδαλα
3659 5048 3811 5117 διορ-

2224 5149 2525 5213 θώσασθαι,
2582 5150 2642 5202 οὐ
2705 5149 2810 5219 μὴν
2840 5149 2977 5201 άλλά
3020 5149 3117 5201 καὶ
3156 5147 3217 5200 τὸ
3245 5145 3458 5198 ἐκείνου
3500 5142 3677 5211 ὄνομα
3716 5138 3813 5193 διὰ

2220 5244 2323 5314 τῆς
2360 5242 2617 5312 τοιαύτης
2646 5240 2987 5313 διορθώσεως
3018 5243 3076 5293 ἐν
3099 5241 3213 5303 τοῖς
3241 5239 3407 5309 ἱεροῖς
3434 5236 3594 5306 ἡμῶν
3615 5232 3815 5287 arma-

2224 5348 2341 5402 κοις
2369 5331 2717 5403 ἐγγραφῆναι
2746 5332 2843 5385 καὶ
2886 5330 3023 5403 μετά
3053 5331 3152 5399 τῆς
3186 5327 3462 5399 ἡμετέρας
3491 5320 3814 5391 ἀνακηρύτ-

2226 5424 2415 5478 τεσθαι
2449 5426 2714 5495 κλήσεως.

2300 5520 2442 5573 Ἀλλ’
2501 5520 2623 5572 ἐπεὶ
2682 5519 2856 5573 ταῦτα
2916 5516 3194 5589 παρῆλθεν
3258 5514 3382 5585 ἤδη,
3432 5511 3525 5565 καὶ
3572 5507 3813 5579 Χριστὸς

2229 5616 2257 5665 ὁ
2300 5613 2432 5676 Θεὸς
2467 5610 2625 5682 ἡμῶν
2678 5611 2706 5662 ὁ
2761 5608 2979 5680 πρῶτος
3020 5608 3115 5661 καὶ
3173 5607 3347 5678 μέγας
3398 5600 3695 5675 ἀρχιερεὺς
3741 5600 3811 5668 τῇ

2232 5706 2642 5777 ἁνεξερευνήτιει
2685 5702 2853 5758 αὑτοῦ
2890 5700 3055 5772 σοφίᾳ
3083 5700 3182 5770 τὴν
3219 5698 3423 5769 πολλὴν
3465 5694 3683 5763 ἐκείνην
3717 5708 3813 5745 ταο
