4152 6428
487 295 595 358 255

1632 298 1946 359 NICOLAI
1986 298 2098 360 (ΣΡ.
2146 298 2669 362 ΡΑΤΒΙΑΒΕΗᾸΞ

3655 298 3763 361 256

486 411 612 479 bus)
646 407 787 463 facta
818 415 900 465 est
931 414 1115 464 tamen
1150 414 1302 472 tunc,
1334 416 1388 461 et
1420 406 1549 462 hinc
1574 417 1797 480 accepta
1829 410 2066 481 origine.

2185 405 2283 459 τῶν
2337 407 2806 476 ἐπηρεασάντωνο
2861 407 3003 477 πλὴν
3054 404 3323 475 ἐγένετο),
3362 405 3424 461 τὸ
3467 406 3568 477 μέν
3600 424 3653 461 τι
3688 412 3772 464 iv-

487 513 602 557 tum
631 510 686 555 et
718 515 783 555 ex
811 508 1000 554 sancta
1036 498 1411 554 Romanorum
1449 499 1731 567 Ecclesia;
1776 513 1831 556 et
1858 503 2074 571 cxpulsr

486 592 696 648 fuimus
759 590 1007 645 Ecclesia
1058 599 1282 657 nostra,
1320 607 1445 646 cum
1486 593 1616 646 nihi'
1653 594 2076 663 deliquissemus

487 685 602 740 sive
626 690 817 737 contra
850 680 1222 737 Romanorum
1254 682 1575 743 Ecclesiam.
1609 684 1724 738 sive
1763 694 1951 739 contra
1981 700 2074 741 eos

486 778 580 847 qui
626 775 713 829 hic
743 785 893 840 sunt,
942 773 1070 828 licet
1096 789 1278 828 coram
1319 774 1429 829 Deo
1480 776 1850 830 indesinenter
1879 790 2076 847 pecca-

494 883 641 922 mus.
680 867 745 920 Et
776 883 839 921 ex
873 867 974 921 hac
1023 882 1189 921 causa
1257 866 1577 936 prodierunt
1620 868 1901 935 scandala,
1953 884 2076 940 quae

407 969 410 972 ’
488 958 787 1013 secundum
836 959 1105 1013 humanas
1161 974 1285 1029 spes
1342 974 1560 1013 omnem
1592 962 1863 1018 medelam
1915 977 2076 1017 exce-

497 1049 708 1104 derent.
752 1048 856 1103 Sed
889 1050 982 1119 qui
1022 1050 1296 1104 mirabilia
1331 1060 1594 1119 operatur
1639 1051 1809 1121 Deus,
1843 1062 1899 1109 et
1928 1069 2076 1109 nunc

487 1143 697 1207 statim,
754 1152 808 1197 et
857 1156 924 1196 eo
974 1158 1084 1212 quo
1128 1142 1312 1198 nullus
1354 1144 1613 1213 sperabat
1658 1147 1845 1214 modo,
1892 1147 2076 1203 attulit

486 1233 763 1289 scandalis
810 1233 1144 1289 solutionem
1201 1242 1256 1289 et
1308 1234 1365 1289 in
1422 1237 1877 1307 tranquillitatem
1936 1255 2075 1295 eon-

486 1326 648 1380 vertit
690 1326 981 1395 procellam
1038 1339 1160 1395 qua:
1208 1340 1311 1381 nos
1329 1326 1442 1396 jam
1476 1342 1507 1382 a
1556 1328 1868 1396 quindecim
1915 1331 2075 1386 annis

485 1416 838 1470 vehementer
879 1417 1218 1488 exagitabat.
1280 1414 1349 1470 Et
1398 1417 1631 1488 gratiam
1674 1419 1969 1477 referimus
2018 1431 2075 1478 et

485 1504 726 1560 debitam
777 1504 1005 1575 gloriam
1055 1505 1389 1562 benefacrori
1439 1508 1506 1563 de
1555 1517 1761 1564 nostrze
1814 1508 2075 1569 Ecclesiae

484 1599 911 1655 restauratione.

2104 1742 2148 1797 Β

559 1786 947 1843 Desideramus
977 1796 1161 1842 autem
1195 1796 1249 1844 et
1281 1790 1561 1861 antiquam
1590 1792 1874 1848 vobiscum
1908 1796 2070 1850 unio-

486 1894 635 1944 nem,
670 1886 725 1934 et
758 1889 1047 1949 propterea
1079 1882 1235 1936 vobis
1270 1883 1581 1950 scribimus,
1627 1895 1739 1940 tum
1786 1886 1854 1945 de
1883 1898 2070 1944 nostra
2104 1880 2112 1891 ’

490 1969 884 2025 constitutione
954 1969 1131 2026 fausta
1202 1975 1541 2040 nuntiantes,
1600 1984 1715 2030 tum
1791 1978 2073 2037 trahentes

492 2077 592 2118 vos
624 2063 689 2117 ad
742 2062 1038 2117 fraternam
1088 2065 1434 2120 dileCtionem
1471 2075 1527 2122 et
1574 2069 1913 2126 societatem.
1957 2069 2074 2128 Hoc

487 2163 669 2210 autem
725 2154 885 2210 facile
932 2156 1044 2220 ﬁet,
1090 2157 1252 2213 modo
1309 2158 1511 2215 velitis.
1573 2161 1872 2218 Dicendum
1926 2164 2069 2221 enim

488 2248 832 2303 solummodo
869 2265 932 2303 ea
961 2265 1083 2320 qua:
1111 2251 1269 2306 nobis
1300 2260 1608 2308 evenerunt
1652 2254 1798 2310 circa
1848 2266 2072 2327 quartas

488 2341 737 2410 nuptias,
774 2350 1000 2412 propter
1035 2344 1469 2412 compassionem
1504 2360 1631 2417 erga
1682 2347 2071 2418 imperatorem

376 2479 383 2486 .
488 2432 634 2489 facta
663 2433 853 2501 fuisse,
890 2450 999 2489 non
1037 2445 1221 2490 autem
1250 2438 1555 2493 secundum
1591 2439 1643 2494 id
1675 2441 1817 2509 quod
1848 2441 2075 2497 decebat

487 2525 790 2581 Ecclesium
823 2536 875 2581 et
903 2528 1224 2598 gravitatem
1260 2525 1564 2585 Christiani
1612 2531 1916 2604 regiminis.
1953 2533 2072 2590 Nen

486 2619 631 2673 cnim
696 2618 839 2675 istud
896 2618 1122 2690 dignum
1192 2621 1573 2678 Romanorum
1630 2625 1877 2682 Ecclesia
1928 2626 2071 2682 viam

485 2712 698 2768 scilicet
740 2714 956 2782 aperire
989 2714 1204 2784 quartis
1236 2715 1465 2785 nuptiis,
1512 2723 1568 2770 et
1600 2716 1881 2772 licentiam
1935 2734 2074 2789 pra:-

487 2806 617 2860 bere
648 2805 716 2861 iis
751 2806 845 2876 qui
881 2805 1194 2878 polygamia
1227 2808 1393 2862 vitam
1427 2810 1717 2879 pecuinam
1766 2826 1930 2883 agere
1975 2828 2073 2869 vo-

486 2899 628 2952 lunt.
669 2898 862 2969 Igitur,
910 2907 971 2953 ut
1004 2899 1210 2955 dictum
1252 2910 1359 2965 est,
1408 2912 1631 2972 propter
1660 2904 1799 2960 hanc
1826 2920 2073 2971 causam,

485 2997 705 3058 quarta:
743 2988 963 3058 quidem
1017 2993 1222 3060 nuptiae
1273 2992 1644 3061 damnantur;
1696 2997 1842 3064 quod
1890 3007 2073 3051 autem

2180 496 2368 550 τεῦθεν
2407 497 2648 552 λαϐοῦσα
2680 498 2779 568 τὴν
2804 498 3085 569 ἀφορμὴν,
3105 497 3166 550 τὸ
3194 498 3251 551 δὲ
3274 499 3366 552 καὶ
3389 498 3455 553 ἐκ
3483 500 3583 576 τῆς
3613 500 3774 568 άγῖας

2176 587 2287 641 τῶν
2347 587 2639 658 Ῥωμαίων
2687 589 3043 660 Ἐκκλησίας,
3087 590 3181 641 καὶ
3234 589 3612 660 ἀπηλάθημεν
3677 594 3777 663 τῆς

2192 680 2519 751 Ἐκκλησίας
2554 682 2735 753 ἡμῶν,
2770 683 2925 736 οὐδὲν
2950 680 3076 735 οὔτε
3104 684 3170 753 τῇ
3205 681 3498 752 Ῥωμαίων
3516 685 3779 738 πταίσαν-

2175 789 2270 836 τες
2297 772 2621 844 Ἐκκλησίᾳ,
2673 773 2799 828 οὔτε
2860 776 2975 838 τοῖς
3002 774 3268 839 ἐνταῦθα,
3300 777 3349 828 εἰ
3384 778 3479 829 καὶ
3510 776 3649 847 πρὸς
3686 776 3778 830 τὸν

2176 864 2314 919 Θεὸν
2336 865 2607 936 διηνεκῶς
2640 867 3033 937 ἁμαρτάνομεν
3056 907 3071 920 .
3116 867 3230 921 Καὶ
3272 867 3474 937 συνέϐη
3502 870 3778 924 σκάνδαλα

2178 961 2244 1012 ὲκ
2273 959 2374 1028 τῆς
2423 960 2603 1021 αἰτίας
2646 961 2876 1032 ταύτης,
2915 962 3041 1016 ὅσον
3080 942 3162 1025 εἰς
3190 960 3498 1033 ἀνθρώπων
3529 964 3780 1036 ὑπῆρχεν

2178 1051 2423 1118 ἐλπίδας,
2464 1054 2647 1107 πᾶσαν
2676 1053 2917 1107 νικῶντα
2975 1053 3307 1125 θεραπείαν.
3332 1053 3479 1108 Ἀλλ’
3522 1058 3550 1109 ὁ
3593 1056 3783 1125 παρά-

2175 1144 2304 1210 δοξα
2338 1144 2510 1200 ποιῶν
2529 1146 2665 1209 Θεὸς
2692 1147 2904 1209 ἐκεῖνος
2935 1146 3032 1200 καὶ
3071 1145 3168 1200 νῦν
3200 1146 3422 1216 ἀθρόον,
3453 1147 3549 1200 καὶ
3574 1146 3650 1209 ὡς
3678 1147 3782 1203 οὐκ

2176 1235 2242 1290 ἀν
2269 1251 2354 1298 τις
2389 1234 2620 1305 ἤλπισεν
2645 1236 2925 1307 ἐπήνεγκε
2958 1236 3070 1291 τῶν
3115 1237 3440 1291 σκανδάλων
3477 1237 3580 1307 τὴν
3601 1237 3778 1303 λύσιν,

2179 1328 2273 1381 καὶ¹
2313 1328 2414 1398 τὴν
2461 1328 2712 1399 ταραχὴν
2782 1330 3123 1400 μετήνεγκεν
3182 1330 3267 1394 είς
3314 1329 3598 1401 γαλήνην,
3667 1329 3783 1383 too?)

2178 1420 2675 1477 πεντεκαιδέκατον
2709 1420 2828 1486 ἔτος
2877 1422 3134 1493 χαλεπῶς
3161 1424 3311 1494 ἡμᾶς
3339 1424 3734 1495 ἑκταράξασαν
3762 1441 3778 1454 θ

2179 1512 2272 1566 καὶ
2298 1513 2463 1585 χάριν
2489 1514 2589 1582 μὲν
2613 1514 2963 1586 ἀναφέρομεν
2983 1515 3064 1587 τῷ
3084 1515 3356 1590 εὐεργέτῃ
3388 1517 3481 1569 καὶ
3500 1519 3602 1588 τὴν
3628 1516 3784 1585 ὀφει-

2176 1604 2411 1677 λομένην
2442 1604 2605 1672 δόξαν
2644 1608 2740 1661 ἐπὶ
2794 1610 2860 1680 τῇ
2916 1608 3255 1663 καταστάσει
3304 1610 3406 1679 τῆς
3453 1609 3580 1663 καθ’
3622 1611 3781 1680 ἡμᾶς

2189 1697 2539 1768 Ἐκκλησίας.

2250 1791 2658 1863 Ἐπιποθοῦμεν
2714 1793 2772 1847 δὲ
2828 1793 2924 1846 καὶ
2981 1792 3082 1862 τὴν
3143 1793 3267 1863 μεθ’
3327 1793 3488 1863 ὑμῶν
3538 1795 3809 1865 ἀρχαίαν-

2179 1880 2392 1944 ἓνωσιν,
2420 1883 2516 1936 καὶ
2545 1883 2633 1936 διά
2665 1883 2824 1937 τοῦτο
2864 1883 3154 1954 γράφομεν
3186 1886 3336 1956 ὑμῖν,
3370 1884 3487 1954 ἅμα
3516 1886 3615 1953 μὲν
3647 1890 3785 1955 περὶ

2178 1970 2280 2041 τῆς
2308 1972 2466 2043 ἡμῶν
2490 1974 2886 2038 καταστάσεως
2921 1974 3242 2043 εὐαγγέλια,
3275 1975 3394 2045 ἅμα
3417 1974 3476 2028 δὲ
3502 1975 3600 2029 καὶ
3626 1977 3786 2046 ὑμᾶς

2178 2064 2431 2130 ἕλκοντες
2471 2066 2611 2137 πρὸς
2650 2067 2752 2137 τὴν
2798 2066 3100 2137 ἀδελφικὴν
3161 2067 3384 2138 ἀγάπην
3418 2084 3478 2120 τε
3515 2067 3611 2121 καὶ
3647 2084 3785 2120 συν-

2181 2158 2403 2227 άφειαν.
2464 2155 2639 2212 Τοῦτο
2685 2158 2743 2212 δὲ
2802 2158 3098 2230 γενήσεται
3171 2159 3373 2230 ῥᾳδίως
3425 2159 3785 2231 βουλομένων

2181 2249 2362 2320 ὑμῶν.
2409 2250 2687 2315 Ἐξειπεῖν
2728 2250 2841 2323 γὰρ
2885 2252 2971 2305 δεῖ
3001 2251 3164 2320 μόνον
3211 2253 3287 2316 ὡς
3324 2254 3393 2307 τά
3429 2254 3784 2325 γεγενημένα

2180 2342 2315 2414 ἡμῖν
2341 2342 2472 2415 περὶ
2503 2341 2600 2396 τοῦ
2650 2343 2920 2416 τετάρτου
2950 2343 3158 2415 γάμου,
3195 2343 3385 2398 ἕνεκεν
3428 2344 3528 2415 τῆς
3565 2345 3787 2416 βασιλι-

2181 2436 2285 2506 κῆς
2317 2434 2670 2504 συμπαθείας
2699 2436 2976 2508 ἐπράχθη,
3006 2439 3105 2490 καὶ
3147 2438 3209 2490 οὐ
3239 2438 3380 2491 κατά
3409 2436 3471 2493 τὸ
3496 2441 3787 2510 προσῆκον

2179 2530 2246 2599 τῇ
2286 2528 2593 2600 Ἐκκλησία
2638 2529 2732 2583 καὶ
2778 2531 2845 2599 τῇ
2897 2529 3191 2600 σεμνότητι
3237 2529 3340 2599 τῆς
3377 2531 3784 2602 Χριστιανικῆς

2182 2620 2483 2685 πολιτείας.
2515 2621 2652 2675 Οὐδὲ
2686 2620 2796 2694 γὰρ
2817 2621 2968 2689 ἀξιον
2998 2621 3158 2676 τοῦτο
3183 2622 3285 2691 τῆς
3325 2622 3616 2691 Ῥωμαίων
3647 2622 3785 2677 Ἐκ-

2182 2711 2416 2783 κλησίας
2444 2710 2631 2784 χώραν
2694 2712 3014 2781 ύπανοίγειν
3059 2711 3139 2783 τῷ
3167 2713 3419 2784 τετάρτῳ
3449 2714 3640 2785 γάμῳ.
3682 2717 3783 2770 καὶ

2184 2805 2455 2877 παρέχειν
2506 2805 2821 2877 ἐπιτροπὴν
2879 2807 2994 2867 τοῖς
3052 2804 3403 2876 βουλομένοις
3457 2805 3786 2879 πολυγαμίᾳ

2183 2896 2322 2968 πρὸς
2350 2896 2442 2950 τὸν
2474 2895 2726 2967 κτηνὼδη
2766 2896 2880 2967 βίον
2910 2895 3247 2964 ὑπάγεσθαι.
3283 2894 3374 2957 Ὧς
3410 2888 3505 2949 οὖν
3536 2895 3780 2966 εἷρηται.

2182 2989 2272 3044 διὰ
2293 2988 2501 3059 ταύτην
2513 2989 2614 3058 τὴν
2639 2987 2846 3054 αἰτίαν,
2873 2989 2901 3042 ὁ
2926 2987 3029 3059 μὲν
3045 2988 3305 3058 τέταρτος
3331 2980 3783 3057 ἀποκηρυχθήτω

488 3080 691 3135 factum
725 3090 831 3143 est,
879 3081 1234 3152 indulgentiae
1264 3084 1609 3155 imperatoris
1639 3090 2076 3153 commendetur,

2185 3080 2387 3151 γάμος,
2439 3078 2500 3132 τὸ
2553 3078 2611 3132 δὲ
2640 3076 2887 3150 πραχθὲν
2919 3076 3058 3149 πρὸς
3106 3074 3204 3147 τὴν
3236 3076 3529 3147 βασιλικὴν
3565 3075 3780 3142 ἀναφε-

487 3183 543 3226 et
576 3172 643 3227 de
668 3182 888 3236 cartero,
928 3172 1023 3227 Dei
1054 3178 1229 3246 gratia
1264 3178 1662 3246 conjnngamur
1695 3179 1840 3234 sicut
1869 3197 1897 3234 a
1935 3182 2083 3250 prin-

490 3264 659 3332 cipio,
697 3279 800 3319 nec
828 3265 1065 3335 amplius
1092 3265 1244 3322 locus
1278 3268 1383 3322 erit
1414 3269 1510 3321 ulli
1562 3269 1632 3323 ab
1680 3269 1910 3326 invicem
1947 3271 2084 3326 divi-

489 3355 657 3411 sioni.
693 3355 799 3410 Sed
849 3366 904 3412 et
949 3357 1316 3427 apocrisiarii,
1365 3359 1522 3429 juxta
1576 3370 1812 3416 veterem
1850 3378 2080 3429 morem,

491 3448 619 3502 inde
647 3448 715 3503 ad
756 3463 856 3504 nos
904 3457 959 3504 et
984 3449 1114 3505 hinc
1163 3450 1229 3504 ad
1276 3466 1374 3506 vos
1415 3463 1677 3522 perpetrm
1731 3463 2084 3511 transeuntes

492 3546 672 3603 erunt,
701 3549 754 3594 et
786 3540 968 3596 debita
1001 3541 1293 3597 dilectione
1311 3553 1364 3598 et
1409 3544 1782 3601 familiaritate
1811 3545 2081 3611 fruemur,

497 3640 553 3684 et
608 3640 805 3702 praeter
858 3634 973 3688 haec
1016 3634 1202 3689 omnia
1247 3637 1390 3692 sacri
1448 3638 1692 3691 nominis
1746 3639 2082 3695 sanctissimi

500 3721 660 3793 Papa:
698 3724 1075 3794 pronuntiatio
1105 3742 1229 3781 cum
1266 3738 1455 3784 nostra
1484 3729 1674 3784 humili
1705 3732 1995 3787 vocatione
2029 3732 2083 3787 in

497 3814 670 3870 sacris
734 3815 1010 3888 diptychis
1049 3817 1402 3889 perficietur;
1475 3831 1531 3877 et
1580 3822 1924 3893 simpliciter,
1973 3839 2085 3879 uno

495 3922 683 3974 sensu,
724 3922 833 3962 una
863 3918 1065 3974 mente,
1104 3927 1217 3966 uno
1257 3912 1478 3982 spiritu,
1527 3915 1673 3983 quod
1708 3916 2085 3985 gratissimum

494 4007 581 4053 est
630 3998 759 4065 Deo,
814 4002 1080 4057 vivemus.
1145 4002 1214 4058 Et
1254 4003 1371 4060 haec
1422 4005 1645 4075 quidem
1684 4023 1807 4074 nos,
1858 4009 1933 4063 fili
1985 4009 2083 4075 mi,

497 4076 815 4156 scribimus,
846 4091 1222 4151 desiderantes
1251 4095 1303 4148 in
1330 4094 1439 4151 Deo
1464 4104 1699 4153 vestram
1733 4100 2084 4156 dilectionem

498 4183 595 4237 sed
650 4184 783 4263 nihil
833 4200 1023 4239 eorum
1075 4187 1279 4256 quibus
1322 4188 1506 4245 amicti
1549 4206 1743 4246 sumus
1794 4192 1863 4248 de
1895 4203 2086 4249 sancta

506 4274 880 4332 Romanorum
912 4279 1178 4335 Ecclesia.

2190 3170 2369 3243 ρέσθω
2400 3170 2775 3239 συμπάθειαν,
2826 3168 2925 3224 καὶ
2949 3168 3012 3223 τὸ
3042 3167 3232 3222 λοιπὸν
3263 3166 3400 3221 Θεοῦ
3427 3167 3613 3241 χάριτι
3649 3182 3781 3218 συν-

2184 3262 2522 3333 απτὼμεθα,
2556 3259 2740 3325 καθὼς
2762 3260 2860 3315 ἀπ’
2882 3261 3080 3332 ἀρχῆς,
3110 3261 3205 3314 καὶ
3235 3259 3424 3313 οὐκέτι
3454 3259 3566 3326 ἕξει
3592 3257 3784 3330 χώραν

2184 3356 2219 3426 ἡ
2250 3356 2308 3422 ἐξ
2335 3355 2588 3425 ἀλλήλων
2626 3354 2932 3418 διάστασις.
2987 3352 3151 3407 Ἀλλά
3201 3353 3295 3406 καὶ
3358 3352 3777 3424 ἀποκρισιάριοι

2187 3451 2329 3506 κατά
2388 3450 2450 3505 τὸ
2509 3452 2744 3522 ἀρχαῖον
2781 3449 2902 3513 ἔθος
2936 3450 3169 3504 αὐτόθεν
3210 3466 3269 3503 τε
3306 3449 3445 3521 πρὸς
3480 3450 3651 3519 ἡμᾶς,
3680 3449 3780 3502 καὶ

2186 3541 2325 3613 πρὸς
2361 3540 2509 3612 ὑμᾶς
2570 3542 2638 3595 ἐκ
2684 3540 2797 3594 τῶν
2854 3537 3093 3593 ἐνταῦθα
3126 3538 3368 3610 συνεχῶς
3406 3537 3781 3602 διαϐαίνοντες

2185 3634 2423 3701 ἔσονται,
2475 3634 2573 3689 καὶ
2621 3637 2718 3702 τῆς
2776 3630 3141 3702 ὀφειλομένης
3170 3630 3395 3699 ἀγάπης
3433 3629 3525 3682 καὶ
3557 3628 3783 3698 ὁμιλίας

2186 3728 2423 3800 ἐσόμεθα
2482 3725 2881 3788 ἀπολαύοντες.
2934 3724 3048 3778 Καὶ
3103 3723 3200 3777 ἐπὶ
3258 3721 3472 3785 τούτοις
3502 3721 3640 3774 πᾶσι
3680 3720 3781 3773 τοῦ

2188 3821 2338 3892 ἱεροῦ
2367 3819 2635 3892 ὀνόματος
2665 3820 2699 3890 ἡ
2731 3817 3069 3890 ἀνακήρυξις
3113 3814 3210 3870 τοῦ
3262 3815 3569 3885 ἀγιωτάτου
3616 3813 3786 3867 Πάπα

2190 3912 2332 3985 μετά
2388 3912 2490 3982 τῆς
2541 3911 2700 3983 ἡμῶν
2739 3910 3228 3980 τεταπεινωμένης
3273 3909 3523 3978 κλήσεως
3573 3908 3632 3961 ὲν
3663 3908 3784 3970 τοῖς

2188 4004 2359 4076 ἱεροῖς
2418 4003 2701 4073 διπτύχοις
2743 4000 3244 4072 ὲκτελεσθήσεταιο
3306 3999 3402 4053 καὶ
3445 3998 3642 4062 ἀπλῶς
3696 3999 3786 4051 ἐνὶ

2189 4097 2525 4169 φρονήματι,
2556 4098 2654 4150 καὶ
2681 4098 2780 4168 μιᾷ
2804 4094 3023 4168 γνώμῃ,
3071 4094 3166 4147 καὶ⁵
3200 4093 3281 4146 ἑνὶ
3312 4091 3608 4164 πνεύματι,
3638 4090 3783 4161 ὅπερ

2185 4190 2306 4242 ἐστὶ
2354 4186 2474 4260 Θεῷ
2528 4188 2822 4257 εὐάρεστον
2909 4184 3316 4254 διαὸιὼσωμεν.
3387 4183 3578 4254 Ἡμεῖς
3650 4179 3784 4250 μὲν,

2187 4282 2382 4336 τέκνον
2414 4281 2596 4352 ἡμῶν,
2627 4279 2802 4333 ταῦτα
2832 4280 3118 4351 γράφομεν
3163 4278 3221 4329 ἒν
3254 4276 3443 4348 Κυρίῳ
3471 4274 3627 4347 ὑμῶν
3655 4278 3786 4330 ὲπι-

2191 4374 2483 4446 ζητοῦντες
2515 4374 2758 4443 ἀγάπην,
2785 4372 2920 4444 μηδέ
2953 4389 3005 4424 τι
3022 4365 3095 4426 ὧν
3122 4370 3476 4441 ὲλυπήθημεν
3502 4370 3652 4440 παρὰ
3678 4369 3787 4441 τῆς

2116 4450 2161 4507 ί)
2190 4467 2354 4538 ἁγίας
2374 4467 2485 4521 τῶν
2524 4465 2817 4537 Ῥωμαίων
2844 4464 3201 4534 Ἐκκλησίας.

866 4601 1001 4658 LVI.
1044 4602 1207 4673 Papa:
1242 4605 1475 4672 antiqua:
1512 4603 1714 4659 Romw.

569 4742 723 4813 Saepe
756 4721 859 4796 non
901 4750 1008 4796 tam
1042 4757 1139 4812 per
1175 4742 1386 4796 litteras
1423 4757 1585 4812 quam
1619 4757 1715 4812 per
1751 4745 2021 4800 vn'oshnc
2051 4760 2081 4799 a

494 4845 677 4892 vestra
728 4833 902 4890 Roma
964 4835 1322 4890 devenientes
1385 4836 1500 4890 sive
1564 4838 1903 4905 monachos,
1964 4839 2083 4893 sive

497 4927 871 4990 clericos,sive
902 4926 1065 4979 etiam
1100 4925 1292 4988 luicos,
1322 4939 1423 4980 vos
1453 4924 1863 4991 admonuimus,
1895 4941 2083 4980 sacra-

500 5019 713 5074 tissime
743 5018 929 5082 frater,
968 5028 1028 5072 ut
1066 5033 1097 5073 a
1122 5018 1280 5073 vobis
1310 5017 1471 5087 legati
1521 5018 1611 5073 hic
1663 5018 1940 5086 adessent,
1988 5019 2082 5083 qui

501 5111 789 5168 nobiscum
822 5119 877 5167 et
905 5127 1030 5167 cum
1058 5122 1171 5166 tota
1207 5119 1398 5166 nostra
1429 5108 1697 5177 Ecclesia,
1745 5127 1876 5182 quae
1913 5114 1967 5166 in
2021 5127 2083 5167 ea

500 5213 804 5261 evenerunt
859 5204 1070 5276 (nescio
1130 5202 1408 5273 quomodo
1456 5202 1666 5269 dicam;
1723 5203 1896 5259 satius
1936 5205 2082 5259 enim

500 5297 725 5353 silentio
755 5296 852 5367 uti)
883 5296 1118 5351 dolenda
1159 5293 1444 5358 scandala,
1498 5294 1697 5363 partim
1737 5294 1867 5349 hinc
1910 5295 2083 5365 origi-

503 5404 629 5445 nem
661 5388 945 5451 habentia,
980 5387 1179 5458 partim
1216 5396 1272 5442 et
1301 5401 1368 5442 ex
1405 5384 1490 5439 his
1515 5385 1607 5454 qui
1644 5386 1840 5456 primis
1883 5386 2086 5441 Roma-

502 5497 702 5538 norum
763 5482 1026 5538 Ecclesia:
1076 5478 1298 5535 sedibus
1341 5488 1614 5547 praesunt,
1671 5494 1793 5533 eum
1846 5494 2088 5549 superno

508 5572 784 5640 adiutorio
818 5574 886 5629 de
918 5570 1102 5628 medio
1131 5570 1405 5632 tollerent,
1451 5577 1506 5624 et
1546 5570 1784 5625 debitam
1821 5570 2089 5625 stabilita-

510 5674 618 5718 tem
649 5674 704 5720 et
733 5666 1184 5737 tranquillitatem
1216 5663 1319 5735 ipsi
1346 5661 1716 5734 providerent.
1756 5661 1881 5717 llaec
1910 5672 2088 5717 autem

510 5769 657 5824 δεῦρο
702 5758 975 5816 notiticata
1008 5754 1400 5815 fuerunt.Eccc
1423 5754 1537 5828 jam
1580 5770 1759 5813 nonus
1796 5772 1970 5814 annus
2009 5766 2093 5814 cst

2294 4602 2440 4669 Νςῖν.
2481 4599 2567 4666 Τῷ
2616 4598 2787 4668 udam
2828 4599 2942 4668 τῆς
2967 4601 3379 4669 πρεσϐυτέρας
3423 4599 3668 4671 Ῥώμης.

2257 4735 2550 4799 Πολλάκις,
2578 4737 2627 4788 εί
2658 4736 2753 4789 καὶ
2778 4737 2852 4805 μὴ
2888 4735 2977 4789 διὰ
2997 4735 3368 4806 γραμμάτων,
3388 4736 3525 4789 ἀλλὰ
3556 4736 3644 4789 διὰ
3667 4736 3786 4790 τῶν

2185 4831 2250 4882 ἐκ
2306 4828 2407 4897 τῆς
2463 4827 2740 4897 ὑμετέρας
2800 4827 3022 4897 Ῥώμης
3069 4826 3310 4881 ἐνταῦθα
3357 4827 3787 4882 καταλαϐόντων

2187 4920 2421 4990 ἀνδρῶν,
2482 4920 2642 4972 τοῦτο
2696 4918 2796 4987 μὲν
2836 4919 2933 4971 καὶ
2971 4919 3339 4989 μοναζόντων,
3378 4917 3538 4972 τούτο
3575 4918 3631 4971 δὲ
3680 4921 3785 4973 καὶ

2191 5012 2508 5082 ἱερατικῶν,
2560 5013 2648 5063 ναὶ
2698 5011 2761 5081 δὴ
2827 5011 2924 5063 καὶ
2976 5010 3077 5079 τῆς
3146 5009 3344 5080 λαῖκῆς
3402 5010 3787 5081 τυγχανόντων

2186 5107 2416 5170 τάξεως,
2452 5104 2829 5174 ἐδηλώσαμεν,
2874 5103 3072 5171 ἀδελφὲ
3115 5102 3275 5173 ἡμῶν
3313 5102 3600 5173 ἱερώτατε,
3634 5103 3785 5157 ὥστε

2190 5195 2524 5258 ἀποστόλους
2567 5194 2723 5263 ὑμῶν
2776 5193 3013 5247 ἐνταῦθα
3070 5191 3504 5266 παραγενέσθαι,
3553 5195 3649 5247 καὶ
3681 5196 3785 5249 σὺν

2190 5289 2323 5357 ἡμῖν
2351 5289 2444 5339 καὶ
2468 5286 2567 5356 τῆς
2592 5286 2721 5352 ὅλης
2750 5285 2907 5357 ἡμῶν
2931 5286 3290 5356 Ἑκκλησίας,
3311 5285 3379 5339 τά
3403 5286 3459 5340 ὲν
3489 5286 3628 5357 αὐτῇ
3657 5286 3786 5358 (οὐκ

2192 5378 2310 5432 οἶδα
2359 5380 2477 5441 πῶς
2526 5379 2686 5438 εἴπω,
2742 5378 2908 5431 καλὸν
2955 5381 3063 5449 γὰρ
3097 5382 3279 5448 σιωπῇ
3317 5377 3527 5448 δοῦναι)
3559 5378 3788 5451 λυπηρᾶἰ

2196 5469 2583 5540 συμϐεϐηκότα
2620 5467 2911 5535 σκάνδαλα,
2962 5469 3131 5540 μέρος
3182 5469 3282 5538 μέν
3311 5487 3365 5523 τι
3410 5469 3667 5542 ἀφορμὴν
3691 5472 3778 5523 ὲν-

2195 5560 2388 5617 τεῦοεν
2438 5559 2733 5630 ἐσχηκότα,
2770 5558 2934 5628 μέρος
2964 5557 3020 5611 δέ
3052 5576 3104 5611 τι
3155 5560 3250 5613 καὶ
3290 5558 3357 5613 ἐκ
3389 5560 3498 5613 τῶν
3533 5576 3784 5629 προηγη-

2200 5655 2452 5725 σαμένων
2481 5655 2578 5723 τῆς
2614 5650 2905 5720 Ῥωμαίων
2927 5649 3259 5719 Ἐκκλησίας
3292 5650 3599 5722 προέδρων,
3639 5668 3740 5719 μετ
3760 5655 3784 5703 ’1

2199 5750 2295 5821 τῆς
2328 5744 2533 5802 ἄνωθεν
2554 5739 2991 5812 συναντιλήιῖκεως
3015 5741 3257 5798 ἐκποδῶν
3284 5743 3531 5813 ποιῆσαι,
3564 5741 3656 5797 καὶ
3682 5740 3782 5812 τὴ)
