4152 6434
426 392 429 396 η
479 318 587 383 259

1617 307 1933 370 NICOLAI
1971 305 2086 371 (ΞΡ.
2127 304 2641 368 PATRIARCH/E

3621 303 3725 366 £60

475 442 588 484 tua
607 431 973 498 congruenter
1002 435 1166 493 agens
1190 419 1398 485 virtuti,
1446 418 1744 488 deprecare
1785 426 1840 471 et
1876 429 2047 471 exora

2160 412 2263 476 κὼς
2307 415 2434 476 τοὺς
2488 411 2790 474 διώκοντας
2828 410 3095 480 εὐλογεῖν,
3123 428 3216 465 κα.
3249 411 3358 464 τῶν
3383 412 3727 483 ἐπηρεαζόν-

472 536 599 579 eum
631 520 724 591 qui
758 535 848 575 res
877 518 1148 574 humanas
1178 528 1332 585 aequa
1374 512 1529 568 lance
1559 511 1842 582 ponderat.
1891 509 2042 564 Vale.

1064 809 1200 868 LIX.
1239 810 1464 864 Incerto.

547 953 678 1008 Mihi
707 954 801 1023 qui
835 952 950 1006 scio
977 960 1168 1004 vestrae
1197 947 1566 1015 intelligentia:
1597 947 1772 1002 zelum
1827 947 1880 1001 in
1929 962 2048 1001 om-

479 1047 662 1110 nibus,
698 1045 769 1097 tili
803 1043 898 1109 mi,
953 1041 1084 1096 illud
1120 1039 1429 1094 mirandum
1477 1039 1640 1106 venit,
1683 1039 1961 1110 quomodo
1993 1039 2046 1093 in

475 1134 730 1204 prmsenti
767 1132 1071 1202 proposito,
1127 1131 1194 1185 de
1223 1144 1330 1199 quo
1359 1131 1599 1186 scribere
1629 1131 1782 1195 libet,
1834 1131 2049 1202 propri-

476 1242 568 1280 um
616 1241 720 1280 non
762 1222 1062 1279 servaverit
1111 1222 1357 1277 modum.
1403 1221 1509 1277 Sed
1557 1223 1745 1278 nescio
1797 1237 1866 1278 an
1907 1223 2046 1277 obli-

477 1318 655 1382 vione,
694 1320 877 1370 nescio
907 1330 977 1368 an
1009 1315 1114 1368 alia
1145 1313 1328 1383 aliqua
1361 1314 1683 1383 impediente
1734 1328 1920 1378 causa,
1959 1329 2051 1368 us-

383 1395 386 1400 ’
472 1425 579 1478 que
610 1409 675 1461 ad
710 1419 967 1477 praesens,
1019 1406 1213 1461 saltem
1242 1405 1390 1476 quod
1433 1407 1630 1470 sciam,
1680 1421 1790 1461 non
1825 1405 2050 1474 contigit

475 1510 536 1556 ut
567 1503 942 1573 perficeretur.
1001 1500 1158 1565 Quod
1187 1499 1422 1554 maxime
1454 1499 1824 1556 necessariam
1861 1499 2054 1567 requi-

475 1595 548 1646 rit
581 1594 1014 1647 exsecutionem.
1077 1590 1214 1646 Dato
1260 1593 1406 1646 enim
1455 1592 1554 1645 tibi
1607 1591 1676 1646 ab
1722 1591 2052 1659 imperatore

475 1686 754 1750 mandato,
792 1695 851 1737 ut
882 1684 1037 1738 aiunt
1080 1683 1272 1738 saltem
1302 1684 1394 1752 qui
1429 1684 1480 1736 id
1513 1683 1718 1745 sciunt,
1768 1689 1829 1736 ut
1873 1681 2052 1736 consi-

474 1777 695 1832 derares
727 1776 909 1832 locum
960 1791 1023 1830 ex
1058 1791 1168 1846 quo
1214 1776 1480 1847 inclytum
1516 1775 1609 1829 Dei
1641 1775 1905 1845 templum
1934 1773 2052 1828 fru-
2085 1759 2128 1820 Β

477 1877 661 1921 menta
697 1867 799 1921 sibi
833 1882 1151 1936 comparare
1182 1867 1365 1934 debet,
1400 1876 1512 1922 tum
1543 1867 1608 1920 ad
1653 1865 2051 1921 confectionetn

475 1963 634 2034 panis
659 1963 846 2019 divino
882 1961 1086 2031 Spiritu
1138 1961 1463 2018 sanctificati
1505 1973 1562 2015 et
1597 1975 1692 2016 eos
1741 1960 1831 2030 qui
1874 1960 1941 2014 de
1987 1974 2052 2013 eo

475 2055 812 2128 participant
842 2055 1258 2120 sanctiﬁcantis,
1310 2062 1423 2108 tum
1454 2053 1619 2110 etiam
1659 2052 1728 2107 ad
1775 2060 2054 2106 sustenta-

479 2149 684 2202 tionem
717 2156 919 2203 nostrm
951 2148 1296 2213 humilitatis,
1347 2155 1402 2200 ει
1431 2145 1656 2216 reliqua:
1691 2142 2054 2203 multitudinis

477 2253 668 2294 eorum
725 2240 819 2309 qui
874 2250 1035 2295 nocte
1083 2254 1149 2294 ac
1187 2239 1276 2304 die
1318 2239 1521 2308 templo
1571 2237 1663 2292 Dei
1715 2237 2052 2300 ministrant,

477 2331 668 2387 nescio
693 2332 970 2402 quomodo
989 2333 1188 2396 dicam,
1221 2347 1327 2385 non
1357 2332 1604 2386 studiose
1628 2331 1942 2383 mandatum
1962 2337 2056 2382 ex;

480 2425 818 2494 sequentlum
853 2425 1138 2478 curavisti.
1177 2423 1282 2477 Sed
1316 2431 1369 2476 tu
1407 2423 1627 2491 quidem
1655 2436 1885 2476 causam
1915 2421 2055 2474 scire

482 2518 685 2587 possis.
740 2517 854 2572 Nos
878 2525 1060 2572 autem
1092 2517 1405 2582 scribimus,
1459 2514 1534 2567 tili
1566 2515 1664 2581 mi,
1698 2523 1756 2566 ut
1784 2513 1889 2566 alia
1920 2528 2058 2582 qua-

480 2609 615 2664 libet
666 2609 830 2662 citius
887 2623 945 2662 re
1002 2609 1068 2662 de
1128 2609 1229 2661 hoc
1253 2607 1458 2662 referas
1497 2606 1584 2660 his
1616 2606 1707 2675 qui
1737 2605 2052 2658 mandatum

481 2699 770 2755 dederunt.
819 2699 955 2754 Nam
987 2698 1338 2768 Ecclesiaque
1388 2698 1483 2752 Dei
1521 2707 1578 2752 et
1618 2711 1743 2760 nos,
1786 2706 2052 2766 quantum

480 2791 672 2844 saltem
705 2791 770 2844 ad
822 2790 1014 2846 horum
1051 2791 1400 2845 commodum
1449 2803 1555 2843 non
1595 2789 1810 2842 modice
1838 2788 2056 2858 pericli-

481 2889 681 2942 tamur,
721 2882 988 2937 Caeterum
1023 2891 1204 2937 autem
1249 2882 1450 2948 valeas,
1497 2881 1748 2951 superior
1787 2881 2058 2934 constitu-

481 2983 570 3029 tus
599 2974 749 3028 omni
784 2975 950 3029 malo.

765 3179 875 3234 LX.
916 3179 1215 3236 (Economo
1256 3181 1466 3253 Magna:
1523 3184 1772 3239 ecclesia.

556 3319 752 3374 Tenuit
786 3333 883 3374 nos
927 3333 1052 3390 spes
1085 3320 1197 3375 fore
1235 3328 1317 3387 ut,
1368 3319 1421 3374 in
1469 3320 1648 3375 sancti
1676 3320 1949 3390 prophetae
1977 3319 2058 3374 di-

484 3412 614 3466 vino
645 3411 805 3478 festo,
859 3420 949 3467 tua
977 3413 1238 3467 sanctitas
1273 3412 1560 3468 nobiscum
1612 3421 1945 3477 versaretur,
1980 3421 2056 3474 et,

486 3515 548 3559 ut
583 3520 681 3574 par
707 3513 810 3567 est,
842 3504 897 3558 in
931 3506 1230 3560 amicorum
1274 3505 1496 3569 unione,
1541 3504 1794 3560 suaviore
1821 3504 2067 3579 quodam.

484 3605 630 3650 Statu
667 3594 976 3652 fruerentur
1017 3595 1317 3665 pricsertim
1363 3611 1487 3650 cum
1534 3604 1614 3650 tot
1662 3606 1716 3650 et
1760 3605 1920 3651 tanta:
1951 3595 2060 3651 sint

485 3686 826 3742 calamitates
855 3701 978 3754 qua:
1005 3685 1164 3740 nobis
1189 3685 1533 3742 incumbunt.
1575 3685 1844 3752 Quoniam
1877 3698 2056 3742 autem

485 3779 739 3833 humana:
767 3793 856 3833 res
895 3777 1183 3834 mutabiles
1217 3786 1344 3833 sunt
1373 3785 1430 3833 et
1461 3778 1779 3844 indelinitae,
1810 3789 2060 3848 propter-

484 3885 658 3939 eaque
691 3885 791 3925 nos
821 3867 1011 3924 fefellit
1068 3883 1215 3939 spes,
1260 3878 1315 3925 et
1346 3884 1416 3925 ex
1457 3871 1767 3937 eventibus,
1825 3873 2060 3926 adventu

487 3961 696 4016 scilicet
729 3959 1148 4025 Saracenorum,
1181 3960 1380 4030 prodiit
1414 3961 1862 4031 impedimentum
1897 3978 1967 4018 ne
2003 3964 2061 4017 in

487 4052 744 4120 praesenti
769 4060 860 4103 tua
888 4050 1153 4105 sanctitas
1175 4049 1390 4116 aﬂoret,
1414 4051 1569 4120 juxta
1595 4061 1830 4108 vestram
1860 4069 2060 4123 urgen-

489 4150 598 4196 tem
631 4139 1084 4210 postulationem,
1123 4154 1268 4207 asgre
1298 4141 1445 4205 licet,
1491 4143 1848 4198 concedimus
1878 4151 2060 4198 tamen

490 4231 818 4302 praefinitum
853 4241 1068 4300 tempus
1094 4230 1237 4301 quod
1285 4233 1559 4301 postulare
1596 4235 1694 4288 tibi
1738 4234 1917 4290 visum
1957 4243 2060 4288 est.

491 4320 755 4386 Tantum,
795 4321 904 4376 Deo
940 4323 1288 4391 praevalente,
1322 4323 1502 4378 valere
1531 4330 1715 4393 perge,
1751 4333 1805 4378 et
1848 4325 2065 4392 quando

493 4413 590 4469 tibi
621 4411 837 4467 libuerit
861 4421 913 4466 et
941 4411 1086 4467 Deus
1115 4413 1366 4468 annuerit
1400 4414 1504 4469 iter
1535 4415 1602 4469 ad
1635 4429 1736 4469 nos
1766 4414 2062 4482 suscipere,

492 4514 626 4559 tunc
678 4504 778 4557 iter
828 4503 940 4557 liat.
1001 4495 1317 4573 Legothetae
1371 4506 1589 4575 quidem
1646 4505 1942 4560 commissa
1983 4515 2066 4559 est

434 4633 436 4636 μ
493 4597 721 4665 epistola
755 4612 770 4650 :
805 4595 934 4665 quid
983 4607 1163 4652 autem
1213 4598 1423 4652 homini
1472 4605 1658 4650 actum
1715 4598 1788 4651 sit
1821 4597 2064 4651 nondum

494 4689 768 4744 novimus.
811 4687 890 4742 Tu
940 4689 1140 4754 valeas,
1191 4704 1292 4744 nec
1321 4690 1375 4742 in
1414 4689 1522 4743 tuis
1568 4690 1774 4744 sanctis
1813 4691 2065 4760 precibus

488 4782 836 4837 obliviscaris
869 4795 1070 4836 uosme
1105 4781 1454 4855 humilitatis.

1071 5084 1210 5141 LXI.
1249 5083 1481 5140 Incerto.

489 5247 497 5260 .
565 5203 911 5267 Audiuimus,
953 5203 1027 5256 fili
1076 5211 1285 5267 noster,
1337 5202 1525 5256 dolere
1585 5210 1639 5256 te
1682 5202 1843 5272 quasi
1881 5209 2068 5256 nostra

467 5297 785 5377 ,humilitas
834 5297 1069 5366 aliquam
1120 5295 1173 5348 in
1203 5304 1258 5350 te
1287 5293 1645 5350 oﬂ'ensionem
1700 5294 1914 5349 habeat.
1959 5292 2070 5346 Hoc

495 5400 704 5453 autem,
757 5389 832 5443 fili
869 5389 968 5456 fni,
1026 5389 1144 5442 sive
1171 5388 1300 5455 quis
1345 5387 1571 5457 pertulit
1599 5387 1666 5442 ad
1719 5396 1844 5441 tuas
1884 5401 2069 5451 aures,

502 5485 734 5537 tuenda:
761 5490 848 5537 est
879 5495 981 5536 nec
1004 5481 1294 5536 veritatem
1326 5489 1634 5544 reveretur;
1683 5479 1798 5536 sive
1845 5489 1902 5534 tu
1955 5480 2072 5550 ipse

505 5589 603 5643 pro
635 5576 871 5629 lunuan‘a
919 5572 1241 5628 conditione
1267 5581 1463 5642 sponte
1483 5573 1796 5642 suspicatus
1821 5587 1906 5638 es,
1937 5572 2066 5626 'uoli

501 5661 615 5728 jam
662 5663 718 5714 in
745 5671 842 5717 tuo
897 5660 1251 5718 circumferre
1291 5673 1538 5733 pectore.
1603 5664 1723 5720 Scit
1776 5664 1921 5718 enim
1973 5664 2066 5733 qui

505 5753 674 5809 corda
709 5762 992 5816 scrutatur
1036 5755 1223 5828 Deus,
1273 5754 1557 5832 ejusmodi
1617 5755 1700 5812 rei
1731 5755 1916 5833 _nobis
1969 5771 2072 5814 nos

2145 521 2254 558 των
2288 502 2715 575 ὑπερεύχεσθαι,
2751 503 2878 570 ἄξια
2905 504 3010 573 τῆς
3045 503 3258 566 οἰκείας
3296 505 3468 558 ποιῶν
3494 505 3726 575 ἀρετῆς,

2148 597 2452 666 ὑπερεύχου
2478 596 2575 650 καὶ
2607 595 2900 667 παραιτοῦ,
2935 596 3025 648 τὸν
3068 595 3254 661 ζυγοῖς
3289 597 3727 668 ἀντιμετροῦντα

2148 687 2284 767 ἴσοις
2305 687 2374 740 τὰ
2413 688 2733 758 ἀνθρώπινα
2771 687 3100 757 πράγματα.
3138 687 3414 758 Ἔρῤωσο.

2713 802 2842 856 ΝΘ¹.
2901 801 3156 868 Ἀδήνῖῳ.

2219 943 2292 995 Τὸ
2320 944 2376 995 ἐν
2400 942 2535 995 πᾶσι
2575 940 2861 993 σπουδαῖον
2894 938 3001 1008 τῆς
3034 933 3190 1007 ὑμῶν
3233 939 3502 1002 συνέσεως
3558 942 3727 994 εἰδότι

2150 1053 2264 1106 μοι,
2301 1035 2490 1089 τέκνον
2527 1032 2705 1103 ἡμῶν,
2743 1031 3048 1102 θαυμάζειν
3092 1031 3294 1103 ἐπῆλθε
3337 1033 3454 1097 πῶς
3499 1035 3592 1088 ἐπὶ
3626 1038 3729 1106 τῆς

2150 1127 2430 1198 παρούσης
2456 1127 2782 1190 ὑποθέσεως,
2812 1125 2941 1195 περὶ
2971 1118 3038 1194 ἧς
3072 1125 3434 1196 προαγόμεθα
3463 1127 3722 1196 γράφειν,

2149 1221 2246 1291 τὴν
2272 1221 2478 1274 οίκείαν
2507 1221 2606 1274 οὑκ
2629 1219 2860 1288 ἐφύλαξε
2888 1217 3062 1282 τάξιν.
3096 1219 3238 1274 Ἀλλ’
3260 1222 3361 1274 οὑκ
3387 1216 3503 1274 οῖδα
3529 1220 3724 1292 λήθης,

2149 1316 2251 1368 οὐκ
2280 1309 2395 1367 οἶδα
2431 1313 2597 1382 ἄλλης
2644 1312 3009 1376 τινδςαίτίας
3055 1313 3393 1384 κωλυούσης,
3433 1314 3596 1384 μέχρι
3628 1315 3728 1367 καὶ

2149 1407 2245 1462 τοῦ
2279 1407 2546 1478 παρόντος
2585 1406 2685 1459 ὅσα
2728 1422 2793 1473 γε
2826 1406 2973 1476 ἡμᾶς
3027 1405 3252 1467 είδέναι,
3298 1407 3399 1459 οὑκ
3447 1405 3732 1474 ἐξεγένετο

2151 1499 2575 1571 διαπραχθῆναι,
2629 1498 3123 1566 ὃάναγκαιοτάτην
3180 1499 3434 1568 ἐπιζητεῖ
3486 1498 3584 1569 τὴν
3634 1517 3730 1552 τε·

2151 1594 2390 1647 λείωσιν.
2420 1591 2717 1659 Βασιλικῆς
2743 1592 2852 1658 γὰρ
2885 1589 3179 1659 δεδομένης
3225 1606 3309 1642 σοι
3344 1590 3724 1660 προστάξεως,

2154 1686 2229 1750 ὥς
2257 1703 2320 1754 γε
2354 1687 2516 1755 φασιν
2548 1685 2596 1738 οἱ
2627 1685 2784 1738 τοῦτο
2825 1684 3049 1747 εἰδότες,
3079 1684 3481 1754 ἐπισκέψασθαι
3524 1686 3584 1737 τὸ
3617 1703 3729 1754 χω-

2157 1783 2291 1853 ρίον,
2318 1779 2378 1844 ἐξ
2402 1775 2461 1833 οὗ
2481 1780 2508 1831 ὁ
2528 1777 2877 1849 περιώνυμος
2911 1776 3007 1829 τοῦ
3036 1776 3170 1830 Θεοῦ
3210 1776 3336 1839 ναὸς
3372 1781 3517 1831 σῖτον
3539 1779 3732 1847 μέλλει

2155 1872 2496 1942 πορίζεσθαι,
2530 1871 2689 1924 τοῦτο
2724 1870 2824 1940 μέν
2864 1871 2946 1931 εἰς
2979 1869 3249 1940 χορηγίαν
3291 1868 3384 1922 τοῦ
3421 1869 3730 1938 ἁγιαζομέ-

2155 1985 2245 2024 νου
2275 1966 2354 2036 τῷ
2391 1965 2521 2034 θείῳ
2569 1965 2849 2033 Πνεύματι
2902 1965 2995 2016 καὶ
3036 1965 3162 2026 τοὺς
3207 1962 3733 2033 μεταλαμϐάνοντας

2157 2060 2472 2126 ἀγιάζοντος
2518 2059 2705 2128 ἄρτου,
2741 2057 2898 2112 τοῦτο
2927 2057 2985 2110 δέ
3030 2056 3128 2110 καὶ
3163 2057 3244 2120 είς
3286 2055 3588 2125 διατροφὴν
3629 2059 3734 2123 τῆς

2155 2152 2312 2222 ήμῶν
2351 2151 2737 2223 ταπεινότητος
2767 2148 2985 2202 καὶτοῦ
3031 2147 3222 2201 λοιποῦ
3265 2148 3524 2216 πλήθους,
3563 2147 3613 2200 οἳ
3641 2165 3734 2199 νυ-

2157 2245 2280 2309 κτὸς
2311 2244 2406 2298 καὶ
2443 2245 2658 2315 ἡμέρας
2689 2241 3152 2313 ἐξυπηρετούνται
3184 2240 3262 2309 τῷ
3289 2239 3402 2310 ναῷ
3440 2241 3534 2294 τοῦ
3567 2240 3730 2307 Θεοῦ,

2155 2340 2256 2393 οὑκ
2289 2334 2407 2391 οἶδα
2435 2336 2553 2400 πῶς
2599 2336 2758 2396 εἴπω,
2791 2335 2889 2388 οὑκ
2925 2333 3078 2405 ἔσχες
3103 2335 3160 2386 ὲν
3183 2333 3384 2402 σπουδῇ
3405 2333 3511 2385 ’τοῦ
3553 2349 3734 2403 προσ-

2157 2433 2441 2502 τάγματος
2503 2430 2602 2499 τὴν
2657 2428 3045 2497 ἐκπλήρωσιν·
3079 2427 3218 2480 ἀλλά
3257 2427 3357 2496 τὴν
3401 2423 3501 2496 μὲν
3549 2423 3734 2477 αἰτίαν

2157 2525 2318 2586 αὑτὸς
2357 2523 2422 2576 ἂν
2468 2509 2685 2592 εἰδείης.
2729 2520 2920 2587 Ἡμεῖς
2953 2518 3009 2570 δὲ
3052 2516 3342 2588 γράιρομέν
3389 2533 3494 2580 σοι,
3535 2515 3734 2568 τέκνον

2159 2616 2337 2689 ἡμῶν,
2371 2615 2512 2667 ὥστε
2539 2613 2726 2681 τάχιον
2755 2610 2848 2664 τοῦ
2881 2609 3070 2664 λοιποῦ
3099 2611 3418 2677 ἀνενεγκεῖν
3450 2609 3579 2680 περὶ
3604 2608 3734 2660 τού-

2157 2727 2250 2764 του
2279 2710 2392 2770 τοῖς
2437 2705 2695 2760 δεδωκόσι
2743 2702 2805 2755 τὸ
2847 2702 3202 2772 πρόσταγμα.
3234 2701 3344 2754 Καὶ
3405 2701 3511 2771 γάρ
3575 2701 3736 2770 καὶὴ

2171 2799 2466 2869 Ἐκκλησία
2485 2794 2578 2849 τοῦ
2602 2794 2737 2848 Θεοῦ
2761 2794 2852 2845 καὶ
2887 2793 2919 2860 ή
2930 2793 3071 2860 μείς,
3097 2791 3209 2844 ὅσα.
3239 2807 3302 2856 γε
3332 2789 3402 2843 τά
3435 2792 3516 2852 εἰς
3542 2788 3736 2858 χρείαν

2156 2895 2267 2947 τῶν
2305 2890 2484 2945 αὑτῶν
2531 2888 2592 2941 οὑ
2655 2885 2871 2957 μικρῶς
2921 2883 3346 2953 κινδυνεύομεν·
3393 2881 3461 2934 τὰ
3498 2881 3737 2948 δ’,ἀλλα

2160 2985 2472 3072 ἐρρωμένος
2503 2983 2620 3051 είης
2652 2979 2913 3049 ὑπεράνω
2955 2975 3296 3048 τηρούμενος
3341 2975 3525 3045 πάσης
3565 2974 3736 3028 κακός

2082 3112 2127 3168 c
2157 3097 2338 3153 τητος.

2249 3197 2324 3250 Ξ’.
2360 3191 2444 3258 Τῷ
2473 3190 2763 3259 οἰκονόμῳ
2788 3186 2898 3256 τῆς
2930 3183 3213 3254 Μεγάλης
3293 3181 3642 3252 ἐκκλησίας.

2241 3328 2486 3391 Ἐλπίδες
2516 3322 2662 3396 εἶχον
2701 3325 2850 3393 ἡμᾶς
2893 3323 2953 3374 ἐν
2981 3323 3049 3391 τῇ
3089 3319 3184 3373 τοῦ
3234 3317 3398 3387 ἁγίου
3453 3315 3737 3388 προφήτου

2160 3423 2282 3494 θεία
2312 3422 2474 3491 ἑορτῇ
2505 3418 2603 3488 τὴν
2652 3415 2751 3486 σὴν
2796 3416 3054 3483 ὁσιότητα
3093 3409 3421 3466 συνέσεσθαι
3460 3410 3613 3478 ἡμῖν,
3644 3407 3744 3459 καὶ

2159 3516 2234 3579 ὥς
2282 3531 2346 3583 γε
2393 3512 2542 3573 εἰκὸς
2591 3508 2686 3562 ἐπὶ
2737 3507 2907 3576 φίλων
2955 3504 3148 3559 ἐνώσει
3197 3501 3546 3572 γλυκυτέρας
3591 3498 3745 3560 τινὸς

2159 3607 2451 3669 διαθέσεως
2487 3601 2811 3664 ἀπόλαυσιν,
2841 3598 2939 3653 καὶ
2979 3598 3213 3666 μάλιστα
3246 3593 3519 3648 τοσούτων
3567 3591 3746 3644 ὅντων

2161 3697 2400 3769 ἀνιαρῶν
2429 3696 2538 3749 τῶν
2566 3692 2932 3763 ἐπικειμένων
2959 3691 3111 3760 ἡμῖν.
3136 3687 3293 3742 Ἐπεὶ
3319 3686 3377 3740 δὲ
3412 3686 3480 3740 τά
3521 3682 3748 3753 ἀνθρώ-

2162 3797 2295 3846 πινα
2320 3790 2627 3862 πράγματα
2646 3785 2706 3840 τδ
2735 3783 3091 3853 ἀστάθμητον
3121 3781 3234 3852 ἔχει
3265 3780 3360 3835 καὶ
3379 3779 3441 3833 τὸ
3460 3779 3744 3849 ἀόριστον,

2162 3884 2255 3937 καλ⁸
2291 3882 2381 3936 διὰ
2419 3881 2582 3936 τοῦτο
2631 3877 2904 3948 ἐψεύσατο
2938 3877 3088 3946 ἡμᾶς
3115 3875 3152 3945 ὴ
3175 3875 3352 3938 ἐλπὶς,
3383 3871 3480 3926 καὶ
3517 3871 3750 3941 κώλυμα

2161 3974 2410 4046 παρέστη
2440 3974 2504 4025 ἐκ
2524 3971 2632 4024 τῶν
2661 3968 3110 4050 συμῦεὒηκότων,
3141 3967 3375 4035 λέγομεν
3400 3965 3462 4035 δὴ
3497 3965 3600 4033 τῆς
3631 3963 3747 4016 τῶν

2163 4065 2498 4136 Σαρακηνῶν
2554 4061 2813 4132 ἀφίξεως,
2859 4056 2937 4130 τῷ
2989 4058 3084 4112 νῦν
3137 4059 3238 4128 τὴν
3282 4057 3438 4128 ὑμῶν
3487 4058 3747 4126 ὁσιότητα

2163 4154 2591 4226 παραγενέσθαι,
2622 4153 2765 4206 κατὰ
2801 4152 2900 4223 τὴν
2935 4150 3090 4220 ὑμῶν
3121 4150 3405 4220 ἐξαίτησιν
3437 4147 3749 4214 ἀναγκαίαν

2164 4246 2348 4315 οὖσαν,
2377 4250 2427 4301 εί
2462 4249 2560 4302 καὶ
2605 4246 2939 4314 λυπούμενοι
2982 4245 3134 4314 ὅμως
3168 4241 3612 4314 παραχωροῦμεν
3643 4241 3748 4308 τὴν

2164 4341 2260 4391 τοῦ
2335 4337 2531 4408 καιροῦ
2605 4333 2973 4405 προθεσμίαν,
3033 4332 3101 4403 ἢν
3159 4332 3447 4400 ἐξαιτῆσαι
3495 4332 3747 4397 διέγνως.

2167 4431 2344 4484 Μόνον
2387 4428 2521 4481 Θεοῦ
2564 4427 2929 4498 ὑπερέχοντος
2979 4425 3298 4496 ἐρρωμένος
3342 4423 3600 4487 διατέλει,
3651 4421 3749 4474 καὶ

2167 4522 2256 4575 ὅτε
2291 4537 2373 4573 σοι
2414 4520 2569 4588 φίλον
2609 4520 2703 4572 καὶ
2749 4518 2884 4581 Θεὸς
2937 4517 3239 4580 ἐπινεύσοι,
3285 4516 3598 4568 στείλασθαι
3647 4513 3748 4582 τὴν

2167 4617 2307 4686 πρὸς
2335 4615 2486 4684 ἡμᾶς
2513 4612 2762 4682 πορείαν,
2803 4611 2928 4663 τότε
2974 4611 3007 4680 ἡ
3049 4611 3245 4679 πορεία
3284 4607 3537 4676 γινέσθω.
3571 4605 3659 4675 Τῷ
3691 4605 3751 4657 δὲ

2166 4706 2424 4776 λογοθέτῃ
2469 4703 2579 4756 τῶν
2628 4702 2841 4772 ἀγελῶν
2897 4701 3184 4771 ἀπεστάλη
3246 4702 3484 4770 γράμμα
3514 4715 3527 4728 ’
3584 4699 3636 4750 τί
3685 4696 3746 4749 δὲ

2169 4801 2484 4869 πέπρακται
2527 4797 2605 4866 τῷ
2651 4794 2944 4864 ἀνθρώπῳ,
2972 4793 3125 4848 οὔπω
3163 4797 3256 4848 καὶ
3288 4795 3527 4864 σήμερον
3576 4791 3748 4860 ἐγνω-

2173 4907 2292 4961 μεν.
2329 4889 2673 4960 Ἐῥρωμένος
2699 4889 2832 4958 ἡμῖν
2863 4886 3002 4955 εἴης.
3039 4887 3133 4940 καὶ
3172 4887 3228 4937 ἐν
3277 4887 3397 4946 ταῖς
3428 4882 3605 4946 ὁσίαις
3651 4883 3744 4933 εὑ-

2169 4984 2294 5052 χαῖς
2325 4982 2400 5052 μὴ
2429 4981 2599 5051 λήθην
2623 4979 2762 5050 ἔχων
2789 4979 2891 5049 τῆς
2928 4977 3086 5048 ἡμῶν
3131 4976 3510 5047 μετριότητος.

2171 5094 2177 5099 ’
2738 5089 2858 5146 ΞΑἏ
2925 5088 3180 5158 Ἀδήλῳ.

2253 5207 2619 5277 ’Δκηκόαμεν,
2653 5205 2844 5258 τέκνον
2890 5202 3073 5273 ἡμῶν,
3105 5200 3394 5255 λυπεῖσθαί
3440 5191 3507 5253 σε’
3541 5199 3616 5263 ὡς
3649 5198 3751 5268 τῆς

2173 5301 2330 5374 ήμῶν
2361 5301 2746 5367 ταπεινότητος
2788 5294 3165 5364 ἀγανάκτησίν
3195 5311 3317 5347 τινα
3347 5292 3488 5345 κατά
3530 5291 3624 5345 σοῦ
3655 5307 3752 5360 φε-

2175 5395 2374 5468 ρούσης
2395 5409 2411 5425 ο
2443 5393 2538 5446 καὶ
2569 5390 2748 5454 τοῦτο,
2782 5390 2974 5442 τέκνον
3000 5387 3176 5459 ἡμῶν,
3210 5387 3321 5440 εῐτε
3359 5403 3444 5448 τις
3482 5384 3620 5454 πρὸς
3652 5385 3752 5447 τας

2176 5489 2276 5550 σὰς
2305 5484 2643 5555 ἀπεκόμισεν
2685 5481 2875 5546 ἀκοὰς,
2901 5479 3144 5550 ψεύστης
3187 5479 3307 5532 ἐστὶ
3335 5479 3429 5532 καὶ
3460 5477 3536 5548 μὴ
3577 5476 3778 5545 τιμῶν,

2173 5578 2270 5648 τὴν
2299 5575 2556 5647 ἀλήθειαν
2575 5590 2590 5604 ⁶
2619 5573 2728 5627 εἴτε
2761 5573 2923 5634 αὑτὸς
2965 5566 3054 5624 οἶα
3081 5571 3152 5624 τὰ
3188 5569 3508 5641 ἀνθρώπινα
3535 5567 3750 5622 οἴκοθεν

2174 5671 2332 5726 τοῦτο
2360 5667 2653 5730 ὑπέλαϐες,
2681 5666 2885 5736 μηκέτι
2917 5664 3078 5721 τοῦτο
3113 5665 3170 5717 ἐν
3216 5666 3286 5735 τῇ
3336 5666 3405 5734 σῇ
3445 5663 3750 5735 περιφέρῃς

2178 5763 2398 5830 καρδία.
2443 5761 2614 5824 Αὐτὸς
2643 5759 2751 5828 γὰρ
2786 5759 3078 5812 ἐπίσταται
3101 5758 3131 5810 ὁ
3163 5758 3298 5822 Θεὸς
3332 5760 3362 5812 ὁ
3399 5759 3497 5820 τὰς
3524 5758 3751 5826 καρδίας
