4152 6408
470 303 585 368 263

1670 315 1982 377 NICOLAI
2019 319 2126 380 (ΣΡ.
2168 322 2682 387 PATRIARCH/E

3646 344 3755 409 26$

469 433 503 473 a
538 417 701 474 nobis
736 419 1006 487 scriptum
1028 430 1115 478 est
1144 422 1211 478 ad
1238 437 1333 478 eos
1359 424 1453 494 qui
1482 424 1661 481 idonei
1693 438 1820 483 sunt
1839 431 2022 501 scripti

2126 462 2137 498 ι
2166 435 2369 503 γειλεν,
2402 440 2435 508 ἠ
2468 439 2701 495 δοκοῦσα
2732 445 2968 513 πρέπειν
3002 448 3264 524 ἐξηνέχθη
3296 454 3581 523 διάστασις
3607 474 3619 488 ·
3657 455 3755 515 καὶ

468 510 812 582 perﬁciendi.
867 513 1140 571 Caeterum
1179 517 1323 582 vale,
1372 529 1575 575 nostra:
1626 520 1953 580 humilitatis
1998 524 2054 579 in

470 603 579 662 tuis
610 605 817 662 sanctis
842 606 1102 675 precibus
1132 623 1363 667 memor.

856 908 1040 965 LXIV.
1083 910 1354 981 Tryphoni
1388 913 1665 970 monac/to.

538 1048 856 1105 Gaudemus
879 1050 1026 1120 quod
1064 1050 1325 1106 sanctitas
1356 1061 1542 1107 vestra
1574 1053 1630 1107 in
1664 1060 1811 1110 tanta
1840 1054 2051 1111 sollici-

463 1145 653 1199 tudine
687 1159 787 1198 nos
834 1143 1068 1207 habeat;
1122 1159 1250 1198 nam
1281 1152 1331 1198 et
1367 1145 1471 1201 hoc
1501 1160 1759 1216 magnum
1793 1158 1877 1204 est
1903 1149 2050 1204 sola-

469 1237 603 1291 tium
633 1237 874 1301 obtritis,
911 1238 1055 1291 sicut
1086 1247 1140 1291 ct
1171 1239 1508 1293 contrarium
1543 1241 1894 1296 vehementer
1914 1258 2049 1298 cou-

460 1331 639 1385 tristat
677 1344 774 1384 eos
814 1330 907 1397 qui
941 1330 1102 1384 talem
1132 1331 1390 1385 invocant
1424 1332 1783 1388 voluntatem.
1826 1333 1901 1389 De
1933 1350 2046 1405 quo

457 1431 513 1476 et
558 1418 839 1491 Scriptura
881 1420 1059 1476 dicit:
1100 1438 1119 1473 ι
1170 1420 1236 1476 Ει
1282 1422 1521 1477 sustinui
1563 1425 1661 1491 qui
1711 1424 1874 1479 simul
1909 1439 2046 1480 con-

456 1515 792 1578 tristarctur,
840 1522 895 1568 et
937 1528 1046 1567 non
1087 1512 1228 1581 fuit;
1278 1515 1650 1581 consolantes,
1699 1523 1755 1570 et
1800 1531 1910 1570 non
1954 1516 2044 1570 in-

452 1606 576 1660 veni
604 1606 644 1658 ¹.
696 1623 716 1657 ι
778 1605 838 1658 ln
884 1605 1144 1661 omnibus
1190 1605 1338 1660 enim
1389 1607 1820 1662 communicatio
1869 1607 2042 1662 levius

451 1696 587 1752 facit
610 1712 752 1752 onus
787 1697 991 1767 quibus
1021 1697 1153 1751 illud
1182 1698 1391 1752 ferendi
1422 1699 1721 1754 necessitas
1750 1698 2039 1754 incumbit.

452 1788 649 1858 Igitur,
676 1797 738 1842 ut
756 1788 893 1851 dixi,
926 1787 1241 1857 hujusmodi
1267 1788 1467 1859 gaudio
1496 1787 1731 1845 fruimur
1756 1797 1812 1843 et
1830 1790 2022 1860 gratia:

2144 1796 2332 1867 φέρειν
2366 1800 2520 1854 αὐτό.
2555 1804 2643 1869 Ὠς
2674 1804 2768 1860 οὖν
2795 1808 2934 1882 ἔφην
2960 1787 3139 1886 χαρᾶς
3169 1820 3227 1873 ἐν

451 1877 567 1932 Deo
623 1885 817 1933 sancto
864 1877 1080 1948 agimus
1130 1879 1225 1948 qui
1273 1894 1368 1934 vos
1411 1879 1486 1934 ita
1538 1880 1731 1935 movit.
1780 1880 2036 1934 Attamen

453 1968 693 2039 procella
730 1982 853 2038 quae
883 1969 953 2023 ob
983 1978 1208 2040 peccata
1243 1980 1432 2026 nostra
1464 1971 1533 2026 ab
1579 1971 1736 2026 initio
1767 1972 1925 2026 nobis
1950 1973 2037 2027 in-

448 2070 560 2117 stat
612 2062 977 2117 nihilominus
1034 2063 1213 2118 adhuc
1264 2064 1439 2130 saevit,
1499 2080 1626 2121 cum
1681 2072 2085 2137 peccatorum'

446 2160 765 2226 nostrorum
810 2154 988 2209 nubes
1031 2169 1360 2226 magnopere
1395 2160 1759 2225 concreverit,
1801 2159 2035 2214 necdum

449 2220 782 2299 solutionem
815 2259 844 2298 a
879 2244 1068 2300 divina
1102 2247 1481 2303 benevolentia
1521 2252 1794 2321 acceperit
1817 2266 2033 2322 {quam

450 2343 509 2388 tu
543 2336 748 2390 sanctis
777 2337 1035 2406 precibus
1066 2335 1278 2393 ﬂectas.
1320 2337 1489 2396 Forte
1529 2356 1656 2397 sero
1686 2344 1905 2399 tandem
1943 2357 2035 2398 se-

449 2423 738 2477 renitatem
793 2424 944 2478 dabit
993 2426 1151 2482 nobis
1209 2427 1387 2484 bonus
1439 2429 1605 2497 Deus,
1657 2441 1712 2487 et
1756 2433 2033 2503 respirare

444 2515 706 2569 concedet
749 2530 905 2570 suam
954 2516 1258 2573 Ecclesiam
1302 2519 1372 2575 ab
1416 2534 1479 2575 ea
1524 2537 1632 2593 qua
1682 2531 1897 2580 tenetur
1926 2539 2031 2580 an-

442 2606 645 2675 gnsﬁa.

777 2810 941 2869 LXV.
974 2813 1176 2871 Joanni
1208 2819 1453 2889 episcopo
1481 2822 1679 2879 Amisi.

509 2941 641 3000 Tua:
668 2948 987 3005 sanctitatis
1012 2949 1205 3007 littera:
1228 2953 1503 3025 duplicem
1531 2958 1692 3014 nobis
1713 2959 2024 3029 iniecerunt

438 3051 686 3102 sensum,
760 3055 829 3094 ex
885 3044 1137 3111 Opposita
1195 3061 1364 3102 causa
1421 3053 1827 3120 procedentem.
1887 3055 2025 3112 Hinc

436 3129 586 3184 enim
627 3129 873 3187 laetitiam
915 3139 1273 3205 comparavit,
1321 3144 1465 3211 quod
1491 3144 1616 3199 vitae
1652 3156 1847 3202 vestra:
1877 3150 2023 3204 noti-

437 3221 568 3276 tiatn
598 3223 758 3279 nobis
783 3200 1191 3297 manifestavit;
1223 3200 1353 3286 hinc
1378 3242 1561 3290 autem
1593 3236 1810 3294 dolendi
1839 3239 2020 3295 locum
2047 3200 2092 3263 Ο

435 3313 588 3380 fecit,
625 3318 772 3385 quod
802 3317 1096 3378 didicimus
1127 3335 1179 3378 te
1217 3339 1330 3393 pra:
1356 3325 1612 3384 violentis
1635 3339 1690 3384 et
1714 3332 2020 3389 ambitiosis

430 3402 751 3462 inferiorem
775 3407 1118 3478 discessisse,
1144 3416 1271 3470 dum
1299 3418 1499 3473 malam
1531 3420 1608 3475 illi
1634 3421 2019 3496 funestamque

434 3498 724 3553 victoriam
756 3502 1099 3560 retulissent.
1130 3506 1267 3562 Illud
1297 3518 1480 3565 autem
1510 3524 1847 3584 reputantes,
1873 3520 2016 3589 quod

434 3587 530 3643 Dei
572 3593 749 3661 gratia
794 3594 1005 3650 nullum
1040 3597 1202 3654 bonae
1238 3601 1538 3661 voluntatis
1566 3617 1622 3661 et
1657 3610 1823 3663 studii
1851 3587 2019 3666 detri-

432 3691 681 3737 mentum
727 3699 892 3754 passa
939 3699 1023 3744 est
1058 3699 1147 3745 tua
1184 3694 1389 3761 virtus;
1441 3711 1545 3753 nec
1585 3711 1736 3756 certe
1762 3702 2014 3760 laborum

430 3787 572 3842 quos
623 3790 719 3845 per
760 3776 1035 3835 dlﬂicilem
1072 3783 1217 3837 viam
1259 3785 1478 3842 subiisti
1509 3792 1817 3846 mercedem
1842 3810 1872 3849 a
1900 3794 2013 3853 Deo

429 3864 525 3922 tibi
560 3868 926 3939 abripuerunt
966 3874 1061 3943 qui
1111 3876 1405 3934 victoriam
1456 3882 1712 3939 retulisse
1756 3886 1861 3941 sibi
1907 3888 2010 3944 visi

426 3968 578 4026 sunt,
627 3965 1063 4021 consolationem
1110 3984 1220 4024 non
1264 3973 1538 4028 modicam
1584 3977 1897 4034 inventtnus
1941 3997 2011 4036 ne

425 4049 739 4108 doleremus
763 4070 780 4109 :
810 4057 956 4124 quod
983 4066 1040 4112 et
1071 4067 1177 4115 tua:
1203 4061 1298 4116 ﬁat
1318 4064 1505 4120 virtuti
1529 4082 1670 4137 quae,
1696 4068 1791 4125 Dei
1810 4073 2006 4140 gratia,

426 4142 615 4196 omnia
659 4147 888 4200 materia
939 4148 1108 4204 libera
1159 4161 1244 4208 est
1286 4163 1341 4209 et
1388 4156 1456 4210 ad
1505 4160 1621 4213 sola
1651 4161 1707 4214 in
1736 4175 2005 4220 aeternum

424 4244 706 4292 reservata
756 4237 910 4293 lucra
963 4242 1219 4299 intendit.
1261 4245 1702 4310 Contumeliosos
1734 4265 1919 4312 autem
1951 4267 2005 4314 et

423 4323 721 4395 derisores,
755 4330 1076 4404 quicunque
1115 4336 1246 4403 sint,
1279 4354 1401 4395 cum
1433 4342 1629 4399 iisdem
1655 4350 2003 4407 contumeliis

419 4426 476 4472 et
507 4419 881 4478 derisionibus
916 4425 983 4479 ad
1027 4427 1261 4484 nihilum
1286 4433 1635 4501 reducamus,
1660 4440 1813 4496 nullo
1836 4443 2001 4499 modo

420 4518 682 4568 curantes
720 4514 838 4571 sive
882 4522 1244 4578 contumelias
1277 4526 1490 4596 pluanl,
1531 4531 1646 4586 sive
1675 4532 1821 4589 aliud

417 4693 578 4749 cedat
602 4694 746 4752 Deus
770 4712 1016 4769 sanctus,
1047 4719 1346 4763 memorem
1397 4720 1601 4768 nostra:
1643 4715 1991 4778 humilitatis.

412 4788 537 4843 τῐδα
590 4794 930 4863 ποιούμενοι,
986 4798 1100 4851 εἴτε
1157 4801 1453 4859 πλύνουσιν

977 5011 1162 5071 LXVI.
1194 5017 1425 5079 Incerto.

484 5113 691 5174 Dilecte
731 5122 894 5178 nobis
944 5125 1052 5193 ﬁli;
1094 5145 1182 5186 res
1209 5137 1411 5204 evenit,
1450 5150 1509 5196 ut
1551 5144 1775 5213 quidam
1811 5148 1987 5218 aiunt,

408 5207 638 5267 minime
675 5213 839 5286 digna
868 5218 974 5275 ista
1018 5224 1175 5293 urbe,
1203 5228 1261 5283 in
1291 5247 1401 5302 qua
1443 5238 1625 5293 omnis
1646 5242 1802 5309 ordo,
1826 5245 1989 5300 disci-

405 5300 554 5370 plina
585 5303 897 5364 Christiana
922 5320 976 5367 et
1000 5315 1177 5384 pictas
1204 5300 1415 5393 regnat,
1435 5336 1490 5380 et
1518 5343 1681 5386 onme
1703 5334 1988 5404 sapientia:

404 5392 621 5450 culmen
661 5406 717 5452 et
754 5415 927 5459 sacrae
974 5392 1387 5471 constitutionis
1436 5419 1749 5492 sinceritas,
1810 5442 1985 5498 neque

408 5478 446 5498 η
516 5486 528 5498 .
599 5489 609 5498 .
774 5491 845 5498 .-
922 5497 925 5498 ν

1712 5478 1749 5492 ρ,
1811 5478 1981 5498 "vv."

407 5478 703 5545 Ecclesiam
754 5491 964 5553 doloris
1015 5511 1113 5557 aut
1171 5508 1620 5575 reprehensionis
1680 5515 1981 5576 immunem

403 5588 693 5643 praestans.
747 5583 900 5642 Talia
932 5591 1081 5647 enim
1128 5594 1388 5657 dicuntur
1440 5601 1582 5662 facta
1630 5621 1756 5665 esse
1799 5608 1982 5681 qualia

470 5753 490 5786 ⁸
531 5756 677 5816 Psal.
705 5775 895 5827 vam.
924 5767 1015 5826 2t.

1505 4806 1749 4879 ὕϐρεσιν,
1800 4814 1911 4868 εἴτε
1950 4834 2002 4870 τι
2044 4817 2234 4893 ἕτερον
2314 4827 2395 4889 εἰς
2442 4806 2688 4887 ἐπίνοιαν
2734 4806 3115 4910 φέρούσίτοῦ
3170 4806 3182 4815 ⁵

410 4880 747 4941 δείκνυσθαι.
802 4888 881 4941 Τά
910 4889 955 4942 δ’
983 4891 1119 4946 ἀλλα
1147 4894 1427 4967 ὲῤῥῶσθαί
1454 4921 1514 4958 σε
1551 4908 1685 4979 ἡμῖν
1713 4912 1986 4985 παράσχοι
2010 4917 2038 4970 ὁ
2069 4880 2224 4987 ἀγίος
2256 4880 2412 4989 Θεὸς,

2162 523 2351 581 λοιπὸν
2409 528 2554 584 οὕτω
2610 534 2902 605 γενήσεται
2934 540 3119 606 καθὼς
3148 523 3280 616 παρ’
3330 547 3491 616 ήμῶν
3530 551 3748 621 ἐγράφη

2159 621 2274 683 τοῖς
2306 622 2449 676 κατά
2500 623 2688 696 χώραν
2723 630 2931 696 ἱκανοῖς
2987 630 3110 689 οὖσι
3160 638 3385 695 διοικεῖν
3418 642 3488 695 τὰ
3537 645 3749 715 γραφό-

2163 729 2325 782 μενα.
2356 715 2438 770 Τά
2475 716 2521 771 δ’
2542 718 2678 773 ἄλλα
2710 721 2922 794 ἔρρωσό
2958 744 3049 797 μοι
3080 731 3181 801 τῆς
3222 733 3380 803 ἡμῶν
3409 738 3744 811 ταπεινότη-

2155 822 2250 870 τος
2277 809 2337 862 ἐν
2362 809 2487 875 ταῖς
2513 812 2695 878 ὁσίαις
2723 817 2914 887 εὐχαῖς
2945 836 3040 874 σου
3074 827 3452 897 μεμνημένος.

2575 921 2695 983 ΞΝ.
2736 929 3002 1000 Τρύφωνι
3040 935 3311 1007 μοναχῷ.

2223 1057 2505 1131 Χαίρομεν
2534 1062 2621 1134 ἐφ’
2650 1060 2787 1139 οἶςὴ
2816 1071 3036 1142 ὁσιότης
3070 1075 3229 1146 ὐμῶν
3266 1077 3409 1134 οὕτω
3447 1081 3537 1136 διά
3572 1101 3743 1154 φρον-

2150 1146 2295 1211 τίδος
2322 1148 2436 1220 ἔχει
2462 1152 2666 1224 πολλῆς
2703 1160 2774 1210 τὰ
2802 1161 3051 1234 ἡμέτερα
3073 1180 3087 1195 ·
3123 1166 3248 1220 ἐπεὶ
3279 1170 3375 1223 καὶ
3406 1171 3567 1226 τοῦτο
3584 1146 3739 1243 μέγα

2152 1243 2506 1312 παραμύθιον
2565 1252 2679 1313 τοῖς
2728 1249 3098 1323 θλιϐομένοις,
3147 1257 3342 1333 ὥσπερ
3402 1264 3467 1335 δὴ
3525 1268 3620 1320 καὶ
3677 1270 3740 1322 τὸ

2151 1332 2398 1388 ἐναντίον
2438 1338 2689 1408 σφοδρῶς
2726 1343 2852 1415 ἀνιᾷ
2884 1347 3013 1411 τοὺς
3042 1350 3125 1413 είς
3164 1332 3521 1427 παράκλησιν
3552 1360 3742 1412 τοιαύ-

2149 1441 2249 1495 της
2271 1432 2668 1499 προαιρέσεωςο
2706 1438 2836 1508 περὶ
2864 1434 2924 1493 οὗ
2956 1443 3134 1498 καὶτὸ
3156 1446 3355 1514 Λόγιον
3379 1452 3535 1522 φησὶ,
3572 1472 3592 1506 ι
3625 1456 3736 1510 Καὶ¹

2149 1515 2422 1586 ὑπέμεινα
2471 1523 2917 1598 συλλυπούμενον
2950 1533 3047 1586 καὶ
3088 1536 3187 1607 οὐχ
3218 1515 3454 1609 ὑπῆρέεί
3491 1515 3590 1597 καὶ
3626 1564 3735 1599 πα-

2149 1609 2550 1681 ρακαλοῦντας,
2583 1619 2678 1671 καὶ
2696 1621 2796 1691 οὐχ
2826 1622 3006 1695 εὖρον.
3037 1646 3055 1679 ι
3104 1630 3193 1683 Ἐν
3212 1634 3376 1687 παντὶ
3413 1636 3520 1708 γὰρ
3544 1655 3738 1693 κοινω-

2146 1701 2235 1756 νία
2262 1706 2595 1780 κουφότερον
2626 1716 2776 1766 ποιεῖ
2800 1715 2860 1768 τὸ
2887 1717 3053 1789 βάρος
3083 1722 3193 1776 τῶν
3216 1701 3467 1801 ἀνάγκην
3488 1701 3735 1803 ’ἐχόντων

3259 1821 3435 1894 τούτῳ
3456 1824 3536 1896 τῷ
3570 1829 3733 1898 μέρει

2141 1887 2514 1961 ἀπολαύομεν,
2549 1898 2644 1950 καὶ
2692 1900 3132 1977 εὐχαριστοῦμεν
3174 1911 3254 1981 τῷ
3298 1887 3442 1983 ἀγίιρ
3485 1887 3604 1988 ὀεῷ
3644 1887 3728 1991 τῷ

2140 1979 2300 2034 τοῦτο
2348 1984 2495 2053 ὑμᾶς
2536 1992 2907 2058 συγκινοῦντι.
2965 1998 3114 2071 Πλὴν
3144 2003 3172 2053 ὁ
3199 1979 3466 2075 χειμῶνήὸ
3495 1979 3587 2064 διὸί
3628 1979 3731 2076 τάξ

2139 2072 2419 2143 ἁμαρτίας
2448 2079 2606 2148 ἡμῶν
2631 2082 2691 2148 ἐξ
2725 2086 2898 2157 ἀρχῆς
2927 2090 3060 2160 ἡμῖν
3102 2072 3535 2169 ἐπιτεθειμένος,
3570 2072 3727 2157 οὐδὲν

2139 2164 2361 2222 ἔλαττον
2394 2172 2488 2226 καὶ
2522 2173 2604 2227 ἔτι
2645 2179 2918 2248 χειμάζει,
2954 2184 3176 2251 πάντως
3224 2188 3321 2242 τοῦ
3373 2194 3571 2264 νέφους
3615 2196 3726 2251 τῶν

2136 2259 2429 2331 ἡμετέρων
2466 2264 2807 2337 σφαλμάτων
2836 2272 3038 2346 πολλὴν
3070 2278 3169 2348 τὴν
3200 2259 3484 2337 πύκνωσιν
3516 2303 3721 2357 κεκτη-

2139 2351 2325 2420 μένον,
2360 2355 2457 2407 καὶ
2496 2355 2651 2413 οὔπω
2697 2359 2798 2430 τῆς
2831 2364 3019 2439 θεῖκῆς
3071 2371 3365 2442 εὐμενείας
3393 2375 3581 2433 λαϐεῖν
3623 2351 3724 2450 την

2134 2443 2289 2498 λύσιν
2319 2446 2628 2515 ἐθέλοντος·
2667 2454 2734 2524 ἢν
2760 2459 2883 2521 ταῖς
2912 2464 3033 2526 σαῖς
3069 2464 3247 2531 ὁσίαις
3273 2465 3479 2533 έξιλέου
3506 2443 3719 2541 εὐχαῖς.

2134 2535 2297 2602 Ἴσως
2317 2539 2415 2610 ὀψέ
2461 2556 2594 2596 ποτε
2637 2544 2798 2601 δώσει
2832 2549 3052 2623 αιθριαν
3091 2557 3224 2627 ἡμῖν
3252 2560 3281 2613 ι
3313 2535 3720 2633 Φιλάνθρωνπος.

2133 2628 2228 2683 καὶ
2253 2631 2592 2690 ἀναπνεῦσαι
2622 2640 2900 2713 παράσχοι
2928 2647 3027 2716 τὴν
3063 2649 3401 2723 Ἐκκλησίαν
3440 2657 3541 2726 τῆς
3588 2673 3719 2712 συν-

2134 2721 2368 2795 εχούσης
2393 2727 2560 2781 αὐτοῦ
2591 2731 2988 2808 χαλεπότητος.

2376 2839 2499 2898 ΞΕ’.
2549 2846 2709 2903 ’Ῑωάν
2722 2866 2809 2941 νῃκ
2834 2852 3150 2925 ἐπισκόπῳ
3188 2862 3464 2933 Ἀμίσου.

2199 2976 2274 3030 Τὸ
2324 2978 2562 3051 γράμμα
2626 2983 2726 3055 τῆς
2788 2987 2947 3059 ὐμῶν
2999 2992 3286 3066 ὁσιότητος
3328 3000 3525 3075 διπλῆν
3580 3007 3719 3078 ἡμῖν

2129 3066 2417 3139 ἐνεποίησε
2462 3071 2563 3144 τὴν
2602 3073 2849 3132 διάθεσιν
2883 3082 2941 3148 ἐξ
2993 3084 3256 3142 ἐναντίων
3297 3066 3718 3168 προερχομένην

2125 3158 2236 3211 τῶν
2284 3161 2575 3233 ἀφορμῶν.
2631 3167 2697 3221 Ἡ
2728 3170 2831 3240 μὲν
2860 3172 2970 3244 γὰρ
3033 3158 3418 3250 παρεσκεύαζε
3442 3158 3715 3260 χαίρειν,

2122 3248 2223 3318 τῆς
2253 3250 2529 3346 ὑμετέρας
2562 3256 2710 3329 ζωῆς
2741 3262 2842 3332 τὴν
2885 3265 3089 3333 γνῶσιν
3116 3248 3252 3341 ημῖν
3288 3248 3710 3346 ἐμφανγίίζούσαί

2121 3342 2154 3411 ἠ
2186 3341 2243 3395 δὲ
2284 3345 2346 3396 τὸ
2374 3344 2668 3404 λυπεῖσθαι
2718 3356 3004 3426 προεξένει
3035 3376 3050 3391 ο
3099 3361 3169 3415 δι’
3219 3359 3294 3419 ὧν
3321 3341 3715 3442 ’ἐμανθάνομεν

2120 3433 2195 3497 ὡς
2231 3438 2383 3507 παρά
2416 3439 2539 3530 τῶν
2558 3440 2751 3512 βιαίων
2774 3450 2868 3500 καὶ
2893 3452 3032 3521 πρὸς
3066 3455 3236 3526 μόνην
3261 3433 3708 3530 τὴν-πλεονεξίαν

2119 3523 2391 3595 ὁρώντων,
2427 3529 2487 3582 τὸ
2517 3529 2744 3587 ἔλαττον
2773 3537 2934 3602 αὐτὸς
2975 3541 3300 3614 ἀπηνέγκω,
3328 3552 3506 3624 κακὴν
3532 3554 3707 3620 ὅντως

2119 3616 2215 3670 καὶ
2281 3618 2525 3690 ὀλέθριον
2594 3624 2753 3697 νίκην
2822 3632 3047 3689 ἐκείνων
3107 3643 3504 3711 νενικηκότωνο
3562 3646 3708 3718 πλὴν

2116 3708 2295 3763 ἐκεῖνο
2347 3712 2769 3786 ἐνθυμηθέντες,
2806 3721 2888 3776 ὅτι
2937 3727 3121 3797 χάριτι
3182 3708 3317 3785 Θεοῦ
3359 3736 3523 3811 ,οὐδὲν
3567 3708 3703 3811 ἐζη-

2118 3802 2322 3871 μίωται
2352 3805 2386 3875 ἠ
2421 3807 2490 3879 σὴ
2537 3810 2735 3883 ἀρετὴ,
2771 3813 2873 3885 τῆς
2919 3821 3020 3889 σῆς
3063 3822 3281 3895 ἀγαθῆς
3321 3802 3703 3900 προαιρέσεως

2115 3893 2206 3946 καὶ
2233 3898 2491 3970 σπουδῆς.
2532 3901 2643 3957 Ναὶ
2674 3904 2737 3977 δὴ
2785 3908 2882 3962 καὶ
2910 3911 3003 3965 τοῦ
3040 3915 3207 3969 πόνου
3236 3893 3337 3972 *καὶ
3365 3893 3700 3996 τῶν-καμάξ

2111 4001 2241 4053 των,
2277 3987 2377 4055 οὒς
2406 3990 2496 4046 διά
2529 3995 2630 4065 τῆς
2663 3999 2908 4072 χαλεπῆς
2940 4004 3184 4080 ὑπέστης
3213 4010 3551 4086 ὁδοιπορίας,
3585 3987 3697 4073 ὀὐκ

2110 4079 2497 4154 ἀπεστέρησαν
2555 4088 2657 4159 τῆς
2730 4094 2881 4164 παρά
2948 4097 3087 4152 Θεοῦ
3139 4079 3584 4174 μισθαποδοσίας
3647 4114 3699 4166 οἱ

2108 4170 2361 4238 δόξαντες
2411 4178 2791 4252 ἀποφέρεσθαι
2841 4188 2940 4258 τὴν
2995 4191 3177 4261 νίκην,
3228 4170 3579 4268 παραμύθιον
3634 4206 3699 4257 οὐ

2110 4266 2310 4335 μικρὸν
2341 4267 2578 4341 εὕρομεν
2610 4274 2703 4330 τοῦ
2738 4278 2814 4348 μὴ
2861 4278 3174 4353 λυπεῖσθαι,
3202 4266 3340 4363 ὅπερ
3373 4266 3466 4346 καὶ
3507 4297 3575 4367 τῇ
3624 4301 3692 4368 σῇ

2106 4358 2277 4429 ἀρετῇ
2329 4363 2575 4428 γενέσθω
2630 4368 2815 4440 χάριτι
2862 4372 2997 4426 Θεοῦ
3045 4378 3229 4450 πάσης
3264 4358 3399 4455 ῦλης
3430 4358 3697 4461 ἐλευθέρᾷ

2105 4453 2473 4526 τυγχανούσῃ,
2500 4459 2594 4511 καὶ
2637 4461 2774 4532 πρὸς
2807 4465 2948 4535 μόνα
2979 4469 3047 4523 τά
3075 4453 3419 4544 ἀποκείμενα
3450 4453 3690 4547 calcavit-ue

1865 4538 1995 4606 quid
2022 4556 2077 4616 D
2104 4541 2271 4612 κέρδη
2307 4546 2652 4624 ἀτενιζούσῃ.
2682 4555 2826 4633 ,Τοὺς
2856 4558 2913 4610 δὲ
2945 4560 3211 4632 ὑϐριστὰς
3243 4538 3338 4621 καὶ
3368 4570 3603 4643 εῖρωνας
3639 4538 3693 4629 οῖ

326 4638 329 4639 ν
416 4603 726 4674 excogitent
771 4617 960 4665 contra
979 4627 1100 4668 nos.
1117 4613 1386 4672 Caeterum
1410 4619 1595 4676 valere
1610 4632 1658 4678 te
1676 4625 1835 4681 nobis
1861 4643 1997 4683 con-

2104 4651 2247 4699 τινες
2276 4639 2406 4690 ποτέ
2435 4643 2542 4695 εισι
2576 4648 2715 4713 μετὰ
2746 4648 2846 4718 τῆς
2887 4653 3061 4725 αὐτῆς
3094 4639 3436 4730 δυσφημίας⁷
3459 4665 3554 4719 καὶ
3605 4668 3689 4719 εἰ-

2104 4729 2327 4797 ρωνίας,
2363 4732 2443 4795 εἰς
2472 4735 2533 4788 τὸ
2566 4740 2732 4808 μηδὲν
2763 4744 3183 4818 ἀπορῤίῲωμεν,
3215 4729 3491 4824 μηδεμίαν
3515 4775 3691 4828 φρον-

3567 4860 3688 4914 lm-

2711 4951 2802 4989 νον
2851 4937 2953 5008 τῆς
3004 4941 3164 5011 ἡμῶν
3218 4949 3592 5022 μετριότητος.

2677 5050 2815 5120 aq".
2865 5055 3116 5127 Ἀδήλῳ.

2169 5153 2374 5211 Τέκνον
2433 5148 2536 5228 μὸυ
2592 5162 2993 5235 ἠγαπημένον·
3046 5174 3281 5244 πρᾶγμα
3329 5178 3550 5247 ἐγένετο
3605 5184 3683 5250 ὡς

2086 5248 2311 5317 λέγουσι
2358 5267 2506 5341 τινες
2553 5256 2695 5326 μήτε
2752 5260 2818 5329 τῇ
2865 5260 2992 5336 δόξῃ
3044 5267 3257 5336 πρέπον
3312 5270 3413 5340 τῆς
3468 5248 3680 5341 “diem;

2087 5338 2290 5409 ταύτης
2340 5342 2400 5405 ὲν
2508 5345 2660 5398 πᾶσα
2691 5348 2846 5412 τάξις
2889 5355 3240 5427 χριστιανικὴ
3274 5360 3367 5412 καὶ
3398 5363 3550 5415 πᾶσα
3578 5366 3640 5418 εὐ

2087 5430 2274 5485 σέϐεια
2318 5432 2687 5508 πολιτεύεται,
2719 5441 2815 5494 καὶ
2861 5446 3012 5497 πᾶσα
3047 5450 3241 5517 σοφίας
3287 5452 3533 5525 ἀκρότης
3579 5459 3675 5510 καὶ

2086 5525 2241 5596 ἱερᾶς
2284 5528 2676 5595 καταστάσεως
2722 5534 3005 5604 ἀκρίϐεια,
3037 5541 3181 5611 μήτε
3223 5543 3285 5596 τὸ
3333 5545 3541 5601 ἄλυπον
3575 5551 3673 5603 καὶ

2083 5615 2376 5690 ἄμεμπτον
2403 5624 2468 5692 τῇ
2500 5623 2801 5698 Ἐκκλησία
2835 5631 3235 5703 παρεχόμενον.
3269 5637 3510 5711 Λέγουσι
3557 5645 3668 5715 γὰρ
