4152 6428
505 322 609 385 267

1625 306 1933 371 NICOLAI
1970 306 2080 368 ΟΡ.
2122 301 2634 366 ΡΑΤΒΙΑΒΕΗᾸΞ

3662 298 3776 362 268

506 428 828 499 ἀδιάὅλητον
854 424 942 479 διὰ
972 424 1070 495 τὴν
1116 423 1364 494 ἀνάγκην
1397 420 1491 476 καὶ
1522 420 1917 491 ἀκατάκριτον.
1956 417 2085 471 Ἐάν
2121 415 2179 469 δὲ
2213 415 2374 485 μείνῃ
2407 413 2805 483 ἀθεράπευτον,
2849 409 2974 465 οὔτε
3004 411 3036 484 ἡ
3104 412 3361 484 παροῦσα
3434 414 3616 483 γενεὰ,
3653 416 3779 470 οὒτε

505 533 538 602 ἡ
571 523 710 598 μετὰ
756 520 935 576 ταῦτα
967 518 1204 588 ἐσομένη
1242 516 1604 585 ἀδιαδλήτους
1635 514 1785 584 ἡμᾶς
1815 513 1908 566 καὶ
1943 512 2354 583 ἀκατακρίτους
2383 509 2658 564 ἐάσουσιν.

1094 632 1252 689 LVII.
1298 630 1531 686 Incerto.

581 757 784 811 Dilecto
817 754 914 818 fili,
939 766 1037 823 pro
1067 747 1332 818 obsequ-io
1356 754 1411 801 et
1434 742 1736 801 reverentia
1768 757 1934 813 quam
1966 755 2092 811 erga

515 845 605 902 Dei
643 845 944 901 Ecclesium
980 840 1151 895 habes
1180 848 1237 893 et
1266 846 1321 893 tu
1358 845 1417 893 ct
1461 836 1648 892 creteri
1673 834 1912 890 illustres
1947 830 2094 887 sacri

511 939 697 1010 palatii
746 935 1043 1006 principes,
1092 944 1406 1002 precamur,
1457 927 1585 982 licet
1618 936 1957 997 peccatores,
1990 923 2093 979 do-

511 1029 630 1084 nari
680 1028 836 1083 vobis
884 1034 1146 1080 aeternam
1193 1021 1313 1092 ejus
1356 1019 1585 1089 gloriam
1635 1027 1691 1073 et
1727 1019 2014 1083 honorem,
2041 1021 2092 1070 et

510 1117 924 1175 misericordem
965 1113 1259 1168 Dominum
1305 1117 1554 1166 nostrum
1594 1108 1874 1165 Christum
1918 1107 2092 1162 Deum

507 1226 633 1267 esse
683 1206 945 1264 omnibus
1000 1203 1198 1261 vestris
1242 1201 1588 1257 orationibus
1640 1199 1986 1266 audientem,
2042 1205 2096 1253 et

509 1301 736 1370 implere
778 1299 1048 1355 salutares
1089 1305 1300 1351 vestras
1331 1293 1753 1366 postulationes.
1792 1292 1854 1346 Et
1884 1290 2096 1347 confide

508 1392 956 1450 miserationibus
988 1389 1111 1460 ejus
1161 1389 1233 1442 ita
1272 1385 1388 1442 fore
1424 1386 1479 1441 in
1519 1400 1616 1441 vos
1654 1394 1713 1438 ut
1759 1393 1814 1438 et
1855 1398 1950 1438 vos
1992 1381 2096 1452 ipsi

508 1489 857 1541 in~sanctam
917 1484 1038 1555 ejus
1086 1479 1392 1535 Ecclesium
1442 1477 1697 1548 dispositi
1728 1475 1930 1530 fuistis.
1988 1473 2094 1539 Qui

506 1577 653 1631 cnim
686 1576 824 1631 dixit
854 1590 869 1629 :
926 1592 944 1625 ι
978 1569 1254 1641 Quidquid
1284 1569 1377 1623 uni
1409 1583 1477 1624 ex
1518 1568 1642 1624 istis
1671 1567 1913 1622 minimis
1948 1566 2095 1621 fece-

506 1669 651 1737 ritis,
683 1668 819 1722 mihi
849 1663 1119 1728 fecistis',
1161 1680 1180 1714 ι
1223 1658 1507 1731 quomodo
1560 1675 1671 1716 non
1704 1671 1941 1715 vesuam
1968 1672 2095 1729 erga

507 1770 756 1817 sanctam
803 1758 925 1826 ejus
975 1754 1279 1812 Ecclesiam
1318 1751 1709 1809 verecundiam
1755 1760 1811 1806 et
1855 1749 2098 1806 submis-

510 1838 725 1910 sione°m
768 1849 943 1905 multo
986 1847 1160 1919 magis
1201 1844 1550 1918 rependerit?
1596 1842 1704 1899 Sed
1734 1844 1846 1899 haec
1875 1843 2095 1913 quidem

2126 612 2174 667 A

2765 623 2883 677 ΞΖ⁹.
2932 623 3187 693 Ἀδήλῳ.

2269 737 2471 794 Τέκνον
2501 758 2604 811 μου
2633 739 3027 811 ἠγαπημένον,
3056 741 3181 794 ἀντὶ
3213 740 3314 809 τῆς
3343 742 3656 807 εὐπειθειας
3684 761 3787 798 και

2195 833 2296 905 τῆς
2325 835 2517 905 τιμῆς,
2549 837 2616 906 ἢν
2642 834 2781 905 πρὸς
2830 838 2931 903 τὴν
2954 832 3046 886 τοῦ
3078 831 3215 885 Θεοῦ
3249 832 3584 903 Ἐκκλησίαν
3610 833 3782 906 ἔχεις,

2196 927 2295 980 καὶ
2321 927 2484 990 αὐτὸς
2520 926 2618 979 καὶ
2655 927 2703 979 οἱ
2733 925 2916 978 λοιποὶ
2950 923 3151 991 ἔνδοξοι
3179 922 3273 978 τοῦ
3308 922 3455 994 ἱεροῦ
3511 925 3781 980 παλατίου

2197 1019 2476 1090 ἄρχοντες,
2507 1018 2780 1089 εὐχόμεθα
2811 1018 2860 1071 εί
2889 1017 2989 1072 καὶ
3024 1016 3345 1086 ἁμαρτωλοὶ
3375 1017 3598 1087 δοθῆναι
3646 1019 3782 1086 ὑμῖν

2195 1110 2296 1183 τὴν
2322 1110 2542 1164 αἰώνιον
2594 1112 2754 1177 δόξαν
2791 1110 2958 1164 αὐτοῦ
3011 1112 3105 1163 καὶ
3155 1109 3345 1181 τιμὴν,
3380 1111 3474 1164 καὶ
3518 1105 3662 1164 εῖναι
3684 1111 3781 1165 τὸν

2198 1201 2580 1273 φιλάνθρωπον
2637 1204 2916 1273 Δεσπότην
2948 1201 3180 1272 Χριστὸν
3212 1201 3390 1272 ἡμῶν,
3422 1203 3513 1256 καὶ
3558 1202 3691 1257 Θεὸν
3720 1203 3787 1257 ἐν
3818 1263 3828 1269 _

2197 1294 2403 1357 πάσαις
2431 1296 2552 1357 ταῖς
2591 1295 2876 1365 αἰτήσεσιν
2911 1293 3064 1363 ὑμῶν
3091 1293 3324 1363 εὐπειθῆ
3367 1293 3463 1347 καὶ
3485 1295 3782 1366 ἐκπληρω-

2196 1386 2298 1458 τὴν
2338 1385 2447 1455 τῶν
2481 1386 2769 1457 σωτηρίων
2815 1385 2973 1457 ὑμῶν
3022 1385 3378 1456 αἰτημάτων*
3410 1387 3507 1441 καὶ
3538 1385 3791 1440 πιστεύω

2197 1480 2311 1543 τοῖς
2363 1481 2670 1550 οἱκτιρμοῖς
2715 1478 2906 1541 αὑτοῦ,
2943 1477 3027 1531 ὅτι
3079 1477 3253 1540 οὕτως
3298 1478 3596 1547 γενήσεται
3646 1478 3791 1547 πρὸς

2198 1571 2365 1642 ὑμᾶς.
2403 1570 2595 1642 ὥσπερ
2635 1571 2732 1624 καὶ
2763 1569 2923 1624 αὐτοὶ
2957 1570 3094 1641 πρὸς
3120 1571 3224 1642 τὴν
3254 1571 3420 1639 ἁγίαν
3450 1570 3613 1624 αὐτοῦ
3655 1570 3787 1626 Ἐκ-

2196 1663 2428 1735 κλησίαν
2446 1662 2742 1733 διετέΊητε.
2773 1661 2830 1715 Ὀ
2860 1662 2970 1731 γὰρ
2998 1661 3193 1726 εἰπὼν,
3227 1680 3246 1715 ι
3270 1661 3388 1731 Ἐφ’
3413 1662 3536 1715 ὅσον
3562 1663 3645 1716 ἐνὶ
3672 1662 3792 1716 τῶν

2198 1757 2502 1829 ἐλαχίστων
2530 1754 2737 1809 τούτων
2764 1756 3079 1825 ἐποιήσατε,
3106 1755 3231 1824 ἐμοὶ
3259 1754 3575 1826 ἐποιήσατε,
3603 1773 3624 1807 ι
3657 1754 3785 1817 πῶς

2200 1849 2323 1920 οὐχὶ
2359 1849 2460 1920 τὴν
2511 1848 2651 1919 πρὸς
2692 1848 2793 1913 τὴν
2836 1847 3000 1915 ἁγίαν
3030 1846 3198 1900 αὑτοῦ
3234 1847 3561 1920 Ἐκκλησίαν
3613 1848 3791 1920 τιμὴν

509 1945 579 2002 de
630 1956 816 2000 vestra
865 1944 922 1997 in
972 1941 1145 1996 Deum
1184 1941 1325 1994 bona
1371 1938 1673 1994 voluntate.
1729 1934 1866 1993 Tres
1910 1945 2096 1990 autem

2203 1944 2354 2016 ὑμῶν
2378 1945 2472 1997 καὶ
2502 1944 2531 1997 ὑ
2546 1943 2782 2012 ποταγὴν
2804 1942 3102 2013 ἀμείψεται
3126 1943 3586 2011 πολλαπλασίωςς
3622 1943 3792 1999 Ἀλλά

513 2035 913 2106 metropolitas,
943 2033 1075 2104 quia
1117 2030 1431 2102 principum
1480 2027 1777 2095 multitudo
1826 2041 1935 2081 non
1967 2026 2097 2081 sinit

513 2138 575 2185 ut
605 2128 672 2183 ad
707 2142 810 2183 nos
848 2125 1093 2191 veniant,
1122 2123 1401 2178 mittemus
1435 2120 1524 2190 qui
1570 2120 1625 2175 in
1675 2133 1836 2175 sacro
1868 2118 2095 2190 palatio,

511 2236 699 2278 coram
730 2230 803 2283 te,
836 2219 910 2273 tili
954 2217 1054 2285 mi,
1098 2224 1154 2271 et
1185 2212 1506 2286 conspicuis
1534 2212 1898 2285 principibus,
1936 2220 2100 2281 quot-

509 2323 645 2385 quot
672 2313 878 2368 inventi
907 2309 1133 2377 fuerint,
1169 2307 1453 2364 defluitam
1491 2320 1710 2378 poenam
1739 2305 1892 2361 vobis
1922 2304 2096 2375 signi-

514 2408 696 2463 ficent.
738 2404 877 2460 Illud
922 2411 1103 2458 autem
1146 2413 1201 2457 et
1227 2417 1323 2456 vos
1357 2399 1731 2464 contristabit,
1769 2412 1878 2452 non
1913 2406 2097 2452 autem

510 2502 771 2568 offendet,
803 2509 855 2556 et
884 2498 951 2555 iis
984 2497 1075 2569 qui
1108 2503 1304 2552 contra
1337 2493 1639 2551 Ecclesiam
1686 2492 1782 2546 Dei
1807 2492 2099 2562 insurgunt

512 2590 840 2647 seditionum
873 2588 1020 2642 viam
1070 2584 1420 2641 intercludet.
1456 2584 1660 2639 Iterum
1708 2592 1891 2638 autem
1931 2583 2095 2639 dico:

510 2683 655 2739 Deus
687 2681 782 2752 qui
809 2688 1029 2752 propter
1070 2678 1305 2734 salutem
1339 2676 1564 2730 humani
1609 2675 1823 2746 generis
1859 2673 2103 2745 crucifigi

510 2790 572 2833 se
620 2774 814 2841 voluit,
862 2781 1194 2849 pro‘Vestra
1242 2769 1580 2841 benignitate
1626 2774 1683 2823 et
1729 2767 1956 2822 salutari
2004 2766 2099 2821 illa

512 2867 823 2923 humilitate
849 2864 1052 2922 exaltet
1075 2872 1129 2919 et
1150 2861 1220 2917 ad
1250 2862 1456 2917 bonum
1481 2860 1692 2917 exitum
1710 2859 1911 2932 dirigat
1937 2858 2102 2931 quid-

511 2960 644 3032 quid
666 2957 939 3030 cogitatis,
973 2955 1161 3021 vultis,
1196 2954 1381 3025 agitis.

2201 2036 2378 2091 ταῦτα
2412 2035 2511 2106 μὲν
2548 2034 2809 2105 περὶτῆς
2845 2033 3133 2104 θεοφιλοῦς
3193 2035 3349 2106 ὑμῶν
3383 2037 3793 2107 προαιρέσεως·

2207 2126 2610 2199 μητροπολίτας
2643 2126 2700 2180 δέ
2752 2126 3173 2199 ἀποστελοῦμεν
3221 2129 3412 2197 τρεῖς,
3473 2128 3596 2181 ἐπεὶ
3648 2128 3794 2199 πρὸς

2201 2221 2352 2291 ἡμᾶς
2384 2220 2444 2273 τὸ
2473 2220 2678 2289 πλῆθος
2698 2218 2808 2273 τῶν
2831 2218 3111 2290 ἀρχόντων
3130 2220 3377 2274 ἀνελθεῖν
3402 2220 3504 2274 οὐκ
3525 2221 3784 2293 ἐγχωρεῖ,

2204 2312 2293 2365 ἵνα
2349 2314 2548 2366 ἐκεῖνοι
2579 2312 2640 2365 ἐν
2668 2311 2747 2381 τῷ
2804 2312 2936 2384 ιερῷ
2995 2311 3246 2385 παλατίῳ
3296 2313 3638 2369 κατενώπιόν
3666 2330 3791 2377 σου,

2203 2402 2393 2458 τέκνον
2416 2403 2598 2475 ἡμῶν,
2630 2405 2726 2458 καὶ
2768 2404 2878 2457 τῶν
2907 2403 3291 2475 περιϐλέπτων
3343 2405 3646 2476 ἀρχόντων,
3672 2405 3793 2458 ὅσοι

2203 2494 2271 2551 ἂν
2303 2496 2572 2568 εὐρεθῶσι
2598 2497 2660 2551 τὸ
2692 2496 2913 2570 ὁρισθὲν
2943 2482 3226 2569 ἐπιτίμιον
3253 2498 3598 2570 γνωρίσωσιν
3632 2497 3790 2568 ὑμῖν.

2203 2586 2376 2642 Τοῦτο
2400 2588 2457 2643 δέ
2483 2588 2638 2643 ἔσται
2669 2590 2766 2643 καὶ
2795 2589 2942 2660 ὑμᾶς
2982 2589 3210 2657 λυποῦν,
3246 2590 3381 2661 μηδέ
3412 2590 3509 2642 καὶ
3531 2589 3794 2659 βαρῦνον,

2203 2681 2301 2735 καὶ
2345 2683 2461 2745 τοῖς
2495 2681 2757 2746 πολλάκις
2820 2682 2963 2736 κατὰ
3007 2681 3104 2751 τῆς
3156 2681 3487 2753 Ἐκκλησίας
3521 2680 3614 2735 τοῦ
3648 2680 3792 2735 Θεοῦ

2205 2773 2561 2845 ἐφεδρεύουσι
2591 2774 2686 2828 καὶ
2713 2773 3062 2845 κινουμένοις
3084 2774 3378 2829 ἀποκλεῖον
3403 2773 3505 2844 τὴν
3534 2772 3790 2843 κίνησιν⁸

2205 2865 2304 2919 καὶ
2351 2866 2515 2921 πάλιν
2542 2866 2600 2920 δέ
2650 2884 2795 2939 φημι
2815 2884 2829 2898 ο
2864 2866 2964 2939 Εῖη
2994 2869 3024 2921 ὁ
3053 2866 3187 2931 Θεὸς
3213 2869 3242 2921 δ
3270 2865 3358 2920 διὰ
3386 2865 3484 2937 τὴν
3511 2864 3793 2937 σωτηρίαν

2208 2957 2307 3012 τοῦ
2344 2959 2537 3028 γένους
2570 2960 2679 3013 τῶν
2721 2959 3030 3032 ἀνθρώπων
3059 2959 3440 3032 σταυρωθῆναι
3492 2955 3797 3022 καταδεξά-

517 3069 678 3124 μενος
716 3051 841 3106 ἀντὶ
881 3051 981 3120 τῆς
1026 3047 1331 3112 ἐπιεικείας
1365 3046 1542 3119 ὑμῶν,
1570 3047 1668 3102 καὶ
1697 3047 1796 3118 τῆς
1826 3044 2097 3119 σωτηρίου
2137 3050 2344 3124 ταύτης
2373 3054 2869 3121 ὑποκατακλίσεως
2928 3053 3150 3126 ἀνυψῶν
3186 3055 3278 3109 καὶ
3345 3052 3659 3108 κατευοδῶν
3693 3051 3794 3107 καὶ

513 3149 584 3203 τὰ
635 3146 963 3219 φρονήματα
1019 3141 1177 3214 ὑμῶν
1230 3140 1325 3194 καὶ
1357 3140 1426 3194 τὰ
1477 3137 1828 3210 βουλεύματα
1879 3139 1977 3193 καὶ
2025 3139 2096 3194 τὰ
2134 3144 2465 3217 πράγματα.
3158 3130 3161 3133 Ι

1068 3253 1303 3311 LXVIII.
1336 3254 1570 3309 Incerto.

585 3377 850 3435 Pcrlectis
879 3374 989 3430 tuis
1015 3372 1240 3437 litteris,
1267 3370 1340 3425 tili
1371 3377 1578 3436 noster,
1608 3370 1850 3438 primum
1878 3370 2105 3441 quidem

512 3476 585 3528 de
638 3463 1203 3525 circumvenientibus
1256 3475 1357 3517 vos
1417 3461 1688 3530 angustiis
1752 3460 2105 3516 vehementer

514 3565 703 3621 animo
738 3562 1039 3618 doluimus.
1072 3555 1362 3624 Quomodo
1403 3554 1548 3609 enim
1585 3569 1694 3610 non
1728 3554 1961 3607 multum
2008 3552 2106 3608 do—

515 3659 740 3715 lendum
790 3655 949 3710 nobis
988 3653 1183 3708 fuisset
1229 3647 1581 3705 audientibus
1613 3647 1667 3702 in
1696 3646 1895 3701 talibus
1935 3643 2107 3699 mole-

518 3752 642 3807 stiis
675 3759 727 3806 te
756 3747 940 3812 obrui,
966 3745 1041 3799 lili
1073 3740 1421 3799 nosterYSed
1452 3740 1761 3796 litterarum
1784 3747 2001 3793 tuarum
2027 3738 2108 3792 ul-

518 3847 650 3900 tima
709 3840 877 3896 verba
944 3837 1104 3893 nobis
1178 3833 1435 3891 solamini
1498 3831 1759 3897 fuerunt,
1819 3845 1945 3886 cum
2003 3845 2105 3887 nos

516 3938 784 3995 certiores
815 3932 1047 3988 fecerint
1080 3929 1171 3984 illa
1203 3925 1444 3983 (liﬂicilia
1504 3923 1600 3981 Dei
1630 3924 1806 3995 gratia
1835 3923 2104 3992 dirempta

517 4043 643 4086 esse
673 4024 939 4097 pericula,
981 4032 1143 4091 teque
1192 4026 1512 4088 susceptum
1551 4031 1675 4071 cum
1728 4015 1905 4071 salute
1934 4014 2105 4071 fuisse

520 4122 581 4177 in
594 4117 1042 4175 Chersonitarum
1063 4111 1215 4168 urbe.
1241 4108 1308 4164 Et
1335 4123 1550 4166 summe
1570 4108 1747 4165 bonus
1769 4106 1938 4173 Deus,
1965 4122 2106 4178 quo-

523 4214 670 4268 niam
724 4209 862 4264 nihil
905 4207 1050 4277 apud
1097 4204 1349 4259 homines
1390 4202 1618 4272 planum
1644 4209 1729 4258 est
1759 4214 1860 4255 nec
1891 4199 2105 4254 vicissi-

524 4305 730 4362 tudinis
771 4315 989 4372 expers,
1020 4299 1100 4354 sic
1147 4310 1295 4351 tuam
1327 4294 1562 4351 deducat
1592 4294 1761 4348 vitam
1811 4302 1871 4348 ut
1912 4292 2104 4347 ultima

527 4412 744 4455 tuarum
808 4396 1113 4450 litterarum
1180 4389 1344 4444 verba
1403 4386 1565 4443 nobis
1612 4385 2103 4442 annuntiaverunt.

527 4490 684 4559 Quod
736 4489 805 4543 ad
860 4486 1180 4556 episcopum
1228 4479 1531 4536 Chersonis
1587 4478 1804 4546 attinet,
1855 4476 2107 4535 meminit

527 4593 620 4639 tua
652 4581 922 4651 sapientia
962 4590 1063 4630 nos
1097 4572 1320 4645 proprio
1364 4585 1462 4627 ore
1499 4569 1730 4634 dixisse,
1776 4578 1831 4624 et
1874 4582 1969 4639 per
2003 4567 2104 4624 bas

2777 3262 2909 3317 EII'.
2955 3260 3199 3332 Ἀδήλῳ.

2280 3380 2363 3432 Τά
2391 3376 2700 3451 γραμματά
2721 3394 2840 3444 σου,
2865 3376 3059 3431 τέκνον
3087 3375 3270 3447 ἡμῶν,
3293 3371 3790 3443 ἀναγινώσκοντες,

2207 3471 2424 3542 πρῶτον
2457 3471 2558 3539 μὲν
2596 3471 2691 3524 ἐπὶ
2718 3472 2859 3533 ’ταῖς
2890 3468 3332 3531 καταλαϐούσαις
3361 3467 3504 3536 ὑμᾶς
3556 3465 3792 3537 χαλεπό-

2206 3580 2364 3634 τησιν
2388 3561 2744 3633 ὠδυνήθημεν
2778 3561 3028 3630 σφοδρῶς
3081 3560 3183 3630 τὴν
3238 3558 3489 3629 καρδίαν.
3520 3557 3645 3619 Πῶς
3674 3554 3794 3627 γὰρ

2206 3656 2307 3709 οὐκ
2334 3653 2636 3726 ἐμέλλομεν
2671 3653 2910 3723 σφοδρὰν
2935 3652 3190 3723 δέχεσθαι
3230 3652 3328 3723 τὴν
3372 3648 3568 3720 ὀδύνην
3608 3647 3796 3702 τοιού-

2207 3764 2321 3811 τοις
2351 3746 2549 3802 πάθεσι
2591 3746 2957 3817 μανθάνοντες
3017 3743 3453 3815 ἐμπεπτωκέναι
3486 3759 3569 3807 σε,
3594 3741 3794 3794 τέκνον

2208 3839 2396 3912 ἡμῶνς
2461 3837 2622 3893 una
2672 3838 2746 3900 τὰ
2798 3837 2896 3892 τοῦ
2948 3838 3279 3908 γράμματος
3333 3836 3539 3907 ἔσχατα
3583 3834 3790 3888 ἔδωκεν

2207 3934 2548 3989 ἀναπνεῦσαι
2575 3934 2706 4004 ἡμῖν
2723 3931 3048 3986 διδάσκοντα
3070 3928 3207 3983 Θεοῦ
3239 3929 3427 4000 χάριτι
3464 3925 3586 3989 τοὺς
3619 3924 3790 3996 χαλε-

2208 4023 2342 4087 ποὺς
2369 4022 2614 4084 ἐκείνους
2647 4019 2996 4076 διαλελύσθαι
3025 4016 3330 4081 κινδύνους,
3364 4015 3456 4070 καὶ
3499 4015 3599 4085 τὴν
3630 4015 3795 4084 ὑμῶν

2209 4115 2351 4187 μετὰ
2382 4115 2659 4186 σωτηρίας
2684 4112 2995 4183 κατάληψιν
3025 4111 3084 4164 ἐν
3126 4114 3193 4182 τῇ
3255 4108 3363 4164 τῶν
3422 4106 3790 4180 Χερσωνιτῶν

2206 4208 2394 4263 πόλει*
2429 4209 2525 4262 καὶ
2574 4207 2665 4279 εἴη
2692 4208 2720 4260 ὁ
2756 4203 3106 4276 ὑπεράγαθος
3150 4202 3305 4266 Θεὸς,
3337 4203 3461 4257 ἐπεὶ
3494 4199 3647 4255 οὐδὲν
3676 4199 3790 4253 τῶν

2207 4303 2264 4354 ἐν
2288 4300 2599 4371 ἀνθρώποις
2620 4298 2825 4370 ὁμαλὸν
2847 4298 2968 4351 οὐδὲ
2986 4298 3156 4369 χωρὶς
3186 4296 3587 4368 περιστάσεως,
3607 4290 3786 4355 οὕτως

2205 4394 2304 4466 τὴν
2365 4394 2464 4466 σὴν
2509 4393 2774 4460 διεξάγων
2826 4389 3008 4462 ζωὴν,
3040 4388 3232 4458 ὥσπερ
3302 4388 3373 4442 τὰ
3422 4387 3630 4458 ἔσχατα
3684 4381 3784 4438 τοῦ

2204 4485 2536 4557 γράμματος
2570 4484 2716 4555 ἡμᾶς
2748 4480 3052 4549 ἁνεδίδαξε.
3080 4480 3216 4551 Περὶ
3250 4479 3308 4533 δὲ
3354 4478 3450 4533 τοῦ
3483 4477 3790 4532 ἐπισκόπου

2205 4577 2309 4647 τῆς
2355 4574 2645 4646 Χερσῶνος
2692 4572 2968 4644 μέμνηται
3008 4588 3103 4624 σου
3135 4574 3169 4642 ἡ
3200 4571 3382 4642 ἀγαθὴ
3426 4571 3668 4637 σύνεσις,
3702 4569 3791 4624 ὅτι

524 4672 738 4727 litteras
772 4682 918 4722 nunc
960 4664 1125 4720 etiam
1170 4671 1364 4718 notum
1396 4659 1650 4724 facimus,
1684 4673 1811 4724 nos,
1839 4674 1964 4715 cum
1995 4659 2100 4715 huc

2209 4669 2305 4721 καὶ
2352 4667 2583 4737 στόματι
2631 4665 2821 4736 οἰκείῳ
2855 4663 3398 4736 προσωμιλήσαμεν,
3432 4662 3528 4717 καὶ
3554 4662 3651 4716 νῦν
3688 4660 3791 4731 δη-

523 4779 555 4818 a
607 4762 875 4817 Chazaria
927 4755 1251 4813 devenerint
1311 4754 1634 4824 episcopum
1690 4758 1960 4822 petentes,
2007 4750 2103 4822 qui

526 4853 928 4909 ordinationem
970 4849 1417 4919 presbyter-Orum
1470 4845 1547 4900 ibi
1593 4843 1896 4914 perﬁceret.
1924 4844 2018 4898 sed
2051 4852 2107 4898 et

523 4948 593 5002 de
618 4960 754 5017 pars
780 4942 1217 4999 Christianorum
1243 4938 1349 4994 fide
1377 4937 1680 5007 susciperet
1710 4935 2104 4999 ministerium,

526 5037 869 5106 designatum
902 5030 1201 5087 Chersonis
1227 5029 1702 5099 archiepiscopum
1738 5028 1955 5084 misisse
1981 5029 2101 5100 qui,

527 5130 643 5184 Deo
684 5126 854 5183 simul
899 5132 1253 5195 cooperante,
1303 5122 1625 5179 Chazariam
1678 5122 1855 5178 adiret
1885 5132 1940 5177 et
1982 5136 2105 5192 quae

528 5220 604 5275 ibi
645 5233 784 5290 npus
825 5216 1029 5271 fuerint
1079 5214 1514 5281 administraret,
1558 5214 1757 5270 deinde
1805 5213 1874 5268 ad
1916 5212 2104 5283 sedem

526 5323 627 5380 pro
673 5322 779 5377 qua
828 5304 1151 5375 designatus
1201 5315 1322 5360 erat
1371 5312 1762 5367 reverteretur,
1794 5303 1851 5358 id
1896 5311 2003 5366 est,
2036 5302 2104 5357 ad

527 5397 711 5453 sedem
774 5394 1097 5450 Chersonis.
1141 5393 1210 5447 Et
1255 5404 1313 5448 tu
1357 5392 1585 5448 omnino
1635 5393 1794 5463 quasi
1844 5391 2105 5449 Ecclesiae

527 5490 672 5545 IiIius
703 5498 818 5543 toto
838 5487 1025 5543 animo
1054 5487 1313 5542 incumbe
1360 5496 1420 5541 ut
1460 5501 1760 5543 concurras
1793 5496 1849 5542 et
1872 5486 1939 5541 ad
1967 5500 2107 5557 opus

527 5581 808 5635 Chasaria:
850 5588 908 5634 et
946 5578 1017 5632 ad
1069 5577 1523 5636 constitutionem
1577 5578 2106 5652 collocationemque

597 5761 618 5793 ²
643 5759 830 5816 Matth.
863 5777 1007 5832 i-xv,
1037 5758 1130 5817 40.

2208 4756 2411 4827 λοῦμεν
2452 4757 2538 4809 διὰ
2579 4755 2675 4809 τοῦ
2727 4754 3081 4826 γράμματος,
3108 4755 3191 4808 ὅτι
3229 4753 3337 4808 τῶν
3366 4754 3476 4808 ἀπὸ
3505 4752 3791 4822 Χαζαρίας

2209 4847 2349 4919 πρὸς
2377 4848 2446 4901 τὰ
2479 4846 2718 4900 ἐνταῦθα
2770 4844 3192 4900 καταλαϐόντων
3228 4846 3531 4901 ἐπίσκοπον
3566 4848 3790 4917 ἐξαιτη·

2211 4940 2485 5010 σαμένων,
2504 4938 2647 4992 ὥστε
2678 4939 3016 5011 χειροτονίας
3038 4939 3219 4992 ἐκεῖσε
3252 4941 3641 5011 πρεσϐυτέρων
3665 4942 3790 4993 ἐπι-

2207 5031 2446 5099 τελέσαι,
2474 5029 2612 5085 ἀλλὰ
2627 5032 2869 5100 καὶπερὶ
2897 5029 2998 5099 τῆς
3031 5030 3279 5103 καθαρᾶς
3300 5029 3411 5084 τῶν
3442 5029 3790 5102 Χριστιανῶν

2212 5124 2451 5185 πίστεως
2518 5118 2881 5184 ἀναδέξασθαι
2935 5119 3035 5200 τὴν
3089 5119 3388 5187 διακονίαν,
3452 5123 3543 5176 τὸν
3606 5122 3666 5173 ἐν
3718 5123 3787 5191 τῇ

2186 5292 2189 5295 _
2211 5211 2464 5281 Χερσῶνι
2489 5209 2868 5301 προϐληθέντα
2897 5211 3331 5281 ἀρχιεπίσκοπον
3361 5210 3789 5285 ἀπεστείλαμεν,

2210 5303 2352 5357 ὥστε
2397 5301 2534 5357 Θεοῦ
2579 5302 3196 5374 συνεπιλαμϐανομένου
3226 5303 3490 5359 ἀπελθεῖν
3518 5305 3620 5375 μὲν
3650 5306 3793 5376 πρὸς

2206 5397 2307 5469 τὴν
2328 5394 2636 5469 Χαζαρίαν,
2666 5396 2760 5449 καὶ
2780 5396 2877 5449 ὅσα
2897 5396 3016 5449 ἐκεῖ
3036 5395 3218 5467 δεήσει
3245 5395 3791 5468 ἐξυπηρετήσασθαι,

2208 5487 2329 5544 εἶτα
2368 5490 2503 5561 πρὸς
2531 5488 2591 5542 δν
2620 5482 2936 5560 προεϐλήθη
2961 5487 3153 5560 θρόνον
3175 5489 3514 5557 ἐπανελθεῖν,
3538 5490 3798 5546 τουτέστι

2212 5582 2351 5655 πρὸς
2379 5581 2470 5639 τὸν
2496 5581 2595 5654 τῆς
2642 5581 2955 5654 Χερσῶνος.
3006 5579 3114 5634 Καὶ
3147 5582 3366 5645 πάντως
3403 5580 3480 5648 ὡς
3518 5580 3619 5651 τῆς
3663 5581 3799 5636 Ἐκη
