  <div class='ocr_page' id='page_1' title='image "/cluster/home/n/w/nwhite01/storage/ocr_20150623/111/coo.31924054870153/144.png"; bbox 0 0 4152 6426; ppageno 0'>
   <div class='ocr_carea' id='block_1_1' title="bbox 433 253 554 315">
    <p class='ocr_par' dir='ltr' id='par_1_1' title="bbox 433 253 554 315">
     <span class='ocr_line' id='line_1_1' title="bbox 433 253 554 315; baseline 0.017 -2"><span class='ocrx_word' id='word_1_1' title='bbox 433 253 554 315; x_wconf 64' lang='grc' dir='ltr'>ξω</span> 
     </span>
    </p>
   </div>
   <div class='ocr_carea' id='block_1_2' title="bbox 1915 264 2326 327">
    <p class='ocr_par' dir='ltr' id='par_1_2' title="bbox 1915 264 2326 327">
     <span class='ocr_line' id='line_1_2' title="bbox 1915 264 2326 327; baseline 0.012 -5"><span class='ocrx_word' id='word_1_2' title='bbox 1915 264 2034 325; x_wconf 80' lang='lat' dir='ltr'><strong>EPl</strong></span> <span class='ocrx_word' id='word_1_3' title='bbox 2048 266 2135 327; x_wconf 90' lang='lat' dir='ltr'><strong>ST</strong></span> <span class='ocrx_word' id='word_1_4' title='bbox 2141 266 2326 327; x_wconf 59' lang='grc' dir='ltr'><strong>ΘΣΕ.</strong></span> 
     </span>
    </p>
   </div>
   <div class='ocr_carea' id='block_1_3' title="bbox 3615 278 3722 342">
    <p class='ocr_par' dir='ltr' id='par_1_3' title="bbox 3615 278 3722 342">
     <span class='ocr_line' id='line_1_3' title="bbox 3615 278 3722 342; baseline -0.028 0"><span class='ocrx_word' id='word_1_5' title='bbox 3615 278 3722 342; x_wconf 71' lang='lat'><strong>270</strong></span> 
     </span>
    </p>
   </div>
   <div class='ocr_carea' id='block_1_4' title="bbox 441 372 2021 460">
    <p class='ocr_par' dir='ltr' id='par_1_4' title="bbox 441 372 2021 452">
     <span class='ocr_line' id='line_1_4' title="bbox 441 372 2021 452; baseline 0.004 -25"><span class='ocrx_word' id='word_1_6' title='bbox 441 375 688 445; x_wconf 75' lang='grc' dir='ltr'>κλησέας</span> <span class='ocrx_word' id='word_1_7' title='bbox 720 372 855 439; x_wconf 62' lang='grc' dir='ltr'>υἷος,</span> <span class='ocrx_word' id='word_1_8' title='bbox 887 372 1036 429; x_wconf 77' lang='grc' dir='ltr'>οὔτω</span> <span class='ocrx_word' id='word_1_9' title='bbox 1082 374 1483 447; x_wconf 74' lang='grc' dir='ltr'>προθυμήθητι,</span> <span class='ocrx_word' id='word_1_10' title='bbox 1520 378 1616 430; x_wconf 78' lang='grc' dir='ltr'><strong>καὶ</strong></span> <span class='ocrx_word' id='word_1_11' title='bbox 1648 377 1724 450; x_wconf 77' lang='grc' dir='ltr'><strong>τῷ</strong></span> <span class='ocrx_word' id='word_1_12' title='bbox 1759 381 1893 452; x_wconf 74' lang='grc' dir='ltr'>πρδς</span> <span class='ocrx_word' id='word_1_13' title='bbox 1942 383 2021 451; x_wconf 57' lang='grc' dir='ltr'><strong>τὴς</strong></span> 
     </span>
    </p>
   </div>
   <div class='ocr_carea' id='block_1_5' title="bbox 2123 372 3718 460">
    <p class='ocr_par' dir='ltr' id='par_1_5' title="bbox 2145 384 3718 460">
     <span class='ocr_line' id='line_1_5' title="bbox 2145 384 3718 460; baseline 0.01 -22"><span class='ocrx_word' id='word_1_14' title='bbox 2145 384 2543 459; x_wconf 72' lang='lat' dir='ltr'><strong>archiepiscopi</strong></span> <span class='ocrx_word' id='word_1_15' title='bbox 2595 390 2650 445; x_wconf 89' lang='lat' dir='ltr'><strong>in</strong></span> <span class='ocrx_word' id='word_1_16' title='bbox 2707 408 2805 449; x_wconf 90' lang='lat' dir='ltr'><strong>sua</strong></span> <span class='ocrx_word' id='word_1_17' title='bbox 2861 395 3010 460; x_wconf 85' lang='lat' dir='ltr'><strong>sede,</strong></span> <span class='ocrx_word' id='word_1_18' title='bbox 3062 399 3222 454; x_wconf 89' lang='lat' dir='ltr'><strong>rebus</strong></span> <span class='ocrx_word' id='word_1_19' title='bbox 3271 399 3552 457; x_wconf 74' lang='lat' dir='ltr'><strong>Chazaria:</strong></span> <span class='ocrx_word' id='word_1_20' title='bbox 3594 417 3718 459; x_wconf 89' lang='lat' dir='ltr'><strong>cum</strong></span> 
     </span>
    </p>
   </div>
   <div class='ocr_carea' id='block_1_6' title="bbox 438 462 2034 546">
    <p class='ocr_par' dir='ltr' id='par_1_6' title="bbox 438 462 2034 546">
     <span class='ocr_line' id='line_1_6' title="bbox 438 462 2034 546; baseline 0.005 -30"><span class='ocrx_word' id='word_1_21' title='bbox 438 463 742 535; x_wconf 75' lang='grc' dir='ltr'>Χαζαρίαν</span> <span class='ocrx_word' id='word_1_22' title='bbox 764 462 915 535; x_wconf 77' lang='grc' dir='ltr'><strong>ἔργῳ</strong></span> <span class='ocrx_word' id='word_1_23' title='bbox 942 464 1421 546; x_wconf 68' lang='grc' dir='ltr'>συναγωνίσασθαι</span> <span class='ocrx_word' id='word_1_24' title='bbox 1459 467 1552 518; x_wconf 77' lang='grc' dir='ltr'><strong>καὶ</strong></span> <span class='ocrx_word' id='word_1_25' title='bbox 1591 470 1659 539; x_wconf 80' lang='grc' dir='ltr'>τῇ</span> <span class='ocrx_word' id='word_1_26' title='bbox 1697 470 2034 524; x_wconf 76' lang='grc' dir='ltr'><strong>καταστάσει</strong></span> 
     </span>
    </p>
   </div>
   <div class='ocr_carea' id='block_1_7' title="bbox 438 554 2034 628">
    <p class='ocr_par' dir='ltr' id='par_1_7' title="bbox 438 554 2034 628">
     <span class='ocr_line' id='line_1_7' title="bbox 438 554 2034 628; baseline 0.006 -21"><span class='ocrx_word' id='word_1_27' title='bbox 438 557 545 610; x_wconf 77' lang='grc' dir='ltr'><strong>καὶ</strong></span> <span class='ocrx_word' id='word_1_28' title='bbox 576 554 851 627; x_wconf 81' lang='grc' dir='ltr'><strong>ὲνιδρύσει</strong></span> <span class='ocrx_word' id='word_1_29' title='bbox 883 554 980 609; x_wconf 80' lang='grc' dir='ltr'>τοῦ</span> <span class='ocrx_word' id='word_1_30' title='bbox 1018 556 1455 628; x_wconf 85' lang='grc' dir='ltr'>ἀρχιεπισκόπου</span> <span class='ocrx_word' id='word_1_31' title='bbox 1502 558 1643 628; x_wconf 83' lang='grc' dir='ltr'>πρὸς</span> <span class='ocrx_word' id='word_1_32' title='bbox 1689 561 1782 615; x_wconf 64' lang='grc' dir='ltr'>τὸν</span> <span class='ocrx_word' id='word_1_33' title='bbox 1829 563 2034 617; x_wconf 80' lang='grc' dir='ltr'><strong>οἰκεῖον</strong></span> 
     </span>
    </p>
   </div>
   <div class='ocr_carea' id='block_1_8' title="bbox 434 642 2029 725">
    <p class='ocr_par' dir='ltr' id='par_1_8' title="bbox 434 642 2029 725">
     <span class='ocr_line' id='line_1_8' title="bbox 434 642 2029 725; baseline 0.006 -27"><span class='ocrx_word' id='word_1_34' title='bbox 434 642 664 715; x_wconf 80' lang='grc' dir='ltr'><strong>θρόνον,</strong></span> <span class='ocrx_word' id='word_1_35' title='bbox 699 645 927 700; x_wconf 67' lang='grc' dir='ltr'>ἐπειδάν</span> <span class='ocrx_word' id='word_1_36' title='bbox 974 645 1111 717; x_wconf 83' lang='grc' dir='ltr'>πρὸς</span> <span class='ocrx_word' id='word_1_37' title='bbox 1169 644 1269 716; x_wconf 75' lang='grc' dir='ltr'>τὴν</span> <span class='ocrx_word' id='word_1_38' title='bbox 1325 646 1611 718; x_wconf 78' lang='grc' dir='ltr'>Χαζαρῖαν</span> <span class='ocrx_word' id='word_1_39' title='bbox 1649 651 1787 706; x_wconf 83' lang='grc' dir='ltr'><strong>Θεοῦ</strong></span> <span class='ocrx_word' id='word_1_40' title='bbox 1831 670 2029 725; x_wconf 88' lang='grc' dir='ltr'>συνερ-</span> 
     </span>
    </p>
   </div>
   <div class='ocr_carea' id='block_1_9' title="bbox 2150 474 3722 551">
    <p class='ocr_par' dir='ltr' id='par_1_9' title="bbox 2150 474 3722 551">
     <span class='ocr_line' id='line_1_9' title="bbox 2150 474 3722 551; baseline 0.01 -21"><span class='ocrx_word' id='word_1_41' title='bbox 2150 474 2243 531; x_wconf 82' lang='lat' dir='ltr'><strong>Dei</strong></span> <span class='ocrx_word' id='word_1_42' title='bbox 2292 479 2499 533; x_wconf 81' lang='lat' dir='ltr'><strong>auxilio</strong></span> <span class='ocrx_word' id='word_1_43' title='bbox 2543 483 2820 551; x_wconf 77' lang='lat' dir='ltr'><strong>perfectis.</strong></span> <span class='ocrx_word' id='word_1_44' title='bbox 2864 486 3117 544; x_wconf 78' lang='lat' dir='ltr'><strong>Christus</strong></span> <span class='ocrx_word' id='word_1_45' title='bbox 3145 500 3326 545; x_wconf 89' lang='lat' dir='ltr'><strong>autem</strong></span> <span class='ocrx_word' id='word_1_46' title='bbox 3360 491 3504 548; x_wconf 76' lang='lat' dir='ltr'><strong>Deus</strong></span> <span class='ocrx_word' id='word_1_47' title='bbox 3535 503 3722 549; x_wconf 78' lang='lat' dir='ltr'><strong>noster</strong></span> 
     </span>
    </p>
   </div>
   <div class='ocr_carea' id='block_1_10' title="bbox 2146 566 3721 646">
    <p class='ocr_par' dir='ltr' id='par_1_10' title="bbox 2146 566 3721 646">
     <span class='ocr_line' id='line_1_10' title="bbox 2146 566 3721 646; baseline 0.013 -26"><span class='ocrx_word' id='word_1_48' title='bbox 2146 575 2202 622; x_wconf 90' lang='lat' dir='ltr'><strong>et</strong></span> <span class='ocrx_word' id='word_1_49' title='bbox 2218 566 2281 624; x_wconf 68' lang='lat' dir='ltr'><strong>te</strong></span> <span class='ocrx_word' id='word_1_50' title='bbox 2307 569 2382 624; x_wconf 81' lang='lat' dir='ltr'><strong>ibi</strong></span> <span class='ocrx_word' id='word_1_51' title='bbox 2420 570 2798 632; x_wconf 85' lang='lat' dir='ltr'><strong>bonorabilem</strong></span> <span class='ocrx_word' id='word_1_52' title='bbox 2841 579 3058 646; x_wconf 88' lang='lat' dir='ltr'><strong>reddat,</strong></span> <span class='ocrx_word' id='word_1_53' title='bbox 3104 592 3158 638; x_wconf 90' lang='lat' dir='ltr'><strong>et</strong></span> <span class='ocrx_word' id='word_1_54' title='bbox 3192 583 3303 638; x_wconf 87' lang='lat' dir='ltr'><strong>huc</strong></span> <span class='ocrx_word' id='word_1_55' title='bbox 3333 583 3428 639; x_wconf 86' lang='lat' dir='ltr'><strong>tibi</strong></span> <span class='ocrx_word' id='word_1_56' title='bbox 3457 585 3721 643; x_wconf 85' lang='lat' dir='ltr'><strong>concedat</strong></span> 
     </span>
    </p>
   </div>
   <div class='ocr_carea' id='block_1_11' title="bbox 2144 662 2760 724">
    <p class='ocr_par' dir='ltr' id='par_1_11' title="bbox 2144 662 2760 724">
     <span class='ocr_line' id='line_1_11' title="bbox 2144 662 2760 724; baseline 0.015 -9"><span class='ocrx_word' id='word_1_57' title='bbox 2144 674 2266 715; x_wconf 91' lang='lat' dir='ltr'><strong>cum</strong></span> <span class='ocrx_word' id='word_1_58' title='bbox 2293 662 2471 719; x_wconf 86' lang='lat' dir='ltr'><strong>salute</strong></span> <span class='ocrx_word' id='word_1_59' title='bbox 2499 666 2760 724; x_wconf 80' lang='lat' dir='ltr'><strong>reditum.</strong></span> 
     </span>
    </p>
   </div>
   <div class='ocr_carea' id='block_1_12' title="bbox 432 735 3722 842">
    <p class='ocr_par' dir='ltr' id='par_1_12' title="bbox 432 735 3722 842">
     <span class='ocr_line' id='line_1_12' title="bbox 432 735 3722 842; baseline 0.012 -55"><span class='ocrx_word' id='word_1_60' title='bbox 432 735 676 806; x_wconf 71' lang='grc' dir='ltr'><strong>γοῦντος</strong></span> <span class='ocrx_word' id='word_1_61' title='bbox 702 737 989 810; x_wconf 71' lang='grc' dir='ltr'><strong>ἐκτελέσῃ.</strong></span> <span class='ocrx_word' id='word_1_62' title='bbox 1026 738 1127 808; x_wconf 78' lang='grc' dir='ltr'>Εἴη</span> <span class='ocrx_word' id='word_1_63' title='bbox 1159 738 1217 791; x_wconf 86' lang='grc' dir='ltr'>δὲ</span> <span class='ocrx_word' id='word_1_64' title='bbox 1245 739 1484 809; x_wconf 78' lang='grc' dir='ltr'>Χριστὸς</span> <span class='ocrx_word' id='word_1_65' title='bbox 1514 742 1542 795; x_wconf 87' lang='grc' dir='ltr'><strong>ὁ</strong></span> <span class='ocrx_word' id='word_1_66' title='bbox 1570 741 1706 807; x_wconf 77' lang='grc' dir='ltr'>Θεὸς</span> <span class='ocrx_word' id='word_1_67' title='bbox 1738 745 1898 815; x_wconf 70' lang='grc' dir='ltr'>ἡμῶν</span> <span class='ocrx_word' id='word_1_68' title='bbox 1958 748 2052 800; x_wconf 78' lang='grc' dir='ltr'>καὶ</span> <span class='ocrx_word' id='word_1_69' title='bbox 2119 749 2309 806; x_wconf 82' lang='grc' dir='ltr'><strong>αὐτόθι</strong></span> <span class='ocrx_word' id='word_1_70' title='bbox 2350 754 2641 829; x_wconf 83' lang='grc' dir='ltr'>εὐδόκιμόν</span> <span class='ocrx_word' id='word_1_71' title='bbox 2672 775 2731 812; x_wconf 90' lang='grc' dir='ltr'><strong>σε</strong></span> <span class='ocrx_word' id='word_1_72' title='bbox 2760 759 2999 831; x_wconf 77' lang='grc' dir='ltr'>δεικνὺς,</span> <span class='ocrx_word' id='word_1_73' title='bbox 3065 766 3164 821; x_wconf 79' lang='grc' dir='ltr'><strong>καὶ</strong></span> <span class='ocrx_word' id='word_1_74' title='bbox 3213 766 3315 839; x_wconf 73' lang='grc' dir='ltr'><strong>τὴν</strong></span> <span class='ocrx_word' id='word_1_75' title='bbox 3365 769 3503 842; x_wconf 77' lang='grc' dir='ltr'>πρὸς</span> <span class='ocrx_word' id='word_1_76' title='bbox 3538 769 3609 825; x_wconf 78' lang='grc' dir='ltr'><strong>τὰ</strong></span> <span class='ocrx_word' id='word_1_77' title='bbox 3636 769 3722 824; x_wconf 72' lang='grc' dir='ltr'><strong>ιν-</strong></span> 
     </span>
    </p>
   </div>
   <div class='ocr_carea' id='block_1_13' title="bbox 433 828 1744 906">
    <p class='ocr_par' dir='ltr' id='par_1_13' title="bbox 433 828 1744 906">
     <span class='ocr_line' id='line_1_13' title="bbox 433 828 1744 906; baseline 0.005 -23"><span class='ocrx_word' id='word_1_78' title='bbox 433 828 625 884; x_wconf 80' lang='grc' dir='ltr'>ταῦθα</span> <span class='ocrx_word' id='word_1_79' title='bbox 682 829 1046 901; x_wconf 77' lang='grc' dir='ltr'><strong>χαριζόμενός</strong></span> <span class='ocrx_word' id='word_1_80' title='bbox 1114 847 1195 883; x_wconf 83' lang='grc' dir='ltr'><strong>σοι</strong></span> <span class='ocrx_word' id='word_1_81' title='bbox 1273 832 1413 900; x_wconf 80' lang='grc' dir='ltr'>μετὰ</span> <span class='ocrx_word' id='word_1_82' title='bbox 1467 835 1744 906; x_wconf 78' lang='grc' dir='ltr'><strong>σωτηρίας</strong></span> 
     </span>
    </p>
   </div>
   <div class='ocr_carea' id='block_1_14' title="bbox 550 943 1926 1029">
    <p class='ocr_par' dir='ltr' id='par_1_14' title="bbox 550 943 1926 1029">
     <span class='ocr_line' id='line_1_14' title="bbox 550 943 1926 1029; baseline 0.012 -30"><span class='ocrx_word' id='word_1_83' title='bbox 550 943 678 1003; x_wconf 83' lang='grc' dir='ltr'><strong>ΞΘ¹.</strong></span> <span class='ocrx_word' id='word_1_84' title='bbox 712 949 894 1005; x_wconf 72' lang='grc' dir='ltr'><strong>Δαὸὶδ</strong></span> <span class='ocrx_word' id='word_1_85' title='bbox 938 956 1337 1024; x_wconf 73' lang='grc' dir='ltr'>Καμουλιανῷ</span> <span class='ocrx_word' id='word_1_86' title='bbox 1388 962 1926 1029; x_wconf 77' lang='grc' dir='ltr'>πρωτοσπαθαρίῳ.</span> 
     </span>
    </p>
   </div>
   <div class='ocr_carea' id='block_1_15' title="bbox 522 1058 2036 1145">
    <p class='ocr_par' dir='ltr' id='par_1_15' title="bbox 522 1058 2036 1145">
     <span class='ocr_line' id='line_1_15' title="bbox 522 1058 2036 1145; baseline 0.013 -35"><span class='ocrx_word' id='word_1_87' title='bbox 522 1059 595 1111; x_wconf 81' lang='grc' dir='ltr'><strong>’Δ</strong></span> <span class='ocrx_word' id='word_1_88' title='bbox 624 1058 895 1130; x_wconf 76' lang='grc' dir='ltr'>ἔγραψας,</span> <span class='ocrx_word' id='word_1_89' title='bbox 927 1063 1119 1119; x_wconf 79' lang='grc' dir='ltr'>τέκνον</span> <span class='ocrx_word' id='word_1_90' title='bbox 1148 1068 1306 1137; x_wconf 76' lang='grc' dir='ltr'>ἡμῶν</span> <span class='ocrx_word' id='word_1_91' title='bbox 1337 1068 1722 1140; x_wconf 76' lang='grc' dir='ltr'>ἠγαπημένον,</span> <span class='ocrx_word' id='word_1_92' title='bbox 1745 1077 1876 1145; x_wconf 77' lang='grc' dir='ltr'>περὶ</span> <span class='ocrx_word' id='word_1_93' title='bbox 1904 1075 2036 1143; x_wconf 85' lang='grc' dir='ltr'>τῶν,</span> 
     </span>
    </p>
   </div>
   <div class='ocr_carea' id='block_1_16' title="bbox 1828 838 2252 912">
    <p class='ocr_par' dir='ltr' id='par_1_16' title="bbox 1828 838 2252 912">
     <span class='ocr_line' id='line_1_16' title="bbox 1828 838 2252 912; baseline 0.017 -21"><span class='ocrx_word' id='word_1_94' title='bbox 1828 838 2185 912; x_wconf 85' lang='grc' dir='ltr'>ἀνακομιδήν.</span> <span class='ocrx_word' id='word_1_95' title='bbox 2217 894 2252 906; x_wconf 84' lang='lat'><strong>__</strong></span> 
     </span>
    </p>
   </div>
   <div class='ocr_carea' id='block_1_17' title="bbox 2295 965 3566 1047">
    <p class='ocr_par' dir='ltr' id='par_1_17' title="bbox 2295 965 3566 1047">
     <span class='ocr_line' id='line_1_17' title="bbox 2295 965 3566 1047; baseline 0.012 -25"><span class='ocrx_word' id='word_1_96' title='bbox 2295 965 2484 1024; x_wconf 77' lang='lat' dir='ltr'><strong>LXIX.</strong></span> <span class='ocrx_word' id='word_1_97' title='bbox 2518 968 2717 1025; x_wconf 82' lang='lat' dir='ltr'><strong>Davidt&#39;</strong></span> <span class='ocrx_word' id='word_1_98' title='bbox 2750 971 3070 1029; x_wconf 82' lang='lat' dir='ltr'><strong>Camuliano</strong></span> <span class='ocrx_word' id='word_1_99' title='bbox 3117 981 3566 1047; x_wconf 77' lang='lat' dir='ltr'><strong>protospatlrario.</strong></span> 
     </span>
    </p>
   </div>
   <div class='ocr_carea' id='block_1_18' title="bbox 2206 1075 3719 1159">
    <p class='ocr_par' dir='ltr' id='par_1_18' title="bbox 2206 1075 3719 1159">
     <span class='ocr_line' id='line_1_18' title="bbox 2206 1075 3719 1159; baseline 0.009 -27"><span class='ocrx_word' id='word_1_100' title='bbox 2206 1075 2341 1145; x_wconf 60' lang='lat' dir='ltr'><strong>Qua:</strong></span> <span class='ocrx_word' id='word_1_101' title='bbox 2393 1080 2685 1152; x_wconf 74' lang='lat' dir='ltr'><strong>scripsmi,</strong></span> <span class='ocrx_word' id='word_1_102' title='bbox 2726 1080 2924 1138; x_wconf 80' lang='lat' dir='ltr'><strong>dilecte</strong></span> <span class='ocrx_word' id='word_1_103' title='bbox 2948 1083 3130 1151; x_wconf 83' lang='lat' dir='ltr'><strong>lili,oe</strong></span> <span class='ocrx_word' id='word_1_104' title='bbox 3164 1103 3230 1143; x_wconf 86' lang='lat' dir='ltr'><strong>us</strong></span> <span class='ocrx_word' id='word_1_105' title='bbox 3257 1089 3372 1159; x_wconf 87' lang='lat' dir='ltr'><strong>qui,</strong></span> <span class='ocrx_word' id='word_1_106' title='bbox 3421 1089 3611 1145; x_wconf 88' lang='lat' dir='ltr'><strong>nescio</strong></span> <span class='ocrx_word' id='word_1_107' title='bbox 3651 1107 3719 1145; x_wconf 92' lang='lat' dir='ltr'><strong>an</strong></span> 
     </span>
    </p>
   </div>
   <div class='ocr_carea' id='block_1_19' title="bbox 444 1149 2021 1238">
    <p class='ocr_par' dir='ltr' id='par_1_19' title="bbox 444 1149 2021 1238">
     <span class='ocr_line' id='line_1_19' title="bbox 444 1149 2021 1238; baseline 0.01 -32"><span class='ocrx_word' id='word_1_108' title='bbox 444 1153 546 1208; x_wconf 61' lang='grc' dir='ltr'><strong>οὐκ</strong></span> <span class='ocrx_word' id='word_1_109' title='bbox 573 1149 698 1206; x_wconf 78' lang='grc' dir='ltr'>οἶδα</span> <span class='ocrx_word' id='word_1_110' title='bbox 737 1152 858 1218; x_wconf 83' lang='grc' dir='ltr'>πῶς</span> <span class='ocrx_word' id='word_1_111' title='bbox 892 1156 1063 1224; x_wconf 86' lang='grc' dir='ltr'>εῖπω,</span> <span class='ocrx_word' id='word_1_112' title='bbox 1124 1160 1292 1231; x_wconf 82' lang='grc' dir='ltr'>μανίᾳ</span> <span class='ocrx_word' id='word_1_113' title='bbox 1331 1161 1364 1231; x_wconf 78' lang='grc' dir='ltr'><strong>ἢ</strong></span> <span class='ocrx_word' id='word_1_114' title='bbox 1410 1163 1786 1236; x_wconf 82' lang='grc' dir='ltr'>μισανθρώπῳ</span> <span class='ocrx_word' id='word_1_115' title='bbox 1825 1165 2021 1238; x_wconf 75' lang='grc' dir='ltr'>δαῖμον</span> 
     </span>
    </p>
   </div>
   <div class='ocr_carea' id='block_1_20' title="bbox 2123 1149 3722 1238">
    <p class='ocr_par' dir='ltr' id='par_1_20' title="bbox 2134 1168 3722 1238">
     <span class='ocr_line' id='line_1_20' title="bbox 2134 1168 3722 1238; baseline 0.009 -14"><span class='ocrx_word' id='word_1_116' title='bbox 2134 1168 2351 1226; x_wconf 88' lang='lat' dir='ltr'><strong>insania</strong></span> <span class='ocrx_word' id='word_1_117' title='bbox 2374 1171 2553 1228; x_wconf 87' lang='lat' dir='ltr'><strong>dicam</strong></span> <span class='ocrx_word' id='word_1_118' title='bbox 2575 1187 2645 1229; x_wconf 92' lang='lat' dir='ltr'><strong>an</strong></span> <span class='ocrx_word' id='word_1_119' title='bbox 2672 1174 2816 1230; x_wconf 87' lang='lat' dir='ltr'><strong>malo</strong></span> <span class='ocrx_word' id='word_1_120' title='bbox 2839 1177 3089 1233; x_wconf 66' lang='lat' dir='ltr'><strong>daemone</strong></span> <span class='ocrx_word' id='word_1_121' title='bbox 3116 1179 3181 1233; x_wconf 92' lang='lat' dir='ltr'><strong>ad</strong></span> <span class='ocrx_word' id='word_1_122' title='bbox 3205 1191 3362 1235; x_wconf 86' lang='lat' dir='ltr'><strong>actus</strong></span> <span class='ocrx_word' id='word_1_123' title='bbox 3387 1181 3722 1238; x_wconf 87' lang='lat' dir='ltr'><strong>inhumanos</strong></span> 
     </span>
    </p>
   </div>
   <div class='ocr_carea' id='block_1_21' title="bbox 446 1245 2021 1338">
    <p class='ocr_par' dir='ltr' id='par_1_21' title="bbox 446 1245 2021 1324">
     <span class='ocr_line' id='line_1_21' title="bbox 446 1245 2021 1324; baseline 0.01 -27"><span class='ocrx_word' id='word_1_124' title='bbox 446 1249 584 1315; x_wconf 74' lang='grc' dir='ltr'>πρὸς</span> <span class='ocrx_word' id='word_1_125' title='bbox 642 1245 744 1318; x_wconf 80' lang='grc' dir='ltr'>τὴν</span> <span class='ocrx_word' id='word_1_126' title='bbox 797 1247 1170 1318; x_wconf 81' lang='grc' dir='ltr'><strong>ἀπάνθρωπον</strong></span> <span class='ocrx_word' id='word_1_127' title='bbox 1203 1252 1403 1323; x_wconf 78' lang='grc' dir='ltr'>πρᾶξιν</span> <span class='ocrx_word' id='word_1_128' title='bbox 1466 1256 1906 1324; x_wconf 77' lang='grc' dir='ltr'>συνελαθέντων,</span> <span class='ocrx_word' id='word_1_129' title='bbox 1958 1260 2021 1324; x_wconf 65' lang='grc' dir='ltr'>εἰς</span> 
     </span>
    </p>
   </div>
   <div class='ocr_carea' id='block_1_22' title="bbox 2123 1245 3711 1338">
    <p class='ocr_par' dir='ltr' id='par_1_22' title="bbox 2138 1258 3711 1338">
     <span class='ocr_line' id='line_1_22' title="bbox 2138 1258 3711 1338; baseline 0.01 -25"><span class='ocrx_word' id='word_1_130' title='bbox 2138 1258 2362 1331; x_wconf 87' lang='lat' dir='ltr'><strong>impulsi</strong></span> <span class='ocrx_word' id='word_1_131' title='bbox 2409 1271 2562 1328; x_wconf 87' lang='lat' dir='ltr'><strong>sunt,</strong></span> <span class='ocrx_word' id='word_1_132' title='bbox 2628 1263 2695 1319; x_wconf 78' lang='lat' dir='ltr'><strong>ad</strong></span> <span class='ocrx_word' id='word_1_133' title='bbox 2749 1280 2913 1323; x_wconf 84' lang='lat' dir='ltr'><strong>aures</strong></span> <span class='ocrx_word' id='word_1_134' title='bbox 2962 1267 3345 1338; x_wconf 83' lang='lat' dir='ltr'><strong>imperatorias</strong></span> <span class='ocrx_word' id='word_1_135' title='bbox 3403 1281 3711 1337; x_wconf 86' lang='lat' dir='ltr'><strong>venerunt;</strong></span> 
     </span>
    </p>
   </div>
   <div class='ocr_carea' id='block_1_23' title="bbox 447 1334 2033 1417">
    <p class='ocr_par' dir='ltr' id='par_1_23' title="bbox 447 1334 2033 1417">
     <span class='ocr_line' id='line_1_23' title="bbox 447 1334 2033 1417; baseline 0.008 -29"><span class='ocrx_word' id='word_1_136' title='bbox 447 1334 763 1407; x_wconf 75' lang='grc' dir='ltr'><strong>ὑπόμνησιν</strong></span> <span class='ocrx_word' id='word_1_137' title='bbox 808 1334 906 1391; x_wconf 84' lang='grc' dir='ltr'><strong>τοῦ</strong></span> <span class='ocrx_word' id='word_1_138' title='bbox 945 1336 1229 1407; x_wconf 78' lang='grc' dir='ltr'><strong>βασιλικοῦ</strong></span> <span class='ocrx_word' id='word_1_139' title='bbox 1257 1342 1528 1415; x_wconf 75' lang='grc' dir='ltr'>ἀνηνέχθη</span> <span class='ocrx_word' id='word_1_140' title='bbox 1574 1344 1853 1416; x_wconf 81' lang='grc' dir='ltr'><strong>κράτους·</strong></span> <span class='ocrx_word' id='word_1_141' title='bbox 1887 1345 2033 1417; x_wconf 80' lang='grc' dir='ltr'>πλὴν</span> 
     </span>
    </p>
   </div>
   <div class='ocr_carea' id='block_1_24' title="bbox 441 1426 2033 1510">
    <p class='ocr_par' dir='ltr' id='par_1_24' title="bbox 441 1426 2033 1510">
     <span class='ocr_line' id='line_1_24' title="bbox 441 1426 2033 1510; baseline 0.009 -32"><span class='ocrx_word' id='word_1_142' title='bbox 441 1426 539 1479; x_wconf 77' lang='grc' dir='ltr'>καὶ</span> <span class='ocrx_word' id='word_1_143' title='bbox 590 1426 699 1499; x_wconf 80' lang='grc' dir='ltr'>πρὸ</span> <span class='ocrx_word' id='word_1_144' title='bbox 731 1427 833 1496; x_wconf 83' lang='grc' dir='ltr'><strong>τῆς</strong></span> <span class='ocrx_word' id='word_1_145' title='bbox 887 1429 1168 1502; x_wconf 75' lang='grc' dir='ltr'>ἡμετέρας</span> <span class='ocrx_word' id='word_1_146' title='bbox 1222 1432 1585 1507; x_wconf 69' lang='grc' dir='ltr'><strong>ὑπομνήσεως</strong></span> <span class='ocrx_word' id='word_1_147' title='bbox 1628 1436 1697 1491; x_wconf 80' lang='grc' dir='ltr'>δι’</span> <span class='ocrx_word' id='word_1_148' title='bbox 1752 1438 2033 1510; x_wconf 78' lang='grc' dir='ltr'>ἀναφορᾶς</span> 
     </span>
    </p>
   </div>
   <div class='ocr_carea' id='block_1_25' title="bbox 440 1518 2032 1595">
    <p class='ocr_par' dir='ltr' id='par_1_25' title="bbox 440 1518 2032 1595">
     <span class='ocr_line' id='line_1_25' title="bbox 440 1518 2032 1595; baseline 0.009 -24"><span class='ocrx_word' id='word_1_149' title='bbox 440 1518 606 1589; x_wconf 80' lang='grc' dir='ltr'>ὑμῶν</span> <span class='ocrx_word' id='word_1_150' title='bbox 655 1521 692 1592; x_wconf 74' lang='grc' dir='ltr'><strong>ἠ</strong></span> <span class='ocrx_word' id='word_1_151' title='bbox 737 1520 849 1575; x_wconf 83' lang='grc' dir='ltr'>τῶν</span> <span class='ocrx_word' id='word_1_152' title='bbox 894 1522 1255 1595; x_wconf 74' lang='grc' dir='ltr'>πραχθέντων</span> <span class='ocrx_word' id='word_1_153' title='bbox 1317 1528 1380 1581; x_wconf 77' lang='grc' dir='ltr'>οὐ</span> <span class='ocrx_word' id='word_1_154' title='bbox 1430 1528 1743 1584; x_wconf 76' lang='grc' dir='ltr'>διελάνθανε</span> <span class='ocrx_word' id='word_1_155' title='bbox 1805 1530 2032 1595; x_wconf 74' lang='grc' dir='ltr'>τούτους</span> 
     </span>
    </p>
   </div>
   <div class='ocr_carea' id='block_1_26' title="bbox 439 1611 2029 1696">
    <p class='ocr_par' dir='ltr' id='par_1_26' title="bbox 439 1611 2029 1696">
     <span class='ocr_line' id='line_1_26' title="bbox 439 1611 2029 1696; baseline 0.009 -31"><span class='ocrx_word' id='word_1_156' title='bbox 439 1611 673 1681; x_wconf 80' lang='grc' dir='ltr'>γνῶσις.</span> <span class='ocrx_word' id='word_1_157' title='bbox 720 1614 1203 1686; x_wconf 82' lang='grc' dir='ltr'>Παρεκελεύσαντο</span> <span class='ocrx_word' id='word_1_158' title='bbox 1235 1615 1330 1675; x_wconf 83' lang='grc' dir='ltr'><strong>οὖν</strong></span> <span class='ocrx_word' id='word_1_159' title='bbox 1352 1623 1419 1693; x_wconf 78' lang='grc' dir='ltr'>τῇ</span> <span class='ocrx_word' id='word_1_160' title='bbox 1456 1623 1851 1696; x_wconf 74' lang='grc' dir='ltr'>ἐντρεχεστάτῃ</span> <span class='ocrx_word' id='word_1_161' title='bbox 1901 1642 2029 1680; x_wconf 80' lang='grc' dir='ltr'>συν-</span> 
     </span>
    </p>
   </div>
   <div class='ocr_carea' id='block_1_27' title="bbox 447 1703 2031 1786">
    <p class='ocr_par' dir='ltr' id='par_1_27' title="bbox 447 1703 2031 1786">
     <span class='ocr_line' id='line_1_27' title="bbox 447 1703 2031 1786; baseline 0.009 -30"><span class='ocrx_word' id='word_1_162' title='bbox 447 1703 573 1757; x_wconf 80' lang='grc' dir='ltr'><strong>ἐσει</strong></span> <span class='ocrx_word' id='word_1_163' title='bbox 619 1720 734 1772; x_wconf 81' lang='grc' dir='ltr'>σου,</span> <span class='ocrx_word' id='word_1_164' title='bbox 770 1705 846 1770; x_wconf 78' lang='grc' dir='ltr'><strong>ὥς</strong></span> <span class='ocrx_word' id='word_1_165' title='bbox 899 1721 966 1774; x_wconf 84' lang='grc' dir='ltr'>γε</span> <span class='ocrx_word' id='word_1_166' title='bbox 998 1708 1369 1780; x_wconf 77' lang='grc' dir='ltr'>ὑπολαμϐάνω</span> <span class='ocrx_word' id='word_1_167' title='bbox 1400 1713 1500 1767; x_wconf 83' lang='grc' dir='ltr'><strong>σὺν</strong></span> <span class='ocrx_word' id='word_1_168' title='bbox 1526 1712 1606 1784; x_wconf 85' lang='grc' dir='ltr'><strong>τῷ</strong></span> <span class='ocrx_word' id='word_1_169' title='bbox 1631 1713 2031 1786; x_wconf 68' lang='grc' dir='ltr'>θεοφιλεστάτη)</span> 
     </span>
    </p>
   </div>
   <div class='ocr_carea' id='block_1_28' title="bbox 457 1795 2029 1874">
    <p class='ocr_par' dir='ltr' id='par_1_28' title="bbox 457 1795 2029 1874">
     <span class='ocr_line' id='line_1_28' title="bbox 457 1795 2029 1874; baseline 0.01 -26"><span class='ocrx_word' id='word_1_170' title='bbox 457 1795 564 1866; x_wconf 80' lang='grc' dir='ltr'>τῆς</span> <span class='ocrx_word' id='word_1_171' title='bbox 603 1796 816 1866; x_wconf 72' lang='grc' dir='ltr'>Ἐφέσου</span> <span class='ocrx_word' id='word_1_172' title='bbox 852 1798 1272 1873; x_wconf 82' lang='grc' dir='ltr'><strong>ἁρχιεπισκόπῳ</strong></span> <span class='ocrx_word' id='word_1_173' title='bbox 1317 1803 1653 1874; x_wconf 86' lang='grc' dir='ltr'>ποιήσασθαι</span> <span class='ocrx_word' id='word_1_174' title='bbox 1688 1806 1790 1874; x_wconf 83' lang='grc' dir='ltr'><strong>τὴν</strong></span> <span class='ocrx_word' id='word_1_175' title='bbox 1822 1807 2029 1864; x_wconf 80' lang='grc' dir='ltr'>τούτων</span> 
     </span>
    </p>
   </div>
   <div class='ocr_carea' id='block_1_29' title="bbox 465 1889 2030 1971">
    <p class='ocr_par' dir='ltr' id='par_1_29' title="bbox 465 1889 2030 1971">
     <span class='ocr_line' id='line_1_29' title="bbox 465 1889 2030 1971; baseline 0.007 -29"><span class='ocrx_word' id='word_1_176' title='bbox 465 1889 768 1960; x_wconf 69' lang='grc' dir='ltr'><strong>ἐπίσκεψιν.</strong></span> <span class='ocrx_word' id='word_1_177' title='bbox 807 1890 968 1946; x_wconf 72' lang='grc' dir='ltr'>’Λλλά</span> <span class='ocrx_word' id='word_1_178' title='bbox 1015 1894 1147 1963; x_wconf 76' lang='grc' dir='ltr'>περὶ</span> <span class='ocrx_word' id='word_1_179' title='bbox 1188 1894 1290 1965; x_wconf 86' lang='grc' dir='ltr'>μὲν</span> <span class='ocrx_word' id='word_1_180' title='bbox 1337 1896 1547 1954; x_wconf 82' lang='grc' dir='ltr'>τούτων</span> <span class='ocrx_word' id='word_1_181' title='bbox 1589 1898 1783 1962; x_wconf 78' lang='grc' dir='ltr'>οὕτως.</span> <span class='ocrx_word' id='word_1_182' title='bbox 1833 1899 2030 1971; x_wconf 83' lang='grc' dir='ltr'><strong>Ἡμεῖς</strong></span> 
     </span>
    </p>
   </div>
   <div class='ocr_carea' id='block_1_30' title="bbox 459 1978 2027 2061">
    <p class='ocr_par' dir='ltr' id='par_1_30' title="bbox 459 1978 2027 2061">
     <span class='ocr_line' id='line_1_30' title="bbox 459 1978 2027 2061; baseline 0.008 -29"><span class='ocrx_word' id='word_1_183' title='bbox 459 1978 521 2032; x_wconf 72' lang='grc' dir='ltr'>δὲ</span> <span class='ocrx_word' id='word_1_184' title='bbox 550 1980 644 2033; x_wconf 76' lang='grc' dir='ltr'>καὶ</span> <span class='ocrx_word' id='word_1_185' title='bbox 672 1980 853 2054; x_wconf 78' lang='grc' dir='ltr'>πρώην</span> <span class='ocrx_word' id='word_1_186' title='bbox 876 1982 1078 2049; x_wconf 76' lang='grc' dir='ltr'><strong>ἰδόντες</strong></span> <span class='ocrx_word' id='word_1_187' title='bbox 1104 1985 1202 2057; x_wconf 81' lang='grc' dir='ltr'><strong>τὴν</strong></span> <span class='ocrx_word' id='word_1_188' title='bbox 1233 1986 1332 2058; x_wconf 82' lang='grc' dir='ltr'><strong>σὴν</strong></span> <span class='ocrx_word' id='word_1_189' title='bbox 1365 1987 1710 2060; x_wconf 75' lang='grc' dir='ltr'>τελειοτάτην</span> <span class='ocrx_word' id='word_1_190' title='bbox 1738 1990 2027 2061; x_wconf 77' lang='grc' dir='ltr'><strong>φρόνησιν,</strong></span> 
     </span>
    </p>
   </div>
   <div class='ocr_carea' id='block_1_31' title="bbox 2137 1358 3709 1426">
    <p class='ocr_par' dir='ltr' id='par_1_31' title="bbox 2137 1358 3709 1426">
     <span class='ocr_line' id='line_1_31' title="bbox 2137 1358 3709 1426; baseline 0.007 -18"><span class='ocrx_word' id='word_1_191' title='bbox 2137 1361 2499 1422; x_wconf 70' lang='lat' dir='ltr'><strong>praeterquam</strong></span> <span class='ocrx_word' id='word_1_192' title='bbox 2545 1358 2689 1426; x_wconf 88' lang='lat' dir='ltr'><strong>quod</strong></span> <span class='ocrx_word' id='word_1_193' title='bbox 2730 1366 2784 1411; x_wconf 87' lang='lat' dir='ltr'><strong>et</strong></span> <span class='ocrx_word' id='word_1_194' title='bbox 2823 1370 2947 1414; x_wconf 86' lang='lat' dir='ltr'><strong>ante</strong></span> <span class='ocrx_word' id='word_1_195' title='bbox 3000 1372 3243 1417; x_wconf 88' lang='lat' dir='ltr'><strong>nostram</strong></span> <span class='ocrx_word' id='word_1_196' title='bbox 3277 1364 3709 1420; x_wconf 83' lang='lat' dir='ltr'><strong>admonitionem</strong></span> 
     </span>
    </p>
   </div>
   <div class='ocr_carea' id='block_1_32' title="bbox 2149 1448 3714 1517">
    <p class='ocr_par' dir='ltr' id='par_1_32' title="bbox 2149 1448 3714 1517">
     <span class='ocr_line' id='line_1_32' title="bbox 2149 1448 3714 1517; baseline 0.01 -21"><span class='ocrx_word' id='word_1_197' title='bbox 2149 1456 2246 1511; x_wconf 88' lang='lat' dir='ltr'><strong>per</strong></span> <span class='ocrx_word' id='word_1_198' title='bbox 2275 1453 2516 1499; x_wconf 85' lang='lat' dir='ltr'><strong>vestram</strong></span> <span class='ocrx_word' id='word_1_199' title='bbox 2567 1448 2970 1517; x_wconf 83' lang='lat' dir='ltr'><strong>expositionem</strong></span> <span class='ocrx_word' id='word_1_200' title='bbox 3005 1467 3112 1506; x_wconf 88' lang='lat' dir='ltr'><strong>non</strong></span> <span class='ocrx_word' id='word_1_201' title='bbox 3138 1468 3233 1508; x_wconf 89' lang='lat' dir='ltr'><strong>eos</strong></span> <span class='ocrx_word' id='word_1_202' title='bbox 3262 1455 3418 1510; x_wconf 87' lang='lat' dir='ltr'><strong>latuit</strong></span> <span class='ocrx_word' id='word_1_203' title='bbox 3444 1454 3714 1512; x_wconf 79' lang='lat' dir='ltr'><strong>factorum</strong></span> 
     </span>
    </p>
   </div>
   <div class='ocr_carea' id='block_1_33' title="bbox 2138 1534 3719 1620">
    <p class='ocr_par' dir='ltr' id='par_1_33' title="bbox 2138 1534 3719 1620">
     <span class='ocr_line' id='line_1_33' title="bbox 2138 1534 3719 1620; baseline 0.01 -32"><span class='ocrx_word' id='word_1_204' title='bbox 2138 1534 2352 1591; x_wconf 85' lang='lat' dir='ltr'><strong>notitia.</strong></span> <span class='ocrx_word' id='word_1_205' title='bbox 2385 1536 2784 1596; x_wconf 79' lang='lat' dir='ltr'><strong>Maudaverunt</strong></span> <span class='ocrx_word' id='word_1_206' title='bbox 2815 1543 2981 1613; x_wconf 83' lang='lat' dir='ltr'><strong>igitur</strong></span> <span class='ocrx_word' id='word_1_207' title='bbox 3014 1560 3246 1601; x_wconf 74' lang='lat' dir='ltr'><strong>summae</strong></span> <span class='ocrx_word' id='word_1_208' title='bbox 3287 1556 3393 1602; x_wconf 66' lang='lat' dir='ltr'><strong>tute</strong></span> <span class='ocrx_word' id='word_1_209' title='bbox 3434 1550 3719 1620; x_wconf 68' lang='lat' dir='ltr'><strong>sapientia:</strong></span> 
     </span>
    </p>
   </div>
   <div class='ocr_carea' id='block_1_34' title="bbox 2137 1629 3715 1712">
    <p class='ocr_par' dir='ltr' id='par_1_34' title="bbox 2137 1629 3715 1712">
     <span class='ocr_line' id='line_1_34' title="bbox 2137 1629 3715 1712; baseline 0.009 -27"><span class='ocrx_word' id='word_1_210' title='bbox 2137 1641 2264 1685; x_wconf 89' lang='lat' dir='ltr'><strong>cum</strong></span> <span class='ocrx_word' id='word_1_211' title='bbox 2310 1629 2402 1684; x_wconf 87' lang='lat' dir='ltr'><strong>Dei</strong></span> <span class='ocrx_word' id='word_1_212' title='bbox 2450 1634 2833 1690; x_wconf 87' lang='lat' dir='ltr'><strong>amantissimo</strong></span> <span class='ocrx_word' id='word_1_213' title='bbox 2883 1635 3085 1707; x_wconf 83' lang='lat' dir='ltr'><strong>Ephesi</strong></span> <span class='ocrx_word' id='word_1_214' title='bbox 3138 1640 3553 1712; x_wconf 75' lang='lat' dir='ltr'><strong>archiepiscopo</strong></span> <span class='ocrx_word' id='word_1_215' title='bbox 3601 1643 3715 1699; x_wconf 86' lang='lat' dir='ltr'><strong>tieri</strong></span> 
     </span>
    </p>
   </div>
   <div class='ocr_carea' id='block_1_35' title="bbox 2137 1716 3720 1788">
    <p class='ocr_par' dir='ltr' id='par_1_35' title="bbox 2137 1716 3720 1788">
     <span class='ocr_line' id='line_1_35' title="bbox 2137 1716 3720 1788; baseline 0.012 -19"><span class='ocrx_word' id='word_1_216' title='bbox 2137 1716 2371 1773; x_wconf 90' lang='lat' dir='ltr'><strong>istorum</strong></span> <span class='ocrx_word' id='word_1_217' title='bbox 2417 1723 2908 1781; x_wconf 80' lang='lat' dir='ltr'><strong>examinationem.</strong></span> <span class='ocrx_word' id='word_1_218' title='bbox 2951 1724 3057 1781; x_wconf 91' lang='lat' dir='ltr'><strong>Sed</strong></span> <span class='ocrx_word' id='word_1_219' title='bbox 3101 1727 3177 1782; x_wconf 86' lang='lat' dir='ltr'><strong>ita</strong></span> <span class='ocrx_word' id='word_1_220' title='bbox 3227 1729 3296 1784; x_wconf 90' lang='lat' dir='ltr'><strong>de</strong></span> <span class='ocrx_word' id='word_1_221' title='bbox 3341 1731 3447 1785; x_wconf 90' lang='lat' dir='ltr'><strong>his.</strong></span> <span class='ocrx_word' id='word_1_222' title='bbox 3481 1729 3593 1788; x_wconf 77' lang='lat' dir='ltr'><strong>Nos</strong></span> <span class='ocrx_word' id='word_1_223' title='bbox 3621 1746 3720 1788; x_wconf 87' lang='lat' dir='ltr'><strong>au-</strong></span> 
     </span>
    </p>
   </div>
   <div class='ocr_carea' id='block_1_36' title="bbox 2137 1816 3719 1892">
    <p class='ocr_par' dir='ltr' id='par_1_36' title="bbox 2137 1816 3719 1892">
     <span class='ocr_line' id='line_1_36' title="bbox 2137 1816 3719 1892; baseline 0.01 -30"><span class='ocrx_word' id='word_1_224' title='bbox 2137 1816 2244 1863; x_wconf 85' lang='lat' dir='ltr'><strong>tem</strong></span> <span class='ocrx_word' id='word_1_225' title='bbox 2279 1818 2336 1865; x_wconf 84' lang='lat' dir='ltr'><strong>et</strong></span> <span class='ocrx_word' id='word_1_226' title='bbox 2370 1825 2544 1881; x_wconf 88' lang='lat' dir='ltr'><strong>nuper</strong></span> <span class='ocrx_word' id='word_1_227' title='bbox 2577 1825 2870 1884; x_wconf 88' lang='lat' dir='ltr'><strong>conspecta</strong></span> <span class='ocrx_word' id='word_1_228' title='bbox 2925 1826 3016 1872; x_wconf 89' lang='lat' dir='ltr'><strong>tua</strong></span> <span class='ocrx_word' id='word_1_229' title='bbox 3064 1818 3263 1874; x_wconf 80' lang='lat' dir='ltr'><strong>eximia</strong></span> <span class='ocrx_word' id='word_1_230' title='bbox 3313 1822 3626 1892; x_wconf 83' lang='lat' dir='ltr'><strong>prudentia,</strong></span> <span class='ocrx_word' id='word_1_231' title='bbox 3664 1834 3719 1878; x_wconf 84' lang='lat' dir='ltr'><strong>et</strong></span> 
     </span>
    </p>
   </div>
   <div class='ocr_carea' id='block_1_37' title="bbox 2137 1902 3717 1982">
    <p class='ocr_par' dir='ltr' id='par_1_37' title="bbox 2137 1902 3717 1982">
     <span class='ocr_line' id='line_1_37' title="bbox 2137 1902 3717 1982; baseline 0.011 -27"><span class='ocrx_word' id='word_1_232' title='bbox 2137 1917 2289 1958; x_wconf 89' lang='lat' dir='ltr'><strong>nunc</strong></span> <span class='ocrx_word' id='word_1_233' title='bbox 2324 1915 2482 1960; x_wconf 89' lang='lat' dir='ltr'><strong>aucta</strong></span> <span class='ocrx_word' id='word_1_234' title='bbox 2521 1902 2576 1962; x_wconf 90' lang='lat' dir='ltr'><strong>in</strong></span> <span class='ocrx_word' id='word_1_235' title='bbox 2605 1907 2767 1963; x_wconf 89' lang='lat' dir='ltr'><strong>nobis</strong></span> <span class='ocrx_word' id='word_1_236' title='bbox 2796 1924 2896 1980; x_wconf 88' lang='lat' dir='ltr'><strong>per</strong></span> <span class='ocrx_word' id='word_1_237' title='bbox 2932 1919 3055 1966; x_wconf 91' lang='lat' dir='ltr'><strong>tuas</strong></span> <span class='ocrx_word' id='word_1_238' title='bbox 3087 1912 3333 1969; x_wconf 70' lang='lat' dir='ltr'><strong>actiones</strong></span> <span class='ocrx_word' id='word_1_239' title='bbox 3372 1916 3452 1970; x_wconf 91' lang='lat' dir='ltr'><strong>tui</strong></span> <span class='ocrx_word' id='word_1_240' title='bbox 3498 1917 3717 1982; x_wconf 87' lang='lat' dir='ltr'><strong>notitia,</strong></span> 
     </span>
    </p>
   </div>
   <div class='ocr_carea' id='block_1_38' title="bbox 2134 1996 3717 2070">
    <p class='ocr_par' dir='ltr' id='par_1_38' title="bbox 2134 1996 3717 2070">
     <span class='ocr_line' id='line_1_38' title="bbox 2134 1996 3717 2070; baseline 0.012 -26"><span class='ocrx_word' id='word_1_241' title='bbox 2134 2006 2449 2062; x_wconf 84' lang='lat' dir='ltr'><strong>precamur,</strong></span> <span class='ocrx_word' id='word_1_242' title='bbox 2486 1996 2613 2053; x_wconf 88' lang='lat' dir='ltr'><strong>licet</strong></span> <span class='ocrx_word' id='word_1_243' title='bbox 2660 2010 3002 2070; x_wconf 87' lang='lat' dir='ltr'><strong>peceatores,</strong></span> <span class='ocrx_word' id='word_1_244' title='bbox 3052 2014 3103 2059; x_wconf 89' lang='lat' dir='ltr'><strong>te</strong></span> <span class='ocrx_word' id='word_1_245' title='bbox 3147 2003 3242 2061; x_wconf 89' lang='lat' dir='ltr'><strong>Dei</strong></span> <span class='ocrx_word' id='word_1_246' title='bbox 3286 2007 3475 2063; x_wconf 83' lang='lat' dir='ltr'><strong>dextra</strong></span> <span class='ocrx_word' id='word_1_247' title='bbox 3523 2009 3717 2066; x_wconf 85' lang='lat' dir='ltr'><strong>deduci</strong></span> 
     </span>
    </p>
   </div>
   <div class='ocr_carea' id='block_1_39' title="bbox 451 2071 2021 2174">
    <p class='ocr_par' dir='ltr' id='par_1_39' title="bbox 451 2071 2021 2153">
     <span class='ocr_line' id='line_1_39' title="bbox 451 2071 2021 2153; baseline 0.009 -30"><span class='ocrx_word' id='word_1_248' title='bbox 451 2071 547 2124; x_wconf 75' lang='grc' dir='ltr'>καὶ</span> <span class='ocrx_word' id='word_1_249' title='bbox 577 2071 672 2126; x_wconf 75' lang='grc' dir='ltr'>νῦν</span> <span class='ocrx_word' id='word_1_250' title='bbox 703 2074 1042 2140; x_wconf 78' lang='grc' dir='ltr'>αὑξάνουσαν</span> <span class='ocrx_word' id='word_1_251' title='bbox 1071 2076 1287 2147; x_wconf 72' lang='grc' dir='ltr'>ἔχοντες</span> <span class='ocrx_word' id='word_1_252' title='bbox 1316 2078 1408 2132; x_wconf 76' lang='grc' dir='ltr'>διὰ</span> <span class='ocrx_word' id='word_1_253' title='bbox 1448 2079 1556 2135; x_wconf 81' lang='grc' dir='ltr'>τῶν</span> <span class='ocrx_word' id='word_1_254' title='bbox 1591 2081 1844 2152; x_wconf 82' lang='grc' dir='ltr'>πράξεων</span> <span class='ocrx_word' id='word_1_255' title='bbox 1873 2082 2021 2153; x_wconf 81' lang='grc' dir='ltr'>ὑμῶν</span> 
     </span>
    </p>
   </div>
   <div class='ocr_carea' id='block_1_40' title="bbox 2123 2071 3718 2174">
    <p class='ocr_par' dir='ltr' id='par_1_40' title="bbox 2136 2086 3718 2174">
     <span class='ocr_line' id='line_1_40' title="bbox 2136 2086 3718 2174; baseline 0.013 -35"><span class='ocrx_word' id='word_1_256' title='bbox 2136 2086 2189 2139; x_wconf 89' lang='lat' dir='ltr'><strong>in</strong></span> <span class='ocrx_word' id='word_1_257' title='bbox 2222 2088 2485 2144; x_wconf 89' lang='lat' dir='ltr'><strong>omnibus</strong></span> <span class='ocrx_word' id='word_1_258' title='bbox 2538 2091 2641 2147; x_wconf 70' lang='lat' dir='ltr'><strong>riis</strong></span> <span class='ocrx_word' id='word_1_259' title='bbox 2687 2094 2829 2160; x_wconf 87' lang='lat' dir='ltr'><strong>tuis,</strong></span> <span class='ocrx_word' id='word_1_260' title='bbox 2871 2105 2927 2150; x_wconf 92' lang='lat' dir='ltr'><strong>et</strong></span> <span class='ocrx_word' id='word_1_261' title='bbox 2975 2110 3216 2167; x_wconf 86' lang='lat' dir='ltr'><strong>superna</strong></span> <span class='ocrx_word' id='word_1_262' title='bbox 3267 2102 3443 2156; x_wconf 87' lang='lat' dir='ltr'><strong>sancti</strong></span> <span class='ocrx_word' id='word_1_263' title='bbox 3485 2100 3718 2174; x_wconf 84' lang='lat' dir='ltr'><strong>Spiritus</strong></span> 
     </span>
    </p>
   </div>
   <div class='ocr_carea' id='block_1_41' title="bbox 440 2163 2021 2262">
    <p class='ocr_par' dir='ltr' id='par_1_41' title="bbox 440 2163 2021 2262">
     <span class='ocr_line' id='line_1_41' title="bbox 440 2163 2021 2262; baseline 0.008 -44"><span class='ocrx_word' id='word_1_264' title='bbox 440 2163 547 2235; x_wconf 67' lang='grc' dir='ltr'>τὴν</span> <span class='ocrx_word' id='word_1_265' title='bbox 572 2167 706 2241; x_wconf 59' lang='grc' dir='ltr'>πρὶ</span> <span class='ocrx_word' id='word_1_266' title='bbox 728 2168 822 2222; x_wconf 77' lang='grc' dir='ltr'>σοῦ</span> <span class='ocrx_word' id='word_1_267' title='bbox 838 2169 1062 2238; x_wconf 80' lang='grc' dir='ltr'>γνῶσιν,</span> <span class='ocrx_word' id='word_1_268' title='bbox 1088 2171 1364 2243; x_wconf 81' lang='grc' dir='ltr'><strong>εὐχόμεθα</strong></span> <span class='ocrx_word' id='word_1_269' title='bbox 1393 2175 1442 2228; x_wconf 84' lang='grc' dir='ltr'>εἰ</span> <span class='ocrx_word' id='word_1_270' title='bbox 1474 2173 1568 2229; x_wconf 80' lang='grc' dir='ltr'><strong>καὶ</strong></span> <span class='ocrx_word' id='word_1_271' title='bbox 1592 2175 1911 2246; x_wconf 75' lang='grc' dir='ltr'>ἁμαρτωλοὶ</span> <span class='ocrx_word' id='word_1_272' title='bbox 1938 2176 2021 2262; x_wconf 83' lang='grc' dir='ltr'><strong>διὰ</strong></span> 
     </span>
    </p>
   </div>
   <div class='ocr_carea' id='block_1_42' title="bbox 2123 2163 3741 2262">
    <p class='ocr_par' dir='ltr' id='par_1_42' title="bbox 2133 2175 3741 2262">
     <span class='ocr_line' id='line_1_42' title="bbox 2133 2175 3741 2262; baseline 0.009 -33"><span class='ocrx_word' id='word_1_273' title='bbox 2133 2175 2499 2247; x_wconf 83' lang='lat' dir='ltr'><strong>inspiratione</strong></span> <span class='ocrx_word' id='word_1_274' title='bbox 2548 2190 2761 2237; x_wconf 89' lang='lat' dir='ltr'><strong>motum</strong></span> <span class='ocrx_word' id='word_1_275' title='bbox 2803 2199 2868 2240; x_wconf 87' lang='lat' dir='ltr'><strong>ea</strong></span> <span class='ocrx_word' id='word_1_276' title='bbox 2918 2187 3164 2256; x_wconf 79' lang='lat' dir='ltr'><strong>cogitare</strong></span> <span class='ocrx_word' id='word_1_277' title='bbox 3205 2198 3261 2242; x_wconf 89' lang='lat' dir='ltr'><strong>et</strong></span> <span class='ocrx_word' id='word_1_278' title='bbox 3295 2205 3457 2260; x_wconf 83' lang='lat' dir='ltr'><strong>agere</strong></span> <span class='ocrx_word' id='word_1_279' title='bbox 3506 2207 3627 2262; x_wconf 77' lang='lat' dir='ltr'><strong>qua:</strong></span> <span class='ocrx_word' id='word_1_280' title='bbox 3665 2184 3741 2246; x_wconf 79' lang='grc' dir='ltr'><strong>ρι’</strong></span> 
     </span>
    </p>
   </div>
   <div class='ocr_carea' id='block_1_43' title="bbox 440 2258 2021 2352">
    <p class='ocr_par' dir='ltr' id='par_1_43' title="bbox 440 2258 2021 2337">
     <span class='ocr_line' id='line_1_43' title="bbox 440 2258 2021 2337; baseline 0.006 -26"><span class='ocrx_word' id='word_1_281' title='bbox 440 2258 647 2323; x_wconf 85' lang='grc' dir='ltr'>παντός</span> <span class='ocrx_word' id='word_1_282' title='bbox 667 2276 729 2312; x_wconf 89' lang='grc' dir='ltr'><strong>σε</strong></span> <span class='ocrx_word' id='word_1_283' title='bbox 757 2262 823 2331; x_wconf 74' lang='grc' dir='ltr'><strong>τῇ</strong></span> <span class='ocrx_word' id='word_1_284' title='bbox 851 2260 946 2315; x_wconf 81' lang='grc' dir='ltr'><strong>τοῦ</strong></span> <span class='ocrx_word' id='word_1_285' title='bbox 978 2261 1113 2316; x_wconf 82' lang='grc' dir='ltr'>Θεοῦ</span> <span class='ocrx_word' id='word_1_286' title='bbox 1149 2263 1458 2335; x_wconf 84' lang='grc' dir='ltr'>ὀδηγεῖσθαι</span> <span class='ocrx_word' id='word_1_287' title='bbox 1489 2265 1640 2337; x_wconf 76' lang='grc' dir='ltr'>δεξιᾷ</span> <span class='ocrx_word' id='word_1_288' title='bbox 1670 2267 1729 2319; x_wconf 83' lang='grc' dir='ltr'>ἐν</span> <span class='ocrx_word' id='word_1_289' title='bbox 1755 2268 1921 2321; x_wconf 80' lang='grc' dir='ltr'>πᾶσιν</span> <span class='ocrx_word' id='word_1_290' title='bbox 1943 2261 2021 2332; x_wconf 80' lang='grc' dir='ltr'>οἷς</span> 
     </span>
    </p>
   </div>
   <div class='ocr_carea' id='block_1_44' title="bbox 2123 2258 3715 2352">
    <p class='ocr_par' dir='ltr' id='par_1_44' title="bbox 2133 2264 3715 2352">
     <span class='ocr_line' id='line_1_44' title="bbox 2133 2264 3715 2352; baseline 0.013 -34"><span class='ocrx_word' id='word_1_291' title='bbox 2133 2264 2188 2318; x_wconf 89' lang='lat' dir='ltr'><strong>in</strong></span> <span class='ocrx_word' id='word_1_292' title='bbox 2236 2270 2491 2337; x_wconf 83' lang='lat' dir='ltr'><strong>praesenti</strong></span> <span class='ocrx_word' id='word_1_293' title='bbox 2522 2271 2631 2326; x_wconf 87' lang='lat' dir='ltr'><strong>vita</strong></span> <span class='ocrx_word' id='word_1_294' title='bbox 2703 2274 2855 2330; x_wconf 89' lang='lat' dir='ltr'><strong>omni</strong></span> <span class='ocrx_word' id='word_1_295' title='bbox 2887 2277 3313 2346; x_wconf 88' lang='lat' dir='ltr'><strong>reprehensione</strong></span> <span class='ocrx_word' id='word_1_296' title='bbox 3373 2282 3715 2352; x_wconf 87' lang='lat' dir='ltr'><strong>superiorem</strong></span> 
     </span>
    </p>
   </div>
   <div class='ocr_carea' id='block_1_45' title="bbox 440 2350 2021 2446">
    <p class='ocr_par' dir='ltr' id='par_1_45' title="bbox 440 2350 2021 2431">
     <span class='ocr_line' id='line_1_45' title="bbox 440 2350 2021 2431; baseline 0.006 -27"><span class='ocrx_word' id='word_1_297' title='bbox 440 2350 679 2425; x_wconf 76' lang='grc' dir='ltr'>πορεύῃ,</span> <span class='ocrx_word' id='word_1_298' title='bbox 710 2353 808 2408; x_wconf 78' lang='grc' dir='ltr'>καὶ</span> <span class='ocrx_word' id='word_1_299' title='bbox 837 2355 943 2409; x_wconf 83' lang='grc' dir='ltr'><strong>ὑπὸ</strong></span> <span class='ocrx_word' id='word_1_300' title='bbox 969 2355 1068 2427; x_wconf 79' lang='grc' dir='ltr'>τῆς</span> <span class='ocrx_word' id='word_1_301' title='bbox 1101 2355 1310 2412; x_wconf 71' lang='grc' dir='ltr'>ἄνωθεν</span> <span class='ocrx_word' id='word_1_302' title='bbox 1353 2358 1449 2413; x_wconf 82' lang='grc' dir='ltr'>τοῦ</span> <span class='ocrx_word' id='word_1_303' title='bbox 1499 2358 1658 2428; x_wconf 78' lang='grc' dir='ltr'><strong>ἁγίου</strong></span> <span class='ocrx_word' id='word_1_304' title='bbox 1698 2358 2021 2431; x_wconf 81' lang='grc' dir='ltr'>Πνεύματος</span> 
     </span>
    </p>
   </div>
   <div class='ocr_carea' id='block_1_46' title="bbox 2123 2350 3714 2446">
    <p class='ocr_par' dir='ltr' id='par_1_46' title="bbox 2128 2350 3714 2446">
     <span class='ocr_line' id='line_1_46' title="bbox 2128 2350 3714 2446; baseline 0.008 -31"><span class='ocrx_word' id='word_1_305' title='bbox 2128 2359 2500 2431; x_wconf 87' lang='lat' dir='ltr'><strong>constituant;</strong></span> <span class='ocrx_word' id='word_1_306' title='bbox 2561 2376 2613 2420; x_wconf 88' lang='lat' dir='ltr'><strong>et</strong></span> <span class='ocrx_word' id='word_1_307' title='bbox 2674 2366 2729 2420; x_wconf 91' lang='lat' dir='ltr'><strong>in</strong></span> <span class='ocrx_word' id='word_1_308' title='bbox 2786 2366 2970 2425; x_wconf 77' lang='lat' dir='ltr'><strong>futura</strong></span> <span class='ocrx_word' id='word_1_309' title='bbox 3027 2365 3287 2427; x_wconf 75' lang='lat' dir='ltr'><strong>aeternam</strong></span> <span class='ocrx_word' id='word_1_310' title='bbox 3334 2350 3714 2446; x_wconf 44' lang='lat' dir='ltr'><strong>libi—gloriam</strong></span> 
     </span>
    </p>
   </div>
   <div class='ocr_carea' id='block_1_47' title="bbox 432 2443 2466 2523">
    <p class='ocr_par' dir='ltr' id='par_1_47' title="bbox 432 2443 2466 2523">
     <span class='ocr_line' id='line_1_47' title="bbox 432 2443 2466 2523; baseline 0.006 -28"><span class='ocrx_word' id='word_1_311' title='bbox 432 2443 734 2509; x_wconf 74' lang='grc' dir='ltr'><strong>ἐπιπνοίας</strong></span> <span class='ocrx_word' id='word_1_312' title='bbox 763 2445 1107 2518; x_wconf 82' lang='grc' dir='ltr'>κινούμενον,</span> <span class='ocrx_word' id='word_1_313' title='bbox 1140 2449 1328 2504; x_wconf 74' lang='grc' dir='ltr'><strong>ἐκεῖνα</strong></span> <span class='ocrx_word' id='word_1_314' title='bbox 1352 2449 1446 2503; x_wconf 60' lang='grc' dir='ltr'><strong>καὶ⁵</strong></span> <span class='ocrx_word' id='word_1_315' title='bbox 1467 2451 1688 2521; x_wconf 84' lang='grc' dir='ltr'>φρονεῖν</span> <span class='ocrx_word' id='word_1_316' title='bbox 1717 2451 1810 2504; x_wconf 72' lang='grc' dir='ltr'><strong>κού⁹</strong></span> <span class='ocrx_word' id='word_1_317' title='bbox 1848 2452 2017 2521; x_wconf 88' lang='grc' dir='ltr'>πράτ-</span> <span class='ocrx_word' id='word_1_318' title='bbox 2127 2466 2466 2523; x_wconf 80' lang='lat' dir='ltr'><strong>comparent.</strong></span> 
     </span>
    </p>
   </div>
   <div class='ocr_carea' id='block_1_48' title="bbox 435 2538 3715 2632">
    <p class='ocr_par' dir='ltr' id='par_1_48' title="bbox 435 2538 3715 2632">
     <span class='ocr_line' id='line_1_48' title="bbox 435 2538 3715 2632; baseline 0.008 -42"><span class='ocrx_word' id='word_1_319' title='bbox 435 2553 575 2605; x_wconf 82' lang='grc' dir='ltr'>τειν,</span> <span class='ocrx_word' id='word_1_320' title='bbox 605 2538 709 2591; x_wconf 81' lang='grc' dir='ltr'>ὅσα</span> <span class='ocrx_word' id='word_1_321' title='bbox 762 2540 860 2593; x_wconf 78' lang='grc' dir='ltr'>καὶ</span> <span class='ocrx_word' id='word_1_322' title='bbox 908 2542 969 2593; x_wconf 84' lang='grc' dir='ltr'><strong>ὲν</strong></span> <span class='ocrx_word' id='word_1_323' title='bbox 1011 2542 1076 2612; x_wconf 80' lang='grc' dir='ltr'><strong>τῇ</strong></span> <span class='ocrx_word' id='word_1_324' title='bbox 1128 2538 1380 2612; x_wconf 76' lang='grc' dir='ltr'>παρούσῃ</span> <span class='ocrx_word' id='word_1_325' title='bbox 1419 2539 1533 2612; x_wconf 76' lang='grc' dir='ltr'><strong>ζωῇ</strong></span> <span class='ocrx_word' id='word_1_326' title='bbox 1584 2541 1786 2605; x_wconf 74' lang='grc' dir='ltr'>παντὸς</span> <span class='ocrx_word' id='word_1_327' title='bbox 1817 2541 2011 2612; x_wconf 78' lang='grc' dir='ltr'>μώμου</span> <span class='ocrx_word' id='word_1_328' title='bbox 2050 2541 2326 2615; x_wconf 68' lang='grc' dir='ltr'>ἀνώτερον</span> <span class='ocrx_word' id='word_1_329' title='bbox 2399 2546 2712 2621; x_wconf 64' lang='grc' dir='ltr'>καθίστησι,</span> <span class='ocrx_word' id='word_1_330' title='bbox 2756 2554 2848 2606; x_wconf 68' lang='grc' dir='ltr'><strong>καὶ</strong></span> <span class='ocrx_word' id='word_1_331' title='bbox 2882 2555 2939 2607; x_wconf 77' lang='grc' dir='ltr'><strong>ὲν</strong></span> <span class='ocrx_word' id='word_1_332' title='bbox 2985 2557 3049 2627; x_wconf 81' lang='grc' dir='ltr'>τῇ</span> <span class='ocrx_word' id='word_1_333' title='bbox 3120 2558 3395 2632; x_wconf 74' lang='grc' dir='ltr'><strong>μελλούσῃ</strong></span> <span class='ocrx_word' id='word_1_334' title='bbox 3438 2560 3537 2631; x_wconf 74' lang='grc' dir='ltr'>τὴν</span> <span class='ocrx_word' id='word_1_335' title='bbox 3582 2561 3715 2616; x_wconf 75' lang='grc' dir='ltr'>αἰω-</span> 
     </span>
    </p>
   </div>
   <div class='ocr_carea' id='block_1_49' title="bbox 435 2633 1289 2708">
    <p class='ocr_par' dir='ltr' id='par_1_49' title="bbox 435 2633 1289 2708">
     <span class='ocr_line' id='line_1_49' title="bbox 435 2633 1289 2708; baseline 0.006 -21"><span class='ocrx_word' id='word_1_336' title='bbox 435 2633 563 2688; x_wconf 76' lang='grc' dir='ltr'>νίαν</span> <span class='ocrx_word' id='word_1_337' title='bbox 594 2651 682 2688; x_wconf 86' lang='grc' dir='ltr'>σοι</span> <span class='ocrx_word' id='word_1_338' title='bbox 708 2635 968 2691; x_wconf 80' lang='grc' dir='ltr'>εὔκλειαν</span> <span class='ocrx_word' id='word_1_339' title='bbox 993 2637 1289 2708; x_wconf 75' lang='grc' dir='ltr'><strong>χαριεῖται.</strong></span> 
     </span>
    </p>
   </div>
   <div class='ocr_carea' id='block_1_50' title="bbox 585 2750 1880 2828">
    <p class='ocr_par' dir='ltr' id='par_1_50' title="bbox 585 2750 1880 2828">
     <span class='ocr_line' id='line_1_50' title="bbox 585 2750 1880 2828; baseline 0.005 -22"><span class='ocrx_word' id='word_1_340' title='bbox 585 2752 665 2806; x_wconf 85' lang='lat'><strong>0&#39;.</strong></span> <span class='ocrx_word' id='word_1_341' title='bbox 700 2750 882 2808; x_wconf 76' lang='grc' dir='ltr'><strong>Δαόῖό</strong></span> <span class='ocrx_word' id='word_1_342' title='bbox 921 2756 1317 2824; x_wconf 70' lang='grc' dir='ltr'><strong>Καμουλεανῷ</strong></span> <span class='ocrx_word' id='word_1_343' title='bbox 1347 2759 1880 2828; x_wconf 74' lang='grc' dir='ltr'>πρωτοσπαθαρέῳ.</span> 
     </span>
    </p>
   </div>
   <div class='ocr_carea' id='block_1_51' title="bbox 515 2864 2023 2943">
    <p class='ocr_par' dir='ltr' id='par_1_51' title="bbox 515 2864 2023 2943">
     <span class='ocr_line' id='line_1_51' title="bbox 515 2864 2023 2943; baseline 0.003 -21"><span class='ocrx_word' id='word_1_344' title='bbox 515 2868 586 2922; x_wconf 78' lang='grc' dir='ltr'><strong>’Δ</strong></span> <span class='ocrx_word' id='word_1_345' title='bbox 610 2864 712 2936; x_wconf 80' lang='grc' dir='ltr'>μὲν</span> <span class='ocrx_word' id='word_1_346' title='bbox 733 2865 842 2920; x_wconf 73' lang='grc' dir='ltr'>ἔδει</span> <span class='ocrx_word' id='word_1_347' title='bbox 867 2866 1006 2938; x_wconf 83' lang='grc' dir='ltr'>πρὸς</span> <span class='ocrx_word' id='word_1_348' title='bbox 1028 2865 1161 2921; x_wconf 80' lang='grc' dir='ltr'>Θεδν</span> <span class='ocrx_word' id='word_1_349' title='bbox 1188 2868 1524 2938; x_wconf 81' lang='grc' dir='ltr'><strong>ἀνενεγκεῖν,</strong></span> <span class='ocrx_word' id='word_1_350' title='bbox 1556 2870 1640 2924; x_wconf 72' lang='grc' dir='ltr'><strong>ὅτι</strong></span> <span class='ocrx_word' id='word_1_351' title='bbox 1672 2872 1863 2927; x_wconf 82' lang='grc' dir='ltr'>τέκνου</span> <span class='ocrx_word' id='word_1_352' title='bbox 1885 2873 2023 2943; x_wconf 79' lang='grc' dir='ltr'>ἠγα-</span> 
     </span>
    </p>
   </div>
   <div class='ocr_carea' id='block_1_52' title="bbox 433 2958 2023 3034">
    <p class='ocr_par' dir='ltr' id='par_1_52' title="bbox 433 2958 2023 3034">
     <span class='ocr_line' id='line_1_52' title="bbox 433 2958 2023 3034; baseline 0.006 -23"><span class='ocrx_word' id='word_1_353' title='bbox 433 2958 689 3030; x_wconf 76' lang='grc' dir='ltr'>πημένου</span> <span class='ocrx_word' id='word_1_354' title='bbox 729 2958 1027 3028; x_wconf 77' lang='grc' dir='ltr'>γράμμασι</span> <span class='ocrx_word' id='word_1_355' title='bbox 1059 2960 1186 3022; x_wconf 76' lang='grc' dir='ltr'>τοὺς</span> <span class='ocrx_word' id='word_1_356' title='bbox 1216 2960 1532 3032; x_wconf 79' lang='grc' dir='ltr'>ὀφθαλμοὺς</span> <span class='ocrx_word' id='word_1_357' title='bbox 1581 2963 1741 3034; x_wconf 80' lang='grc' dir='ltr'>ήμῶν</span> <span class='ocrx_word' id='word_1_358' title='bbox 1790 2965 2023 3022; x_wconf 76' lang='grc' dir='ltr'>ἐπεϐἀλο</span> 
     </span>
    </p>
   </div>
   <div class='ocr_carea' id='block_1_53' title="bbox 2308 2752 3536 2839">
    <p class='ocr_par' dir='ltr' id='par_1_53' title="bbox 2308 2752 3536 2839">
     <span class='ocr_line' id='line_1_53' title="bbox 2308 2752 3536 2839; baseline 0.019 -34"><span class='ocrx_word' id='word_1_359' title='bbox 2308 2752 2471 2811; x_wconf 73' lang='lat' dir='ltr'><strong>LXX.</strong></span> <span class='ocrx_word' id='word_1_360' title='bbox 2508 2756 2698 2812; x_wconf 79' lang='lat' dir='ltr'><strong>Davidi</strong></span> <span class='ocrx_word' id='word_1_361' title='bbox 2725 2759 3047 2817; x_wconf 80' lang='lat' dir='ltr'><strong>Camuliano</strong></span> <span class='ocrx_word' id='word_1_362' title='bbox 3080 2773 3536 2839; x_wconf 77' lang='lat' dir='ltr'><strong>protospatltario.</strong></span> 
     </span>
    </p>
   </div>
   <div class='ocr_carea' id='block_1_54' title="bbox 2201 2867 3709 2957">
    <p class='ocr_par' dir='ltr' id='par_1_54' title="bbox 2201 2867 3709 2957">
     <span class='ocr_line' id='line_1_54' title="bbox 2201 2867 3709 2957; baseline 0.016 -34"><span class='ocrx_word' id='word_1_363' title='bbox 2201 2867 2334 2935; x_wconf 75' lang='lat' dir='ltr'><strong>Qua:</strong></span> <span class='ocrx_word' id='word_1_364' title='bbox 2368 2871 2435 2924; x_wconf 89' lang='lat' dir='ltr'><strong>ad</strong></span> <span class='ocrx_word' id='word_1_365' title='bbox 2487 2870 2654 2928; x_wconf 89' lang='lat' dir='ltr'><strong>Deum</strong></span> <span class='ocrx_word' id='word_1_366' title='bbox 2698 2872 2896 2931; x_wconf 73' lang='lat' dir='ltr'><strong>offerre</strong></span> <span class='ocrx_word' id='word_1_367' title='bbox 2924 2880 3191 2947; x_wconf 83' lang='lat' dir='ltr'><strong>oportuit,</strong></span> <span class='ocrx_word' id='word_1_368' title='bbox 3238 2898 3362 2937; x_wconf 90' lang='lat' dir='ltr'><strong>cum</strong></span> <span class='ocrx_word' id='word_1_369' title='bbox 3403 2885 3500 2942; x_wconf 82' lang='lat' dir='ltr'><strong>lilii</strong></span> <span class='ocrx_word' id='word_1_370' title='bbox 3527 2887 3709 2957; x_wconf 79' lang='lat' dir='ltr'><strong>dilecti</strong></span> 
     </span>
    </p>
   </div>
   <div class='ocr_carea' id='block_1_55' title="bbox 2128 2958 3712 3049">
    <p class='ocr_par' dir='ltr' id='par_1_55' title="bbox 2128 2958 3712 3049">
     <span class='ocr_line' id='line_1_55' title="bbox 2128 2958 3712 3049; baseline 0.016 -37"><span class='ocrx_word' id='word_1_371' title='bbox 2128 2958 2330 3014; x_wconf 88' lang='lat' dir='ltr'><strong>litteris</strong></span> <span class='ocrx_word' id='word_1_372' title='bbox 2363 2960 2558 3017; x_wconf 91' lang='lat' dir='ltr'><strong>oculos</strong></span> <span class='ocrx_word' id='word_1_373' title='bbox 2595 2961 2907 3032; x_wconf 87' lang='lat' dir='ltr'><strong>injeeimus,</strong></span> <span class='ocrx_word' id='word_1_374' title='bbox 2952 2975 3010 3021; x_wconf 88' lang='lat' dir='ltr'><strong>et</strong></span> <span class='ocrx_word' id='word_1_375' title='bbox 3053 2969 3155 3025; x_wconf 88' lang='lat' dir='ltr'><strong>bac</strong></span> <span class='ocrx_word' id='word_1_376' title='bbox 3200 2971 3502 3042; x_wconf 83' lang='lat' dir='ltr'><strong>injectione</strong></span> <span class='ocrx_word' id='word_1_377' title='bbox 3551 2984 3712 3049; x_wconf 82' lang='lat' dir='ltr'><strong>quasi</strong></span> 
     </span>
    </p>
   </div>
   <div class='ocr_carea' id='block_1_56' title="bbox 431 3051 2021 3130">
    <p class='ocr_par' dir='ltr' id='par_1_56' title="bbox 431 3051 2021 3127">
     <span class='ocr_line' id='line_1_56' title="bbox 431 3051 2021 3127; baseline 0.003 -21"><span class='ocrx_word' id='word_1_378' title='bbox 431 3051 638 3123; x_wconf 78' lang='grc' dir='ltr'>λομεν,</span> <span class='ocrx_word' id='word_1_379' title='bbox 675 3053 769 3105; x_wconf 63' lang='grc' dir='ltr'><strong>καὶ</strong></span> <span class='ocrx_word' id='word_1_380' title='bbox 813 3053 881 3122; x_wconf 77' lang='grc' dir='ltr'>τῇ</span> <span class='ocrx_word' id='word_1_381' title='bbox 930 3051 1161 3123; x_wconf 75' lang='grc' dir='ltr'>ἐπιϐολῇ</span> <span class='ocrx_word' id='word_1_382' title='bbox 1202 3051 1377 3126; x_wconf 76' lang='grc' dir='ltr'>ταύτῃ</span> <span class='ocrx_word' id='word_1_383' title='bbox 1420 3052 1611 3125; x_wconf 85' lang='grc' dir='ltr'>ὥσπερ</span> <span class='ocrx_word' id='word_1_384' title='bbox 1640 3056 1699 3109; x_wconf 76' lang='grc' dir='ltr'>ἐν</span> <span class='ocrx_word' id='word_1_385' title='bbox 1726 3055 2021 3127; x_wconf 79' lang='grc' dir='ltr'>ὀφθαλμοῖς</span> 
     </span>
    </p>
   </div>
   <div class='ocr_carea' id='block_1_57' title="bbox 2123 3051 3708 3130">
    <p class='ocr_par' dir='ltr' id='par_1_57' title="bbox 2127 3052 3708 3130">
     <span class='ocr_line' id='line_1_57' title="bbox 2127 3052 3708 3130; baseline 0.013 -22"><span class='ocrx_word' id='word_1_386' title='bbox 2127 3053 2198 3108; x_wconf 89' lang='lat' dir='ltr'><strong>ob</strong></span> <span class='ocrx_word' id='word_1_387' title='bbox 2232 3052 2424 3109; x_wconf 92' lang='lat' dir='ltr'><strong>oculos</strong></span> <span class='ocrx_word' id='word_1_388' title='bbox 2465 3053 2670 3110; x_wconf 86' lang='lat' dir='ltr'><strong>habere</strong></span> <span class='ocrx_word' id='word_1_389' title='bbox 2713 3056 2887 3112; x_wconf 82' lang='lat' dir='ltr'><strong>tilium</strong></span> <span class='ocrx_word' id='word_1_390' title='bbox 2936 3061 3291 3130; x_wconf 85' lang='lat' dir='ltr'><strong>putabamus,</strong></span> <span class='ocrx_word' id='word_1_391' title='bbox 3338 3066 3521 3124; x_wconf 88' lang='lat' dir='ltr'><strong>oblata</strong></span> <span class='ocrx_word' id='word_1_392' title='bbox 3557 3084 3708 3128; x_wconf 90' lang='lat' dir='ltr'><strong>sunI.</strong></span> 
     </span>
    </p>
   </div>
   <div class='ocr_carea' id='block_1_58' title="bbox 433 3143 2026 3216">
    <p class='ocr_par' dir='ltr' id='par_1_58' title="bbox 433 3143 2026 3216">
     <span class='ocr_line' id='line_1_58' title="bbox 433 3143 2026 3216; baseline 0.002 -18"><span class='ocrx_word' id='word_1_393' title='bbox 433 3147 586 3215; x_wconf 69' lang='grc' dir='ltr'>ἔχειν</span> <span class='ocrx_word' id='word_1_394' title='bbox 640 3143 706 3197; x_wconf 73' lang='grc' dir='ltr'>τὸ</span> <span class='ocrx_word' id='word_1_395' title='bbox 756 3144 947 3197; x_wconf 78' lang='grc' dir='ltr'>τέκνον</span> <span class='ocrx_word' id='word_1_396' title='bbox 1002 3143 1353 3216; x_wconf 74' lang='grc' dir='ltr'><strong>ἐνομίζομεν,</strong></span> <span class='ocrx_word' id='word_1_397' title='bbox 1398 3144 1695 3216; x_wconf 82' lang='grc' dir='ltr'><strong>ἀνηνέχθη.</strong></span> <span class='ocrx_word' id='word_1_398' title='bbox 1756 3148 1824 3201; x_wconf 77' lang='grc' dir='ltr'>Ἃ</span> <span class='ocrx_word' id='word_1_399' title='bbox 1872 3146 1928 3200; x_wconf 86' lang='grc' dir='ltr'>δὲ</span> <span class='ocrx_word' id='word_1_400' title='bbox 1965 3146 2026 3201; x_wconf 83' lang='grc' dir='ltr'>τὸ</span> 
     </span>
    </p>
   </div>
   <div class='ocr_carea' id='block_1_59' title="bbox 432 3238 2025 3316">
    <p class='ocr_par' dir='ltr' id='par_1_59' title="bbox 432 3238 2025 3316">
     <span class='ocr_line' id='line_1_59' title="bbox 432 3238 2025 3316; baseline 0.004 -25"><span class='ocrx_word' id='word_1_401' title='bbox 432 3240 678 3313; x_wconf 59' lang='grc' dir='ltr'>γράμμα</span> <span class='ocrx_word' id='word_1_402' title='bbox 703 3240 834 3311; x_wconf 81' lang='grc' dir='ltr'>περὶ</span> <span class='ocrx_word' id='word_1_403' title='bbox 863 3238 973 3293; x_wconf 85' lang='grc' dir='ltr'><strong>τῶν</strong></span> <span class='ocrx_word' id='word_1_404' title='bbox 999 3239 1098 3310; x_wconf 78' lang='grc' dir='ltr'><strong>τὴν</strong></span> <span class='ocrx_word' id='word_1_405' title='bbox 1129 3238 1387 3309; x_wconf 83' lang='grc' dir='ltr'>γλῶσσαν</span> <span class='ocrx_word' id='word_1_406' title='bbox 1425 3239 1667 3297; x_wconf 83' lang='grc' dir='ltr'>εὐκόλων</span> <span class='ocrx_word' id='word_1_407' title='bbox 1694 3243 1774 3306; x_wconf 80' lang='grc' dir='ltr'><strong>εἰς</strong></span> <span class='ocrx_word' id='word_1_408' title='bbox 1802 3243 2025 3316; x_wconf 80' lang='grc' dir='ltr'>μνήμην</span> 
     </span>
    </p>
   </div>
   <div class='ocr_carea' id='block_1_60' title="bbox 431 3325 2024 3401">
    <p class='ocr_par' dir='ltr' id='par_1_60' title="bbox 431 3325 2024 3401">
     <span class='ocr_line' id='line_1_60' title="bbox 431 3325 2024 3401; baseline 0 -18"><span class='ocrx_word' id='word_1_409' title='bbox 431 3325 561 3401; x_wconf 73' lang='grc' dir='ltr'>ἦγε,</span> <span class='ocrx_word' id='word_1_410' title='bbox 597 3328 652 3382; x_wconf 83' lang='grc' dir='ltr'>τί</span> <span class='ocrx_word' id='word_1_411' title='bbox 684 3328 784 3395; x_wconf 81' lang='grc' dir='ltr'>δεῖ,</span> <span class='ocrx_word' id='word_1_412' title='bbox 812 3328 1003 3383; x_wconf 77' lang='grc' dir='ltr'>τέκνον</span> <span class='ocrx_word' id='word_1_413' title='bbox 1033 3345 1159 3399; x_wconf 83' lang='grc' dir='ltr'>μου,</span> <span class='ocrx_word' id='word_1_414' title='bbox 1187 3327 1410 3382; x_wconf 81' lang='grc' dir='ltr'>συνετὸν</span> <span class='ocrx_word' id='word_1_415' title='bbox 1431 3326 1564 3383; x_wconf 76' lang='grc' dir='ltr'>ὄντα</span> <span class='ocrx_word' id='word_1_416' title='bbox 1595 3345 1657 3382; x_wconf 90' lang='grc' dir='ltr'>σε</span> <span class='ocrx_word' id='word_1_417' title='bbox 1684 3328 1818 3383; x_wconf 79' lang='grc' dir='ltr'><strong>Θεοῦ</strong></span> <span class='ocrx_word' id='word_1_418' title='bbox 1841 3331 2024 3401; x_wconf 82' lang='grc' dir='ltr'><strong>χάριτι</strong></span> 
     </span>
    </p>
   </div>
   <div class='ocr_carea' id='block_1_61' title="bbox 432 3419 2022 3493">
    <p class='ocr_par' dir='ltr' id='par_1_61' title="bbox 432 3419 2022 3493">
     <span class='ocr_line' id='line_1_61' title="bbox 432 3419 2022 3493; baseline -0.002 -17"><span class='ocrx_word' id='word_1_419' title='bbox 432 3419 868 3493; x_wconf 47' lang='grc' dir='ltr'>πειρᾶσθαιβιά</span> <span class='ocrx_word' id='word_1_420' title='bbox 912 3420 1023 3475; x_wconf 84' lang='grc' dir='ltr'>τῶν</span> <span class='ocrx_word' id='word_1_421' title='bbox 1068 3420 1358 3492; x_wconf 74' lang='grc' dir='ltr'><strong>ἡμετέρων</strong></span> <span class='ocrx_word' id='word_1_422' title='bbox 1389 3419 1596 3491; x_wconf 83' lang='grc' dir='ltr'>λόγων,</span> <span class='ocrx_word' id='word_1_423' title='bbox 1643 3420 1739 3474; x_wconf 83' lang='grc' dir='ltr'><strong>τοῦ</strong></span> <span class='ocrx_word' id='word_1_424' title='bbox 1780 3420 2022 3474; x_wconf 85' lang='grc' dir='ltr'>τοιούτου</span> 
     </span>
    </p>
   </div>
   <div class='ocr_carea' id='block_1_62' title="bbox 430 3507 2025 3583">
    <p class='ocr_par' dir='ltr' id='par_1_62' title="bbox 430 3507 2025 3583">
     <span class='ocr_line' id='line_1_62' title="bbox 430 3507 2025 3583; baseline 0.001 -16"><span class='ocrx_word' id='word_1_425' title='bbox 430 3512 546 3567; x_wconf 78' lang='grc' dir='ltr'>τῶν</span> <span class='ocrx_word' id='word_1_426' title='bbox 581 3511 889 3582; x_wconf 83' lang='grc' dir='ltr'>ἀνθρώπων</span> <span class='ocrx_word' id='word_1_427' title='bbox 920 3511 1128 3576; x_wconf 79' lang='grc' dir='ltr'>πάθους</span> <span class='ocrx_word' id='word_1_428' title='bbox 1161 3511 1322 3582; x_wconf 76' lang='grc' dir='ltr'>ἄγειν</span> <span class='ocrx_word' id='word_1_429' title='bbox 1373 3513 1454 3577; x_wconf 81' lang='grc' dir='ltr'><strong>εις</strong></span> <span class='ocrx_word' id='word_1_430' title='bbox 1499 3513 1868 3583; x_wconf 81' lang='grc' dir='ltr'>κατανόησιν;</span> <span class='ocrx_word' id='word_1_431' title='bbox 1900 3507 2025 3568; x_wconf 72' lang='grc' dir='ltr'>Οἶδα</span> 
     </span>
    </p>
   </div>
   <div class='ocr_carea' id='block_1_63' title="bbox 431 3598 2023 3677">
    <p class='ocr_par' dir='ltr' id='par_1_63' title="bbox 431 3598 2023 3677">
     <span class='ocr_line' id='line_1_63' title="bbox 431 3598 2023 3677; baseline -0.001 -17"><span class='ocrx_word' id='word_1_432' title='bbox 431 3605 546 3677; x_wconf 75' lang='grc' dir='ltr'><strong>γάρ</strong></span> <span class='ocrx_word' id='word_1_433' title='bbox 571 3605 654 3660; x_wconf 79' lang='grc' dir='ltr'><strong>ὅτι</strong></span> <span class='ocrx_word' id='word_1_434' title='bbox 685 3604 839 3659; x_wconf 80' lang='grc' dir='ltr'>οὐδὲν</span> <span class='ocrx_word' id='word_1_435' title='bbox 863 3603 1040 3668; x_wconf 79' lang='grc' dir='ltr'>οὕτως</span> <span class='ocrx_word' id='word_1_436' title='bbox 1069 3604 1168 3676; x_wconf 72' lang='grc' dir='ltr'><strong>ἡδὺ</strong></span> <span class='ocrx_word' id='word_1_437' title='bbox 1199 3606 1312 3671; x_wconf 87' lang='grc' dir='ltr'><strong>τοῖς</strong></span> <span class='ocrx_word' id='word_1_438' title='bbox 1334 3603 1650 3677; x_wconf 78' lang='grc' dir='ltr'>ἀνθρώποις</span> <span class='ocrx_word' id='word_1_439' title='bbox 1678 3598 1791 3658; x_wconf 80' lang='grc' dir='ltr'>οἶον</span> <span class='ocrx_word' id='word_1_440' title='bbox 1816 3605 1877 3659; x_wconf 83' lang='grc' dir='ltr'><strong>τὸ</strong></span> <span class='ocrx_word' id='word_1_441' title='bbox 1907 3604 2023 3659; x_wconf 86' lang='grc' dir='ltr'>δια-</span> 
     </span>
    </p>
   </div>
   <div class='ocr_carea' id='block_1_64' title="bbox 434 3692 2020 3769">
    <p class='ocr_par' dir='ltr' id='par_1_64' title="bbox 434 3692 2020 3769">
     <span class='ocr_line' id='line_1_64' title="bbox 434 3692 2020 3769; baseline -0.002 -19"><span class='ocrx_word' id='word_1_442' title='bbox 434 3696 629 3765; x_wconf 67' lang='grc' dir='ltr'>σύρειν</span> <span class='ocrx_word' id='word_1_443' title='bbox 654 3694 725 3748; x_wconf 86' lang='grc' dir='ltr'>τὰ</span> <span class='ocrx_word' id='word_1_444' title='bbox 749 3694 858 3749; x_wconf 85' lang='grc' dir='ltr'>τῶν</span> <span class='ocrx_word' id='word_1_445' title='bbox 891 3692 1118 3766; x_wconf 82' lang='grc' dir='ltr'>πλησίον</span> <span class='ocrx_word' id='word_1_446' title='bbox 1158 3694 1461 3769; x_wconf 67' lang='grc' dir='ltr'>πράγματα</span> <span class='ocrx_word' id='word_1_447' title='bbox 1507 3694 1602 3748; x_wconf 80' lang='grc' dir='ltr'>καὶ</span> <span class='ocrx_word' id='word_1_448' title='bbox 1644 3692 1773 3758; x_wconf 84' lang='grc' dir='ltr'>τοὺς</span> <span class='ocrx_word' id='word_1_449' title='bbox 1806 3693 2020 3764; x_wconf 84' lang='grc' dir='ltr'><strong>λόγους,</strong></span> 
     </span>
    </p>
   </div>
   <div class='ocr_carea' id='block_1_65' title="bbox 442 3778 2021 3857">
    <p class='ocr_par' dir='ltr' id='par_1_65' title="bbox 442 3778 2021 3857">
     <span class='ocr_line' id='line_1_65' title="bbox 442 3778 2021 3857; baseline -0.003 -16"><span class='ocrx_word' id='word_1_450' title='bbox 442 3787 611 3841; x_wconf 80' lang='grc' dir='ltr'><strong>ὁποῖά</strong></span> <span class='ocrx_word' id='word_1_451' title='bbox 634 3799 766 3839; x_wconf 83' lang='grc' dir='ltr'>ποτε</span> <span class='ocrx_word' id='word_1_452' title='bbox 791 3786 858 3839; x_wconf 77' lang='grc' dir='ltr'><strong>ἄν</strong></span> <span class='ocrx_word' id='word_1_453' title='bbox 883 3778 1007 3839; x_wconf 81' lang='grc' dir='ltr'><strong>ὦσι.</strong></span> <span class='ocrx_word' id='word_1_454' title='bbox 1057 3784 1166 3839; x_wconf 77' lang='grc' dir='ltr'><strong>Καὶ</strong></span> <span class='ocrx_word' id='word_1_455' title='bbox 1209 3784 1263 3839; x_wconf 78' lang='grc' dir='ltr'>τί</span> <span class='ocrx_word' id='word_1_456' title='bbox 1315 3783 1649 3857; x_wconf 82' lang='grc' dir='ltr'>θαυμαστὸν,</span> <span class='ocrx_word' id='word_1_457' title='bbox 1683 3784 1732 3839; x_wconf 78' lang='grc' dir='ltr'>εἰ</span> <span class='ocrx_word' id='word_1_458' title='bbox 1765 3784 1860 3838; x_wconf 74' lang='grc' dir='ltr'>καὶ</span> <span class='ocrx_word' id='word_1_459' title='bbox 1889 3784 2021 3855; x_wconf 79' lang='grc' dir='ltr'>ἡμῖν</span> 
     </span>
    </p>
   </div>
   <div class='ocr_carea' id='block_1_66' title="bbox 428 3875 2022 3949">
    <p class='ocr_par' dir='ltr' id='par_1_66' title="bbox 428 3875 2022 3949">
     <span class='ocr_line' id='line_1_66' title="bbox 428 3875 2022 3949; baseline -0.003 -16"><span class='ocrx_word' id='word_1_460' title='bbox 428 3876 731 3949; x_wconf 76' lang='grc' dir='ltr'><strong>συμόαῖνει</strong></span> <span class='ocrx_word' id='word_1_461' title='bbox 806 3878 874 3931; x_wconf 81' lang='grc' dir='ltr'><strong>ἐκ</strong></span> <span class='ocrx_word' id='word_1_462' title='bbox 930 3875 1029 3930; x_wconf 81' lang='grc' dir='ltr'><strong>τοῦ</strong></span> <span class='ocrx_word' id='word_1_463' title='bbox 1085 3876 1331 3931; x_wconf 81' lang='grc' dir='ltr'>τοιούτου</span> <span class='ocrx_word' id='word_1_464' title='bbox 1403 3877 1752 3947; x_wconf 70' lang='grc' dir='ltr'>ἀνθρωπίνου</span> <span class='ocrx_word' id='word_1_465' title='bbox 1811 3875 2022 3942; x_wconf 83' lang='grc' dir='ltr'>πάθους</span> 
     </span>
    </p>
   </div>
   <div class='ocr_carea' id='block_1_67' title="bbox 425 3966 2017 4039">
    <p class='ocr_par' dir='ltr' id='par_1_67' title="bbox 425 3966 2017 4039">
     <span class='ocr_line' id='line_1_67' title="bbox 425 3966 2017 4039; baseline -0.003 -16"><span class='ocrx_word' id='word_1_466' title='bbox 425 3967 883 4037; x_wconf 69' lang='grc' dir='ltr'><strong>κακολογεῖσθαι;</strong></span> <span class='ocrx_word' id='word_1_467' title='bbox 908 3966 1073 4022; x_wconf 86' lang='grc' dir='ltr'>Ὠστε</span> <span class='ocrx_word' id='word_1_468' title='bbox 1097 3968 1224 4031; x_wconf 74' lang='grc' dir='ltr'>τοὺς</span> <span class='ocrx_word' id='word_1_469' title='bbox 1244 3966 1678 4038; x_wconf 73' lang='grc' dir='ltr'>κακολογοῦντας</span> <span class='ocrx_word' id='word_1_470' title='bbox 1704 3966 1765 4022; x_wconf 78' lang='grc' dir='ltr'>ἔα</span> <span class='ocrx_word' id='word_1_471' title='bbox 1784 3966 2017 4039; x_wconf 82' lang='grc' dir='ltr'><strong>χαίρειν,</strong></span> 
     </span>
    </p>
   </div>
   <div class='ocr_carea' id='block_1_68' title="bbox 424 4059 2021 4133">
    <p class='ocr_par' dir='ltr' id='par_1_68' title="bbox 424 4059 2021 4133">
     <span class='ocr_line' id='line_1_68' title="bbox 424 4059 2021 4133; baseline -0.002 -17"><span class='ocrx_word' id='word_1_472' title='bbox 424 4063 629 4117; x_wconf 81' lang='grc' dir='ltr'>τέκνον</span> <span class='ocrx_word' id='word_1_473' title='bbox 670 4059 826 4129; x_wconf 69' lang='grc' dir='ltr'>ἐμὸν,</span> <span class='ocrx_word' id='word_1_474' title='bbox 860 4061 924 4114; x_wconf 80' lang='grc' dir='ltr'>σὺ</span> <span class='ocrx_word' id='word_1_475' title='bbox 960 4060 1019 4115; x_wconf 77' lang='grc' dir='ltr'>δὲ</span> <span class='ocrx_word' id='word_1_476' title='bbox 1047 4061 1146 4133; x_wconf 85' lang='grc' dir='ltr'><strong>τῆς</strong></span> <span class='ocrx_word' id='word_1_477' title='bbox 1192 4061 1296 4132; x_wconf 87' lang='grc' dir='ltr'><strong>σῆς</strong></span> <span class='ocrx_word' id='word_1_478' title='bbox 1335 4059 1549 4131; x_wconf 81' lang='grc' dir='ltr'>ἀγαθῆς</span> <span class='ocrx_word' id='word_1_479' title='bbox 1594 4059 1720 4132; x_wconf 76' lang='grc' dir='ltr'><strong>ἔχου</strong></span> <span class='ocrx_word' id='word_1_480' title='bbox 1769 4060 2021 4131; x_wconf 81' lang='grc' dir='ltr'>συνειδή-</span> 
     </span>
    </p>
   </div>
   <div class='ocr_carea' id='block_1_69' title="bbox 426 4151 2018 4225">
    <p class='ocr_par' dir='ltr' id='par_1_69' title="bbox 426 4151 2018 4225">
     <span class='ocr_line' id='line_1_69' title="bbox 426 4151 2018 4225; baseline -0.003 -16"><span class='ocrx_word' id='word_1_481' title='bbox 426 4172 602 4222; x_wconf 77' lang='grc' dir='ltr'>σεως,</span> <span class='ocrx_word' id='word_1_482' title='bbox 648 4154 716 4224; x_wconf 79' lang='grc' dir='ltr'><strong>ῆν</strong></span> <span class='ocrx_word' id='word_1_483' title='bbox 769 4152 890 4223; x_wconf 83' lang='grc' dir='ltr'>Θεῷ</span> <span class='ocrx_word' id='word_1_484' title='bbox 933 4152 1260 4219; x_wconf 75' lang='grc' dir='ltr'><strong>σπουδάζεις</strong></span> <span class='ocrx_word' id='word_1_485' title='bbox 1305 4156 1654 4225; x_wconf 81' lang='grc' dir='ltr'>παραστῆσαι</span> <span class='ocrx_word' id='word_1_486' title='bbox 1701 4151 1779 4223; x_wconf 81' lang='grc' dir='ltr'><strong>τῷ</strong></span> <span class='ocrx_word' id='word_1_487' title='bbox 1805 4155 2018 4224; x_wconf 87' lang='grc' dir='ltr'>ἀπροσ-</span> 
     </span>
    </p>
   </div>
   <div class='ocr_carea' id='block_1_70' title="bbox 425 4243 2016 4317">
    <p class='ocr_par' dir='ltr' id='par_1_70' title="bbox 425 4243 2016 4317">
     <span class='ocr_line' id='line_1_70' title="bbox 425 4243 2016 4317; baseline -0.011 -13"><span class='ocrx_word' id='word_1_488' title='bbox 425 4246 750 4317; x_wconf 69' lang='grc' dir='ltr'>ωπολήπτῳ</span> <span class='ocrx_word' id='word_1_489' title='bbox 768 4246 930 4315; x_wconf 76' lang='grc' dir='ltr'>κριτῇ</span> <span class='ocrx_word' id='word_1_490' title='bbox 959 4243 1301 4316; x_wconf 73' lang='grc' dir='ltr'>ἁδιάό).ητον’</span> <span class='ocrx_word' id='word_1_491' title='bbox 1325 4246 1449 4298; x_wconf 76' lang='grc' dir='ltr'>ἐπεὶ</span> <span class='ocrx_word' id='word_1_492' title='bbox 1473 4245 1541 4298; x_wconf 88' lang='grc' dir='ltr'><strong>τά</strong></span> <span class='ocrx_word' id='word_1_493' title='bbox 1559 4261 1620 4313; x_wconf 80' lang='grc' dir='ltr'><strong>γε</strong></span> <span class='ocrx_word' id='word_1_494' title='bbox 1644 4245 1780 4315; x_wconf 85' lang='grc' dir='ltr'>πρὸς</span> <span class='ocrx_word' id='word_1_495' title='bbox 1801 4244 2016 4315; x_wconf 66' lang='grc' dir='ltr'>ἀνθρώζ</span> 
     </span>
    </p>
   </div>
   <div class='ocr_carea' id='block_1_71' title="bbox 425 4335 2014 4408">
    <p class='ocr_par' dir='ltr' id='par_1_71' title="bbox 425 4335 2014 4408">
     <span class='ocr_line' id='line_1_71' title="bbox 425 4335 2014 4408; baseline -0.003 -15"><span class='ocrx_word' id='word_1_496' title='bbox 425 4353 572 4402; x_wconf 68' lang='grc' dir='ltr'>ποῦς</span> <span class='ocrx_word' id='word_1_497' title='bbox 605 4338 785 4401; x_wconf 66' lang='grc' dir='ltr'>οὐδεὶς</span> <span class='ocrx_word' id='word_1_498' title='bbox 828 4335 973 4390; x_wconf 81' lang='grc' dir='ltr'>οὕτω</span> <span class='ocrx_word' id='word_1_499' title='bbox 1012 4337 1491 4408; x_wconf 84' lang='grc' dir='ltr'>κατωχυρωμὲνος</span> <span class='ocrx_word' id='word_1_500' title='bbox 1523 4336 1674 4390; x_wconf 74' lang='grc' dir='ltr'>ἐστὶν</span> <span class='ocrx_word' id='word_1_501' title='bbox 1730 4335 1790 4402; x_wconf 78' lang='grc' dir='ltr'>ἐξ</span> <span class='ocrx_word' id='word_1_502' title='bbox 1846 4336 2014 4408; x_wconf 84' lang='grc' dir='ltr'>ὀρθῆς</span> 
     </span>
    </p>
   </div>
   <div class='ocr_carea' id='block_1_72' title="bbox 427 4413 2086 4503">
    <p class='ocr_par' dir='ltr' id='par_1_72' title="bbox 427 4413 2086 4503">
     <span class='ocr_line' id='line_1_72' title="bbox 427 4413 2086 4503; baseline -0.003 -17"><span class='ocrx_word' id='word_1_503' title='bbox 427 4431 817 4501; x_wconf 77' lang='grc' dir='ltr'>συνειδήσεως,</span> <span class='ocrx_word' id='word_1_504' title='bbox 857 4422 902 4496; x_wconf 83' lang='grc' dir='ltr'>ᾧ</span> <span class='ocrx_word' id='word_1_505' title='bbox 939 4429 1016 4503; x_wconf 82' lang='grc' dir='ltr'>μὴ</span> <span class='ocrx_word' id='word_1_506' title='bbox 1071 4430 1291 4493; x_wconf 89' lang='grc' dir='ltr'>πάντως</span> <span class='ocrx_word' id='word_1_507' title='bbox 1329 4428 1359 4480; x_wconf 85' lang='grc' dir='ltr'><strong>ό</strong></span> <span class='ocrx_word' id='word_1_508' title='bbox 1411 4427 1604 4499; x_wconf 81' lang='grc' dir='ltr'>μῶμος</span> <span class='ocrx_word' id='word_1_509' title='bbox 1662 4428 1756 4483; x_wconf 80' lang='grc' dir='ltr'>τὸν</span> <span class='ocrx_word' id='word_1_510' title='bbox 1809 4428 2008 4501; x_wconf 75' lang='grc' dir='ltr'>πικρὸν</span> <span class='ocrx_word' id='word_1_511' title='bbox 2042 4413 2086 4469; x_wconf 79' lang='grc' dir='ltr'><strong>Ῑ)</strong></span> 
     </span>
    </p>
   </div>
   <div class='ocr_carea' id='block_1_73' title="bbox 424 4520 2013 4597">
    <p class='ocr_par' dir='ltr' id='par_1_73' title="bbox 424 4520 2013 4597">
     <span class='ocr_line' id='line_1_73' title="bbox 424 4520 2013 4597; baseline -0.004 -18"><span class='ocrx_word' id='word_1_512' title='bbox 424 4524 710 4597; x_wconf 69' lang='grc' dir='ltr'>ὀφθαλμὸν</span> <span class='ocrx_word' id='word_1_513' title='bbox 756 4523 1066 4578; x_wconf 74' lang='grc' dir='ltr'><strong>ἐπιϐάλλει.</strong></span> <span class='ocrx_word' id='word_1_514' title='bbox 1106 4521 1344 4594; x_wconf 80' lang='grc' dir='ltr'>Οἴδαμεν</span> <span class='ocrx_word' id='word_1_515' title='bbox 1369 4521 1426 4573; x_wconf 76' lang='grc' dir='ltr'>δὲ</span> <span class='ocrx_word' id='word_1_516' title='bbox 1453 4521 1547 4575; x_wconf 75' lang='grc' dir='ltr'>καὶ</span> <span class='ocrx_word' id='word_1_517' title='bbox 1575 4522 1742 4592; x_wconf 79' lang='grc' dir='ltr'><strong>ἡμεῖς</strong></span> <span class='ocrx_word' id='word_1_518' title='bbox 1767 4520 1851 4575; x_wconf 83' lang='grc' dir='ltr'><strong>ὅτι</strong></span> <span class='ocrx_word' id='word_1_519' title='bbox 1876 4520 2013 4592; x_wconf 86' lang='grc' dir='ltr'>πρό-</span> 
     </span>
    </p>
   </div>
   <div class='ocr_carea' id='block_1_74' title="bbox 427 4616 2014 4694">
    <p class='ocr_par' dir='ltr' id='par_1_74' title="bbox 427 4616 2014 4694">
     <span class='ocr_line' id='line_1_74' title="bbox 427 4616 2014 4694; baseline -0.004 -18"><span class='ocrx_word' id='word_1_520' title='bbox 427 4639 589 4694; x_wconf 82' lang='grc' dir='ltr'>τερον</span> <span class='ocrx_word' id='word_1_521' title='bbox 627 4623 825 4684; x_wconf 80' lang='grc' dir='ltr'>πόνους</span> <span class='ocrx_word' id='word_1_522' title='bbox 862 4619 1105 4691; x_wconf 77' lang='grc' dir='ltr'>ὑπέστης</span> <span class='ocrx_word' id='word_1_523' title='bbox 1128 4618 1225 4673; x_wconf 82' lang='grc' dir='ltr'>καὶ</span> <span class='ocrx_word' id='word_1_524' title='bbox 1259 4618 1354 4671; x_wconf 83' lang='grc' dir='ltr'><strong>νῦν</strong></span> <span class='ocrx_word' id='word_1_525' title='bbox 1390 4617 1710 4690; x_wconf 80' lang='grc' dir='ltr'>ὑπομένεις,</span> <span class='ocrx_word' id='word_1_526' title='bbox 1748 4617 1902 4671; x_wconf 79' lang='grc' dir='ltr'>οὐδὲν</span> <span class='ocrx_word' id='word_1_527' title='bbox 1953 4616 2014 4682; x_wconf 73' lang='grc' dir='ltr'>ἐξ</span> 
     </span>
    </p>
   </div>
   <div class='ocr_carea' id='block_1_75' title="bbox 434 4708 2014 4785">
    <p class='ocr_par' dir='ltr' id='par_1_75' title="bbox 434 4708 2014 4785">
     <span class='ocr_line' id='line_1_75' title="bbox 434 4708 2014 4785; baseline -0.003 -17"><span class='ocrx_word' id='word_1_528' title='bbox 434 4713 742 4785; x_wconf 76' lang='grc' dir='ltr'>ἀνθρώπων</span> <span class='ocrx_word' id='word_1_529' title='bbox 768 4711 1220 4785; x_wconf 80' lang='grc' dir='ltr'>προξενήσαντας</span> <span class='ocrx_word' id='word_1_530' title='bbox 1260 4708 1454 4780; x_wconf 73' lang='grc' dir='ltr'><strong>ὄφελος</strong></span> <span class='ocrx_word' id='word_1_531' title='bbox 1475 4726 1491 4742; x_wconf 81' lang='grc' dir='ltr'>ο</span> <span class='ocrx_word' id='word_1_532' title='bbox 1524 4710 1619 4764; x_wconf 83' lang='grc' dir='ltr'><strong>καὶ</strong></span> <span class='ocrx_word' id='word_1_533' title='bbox 1666 4709 1799 4773; x_wconf 81' lang='grc' dir='ltr'>Θεὸς</span> <span class='ocrx_word' id='word_1_534' title='bbox 1848 4709 2014 4772; x_wconf 78' lang='grc' dir='ltr'>αὐτὸς</span> 
     </span>
    </p>
   </div>
   <div class='ocr_carea' id='block_1_76' title="bbox 438 4800 2012 4879">
    <p class='ocr_par' dir='ltr' id='par_1_76' title="bbox 438 4800 2012 4879">
     <span class='ocr_line' id='line_1_76' title="bbox 438 4800 2012 4879; baseline -0.006 -15"><span class='ocrx_word' id='word_1_535' title='bbox 438 4807 645 4879; x_wconf 75' lang='grc' dir='ltr'>μάρτυς</span> <span class='ocrx_word' id='word_1_536' title='bbox 683 4808 713 4861; x_wconf 83' lang='grc' dir='ltr'><strong>ό</strong></span> <span class='ocrx_word' id='word_1_537' title='bbox 742 4805 841 4870; x_wconf 84' lang='grc' dir='ltr'>τάς</span> <span class='ocrx_word' id='word_1_538' title='bbox 863 4804 1091 4875; x_wconf 79' lang='grc' dir='ltr'><strong>καρδίας</strong></span> <span class='ocrx_word' id='word_1_539' title='bbox 1118 4801 1462 4859; x_wconf 82' lang='grc' dir='ltr'>ὑποπτεύων.</span> <span class='ocrx_word' id='word_1_540' title='bbox 1501 4800 1872 4872; x_wconf 82' lang='grc' dir='ltr'>Ἀλγυνόμεθα</span> <span class='ocrx_word' id='word_1_541' title='bbox 1909 4802 2012 4873; x_wconf 79' lang='grc' dir='ltr'>τὴν</span> 
     </span>
    </p>
   </div>
   <div class='ocr_carea' id='block_1_77' title="bbox 427 4892 2012 4970">
    <p class='ocr_par' dir='ltr' id='par_1_77' title="bbox 427 4892 2012 4970">
     <span class='ocr_line' id='line_1_77' title="bbox 427 4892 2012 4970; baseline -0.003 -18"><span class='ocrx_word' id='word_1_542' title='bbox 427 4899 625 4970; x_wconf 66' lang='grc' dir='ltr'>ψυχὴν,</span> <span class='ocrx_word' id='word_1_543' title='bbox 662 4896 801 4953; x_wconf 80' lang='grc' dir='ltr'>ἀλλὰ</span> <span class='ocrx_word' id='word_1_544' title='bbox 827 4896 880 4952; x_wconf 78' lang='grc' dir='ltr'>τι</span> <span class='ocrx_word' id='word_1_545' title='bbox 926 4897 993 4955; x_wconf 78' lang='grc' dir='ltr'>ἄν</span> <span class='ocrx_word' id='word_1_546' title='bbox 1016 4913 1101 4960; x_wconf 87' lang='grc' dir='ltr'><strong>τις</strong></span> <span class='ocrx_word' id='word_1_547' title='bbox 1132 4896 1279 4950; x_wconf 76' lang='grc' dir='ltr'><strong>εἴποι</strong></span> <span class='ocrx_word' id='word_1_548' title='bbox 1307 4893 1441 4966; x_wconf 73' lang='grc' dir='ltr'>περὶ</span> <span class='ocrx_word' id='word_1_549' title='bbox 1482 4893 1593 4948; x_wconf 82' lang='grc' dir='ltr'>τῶν</span> <span class='ocrx_word' id='word_1_550' title='bbox 1644 4892 2012 4966; x_wconf 81' lang='grc' dir='ltr'>πεφυρμένων</span> 
     </span>
    </p>
   </div>
   <div class='ocr_carea' id='block_1_78' title="bbox 420 4985 2011 5064">
    <p class='ocr_par' dir='ltr' id='par_1_78' title="bbox 420 4985 2011 5064">
     <span class='ocr_line' id='line_1_78' title="bbox 420 4985 2011 5064; baseline -0.006 -15"><span class='ocrx_word' id='word_1_551' title='bbox 420 4994 519 5049; x_wconf 75' lang='grc' dir='ltr'>τοῦ</span> <span class='ocrx_word' id='word_1_552' title='bbox 553 4992 676 5064; x_wconf 74' lang='grc' dir='ltr'>βίου</span> <span class='ocrx_word' id='word_1_553' title='bbox 699 4991 1069 5063; x_wconf 75' lang='grc' dir='ltr'>πραγμάτων,</span> <span class='ocrx_word' id='word_1_554' title='bbox 1094 4989 1233 5054; x_wconf 78' lang='grc' dir='ltr'>πλὴν</span> <span class='ocrx_word' id='word_1_555' title='bbox 1265 4988 1319 5043; x_wconf 73' lang='lat' dir='ltr'><strong>ei</strong></span> <span class='ocrx_word' id='word_1_556' title='bbox 1337 5005 1392 5041; x_wconf 90' lang='grc' dir='ltr'>τι</span> <span class='ocrx_word' id='word_1_557' title='bbox 1418 4987 1502 5043; x_wconf 86' lang='grc' dir='ltr'>δεῖ</span> <span class='ocrx_word' id='word_1_558' title='bbox 1524 4985 1662 5058; x_wconf 80' lang='grc' dir='ltr'>πρὸς</span> <span class='ocrx_word' id='word_1_559' title='bbox 1696 4986 2011 5059; x_wconf 82' lang='grc' dir='ltr'>κρείττονας</span> 
     </span>
    </p>
   </div>
   <div class='ocr_carea' id='block_1_79' title="bbox 417 5080 2009 5159">
    <p class='ocr_par' dir='ltr' id='par_1_79' title="bbox 417 5080 2009 5159">
     <span class='ocr_line' id='line_1_79' title="bbox 417 5080 2009 5159; baseline -0.005 -17"><span class='ocrx_word' id='word_1_560' title='bbox 417 5089 561 5159; x_wconf 77' lang='grc' dir='ltr'>όρᾷν</span> <span class='ocrx_word' id='word_1_561' title='bbox 610 5086 869 5152; x_wconf 48' lang='lat' dir='ltr'><strong>ﬁniti“;</strong></span> <span class='ocrx_word' id='word_1_562' title='bbox 911 5085 1122 5139; x_wconf 84' lang='grc' dir='ltr'><strong>Ἐκεῖνο</strong></span> <span class='ocrx_word' id='word_1_563' title='bbox 1171 5081 1491 5153; x_wconf 69' lang='grc' dir='ltr'>ἐλπίζομεν,</span> <span class='ocrx_word' id='word_1_564' title='bbox 1549 5081 1631 5136; x_wconf 83' lang='grc' dir='ltr'><strong>ὅτι</strong></span> <span class='ocrx_word' id='word_1_565' title='bbox 1706 5080 1803 5136; x_wconf 76' lang='grc' dir='ltr'>καὶ</span> <span class='ocrx_word' id='word_1_566' title='bbox 1858 5081 1892 5153; x_wconf 75' lang='grc' dir='ltr'><strong>η</strong></span> <span class='ocrx_word' id='word_1_567' title='bbox 1941 5080 2009 5153; x_wconf 85' lang='grc' dir='ltr'><strong>σὴ</strong></span> 
     </span>
    </p>
   </div>
   <div class='ocr_carea' id='block_1_80' title="bbox 418 5174 2010 5251">
    <p class='ocr_par' dir='ltr' id='par_1_80' title="bbox 418 5174 2010 5251">
     <span class='ocr_line' id='line_1_80' title="bbox 418 5174 2010 5251; baseline -0.003 -17"><span class='ocrx_word' id='word_1_568' title='bbox 418 5180 600 5251; x_wconf 73' lang='grc' dir='ltr'>ἀρετὴ</span> <span class='ocrx_word' id='word_1_569' title='bbox 618 5179 721 5251; x_wconf 83' lang='grc' dir='ltr'><strong>τῆς</strong></span> <span class='ocrx_word' id='word_1_570' title='bbox 745 5178 1107 5249; x_wconf 74' lang='grc' dir='ltr'>ὀφειλομένης</span> <span class='ocrx_word' id='word_1_571' title='bbox 1148 5177 1288 5246; x_wconf 77' lang='grc' dir='ltr'>αὐτῇ</span> <span class='ocrx_word' id='word_1_572' title='bbox 1325 5174 1544 5247; x_wconf 78' lang='grc' dir='ltr'><strong>μεθέξει</strong></span> <span class='ocrx_word' id='word_1_573' title='bbox 1599 5175 1790 5245; x_wconf 84' lang='grc' dir='ltr'>τιμῆς.</span> <span class='ocrx_word' id='word_1_574' title='bbox 1848 5174 2010 5230; x_wconf 84' lang='grc' dir='ltr'><strong>Ἀλλά</strong></span> 
     </span>
    </p>
   </div>
   <div class='ocr_carea' id='block_1_81' title="bbox 420 5266 2008 5343">
    <p class='ocr_par' dir='ltr' id='par_1_81' title="bbox 420 5266 2008 5343">
     <span class='ocr_line' id='line_1_81' title="bbox 420 5266 2008 5343; baseline -0.003 -16"><span class='ocrx_word' id='word_1_575' title='bbox 420 5270 596 5329; x_wconf 78' lang='grc' dir='ltr'>ταῦτα</span> <span class='ocrx_word' id='word_1_576' title='bbox 633 5272 736 5343; x_wconf 85' lang='grc' dir='ltr'>μὲν</span> <span class='ocrx_word' id='word_1_577' title='bbox 768 5271 901 5343; x_wconf 81' lang='grc' dir='ltr'>περὶ</span> <span class='ocrx_word' id='word_1_578' title='bbox 917 5269 1148 5324; x_wconf 86' lang='grc' dir='ltr'>τούτων.</span> <span class='ocrx_word' id='word_1_579' title='bbox 1187 5270 1256 5323; x_wconf 81' lang='grc' dir='ltr'><strong>’Δ</strong></span> <span class='ocrx_word' id='word_1_580' title='bbox 1284 5269 1340 5322; x_wconf 76' lang='grc' dir='ltr'>δὲ</span> <span class='ocrx_word' id='word_1_581' title='bbox 1369 5267 1699 5333; x_wconf 76' lang='grc' dir='ltr'>ἀπέστειλας</span> <span class='ocrx_word' id='word_1_582' title='bbox 1716 5268 1851 5339; x_wconf 75' lang='grc' dir='ltr'>ημῖν</span> <span class='ocrx_word' id='word_1_583' title='bbox 1878 5266 2008 5340; x_wconf 80' lang='grc' dir='ltr'>περὶ</span> 
     </span>
    </p>
   </div>
   <div class='ocr_carea' id='block_1_82' title="bbox 418 5355 2005 5432">
    <p class='ocr_par' dir='ltr' id='par_1_82' title="bbox 418 5355 2005 5432">
     <span class='ocr_line' id='line_1_82' title="bbox 418 5355 2005 5432; baseline -0.004 -13"><span class='ocrx_word' id='word_1_584' title='bbox 418 5364 534 5419; x_wconf 81' lang='grc' dir='ltr'><strong>τῶν</strong></span> <span class='ocrx_word' id='word_1_585' title='bbox 561 5365 645 5429; x_wconf 80' lang='grc' dir='ltr'><strong>εις</strong></span> <span class='ocrx_word' id='word_1_586' title='bbox 690 5363 948 5432; x_wconf 79' lang='grc' dir='ltr'><strong>ἐξέτασιν</strong></span> <span class='ocrx_word' id='word_1_587' title='bbox 994 5359 1416 5430; x_wconf 78' lang='grc' dir='ltr'>ὑποϐληθέντων</span> <span class='ocrx_word' id='word_1_588' title='bbox 1450 5358 1777 5431; x_wconf 80' lang='grc' dir='ltr'>ἀνθρώπων,</span> <span class='ocrx_word' id='word_1_589' title='bbox 1813 5360 1897 5430; x_wconf 78' lang='grc' dir='ltr'><strong>ἐφ’</strong></span> <span class='ocrx_word' id='word_1_590' title='bbox 1924 5355 2005 5423; x_wconf 76' lang='grc' dir='ltr'><strong>οἷς</strong></span> 
     </span>
    </p>
   </div>
   <div class='ocr_carea' id='block_1_83' title="bbox 420 5451 2006 5529">
    <p class='ocr_par' dir='ltr' id='par_1_83' title="bbox 420 5451 2006 5529">
     <span class='ocr_line' id='line_1_83' title="bbox 420 5451 2006 5529; baseline -0.004 -17"><span class='ocrx_word' id='word_1_591' title='bbox 420 5457 604 5523; x_wconf 76' lang='grc' dir='ltr'>κακῶς</span> <span class='ocrx_word' id='word_1_592' title='bbox 626 5455 1020 5529; x_wconf 78' lang='grc' dir='ltr'><strong>διεπράξαντο,</strong></span> <span class='ocrx_word' id='word_1_593' title='bbox 1049 5451 1226 5507; x_wconf 83' lang='grc' dir='ltr'>ταῦτα</span> <span class='ocrx_word' id='word_1_594' title='bbox 1262 5452 1399 5525; x_wconf 81' lang='grc' dir='ltr'>πρὸς</span> <span class='ocrx_word' id='word_1_595' title='bbox 1428 5453 1528 5524; x_wconf 76' lang='grc' dir='ltr'>τὴν</span> <span class='ocrx_word' id='word_1_596' title='bbox 1563 5451 1850 5524; x_wconf 80' lang='grc' dir='ltr'>βασιλικὴν</span> <span class='ocrx_word' id='word_1_597' title='bbox 1882 5451 2006 5505; x_wconf 79' lang='grc' dir='ltr'><strong>ἐπί-</strong></span> 
     </span>
    </p>
   </div>
   <div class='ocr_carea' id='block_1_84' title="bbox 419 5540 2003 5623">
    <p class='ocr_par' dir='ltr' id='par_1_84' title="bbox 419 5540 2003 5623">
     <span class='ocr_line' id='line_1_84' title="bbox 419 5540 2003 5623; baseline -0.004 -22"><span class='ocrx_word' id='word_1_598' title='bbox 419 5548 607 5621; x_wconf 79' lang='grc' dir='ltr'>σκεψιν</span> <span class='ocrx_word' id='word_1_599' title='bbox 662 5544 971 5623; x_wconf 73' lang='grc' dir='ltr'>προσῆλθε,</span> <span class='ocrx_word' id='word_1_600' title='bbox 1016 5544 1111 5596; x_wconf 76' lang='grc' dir='ltr'>καὶ</span> <span class='ocrx_word' id='word_1_601' title='bbox 1139 5540 1321 5606; x_wconf 83' lang='grc' dir='ltr'>καθὼς</span> <span class='ocrx_word' id='word_1_602' title='bbox 1381 5542 1760 5612; x_wconf 65' lang='grc' dir='ltr'>ὲπετκέῴαντο</span> <span class='ocrx_word' id='word_1_603' title='bbox 1817 5543 1885 5612; x_wconf 80' lang='grc' dir='ltr'><strong>τῇ</strong></span> <span class='ocrx_word' id='word_1_604' title='bbox 1935 5543 2003 5613; x_wconf 80' lang='grc' dir='ltr'>σῇ</span> 
     </span>
    </p>
   </div>
   <div class='ocr_carea' id='block_1_85' title="bbox 407 5633 2005 5717">
    <p class='ocr_par' dir='ltr' id='par_1_85' title="bbox 407 5633 2005 5717">
     <span class='ocr_line' id='line_1_85' title="bbox 407 5633 2005 5717; baseline -0.014 -16"><span class='ocrx_word' id='word_1_605' title='bbox 407 5643 682 5717; x_wconf 78' lang='grc' dir='ltr'>τιμιότητι</span> <span class='ocrx_word' id='word_1_606' title='bbox 727 5634 1164 5711; x_wconf 78' lang='grc' dir='ltr'>παρακέλευσιν</span> <span class='ocrx_word' id='word_1_607' title='bbox 1218 5633 1550 5705; x_wconf 80' lang='grc' dir='ltr'><strong>ἐποιήσαντο</strong></span> <span class='ocrx_word' id='word_1_608' title='bbox 1578 5674 1591 5696; x_wconf 87' lang='grc'><strong>,</strong></span> <span class='ocrx_word' id='word_1_609' title='bbox 1625 5635 1777 5696; x_wconf 83' lang='grc' dir='ltr'>ὅπως</span> <span class='ocrx_word' id='word_1_610' title='bbox 1820 5633 2005 5704; x_wconf 84' lang='grc' dir='ltr'>δεήσει</span> 
     </span>
    </p>
   </div>
   <div class='ocr_carea' id='block_1_86' title="bbox 394 5725 2004 5802">
    <p class='ocr_par' dir='ltr' id='par_1_86' title="bbox 394 5725 2004 5802">
     <span class='ocr_line' id='line_1_86' title="bbox 394 5725 2004 5802; baseline -0.003 -17"><span class='ocrx_word' id='word_1_611' title='bbox 394 5740 489 5796; x_wconf 63' lang='grc' dir='ltr'><strong>καὶ</strong></span> <span class='ocrx_word' id='word_1_612' title='bbox 534 5741 618 5797; x_wconf 69' lang='grc' dir='ltr'><strong>ἔτι</strong></span> <span class='ocrx_word' id='word_1_613' title='bbox 676 5736 751 5793; x_wconf 70' lang='grc' dir='ltr'><strong>τὰ</strong></span> <span class='ocrx_word' id='word_1_614' title='bbox 807 5726 1095 5802; x_wconf 71' lang='grc' dir='ltr'>περὶτῶν</span> <span class='ocrx_word' id='word_1_615' title='bbox 1161 5727 1413 5798; x_wconf 79' lang='grc' dir='ltr'>ἀφρόνων</span> <span class='ocrx_word' id='word_1_616' title='bbox 1474 5726 1699 5781; x_wconf 78' lang='grc' dir='ltr'><strong>ἐκείνων</strong></span> <span class='ocrx_word' id='word_1_617' title='bbox 1759 5725 2004 5800; x_wconf 80' lang='grc' dir='ltr'>μετιέναι</span> 
     </span>
    </p>
   </div>
   <div class='ocr_carea' id='block_1_87' title="bbox 2128 3147 3709 3238">
    <p class='ocr_par' dir='ltr' id='par_1_87' title="bbox 2128 3147 3709 3238">
     <span class='ocr_line' id='line_1_87' title="bbox 2128 3147 3709 3238; baseline 0.014 -35"><span class='ocrx_word' id='word_1_618' title='bbox 2128 3147 2261 3217; x_wconf 67' lang='lat' dir='ltr'><strong>Quae</strong></span> <span class='ocrx_word' id='word_1_619' title='bbox 2287 3156 2470 3204; x_wconf 88' lang='lat' dir='ltr'><strong>autem</strong></span> <span class='ocrx_word' id='word_1_620' title='bbox 2499 3149 2698 3207; x_wconf 84' lang='lat' dir='ltr'><strong>litterae</strong></span> <span class='ocrx_word' id='word_1_621' title='bbox 2731 3160 2841 3209; x_wconf 68' lang='lat' dir='ltr'><strong>tua:</strong></span> <span class='ocrx_word' id='word_1_622' title='bbox 2885 3155 2955 3211; x_wconf 82' lang='lat' dir='ltr'><strong>de</strong></span> <span class='ocrx_word' id='word_1_623' title='bbox 2997 3158 3325 3228; x_wconf 83' lang='lat' dir='ltr'><strong>loquacibus</strong></span> <span class='ocrx_word' id='word_1_624' title='bbox 3376 3180 3709 3238; x_wconf 85' lang='lat' dir='ltr'><strong>memorant,</strong></span> 
     </span>
    </p>
   </div>
   <div class='ocr_carea' id='block_1_88' title="bbox 2127 3239 3707 3325">
    <p class='ocr_par' dir='ltr' id='par_1_88' title="bbox 2127 3239 3707 3325">
     <span class='ocr_line' id='line_1_88' title="bbox 2127 3239 3707 3325; baseline 0.015 -33"><span class='ocrx_word' id='word_1_625' title='bbox 2127 3239 2258 3310; x_wconf 84' lang='lat' dir='ltr'><strong>quid</strong></span> <span class='ocrx_word' id='word_1_626' title='bbox 2292 3255 2434 3311; x_wconf 91' lang='lat' dir='ltr'><strong>opus</strong></span> <span class='ocrx_word' id='word_1_627' title='bbox 2479 3250 2564 3298; x_wconf 90' lang='lat' dir='ltr'><strong>est</strong></span> <span class='ocrx_word' id='word_1_628' title='bbox 2611 3252 2671 3298; x_wconf 91' lang='lat' dir='ltr'><strong>ut</strong></span> <span class='ocrx_word' id='word_1_629' title='bbox 2711 3246 2849 3300; x_wconf 88' lang='lat' dir='ltr'><strong>meis</strong></span> <span class='ocrx_word' id='word_1_630' title='bbox 2883 3249 3230 3308; x_wconf 87' lang='lat' dir='ltr'><strong>sermonibus</strong></span> <span class='ocrx_word' id='word_1_631' title='bbox 3260 3256 3589 3313; x_wconf 87' lang='lat' dir='ltr'><strong>contendam</strong></span> <span class='ocrx_word' id='word_1_632' title='bbox 3636 3270 3707 3325; x_wconf 87' lang='lat' dir='ltr'><strong>te,</strong></span> 
     </span>
    </p>
   </div>
   <div class='ocr_carea' id='block_1_89' title="bbox 2126 3331 3708 3419">
    <p class='ocr_par' dir='ltr' id='par_1_89' title="bbox 2126 3331 3708 3419">
     <span class='ocr_line' id='line_1_89' title="bbox 2126 3331 3708 3419; baseline 0.014 -32"><span class='ocrx_word' id='word_1_633' title='bbox 2126 3331 2219 3404; x_wconf 88' lang='lat' dir='ltr'><strong>qui</strong></span> <span class='ocrx_word' id='word_1_634' title='bbox 2250 3333 2345 3389; x_wconf 92' lang='lat' dir='ltr'><strong>Dei</strong></span> <span class='ocrx_word' id='word_1_635' title='bbox 2377 3335 2549 3406; x_wconf 82' lang='lat' dir='ltr'><strong>gratia</strong></span> <span class='ocrx_word' id='word_1_636' title='bbox 2580 3334 2893 3408; x_wconf 74' lang='lat' dir='ltr'><strong>intelligens</strong></span> <span class='ocrx_word' id='word_1_637' title='bbox 2918 3354 2999 3406; x_wconf 90' lang='lat' dir='ltr'><strong>es,</strong></span> <span class='ocrx_word' id='word_1_638' title='bbox 3024 3343 3091 3396; x_wconf 87' lang='lat' dir='ltr'><strong>ad</strong></span> <span class='ocrx_word' id='word_1_639' title='bbox 3118 3345 3369 3402; x_wconf 81' lang='lat' dir='ltr'><strong>notitiam</strong></span> <span class='ocrx_word' id='word_1_640' title='bbox 3405 3350 3708 3419; x_wconf 87' lang='lat' dir='ltr'><strong>perducere</strong></span> 
     </span>
    </p>
   </div>
   <div class='ocr_carea' id='block_1_90' title="bbox 2126 3420 3705 3500">
    <p class='ocr_par' dir='ltr' id='par_1_90' title="bbox 2126 3420 3705 3500">
     <span class='ocr_line' id='line_1_90' title="bbox 2126 3420 3705 3500; baseline 0.015 -23"><span class='ocrx_word' id='word_1_641' title='bbox 2126 3420 2440 3479; x_wconf 89' lang='lat' dir='ltr'><strong>istiusmodi</strong></span> <span class='ocrx_word' id='word_1_642' title='bbox 2490 3425 2774 3481; x_wconf 86' lang='lat' dir='ltr'><strong>hominum</strong></span> <span class='ocrx_word' id='word_1_643' title='bbox 2808 3427 3053 3487; x_wconf 89' lang='lat' dir='ltr'><strong>indolis?</strong></span> <span class='ocrx_word' id='word_1_644' title='bbox 3094 3431 3214 3492; x_wconf 89' lang='lat' dir='ltr'><strong>Scis</strong></span> <span class='ocrx_word' id='word_1_645' title='bbox 3246 3438 3392 3493; x_wconf 89' lang='lat' dir='ltr'><strong>enim</strong></span> <span class='ocrx_word' id='word_1_646' title='bbox 3424 3442 3557 3496; x_wconf 89' lang='lat' dir='ltr'><strong>nihil</strong></span> <span class='ocrx_word' id='word_1_647' title='bbox 3595 3456 3705 3500; x_wconf 89' lang='lat' dir='ltr'><strong>tam</strong></span> 
     </span>
    </p>
   </div>
   <div class='ocr_carea' id='block_1_91' title="bbox 2125 3513 3702 3592">
    <p class='ocr_par' dir='ltr' id='par_1_91' title="bbox 2125 3513 3702 3592">
     <span class='ocr_line' id='line_1_91' title="bbox 2125 3513 3702 3592; baseline 0.013 -24"><span class='ocrx_word' id='word_1_648' title='bbox 2125 3513 2441 3572; x_wconf 89' lang='lat' dir='ltr'><strong>hominibus</strong></span> <span class='ocrx_word' id='word_1_649' title='bbox 2491 3530 2661 3573; x_wconf 82' lang='lat' dir='ltr'><strong>suave</strong></span> <span class='ocrx_word' id='word_1_650' title='bbox 2710 3535 2875 3588; x_wconf 87' lang='lat' dir='ltr'><strong>quam</strong></span> <span class='ocrx_word' id='word_1_651' title='bbox 2925 3524 3163 3592; x_wconf 79' lang='lat' dir='ltr'><strong>proximi</strong></span> <span class='ocrx_word' id='word_1_652' title='bbox 3219 3537 3335 3584; x_wconf 87' lang='lat' dir='ltr'><strong>tum</strong></span> <span class='ocrx_word' id='word_1_653' title='bbox 3387 3540 3544 3589; x_wconf 91' lang='lat' dir='ltr'><strong>actus</strong></span> <span class='ocrx_word' id='word_1_654' title='bbox 3590 3547 3702 3592; x_wconf 89' lang='lat' dir='ltr'><strong>tum</strong></span> 
     </span>
    </p>
   </div>
   <div class='ocr_carea' id='block_1_92' title="bbox 2124 3608 3700 3698">
    <p class='ocr_par' dir='ltr' id='par_1_92' title="bbox 2124 3608 3700 3698">
     <span class='ocr_line' id='line_1_92' title="bbox 2124 3608 3700 3698; baseline 0.015 -39"><span class='ocrx_word' id='word_1_655' title='bbox 2124 3620 2431 3673; x_wconf 86' lang='lat' dir='ltr'><strong>sermones,</strong></span> <span class='ocrx_word' id='word_1_656' title='bbox 2472 3608 2889 3681; x_wconf 80' lang='lat' dir='ltr'><strong>qualescunque</strong></span> <span class='ocrx_word' id='word_1_657' title='bbox 2942 3613 3076 3682; x_wconf 86' lang='lat' dir='ltr'><strong>sint,</strong></span> <span class='ocrx_word' id='word_1_658' title='bbox 3135 3618 3399 3678; x_wconf 89' lang='lat' dir='ltr'><strong>lacerare.</strong></span> <span class='ocrx_word' id='word_1_659' title='bbox 3447 3623 3515 3679; x_wconf 79' lang='lat' dir='ltr'><strong>Et</strong></span> <span class='ocrx_word' id='word_1_660' title='bbox 3568 3630 3700 3698; x_wconf 86' lang='lat' dir='ltr'><strong>quid</strong></span> 
     </span>
    </p>
   </div>
   <div class='ocr_carea' id='block_1_93' title="bbox 2124 3697 3699 3778">
    <p class='ocr_par' dir='ltr' id='par_1_93' title="bbox 2124 3697 3699 3778">
     <span class='ocr_line' id='line_1_93' title="bbox 2124 3697 3699 3778; baseline 0.012 -25"><span class='ocrx_word' id='word_1_661' title='bbox 2124 3697 2346 3766; x_wconf 86' lang='lat' dir='ltr'><strong>mirum,</strong></span> <span class='ocrx_word' id='word_1_662' title='bbox 2374 3701 2419 3754; x_wconf 88' lang='lat' dir='ltr'><strong>si</strong></span> <span class='ocrx_word' id='word_1_663' title='bbox 2451 3709 2507 3756; x_wconf 85' lang='lat' dir='ltr'><strong>et</strong></span> <span class='ocrx_word' id='word_1_664' title='bbox 2531 3702 2691 3758; x_wconf 81' lang='lat' dir='ltr'><strong>nobis</strong></span> <span class='ocrx_word' id='word_1_665' title='bbox 2715 3705 2992 3778; x_wconf 77' lang='lat' dir='ltr'><strong>contingat</strong></span> <span class='ocrx_word' id='word_1_666' title='bbox 3017 3707 3173 3778; x_wconf 80' lang='lat' dir='ltr'><strong>juxta</strong></span> <span class='ocrx_word' id='word_1_667' title='bbox 3200 3712 3348 3768; x_wconf 91' lang='lat' dir='ltr'><strong>hunc</strong></span> <span class='ocrx_word' id='word_1_668' title='bbox 3396 3716 3699 3772; x_wconf 87' lang='lat' dir='ltr'><strong>humanum</strong></span> 
     </span>
    </p>
   </div>
   <div class='ocr_carea' id='block_1_94' title="bbox 2123 3790 3697 3870">
    <p class='ocr_par' dir='ltr' id='par_1_94' title="bbox 2123 3790 3697 3870">
     <span class='ocr_line' id='line_1_94' title="bbox 2123 3790 3697 3870; baseline 0.013 -28"><span class='ocrx_word' id='word_1_669' title='bbox 2123 3803 2333 3844; x_wconf 87' lang='lat' dir='ltr'><strong>morem</strong></span> <span class='ocrx_word' id='word_1_670' title='bbox 2367 3790 2664 3848; x_wconf 84' lang='lat' dir='ltr'><strong>maledici?</strong></span> <span class='ocrx_word' id='word_1_671' title='bbox 2706 3791 2910 3850; x_wconf 88' lang='lat' dir='ltr'><strong>Omitte</strong></span> <span class='ocrx_word' id='word_1_672' title='bbox 2946 3798 3115 3868; x_wconf 79' lang='lat' dir='ltr'><strong>igitur</strong></span> <span class='ocrx_word' id='word_1_673' title='bbox 3140 3802 3458 3870; x_wconf 85' lang='lat' dir='ltr'><strong>maledicos,</strong></span> <span class='ocrx_word' id='word_1_674' title='bbox 3492 3808 3565 3861; x_wconf 86' lang='lat' dir='ltr'><strong>mi</strong></span> <span class='ocrx_word' id='word_1_675' title='bbox 3602 3809 3697 3863; x_wconf 78' lang='lat' dir='ltr'><strong>illi.</strong></span> 
     </span>
    </p>
   </div>
   <div class='ocr_carea' id='block_1_95' title="bbox 2123 3876 3698 3972">
    <p class='ocr_par' dir='ltr' id='par_1_95' title="bbox 2123 3876 3698 3972">
     <span class='ocr_line' id='line_1_95' title="bbox 2123 3876 3698 3972; baseline 0.016 -39"><span class='ocrx_word' id='word_1_676' title='bbox 2123 3876 2204 3935; x_wconf 89' lang='lat' dir='ltr'><strong>Tu</strong></span> <span class='ocrx_word' id='word_1_677' title='bbox 2237 3896 2367 3936; x_wconf 80' lang='lat' dir='ltr'><strong>vero</strong></span> <span class='ocrx_word' id='word_1_678' title='bbox 2404 3882 2562 3941; x_wconf 61' lang='lat' dir='ltr'><strong>bona:</strong></span> <span class='ocrx_word' id='word_1_679' title='bbox 2585 3887 2936 3943; x_wconf 79' lang='lat' dir='ltr'><strong>conscientiae</strong></span> <span class='ocrx_word' id='word_1_680' title='bbox 2966 3891 3204 3959; x_wconf 81' lang='lat' dir='ltr'><strong>adhaere,</strong></span> <span class='ocrx_word' id='word_1_681' title='bbox 3238 3908 3402 3964; x_wconf 88' lang='lat' dir='ltr'><strong>quam</strong></span> <span class='ocrx_word' id='word_1_682' title='bbox 3445 3896 3574 3966; x_wconf 88' lang='lat' dir='ltr'><strong>Deo,</strong></span> <span class='ocrx_word' id='word_1_683' title='bbox 3605 3905 3698 3972; x_wconf 91' lang='lat' dir='ltr'><strong>qui</strong></span> 
     </span>
    </p>
   </div>
   <div class='ocr_carea' id='block_1_96' title="bbox 2122 3981 3700 4059">
    <p class='ocr_par' dir='ltr' id='par_1_96' title="bbox 2122 3981 3700 4059">
     <span class='ocr_line' id='line_1_96' title="bbox 2122 3981 3700 4059; baseline 0.015 -33"><span class='ocrx_word' id='word_1_684' title='bbox 2122 3987 2230 4026; x_wconf 83' lang='lat' dir='ltr'><strong>non</strong></span> <span class='ocrx_word' id='word_1_685' title='bbox 2262 3981 2347 4028; x_wconf 88' lang='lat' dir='ltr'><strong>est</strong></span> <span class='ocrx_word' id='word_1_686' title='bbox 2383 3989 2747 4043; x_wconf 72' lang='lat' dir='ltr'><strong>personarum</strong></span> <span class='ocrx_word' id='word_1_687' title='bbox 2785 3989 3041 4052; x_wconf 86' lang='lat' dir='ltr'><strong>acceptor</strong></span> <span class='ocrx_word' id='word_1_688' title='bbox 3070 3984 3264 4054; x_wconf 82' lang='lat' dir='ltr'><strong>judex,</strong></span> <span class='ocrx_word' id='word_1_689' title='bbox 3300 3988 3700 4059; x_wconf 87' lang='lat' dir='ltr'><strong>irreprehensi-</strong></span> 
     </span>
    </p>
   </div>
   <div class='ocr_carea' id='block_1_97' title="bbox 2118 4062 3698 4151">
    <p class='ocr_par' dir='ltr' id='par_1_97' title="bbox 2118 4062 3698 4151">
     <span class='ocr_line' id='line_1_97' title="bbox 2118 4062 3698 4151; baseline 0.015 -34"><span class='ocrx_word' id='word_1_690' title='bbox 2118 4062 2283 4119; x_wconf 86' lang='lat' dir='ltr'><strong>bilem</strong></span> <span class='ocrx_word' id='word_1_691' title='bbox 2337 4066 2583 4137; x_wconf 82' lang='lat' dir='ltr'><strong>praebere</strong></span> <span class='ocrx_word' id='word_1_692' title='bbox 2639 4074 2863 4139; x_wconf 85' lang='lat' dir='ltr'><strong>studes;</strong></span> <span class='ocrx_word' id='word_1_693' title='bbox 2912 4075 3207 4144; x_wconf 89' lang='lat' dir='ltr'><strong>quoniam,</strong></span> <span class='ocrx_word' id='word_1_694' title='bbox 3263 4094 3390 4151; x_wconf 83' lang='lat' dir='ltr'><strong>erga</strong></span> <span class='ocrx_word' id='word_1_695' title='bbox 3449 4082 3698 4141; x_wconf 88' lang='lat' dir='ltr'><strong>homines</strong></span> 
     </span>
    </p>
   </div>
   <div class='ocr_carea' id='block_1_98' title="bbox 2121 4159 3693 4232">
    <p class='ocr_par' dir='ltr' id='par_1_98' title="bbox 2121 4159 3693 4232">
     <span class='ocr_line' id='line_1_98' title="bbox 2121 4159 3693 4232; baseline 0.015 -23"><span class='ocrx_word' id='word_1_696' title='bbox 2121 4171 2282 4211; x_wconf 91' lang='lat' dir='ltr'><strong>nemo</strong></span> <span class='ocrx_word' id='word_1_697' title='bbox 2317 4168 2402 4214; x_wconf 88' lang='lat' dir='ltr'><strong>est</strong></span> <span class='ocrx_word' id='word_1_698' title='bbox 2435 4159 2508 4214; x_wconf 91' lang='lat' dir='ltr'><strong>ita</strong></span> <span class='ocrx_word' id='word_1_699' title='bbox 2544 4170 2690 4216; x_wconf 76' lang='lat' dir='ltr'><strong>recta</strong></span> <span class='ocrx_word' id='word_1_700' title='bbox 2736 4164 3074 4221; x_wconf 88' lang='lat' dir='ltr'><strong>conscientia</strong></span> <span class='ocrx_word' id='word_1_701' title='bbox 3122 4171 3370 4228; x_wconf 89' lang='lat' dir='ltr'><strong>munitus</strong></span> <span class='ocrx_word' id='word_1_702' title='bbox 3400 4181 3456 4227; x_wconf 87' lang='lat' dir='ltr'><strong>ut</strong></span> <span class='ocrx_word' id='word_1_703' title='bbox 3483 4173 3537 4228; x_wconf 92' lang='lat' dir='ltr'><strong>in</strong></span> <span class='ocrx_word' id='word_1_704' title='bbox 3568 4191 3693 4232; x_wconf 90' lang='lat' dir='ltr'><strong>eum</strong></span> 
     </span>
    </p>
   </div>
   <div class='ocr_carea' id='block_1_99' title="bbox 2121 4248 3693 4330">
    <p class='ocr_par' dir='ltr' id='par_1_99' title="bbox 2121 4248 3693 4330">
     <span class='ocr_line' id='line_1_99' title="bbox 2121 4248 3693 4330; baseline 0.014 -28"><span class='ocrx_word' id='word_1_705' title='bbox 2121 4248 2267 4302; x_wconf 88' lang='lat' dir='ltr'><strong>nulla</strong></span> <span class='ocrx_word' id='word_1_706' title='bbox 2290 4252 2516 4305; x_wconf 91' lang='lat' dir='ltr'><strong>omnino</strong></span> <span class='ocrx_word' id='word_1_707' title='bbox 2541 4255 2895 4323; x_wconf 87' lang='lat' dir='ltr'><strong>reprehensio</strong></span> <span class='ocrx_word' id='word_1_708' title='bbox 2928 4258 3241 4330; x_wconf 88' lang='lat' dir='ltr'><strong>objiciatur.</strong></span> <span class='ocrx_word' id='word_1_709' title='bbox 3263 4262 3482 4321; x_wconf 88' lang='lat' dir='ltr'><strong>Scimus</strong></span> <span class='ocrx_word' id='word_1_710' title='bbox 3511 4277 3693 4324; x_wconf 91' lang='lat' dir='ltr'><strong>autem</strong></span> 
     </span>
    </p>
   </div>
   <div class='ocr_carea' id='block_1_100' title="bbox 2119 4341 3692 4426">
    <p class='ocr_par' dir='ltr' id='par_1_100' title="bbox 2119 4341 3692 4426">
     <span class='ocr_line' id='line_1_100' title="bbox 2119 4341 3692 4426; baseline 0.011 -35"><span class='ocrx_word' id='word_1_711' title='bbox 2119 4347 2172 4393; x_wconf 76' lang='lat' dir='ltr'><strong>et</strong></span> <span class='ocrx_word' id='word_1_712' title='bbox 2209 4354 2312 4394; x_wconf 89' lang='lat' dir='ltr'><strong>nos</strong></span> <span class='ocrx_word' id='word_1_713' title='bbox 2361 4349 2412 4394; x_wconf 89' lang='lat' dir='ltr'><strong>te</strong></span> <span class='ocrx_word' id='word_1_714' title='bbox 2459 4341 2679 4398; x_wconf 88' lang='lat' dir='ltr'><strong>labores</strong></span> <span class='ocrx_word' id='word_1_715' title='bbox 2716 4345 2954 4401; x_wconf 88' lang='lat' dir='ltr'><strong>subiisse</strong></span> <span class='ocrx_word' id='word_1_716' title='bbox 2999 4356 3052 4403; x_wconf 88' lang='lat' dir='ltr'><strong>et</strong></span> <span class='ocrx_word' id='word_1_717' title='bbox 3094 4364 3242 4405; x_wconf 90' lang='lat' dir='ltr'><strong>nunc</strong></span> <span class='ocrx_word' id='word_1_718' title='bbox 3292 4353 3564 4408; x_wconf 86' lang='lat' dir='ltr'><strong>sustinere</strong></span> <span class='ocrx_word' id='word_1_719' title='bbox 3600 4360 3692 4426; x_wconf 89' lang='lat' dir='ltr'><strong>qui</strong></span> 
     </span>
    </p>
   </div>
   <div class='ocr_carea' id='block_1_101' title="bbox 2115 4430 3690 4516">
    <p class='ocr_par' dir='ltr' id='par_1_101' title="bbox 2115 4430 3690 4516">
     <span class='ocr_line' id='line_1_101' title="bbox 2115 4430 3690 4516; baseline 0.013 -34"><span class='ocrx_word' id='word_1_720' title='bbox 2115 4430 2327 4485; x_wconf 90' lang='lat' dir='ltr'><strong>nullum</strong></span> <span class='ocrx_word' id='word_1_721' title='bbox 2364 4433 2459 4488; x_wconf 88' lang='lat' dir='ltr'><strong>tibi</strong></span> <span class='ocrx_word' id='word_1_722' title='bbox 2484 4434 2552 4489; x_wconf 89' lang='lat' dir='ltr'><strong>ab</strong></span> <span class='ocrx_word' id='word_1_723' title='bbox 2581 4434 2903 4493; x_wconf 87' lang='lat' dir='ltr'><strong>hominibus</strong></span> <span class='ocrx_word' id='word_1_724' title='bbox 2928 4439 3162 4495; x_wconf 70' lang='lat' dir='ltr'><strong>fructum</strong></span> <span class='ocrx_word' id='word_1_725' title='bbox 3195 4459 3690 4516; x_wconf 81' lang='lat' dir='ltr'><strong>comparaverunt:</strong></span> 
     </span>
    </p>
   </div>
   <div class='ocr_carea' id='block_1_102' title="bbox 2117 4522 3749 4605">
    <p class='ocr_par' dir='ltr' id='par_1_102' title="bbox 2117 4522 3749 4605">
     <span class='ocr_line' id='line_1_102' title="bbox 2117 4522 3749 4605; baseline 0.013 -29"><span class='ocrx_word' id='word_1_726' title='bbox 2117 4530 2171 4576; x_wconf 86' lang='lat' dir='ltr'><strong>et</strong></span> <span class='ocrx_word' id='word_1_727' title='bbox 2201 4522 2348 4579; x_wconf 89' lang='lat' dir='ltr'><strong>Deus</strong></span> <span class='ocrx_word' id='word_1_728' title='bbox 2378 4525 2496 4595; x_wconf 90' lang='lat' dir='ltr'><strong>ipse</strong></span> <span class='ocrx_word' id='word_1_729' title='bbox 2541 4527 2699 4584; x_wconf 88' lang='lat' dir='ltr'><strong>testis</strong></span> <span class='ocrx_word' id='word_1_730' title='bbox 2741 4531 2834 4600; x_wconf 86' lang='lat' dir='ltr'><strong>qui</strong></span> <span class='ocrx_word' id='word_1_731' title='bbox 2879 4533 3043 4587; x_wconf 90' lang='lat' dir='ltr'><strong>corda</strong></span> <span class='ocrx_word' id='word_1_732' title='bbox 3092 4533 3334 4605; x_wconf 85' lang='lat' dir='ltr'><strong>inspicit.</strong></span> <span class='ocrx_word' id='word_1_733' title='bbox 3384 4538 3584 4594; x_wconf 82' lang='lat' dir='ltr'><strong>Animo</strong></span> <span class='ocrx_word' id='word_1_734' title='bbox 3629 4540 3696 4597; x_wconf 81' lang='lat' dir='ltr'><strong>de</strong></span> <span class='ocrx_word' id='word_1_735' title='bbox 3732 4552 3749 4567; x_wconf 87' lang='lat'><strong>&#39;</strong></span> 
     </span>
    </p>
   </div>
   <div class='ocr_carea' id='block_1_103' title="bbox 2116 4613 3695 4694">
    <p class='ocr_par' dir='ltr' id='par_1_103' title="bbox 2116 4613 3695 4694">
     <span class='ocr_line' id='line_1_103' title="bbox 2116 4613 3695 4694; baseline 0.013 -28"><span class='ocrx_word' id='word_1_736' title='bbox 2116 4613 2222 4668; x_wconf 87' lang='lat' dir='ltr'><strong>hoc</strong></span> <span class='ocrx_word' id='word_1_737' title='bbox 2253 4613 2503 4672; x_wconf 88' lang='lat' dir='ltr'><strong>dolemus</strong></span> <span class='ocrx_word' id='word_1_738' title='bbox 2535 4633 2548 4671; x_wconf 90' lang='lat'><strong>:</strong></span> <span class='ocrx_word' id='word_1_739' title='bbox 2581 4620 2674 4674; x_wconf 91' lang='lat' dir='ltr'><strong>sed</strong></span> <span class='ocrx_word' id='word_1_740' title='bbox 2710 4619 2841 4689; x_wconf 90' lang='lat' dir='ltr'><strong>quid</strong></span> <span class='ocrx_word' id='word_1_741' title='bbox 2871 4622 2978 4677; x_wconf 91' lang='lat' dir='ltr'><strong>dici</strong></span> <span class='ocrx_word' id='word_1_742' title='bbox 3009 4634 3193 4694; x_wconf 88' lang='lat' dir='ltr'><strong>potest</strong></span> <span class='ocrx_word' id='word_1_743' title='bbox 3215 4628 3283 4682; x_wconf 90' lang='lat' dir='ltr'><strong>de</strong></span> <span class='ocrx_word' id='word_1_744' title='bbox 3315 4630 3547 4686; x_wconf 80' lang='lat' dir='ltr'><strong>turbatis</strong></span> <span class='ocrx_word' id='word_1_745' title='bbox 3573 4632 3695 4687; x_wconf 66' lang='lat' dir='ltr'><strong>vitae</strong></span> 
     </span>
    </p>
   </div>
   <div class='ocr_carea' id='block_1_104' title="bbox 2116 4705 3690 4777">
    <p class='ocr_par' dir='ltr' id='par_1_104' title="bbox 2116 4705 3690 4777">
     <span class='ocr_line' id='line_1_104' title="bbox 2116 4705 3690 4777; baseline 0.012 -19"><span class='ocrx_word' id='word_1_746' title='bbox 2116 4705 2304 4771; x_wconf 85' lang='lat' dir='ltr'><strong>rebus,</strong></span> <span class='ocrx_word' id='word_1_747' title='bbox 2354 4708 2463 4763; x_wconf 87' lang='lat' dir='ltr'><strong>nisi</strong></span> <span class='ocrx_word' id='word_1_748' title='bbox 2513 4708 2908 4767; x_wconf 90' lang='lat' dir='ltr'><strong>intendendum</strong></span> <span class='ocrx_word' id='word_1_749' title='bbox 2953 4730 3077 4770; x_wconf 88' lang='lat' dir='ltr'><strong>esse</strong></span> <span class='ocrx_word' id='word_1_750' title='bbox 3118 4716 3185 4771; x_wconf 93' lang='lat' dir='ltr'><strong>ad</strong></span> <span class='ocrx_word' id='word_1_751' title='bbox 3238 4720 3504 4774; x_wconf 78' lang='lat' dir='ltr'><strong>meliora?</strong></span> <span class='ocrx_word' id='word_1_752' title='bbox 3548 4720 3690 4777; x_wconf 86' lang='lat' dir='ltr'><strong>Illud</strong></span> 
     </span>
    </p>
   </div>
   <div class='ocr_carea' id='block_1_105' title="bbox 2115 4803 3695 4881">
    <p class='ocr_par' dir='ltr' id='par_1_105' title="bbox 2115 4803 3695 4881">
     <span class='ocr_line' id='line_1_105' title="bbox 2115 4803 3695 4881; baseline 0.011 -29"><span class='ocrx_word' id='word_1_753' title='bbox 2115 4812 2404 4868; x_wconf 82' lang='lat' dir='ltr'><strong>speramus</strong></span> <span class='ocrx_word' id='word_1_754' title='bbox 2448 4809 2599 4856; x_wconf 90' lang='lat' dir='ltr'><strong>tuam</strong></span> <span class='ocrx_word' id='word_1_755' title='bbox 2647 4803 2909 4861; x_wconf 82' lang='lat' dir='ltr'><strong>virtutem</strong></span> <span class='ocrx_word' id='word_1_756' title='bbox 2950 4806 3147 4863; x_wconf 73' lang='lat' dir='ltr'><strong>debita:</strong></span> <span class='ocrx_word' id='word_1_757' title='bbox 3190 4808 3292 4880; x_wconf 79' lang='lat' dir='ltr'><strong>ipsi</strong></span> <span class='ocrx_word' id='word_1_758' title='bbox 3323 4810 3510 4881; x_wconf 79' lang='lat' dir='ltr'><strong>gloria:</strong></span> <span class='ocrx_word' id='word_1_759' title='bbox 3542 4828 3695 4869; x_wconf 79' lang='lat' dir='ltr'><strong>corn-</strong></span> 
     </span>
    </p>
   </div>
   <div class='ocr_carea' id='block_1_106' title="bbox 2112 4894 3691 4971">
    <p class='ocr_par' dir='ltr' id='par_1_106' title="bbox 2112 4894 3691 4971">
     <span class='ocr_line' id='line_1_106' title="bbox 2112 4894 3691 4971; baseline 0.009 -23"><span class='ocrx_word' id='word_1_760' title='bbox 2112 4903 2293 4964; x_wconf 87' lang='lat' dir='ltr'><strong>potem</strong></span> <span class='ocrx_word' id='word_1_761' title='bbox 2332 4894 2472 4952; x_wconf 82' lang='lat' dir='ltr'><strong>fore.</strong></span> <span class='ocrx_word' id='word_1_762' title='bbox 2522 4894 2630 4953; x_wconf 86' lang='lat' dir='ltr'><strong>Sed</strong></span> <span class='ocrx_word' id='word_1_763' title='bbox 2676 4899 2792 4955; x_wconf 64' lang='lat' dir='ltr'><strong>haec</strong></span> <span class='ocrx_word' id='word_1_764' title='bbox 2838 4901 2908 4955; x_wconf 90' lang='lat' dir='ltr'><strong>de</strong></span> <span class='ocrx_word' id='word_1_765' title='bbox 2952 4901 3075 4958; x_wconf 87' lang='lat' dir='ltr'><strong>istis</strong></span> <span class='ocrx_word' id='word_1_766' title='bbox 3115 4903 3303 4960; x_wconf 82' lang='lat' dir='ltr'><strong>rebus.</strong></span> <span class='ocrx_word' id='word_1_767' title='bbox 3341 4903 3475 4971; x_wconf 70' lang='lat' dir='ltr'><strong>Quae</strong></span> <span class='ocrx_word' id='word_1_768' title='bbox 3509 4914 3691 4963; x_wconf 81' lang='lat' dir='ltr'><strong>autem</strong></span> 
     </span>
    </p>
   </div>
   <div class='ocr_carea' id='block_1_107' title="bbox 2113 4985 3693 5070">
    <p class='ocr_par' dir='ltr' id='par_1_107' title="bbox 2113 4985 3693 5070">
     <span class='ocr_line' id='line_1_107' title="bbox 2113 4985 3693 5070; baseline 0.009 -30"><span class='ocrx_word' id='word_1_769' title='bbox 2113 4985 2272 5041; x_wconf 89' lang='lat' dir='ltr'><strong>nobis</strong></span> <span class='ocrx_word' id='word_1_770' title='bbox 2300 4986 2573 5057; x_wconf 89' lang='lat' dir='ltr'><strong>scripsisti</strong></span> <span class='ocrx_word' id='word_1_771' title='bbox 2625 4990 2691 5043; x_wconf 89' lang='lat' dir='ltr'><strong>de</strong></span> <span class='ocrx_word' id='word_1_772' title='bbox 2748 4988 3063 5048; x_wconf 86' lang='lat' dir='ltr'><strong>hominibus</strong></span> <span class='ocrx_word' id='word_1_773' title='bbox 3096 4995 3188 5065; x_wconf 92' lang='lat' dir='ltr'><strong>qui</strong></span> <span class='ocrx_word' id='word_1_774' title='bbox 3221 4996 3462 5051; x_wconf 82' lang='lat' dir='ltr'><strong>examini</strong></span> <span class='ocrx_word' id='word_1_775' title='bbox 3502 4998 3693 5070; x_wconf 85' lang='lat' dir='ltr'><strong>subje—</strong></span> 
     </span>
    </p>
   </div>
   <div class='ocr_carea' id='block_1_108' title="bbox 2112 5080 3696 5159">
    <p class='ocr_par' dir='ltr' id='par_1_108' title="bbox 2112 5080 3696 5159">
     <span class='ocr_line' id='line_1_108' title="bbox 2112 5080 3696 5159; baseline 0.008 -24"><span class='ocrx_word' id='word_1_776' title='bbox 2112 5080 2185 5135; x_wconf 91' lang='lat' dir='ltr'><strong>cti</strong></span> <span class='ocrx_word' id='word_1_777' title='bbox 2221 5089 2371 5148; x_wconf 84' lang='lat' dir='ltr'><strong>sunt,</strong></span> <span class='ocrx_word' id='word_1_778' title='bbox 2410 5081 2481 5137; x_wconf 90' lang='lat' dir='ltr'><strong>ob</strong></span> <span class='ocrx_word' id='word_1_779' title='bbox 2520 5081 2858 5147; x_wconf 78' lang='lat' dir='ltr'><strong>malefacta,</strong></span> <span class='ocrx_word' id='word_1_780' title='bbox 2890 5083 3006 5141; x_wconf 85' lang='lat' dir='ltr'><strong>haec</strong></span> <span class='ocrx_word' id='word_1_781' title='bbox 3037 5086 3106 5141; x_wconf 91' lang='lat' dir='ltr'><strong>ad</strong></span> <span class='ocrx_word' id='word_1_782' title='bbox 3143 5087 3557 5159; x_wconf 88' lang='lat' dir='ltr'><strong>imperatoriam</strong></span> <span class='ocrx_word' id='word_1_783' title='bbox 3605 5094 3696 5148; x_wconf 89' lang='lat' dir='ltr'><strong>in-</strong></span> 
     </span>
    </p>
   </div>
   <div class='ocr_carea' id='block_1_109' title="bbox 2111 5171 3692 5255">
    <p class='ocr_par' dir='ltr' id='par_1_109' title="bbox 2111 5171 3692 5255">
     <span class='ocr_line' id='line_1_109' title="bbox 2111 5171 3692 5255; baseline 0.008 -30"><span class='ocrx_word' id='word_1_784' title='bbox 2111 5171 2445 5242; x_wconf 83' lang='lat' dir='ltr'><strong>spectiouem</strong></span> <span class='ocrx_word' id='word_1_785' title='bbox 2489 5183 2781 5239; x_wconf 82' lang='lat' dir='ltr'><strong>venerunt,</strong></span> <span class='ocrx_word' id='word_1_786' title='bbox 2823 5186 2877 5232; x_wconf 89' lang='lat' dir='ltr'><strong>et</strong></span> <span class='ocrx_word' id='word_1_787' title='bbox 2902 5176 3060 5248; x_wconf 80' lang='lat' dir='ltr'><strong>juxta</strong></span> <span class='ocrx_word' id='word_1_788' title='bbox 3092 5179 3235 5237; x_wconf 89' lang='lat' dir='ltr'><strong>hanc</strong></span> <span class='ocrx_word' id='word_1_789' title='bbox 3267 5181 3692 5255; x_wconf 86' lang='lat' dir='ltr'><strong>inspectionem,</strong></span> 
     </span>
    </p>
   </div>
   <div class='ocr_carea' id='block_1_110' title="bbox 2111 5267 3691 5343">
    <p class='ocr_par' dir='ltr' id='par_1_110' title="bbox 2111 5267 3691 5343">
     <span class='ocr_line' id='line_1_110' title="bbox 2111 5267 3691 5343; baseline 0.01 -27"><span class='ocrx_word' id='word_1_790' title='bbox 2111 5270 2221 5318; x_wconf 80' lang='lat' dir='ltr'><strong>tuae</strong></span> <span class='ocrx_word' id='word_1_791' title='bbox 2256 5273 2575 5320; x_wconf 67' lang='lat' dir='ltr'><strong>reverentiae</strong></span> <span class='ocrx_word' id='word_1_792' title='bbox 2613 5267 2933 5323; x_wconf 83' lang='lat' dir='ltr'><strong>mandatum</strong></span> <span class='ocrx_word' id='word_1_793' title='bbox 2985 5278 3071 5325; x_wconf 86' lang='lat' dir='ltr'><strong>est</strong></span> <span class='ocrx_word' id='word_1_794' title='bbox 3116 5275 3400 5343; x_wconf 90' lang='lat' dir='ltr'><strong>quomodo</strong></span> <span class='ocrx_word' id='word_1_795' title='bbox 3445 5283 3500 5331; x_wconf 87' lang='lat' dir='ltr'><strong>et</strong></span> <span class='ocrx_word' id='word_1_796' title='bbox 3545 5292 3691 5332; x_wconf 88' lang='lat' dir='ltr'><strong>nunc</strong></span> 
     </span>
    </p>
   </div>
   <div class='ocr_carea' id='block_1_111' title="bbox 2110 5357 3689 5427">
    <p class='ocr_par' dir='ltr' id='par_1_111' title="bbox 2110 5357 3689 5427">
     <span class='ocr_line' id='line_1_111' title="bbox 2110 5357 3689 5427; baseline 0.009 -17"><span class='ocrx_word' id='word_1_797' title='bbox 2110 5366 2360 5427; x_wconf 88' lang='lat' dir='ltr'><strong>oporteat</strong></span> <span class='ocrx_word' id='word_1_798' title='bbox 2390 5357 2535 5427; x_wconf 92' lang='lat' dir='ltr'><strong>quod</strong></span> <span class='ocrx_word' id='word_1_799' title='bbox 2563 5358 2629 5414; x_wconf 89' lang='lat' dir='ltr'><strong>ad</strong></span> <span class='ocrx_word' id='word_1_800' title='bbox 2664 5360 2765 5417; x_wconf 90' lang='lat' dir='ltr'><strong>bos</strong></span> <span class='ocrx_word' id='word_1_801' title='bbox 2796 5363 3024 5421; x_wconf 83' lang='lat' dir='ltr'><strong>insanos</strong></span> <span class='ocrx_word' id='word_1_802' title='bbox 3066 5365 3318 5424; x_wconf 90' lang='lat' dir='ltr'><strong>homines</strong></span> <span class='ocrx_word' id='word_1_803' title='bbox 3356 5370 3554 5425; x_wconf 89' lang='lat' dir='ltr'><strong>attinet</strong></span> <span class='ocrx_word' id='word_1_804' title='bbox 3596 5384 3689 5424; x_wconf 87' lang='lat' dir='ltr'><strong>re-</strong></span> 
     </span>
    </p>
   </div>
   <div class='ocr_carea' id='block_1_112' title="bbox 2110 5440 3686 5534">
    <p class='ocr_par' dir='ltr' id='par_1_112' title="bbox 2110 5440 3686 5534">
     <span class='ocr_line' id='line_1_112' title="bbox 2110 5440 3686 5534; baseline 0.01 -31"><span class='ocrx_word' id='word_1_805' title='bbox 2110 5449 2345 5504; x_wconf 87' lang='lat' dir='ltr'><strong>mittere.</strong></span> <span class='ocrx_word' id='word_1_806' title='bbox 2377 5448 2643 5506; x_wconf 73' lang='lat' dir='ltr'><strong>Czeterum</strong></span> <span class='ocrx_word' id='word_1_807' title='bbox 2676 5463 2783 5508; x_wconf 69' lang='lat' dir='ltr'><strong>tua:</strong></span> <span class='ocrx_word' id='word_1_808' title='bbox 2817 5464 2901 5510; x_wconf 88' lang='lat' dir='ltr'><strong>est</strong></span> <span class='ocrx_word' id='word_1_809' title='bbox 2930 5472 3158 5514; x_wconf 60' lang='lat' dir='ltr'><strong>summa;</strong></span> <span class='ocrx_word' id='word_1_810' title='bbox 3200 5440 3505 5530; x_wconf 61' lang='lat' dir='ltr'><strong>sapientiae;</strong></span> <span class='ocrx_word' id='word_1_811' title='bbox 3535 5464 3686 5534; x_wconf 85' lang='lat' dir='ltr'><strong>quod</strong></span> 
     </span>
    </p>
   </div>
   <div class='ocr_carea' id='block_1_113' title="bbox 2108 5542 3689 5624">
    <p class='ocr_par' dir='ltr' id='par_1_113' title="bbox 2108 5542 3689 5624">
     <span class='ocr_line' id='line_1_113' title="bbox 2108 5542 3689 5624; baseline 0.009 -28"><span class='ocrx_word' id='word_1_812' title='bbox 2108 5542 2286 5599; x_wconf 89' lang='lat' dir='ltr'><strong>adhuc</strong></span> <span class='ocrx_word' id='word_1_813' title='bbox 2308 5542 2460 5599; x_wconf 86' lang='lat' dir='ltr'><strong>deest</strong></span> <span class='ocrx_word' id='word_1_814' title='bbox 2481 5544 2646 5614; x_wconf 64' lang='lat' dir='ltr'><strong>justas</strong></span> <span class='ocrx_word' id='word_1_815' title='bbox 2682 5547 3057 5615; x_wconf 85' lang='lat' dir='ltr'><strong>retributioui,</strong></span> <span class='ocrx_word' id='word_1_816' title='bbox 3100 5553 3186 5606; x_wconf 91' lang='lat' dir='ltr'><strong>bis</strong></span> <span class='ocrx_word' id='word_1_817' title='bbox 3220 5553 3380 5608; x_wconf 84' lang='lat' dir='ltr'><strong>tinem</strong></span> <span class='ocrx_word' id='word_1_818' title='bbox 3406 5551 3689 5624; x_wconf 87' lang='lat' dir='ltr'><strong>imponere</strong></span> 
     </span>
    </p>
   </div>
   <div class='ocr_carea' id='block_1_114' title="bbox 2107 5634 3689 5710">
    <p class='ocr_par' dir='ltr' id='par_1_114' title="bbox 2107 5634 3689 5710">
     <span class='ocr_line' id='line_1_114' title="bbox 2107 5634 3689 5710; baseline 0.009 -21"><span class='ocrx_word' id='word_1_819' title='bbox 2107 5636 2199 5706; x_wconf 88' lang='lat' dir='ltr'><strong>qui</strong></span> <span class='ocrx_word' id='word_1_820' title='bbox 2236 5637 2435 5693; x_wconf 83' lang='lat' dir='ltr'><strong>mentis</strong></span> <span class='ocrx_word' id='word_1_821' title='bbox 2462 5634 2703 5703; x_wconf 84' lang='lat' dir='ltr'><strong>defectu,</strong></span> <span class='ocrx_word' id='word_1_822' title='bbox 2727 5654 2796 5695; x_wconf 84' lang='lat' dir='ltr'><strong>ne</strong></span> <span class='ocrx_word' id='word_1_823' title='bbox 2826 5640 3003 5698; x_wconf 88' lang='lat' dir='ltr'><strong>dicam</strong></span> <span class='ocrx_word' id='word_1_824' title='bbox 3028 5644 3264 5710; x_wconf 87' lang='lat' dir='ltr'><strong>insania,</strong></span> <span class='ocrx_word' id='word_1_825' title='bbox 3283 5660 3404 5701; x_wconf 91' lang='lat' dir='ltr'><strong>reos</strong></span> <span class='ocrx_word' id='word_1_826' title='bbox 3426 5662 3485 5703; x_wconf 87' lang='lat' dir='ltr'><strong>se</strong></span> <span class='ocrx_word' id='word_1_827' title='bbox 3507 5647 3689 5704; x_wconf 88' lang='lat' dir='ltr'><strong>istius-</strong></span> 
     </span>
    </p>
   </div>
   <div class='ocr_carea' id='block_1_115' title="bbox 2108 5727 3687 5803">
    <p class='ocr_par' dir='ltr' id='par_1_115' title="bbox 2108 5727 3687 5803">
     <span class='ocr_line' id='line_1_115' title="bbox 2108 5727 3687 5803; baseline 0.009 -22"><span class='ocrx_word' id='word_1_828' title='bbox 2108 5728 2254 5785; x_wconf 89' lang='lat' dir='ltr'><strong>modi</strong></span> <span class='ocrx_word' id='word_1_829' title='bbox 2287 5727 2695 5785; x_wconf 86' lang='lat' dir='ltr'><strong>constitueruut</strong></span> <span class='ocrx_word' id='word_1_830' title='bbox 2723 5746 2921 5803; x_wconf 68' lang='lat' dir='ltr'><strong>prensa.</strong></span> <span class='ocrx_word' id='word_1_831' title='bbox 2962 5732 3035 5789; x_wconf 86' lang='lat' dir='ltr'><strong>De</strong></span> <span class='ocrx_word' id='word_1_832' title='bbox 3064 5746 3261 5793; x_wconf 69' lang='lat' dir='ltr'><strong>caetero</strong></span> <span class='ocrx_word' id='word_1_833' title='bbox 3295 5740 3604 5799; x_wconf 89' lang='lat' dir='ltr'><strong>incolumen</strong></span> <span class='ocrx_word' id='word_1_834' title='bbox 3637 5751 3687 5796; x_wconf 88' lang='lat' dir='ltr'><strong>te</strong></span> 
     </span>
    </p>
   </div>
  </div>
