4152 6444
480 303 584 372 271
1584 305 1897 369 NICOLAI
1939 306 2044 367 CP.

2155 306 2372 367 RTRIA
2384 305 2608 367 RCHAE
3645 306 3758 369 272

472 432 651 479 servet
700 419 862 485 Deus,
901 427 954 473 et
985 409 1325 489 superiorem
1361 415 1509 471 omni
1543 414 1746 471 visibili
1776 424 1829 470 et
1861 413 2055 469 invisi-

2162 412 2490 485 ἀνθρώπων.
2517 412 2723 467 Λοιπὸν
2774 411 2921 466 ἔστιν
2957 413 3258 469 ἀκόλουθον
3284 416 3385 486 τῆς
3421 417 3518 489 σῆς
3549 417 3759 473 τελειο-

471 516 566 572 bili
598 512 895 569 calamitati
924 521 977 567 et
1013 513 1175 566 malo.

2166 508 2338 577 τάτης
2372 506 2642 570 συνέσεως
2675 506 2736 559 τὸ
2778 506 2966 559 λεῖπον
3000 506 3082 560 ἐτι
3118 508 3218 578 τῆς
3251 508 3473 573 δικαίας
3513 510 3761 564 ἀνταπο-

471 610 674 672 δόσεως
714 609 1039 675 ἐπενεγκεῖν
1068 603 1226 669 τέλος
1273 603 1388 664 τοῖς
1434 600 1502 654 δι’
1536 599 1778 672 ἐρημίαν
1822 598 2062 671 φρενῶν,
2102 598 2190 651 ἵνα
2263 596 2341 669 μὴ
2377 597 2522 666 λέγω
2554 596 2756 669 μανίαν
2832 595 3124 662 ὑποδίκους
3167 599 3400 661 ἑαυτοὺς
3430 599 3530 669 τῆς
3573 600 3763 653 τοιαύ-

469 717 574 776 της
603 700 936 771 πεποιηκόσι
969 697 1277 759 κολάσεωςο
1299 698 1368 748 τὰ
1390 695 1434 747 δ’
1469 693 1604 748 ἀλλα
1631 694 1955 766 ἐρρωμένον
1992 709 2052 744 σε
2089 690 2448 763 διαφυλάττοι
2507 692 2537 744 ὁ
2570 689 2800 762 Κύριος,
2833 692 2930 745 καὶ
2993 691 3269 762 ἀνώτερον
3309 693 3373 746 ὲκ
3401 691 3585 764 πάσης
3620 696 3762 763 opus.

473 798 643 868 μένης
668 795 766 849 καὶ
783 792 1015 865 ἀοράτου
1043 790 1309 863 ἐπηρείας
1348 790 1441 844 καὶ
1487 789 1812 859 κακότητος.

855 906 1046 962 LXXI.
1089 905 1398 962 Alexandro
1429 902 1483 958 Ν
1488 905 1677 959 icamo.

539 1027 675 1084 Cum
722 1032 1039 1095 reputemus
1079 1019 1417 1092 superﬂuum
1463 1028 1522 1074 ut
1551 1019 1619 1074 de
1651 1018 1736 1074 his
1772 1028 1824 1074 te
1859 1016 2052 1072 admo-

469 1135 702 1177 neamus
751 1132 872 1189 quae
926 1115 995 1171 ab
1050 1112 1301 1179 Jacobo,
1353 1127 1478 1168 cum
1535 1112 1750 1178 aderit,
1814 1111 2052 1174 edisees,

468 1206 760 1263 omisimus
790 1216 1052 1261 enarrare
1084 1202 1364 1273 quomodo
1411 1201 1793 1256 administrata
1835 1202 1946 1256 sint
1990 1215 2053 1254 ea

468 1302 534 1354 de
562 1299 763 1369 quibus
792 1295 1090 1366 scripsisti.
1139 1294 1256 1350 Hoc
1298 1303 1483 1349 autem
1539 1293 1638 1348 tibi
1684 1303 1875 1347 notum
1919 1291 2056 1346 faci-

465 1408 613 1458 mus,
640 1390 788 1462 quod
818 1387 1038 1454 Petrus,
1068 1388 1177 1443 nisi
1218 1402 1417 1443 rursus
1457 1385 1807 1441 mendacium
1840 1384 2059 1439 veritati

465 1482 738 1555 praeferat,
776 1482 993 1537 tertiam
1022 1481 1188 1545 hanc,
1214 1495 1377 1550 quam
1400 1479 1724 1550 quaerimus,
1757 1493 2053 1548 personam

464 1574 754 1632 confessus
781 1583 868 1631 est
900 1589 960 1630 se
989 1573 1284 1630 revelasse.
1314 1572 1474 1639 Quod
1502 1572 1546 1628 si
1582 1571 1874 1626 confirmet
1897 1584 2054 1627 suam

465 1666 898 1735 confessionem,
934 1666 1076 1721 nihil
1098 1665 1339 1735 amplius
1376 1679 1474 1735 pro
1505 1663 1602 1718 illo
1631 1660 1829 1729 facias;
1858 1661 1903 1716 si
1925 1675 2055 1716 vero

463 1777 588 1819 eam
639 1768 947 1818 retractare
977 1761 1115 1825 vult,
1151 1766 1212 1814 ut
1254 1756 1563 1829 expellatur
1598 1770 1827 1811 necesse
1850 1762 1952 1820 est,
2003 1761 2056 1808 et
2092 1784 2131 1838 Β

464 1855 657 1926 utique
700 1853 1018 1924 repelletur.
1058 1848 1299 1906 Iacobus
1346 1859 1527 1904 autem
1571 1847 1642 1903 ad
1695 1856 2055 1917 conspectum

467 1947 824 2019 imperatoris
854 1944 1206 2001 introductus
1237 1952 1344 2010 est,
1374 1953 1451 2008 et,
1491 1950 1653 2013 prout
1689 1941 1850 1996 nobis
1898 1955 2059 1994 man-

464 2041 640 2103 davit,
689 2040 1080 2110 imperatorem
1125 2037 1194 2092 ad
1241 2043 1465 2091 nostros
1512 2033 1864 2089 adversarios
1902 2031 2060 2086 valde

450 2130 825 2187 inclinantem
870 2130 1028 2185 vidit.
1083 2126 1227 2195 Quid
1269 2141 1401 2199 ergo
1432 2134 1652 2198 oportet
1698 2125 1905 2192 facere,
1958 2124 2057 2190 fili,

466 2236 590 2275 cum
642 2235 730 2275 res
771 2219 844 2274 ita
899 2234 959 2275 se
1008 2216 1286 2275 habeant?
1337 2216 1477 2284 Quid
1532 2216 1637 2272 nisi
1680 2215 2060 2287 philosophice

467 2311 668 2376 vivere,
718 2318 773 2366 et
823 2310 1054 2381 tempori
1095 2309 1310 2376 cedere,
1356 2310 1620 2379 quoniam
1671 2307 1832 2363 nobis
1879 2306 2059 2362 eccle-

463 2404 671 2457 siarum
717 2401 814 2456 Dei
871 2400 1180 2471 proditores
1224 2400 1488 2454 ostendit.
1550 2398 1776 2454 Ceteris
1803 2411 1925 2468 qua:
1961 2395 2057 2450 tibi

467 2495 743 2550 nuntiabit
778 2492 1051 2558 Iacobus,
1092 2494 1197 2549 hoc
1266 2508 1490 2565 quoque
1562 2508 1764 2548 novum
1816 2490 2056 2561 adjicict.

468 2586 689 2655 Valeas,
727 2596 782 2644 et
807 2594 1009 2644 nostra:
1044 2582 1373 2642 humilitatis
1413 2586 1467 2640 in
1508 2584 1616 2655 piis
1652 2584 1760 2641 tuis
1807 2584 2059 2655 precibus

466 2688 769 2735 memento.

1027 2979 1247 3037 LXXII.
1280 2978 1516 3037 Incerto.

536 3095 640 3153 Fili
676 3095 1055 3159 dilectissime,
1104 3104 1305 3166 prater
1354 3104 1583 3152 cteteras
1624 3104 1747 3152 tuas
1797 3094 2049 3161 virtutes,

464 3192 697 3246 ostende
727 3187 893 3244 etiam
924 3197 1075 3243 tuam
1116 3188 1316 3242 bonam
1364 3188 1706 3242 voluntatem
1748 3188 1804 3242 in
1850 3202 2051 3245 eonso-
2078 3158 2122 3217 θ

466 3285 646 3341 laudis
678 3285 772 3341 Dei
802 3283 1045 3349 clericis,
1075 3283 1168 3355 qui
1204 3282 1393 3338 laudes
1426 3282 1642 3338 Domini
1675 3282 2053 3340 indesinenter

465 3376 764 3438 celebrant,
796 3383 850 3428 et
882 3388 981 3444 pro
1027 3371 1375 3444 imperatoris
1405 3373 1584 3428 salute
1612 3382 1667 3428 et
1693 3373 1828 3439 vita,
1852 3383 2056 3445 tuaque

464 3477 520 3523 et
568 3468 819 3523 omnium
860 3466 1212 3522 subditorum
1255 3480 1447 3537 preces
1493 3467 1769 3537 fundunt;
1810 3469 1899 3527 bis
1932 3486 2056 3543 gra-

466 3559 612 3615 nulis
638 3599 656 3625 ,
685 3574 808 3630 quae
850 3558 918 3614 ab
947 3557 1206 3615 Ecclesiae
1241 3557 1637 3615 constitutione
1680 3575 1856 3631 usque
1891 3562 2054 3619 modo

472 3651 836 3723 accipiebant,
899 3649 1079 3722 Magni
1116 3650 1467 3707 Constantini
1499 3651 1689 3707 diebus
1726 3666 1795 3707 ne
1831 3650 2054 3708 defrau-

466 3747 684 3811 deutur,
719 3760 895 3815 neque
943 3744 1180 3814 posteris
1215 3743 1529 3800 istiusmodi
1572 3743 1857 3800 historiam
1883 3744 2053 3800 relin-

464 3855 626 3910 quas.
666 3837 725 3893 Si
764 3837 910 3893 enim
944 3836 980 3892 ii
1010 3836 1103 3907 qui
1139 3845 1268 3892 ante
1316 3846 1368 3892 te
1412 3852 1500 3892 res
1543 3851 1828 3908 perperam
1877 3837 2050 3892 admi-

468 3931 794 3994 nistravere,
848 3929 967 3984 haec
1015 3927 1356 3994 reciderunt,
1403 3935 1462 3983 tu
1513 3943 1706 3984 eorum
1761 3940 2050 3999 peccatum

464 4020 705 4091 corrige,
754 4019 821 4075 ad
867 4020 1218 4089 imperatoris
1254 4019 1485 4090 gloriam
1521 4030 1576 4075 et
1616 4019 1685 4073 ad
1726 4020 1924 4076 bonam
1970 4021 2049 4076 tui

466 4111 706 4168 nominis
739 4113 1082 4176 memoriam,
1120 4126 1247 4165 cum
1305 4120 1411 4166 tum
1468 4111 1687 4182 pietatis
1722 4127 1913 4178 causa,
1937 4128 2047 4169 non

469 4213 678 4259 tantam
718 4203 1088 4259 calamitatem
1123 4203 1356 4260 subierit
1400 4204 1668 4270 Ecclesia,
1703 4219 1880 4275 neque
1912 4219 2049 4261 con-

469 4299 685 4352 ﬁrmata
718 4295 890 4352 fuerit
952 4295 1281 4366 itnpostura,
1331 4310 1495 4366 quam
1544 4295 1635 4351 isti
1676 4295 1926 4352 homines
1954 4296 2049 4352 ad-

466 4392 669 4448 misere
730 4390 828 4447 sed
873 4397 1067 4446 contra
1114 4390 1169 4443 in
1215 4388 1409 4444 diebus
1461 4389 1570 4444 tuis
1617 4389 1811 4444 honori
1861 4388 2047 4444 habita

2540 892 2664 950 UA'.
2709 891 3084 963 Ἀλεξάνδρῳ
3105 895 3378 964 Νικαίας.

2236 1010 2500 1083 Περιττδν
2565 1011 2899 1081 ἡγούμενοι,
2968 1013 3162 1065 τέκνον
3231 1013 3430 1083 ἡμῶν,
3490 1016 3586 1070 τοῦ
3663 1016 3759 1071 διὰ

2162 1104 2511 1175 γραμμάτων
2551 1105 2841 1175 ἡμετέρων
2899 1103 3197 1172 διδάσκειν,
3241 1104 3279 1160 ἃ
3321 1107 3419 1162 τοῦ
3489 1108 3754 1165 Ἰακώϐου

2162 1199 2434 1266 παρόντος
2489 1196 2621 1266 παρ’
2653 1195 2823 1250 αὐτοῦ
2878 1198 3097 1267 μάθοις,
3133 1199 3471 1270 παρείδομεν
3493 1201 3755 1270 διεξιέναι

2160 1288 2261 1357 τὴν
2311 1289 2423 1340 τῶν
2482 1289 2637 1360 παρά
2706 1290 2802 1344 σοῦ
2848 1292 3173 1362 γραφέντων
3222 1292 3400 1347 διόλου
3430 1295 3749 1367 διοίκησιν.

2175 1380 2384 1436 Ἐκεῖνο
2417 1380 2474 1434 δὲ
2507 1382 2851 1453 γνωρίζομεν
2876 1422 2890 1448 ,
2924 1384 3002 1448 ῶς
3035 1386 3063 1438 ό
3103 1388 3332 1457 Πέτρος,
3363 1387 3413 1441 εί
3463 1389 3539 1459 μὴ
3586 1390 3754 1444 πάλιν

2163 1474 2482 1547 προτιμήσῃ
2520 1474 2582 1528 τὸ
2612 1475 2809 1545 ψεῦδος
2848 1476 2952 1546 τῆς
2995 1477 3286 1549 ἀληθείας,
3317 1482 3380 1533 τὸ
3413 1481 3752 1552 ζητούμενον

2161 1565 2348 1635 τρίτον
2379 1565 2680 1636 πρόσωπον
2721 1567 3047 1639 ὡμολόγησε
3076 1574 3418 1642 παρασχεῖν·
3447 1575 3542 1627 καὶ
3568 1575 3616 1627 εί
3649 1578 3752 1647 μὲν

2161 1657 2372 1726 τιμήσῃ
2420 1657 2521 1727 τὴν
2583 1658 2780 1713 ἑαυτοῦ
2837 1660 3170 1730 ὁμολογίαν,
3218 1664 3388 1733 μηδὲν
3439 1665 3604 1719 πλέον
3657 1667 3751 1721 ἐπ’

2160 1749 2309 1821 αὐτῷ
2372 1750 2624 1822 πράξεις.
2657 1752 2720 1805 Et
2777 1752 2834 1806 δὲ
2888 1753 3027 1823 πρὸς
3080 1755 3339 1828 ἀθέτησιν
3383 1758 3588 1829 ταύτης
3621 1760 3748 1826 ίδοι,

2163 1842 2381 1912 ἀνάγκη
2431 1844 2595 1898 αὐτὸν
2641 1844 2853 1899 ἐκεῖθεν
2896 1842 3319 1914 ἀπελαύνεσθαι,
3380 1851 3474 1904 καὶ
3521 1852 3750 1914 πάντως

2160 1932 2587 2005 ἀπελαθήσεται.
2646 1934 2704 1990 Ὅ
2746 1936 2801 1990 δὲ
2828 1938 3085 2004 Ἰάκωϐος
3113 1941 3338 2012 εἰσήχθη
3384 1946 3527 1997 κατά
3572 1943 3749 2012 πρόσ-

2160 2041 2309 2078 ωπον
2371 2025 2467 2079 τοῦ
2517 2027 2917 2098 βασιλεύοντος,
2950 2032 3047 2085 καὶ
3090 2032 3167 2097 ὡς
3225 2034 3537 2103 ἐξηγήσατο
3588 2037 3748 2106 ⁴ίςμῖν,

2161 2119 2341 2172 πᾶσαν
2370 2114 2478 2173 εἶδε
2529 2122 2631 2192 τὴν
2666 2122 2883 2178 ἐκείνου
2910 2126 3087 2197 ῥοπὴν
3120 2126 3259 2197 μετά
3285 2126 3396 2180 τῶν
3426 2127 3746 2183 ἀντιδίκων.

2160 2209 2227 2263 Τί
2249 2207 2446 2264 οὖνδεῖ
2493 2213 2777 2283 πράττειν,
2806 2215 2996 2271 τέκνον
3026 2218 3209 2289 ἡμῶν,
3251 2217 3362 2273 τῶν
3401 2220 3750 2293 πραγμάτων

2160 2302 2335 2367 οὕτως
2379 2304 2653 2374 ἐχόντων;
2685 2308 2719 2379 ἢ
2772 2307 3080 2378 φιλοσόφως
3129 2309 3502 2379 διαγενέσθαι,
3537 2313 3633 2365 καὶ
3665 2314 3747 2384 τῷ

2162 2395 2338 2466 καιρῷ
2385 2390 2712 2467 παρασχεῖν,
2749 2400 2875 2454 ὅσον
2904 2401 2980 2473 μή
3007 2404 3288 2467 παντελῶς
3325 2404 3567 2460 δείκνυσι
3603 2424 3745 2479 προ-

2158 2486 2315 2551 δότας
2359 2488 2471 2541 τῶν
2520 2488 2859 2560 Ἐκκλησιῶν
2906 2491 3004 2546 τοῦ
3047 2494 3220 2562 8:06;
3271 2497 3415 2567 Πλὴν
3456 2500 3596 2567 μετά
3633 2501 3748 2554 τῶν

2158 2576 2361 2631 λοιπῶν
2416 2580 2518 2633 ὅσα
2583 2581 2612 2634 ὁ
2664 2581 2926 2648 Ἰάκωϐος
2981 2585 3320 2654 ἀπαγγελεῖ,
3385 2589 3479 2642 καὶ
3533 2589 3746 2662 ταύτην

2158 2670 2461 2744 προσθήσει
2508 2673 2608 2745 τὴν
2651 2675 3021 2746 ἀπαγγελίαν.
3062 2677 3416 2750 Ἐρῤωμένος
3450 2682 3584 2751 ἡμῖν
3620 2683 3745 2752 εἴης

2158 2763 2252 2815 καὶ
2282 2769 2631 2836 μεμνημένος
2680 2769 2739 2823 ἐν
2791 2771 2913 2834 ταῖς
2962 2770 3141 2837 ὁσίαις
3190 2774 3381 2844 εὐχαῖς
3423 2776 3524 2846 τῆς
3582 2776 3749 2847 ήμῶν

2157 2857 2566 2928 ταπεινότητος.

2744 2977 2867 3034 ΟΒ’.
2910 2979 3157 3047 aetum.

2228 3093 2429 3147 Τέκνον
2461 3112 2564 3166 μου
2597 3096 2960 3168 ἠγαπημένον
2983 3138 2998 3163 ,
3031 3098 3174 3167 μετά
3223 3100 3447 3157 πάντων
3494 3120 3588 3157 σου
3631 3105 3743 3159 τῶν

2156 3186 2338 3242 καλῶν
2365 3188 2537 3253 δεῖξον
2570 3191 2665 3242 καὶ
2692 3190 2791 3262 τὴν
2835 3190 3050 3264 ἀγαθήν
3099 3209 3194 3246 σου
3225 3195 3550 3268 προαίρεσιν
3593 3198 3741 3269 ὑπὲρ

2156 3279 2252 3349 τῆς
2306 3282 2663 3351 παραμυθίας
2715 3282 2816 3353 τῆς
2870 3282 3204 3356 Ἐκκλησίας
3255 3287 3351 3341 τού
3396 3288 3601 3360 κλήρου
3640 3292 3741 3344 τοῦ

2156 3370 2318 3437 Θεοῦ,
2350 3371 2456 3424 τῶν
2507 3372 2726 3445 ἡμέρας
2775 3373 2872 3427 καὶ
2919 3375 3117 3438 νυκτὸς
3150 3379 3231 3439 εἰς
3282 3376 3384 3448 τὴν
3430 3379 3745 3448 δοξολογίαν

2156 3464 2251 3517 τοῦ
2309 3463 2446 3516 Θεοῦ
2505 3465 2864 3531 κοπιώντων,
2921 3468 3019 3522 καὶ
3081 3471 3540 3541 προσευχομένων
3595 3471 3744 3542 ὑπὲρ

2156 3555 2303 3626 ζωῆς
2332 3557 2428 3610 καὶ
2484 3558 2758 3629 σωτηρίας
2806 3557 2901 3611 τοῦ
2956 3558 3250 3630 βασιλέως,
3302 3564 3399 3616 καὶ
3450 3563 3549 3633 τῆς
3608 3565 3739 3633 σῆς,

2156 3650 2250 3703 καὶ
2271 3648 2487 3703 πάντων
2516 3651 2626 3702 τῶν
2657 3651 2935 3720 ὑπηκόων.
2971 3651 3063 3723 Μὴ
3094 3654 3192 3725 τὴν
3226 3655 3403 3724 ρῶγα,
3458 3657 3524 3725 ἣν
3555 3656 3647 3723 ἀφ’
3674 3656 3739 3709 οὗ

2157 3740 2384 3810 συνέστη
2417 3743 2450 3811 ή
2492 3741 2812 3812 Ἐκκλησία,
2847 3741 2943 3796 καὶ
2969 3744 3137 3813 μέχρι
3168 3745 3264 3796 τοῦ
3300 3745 3397 3798 νῦν
3429 3744 3743 3817 ἐλάμϐανον

2153 3832 2549 3903 ἀποστερηθῇ,
2583 3835 2642 3886 ὲν
2701 3835 2823 3898 ταῖς
2884 3836 3125 3906 ἡμέραις
3174 3837 3271 3890 τοῦ
3324 3836 3587 3907 βασιλέως
3636 3838 3739 3893 τοῦ

2153 3921 2322 3994 κυροῦ
2363 3923 2810 3991 Κωνσταντίνου,
2869 3927 3006 3997 μηδὲ
3057 3927 3368 4000 καταλίπῃς
3427 3928 3505 4000 τῷ
3554 3937 3738 4002 χρόνῳ

2156 4016 2396 4089 ἱστορίαν
2422 4016 2700 4088 τοιαύτην.
2745 4016 2887 4070 Ἀλλ’
2914 4020 2963 4071 εἰ
3006 4020 3099 4072 καὶ
3154 4019 3443 4090 ἀπέκοψαν
3479 4021 3650 4092 αὐτὴν
3680 4024 3732 4075 ot

2155 4109 2230 4181 μὴ
2257 4109 2439 4174 καλῶς
2464 4111 2570 4182 πρὸ
2594 4112 2687 4165 σού
2708 4113 3091 4183 διοικήσαντες
3119 4113 3186 4168 τὰ
3219 4117 3378 4169 κοινά
3401 4117 3735 4188 πράγματα,

2153 4200 2219 4254 σὺ
2250 4200 2543 4273 διόρθωσαι
2583 4202 2645 4256 τὸ
2685 4203 2912 4257 ἐκείνων
2946 4203 3173 4276 σφάλμα
3200 4208 3281 4270 εἰς
3313 4206 3471 4274 δόξαν
3508 4208 3607 4278 μὲν
3635 4208 3736 4261 τοῦ

2154 4293 2442 4363 βασιλέως,
2496 4295 2578 4356 είς
2638 4295 2987 4367 μνημόσυνον
3016 4296 3073 4349 δὲ
3104 4296 3306 4365 ἀγαθὸν
3334 4298 3430 4353 τοῦ
3468 4297 3736 4369 ὀνόματός

2153 4400 2270 4449 σου,
2319 4383 2402 4437 ὅτι
2448 4384 2543 4459 eis
2589 4384 2691 4455 τῆς
2756 4385 2855 4456 σῆς
2909 4386 3224 4450 θεοσεϐείας
3280 4389 3380 4459 οὐχ
3434 4388 3736 4459 ὑπέμεινεν

465 4484 630 4540 fuerit
666 4481 929 4539 Ecclesia.
971 4480 1154 4537 Librae
1192 4481 1412 4551 quidem
1441 4476 1568 4547 illae,
1607 4480 1680 4534 mi
1718 4480 1814 4545 fili,
1851 4479 1898 4537 si
1933 4496 2043 4536 non

2162 4452 2468 4543 Ἐκκλησίᾶ
2498 4474 2595 4544 τὴν
2640 4452 2911 4545 τοσαύτην
2941 4474 3168 4547 ζημίαν,
3201 4452 3381 4531 οὐδὲό
3423 4452 3733 4548 παραλογι-

463 4579 677 4633 donata:
714 4584 899 4643 erunt,
946 4590 1055 4630 non
1102 4576 1392 4646 attgebitur
1442 4573 1719 4640 aerarium,
1770 4588 1946 4644 neque
2001 4575 2048 4630 si

461 4677 623 4723 erunt
652 4668 890 4734 donata,
921 4666 1128 4737 aliquid
1174 4666 1299 4721 novi
1346 4666 1546 4722 aerario
1569 4665 1806 4720 eveniet.
1830 4663 2046 4731 Quanta

462 4767 645 4812 autem
676 4758 748 4812 sit
790 4757 937 4827 apud
981 4756 1148 4812 Deum
1195 4756 1571 4812 remuneratio
1618 4768 1674 4810 et
1721 4766 1930 4828 quanta
1978 4758 2069 4813 sit.

462 4851 741 4903 damnatio
771 4848 1079 4904 considera.
1127 4847 1185 4902 Si
1226 4849 1374 4903 enim
1409 4864 1534 4904 eum
1570 4850 1663 4920 qui
1712 4865 1844 4919 erga
1879 4865 2045 4905 unum

364 4927 372 4933 ’
460 4941 701 5009 aliquem
766 4939 1084 4996 misericors
1135 4938 1337 5006 fuerit,
1393 4954 1612 4999 merces
1671 4941 1816 5011 apud
1874 4940 2044 4997 Deum

468 5043 676 5095 manet,
707 5042 762 5087 et
815 5048 1033 5089 rursum
1067 5033 1268 5105 injuste
1291 5032 1346 5089 iu
1380 5049 1549 5089 unum
1571 5034 1861 5105 quemdam
1885 5050 2049 5106 agen-

466 5132 572 5177 tem
603 5136 764 5193 ptena
794 5132 959 5192 atque
988 5122 1253 5191 vindicta,
1295 5130 1505 5194 quanto
1551 5124 1727 5194 magis
1776 5124 1914 5178 tanti
1953 5137 2049 5194 po-

464 5216 604 5286 puli,
639 5224 719 5270 tot
753 5216 1067 5281 mulierum,
1121 5217 1472 5293 miserorum,
1525 5217 1887 5286 indigentium
1928 5217 2048 5288 opi-

468 5309 659 5364 tulatio
693 5307 790 5362 tibi
834 5307 1107 5364 inlinitam
1132 5310 1548 5365 retributionem
1579 5325 1611 5365 a
1641 5308 1751 5365 Deo
1778 5309 2046 5381 acquiret.

464 5401 659 5468 Macte,
703 5400 778 5455 fili
828 5400 1206 5469 dilec'tissime,
1256 5402 1559 5458 Ecclesiam
1637 5403 1871 5469 honora,
1912 5412 2049 5458 utet

467 5494 521 5545 ιῖι
556 5501 678 5563 post
709 5502 1025 5548 terrestrem
1082 5493 1349 5550 honorem
1398 5505 1628 5560 aeterno,
1665 5510 1829 5566 quem
1860 5495 2048 5566 utique

466 5585 834 5655 prosequeris,
898 5586 1079 5656 possis
1154 5584 1381 5656 perfrui.
1438 5584 1659 5641 Utinam
1717 5602 1933 5655 semper
1981 5603 2046 5643 ea

468 5678 674 5744 cogites
707 5687 761 5731 et
793 5678 963 5733 facias
991 5693 1114 5749 quae
1164 5679 1232 5734 ad
1278 5679 1617 5734 sanctissimi
1652 5677 1748 5732 Dei
1790 5680 2043 5748 gloriam,

469 5767 539 5821 ad
571 5767 647 5821 tui
689 5767 858 5836 ipsius
899 5770 1161 5827 honorem
1195 5780 1251 5829 et
1300 5772 1535 5829 salutem
1566 5771 1919 5829 conducant!
1962 5773 2043 5831 'l'e

2154 4567 2290 4637 σμὸς
2322 4565 2625 4636 ἐϐεϐαιώθη
2663 4565 2723 4621 δν
2766 4568 3199 4640 παρελογίσαντο
3243 4571 3414 4641 αὐτὴν
3443 4571 3493 4623 οί
3520 4570 3737 4642 ἀνθρωο

2151 4676 2243 4714 ποι
2271 4661 2490 4725 ἐκεῖνοι,
2523 4659 2658 4713 ἀλλά
2715 4660 2879 4716 πάλιν
2924 4662 2983 4715 ὲν
3026 4664 3150 4726 ταῖς
3183 4663 3420 4734 ἡμέραις
3455 4679 3549 4717 σου
3586 4664 3737 4716 τετε.

2155 4768 2324 4823 μηται
2351 4753 2386 4822 ή
2419 4752 2722 4823 Ἐκκλησία
2741 4768 2757 4784 ο
2789 4752 2979 4808 ἕνεκεν
3014 4754 3115 4825 μὲν
3146 4742 3366 4826 λιτρῶν,
3390 4755 3579 4810 τέκνον
3601 4773 3731 4827 μου,

2150 4844 2277 4898 οὔτε
2308 4845 2404 4899 ὲάν
2437 4845 2512 4917 μή
2551 4844 2750 4899 δοθῶσι
2777 4848 2839 4899 τὸ
2859 4849 3092 4917 ταμεῖον
3121 4852 3220 4901 τοῦ
3253 4848 3518 4918 βασιλέως
3561 4847 3739 4919 αὐξη-

2150 4937 2404 5007 θήσεται,
2430 4935 2556 4991 οὗτε
2589 4936 2685 4993 ἐὰν
2712 4938 2908 4994 δοθῶσι
2928 4941 3248 5011 καινοτομία
3276 4958 3359 5006 τις
3381 4941 3530 5013 αὐτῷ
3560 4959 3738 5011 προσ,

2149 5035 2459 5106 γενήσεται.
2497 5033 2601 5090 Τὸν
2619 5035 2677 5089 δὲ
2710 5035 2899 5106 μισθδν
2926 5035 3120 5089 σκόπει
3159 5037 3323 5100 πόσος
3351 5038 3520 5103 ἐστὶν,
3548 5036 3734 5091 ὡσαύ-

2148 5142 2256 5189 τως
2288 5125 2381 5178 καὶ
2409 5126 2750 5198 κατάκριμα.
2794 5127 2921 5181 Ἐὰν
2951 5127 3008 5180 δὲ
3034 5128 3152 5193 ἑνὸς
3182 5129 3502 5199 ἔλεουμένου
3533 5130 3731 5200 μισθὸς

2150 5216 2441 5272 ἀπόκειται
2468 5219 2619 5289 παρά
2658 5219 2738 5289 τῷ
2764 5220 2908 5290 Θεῷ,
2939 5221 2973 5292 ἢ
3020 5221 3186 5276 πάλιν
3214 5221 3336 5286 ἐνὸς
3366 5222 3730 5292 ἀδικουμένου

2149 5310 2369 5373 κόλασις
2398 5311 2550 5382 μένει
2591 5312 2686 5366 καλ⁵
2715 5314 2979 5384 τιμωρία,
3013 5314 3166 5385 πόσῳ
3211 5314 3415 5385 μᾶλλον
3468 5315 3731 5369 τοσούτου

2148 5403 2278 5457 λαοῦ
2322 5408 2416 5457 καὶ
2448 5405 2724 5474 γυναικῶν
2760 5405 2963 5460 ἀθλίων
2994 5407 3231 5478 πτωχῶν
3283 5410 3660 5480 ἠπορημένων
3693 5411 3730 5480 ή

2148 5494 2487 5566 ἐλεημοσύνη
2519 5494 2848 5567 προξενήσει
2885 5514 2969 5551 σοι
3000 5500 3228 5570 ἄπειρον
3263 5502 3416 5570 παρὰ
3445 5500 3583 5553 Θεοῦ
3627 5503 3732 5571 τὴν

2152 5589 2614 5661 μισθαποδοσίαν;
2668 5589 2794 5655 Ναὶ,
2826 5591 3016 5645 τέκνον
3044 5592 3408 5662 ἠγαπημένον
3428 5633 3443 5658 ,
3493 5594 3732 5664 τίμησον

2146 5685 2246 5750 τὴν
2311 5682 2673 5752 Ἐκκλησίαν,
2729 5683 2816 5736 ἵνα
2872 5686 2968 5736 καὶ
3020 5685 3086 5737 σὺ
3146 5689 3286 5755 μετά
3332 5686 3429 5755 τῆς
3477 5687 3730 5754 ἐπιγείου

2147 5773 2313 5846 τιμῆς
2340 5774 2552 5844 καὶτῆς
2573 5774 2816 5844 αίωνίου,
2840 5776 2906 5847 ἣν
2926 5776 3143 5843 πάντως
3169 5773 3284 5831 οἶδα
3305 5778 3387 5831 ὅτι
3413 5777 3729 5848 ἐπιθυμεῖς,
