4152 6400
519 413 628 479 275

1656 410 1969 472 NICOIAI
2009 410 2117 470 (ΣΡ.
2161 404 2679 467 PATRIARCHE

3664 391 3775 455 276

519 526 608 580 nci
645 525 784 582 lucri
819 523 1109 588 faciamus,
1140 538 1266 578 cum
1287 523 1398 593 jam
1460 523 1526 579 ad
1563 524 1880 593 sepulcrum
1913 523 2095 577 inten-

2200 522 2363 591 ἡμεῖς
2402 535 2454 572 τι
2492 517 2602 572 τῶν
2643 514 2739 568 τοῦ
2774 486 2891 584 βίου
2933 510 3291 584 κερδήσωμεν
3319 527 3333 542 ’
3372 510 3468 565 καὶ
3527 509 3640 578 γὰρ
3669 507 3773 579 ἤδη

518 619 713 673 «tamus
762 616 978 684 oculos,
1024 624 1079 672 et
1113 615 1273 684 hujus
1300 616 1426 670 vitae
1465 615 1626 670 linem
1672 623 2086 686 exspectemus.

516 709 843 780 Quicunque
895 709 984 764 his
1002 708 1056 763 in
1090 707 1253 763 terris
1271 706 1571 777 potentiam
1601 722 1628 760 a
1654 705 1769 762 Deo
1789 697 2090 776 accipiunt,

518 800 655 856 nihil
692 792 897 857 habent
926 800 1229 869 antiquius,
1266 799 1311 873 si
1354 800 1407 853 in
1454 798 1621 854 Deum
1666 815 1765 869 pro
1812 798 2092 855 beneﬂciis

517 893 653 959 grati
693 892 826 956 sint,
849 907 1014 963 quam
1048 892 1143 946 Dei
1180 891 1364 960 gloriae
1406 891 1693 946 inservire.
1743 891 2093 947 Gloriﬁcatur

517 995 707 1040 autem
737 985 903 1051 Deus,
927 983 1148 1055 quando
1183 984 1261 1040 illi
1296 992 1443 1039 recte
1475 998 1600 1039 cum
1631 982 1862 1039 subditis
1900 990 2088 1054 agunt.

519 1076 666 1132 Nihil
712 1078 1054 1133 terrestrium
1102 1090 1312 1140 rerum,
1368 1090 1436 1129 ne
1491 1075 1816 1146 templorum
1868 1075 2091 1146 quidem

517 1168 827 1231 aedificatio.
854 1169 937 1223 vel
967 1168 1364 1224 sacriﬁciorum
1393 1167 1627 1231 oblatio,
1661 1167 1826 1222 Deum
1872 1168 1945 1222 ita
1973 1166 2093 1237 glo-

517 1261 692 1316 riﬁeat
725 1272 781 1317 et
815 1262 1068 1327 honorat,
1118 1270 1181 1316 ut
1231 1269 1378 1316 recta
1424 1259 1620 1328 agendi
1674 1262 1815 1316 ratio
1863 1268 1919 1315 et
1968 1262 2096 1316 vitae

517 1352 748 1420 paritas.
788 1352 855 1408 Et
904 1363 961 1409 tu
1017 1354 1205 1422 igitur.
1259 1353 1357 1417 illi,
1403 1366 1529 1409 eum
1566 1368 1597 1408 a
1631 1350 1745 1408 Deo
1789 1355 2092 1423 potentiam

516 1443 811 1513 acceperis,
845 1453 900 1500 et
942 1444 1028 1500 vir
1073 1443 1316 1514 prudens
1361 1446 1440 1502 sis
1494 1452 1549 1502 et
1596 1460 1724 1517 erga
1767 1446 2094 1502 beneﬁcium

513 1543 722 1602 gratus,
763 1548 830 1592 ea
882 1534 1049 1591 debes
1086 1536 1355 1607 cogitare,
1402 1551 1500 1607 per
1553 1551 1676 1608 qua!
1713 1535 1963 1592 homines
2009 1536 2096 1590 di-

518 1626 765 1695 gniorem
797 1637 852 1685 et
888 1628 1188 1684 firmiorem
1235 1639 1291 1685 et
1339 1630 1450 1685 Deo
1471 1631 1776 1698 placentem
1806 1638 1860 1685 ct
1889 1640 2099 1685 natura:

517 1717 775 1774 humanae
825 1733 935 1774 non
990 1720 1352 1788 incongruam
1411 1721 1586 1776 vitam
1650 1716 1812 1792 agere
1858 1721 2096 1792 possint.

2198 613 2335 686 πρὸς
2367 612 2539 681 τάφον
2591 606 2831 680 ὁρῶμεν,
2885 604 2981 659 καὶ
3034 603 3137 673 τὴν
3179 603 3243 655 ὲκ
3293 600 3391 656 τοῦ
3433 601 3552 671 βίου
3574 598 3771 653 τούτου

2193 705 2566 779 ἀναχώρησιν.
2606 704 2763 757 Ὅσοι
2807 700 2917 755 τῶν
2951 697 3255 770 ἀνθρώπων
3305 693 3629 750 δυναστείαν
3677 693 3776 746 ἐπὶ

2193 801 2297 870 γῆς
2324 797 2478 868 παρὰ
2515 795 2649 850 Θεοῦ
2688 793 3052 864 λαμϐάνουσι,
3092 788 3253 844 τοῦτο
3297 787 3516 859 πρῶτον
3555 784 3779 854 ἔχουσιν

2195 892 2392 962 ἔργον,
2437 890 2565 943 ὅταν
2620 888 2936 959 εὐχάριστοι
2982 883 3316 955 διαμένωσιν
3355 879 3450 934 ἐπὶ
3506 879 3626 942 ταῖς
3673 876 3774 931 τοῦ

2194 984 2333 1040 Θεοῦ
2376 984 2757 1053 εὐεργεσίαις,
2798 979 2898 1035 τοῦ
2947 977 3271 1042 σπουδάζειν
3318 972 3641 1038 δοξάζεσθαι
3679 970 3777 1025 τὸν

2194 1078 2352 1132 Θεόν.
2388 1076 2683 1143 Δοξάζεται
2715 1074 2772 1128 δὲ
2801 1074 2829 1127 ὁ
2868 1072 3000 1135 Θεὸς
3046 1071 3138 1125 διὰ
3179 1066 3465 1130 πολιτείας
3511 1063 3773 1134 ἐναρέτου

2196 1169 2380 1227 αὐτῶν
2411 1187 2470 1224 τε
2510 1168 2606 1223 καὶ
2634 1167 2744 1221 τῶν
2788 1164 3122 1236 ὑποχειρίων
3146 1181 3161 1195 ·
3192 1163 3252 1216 ὲν
3281 1160 3458 1215 οὐδενὶ
3492 1154 3605 1229 γὰρ
3627 1154 3783 1210 οὕτω

2196 1261 2331 1323 Θεὸς
2359 1258 2467 1314 τῶν
2493 1258 2754 1327 ἐπιγείων
2782 1254 3131 1327 πραγμάτων
3161 1252 3283 1307 οὔτε
3316 1250 3622 1317 δοξάζεται,
3649 1245 3784 1302 οὔτε

2195 1352 2423 1422 τιμᾶται
2452 1350 2487 1422 ἧ
2520 1351 2616 1405 ἐπὶ
2647 1348 2792 1405 ναῶν
2822 1348 3104 1418 οἰκοδομῇ,
3141 1345 3175 1415 ἤ
3203 1346 3297 1400 ἐπὶ
3335 1342 3657 1414 προσενέξει
3695 1356 3787 1393 τι-

2197 1444 2305 1499 νῶν
2336 1442 2736 1514 ἀναθημάτων,
2776 1440 2853 1506 ὡς
2907 1442 3002 1494 ἐπὶ
3052 1438 3251 1510 πράξει
3286 1435 3466 1506 ἀγαθῇ
3521 1434 3618 1488 καὶ
3660 1432 3791 1503 βίου

2199 1535 2557 1608 καθαρότητι.
2601 1533 2713 1587 Καὶ
2758 1531 2824 1586 σὺ
2870 1529 2983 1595 οῦν,
3023 1529 3216 1582 τέκνον
3240 1525 3422 1598 ἡμῶν,
3460 1521 3615 1592 παρὰ
3639 1519 3783 1573 Θεοῦ

2197 1630 2380 1685 λαϐὼν
2411 1630 2471 1684 τὸ
2513 1626 2795 1690 δύνασθαι,
2824 1624 2918 1680 καὶ
2948 1623 3233 1694 ἄνθρωπος
3272 1620 3538 1691 φρόνιμος
3578 1615 3655 1669 ῶν
3682 1615 3786 1667 καὶ

2202 1724 2549 1795 εὐχαριστεῖν
2606 1719 2764 1783 εἰδὼς
2815 1716 2895 1787 τῷ
2929 1713 3356 1786 εύεργετήσαντί
3413 1728 3510 1774 σε,
3540 1706 3783 1777 ὀφείλεις

517 1808 699 1874 Quare
742 1809 861 1865 hac
910 1808 1010 1864 tibi
1056 1810 1285 1866 scribo?
1329 1810 1470 1878 Quia
1528 1812 1689 1868 nobis
1737 1812 1852 1867 heri
1909 1812 2095 1866 dixisti

2208 1818 2392 1872 ἐκεῖνα
2429 1815 2649 1884 φρονεῖν
2678 1811 2773 1865 καὶ
2801 1808 3148 1873 σπουδάζειν,
3187 1803 3270 1859 δι’
3297 1796 3372 1859 ὧν
3408 1803 3458 1855 οἱ
3496 1798 3787 1871 ἄνθρωποι

520 1900 776 1957 Ecclesiae
839 1901 1103 1960 inimicos
1170 1904 1355 1960 dicere
1409 1919 1511 1961 nos
1567 1906 1690 1959 ideo
1745 1904 2096 1959 securitatem

520 1989 774 2047 Ecclesia;
802 2008 903 2064 per
935 1995 1223 2066 epistulam
1255 1996 1529 2068 flagitare,
1576 1998 1704 2067 quia
1744 1997 2003 2054 timemus
2031 2012 2099 2052 ne

520 2098 714 2139 rursus
759 2085 981 2156 aliquod
1037 2087 1453 2159 imperatorium
1500 2089 1779 2144 decretum
1828 2089 1957 2145 talia
2012 2091 2098 2144 vel

516 2175 700 2245 pejora
731 2175 917 2244 faciat,
947 2189 1002 2235 et
1025 2195 1249 2237 rursum
1286 2180 1479 2236 iisdem
1521 2195 1831 2251 graVemur.
1867 2179 2096 2247 Etinde.

2206 1909 2495 1981 μέλλουσιν
2523 1905 2743 1961 ἔσεσθαι
2786 1902 2901 1974 βίου
2934 1898 3269 1972 τιμιωτέρου
3312 1896 3410 1964 καὶ
3439 1889 3785 1962 ἀσφαλεστέ-

2200 2020 2296 2075 ρας
2320 2001 2486 2071 ζωῆς,
2517 2000 2612 2054 καὶ
2643 1998 2782 2069 μήτε
2810 1995 2943 2050 Θεὸν
2968 1994 3271 2063 λυπούσης,
3303 1990 3443 2061 μήτε
3472 1987 3533 2041 τὸ
3565 1983 3790 2055 ἀνθρώ.

2195 2111 2352 2150 πινον
2401 2093 2754 2165 ύϐριζούσης.
2799 2090 2901 2144 Διά
2945 2088 3004 2142 τί
3044 2087 3246 2158 γράφω
3296 2082 3507 2149 ταῦτα;
3556 2077 3786 2148 Ἐπειδὴ

2192 2175 2321 2256 it“;
2353 2182 2506 2248 εἶπες
2538 2183 2676 2255 πρὸς
2708 2182 2881 2254 ἡμᾶς,
2910 2180 2992 2234 ὅτι
3035 2178 3290 2247 λέγουσιν
3318 2175 3366 2229 οί
3392 2171 3787 2241 άνθιστάμενοι

517 2267 613 2334 tili,
647 2285 709 2325 ea
755 2273 929 2343 surgit
975 2274 1226 2344 apologia
1276 2288 1467 2330 eorum
1509 2272 1854 2329 manifestam
1890 2274 2095 2329 habens

2199 2280 2261 2349 τῇ
2312 2275 2633 2350 Ἐκκλησία,
2663 2275 2740 2340 ὡς
2764 2273 2854 2329 διὰ
2882 2270 3041 2327 τοῦτο
3071 2264 3497 2342 παραιτούμεθα
3523 2264 3582 2317 τὸ
3604 2263 3790 2332 ἀσφαο

517 2359 928 2417 damnationem
956 2379 970 2416 :
1001 2365 1281 2433 quomodo
1301 2364 1447 2420 enim
1481 2367 1797 2420 sacerdotes
1828 2378 1859 2419 a
1889 2364 2089 2434 popqu

2199 2369 2289 2434 λὲς
2326 2370 2394 2441 τῇ
2441 2366 2746 2440 Ἐκκλησία
2779 2365 3007 2436 ποιῆσαι
3043 2362 3133 2417 διὰ
3158 2362 3259 2432 τῆς
3294 2358 3580 2428 ἐγγράφου
3610 2355 3788 2409 άπαι-

515 2448 738 2507 diﬂ‘erre
788 2462 1024 2523 oportet,
1080 2456 1185 2512 nisi
1234 2459 1408 2513 sacris
1453 2457 1670 2528 legibus
1721 2456 1952 2511 ﬁrmiter
1998 2457 2095 2511 ad-

2201 2462 2434 2531 τὴσεως,
2469 2461 2552 2515 ὅτι
2591 2457 2910 2528 φοϐούμεθα
2952 2457 3169 2528 μήποτε
3199 2450 3362 2507 πάλιν
3410 2447 3666 2520 βασιλική
3697 2463 3791 2510 τις

520 2543 812 2602 διωτθηίίοῖ
2203 2552 2424 2619 ἐξουσία
2457 2552 2491 2623 ἢ
2522 2551 2750 2606 τοιαῦτα
2784 2551 2817 2620 ἦ
2851 2549 2948 2603 καὶ
2975 2548 3202 2620 χείρονα
3229 2543 3472 2612 ποιήσει,
3506 2539 3600 2593 καὶ
3620 2537 3792 2593 πάλιν

514 2635 850 2709 ὑπαχθῶμεν
878 2643 990 2705 τοῖς
1022 2642 1229 2706 αὐτοῖς.
1258 2643 1370 2696 Καὶ
1400 2642 1651 2704 αὐτόθεν.
1686 2642 1874 2699 τέκνον
1898 2642 2080 2715 ἡμῶν,
2128 2643 2281 2699 ἔστιν
2341 2648 2375 2717 ὴ
2421 2645 2688 2715 ἀπολογία
2742 2642 2922 2697 αὐτῶν
2969 2636 3216 2709 φανεράν
3298 2637 3399 2708 τὴν
3454 2634 3791 2704 κατάκρισιν

514 2729 750 2799 ἔχουσαι
787 2732 847 2785 ὲν
877 2731 984 2787 τίνι
1028 2733 1139 2803 γάρ
1183 2732 1493 2802 ὀφείλουσιν
1534 2736 1583 2787 οί
1620 2736 1785 2805 ἱερεῖς
1811 2735 2094 2807 διαφέρειν
2130 2736 2231 2790 τοῦ
2253 2736 2409 2803 λαοῦ,
2442 2736 2537 2790 ὲαν
2569 2736 2644 2809 μὴ
2673 2735 2784 2789 τῶν
2812 2733 2977 2803 ἱερῶν
3005 2732 3342 2801 ἀντέχωνται
3384 2726 3599 2796 νόμων;

587 2821 811 2890 Deinde,
851 2822 950 2889 liii,
986 2823 1038 2877 in
1065 2824 1288 2879 militari
1318 2825 1512 2880 ordine
1546 2825 1601 2880 in
1625 2842 1735 2896 quo
1760 2825 2002 2881 nutritus
2030 2834 2089 2880 et

513 2913 778 2969 educatus
794 2929 874 2980 es,
895 2915 1166 2970 aminima
1196 2916 1459 2982 dignitate
1490 2931 1664 2987 usque
1684 2917 1749 2971 ad
1770 2921 2091 2982 maximam,

516 3019 697 3061 nonne
719 3006 876 3059 multi
899 3021 1061 3062 suum
1094 3006 1273 3062 locum
1312 3006 1605 3063 timiditate
1636 3007 1920 3074 deserunt,
1953 3015 2006 3063 et
2027 3021 2095 3062 ex

515 3099 635 3153 acie
676 3097 916 3168 fugiunt?
929 3096 1141 3163 Nonne,
1166 3112 1292 3154 cum
1312 3098 1367 3154 id
1385 3099 1617 3172 singulis
1654 3098 1844 3154 diebus
1857 3097 2094 3165 accidat,

517 3189 726 3259 legibus
764 3191 1113 3261 praepositos,
1148 3191 1417 3248 instanter
1444 3190 1750 3265 dissuaderi
1781 3191 2009 3258 debent,
2050 3192 2096 3248 si

516 3279 959 3336 desertoresillos
975 3282 1109 3349 el,ex
1131 3283 1247 3337 acie
1269 3281 1541 3352 fugientes
1556 3283 1611 3336 in
1633 3279 1923 3336 militarem
1948 3278 2100 3336 ordi-

518 3385 639 3425 nem
658 3372 791 3426 velis
814 3373 1141 3430 restituere?
1161 3372 1352 3429 Nonne
1367 3388 1464 3429 eos
1487 3373 1750 3429 admones
1768 3381 1821 3428 et
1858 3371 2098 3428 hortaris

515 3465 707 3534 ntjam
769 3468 822 3522 id
868 3467 1047 3524 facere
1092 3484 1198 3524 non
1242 3468 1517 3535 audeant,
1549 3481 1724 3535 neque
1769 3481 1799 3521 a
1833 3481 1943 3537 quo
1976 3466 2097 3522 loco

519 3558 729 3621 fugiant
750 3560 1068 3630 priusquam
1097 3576 1193 3616 eos
1219 3560 1484 3630 recipias?
1498 3559 1591 3615 Sic
1612 3559 1867 3615 humanm
1895 3560 2099 3615 militiae

517 3650 827 3707 ﬁrmitatem
865 3653 1194 3723 postulatus,
1239 3653 1543 3725 Spiritualis
1590 3664 1773 3709 autem
1809 3663 1862 3708 et
1893 3661 2098 3709 sanctae

515 3743 818 3812 despicies?
867 3742 1041 3801 Homo
1087 3743 1203 3807 Dei,
1272 3744 1599 3816 quicunque
1656 3752 1759 3811 est,
1812 3746 1900 3798 cui
1952 3744 2098 3799 dedit

517 3834 655 3892 Deus
686 3836 982 3908 imperare,
1016 3840 1158 3908 quod
1199 3837 1309 3894 Deo
1341 3838 1517 3910 placet
1545 3849 1599 3894 et
1623 3836 1689 3893 ad
1750 3838 2093 3893 subditorum

513 3930 743 3985 salutem
772 3930 1030 3999 pertinet,
1059 3931 1218 3987 debet
1250 3943 1302 3986 et
1345 3933 1587 4001 cogitare
1624 3940 1676 3986 et
1708 3933 1922 3998 facere;
1963 3930 2095 3986 5ιώ-

512 4018 610 4074 diti
642 4032 794 4085 vero,
818 4034 864 4074 sn
888 4020 1218 4085 obedierint,
1247 4036 1400 4075 suam
1424 4021 1655 4076 salutem
1684 4020 1983 4077 invenient:
2010 4022 2095 4076 sin

516 4110 700 4165 minus
737 4109 1289 4178 condemnabuntnr;
1332 4110 1440 4165 dus
1484 4122 1665 4167 autem
1716 4127 1822 4167 non
1869 4114 2094 4167 damnar

515 4207 604 4250 tus
658 4196 783 4262 erit,
820 4198 971 4265 quia,
1023 4197 1172 4267 quod
1230 4212 1534 4267 praecavere
1575 4199 1779 4267 debuit,
1821 4201 2093 4270 prmravil.

514 4286 629 4341 Cur
674 4286 1014 4358 legislatures
1066 4288 1410 4343 honorantur
1446 4299 1500 4345 et
1549 4289 1737 4345 felices
1765 4293 1929 4347 sunt?
1957 4290 2095 4358 Quia

517 4381 664 4449 leges
680 4386 1016 4446 statuerunt,
1034 4381 1268 4436 salutem
1293 4381 1576 4437 hominum
1593 4384 1970 4453 praemeditati.
1991 4384 2096 4452 Qui

2120 3142 2168 3207 C

2272 2823 2428 2894 Εἶτα,
2457 2807 2647 2882 τέκνον
2683 2827 2716 2896 ἡ
2727 2824 2870 2896 μῶν,
2916 2822 2975 2877 ἐν
3005 2818 3311 2893 παρατάξει
3355 2817 3629 2887 πολεμικῇ
3659 2813 3727 2867 ἐν

2202 2921 2298 2975 καὶ
2322 2920 2633 2992 ἀνετράφης
2661 2917 2757 2972 καὶ
2776 2913 3107 2985 ἐπαιδεύθης
3129 2912 3237 2966 ἀπδ
3261 2910 3464 2983 μικρᾶς
3485 2907 3658 2980 ἀρχῆς
3685 2906 3790 2959 καὶ

2201 3013 2307 3076 ἓως
2339 3014 2442 3083 τῆς
2472 3013 2759 3083 μεγίστης,
2792 3008 2917 3078 οὐχὶ
2959 3006 3146 3060 πολλοὶ
3175 3002 3657 3074 καταλιμπάνουσι
3678 2999 3785 3069 τὴν

2200 3102 2412 3158 οἰκείαν
2443 3100 2599 3168 τάξιν
2629 3099 2733 3153 ὑπὸ
2761 3098 2988 3162 δειλίας,
3019 3095 3112 3150 καὶ
3137 3093 3432 3166 φεύγουσιν
3452 3093 3519 3145 ὲκ
3541 3089 3643 3161 τῆς
3673 3104 3787 3142 παο

2205 3192 2514 3268 ρατάξεως;
2545 3193 2638 3265 Μὴ
2667 3191 2762 3247 οῦν
2789 3188 2979 3262 ἐπειδὴ
3007 3186 3168 3242 τοῦτο
3206 3186 3341 3242 καθ’
3367 3185 3605 3255 ἑκάστην
3640 3199 3791 3251 cupr-

2200 3288 2381 3343 ϐαίνει
2406 3289 2533 3352 τοὺς
2559 3284 2849 3358 κειμένους
2883 3282 2974 3338 ἐπ’
2998 3281 3183 3345 αὐτοῖς
3213 3280 3402 3351 νόμοις
3433 3276 3529 3332 καὶ
3549 3274 3791 3344 ἀσφαλι-

2202 3380 2463 3452 ζομένους
2497 3375 2947 3450 παραιτήσασθαι
2992 3372 3162 3445 ἔχεις,
3209 3372 3304 3427 ἐὰν
3340 3369 3612 3442 βουληθῇς
3653 3369 3793 3432 τοὺς

2199 3472 2566 3536 λειποτάκτας
2602 3469 2845 3533 ἐκείνους
2876 3467 2972 3521 καὶ
3021 3465 3295 3537 φυγόντας
3325 3464 3426 3533 τὴν
3468 3459 3797 3535 παράταξιν

2201 3564 2365 3621 πάλιν
2402 3564 2483 3627 είς
2513 3562 2613 3633 τὴν
2648 3558 3051 3634 στρατιωτικὴν
3094 3555 3353 3625 δέξασθαι
3379 3555 3583 3622 τάξινς
3617 3552 3783 3608 Ἀλλ’

2200 3651 2324 3722 ούχὶ
2355 3649 2571 3723 πρῶτον
2592 3649 2953 3719 σωφρονήσας
2975 3645 3197 3711 αὐτοὺς,
3219 3644 3316 3698 καὶ
3336 3641 3791 3713 ἀσφαλισάμενος

2200 3748 2281 3810 είς
2309 3745 2369 3798 τὺ
2400 3742 2599 3814 μηκέτι
2653 3740 2895 3794 τοιοῦτον
2938 3738 3240 3811 τολμῆσαι,
3280 3736 3416 3810 μηδὲ
3475 3737 3790 3806 ἀποφυγεῖν

2200 3840 2299 3910 τῆς
2330 3835 2538 3899 οἰκείας
2570 3833 2804 3900 τάξεως,
2853 3832 3029 3897 οὕτως
3058 3830 3259 3896 αὐτοὺς
3297 3828 3614 3903 παραδέξῃς
3659 3825 3787 3881 εἶτα

2200 3930 2294 3985 ἐπὶ
2320 3928 2423 3999 μὲν
2453 3927 2554 3998 τῆς
2591 3926 2945 3997 ἀνθρωπίνης
2986 3923 3278 3994 στρατείας
3317 3920 3493 3986 οὕτως
3515 3919 3788 3990 ἐπιζητή-

2202 4040 2316 4088 σεις
2348 4021 2672 4092 ἀσφάλειαν,
2708 4020 2803 4074 ἐπὶ
2840 4018 2897 4073 δὲ
2945 4017 3045 4088 τῆς
3082 4013 3465 4085 πνευματικῆς
3495 4013 3588 4067 καὶ
3618 4009 3789 4079 ἁγίας

2200 4116 2359 4170 τοῦτο
2412 4110 2823 4186 παραϐλέψεις;
2874 4109 2934 4164 '0
2972 4108 3064 4163 τοῦ
3105 4106 3242 4161 Θεοῦ
3295 4106 3607 4177 ἄνθρωπος,
3634 4104 3791 4167 ὅστις

2201 4209 2268 4263 ἂν
2296 4204 2356 4281 ᾖ,
2387 4207 2483 4261 καὶ
2510 4206 2702 4276 ἄρχειν
2742 4202 2851 4258 ὑπὸ
2892 4200 3029 4256 Θεοῦ
3070 4196 3686 4270 καταπεπιστευμένος,
3722 4195 3788 4249 τὸ

2202 4299 2441 4368 ἀρέσκον
2489 4295 2610 4367 Θεῷ
2670 4295 2765 4349 καὶ
2822 4295 2903 4360 είς
2962 4290 3243 4365 σωτηρίαν
3301 4290 3414 4344 τῶν
3449 4287 3788 4359 ὑποχειρίων

2200 4393 2474 4464 ὑπάρχον,
2497 4389 2708 4461 ὀφείλει
2738 4388 2835 4443 καὶ
2866 4388 3090 4459 φρονεῖν
3112 4387 3210 4440 καὶ
3241 4384 3440 4440 ποιεῖν.
3473 4384 3537 4437 Οἱ
3563 4380 3620 4435 δὲ
3647 4381 3792 4434 ὑπο-

517 4482 699 4527 autem
727 4472 874 4544 leges
896 4473 1394 4545 transgrediuntur;
1430 4475 1771 4532 miserabiles
1794 4486 1940 4533 sunt.
1968 4477 2088 4534 ’Νυ-

2199 4485 2421 4556 χείριοι,
2456 4484 2553 4536 ἐὰν
2583 4480 2684 4552 μὲν
2711 4479 3043 4549 φυλάξωσιν,
3067 4476 3387 4550 εὑρίσκουσι
3429 4473 3529 4546 τὴν
3571 4472 3795 4527 ἑαυτῶν

514 4564 759 4633 queideo
788 4566 963 4636 legum
990 4566 1188 4623 latores
1208 4567 1293 4622 vel
1313 4582 1502 4623 eorum
1527 4582 1666 4638 opus
1701 4570 2099 4641 vituperantur,

2205 4577 2502 4648 σωτηρίαν.
2534 4574 2598 4628 El
2629 4572 2687 4627 δὲ
2725 4572 2800 4645 μὴ
2839 4571 3180 4642 φυλάξωσιν,
3224 4568 3382 4624 αὐτοὶ
3409 4568 3510 4640 μὲν
3542 4581 3790 4621 κατακε-

518 4661 665 4729 quod
699 4660 846 4731 leges
897 4660 1192 4715 statuerint
1221 4675 1358 4730 quas
1408 4660 1656 4731 plerique
1700 4662 2009 4732 homirnam,
2042 4674 2095 4720 ut

2199 4668 2482 4740 κριμένοι,
2538 4667 2568 4720 ὁ
2631 4665 2691 4720 δὲ
2762 4663 2950 4736 ἄρχων
3003 4663 3414 4735 άκατάκριτος,
3466 4658 3600 4721 διότι
3648 4658 3788 4728 ὅπερ

513 4749 651 4806 bene
674 4752 819 4808 nosti
854 4752 926 4807 [lli
966 4752 1061 4818 mi,
1088 4752 1416 4808 conculcant
1439 4761 1493 4808 et
1522 4752 1825 4824 negligunt.

511 4860 602 4899 ται
632 4846 804 4916 τίμιοι
845 4844 943 4898 καὶ
986 4835 1309 4917 μακάριοι;’

2198 4754 2431 4826 ὤφειλεν
2481 4755 2691 4820 ἐκεῖνος
2720 4753 3114 4826 προενοήσατο.
3146 4751 3246 4805 Διά
3283 4750 3338 4803 τί
3364 4750 3459 4805 καὶ
3485 4750 3535 4802 oi
3561 4745 3792 4818 νομοθέ-

1362 4845 1486 4899 "Ott
1559 4847 1761 4917 νόμους
1807 4846 1991 4903 ἔθεντο
2068 4847 2461 4919 προνοούμενοι
2506 4848 2607 4920 τῆς
2677 4849 2954 4920 σωτηρίας
3012 4846 3124 4901 τῶν
3217 4843 3525 4918 ἀνθρώπων
3559 4859 3575 4877 ο
3624 4844 3674 4896 οἱ
3729 4842 3792 4898 δὲ

512 4936 947 5008 παραϐαίνοντες
994 4937 1122 5000 τοὺς
1175 4939 1399 5008 νόμους,
1463 4939 1725 4993 ἐλεεινοί·
1775 4941 1871 4994 καὶ
1902 4943 1963 4995 ού
1999 4941 2088 4996 διὰ
2123 4941 2283 4995 τοῦτο
2305 4942 2354 4994 oi
2396 4940 2688 5012 νομοθέται
2727 4940 2996 5012 μεμπτοὶ,
3057 4938 3092 5010 ἦ
3123 4939 3186 4993 τὸ
3236 4939 3401 5011 ἔργον
3469 4935 3672 5002 αὐτῶν,
3702 4935 3790 4989 ὅτι

509 5029 718 5100 ἔθηκαν
752 5031 977 5100 νόμους,
1011 5029 1105 5095 οὓς
1130 5033 1183 5084 οἱ
1223 5031 1468 5086 πλεῖστοι
1504 5033 1614 5088 τῶν
1656 5033 1985 5106 ἀνθρώπων,
2017 5035 2093 5101 ὡς
2131 5036 2229 5090 καὶ
2275 5035 2438 5099 αὐτὸς
2518 5032 2834 5103 γινώσκεις,
2880 5032 3073 5087 τέκνον
3120 5031 3312 5103 ἡμῶν,

511 5126 607 5179 καὶ
639 5124 975 5197 παρορῶσιν.

584 5214 744 5272 Deiis
772 5225 953 5272 autem
980 5218 1076 5288 qui
1103 5218 1297 5276 dicunt
1326 5234 1416 5276 res
1442 5230 1660 5277 nostras
1692 5222 1835 5278 male
1892 5239 1951 5279 se
1999 5223 2099 5278 ha—

507 5307 639 5362 bere
661 5308 807 5378 quod
850 5305 1108 5364 Ecclesiae
1155 5325 1266 5366 non
1287 5310 1550 5366 uniantur
1587 5312 1682 5383 qui
1733 5323 1956 5383 quartas
1994 5329 2099 5368 nu-

508 5399 653 5466 ptias
692 5410 1042 5470 acceperunt,
1071 5415 1168 5456 eos
1197 5401 1413 5457 allirmo
1454 5404 1669 5460 nescire
1713 5405 1844 5475 quid
1888 5405 2098 5473 dicant,

3395 5029 3721 5084 καταπατοῦ
3732 5045 3790 5083 σι

2270 5218 2408 5290 Περὶ
2436 5217 2494 5272 δὲ
2529 5217 2639 5272 τῶν
2668 5217 2977 5286 λεγόντων,
3016 5217 3102 5271 ὅτι
3141 5214 3230 5269 διὰ
3263 5212 3423 5268 τοῦτο
3454 5212 3791 5283 δυστυχοῦσι

2204 5310 2274 5364 τά
2312 5310 2620 5382 πράγματα
2641 5310 2741 5381 τῆς
2769 5309 3047 5373 πολιτείας
3083 5308 3261 5378 ἡμῶν,
3304 5305 3495 5377 ἐπειδὴ
3549 5306 3625 5378 μὴ
3662 5322 3794 5358 συν-

2199 5404 2442 5475 ὴνωνται
2473 5404 2523 5456 oi
2551 5402 2652 5473 τὴν
2690 5396 3071 5476 τετροῖγαμίαν
3096 5398 3382 5471 δεξάμενοι
3398 5401 3464 5470 τῇ
3486 5396 3792 5469 Ἐκκλησία

509 5492 679 5545 autin
703 5490 906 5561 quibus
922 5493 1263 5562 argumentis
1284 5494 1583 5551 conﬁdant.
1606 5494 1849 5550 Primum
1877 5498 2095 5567 quidem

2199 5499 2301 5573 (l),
2329 5502 2510 5553 ἐκεῖνο
2537 5498 2707 5569 λέγω,
2757 5499 2841 5553 ὅτι
2886 5497 3009 5552 οὐδὲ
3061 5495 3125 5550 τὸ
3152 5496 3207 5549 τί
3254 5494 3511 5562 λέγουσιν
3557 5490 3793 5559 οἴδασιν,

509 5583 563 5634 in
608 5584 757 5638 omni
795 5599 853 5639 re
890 5585 1146 5654 praecedit
1186 5599 1317 5640 cura
1383 5586 1581 5644 deinde
1612 5598 1961 5659 exspectatur
2006 5589 2095 5645 Dei

2201 5590 2325 5646 οὐδὲ
2349 5608 2415 5645 πε
2427 5591 2479 5663 pl
2509 5590 2673 5645 τίνων
2696 5589 3138 5645 διαϐεϐαιοῦνται
3165 5604 3179 5619 '
3203 5586 3340 5641 διότι
3366 5588 3425 5640 ὲν
3457 5585 3626 5639 παντὶ
3654 5584 3795 5655 πρά-

580 5790 656 5861 (Ι)
690 5788 957 5845 Notabilis
980 5791 1067 5847 hic
1090 5792 1332 5863 cpistmze
1379 5799 1609 5852 tractus.
1645 5794 1711 5847 de
1765 5793 2080 5848 Graecorum
2193 5803 2375 5857 relate,
2414 5794 2560 5862 quod
2620 5792 3017 5854 tamenﬁneci
3070 5791 3171 5861 ipsi
3242 5790 3613 5863 religiosiores
3674 5790 3787 5850 int.

508 5862 773 5918 alveisus
823 5862 1461 5933 liotuanosschismate,
1511 5864 2075 5935 Neulaipataiarcha:
2186 5867 2515 5935 probabant.
