4152 6400
399 359 510 421 2T!

1873 369 2286 434 EPISTOLJ.

3584 374 3693 441 278

404 491 587 544 γματι
624 473 844 545 πρῶτον
874 474 974 546 μὲν
1005 476 1433 549 προηγήσασθαι
1459 479 1559 550 τὴν
1594 479 1855 551 σπουδὴν,
1881 478 2003 537 εἶτα

2112 482 2392 538 auxilium.
2435 482 2540 551 Qui
2588 468 2925 558 negligenter
2983 468 3237 555 seminat,
3300 503 3407 544 non
3459 493 3693 548 multam

407 567 740 638 περιμένειν
788 566 892 640 τὴν
937 567 1200 639 βοήθειαν
1233 569 1328 625 τοῦ
1370 571 1530 626 Θεοῦ.
1554 572 1748 638 Οὐδεὶς
1778 574 2001 646 ἀμελῶς

406 658 673 730 σπείρας,
701 657 868 730 θέρος
902 660 1043 715 πολὺ
1068 659 1422 738 ἐγεώργησεν
1442 679 1457 695 ⁸
1490 664 1668 728 οὐδεὶς
1694 665 1772 738 μὴ
1803 667 2001 739 ἐπιμε-

406 750 522 814 λῶς
551 750 810 821 θεμέλιον
850 751 1319 822 καταϐαλόμενος,
1341 748 1491 809 οἷκον
1529 757 1749 829 ἀσφαλῆ
1774 757 2000 813 δύναται

402 844 725 914 οἰκοδομεῖν
751 861 768 876 ’
813 844 943 900 ἀλλ’
966 845 1091 900 οὐδὲ
1135 847 1353 919 πελάγη
1386 866 1471 915 τις
1515 850 1750 906 πλεῦσαι
1775 852 2002 909 δύναται

406 937 913 1010 καὶοδιασωθῆναι,
952 938 1220 1012 ῥᾳθυμῶν
1274 944 1371 997 καὶ
1421 944 1792 1015 κοιμώμενος,
1835 946 1885 999 εξ
1922 946 2001 1019 μὴ

410 1032 883 1103 παρις-ποιουμένου
915 1032 1013 1087 τοῦ
1041 1034 1232 1089 πλοίου
1259 1036 1361 1099 τάς
1401 1036 1747 1109 ὲξαρτήσεις.
1786 1038 1999 1109 Ὅμως,

416 1123 603 1177 τέκνον
627 1122 814 1194 ἡμῶν,
836 1124 1178 1197 ἔνθυμήθητι
1207 1126 1302 1181 καὶ
1333 1128 1513 1195 τοῦτο,
1543 1129 1681 1201 ὅπερ
1705 1130 1801 1183 καὶ
1825 1130 2004 1203 οἰκείᾳ

417 1216 646 1288 εἴπομεν
674 1215 924 1290 γλώσσῃ,
965 1218 1050 1272 ὅτι
1080 1218 1253 1292 κυροῦ
1281 1221 1491 1275 Φωτίου
1526 1220 1624 1275 τοῦ
1655 1222 1998 1294 πατριάρχου

414 1309 510 1361 καὶ
536 1308 728 1379 πάσης
750 1309 919 1364 αὑτοῦ
956 1311 1059 1383 τῆς
1086 1314 1424 1384 χειροτονίας
1456 1314 1890 1386 ἀποδιωχθείσης
1914 1316 2002 1371 διά

414 1399 656 1470 σπουδῆς
686 1401 994 1471 ἐπιμελοῦς
1024 1404 1124 1456 καὶ
1166 1404 1448 1471 συντόνου,
1478 1409 1505 1460 ό
1531 1407 1754 1473 πάππος
1787 1410 1882 1464 τοῦ
1908 1409 2003 1481 βα·

412 1496 612 1561 σιλέως
632 1498 794 1569 ἡμῶν
828 1499 925 1552 τοῦ
957 1499 1130 1572 κυροῦ
1153 1500 1568 1556 Κωνσταντίνου
1597 1500 1697 1573 τὴν
1721 1502 2003 1574 Τεφρικὴν

412 1589 737 1657 ὲξηφάνισι,
768 1588 868 1662 τὴν
896 1590 1070 1661 Βάριν
1094 1591 1451 1662 ἐχειρώσατο,
1475 1593 1576 1664 τὴν
1598 1595 2004 1664 Δογγιϐαρδίαν

417 1679 739 1751 ὑποχείριον
759 1682 1083 1752 ἐποιήσατο,
1106 1682 1206 1753 τὴν
1231 1682 1484 1753 Τερεντὼ
1506 1685 1601 1738 καὶ
1624 1684 1761 1738 ἄλλα
1789 1685 2005 1757 κάστρα

426 1774 499 1825 ὲκ
548 1775 648 1843 τῆς
692 1775 1046 1844 ὲπικρατείας
1112 1776 1223 1828 τῶν
1276 1777 1617 1850 Σαρακηνῶν
1659 1779 2002 1849 ἐξήρπασεν.

450 1864 828 1930 Ἀποθανόντος
851 1867 908 1921 δὲ
937 1868 1043 1921 τοῦ
1068 1868 1239 1940 κυροῦ
1280 1870 1545 1938 Ἰγνατίου
1582 1871 1793 1924 καὶτοῦ
1829 1871 2001 1944 κυροῦ

436 1955 647 2009 Φωτίου
675 1958 880 2029 καὶτῆς
911 1960 1254 2031 χειροτονίας
1281 1960 1448 2016 αὐτοῦ
1477 1960 1813 2023 ἑνωθέντων,
1846 1964 1878 2032 ἡ
1903 1962 2007 2015 Συ-

423 2049 675 2117 ράκουσα
701 2052 972 2123 ἠφανίσθη
1005 2055 1099 2107 καὶ
1125 2055 1157 2125 ἡ
1192 2054 1411 2109 Σικελία
1439 2058 1611 2109 πᾶσα.
1647 2054 1747 2108 Διά
1766 2055 1850 2121 τί;
1906 2055 2011 2109 Διά

414 2142 519 2209 τὴν
540 2141 799 2209 ἀμέλειαν
825 2144 919 2198 τοῦ
940 2145 1069 2199 τότε
1083 2145 1412 2220 δρογγαρίου
1434 2145 1532 2201 τοῦ
1565 2145 1840 2218 πλωίμου,
1866 2146 2012 2218 λέγω

410 2234 477 2300 δὴ
508 2233 609 2287 τοῦ
650 2235 955 2307 Ἀδριανοῦ.
991 2238 1159 2291 Πάλιν
1192 2239 1252 2291 ὲν
1297 2238 1422 2303 ταῖς
1449 2238 1689 2310 ἡμέραις
1715 2237 1813 2292 τοῦ
1843 2236 2012 2308 κυροῦ

412 2325 651 2390 Λέοντος
684 2329 984 2397 γινώσκεις
1012 2330 1094 2384 ὅτι
1122 2330 1152 2382 ὀ
1187 2329 1385 2394 Πάπας
1413 2329 1646 2400 συνῆλθε
1671 2330 1766 2383 καὶ
1795 2330 1846 2383 οἱ
1870 2325 2011 2400 μετά

412 2419 613 2473 τούτου
665 2420 845 2487 ὅντες,
900 2422 997 2478 καὶ
1048 2422 1340 2495 ήνώθησαν
1388 2425 1457 2495 τῇ
1528 2421 1870 2493 Ἐκκλησία,
1914 2419 2011 2474 καὶ

414 2510 649 2585 είρῆνης
678 2515 908 2585 βαθείας
940 2515 1110 2589 οὔσης
1158 2515 1460 2588 ἀπῆλθενὴ
1499 2516 1873 2586 Θεσσαλονίκη
1913 2514 2010 2568 καὶ

410 2608 476 2658 τὺ
506 2606 1015 2679 Ταυρομένιον.Διά
1036 2609 1091 2663 τί
1109 2626 1125 2677 ;
1148 2609 1275 2663 Ὅτι
1315 2608 1551 2665 ἐνταῦθα
1588 2608 1850 2680 ἀμέλειαν
1877 2623 2013 2678 προ-

412 2698 847 2767 ηγήσαντολίαὶ
872 2703 983 2774 γὰρ
1026 2702 1396 2773 ἑπιδεομένων
1435 2699 1692 2772 βοηθείας
1732 2716 1843 2755 των
1871 2699 2014 2753 Θεσ-

2104 589 2340 631 messem
2404 574 2647 647 colligit;
2712 576 2806 648 qui
2864 576 3195 648 negligenter
3262 578 3686 639 fundamentum

2099 667 2254 740 jacit,
2289 683 2396 723 non
2456 678 2635 739 potest
2689 670 2937 725 stabilem
2981 669 3206 726 domum
3249 670 3558 737 aedificare:
3610 675 3725 738 sic,

2105 772 2269 814 nemo
2319 774 2417 830 per
2468 760 2643 815 maria
2698 770 2881 831 potest
2932 761 3192 833 navigare
3262 771 3318 818 et
3359 763 3597 834 salvari,
3648 761 3694 823 si

2104 852 2306 908 otietur
2353 860 2408 908 et
2460 853 2717 918 dormiat,
2768 853 2871 909 nisi
2924 852 3065 909 forte
3110 856 3229 923 ipsa
3286 855 3441 911 navis
3492 856 3696 911 bonum

2103 952 2306 999 statum
2355 954 2529 999 curet.
2571 944 2784 1012 Quare,
2844 944 2941 1007 fili,
2989 943 3092 1000 hoc
3150 944 3314 1001 etiam
3380 946 3691 1012 considera,

2104 1037 2248 1108 quod
2279 1037 2375 1094 tibi
2409 1044 2464 1093 et
2495 1036 2616 1093 viva
2642 1052 2775 1094 voce
2799 1036 3037 1094 diximus
3065 1055 3082 1096 :
3110 1038 3408 1110 Postquam
3442 1038 3697 1105 Photius.

2104 1132 2415 1200 patriarcha
2451 1141 2638 1189 noster
2670 1147 2794 1189 cum
2845 1132 2911 1187 iis
2953 1132 3232 1195 omnibus,
3280 1148 3424 1203 quos
3473 1132 3698 1187 ordina-

2102 1231 2258 1279 verat
2284 1224 2396 1279 acri
2432 1233 2487 1280 et
2523 1224 2890 1295 perseveranti
2920 1222 3183 1294 sulfragio
3209 1222 3417 1294 ejectus
3444 1223 3568 1287 fuit,
3592 1222 3703 1277 im-

2104 1318 2372 1388 peratoris
2388 1317 2558 1372 nostri
2580 1315 2929 1373 Constantini
2972 1331 3108 1372 avus
3125 1314 3452 1387 Tephricam
3475 1313 3696 1370 delevit:

2108 1408 2284 1465 Barim
2309 1409 2661 1481 expugnavit,
2689 1407 3129 1479 Longobardiam
3182 1407 3434 1478 subjecit,
3483 1406 3694 1462 Taren-

2105 1511 2220 1557 tum
2246 1509 2300 1557 et
2318 1500 2423 1556 alia
2441 1500 2665 1558 castella
2685 1514 2715 1556 e
2736 1500 3135 1557 Saracenorum
3182 1505 3451 1570 potestate
3467 1499 3694 1569 eripuit.

2104 1592 2315 1648 Mortuo
2326 1601 2506 1648 autem
2520 1592 2927 1664 lgnatio,atque
2947 1593 3167 1657 Photio,
3181 1591 3454 1662 simulque
3472 1591 3539 1645 iis
3558 1605 3702 1661 quos

2106 1686 2463 1741 ordinaverat
2515 1685 2793 1751 adunatis,
2845 1685 3135 1757 Syracusze
3173 1692 3229 1741 et
3284 1683 3468 1740 Sicilia
3515 1682 3699 1738 omnis

2106 1778 2279 1834 deleta
2310 1787 2412 1834 est.
2437 1775 2796 1845 QuareiPer
2827 1776 3095 1833 incuriam
3116 1776 3402 1847 drungarii
3446 1774 3695 1829 Adriani.

2105 1870 2342 1928 Rursum
2360 1871 2788 1942 diebusAugusti
2803 1870 3002 1927 Leonis
3020 1871 3130 1927 scis
3148 1869 3474 1926 convenisse
3488 1866 3695 1937 Papam

2104 1970 2161 2016 et
2175 1976 2271 2016 eos
2283 1962 2376 2033 qui
2391 1977 2514 2016 cum
2529 1976 2595 2017 eo
2615 1961 2835 2017 stabant
2851 1958 3486 2031 adunatosqueEcclcsia:
3504 1956 3698 2025 fuisse,

2107 2064 2163 2109 ct
2197 2052 2468 2125 profunda
2509 2068 2642 2123 pace
2672 2052 2886 2122 vigente
2932 2050 3135 2107 abiisse
3166 2048 3596 2105 Thessalonicen
3640 2059 3696 2102 et

2121 2146 2573 2202 Tauromenium.
2615 2144 2797 2212 Quare
2820 2143 2846 2197 ’ί
2879 2142 3018 2210 Quia
3066 2142 3139 2197 ibi
3170 2141 3327 2197 otiari
3395 2139 3701 2195 malebant.

2111 2236 2698 2296 Thessalonicensibus
2769 2235 2917 2293 enim
2998 2234 3205 2290 auxilio
3289 2231 3697 2302 indigentibus.

2110 2330 2446 2389 distulerunt
2510 2332 2578 2387 de
2624 2330 2713 2386 die
2750 2329 2810 2385 in
2876 2329 3025 2385 diem
3073 2342 3242 2384 naves
3306 2325 3561 2389 mittere,
3623 2336 3690 2378 ac

2107 2441 2201 2483 res
2230 2425 2533 2496 perdidere.
2558 2422 2697 2489 Hoc,
2738 2423 2815 2479 ﬁli
2846 2424 2943 2490 mi,
2968 2422 3147 2494 cogita
3194 2428 3250 2477 et
3286 2419 3574 2484 meditare,
3603 2424 3691 2484 et,

2109 2517 2411 2590 Opitulante
2446 2517 2593 2583 Deo,
2646 2517 2938 2588 diligenter
2981 2516 3148 2571 rebus
3189 2513 3422 2586 publicis
3467 2524 3697 2582 operam

2108 2609 2273 2665 dabis
2300 2619 2357 2665 et
2386 2607 2724 2678 experientia
2753 2607 2983 2663 edoctus
3012 2608 3161 2663 dices
3183 2620 3290 2677 qua
3328 2603 3395 2660 de
3420 2615 3587 2658 causa
3612 2602 3691 2657 le-

2110 2698 2245 2754 lices
2274 2707 2329 2753 et
2352 2697 2603 2753 infelices
2627 2698 2740 2753 sint
2770 2696 2939 2753 cives.

414 2788 756 2845 σαλονικέων
834 2792 1050 2865 ἡμέραν
1079 2793 1137 2862 ἐξ
1168 2792 1381 2865 ἡμέρας
1401 2790 1830 2861 ἀναϐαλλόμενοι
1859 2789 1997 2863 πρὸς
2029 2790 2090 2844 τὸ
2151 2790 2491 2863 ἀπολυθῆναι
2515 2792 2634 2846 ἐκεῖ
2698 2791 2968 2863 πλώϊμον,
2998 2789 3297 2845 ἀπώλεσαν
3323 2788 3393 2844 τά
3417 2788 3687 2860 πράγμα-

411 2900 503 2936 τα.
543 2883 741 2950 Τοῦτο,
782 2884 976 2940 τέκνον
1016 2885 1200 2955 ἡμῶν,
1233 2886 1330 2941 καὶ
1379 2887 1569 2957 φρόνει
1612 2886 1709 2939 καὶ
1754 2883 1993 2952 διανοοῦ,
2036 2882 2131 2939 καὶ
2166 2885 2286 2956 μετ’
2344 2884 2668 2955 ἐπιμελείας
2699 2885 2795 2938 τοῦ
2836 2883 2975 2939 Θεοῦ
3014 2883 3361 2957 ὲνισχῦοντός
3438 2899 3498 2936 σε
3533 2877 3697 2935 avri-

415 2996 514 3049 χον
570 2979 683 3033 τῶν
730 2980 1095 3052 πραγμάτων,
1137 2982 1232 3037 καὶ
1264 2984 1403 3055 αὐτῇ
1458 2982 1681 3058 μαθήσῃ
1726 2985 1793 3056 τῇ
1834 2981 2005 3055 πείρα
2041 2981 2103 3037 τὸ
2135 2980 2311 3037 αἴτιον
2352 2981 2453 3055 τῆς
2498 2981 2757 3054 εὐτυχίας
2795 2981 2894 3037 καὶ
2936 2981 3038 3053 τῆς
3106 2980 3402 3053 δυστυχίας
3470 2979 3571 3052 τῆς
3599 2993 3703 3031 πο·

418 3073 636 3138 λιτεξας
666 3074 854 3146 ἡμῶν.

488 3170 698 3241 Γράφω
721 3169 778 3224 δὲ
807 3168 980 3224 ταῦτα
1011 3170 1111 3223 οῦκ
1154 3168 1604 3239 ἀποϐαλλόμενος
1660 3170 1782 3225 οὐδὲ
1827 3171 2005 3243 μισῶν

2183 3170 2310 3226 llaec
2331 3168 2427 3224 tibi
2453 3167 2635 3225 scribo
2657 3182 2767 3224 non
2792 3167 3317 3240 reprobans,nequc
3339 3168 3466 3224 odio
3494 3166 3702 3228 habens

414 3264 518 3333 τὴν
558 3264 789 3336 εἰρήνην
840 3265 933 3317 καὶ
984 3264 1084 3334 τὴν
1129 3246 1325 3317 ἕνωσιν
1367 3263 1469 3333 τῆς
1523 3263 1875 3331 Ἐκκλησίας.
1918 3263 2010 3336 Μὴ

2112 3268 2372 3334 pacem‘et
2390 3262 2653 3317 unitatem
2672 3261 2949 3318 Ecclesiae.
2968 3260 3046 3317 Ne
3064 3262 3200 3317 adeo
3221 3263 3322 3318 sim
3349 3262 3711 3330 insanus,ne--

416 3359 566 3413 οῦτω
600 3358 828 3428 μανείην
863 3355 1017 3417 ποτὲ,
1051 3357 1186 3427 μηδὲ
1214 3358 1567 3428 συγχωρήσαι
1608 3357 1741 3420 Θεὸς
1767 3356 1911 3411 οὕτω
1944 3375 2010 3427 με

2112 3365 2219 3429 que
2230 3355 2518 3412 seiatDeus
2543 3369 2629 3411 me
2650 3355 2789 3411 adeo
2804 3355 3110 3411 dementem
3128 3355 3366 3422 fieri,st
3383 3372 3503 3411 eam
3520 3356 3701 3412 uilita-

416 3449 640 3522 φρενῶν
692 3448 798 3515 ἔξω
853 3446 1139 3517 γενέσθαιο
1192 3447 1307 3501 ἀλλ’
1360 3447 1607 3518 ἐπιζητῶ
1657 3448 1855 3502 ἕνωσιν
1908 3449 2010 3516 τὴν

2113 3460 2218 3508 tem
2236 3466 2421 3521 quer
2439 3467 2563 3520 quae
2592 3449 2761 3507 Deum
2785 3452 3175 3514 honoret.eum
3197 3461 3395 3508 statum
3419 3453 3513 3522 qui
3540 3452 3703 3508 rebus

414 3545 675 3613 τιμῶσαν
704 3543 803 3613 τὴν
837 3540 1308 3613 Ἐκκλησίαν,τὴν
1336 3540 1706 3614 χαριζομένην
1733 3543 2010 3597 κατάστα-

2112 3552 2163 3600 εῑ
2191 3560 2337 3599 nunc
2353 3554 2406 3598 et
2423 3553 2611 3614 postea
2633 3542 2842 3609 faveat;
2869 3544 3010 3598 absit
3032 3552 3092 3598 ut
3114 3544 3223 3598 vita
3245 3543 3533 3600 defunctos
3562 3558 3667 3599 ven
3686 3574 3704 3585 -

423 3654 508 3689 σιν
558 3637 676 3697 τοῖς
736 3633 1023 3704 πράγμασι
1077 3633 1173 3688 καὶ
1226 3635 1285 3687 ἐν
1319 3632 1395 3703 τῷ
1444 3634 1674 3704 παρόντι
1719 3636 1813 3686 καὶ
1867 3631 2008 3705 μετὰ

2117 3644 2235 3690 tura
2251 3637 2528 3706 generatio
2550 3650 2649 3692 nos
2667 3644 2725 3692 ut
2749 3647 3014 3703 amentes,
3032 3639 3456 3698 irrationabiles.
3477 3647 3536 3693 ut
3559 3638 3703 3691 divi-

420 3728 618 3790 ταῦτα,
653 3729 750 3781 καὶ
780 3727 868 3781 ἵνα
916 3726 990 3797 μὴ
1029 3727 1094 3780 ἑκ
1144 3722 1238 3780 τοῦ
1275 3726 1394 3797 βίου
1418 3727 1813 3798 ἀπερχομένων
1850 3725 2008 3795 ἡμῶν

2115 3742 2312 3784 norum
2345 3743 2617 3784 canonum
2644 3740 3050 3801 contemptores
3068 3732 3311 3796 damnet,
3341 3745 3551 3799 nosque
3576 3730 3702 3784 ideo

420 3824 456 3892 ἡ
489 3818 767 3893 ἐρχομένη
828 3820 993 3888 γενεὰ
1058 3822 1391 3893 καταγνώσῃ
1436 3817 1596 3889 ἡμῶν
1626 3818 1702 3882 ὡς
1730 3817 2003 3890 ἀφρόνων,

2116 3831 2170 3876 et
2193 3837 2289 3877 vos
2316 3821 2651 3877 anathemati
2673 3832 2884 3888 voveat;
2905 3823 3050 3894 quod
3084 3824 3224 3879 solet
3244 3822 3491 3877 accidere
3508 3836 3632 3875 cum
3664 3810 3701 3875 ii

417 3921 497 3982 ὡς
534 3919 773 3986 ἀλόγων,
807 3917 882 3981 ὡς
914 3916 1346 3986 καταφρονητῶν
1394 3914 1503 3969 τῶν
1535 3913 1697 3968 θείων
1737 3913 2005 3978 κανόνων,

2118 3914 2210 3982 qui
2239 3929 2336 3983 per
2352 3914 2514 3969 vitam
2537 3924 2783 3985 potentes
2808 3916 2979 3980 luere,
3005 3916 3226 3982 abeunt,
3249 3924 3302 3971 et
3324 3915 3446 3970 aliis
3465 3929 3704 3969 nascun-

418 4014 519 4063 καί
546 4008 640 4063 διὰ
694 4008 853 4062 τοῦτο
909 4006 1006 4060 καὶ
1051 4008 1201 4076 ἡμᾶς
1244 4005 1324 4077 τῷ
1357 4004 1666 4075 ἁναθέματι
1710 4004 2009 4075 παραπέμ-

2121 4014 2210 4059 tur
2235 4013 2346 4060 tum
2366 4005 2653 4075 sapientia,
2687 4014 2802 4061 tum
2829 4008 3029 4077 pietate
3052 4018 3107 4063 et
3130 4009 3328 4063 virtute
3354 4014 3700 4079 praestantes.

416 4107 601 4173 ψωσιν
627 4120 643 4133 ·
684 4103 822 4172 ὅπερ
851 4096 962 4155 οἶδε
997 4100 1336 4170 συμϐαίνειν,
1362 4100 1493 4153 ὅταν
1529 4100 1579 4152 οἱ
1646 4098 1783 4161 τέως
1821 4097 2035 4151 δυνατοὶ
2078 4098 2221 4152 κατᾶ
2272 4098 2364 4153 τὸν
2395 4097 2509 4171 βίον
2538 4099 2841 4171 ἀπέλθωσι,
2914 4101 3011 4156 καὶ
3060 4101 3213 4157 ἄλλοι
3249 4101 3552 4172 γεννηθῶσι
3602 4093 3704 4154 καὶ

418 4196 712 4268 φρονήσει,
739 4195 831 4249 καὶ
858 4193 1136 4265 εὐσεϐείᾳ,
1161 4195 1258 4248 καὶ
1282 4194 1451 4264 ἀρετῇ
1473 4192 1846 4263 διαφέροντες.

1006 4330 1142 4398 οςν.
1186 4326 1428 4395 Ἀἃήλῳ.

496 4468 578 4523 τδ
627 4467 853 4540 γνήσιον
899 4466 999 4535 τῆς
1037 4464 1296 4536 στοργῆς,
1336 4462 1364 4516 ὅ
1397 4460 1536 4534 πρὸς
1576 4461 1674 4534 τὴν
1707 4461 1868 4533 ἡμῶν
1914 4478 2013 4532 με-

2659 4323 2898 4384 LXXVI.
2927 4325 3160 4386 Incerto.

2195 4460 2461 4517 Sincerns
2490 4475 2668 4526 amor.
2704 4478 2868 4534 quem
2899 4480 3028 4536 erga
3064 4465 3430 4522 humilitatem
3456 4475 3700 4522 nostram

427 4561 753 4632 τριότηταή
785 4559 853 4629 σὴ
902 4554 1162 4613 εὐλάϐεια
1201 4555 1490 4624 κέκτηται,
1534 4553 1704 4607 πάλαι
1756 4555 1853 4606 καὶ
1902 4555 2010 4608 διε-

2118 4562 2213 4611 tua
2275 4559 2585 4615 reverentia
2616 4558 2874 4621 exhibet,
2905 4557 3230 4627 jamdudum
3280 4568 3446 4614 notus
3474 4563 3579 4622 est.
3602 4575 3704 4615 nec

434 4654 596 4727 λέχθη
657 4652 755 4708 καὶ
809 4652 1164 4722 γινώσκεται,
1193 4652 1256 4706 οὐ
1288 4651 1463 4709 δεῖται
1512 4651 1607 4706 νῦν
1652 4650 2016 4720 ἀποδείξεως,

439 4746 556 4799 οῦδὲ
589 4746 695 4817 τῆς
744 4746 810 4799 ἐκ
841 4735 1019 4813 λόγων
1060 4742 1399 4808 συστάσεως,
1454 4743 1649 4814 ἱκανῆς
1695 4740 1866 4813 οὔσης
1918 4742 2017 4810 τῆς

438 4841 505 4891 ἐκ
535 4838 639 4892 τῶν
710 4838 891 4909 ἔργων
938 4835 1351 4907 πληροφορίας
1398 4832 1536 4887 διότι
1594 4834 1691 4889 καὶ
1741 4833 1902 4904 ἡμεῖς
1955 4833 2017 4886 οῦ

432 4930 642 5003 μικρὰν
707 4926 1044 4999 εὑρίσκομεν
1099 4930 1158 4980 ἐν
1207 4928 1331 4989 ταῖς
1382 4926 1631 4996 θλίψεσιν
1682 4924 1839 4996 ἡμῶν
1879 4941 2020 4996 παρ-

427 5023 665 5097 ηγορίαν
699 5024 764 5075 ἔκ
795 5020 894 5090 τῆς
920 5021 1022 5090 σῆς
1052 5018 1191 5091 πρὸς
1233 5019 1382 5089 ἡμᾶς
1426 5018 1809 5086 πνευματικῆς
1832 5016 2012 5071 διαθέ-

433 5133 596 5177 σεως.
640 5113 753 5167 Καὶ
805 5111 961 5166 οὐδὲν
1002 5111 1185 5183 χάριτι
1221 5112 1361 5165 Θεοῦ
1415 5110 1767 5180 ζημιούμεθα
1815 5110 1914 5184 τῆς
1954 5112 2020 5163 ἐκ

430 5209 536 5278 τῆς
566 5208 668 5279 σῆς
699 5207 925 5276 ἀγάπης
967 5205 1369 5277 περιχεομένης
1416 5206 1551 5276 ἡμῖν
1601 5205 1755 5275 ἱερᾶς
1798 5203 2018 5274 ⁴ἡδονῆς,

430 5300 624 5353 ἓνεκιν
652 5298 750 5354 τοῦ
782 5296 1097 5352 κωλύεσθαι
1124 5297 1309 5361 ἀλλοις
1354 5299 1628 5361 συνεῖναι,
1658 5296 1753 5349 καὶ
1789 5294 1879 5349 διὰ
1919 5294 2020 5361 τῆς

433 5393 546 5468 τῶν
584 5392 876 5463 αἰσθητῶν
922 5388 1222 5461 ὀφθαλμῶν
1268 5389 1521 5460 θεωρίας,
1558 5387 1653 5444 τοῦ
1704 5389 2023 5461 βλέμματος

433 5487 535 5558 τῆς
584 5487 831 5548 διανοίας
884 5481 1187 5547 ἀκωλύτως
1238 5483 1335 5537 καὶ
1382 5482 1627 5554 όρῶντος
1676 5481 1773 5535 καὶ
1818 5478 2022 5551 νοερῶς

431 5581 576 5654 ἡμᾶς
630 5578 1034 5638 συνάπτοντος.
1074 5573 1233 5629 Οὕτω
1286 5574 1342 5629 δὲ
1392 5575 1487 5629 καὶ
1524 5577 1558 5646 η
1596 5571 1754 5643 ὑμῶν
1802 5572 2024 5639 ὁσιότης

420 5677 594 5750 μηδὲν
626 5670 921 5745 νομιζέτω
954 5667 1043 5723 διὰ
1072 5667 1171 5738 τὴν
1218 5667 1539 5739 σωματικὴν
1574 5665 1880 5721 ἀπόστασιν
1923 5663 2023 5731 τῆς

412 5774 557 5831 νατά
632 5765 874 5834 πνεῦμα
955 5761 1252 5827 συναφείας
1336 5758 1786 5830 ἀποστερεῖσθαι,
1842 5756 2021 5813 Ὅπου

401 5871 515 5945 γάρ
548 5859 810 5936 ἀληθοῦς
843 5851 1070 5924 ἀγάπης
1109 5850 1300 5919 Ξνωςις
1326 5846 1386 5908 οὗ
1417 5852 1483 5909 ἂν
1515 5845 1615 5908 ὦσι
1652 5850 2020 5923 διεστηκότες,

2122 4646 2603 4708 demonstratione
2662 4661 2757 4706 aut
2825 4649 3118 4706 verborum
3164 4649 3323 4718 capia
3375 4656 3519 4720 eget.
3575 4664 3705 4704 cum

2120 4754 2289 4811 opera
2324 4757 2423 4813 per
2466 4758 2527 4800 se
2564 4743 2885 4812 loquantur.
2931 4740 3282 4810 Quapropter
3329 4749 3385 4796 et
3424 4754 3528 4797 nos
3593 4756 3704 4795 non

2120 4847 2344 4904 parvam
2375 4835 2427 4889 in
2466 4836 2739 4908 angustiis
2784 4834 2998 4890 nostris
3036 4832 3475 4889 consolationem
3509 4847 3575 4887 ex
3609 4839 3703 4887 tua

2121 4925 2179 4979 in
2211 4941 2313 4982 nos
2367 4927 2641 4997 spirituali
2697 4925 2947 4981 amicitia
2995 4923 3354 4996 percipimus.
3393 4925 3480 4990 Et,
3526 4924 3703 4995 gratia

2124 5016 2242 5083 Dei,
2278 5018 2415 5073 nihil
2452 5019 2617 5091 hujus
2664 5018 2964 5087 voluptatis
3016 5016 3306 5072 amisimus
3348 5029 3471 5087 qua:
3507 5016 3574 5071 de
3613 5023 3706 5071 tua

2123 5110 2417 5167 dilectione
2468 5113 2523 5167 in
2577 5127 2680 5168 nos
2718 5110 3014 5177 redundat,
3055 5109 3185 5166 licet
3231 5126 3340 5164 una
3370 5125 3495 5166 esse
3538 5118 3705 5179 atque

2124 5203 2374 5273 corporis
2431 5200 2611 5259 oculis
2657 5203 2802 5256 inter
2839 5215 2943 5255 nos
2979 5199 3168 5256 videre
3194 5214 3555 5270 nequeamus.
3595 5197 3703 5253 Sed

2122 5296 2327 5351 mentis
2358 5292 2527 5363 oculi,
2580 5295 2799 5349 nemine
2830 5292 3106 5360 obstante,
3137 5300 3194 5348 et
3240 5292 3431 5348 vident
3456 5297 3514 5346 et
3542 5287 3709 5359 spis-iu

2124 5387 2347 5443 tnaliter
2398 5399 2501 5441 nos
2538 5384 2770 5440 invicem
2818 5383 3085 5440 adunant.
3137 5382 3218 5439 Ita
3270 5391 3327 5438 et
3384 5389 3476 5436 tua
3525 5377 3704 5447 pietas

2127 5480 2353 5545 minime
2419 5485 2574 5548 putet
2631 5492 2693 5533 se
2747 5491 2846 5547 per
2896 5477 3239 5549 corporalem
3293 5469 3698 5543 separationem

2126 5571 2398 5644 spirituali
2449 5571 2840 5642 conjunctione
2893 5571 3133 5641 privari;
3178 5567 3495 5635 ubicunque
3548 5563 3697 5619 enim

2125 5671 2208 5716 est
2239 5659 2440 5714 sinceri
2469 5658 2675 5715 amoris
2702 5658 2906 5733 unitas,
2933 5657 3156 5728 quando
3178 5654 3247 5711 ab
3275 5653 3505 5711 invicem
3538 5653 3703 5709 amici

2125 5752 2482 5820 corporaliter
2511 5761 2858 5821 separantur,
2898 5749 2973 5804 ibi
3021 5764 3149 5804 vere
3198 5747 3501 5813 uniuntur;
3541 5747 3615 5801 ita
3640 5755 3704 5801 ut

2126 5855 2178 5902 et
2204 5861 2303 5904 nos
2330 5845 2418 5902 illa
2457 5844 2643 5902 divina
2681 5841 3070 5915 conjunctione
3103 5856 3212 5899 non
3236 5839 3398 5898 hodie
3435 5855 3534 5897 nec
3563 5838 3706 5903 heri,
