4152 6446
513 343 582 406 79
1616 350 1928 413 NICOLAI
1972 355 2068 414 ΟΡ

2175 357 2648 421 ATBIARCIL‘E
3644 366 3751 431 280

473 460 567 516 sed
601 459 925 528 jamdudum
960 459 1219 526 'adunati,
1250 461 1497 518 locorum
1545 463 1806 519 distantia
1833 466 2058 522 minimc

2171 473 2543 544 συνηνωμένοι
2575 474 2951 544 τυγχάνωσινο
3017 475 3156 529 ὥστε
3209 474 3305 529 καὶ
3350 475 3514 546 ἡμεῖς
3574 477 3751 545 ταύτῃ

471 551 867 623 disiungimur.
901 550 1009 607 Sed
1035 551 1106 608 de
1144 553 1229 608 his
1257 554 1545 610 hactenus.
1571 554 1646 609 De
1673 554 1845 612 fratre
1871 568 2054 613 autem

2171 567 2224 634 τῇ
2268 565 2389 636 θείᾳ
2437 567 2632 620 ἐνώσει
2685 567 2746 619 οὐ
2799 565 2899 620 νῦν
2945 566 3066 621 οὐδὲ
3100 566 3250 637 χθὲς,
3276 566 3395 620 ἀλλ’
3422 568 3487 620 ἐκ
3524 568 3745 638 μακροῦ

470 653 565 701 ιυο
584 645 675 714 qui
704 659 801 715 per
830 646 1194 716 ignorantiam
1220 647 1406 718 lapsus
1433 656 1537 712 est,
1564 649 1696 704 illud
1735 652 1879 720 quod
1899 652 2058 722 igno-

2171 653 2255 708 τοῦ
2284 654 2480 725 χρόνου
2533 657 2900 727 συνημμένοι.
2934 659 2999 728 τῇ
3029 659 3230 729 τοπικῇ
3257 640 3540 712 διαστάσει
3581 660 3748 714 οὐδα-

471 746 662 793 ranter
691 746 875 793 actum
914 748 1016 806 est,
1052 742 1469 811 veniaejanuam
1502 759 1611 798 non
1631 743 1885 801 claudere
1918 748 2057 802 diei-

2171 746 2278 815 μῶς
2335 747 2713 820 χωριζόμεθα.
2777 748 2940 804 Ἀλλά
2999 749 3160 804 τοῦτο
3216 750 3316 821 μὲν
3371 750 3549 816 οὕτως
3608 753 3748 823 ἔχει.

472 842 620 896 mus,
640 829 907 900 siquidem
935 831 1019 887 hae
1039 833 1413 902 littertelnohis
1439 838 1904 893 annuntiaverunt
1923 856 2051 895 eum

2171 838 2295 909 Περὶ
2328 838 2386 893 δὲ
2427 839 2524 894 τοῦ
2556 841 2858 911 σφαλέντος
2877 842 3112 913 ἀδελφοῦ
3151 841 3220 895 δι’
3257 842 3506 912 ἄγνοιαν,
3548 845 3731 899 ἐκεῖνό

468 923 636 977 corde
668 925 910 980 contrito
939 940 1061 981 esse
1084 936 1138 981 et
1162 926 1276 981 acri
1304 928 1496 985 dolore
1520 929 1901 987 dilaceratum.
1928 932 2056 989 Ideo

2171 948 2360 1001 ραμεν,
2421 931 2499 997 ὡς
2547 933 2649 987 οὐκ
2716 932 3001 989 ἀποκλείει
3065 933 3232 988 αὐτὸν
3286 934 3626 1006 συγγνώμης
3685 936 3749 988 τ’)

468 1022 549 1081 tu,
585 1012 699 1083 ipse
726 1030 837 1085 prae
860 1015 1038 1072 oculis
1065 1017 1275 1073 habens
1309 1018 1586 1075 hominem
1615 1030 1671 1076 et
1699 1022 1847 1078 illius
1876 1025 2051 1091 poeni-

2171 1024 2555 1095 πεπραγμένον
2585 1026 2644 1090 ἐξ
2670 1024 2919 1094 ἀγνοίας,
2939 1027 3037 1081 καὶ
3060 1025 3298 1097 μάλιστα
3320 1025 3396 1089 ὡς
3421 1026 3484 1079 τὸ
3510 1027 3750 1097 γράμμα

470 1106 697 1161 tentiam
729 1117 785 1163 et
813 1109 1170 1167 considerans
1198 1111 1367 1166 animi
1397 1113 1517 1183 ejus
1544 1114 1789 1171 dolorem
1818 1125 1878 1171 ut
1898 1117 2050 1188 judi-

2171 1116 2434 1188 διήγγειλε
2465 1117 2891 1189 συντριϐομένου
2921 1119 3024 1187 τὴν
3057 1117 3314 1190 καρδίαν,
3339 1118 3432 1173 καὶ
3469 1118 3752 1188 δριμείαις

468 1200 716 1267 ’caveris,
758 1204 1043 1260 moderata
1088 1206 1569 1263 animadversione
1619 1209 1837 1281 culpam
1900 1225 2055 1276 cura,

2171 1208 2422 1280 Ξλγηδόσι
2490 1211 2974 1281 σπαρασσομένου.
3029 1214 3129 1267 Διὰ
3195 1212 3355 1266 τοῦτο
3432 1212 3599 1275 αὐτὸς
3658 1213 3750 1265 ἐπ’

469 1299 529 1346 ιιι
553 1301 609 1348 et
639 1292 693 1347 in
728 1294 870 1352 alios
914 1311 1077 1367 agerc
1121 1299 1288 1362 soles,
1316 1298 1499 1355 divina
1541 1303 1718 1373 gratia
1754 1302 1821 1357 ad
1859 1302 1911 1357 id
1943 1304 2059 1359 dis-

2171 1302 2462 1374 ὀφθαλμοῖς
2522 1303 2663 1375 ἔχων
2726 1304 2819 1357 τὸν
2884 1304 3198 1376 ἄνθρωπον.
3259 1304 3354 1359 καὶ
3398 1304 3499 1374 τὴν
3533 1304 3626 1357 ἐπὶ
3675 1305 3747 1374 τῇ

466 1386 685 1453 positus
710 1398 765 1443 et
795 1404 982 1444 eorum
1019 1391 1113 1461 qui
1144 1392 1243 1446 tibi
1289 1392 1491 1449 subditi
1521 1402 1652 1450 sunt
1674 1403 1899 1464 peccata
1933 1411 2059 1449 cor-

2171 1395 2426 1467 μετανοίᾳ
2459 1395 2653 1450 τούτου
2688 1396 2951 1466 σπουδὴν,
2987 1396 3241 1468 καθορῶν
3282 1398 3378 1450 καὶ
3432 1396 3493 1449 τὸ
3525 1395 3752 1467 ἄλγημα

466 1478 680 1549 rigens,
747 1480 1321 1554 condonationemquc
1376 1486 1679 1557 unicuique
1749 1487 2057 1543 secundum

2171 1487 2264 1557 τῆς
2296 1486 2481 1557 ψυχῆς
2512 1487 2599 1557 ἐφ’
2624 1487 2752 1541 ὅσον
2782 1488 2850 1541 ἂν
2906 1487 3238 1561 δοκιμάσῃς,
3285 1488 3607 1558 ἐπιτιμήσει
3657 1505 3756 1557 με·

468 1569 807 1638 poenitentiae
839 1588 1154 1630 mensuram
1188 1576 1507 1634 dimetiens.
1554 1628 1557 1633 .

2171 1580 2296 1650 τρία
2348 1582 2636 1653 ἰάτρευσον
2693 1581 2757 1633 τὸ
2814 1580 3361 1652 ἁμάρτημα,ὧσπερ
3417 1584 3513 1632 καὶ
3544 1581 3747 1642 ἐντοῖς

465 1666 646 1731 ἄλλοις
672 1668 982 1738 οἰκονομεῖν
1019 1669 1253 1734 εῖωθαςο
1293 1669 1416 1743 θεία
1454 1670 1638 1743 χάριτι
1716 1671 2084 1736 κατασταθεὶς
2145 1673 2241 1725 ἐπὶ
2308 1671 2469 1726 τοῦτο
2530 1674 2627 1726 καὶ
2693 1674 2805 1728 τῶν
2871 1674 2976 1727 ὑπὸ
3037 1673 3133 1727 σοῦ
3186 1671 3624 1743 κυϐερνωμένων
3684 1669 3754 1722 τὰ

470 1760 770 1831 σφάλματα
832 1760 1241 1834 διορθούμενος,
1301 1762 1396 1816 καὶ
1451 1763 1669 1819 ἑκάστω
1740 1764 1882 1817 κατά
1955 1764 2016 1817 τὸ
2095 1764 2298 1834 μέτρον
2352 1765 2453 1835 τῆς
2509 1765 2800 1835 μετανοίας
2855 1766 2950 1820 καὶ
3000 1765 3100 1838 τὴν
3154 1763 3502 1836 συγχώρησιν
3555 1764 3756 1833 ὲπιμσο

465 1871 494 1904 τ
504 1852 633 1923 ρῶν.

997 1991 1256 2051 LXXVII.
1298 1994 1332 2049 -1
1340 2003 1538 2050 ncerto.

542 2127 647 2183 Per
681 2127 818 2183 alias
846 2127 962 2199 jam
992 2129 1275 2199 epistmas,
1298 2137 1351 2183 et
1378 2145 1472 2195 per
1501 2144 1615 2197 eas,
1645 2143 1678 2184 ο
1727 2128 2062 2191 beatissime,

471 2234 610 2284 quas
671 2228 763 2276 tua
825 2220 1143 2276 fraternitas
1191 2222 1361 2287 misit,
1418 2221 1577 2277 didici
1629 2235 1750 2290 quin
1829 2221 2062 2289 improbi

471 2313 741 2369 dminonis
778 2313 993 2369 insidiis
1037 2314 1091 2367 in
1139 2314 1314 2369 nostri
1342 2315 1605 2384 temporis
1634 2310 1935 2369 Ecclesiam
1966 2329 2062 2369 su-

475 2413 843 2477 pervenerunt
871 2405 1035 2467 mala,
1066 2414 1121 2459 et
1154 2406 1285 2459 mihi
1324 2406 1537 2461 videtur
1571 2422 1765 2478 parum
1810 2419 2064 2460 necessa-

475 2496 640 2562 rium,
676 2497 789 2550 imo
834 2496 1176 2569 superﬂuum
1208 2498 1277 2553 de
1325 2498 1411 2554 his
1466 2500 1561 2554 tibi
1611 2514 1808 2575 rursus
1851 2499 2052 2563 rescri-

477 2591 624 2645 bere.
660 2586 775 2644 Hoc
804 2603 985 2645 tamen
1026 2599 1220 2646 notum
1284 2591 1381 2645 tibi
1425 2590 1658 2647 facimus
1707 2607 1808 2647 nos
1849 2591 2061 2661 pridem

478 2693 586 2737 tum
634 2681 965 2737 beatitudini
1016 2697 1114 2750 per
1160 2683 1396 2738 clericos
1455 2684 1796 2738 Adcodatum
1853 2692 1907 2739 et
1960 2681 2062 2738 Pe-

474 2784 621 2831 trum
662 2775 953 2845 scripsisse
982 2775 1076 2845 qui
1117 2775 1346 2831 Romam
1387 2776 1621 2846 patriam
1657 2777 1845 2844 habet,
1875 2784 2063 2832 noster

475 2880 604 2921 vero
630 2864 807 2922 factus
823 2874 909 2921 est
926 2881 991 2921 ex
1022 2881 1132 2937 quo
1157 2866 1413 2920 thronum
1436 2866 1880 2936 recuperavimns
1900 2873 2063 2937 prout

478 2974 659 3014 rerum
680 2959 734 3012 in
764 2958 1006 3015 Ecclesia
1036 2969 1224 3015 nostra
1251 2961 1388 3016 ordo
1413 2960 1590 3015 voluit
1615 2975 1830 3015 :sermo
1860 2975 2060 3016 neces-

476 3050 658 3105 sarius
710 3060 770 3106 ut
802 3050 947 3106 scias
994 3051 1201 3107 abolita
1255 3066 1379 3107 esse
1427 3052 1652 3107 omnino
1701 3053 2063 3122 praecedentia

476 3140 774 3210 scandala;
800 3142 1127 3212 scripsimus
1159 3159 1289 3198 vero
1330 3152 1383 3199 et
1414 3143 1882 3213 protospathario,
1922 3145 2065 3199 inter

479 3233 781 3290 Romanam
822 3243 877 3290 et
904 3232 1567 3305 Constantinopolitanam
1599 3233 1872 3291 Ecclesias
1916 3235 2056 3291 idem

2746 1990 2866 2048 OZ'.

2250 2126 2530 2198 Ἐδηλώθη
2590 2128 2685 2182 καὶ
2737 2127 2806 2182 δι’
2858 2128 3063 2200 ἐτέρων
3116 2128 3467 2199 γραμμάτων
3507 2131 3757 2195 καὶτοῖς

2167 2218 2276 2288 πρὸ
2307 2218 2486 2289 ὑμῶν,
2531 2212 2576 2272 ὧ
2624 2219 3041 2292 μακαριώτατε,
3081 2222 3178 2274 καὶ
3216 2223 3283 2291 τῇ
3319 2223 3384 2292 σῇ
3423 2221 3753 2292 ἀδελφότητι

2164 2312 2234 2365 τά
2259 2310 2317 2378 ἐξ
2353 2302 2624 2383 ἐπηρείας
2657 2311 2755 2365 τοῦ
2806 2313 3052 2385 πονηροῦ
3084 2314 3343 2384 δαίμονος
3372 2316 3453 2378 εἰς
3486 2317 3585 2384 τὴν
3629 2313 3754 2368 καθ’

2165 2404 2314 2475 ἡμᾶς
2347 2404 2679 2474 Ἐκκλησίαν
2723 2407 3141 2476 συναντήσαντα
3178 2407 3392 2478 χαλεπά
3414 2424 3429 2438 ·
3472 2408 3568 2461 καὶ
3607 2408 3757 2461 δοκεῖ

2169 2512 2260 2567 μοι
2312 2494 2373 2549 τὸ
2412 2497 2649 2567 γράφειν
2708 2497 2842 2568 περὶ
2888 2498 3001 2552 τῶν
3058 2500 3239 2552 αὐτῶν
3297 2500 3464 2553 πάλιν
3494 2499 3602 2567 ἔξω
3651 2497 3750 2556 τοῦ

2165 2589 2380 2652 δέοντος
2404 2584 2546 2643 εἶναι
2571 2594 2666 2644 καὶ
2695 2591 2976 2659 περιττόν.
3003 2591 3153 2662 Πλὴν
3181 2593 3341 2645 τοῦτο
3378 2592 3747 2663 γνωρίζομεν,

2164 2678 2248 2733 δτι
2281 2679 2389 2748 πρὸ
2424 2679 2520 2733 τοῦ
2554 2680 2825 2751 παρόντος
2865 2681 3201 2752 γράμματος
3244 2683 3570 2753 ἐγράψαμεν
3610 2681 3749 2749 πρὸς

2163 2770 2265 2839 τὴν
2304 2769 2459 2840 ὑμῶν
2502 2772 2884 2842 μακαριότητα
2908 2772 2994 2825 διὰ
3024 2771 3119 2824 τοῦ
3160 2771 3424 2841 κληρικοῦ
3446 2770 3542 2824 τοῦ
3575 2769 3753 2823 Ἀδεο-

2164 2863 2325 2918 δάτου
2366 2864 2460 2918 καὶ
2495 2865 2704 2935 Πέτρου
2745 2864 2840 2917 τοῦ
2875 2865 3112 2935 πατρίδα
3169 2864 3269 2935 μὲν
3304 2864 3604 2934 ἐσχηκότος
3650 2862 3752 2930 τὴν

2177 2956 2421 3028 Ῥώμην,
2466 2956 2741 3029 ἡμετέρου
2777 2957 2834 3011 δὲ
2870 2957 3010 3027 μετά
3034 2958 3134 3028 τὴν
3166 2957 3426 3011 ἐπάνοδον
3462 2955 3622 3027 ἡμῶν
3651 2953 3756 3025 τὴν

2166 3053 2325 3124 ἐντῷ
2378 3052 2554 3124 θρόνῳ
2620 3052 3063 3124 χρηματίσαντος
3119 3049 3437 3123 ἀνθρώπου,
3492 3048 3743 3119 καθὼςή

2165 3146 2275 3199 τῶν
2304 3146 2649 3214 πραγμάτων
2699 3143 2994 3199 ἀκολουθία
3025 3144 3085 3197 ἐν
3117 3146 3183 3216 τῇ
3223 3142 3345 3197 καθ’
3391 3141 3539 3213 ἡμᾶς
3587 3140 3756 3210 γέγο-

2166 3256 2259 3293 νεν
2293 3239 2597 3309 Ἐκκλησία
2619 3254 2634 3269 ·
2674 3237 2831 3307 λόγος
2861 3237 3158 3305 ἀναγκαῖος
3190 3234 3328 3306 πρὸς
3366 3233 3426 3287 τὸ
3462 3250 3753 3303 καταργη-

2933 1990 3182 2061 Ἀδήλῳ.

480 3328 760 3382 vinculum
781 3328 1149 3399 eamdemque
1168 3328 1432 3383 unitatem
1461 3343 1583 3383 esse
1600 3343 1664 3381 ac
1684 3327 1752 3382 ab
1775 3326 2065 3385 lnitio.Scd

2171 3328 2335 3398 θῆναι
2379 3330 2479 3399 μὲν
2510 3329 2693 3382 τέλεον
2740 3330 2810 3381 τὰ
2856 3326 3205 3398 προλαϐόντα
3261 3325 3571 3380 σκάνδαλα·
3605 3319 3752 3378 εἶναι

482 3424 874 3491 imperatorum
916 3436 947 3475 a
995 3423 1102 3477 Deo
1133 3429 1523 3477 coronatorum
1581 3420 1929 3491 ﬁliorumque
1964 3436 2064 3477 no-

482 3524 725 3567 strorum
759 3513 1019 3568 mandata
1052 3513 1118 3568 ad
1152 3528 1279 3568 eum
1328 3515 1499 3569 missa
1531 3523 1662 3569 sunt
1690 3521 1750 3568 nt
1785 3514 1875 3567 ille
1914 3523 2064 3569 tuam

480 3605 640 3660 adeat
661 3606 1007 3661 sanctitatem
1032 3608 1193 3678 eique
1217 3606 1397 3662 tradat
1427 3622 1674 3672 munera,
1691 3607 1738 3663 si
1761 3624 1866 3679 qua
1897 3609 2067 3664 missa

481 3710 631 3766 sunt,
678 3699 946 3756 rationem
982 3702 1261 3767 reddens,
1312 3710 1368 3757 et
1416 3702 1542 3757 inde
1597 3711 1703 3757 ture
1755 3702 2069 3759 sanctitatis

482 3789 657 3845 nuntii
695 3790 923 3845 redeant
957 3800 1014 3846 et
1056 3793 1122 3846 ad
1179 3807 1277 3847 nos
1318 3802 1642 3859 accurrant,
1685 3803 1747 3849 ut
1789 3793 2070 3849 communi

484 3884 718 3940 consilio
759 3892 980 3939 tuorum
1056 3884 1359 3954 legatorum
1402 3894 1457 3939 et
1495 3896 1698 3942 nostrae
1745 3886 2073 3941 humilitatis

488 3978 738 4031 l‘rmetur
802 3976 947 4046 quod
1011 3976 1191 4033 adhuc
1246 3976 1601 4047 agitationis,
1641 3977 2070 4048 praecedentium

483 4068 871 4125 scaudalorum
897 4085 1089 4137 causa,
1116 4070 1172 4125 in
1191 4068 1802 4143 Constantinopolitana
1827 4069 2071 4127 Ecclesia

488 4171 762 4230 superest.

486 4251 718 4322 δραμεῖν
741 4251 878 4324 πρὸς
932 4253 1083 4323 ἡμᾶς
1143 4250 1240 4305 τοῦ
1280 4254 1435 4323 κοινῇ
1503 4251 1761 4323 συνέδρια
1804 4250 1915 4304 τῶν
1944 4268 2004 4304 τε
2072 4249 2357 4320 ὑμετέρων
2422 4248 2740 4303 ἀποστόλων
2814 4249 2907 4302 καὶ
2986 4249 3087 4319 τῆς
3148 4248 3306 4318 ἡμῶν
3368 4247 3758 4316 ταπεινότητος
3844 4299 3851 4303 ,

2162 3422 2220 3476 δέ
2251 3421 2442 3491 ὥσπερ
2470 3420 2528 3488 ἐξ
2558 3421 2732 3490 ἀρχῆς
2764 3419 2906 3473 οὕτω
2943 3419 3042 3474 καὶ
3067 3418 3162 3473 νῦν
3191 3418 3281 3471 τὸν
3318 3416 3617 3486 σύνδεσμον
3654 3418 3753 3468 καὶ

2162 3514 2261 3587 τὴν
2297 3515 2491 3569 ἕνωσιν
2521 3515 2619 3585 τῆς
2663 3531 2723 3567 τε
2755 3512 3073 3584 Ῥωμαῖκῆς
3115 3510 3465 3581 Ἐκκλησίας.
3527 3512 3621 3564 καὶ
3653 3511 3757 3578 τῆς

2167 3607 2229 3660 ἰν
2280 3603 2862 3659 Κωνσταντινουπόλει
2913 3603 3067 3673 παρά
3127 3602 3265 3656 Θεοῦ
3302 3601 3753 3672 κυϐερνωμένης,

2167 3697 2493 3770 ἐγράψαμεν
2542 3697 2601 3751 δὲ
2649 3696 2746 3751 καὶ
2786 3695 2865 3766 τῷ
2906 3695 3411 3767 πρωτοσπαθαρίῳ.
3457 3694 3620 3749 Ἀ).λά
3659 3694 3757 3746 καὶ

2170 3790 2282 3843 τῶν
2305 3789 2617 3857 θεοστεφῶν
2651 3786 2936 3858 βασιλέων,
2965 3787 3060 3843 καὶ
3092 3787 3301 3843 τέκνων
3346 3786 3529 3857 ἡμῶν,
3561 3784 3756 3839 κέλευ-
3834 3799 3848 3812 ’

2175 3899 2260 3947 σις
2291 3884 2430 3953 πρὺς
2461 3882 2627 3935 αὐτὸν
2675 3880 3023 3952 ἐξεπέμφθη,
3057 3880 3199 3935 ὥστε
3237 3878 3571 3933 καταλαϐεῖν
3600 3880 3756 3931 ἐκεῖ-

2172 3992 2264 4030 νον
2292 3976 2431 4047 πρὸς
2458 3974 2558 4047 τὴν
2608 3973 2765 4045 ὑμῶν
2809 3974 3127 4045 ἁγιωσύνην
3156 3974 3252 4028 καὶ
3295 3972 3588 4027 ἀποδοῦναι
3618 3970 3671 4023 εἴ
3704 3988 3758 4024 τι

2170 4065 2488 4136 ἐξεπέμφθη
2546 4066 2706 4135 λόγον
2766 4065 2961 4137 ἔχοντα
3026 4065 3243 4132 ξενίων,
3308 4066 3404 4119 καὶ
3464 4063 3760 4118 ἀναλαϐεῖν

2172 4159 2403 4214 αὐτόθεν
2432 4159 2770 4222 ἀποστόλους
2805 4161 2906 4225 τῆς
2943 4159 3100 4228 ὑμῶν
3148 4159 3460 4229 ἁγιότητος,
3490 4158 3584 4211 καὶ
3618 4159 3757 4210 ἀνα-

489 4344 818 4400 εὑστὰθειαν
848 4344 1034 4399 λαϐεῖν
1057 4345 1112 4399 εῐ
1140 4361 1192 4398 τι
1225 4343 1321 4399 καὶ
1369 4345 1451 4399 ἔτι
1496 4345 1853 4399 ὑπολείπεται
1879 4344 2068 4400 ἕνεκεν
2105 4343 2216 4398 τῶν
2286 4343 2671 4416 προλαϐόντων
2737 4343 3054 4397 σκανδάλων
3084 4347 3142 4397 ἐν
3195 4347 3259 4417 τῇ
3305 4345 3759 4397 Κωνσταντινου-

492 4440 730 4496 πολιτῶν
771 4438 1074 4511 Ἐκκλησία
1100 4437 1553 4513 στασιαζόμενον.

565 4530 624 4584 Si
663 4529 831 4602 igitur
886 4529 960 4584 illi
995 4528 1061 4584 ad
1113 4544 1211 4584 vos
1262 4531 1607 4601 perveniant,
1629 4530 2068 4601 adimplchuutur

2252 4531 2320 4585 Εἰ
2357 4529 2457 4601 μὲν
2483 4523 2578 4582 οὗν
2608 4529 2806 4582 ἐκεῖνοι
2836 4528 3137 4582 κατέλαϐον
3171 4530 3305 4601 πρὸς
3336 4531 3504 4601 ὑμᾶς,
3530 4532 3758 4604 πληρω.

489 4641 554 4681 ea
586 4639 706 4696 quae
735 4639 764 4678 a
792 4638 881 4678 me
907 4623 1112 4694 scripta
1159 4633 1290 4680 sunt
1330 4640 1427 4696 per
1455 4639 1644 4701 eorum
1681 4640 1808 4679 cum
1841 4625 1952 4680 tuis
1995 4624 2075 4680 le-

491 4714 910 4781 gatisreditum.
936 4714 992 4769 Si
1018 4716 1223 4782 minus,
1267 4724 1327 4770 ut
1358 4715 1524 4772 rebus
1558 4716 1818 4770 humanis
1850 4715 2071 4781 accidit,

492 4809 591 4865 tibi
631 4809 827 4865 adesse
851 4817 1146 4878 nequeant,
1190 4807 1281 4864 ille
1321 4818 1474 4864 certe
1498 4808 1592 4878 qui
1644 4809 1786 4864 hanc
1813 4807 1920 4864 fert
1955 4807 2073 4879 epi-

490 4903 687 4957 stolam
714 4918 744 4956 a
781 4910 967 4958 nostra
1007 4901 1316 4957 humilitate
1349 4901 1577 4958 edoctus
1628 4901 1811 4955 omnia
1843 4900 1938 4956 tibi
1973 4914 2074 4955 an-

490 4992 786 5047 nnntiabit.
818 4992 881 5045 Et
926 5008 1073 5058 cum,
1125 4993 1231 5047 Deo
1279 4994 1526 5058 volente,
1571 4994 1637 5047 ad
1694 5008 1793 5048 nos
1848 4992 2073 5056 redibit,

492 5086 765 5140 mediante
792 5086 954 5140 etiam
988 5096 1184 5141 vestrae
1223 5086 1538 5141 sanctitatis
1576 5086 1871 5149 chanitate,
1905 5100 2071 5154 quam

488 5178 747 5233 Christus
770 5186 824 5232 et
842 5177 983 5233 Deus
1005 5188 1191 5234 noster
1208 5180 1365 5233 nobis
1392 5178 1631 5249 reliquit,
1653 5194 1776 5233 cum
1802 5194 1867 5233 eo
1890 5192 2077 5233 accur-

494 5277 618 5325 rcnt
669 5268 856 5338 legati,
909 5278 969 5322 ut
1000 5271 1138 5325 nihil
1181 5270 1293 5339 jam
1335 5286 1526 5326 eorum
1573 5286 1696 5340 qum
1734 5270 2077 5324 correctione

491 5370 673 5433 egent.
700 5361 1075 5417 incorrectum
1108 5372 1328 5418 maneat
1349 5371 1511 5434 atque
1544 5361 1846 5418 Ecclesiam
1880 5360 2076 5416 alliciat

492 5455 741 5513 tristitia.
779 5453 837 5509 Si
867 5456 1013 5510 enim
1049 5470 1157 5509 non
1197 5456 1445 5518 omnino,
1478 5463 1717 5509 attamen
1752 5454 1922 5523 gratia
1955 5453 2075 5523 ejus

492 5548 586 5613 qui
614 5556 876 5603 :cternum
906 5549 1191 5603 hominum
1220 5548 1505 5604 dissidium
1530 5548 1582 5602 in
1608 5548 1869 5603 unitatem
1895 5554 2078 5601 trans-

494 5642 743 5707 mutavit,
783 5651 973 5697 nostra
1027 5640 1271 5696 Ecclesia
1343 5641 1483 5715 jam
1525 5640 1789 5695 unitatem
1839 5641 2073 5709 recepit;

498 5742 628 5782 nam
658 5746 880 5787 necesse
908 5743 987 5788 est
1015 5742 1071 5787 ut
1104 5733 1151 5788 si
1175 5732 1305 5803 quid
1331 5732 1587 5786 malitiosi
1606 5732 1869 5788 dmmonis
1896 5731 2074 5785 adhuc

500 5823 759 5891 liipt‘l'sil,
794 5825 845 5881 id
882 5828 1183 5897 abolentur,
1238 5837 1289 5883 et
1343 5843 1560 5883 rursum
1601 5826 1653 5881 in
1704 5821 1946 5881 Ecclesia
1982 5824 2073 5882 Dei

2181 4621 2409 4692 θήσεται
2438 4619 2510 4673 τὰ
2538 4619 2906 4690 γεγραμμένα
2933 4620 3020 4673 διὰ
3055 4623 3152 4690 τῆς
3181 4621 3405 4675 ἐκείνων
3437 4622 3625 4677 ἀνόδου
3661 4625 3759 4678 σὺν

2176 4716 2290 4776 τοῖς
2312 4714 2603 4785 ὑμετέροις
2629 4713 2975 4777 ἀποστόλοις.
3010 4715 3072 4767 Εἰ
3094 4714 3173 4778 δὲ,
3200 4710 3287 4770 οἵα
3321 4714 3389 4767 τά
3415 4713 3757 4785 ἀνθρώπινα,

2175 4808 2411 4871 ἐκείνοις
2436 4806 2537 4862 οὐκ
2564 4806 2846 4874 ἐξεγένετο
2887 4809 3237 4879 παραστῆναι
3270 4810 3423 4879 ὑμῖν,
3458 4808 3574 4862 ἀλλ’
3599 4804 3760 4873 οὗτος

2176 4904 2205 4956 ὁ
2241 4902 2304 4955 τὸ
2357 4900 2532 4971 παρὸν
2571 4902 2808 4972 γράμμα
2857 4902 3564 4972 ἐπικομιζόμενος,·καθὼς
3607 4902 3762 4972 παρὰ

2176 4995 2279 5064 τῆς
2309 4994 2472 5064 ἡμῶν
2514 4993 2911 5064 ταπεινότητος
2951 4992 3217 5066 ἐνηχήθη,
3263 4993 3485 5057 πάντως
3538 4993 3763 5063 ἀπαρα-

2175 5087 2411 5148 λείπτως
2429 5086 2735 5155 ἀπαγγελεῖ
2769 5088 2965 5146 πάντα.
2987 5088 3103 5154 καὶ,
3133 5086 3271 5140 Θεοῦ
3294 5085 3645 5156 βουλομένου,
3664 5085 3763 5154 τὴν

2177 5177 2438 5231 ἐπάνοδον
2487 5177 2653 5230 αὐτοῦ
2715 5178 3042 5241 ποιουμένου
3101 5178 3239 5246 πρδς
3275 5178 3344 5230 τά
3375 5176 3633 5240 ἐνταῦθα,
3663 5176 3764 5244 τῆς

2176 5271 2400 5340 ἀγάπης
2431 5271 2830 5340 μεσιτευούσης
2869 5271 2935 5342 ἧν
2979 5271 3272 5323 κατέλιπεν
3305 5270 3490 5345 ἡμῖνρ
3522 5268 3763 5336 Χριστὸς

2178 5364 2270 5418 καὶ
2319 5363 2452 5426 Θεὸς
2507 5363 2665 5433 ἡμῶν
2699 5365 2800 5431 τῆς
2831 5363 3105 5434 ὑμετέρας
3137 5361 3473 5432 ἁγιωσύνης,
3518 5362 3758 5430 ἀναδρα-

2182 5453 2410 5524 μοῦνται
2465 5455 2563 5506 σὺν
2616 5454 2767 5525 αὐτῷ
2818 5455 2869 5507 oi
2927 5453 3239 5516 ἀπόστολοι,
3298 5451 3387 5504 ἵνα
3445 5450 3760 5522 μηδὲν¹ἕτι

2178 5547 2479 5616 παραλυπῇ
2507 5546 2603 5617 τὴν
2643 5546 2969 5613 Ἐκκλησίαν
3005 5545 3336 5616 ἀδιόρθωτον
3379 5542 3439 5597 ὃν
3486 5544 3595 5597 τῶν
3638 5543 3759 5596 δεοο

2181 5640 2360 5711 μένων
2390 5638 2842 5709 ἐπανορθώσεως.
2875 5639 2935 5690 Εἰ
2972 5641 3078 5708 γὰρ
3100 5638 3194 5690 καὶ
3235 5636 3310 5707 μὴ
3335 5636 3396 5690 τὸ
3423 5637 3568 5698 ὅλον,
3595 5633 3758 5698 ἀλλὰ,

2178 5731 2362 5801 χάριτι
2385 5729 2479 5782 τοῦ
2502 5731 2602 5798 τὴν
2626 5728 2844 5782 αἰώνιον
2869 5728 2976 5782 τῶν
3002 5729 3312 5797 ἀνθρώπων
3344 5729 3632 5784 διάστασιν
3677 5728 3760 5789 εἰς

2182 5823 2377 5877 ἕνωσιν
2441 5820 2977 5890 μετασκευάσαντος,
3019 5824 3051 5894 ἠ
3087 5821 3207 5875 καθ’
3253 5822 3403 5897 ἡμᾶς
3454 5819 3764 5889 ἀπείληςπν
