4152 6410
485 346 592 409 283

1631 350 1953 413 NICOLAI
1995 351 2108 413 ΟΡ.
2151 352 2668 416 PATRIARCIl/E

489 457 824 528 gloriﬁcetur
852 458 996 514 Deus
1034 459 1088 515 in
1119 459 1250 526 illis,
1292 460 1678 532 gloriﬁcemini
1709 473 1765 519 et
1791 479 1911 531 vos,
1939 479 2080 535 pra!-

2192 467 2398 532 πεδείας
2422 469 2486 522 ἐκ
2508 468 2619 522 τῶν
2658 469 2752 522 ὑπ’
2779 468 2990 524 ἐκείνου
3023 471 3406 542 κατεχομένων
3430 472 3642 544 ψυχῶν,
3675 478 3770 528 καὶ

489 552 630 608 senti
657 551 861 608 saeculo
913 562 970 608 et
1021 551 1230 622 futuro,
1277 553 1462 609 divina
1513 562 1567 610 et
1613 555 1906 612 immortali
1959 558 2074 628 glo-

491 658 594 703 rta.

2180 557 2568 622 ἀνατέλλοντες
2591 560 2775 624 αὐτοῖς
2818 564 2919 632 τῆς
2968 562 3244 633 σωτηρίας
3281 563 3343 616 τὸ
3371 564 3577 634 φέγγος
3600 582 3613 595 ·
3652 565 3773 630 ἵνα,

2177 649 2244 703 δι’
2265 650 2420 721 ὑμῶν
2441 655 2540 721 τῆς
2564 653 2799 716 πίστεως
2820 652 3008 708 αὐτόθι
3031 654 3448 726 κρατυνθείσης,
3473 655 3771 726 δοξάζηται

493 735 592 804 μὲν
617 737 645 789 ὁ
679 735 814 799 Θεὸς
859 738 916 791 ἐν
973 737 1182 804 αὐτοῖς,
1215 737 1566 812 δοξασθείητε
1607 739 1666 794 δὲ
1696 703 1790 796 καὶ
1822 743 1982 812 ὑμεῖς
2023 742 2082 796 ἐν
2121 743 2201 814 τῷ
2262 703 3006 816 παρόντιμαίῶνι
3032 703 3775 821 ea)“

487 827 670 900 ἀλύτῳ
702 829 850 899 δόξῃ.

567 920 673 976 Vos
692 923 882 977 multis
902 921 1132 978 detineri
1157 924 1293 990 scio,
1314 924 1610 996 multisque
1631 927 1832 982 arctari
1853 941 2070 983 sacram

491 1026 733 1073 vostram
765 1017 955 1072 vitam.
990 1017 1101 1089 Ego
1140 1019 1313 1083 enim,
1348 1030 1408 1075 ut
1439 1021 1650 1090 justum
1680 1029 1789 1087 est,
1825 1022 1931 1076 loci
1977 1035 2073 1078 so-

493 1107 778 1162 litudinem
836 1117 1117 1178 reputans,
1189 1111 1431 1166 virorum
1505 1113 1837 1182 quibuscum
1893 1112 2078 1168 vivitis

493 1214 696 1264 mores,
719 1209 772 1254 et
793 1200 994 1256 indolis
1017 1202 1402 1258 diversitatem
1436 1220 1467 1259 a
1497 1213 1687 1260 vestro
1714 1205 2084 1276 apocrisiario

490 1291 744 1349 edoceor.
780 1293 1036 1348 Attamen
1068 1309 1130 1350 ea
1158 1310 1281 1364 quae
1319 1311 1469 1352 nunc
1500 1307 1630 1352 sunt
1661 1314 1768 1352 non
1801 1307 1928 1353 sunt
1953 1315 2081 1352 can-

494 1384 669 1454 digme
700 1391 771 1440 ad
797 1388 1038 1457 futuram
1069 1388 1301 1460 gloriam
1332 1406 1451 1460 qua:
1477 1391 1792 1445 revelabitur
1821 1392 1877 1445 in
1904 1393 2090 1459 nobis;

490 1478 556 1531 ad
589 1493 753 1547 quam
795 1481 1129 1550 aspicientes
1158 1483 1517 1554 laboremqne
1553 1494 1610 1540 et.
1655 1486 1938 1556 angustias
1992 1495 2085 1542 se-

488 1570 671 1625 cundo
709 1570 832 1628 loco
882 1582 1189 1642 ponentes,
1263 1577 1576 1632 beatiﬁcum
1642 1588 1888 1634 vestrum
1943 1595 2087 1649 opus

487 1662 735 1730 perlicite
776 1674 833 1720 et
863 1666 1015 1722 omni
1057 1677 1264 1724 conatu
1314 1671 1628 1727 ﬁrmitatem
1685 1690 1880 1731 recens
1931 1691 2086 1730 com-

2256 918 2389 978 Οἶδα
2423 923 2522 994 μὲν
2552 923 2636 976 ὅτι
2685 923 2856 976 πολλὰ
2885 924 2953 976 τὰ
2989 923 3288 994 συνέχοντα
3325 925 3491 996 ὑμᾶς,
3533 929 3629 983 καὶ
3670 933 3773 1002 τὴν

2182 1015 2338 1088 ἱερὰν
2365 1016 2518 1085 ὑμῶν
2579 1018 3017 1088 στενοχωροῦντα
3071 1019 3218 1091 ζωήν
3248 1037 3262 1053 ⁸
3289 1022 3454 1086 αὐτός
3505 1041 3563 1077 τε
3590 1026 3665 1088 ὡς
3691 1028 3774 1079 εξ-

2186 1110 2281 1175 κὸς
2315 1108 2768 1177 ἀναλογιζόμενος
2795 1109 2890 1164 τοῦ
2913 1111 3081 1164 τόπου
3107 1113 3206 1182 τὴν
3238 1113 3499 1184 ἐρημίαν,
3527 1117 3621 1170 καὶ
3658 1120 3774 1172 τῶν

2189 1203 2401 1274 ἀνδρῶν
2427 1198 2508 1262 οἷς
2538 1203 2854 1272 συνδιάγετε
2888 1204 2982 1257 τὸν
3010 1203 3242 1274 τρόπον,
3263 1208 3360 1260 καὶ
3389 1207 3484 1261 τοῦ
3523 1210 3688 1279 ήθους
3712 1211 3774 1264 τὸ

2189 1296 2470 1366 ἀλλότριον
2493 1296 2590 1350 καὶ
2648 1295 2799 1366 παρά
2832 1295 2928 1349 τοῦ
2976 1297 3133 1367 ὑμῶν
3163 1299 3590 1371 ἀποκρισιαρίου
3611 1303 3774 1357 τοῦτο

2186 1389 2320 1444 αύτδ
2381 1388 2673 1458 διδαχθείς.
2712 1389 2906 1459 Ὅμως
2956 1389 3059 1444 οὐκ
3093 1390 3221 1456 ἀξια
3254 1391 3322 1444 τά
3359 1394 3512 1463 παρά
3542 1393 3636 1448 τοῦ
3675 1395 3772 1449 νῦν

2185 1481 2382 1552 καιροῦ
2437 1481 2574 1552 πρὸς
2628 1481 2728 1550 τὴν
2777 1481 3078 1550 μέλλουσαν
3106 1481 3265 1547 δόξαν
3312 1485 3773 1556 ἀποκαλυφθῆναι

2186 1575 2336 1645 ὑμῖν,
2381 1575 2520 1644 πρὸς
2547 1573 2617 1646 ἢν
2644 1573 2959 1645 ἀφορῶντες
2989 1575 3082 1628 κοιλ⁹
3107 1575 3200 1630 τὸν
3232 1576 3394 1630 πόνον
3414 1580 3509 1631 καὶ
3535 1578 3633 1648 τὴν
3660 1597 3777 1633 στε-

2185 1667 2452 1738 νοχωρίαν
2491 1669 2549 1720 ἐν
2574 1667 2818 1738 δευτέρῳ
2861 1666 3161 1736 τιθέμενοι,
3212 1667 3274 1720 τὸ
3312 1669 3586 1739 μακάριον
3615 1671 3778 1742 ἔργον

3661 357 3769 420 BM
3868 416 3884 428 .

492 1757 713 1823 punctis
739 1758 946 1827 addite,
973 1772 1027 1816 et
1055 1762 1136 1817 eis
1167 1764 1544 1834 relinquentes
1567 1769 1660 1836 qui
1693 1784 1796 1838 pro
1827 1769 1981 1824 vobis
2018 1770 2085 1824 ad

2192 1759 2346 1827 ὑμῶν
2372 1756 2720 1821 τελειώσατε,
2765 1758 2861 1810 καὶ
2888 1756 3039 1829 πάσῃ
3079 1756 3308 1826 δυνάμει
3354 1757 3445 1810 τὸν
3472 1761 3776 1829 στηριγμδν

490 1864 745 1906 securam
778 1851 924 1908 viam
956 1869 1053 1910 eos
1090 1855 1343 1911 doctrina
1372 1858 1612 1928 dirigere
1637 1858 1840 1915 debent
1863 1876 2084 1915 eorum-

2192 1853 2292 1913 τοῖς
2325 1850 2618 1917 νεοπαγέσι
2667 1849 3103 1919 περιποιήσασθε
3131 1864 3144 1879 ·
3199 1849 3294 1902 καὶ
3332 1850 3776 1921 καταλιμπάνον-

488 1957 596 2012 quc
627 1943 861 2000 salutem
899 1961 1136 2014 curare;
1181 1958 1429 2018 tempore
1478 1966 1574 2006 vos
1610 1951 1882 2006 invitante
1924 1951 2088 2006 simul

2192 1960 2276 2005 τες
2303 1941 2488 2002 αὐτοῖς
2520 1941 2647 2002 τοὺς
2678 1938 2970 2010 ἀνθ’ύμῶν
3007 1939 3306 2009 μέλλοντας
3354 1943 3419 2011 τῇ
3453 1941 3778 2011 διδασκαλίᾳ

490 2049 555 2088 ac
608 2037 974 2103 inspiratione
1014 2040 1245 2107 divina,
1295 2043 1363 2098 ad
1417 2053 1663 2100 nostram
1717 2047 2085 2103 humilitatem

2192 2040 2322 2106 πρὸς
2345 2033 2446 2104 τὴν
2493 2031 2711 2100 ἀπλανῆ
2749 2031 2866 2085 όδδν
2891 2034 3116 2094 τούτους
3155 2031 3658 2102 καθοδηγήσασθαι,
3687 2035 3779 2087 καὶ

497 2127 782 2194 accurrite,
815 2131 1049 2200 propriis
1087 2134 1267 2191 verbis
1300 2145 1544 2192 nostram
1575 2138 1913 2210 adaugentes
1957 2156 2082 2210 gra-

470 2216 630 2271 ~tiam
659 2236 823 2289 quam
852 2238 916 2277 ex
947 2224 1013 2281 iis
1055 2226 1150 2296 qui
1197 2228 1263 2282 ad
1299 2229 1580 2305 Christum
1615 2246 1712 2300 per
1748 2232 2080 2302 baptismum

489 2310 844 2368 adducuntur
872 2318 1314 2388 possidemus,ct
1341 2320 1604 2377 Ecclesia:
1634 2324 1837 2378 laetitia.-
1870 2325 2092 2393 partici-

488 2411 682 2470 pantes
713 2419 875 2473 quam
917 2406 1210 2464 invocatur
1244 2412 1348 2466 sibi
1395 2411 1497 2482 ipsi
1530 2413 1880 2482 sperantibus
1905 2429 2000 2482 per
2031 2428 2090 2468 se

489 2493 667 2562 ipsum
697 2497 948 2553 adhibuit
977 2500 1071 2570 qui
1113 2510 1197 2556 est
1257 2516 1355 2571 per
1399 2503 1642 2572 scipsum
1684 2502 1936 2558 Salvator
1991 2518 2088 2558 uo-

489 2596 603 2641 ster
631 2597 683 2641 et
721 2588 889 2649 Deus.

2187 2128 2285 2198 τῆς
2320 2123 2598 2194 σωτηρίας
2645 2121 2828 2175 αὐτῶν
2880 2121 3398 2192 ἀντιλαμϐάνεσθαι,
3447 2122 3641 2192 καιροῦ
3672 2141 3780 2177 κα·-

2191 2218 2411 2281 λοῦντος
2445 2215 2588 2287 μετὰ
2636 2215 2736 2285 τῆς
2777 2213 2988 2269 ἀνωθεν
3028 2215 3460 2279 συνεπινεύσεως
3509 2215 3646 2284 πρὸς
3675 2221 3781 2286 τὴν

2194 2311 2356 2382 ήμῶν
2401 2308 2746 2380 ἀναδράμετε
2795 2307 3168 2378 μετριότητα,
3235 2306 3460 2371 οἰκείοις
3504 2323 3565 2361 τε
3598 2307 3778 2374 λόγοις

2194 2404 2454 2471 αὔξοντες
2487 2400 2643 2470 ἡμῶν
2671 2399 2772 2469 τὴν
2823 2400 3004 2470 χάριν,
3041 2401 3109 2470 ἣν
3156 2401 3249 2452 ἐπὶ
3279 2401 3391 2465 τοῖς
3429 2399 3778 2470 προσαγομέ-

2192 2515 2307 2560 νοις
2354 2493 2578 2566 Χριστῷ
2648 2493 2726 2564 τῷ
2777 2492 2897 2563 Θεῴ
2957 2493 3115 2563 ἡμῶν
3176 2495 3496 2564 κεκτήμεθα
3546 2494 3636 2547 διά
3683 2491 3780 2546 τοῦ

2196 2590 2598 2663 βαπτίσματος,
2630 2587 2726 2642 καὶ
2748 2585 3215 2657 συνησθησόμενοι
3249 2588 3342 2640 ἐπὶ
3374 2591 3438 2657 τῇ
3467 2585 3780 2657 εὐφροσύνῃ

489 2676 592 2742 τῆς
669 2681 1021 2754 Ἐκκλησίας,
1073 2684 1140 2754 ἧν
1207 2683 1582 2756 παρακληθεὶς
1641 2683 1732 2755 ὑφ’
1795 2683 1992 2741 ἑαυτοῦ
2058 2684 2087 2738 ὁ
2139 2682 2334 2754 Σωτὴρ
2417 2681 2576 2751 ἡμῶν
2635 2679 2730 2732 καὶ
2794 2676 2928 2740 Θεὸς
2989 2678 3105 2740 τοῖς
3166 2676 3254 2730 ἐπ’
3304 2677 3455 2748 αὐτῷ
3505 2676 3780 2749 παρέσχεν

488 2773 827 2840 ἐλπίζουσιν.

1055 2889 1272 2948 LXXX.
1316 2891 1551 2949 Incerto.

564 3005 800 3061 Litteras
844 3015 999 3072 tuas,
1034 3005 1110 3060 mi
1153 3005 1261 3072 lili,
1298 3009 1646 3078 accepimus;
1675 3017 1725 3065 et
1758 3007 1825 3066 de
1858 3018 2078 3065 castro-

2787 2848 2869 2934 Πο.
2911 2879 3156 2950 uenae.

2257 3005 2340 3059 Τά
2361 2996 2669 3075 γράμματά
2724 3018 2841 3068 σου,
2866 3001 3062 3054 τέκνον
3107 3001 3288 3071 ήμῶν,
3323 3001 3651 3072 ἐδεξάμεθα,
3681 3004 3779 3057 καὶ

497 3116 618 3156 rum
649 3099 976 3167 vastatione,
1008 3109 1302 3171 antequam
1336 3100 1463 3156 inde
1481 3100 1682 3165 exit-es,
1705 3107 1759 3154 et
1791 3109 1842 3155 te
1861 3109 1916 3154 et
1943 3101 2080 3156 alios

2192 3099 2318 3168 περὶ
2377 3097 2478 3167 τῆς
2524 3095 2866 3166 ἐρημώσεως
2919 3094 3031 3146 τῶν
3079 3093 3335 3165 κάστρων
3386 3094 3480 3147 καὶ
3526 3093 3633 3165 πρὸ
3682 3094 3781 3148 τοῦ

494 3193 842 3259 audivimus;
886 3201 940 3246 et
981 3192 1097 3248 scio
1141 3201 1194 3246 te
1239 3201 1375 3248 tunc
1419 3208 1548 3248 vera
1591 3193 1797 3248 dixisse
1846 3201 1893 3247 et
1935 3207 2082 3247 nunc

493 3287 695 3341 dicere.
731 3284 803 3340 Ea
834 3285 997 3355 igitur
1019 3287 1262 3341 scribere
1292 3286 1669 3357 supersedens
1695 3285 1858 3341 nobis
1905 3286 2084 3340 scribe

499 3392 573 3443 te,
628 3377 740 3432 Deo
796 3378 1109 3449 adjuvante,
1156 3393 1341 3434 rerum
1395 3388 1729 3433 vastatarum
1768 3378 2082 3433 restitutio-

497 3483 621 3522 nem
652 3467 868 3534 fecisse,
901 3469 1085 3524 omnia
1113 3485 1236 3540 qure
1292 3470 1506 3538 priores
1552 3469 1742 3530 tluccS’
1759 3468 2083 3539 negligentia

495 3576 596 3616 sua
631 3559 1000 3630 perdiderant,
1051 3570 1104 3617 te
1136 3560 1423 3631 prudentia
1472 3571 1560 3614 tua
1609 3559 1986 3629 acquisivisse,
2023 3566 2079 3612 et

497 3667 631 3707 cura
669 3662 762 3706 tua
781 3641 1088 3708 'stabilissc.
1115 3652 1194 3706 Ita
1216 3653 1360 3706 enim
1388 3651 1565 3720 major
1593 3649 1879 3720 apparebit
1911 3648 2086 3702 virtus

498 3753 612 3810 tua,
645 3751 699 3798 et
732 3757 931 3814 magno
959 3753 1152 3799 nostro
1196 3740 1521 3812 imperatori
1566 3741 1810 3811 placebis
1838 3739 2087 3811 dignam-

496 3852 605 3905 que
657 3837 724 3891 ab
756 3851 824 3892 eo
883 3837 1132 3891 mercede
1175 3834 1400 3891 frueris.
1454 3833 1529 3888 De
1580 3834 1762 3906 impiis
1808 3843 1862 3889 et
1909 3832 2088 3886 atheis

498 3929 749 3984 hostibus
798 3927 982 3984 sciens
1035 3944 1146 3983 non
1207 3926 1262 3981 in
1317 3925 1505 3996 p0puli
1565 3924 1917 3980 multitudine
1967 3937 2089 3978 esse

497 4021 688 4088 robur,
749 4021 844 4077 sed
904 4020 958 4075 in
1015 4019 1231 4090 iustitia
1293 4028 1461 4090 atque
1503 4017 1822 4078 concordia,
1869 4015 2088 4070 etiamsi

500 4131 706 4184 paucos
744 4115 948 4169 habeas
979 4114 1204 4176 milites,
1245 4113 1351 4166 hoc
1382 4127 1477 4166 eos
1508 4111 1663 4173 doce,
1710 4108 1928 4170 fortiter
1960 4123 2088 4164 cum

499 4209 606 4264 illis
669 4223 872 4278 pugna,
915 4215 970 4261 et
1013 4206 1238 4262 Christo
1285 4215 1339 4260 et
1388 4202 1662 4259 Salvatori
1691 4211 1884 4256 nostro
1916 4201 2092 4256 innixi

499 4316 788 4372 Speramus
827 4307 880 4354 te
911 4300 980 4355 iis
1015 4300 1108 4370 qui
1141 4301 1194 4353 in
1229 4299 1410 4369 populi
1446 4295 1824 4368 magnitudine
1856 4293 2094 4364 glorian-

499 4405 589 4448 tur
615 4394 755 4449 felici
776 4409 1037 4450 successu
1069 4401 1452 4463 regnaturum.

2187 3187 2431 3254 ἐξελθεῖν
2460 3204 2519 3239 σε
2548 3186 2658 3239 τῶν
2686 3184 2923 3238 ἐνταῦθα
2959 3185 3088 3246 τοὺς
3116 3183 3309 3252 λόγους
3333 3185 3650 3254 ἠκούσαμεν
3688 3186 3782 3238 καὶ

2189 3279 2340 3350 ποιρά
2367 3279 2484 3343 σοῦ,
2513 3278 2704 3330 τέκνον
2739 3277 2920 3347 ἡμῶν,
2950 3277 3044 3329 καὶ
3067 3277 3198 3347 παρ’
3243 3277 3446 3346 ἐτέρων
3474 3292 3489 3307 ο
3538 3279 3633 3330 καὶ
3663 3272 3783 3331 οἴδα

2186 3374 2267 3427 ὅτι
2321 3371 2418 3425 καὶ
2467 3371 2590 3423 τότε
2643 3369 2817 3441 ἀληθῆ
2864 3369 3071 3437 ἔλεγες,
3107 3369 3202 3422 καὶ
3241 3369 3338 3423 νῦν
3380 3368 3553 3440 ἀληθῆ
3579 3371 3780 3439 λέγεις.

2189 3461 2524 3517 Καταλιπὼν
2583 3459 2678 3514 οὖν
2737 3461 2922 3514 ἐκεῖνα
2967 3459 3222 3531 γράφειν,
3252 3462 3461 3526 ἐκεῖνα,
3510 3461 3604 3513 τοῦ
3646 3460 3784 3515 Θεοῦ

2188 3554 2557 3626 δυιιαμοῦντός
2611 3571 2692 3620 σε,
2755 3555 2935 3624 γράφε
2991 3555 3146 3624 ἡμῖν,
3195 3553 3278 3607 ὅτι
3344 3553 3442 3622 τὴν
3495 3552 3786 3624 διόρθωσιν

2189 3647 2436 3718 ἐποιήσω
2455 3644 2566 3698 τῶν
2603 3642 3024 3715 ἐρημωθέντων,
3055 3644 3134 3696 ὅτι
3162 3643 3261 3698 ὅσα
3282 3643 3331 3696 oi
3359 3643 3464 3712 πρὸ
3499 3643 3591 3696 σού
3619 3661 3788 3714 στρα-

2189 3740 2531 3810 τηγήσαντες
2563 3740 2628 3808 τῇ
2658 3734 2869 3789 ἑαυτῶν
2920 3736 3212 3788 ἀπώλεσαν
3261 3734 3516 3806 ἀμελείᾳ,
3551 3733 3718 3788 ταῦτα
3748 3737 3784 3806 ὴ

2194 3831 2260 3904 σὴ
2289 3832 2550 3903 φρόνησις
2580 3828 2940 3899 ἀνεκτήσατο,
2978 3827 3072 3881 καὶ
3109 3827 3178 3898 τῇ
3216 3829 3280 3898 σῇ
3316 3826 3609 3897 ἐπιμελείᾳ
3656 3843 3785 3878 συν.

2191 3921 2424 3990 εστήτω.
2480 3919 2638 3971 Οὕτω
2695 3919 2802 3987 γὰρ
2861 3918 2954 3970 καὶ
3002 3918 3035 3986 ή
3074 3917 3242 3988 ἀρετή
3304 3932 3397 3968 σου
3439 3915 3531 3970 ἐπὶ
3582 3915 3788 3986 μᾶλλον

2191 4010 2612 4084 διαφανήσεται,
2676 4013 2769 4065 καὶ
2835 4012 2926 4065 τὸν
2981 4012 3157 4082 μέγαν
3213 4011 3370 4082 ἡμῶν
3421 4010 3787 4083 θεραπεύσεις

2196 4105 2444 4176 βασιλέα,
2477 4106 2572 4159 καὶ
2601 4106 2700 4176 τῆς
2733 4104 2888 4170 ἀξίας
2921 4104 3052 4174 παρ’
3091 4105 3256 4158 αὑτοῦ
3289 4105 3610 4168 ἀντιδόσεως
3645 4105 3787 4157 ἀπο-

2193 4199 2437 4265 λαύσεις,
2503 4201 2640 4271 Περὶ
2702 4199 2758 4252 δὲ
2817 4199 2926 4251 τῶν
2969 4197 3183 4251 ἀσεϐῶν
3228 4200 3322 4252 καὶ
3353 4198 3532 4253 ἀθέων
3571 4198 3788 4268 ἐχθρῶν

2194 4290 2356 4344 τοῦτο
2385 4290 2693 4359 γινώσκων,
2727 4289 2810 4342 ὅτι
2843 4289 2943 4342 οὐκ
2976 4289 3035 4340 ἐν
3081 4286 3275 4357 πλήθει
3304 4287 3434 4339 λαοῦ
3466 4289 3496 4356 ἡ
3530 4287 3786 4356 δύναμις,

2196 4385 2313 4438 ἀλλ’
2345 4385 2405 4439 ἐν
2435 4382 2755 4455 δικαιοσύνῃ
2808 4384 2903 4436 καὶ
2941 4381 3237 4452 όμοψυχίᾳ,
3273 4381 3378 4436 κᾶν
3411 4380 3625 4450 ὀλίγους
3653 4379 3787 4450 ἔχῃς

495 4491 625 4552 τοὺς
661 4489 766 4542 ὑπὸ
803 4489 885 4553 σὲ,
935 4487 1112 4542 ταῦτα
1144 4486 1418 4543 παιδεύων
1463 4484 1685 4551 αὐτοὺς,
1720 4485 1838 4555 μετ’
1870 4483 2100 4537 ἐκείνων
2135 4481 2408 4551 ἀγωνίζου
2468 4480 2792 4552 προθύμως,
2814 4478 2910 4532 καὶ⁸
2951 4475 3296 4547 πεποίθαμεν
3326 4475 3549 4548 Χριστῷ
3568 4473 3645 4545 τῷ
3666 4473 3793 4545 Θεῷ

498 4584 595 4637 καὶ
649 4583 864 4653 Σωτῆρι
923 4581 1102 4654 ήμῶν,
1159 4583 1243 4635 ὅτι
1299 4581 1440 4654 ὑπὲρ
1468 4583 1598 4645 τοὺς
1641 4580 1699 4632 ἐν
1740 4577 1937 4650 πλήθει
1960 4575 2096 4631 λαοῦ
2136 4575 2532 4648 καυχωμένους
2559 4572 2967 4642 εὐδοκιμήσεις.

1059 4701 1300 4756 LXXXI.
1345 4678 1584 4756 Incert'o.

572 4819 726 4890 Apud
780 4820 1036 4874 homines
1083 4817 1256 4873 multa
1289 4817 1588 4886 fdicuntur,
1632 4829 1932 4886 eorumque
1967 4814 2090 4884 plu-

502 4915 642 4969 rima
701 4915 754 4984 (ο
813 4913 1066 4968 homines
1114 4912 1181 4968 ad
1232 4912 1417 4982 pejora
1471 4927 1689 4983 semper
1742 4910 2091 4983 propensos),

503 5004 774 5060 mendacii
826 5003 1118 5060 haereditas
1149 5010 1318 5071 sunt;
1357 5004 1620 5059 nonnulla
1652 5013 1831 5059 tamen
1862 5001 2016 5056 novit
2043 5009 2096 5054 ct

501 5101 726 5154 veritas.
771 5099 990 5162 Dicunt,
1043 5097 1251 5168 optime
1297 5097 1401 5164 vir,
1447 5096 1635 5153 odium
1682 5096 1736 5150 in
1784 5110 1888 5150 nos
1921 5093 2092 5166 (quod

502 5191 684 5245 dicere
743 5189 1033 5260 erubesco)
1089 5198 1142 5246 te
1206 5189 1414 5247 fovere.
1472 5188 1612 5255 Quid
1668 5187 1814 5243 enim
1872 5202 2087 5251 sumus,

506 5281 760 5352 quamvis
797 5281 958 5337 nobis
990 5281 1150 5338 datus
1180 5281 1253 5339 sit
1281 5288 1502 5352 optatus
1545 5295 1575 5334 a
1618 5278 1802 5334 multis
1838 5278 2090 5342 thronus,

509 5385 731 5447 propter
785 5389 880 5431 eas
931 5375 1174 5432 rationes
1226 5390 1366 5445 quas
1402 5374 1492 5428 ille
1519 5373 1692 5440 novit,
1732 5373 1825 5444 qui
1871 5380 1930 5428 ut
1961 5370 2094 5425 mihi

506 5469 731 5523 daretur
755 5466 967 5523 voluit?
1003 5465 1260 5522 Sedenim
1291 5479 1396 5520 non
1431 5480 1532 5522 nos
1558 5465 1685 5521 odio
1717 5463 2092 5536 prosequeris,

506 5558 599 5613 sed
623 5559 1027 5616 immaculatam
1046 5567 1098 5614 et
1119 5573 1256 5629 puro
1278 5559 1544 5629 sanguine
1567 5567 1841 5622 ornatam,
1863 5556 1984 5612 Filii
2006 5555 2098 5609 Dei

509 5666 791 5720 sponsam.
851 5651 917 5707 Et
971 5653 1095 5708 ideo
1131 5659 1495 5723 jquaecunque
1570 5654 1744 5707 vertis
1798 5660 1985 5707 contra
2019 5659 2104 5703 te-

515 5750 696 5813 ipsum
727 5747 918 5812 vertis,
956 5746 1165 5802 cxcitas
1201 5753 1382 5802 autem
1421 5755 1475 5802 et
1518 5746 1653 5800 alios
1701 5744 1767 5798 ad
1805 5753 2102 5807 certamen,

521 5847 577 5890 ut
611 5838 830 5908 quidem
861 5849 1046 5911 putas,
1094 5841 1358 5898 adversus
1394 5856 1512 5908 nos,
1551 5838 1641 5896 sed
1687 5854 1872 5897 revera
1919 5847 2106 5896 contra

2118 4703 2170 4764 D

2779 4691 2908 4746 ΠΝ.
2949 4692 3204 4760 Ἀδήλφ.

2265 4816 2501 4883 Λέγεται
2535 4810 2710 4884 πολλὰ
2771 4809 2922 4880 παρά
2972 4809 3303 4880 ἀνθρώποις,
3343 4809 3439 4863 καὶ
3487 4807 3691 4861 τούτων
3721 4806 3791 4858 τά

2199 4907 2296 4977 μὲν
2326 4904 2496 4958 πλείω
2525 4902 2650 4975 (φεῦ
2707 4903 2807 4972 τῆς
2834 4903 2927 4955 ἐπὶ
2955 4902 3023 4954 τὰ
3051 4901 3219 4972 χείρω
3272 4900 3510 4963 νεύσεως
3554 4899 3663 4951 τῶν
3689 4899 3790 4951 ἀν-

2197 4999 2431 5071 θρώπων
2457 4997 2496 5067 ι)
2566 4996 2662 5050 τοῦ
2693 4995 2924 5067 ψεύδους
2972 4997 3088 5050 ἐστὶ
3119 4995 3479 5066 κληρονομία,
3519 4993 3634 5045 ἔστι
3663 4991 3720 5044 δὲ
3753 4989 3793 5045 ἃ.

2197 5089 2460 5160 γινώσκει
2519 5092 2612 5143 καὶ
2669 5087 2982 5160 ἠάλήθεια.
3015 5088 3248 5156 Λέγεται
3285 5087 3417 5158 περὶ
3461 5086 3580 5152 σοῦ,
3615 5084 3791 5154 ἀγαθὲ

2197 5188 2293 5239 καὶ
2349 5183 2484 5239 καλὲ
2516 5183 2800 5254 ἄνθρωπε,
2842 5182 2917 5246 ὡς
2963 5181 3294 5253 ἐχθραίνεις,
3328 5179 3656 5251 αἰσχύνομαι
3695 5177 3790 5231 λέο

2199 5295 2339 5347 γειν,
2372 5276 2508 5346 πρὸς
2543 5278 2713 5348 ἡμᾶς,
2736 5275 2803 5330 Τί
2831 5277 2941 5348 γάρ
2969 5277 3160 5346 ἐσμεν,
3191 5277 3239 5328 εί
3271 5275 3368 5329 καὶ
3395 5278 3486 5328 τὸν
3517 5272 3762 5342 πολύφθο

2203 5388 2294 5424 νον
2323 5369 2785 5442 ἐγκεχειρίσμεθα
2809 5370 3017 5440 θρόνον,
3050 5368 3117 5422 δι’
3149 5368 3216 5432 ἀς
3251 5364 3391 5422 οἶδεν
3419 5367 3600 5429 αἰτίας
3640 5367 3791 5430 ὅπως

2196 5464 2338 5517 εἴπω
2395 5463 2584 5517 τοῦτον
2628 5461 3038 5535 ἐγχειρισθῆναι
3091 5458 3411 5530 κεκρικώς;
3471 5457 3633 5512 Ἀ).λά
3678 5457 3792 5528 γὰρ

2199 5555 2508 5627 ἐχθραίνεις
2530 5555 2590 5609 ού
2630 5553 2768 5626 πρὸς
2792 5555 2958 5626 ἡμᾶς,
2997 5554 3133 5624 πρὸς
3178 5553 3234 5606 δὲ
3275 5551 3373 5623 τὴν
3396 5553 3664 5623 ἄχραντον
3696 5551 3792 5602 καὶ

2203 5648 2561 5718 ἡρμοσμένην
2620 5648 2813 5717 αἵματι
2865 5647 3122 5717 ἀχράντῳ
3171 5645 3389 5716 νύμφην
3423 5644 3500 5714 τῷ
3544 5643 3659 5712 Υἱῷ
3694 5641 3791 5695 τοῦ

2207 5740 2341 5793 Θεοῦ
2364 5757 2377 5770 ·
2407 5740 2610 5794 καὶδιά
2648 5739 2808 5794 τοῦτο
2871 5740 3122 5812 στρέφεις
3178 5739 3278 5810 μὲν
3316 5737 3456 5792 κατά
3497 5735 3724 5790 σεαυτὸν
3755 5735 3793 5790 ἀ

2216 5837 2485 5910 στρέφεις,
2527 5837 2777 5909 reveni;
2816 5836 2870 5891 δὲ
2930 5837 3023 5891 καὶ
3068 5836 3280 5901 ἄλλους,
3318 5837 3393 5901 ὡς
3429 5831 3527 5905 μὲν
3557 5834 3680 5898 οἴει,
3712 5830 3795 5901 τῷ
