4152 6458
475 429 590 492 2δὸ

1967 429 2378 492 ΕΡΙΞΤΟ[.Ἐ.

3665 429 3771 494 286

479 535 614 592 καθ’
643 533 808 606 ἡμῶν
869 535 1261 606 συνασπισμῷ,
1297 535 1375 603 τῷ
1416 535 1473 588 δὲ
1505 534 1698 605 ἀληθεῖ
1756 534 1902 605 λόγῳ
1948 537 2076 589 κατό

2197 538 2442 609 ipsorum
2493 540 2748 597 salutem.
2789 539 2900 596 Nos
2932 540 3100 604 enim,
3139 539 3301 596 etiam
3343 539 3552 609 absque
3586 546 3770 593 vestro

477 632 586 698 τῆς
650 625 866 689 ἑαυτῶν
948 626 1250 698 σωτηρίας.
1327 626 1518 695 Ἱιμεῖς
1583 627 1695 698 γὰρ
1748 628 1844 680 καὶ
1909 626 2080 697 χωρίς

474 723 585 792 τῆς
645 720 929 793 ὑμετέρας
999 721 1270 790 συσκευῆς
1336 720 1554 784 πάντως
1609 719 1642 791 ἦ
1706 719 1804 774 νῦν
1863 721 1896 793 ἢ
1962 719 2082 788 μετ’

476 814 669 882 ἀλίγον
731 812 1036 883 κεισόμεθα
1093 814 1152 865 ὲν
1211 813 1366 882 τάφῳ
1413 813 1692 883 λυόμενοι,
1743 815 1880 885 ὅπερ
1949 814 2095 884 ὑμῖν

477 909 602 958 ἐστι
674 904 768 958 διὰ
828 903 1090 972 σπουδῆς.
1136 904 1302 957 Ᾱύτοὶ
1369 904 1428 958 δὲ
1487 905 1584 958 καὶ
1647 905 1809 977 ἡμῶν
1859 907 2084 975 ἀποιχοο

482 1001 670 1069 μένων
728 998 901 1070 πείρᾳ.
951 997 1264 1069 μαθήσεσθε
1300 997 1394 1050 τοῦ
1438 997 1816 1068 συνασπισμοῦ
1850 997 1911 1052 τι)
1948 999 2082 1069 κέρ-

484 1092 596 1155 εος.
623 1088 804 1143 Τοῦτο
841 1087 897 1142 δέ
924 1106 1106 1160 φαμεν
1133 1089 1238 1142 ὑπὸ
1276 1088 1512 1159 μάρτυρι
1541 1087 1681 1160 Θεῷ,
1715 1088 1812 1142 καὶ
1845 1089 1918 1160 μὴ
1951 1089 2082 1142 άπι-

495 1185 734 1257 στήσῃςο
768 1181 1215 1251 ἀπαραλόγιστος
1269 1182 1376 1250 γὰρ
1424 1181 1453 1234 ό
1519 1181 1770 1250 μάρτυς·
1820 1179 1944 1234 οὔτε
1983 1183 2080 1236 ἀν-

491 1275 693 1343 θρώπῳ
735 1271 1104 1343 ἐντευξόμεθα
1157 1272 1282 1325 καθ’
1313 1272 1468 1343 ὑμῶν
1496 1271 1620 1326 οὕτε
1661 1272 1779 1344 Θεῷ
1802 1291 1819 1307 ο
1848 1273 2079 1344 ἐπείπερ

489 1362 606 1420 οἶδα
657 1366 743 1420 ὅτι
803 1365 1009 1436 μᾶλλον
1051 1362 1384 1418 σιωπώντων
1439 1365 1619 1435 ήμῶν,
1673 1366 1706 1434 ἡ
1749 1366 2079 1436 ἀπροσωπο-

485 1461 697 1530 ληπτος
722 1459 818 1512 καὶ
848 1457 969 1511 θεία
997 1457 1260 1527 ἐπόψεται
1284 1457 1407 1528 δίκη
1446 1459 1547 1528 τὴν
1583 1458 1856 1528 ὑμετέραν
1883 1458 2081 1528 προαί-

489 1569 551 1622 ρε
560 1570 667 1607 σιν.

488 1687 623 1742 HB'.
654 1688 740 1754 Τῷ
759 1686 1274 1756 περιφανεστάτω,
1298 1688 1681 1755 ἠγαπημένῳ,
1702 1684 2080 1756 πνενματικῷ

564 1759 756 1822 τέκνῳ
785 1757 1182 1825 Λανδούλεσῳ,
1218 1757 1562 1823 ἀνθυπάτῳ,
1605 1759 1904 1822 Νικόλαος
1930 1755 2083 1819 ἐλέῳ

577 1831 729 1884 Θεοῦ
761 1829 1222 1897 ἀρχιεπίσκοπος
1244 1829 1969 1892 Κωνσταντινουπόνίεως.

581 1986 653 2043 Τὸ
698 1987 903 2056 γεγονὸς
957 1989 1040 2052 είς
1098 1985 1192 2041 τὸν
1261 1987 1558 2057 πατρίκιον
1619 1987 1716 2040 καὶ
1763 1985 2079 2057 στρατηγὸν

495 2081 878 2150 Οὐρσολέοντα,
915 2079 1014 2134 καὶ
1040 2079 1148 2151 πρὸ
1172 2079 1284 2134 τῶν
1333 2080 1684 2150 γραμμάτων
1722 2095 1840 2144 σου,
1887 2079 2078 2132 τέκνον

487 2175 671 2243 ήμῶν,
725 2172 1075 2244 προλαϐοῦσα
1142 2173 1178 2243 ή
1219 2173 1379 2243 φήμη
1435 2171 1737 2242 ἐγνώρισεν
1784 2173 1939 2242 ἡμῖν,
1984 2171 2079 2224 καὶ

481 2265 790 2338 ἐδεξάμεθα
823 2267 1001 2337 λύπην
1029 2265 1205 2336 αὐτῆς
1230 2265 1388 2338 ήμῶν
1403 2265 1504 2336 τῆς
1525 2264 1709 2336 ψυχῆς
1736 2264 2074 2335 ἁπτομένην,

476 2357 544 2411 τὸ
595 2359 697 2428 μὲν
735 2359 826 2414 διὰ
870 2359 962 2414 τὸν
985 2357 1218 2412 θάνατον
1267 2359 1481 2412 ἐκείνου
1514 2375 1576 2411 τε
1615 2359 1711 2412 καὶ
1747 2358 1856 2412 τῶν
1875 2357 2075 2427 ὁμοίως

476 2450 889 2516 ἀποθανόντων,
914 2450 976 2505 τὸ
995 2450 1160 2503 πλέον
1179 2449 1240 2503 δὲ
1265 2450 1348 2503 δτι
1367 2466 1434 2503 πε
1444 2449 1499 2520 pi.
1526 2448 1645 2513 σοῦ,
1677 2449 1869 2503 τέκνον
1895 2447 2076 2520 ήμῶν,

479 2543 714 2612 πονηροὶ
763 2541 916 2611 λόγοι
977 2541 1288 2611 θεοστεφῶν
1321 2541 1588 2612 βασιλέων
1625 2542 1784 2613 ήμῶν
1828 2541 2078 2613 προσήρ-

481 2651 663 2706 χοντο,
697 2637 883 2689 πᾶσαν
928 2634 1029 2708 τὴν
1069 2636 1348 2706 πρόφασιν
1385 2635 1494 2688 τῶν
1535 2635 1724 2699 κακῶς
1778 2632 2079 2688 ἀποθανόν-

479 2745 592 2782 των
652 2731 745 2783 ἐπὶ
795 2730 856 2783 σὲ
911 2729 1196 2802 φέροντες,
1249 2730 1346 2783 καὶ
1387 2729 1829 2801 κατηγοροῦντες
1865 2728 1931 2780 ὲκ
1979 2725 2078 2795 τῆς

480 2819 698 2890 ὑψηλῆς
729 2821 822 2872 καὶ
852 2821 1098 2891 μεγάλης
1133 2820 1436 2892 βασιλείας,
1482 2816 1551 2894 ἦς
1588 2820 1685 2874 καὶ
1721 2819 1831 2873 τῶν
1855 2818 2076 2888 εὐεργε-

481 2913 617 2965 σιῶν
647 2912 986 2978 ἀπέλαυσας,
1026 2912 1123 2967 καὶ
1165 2913 1266 2984 τῆς
1294 2913 1462 2984 τιμῆς
1507 2912 1604 2966 καὶ
1638 2912 1735 2982 τῆς
1761 2909 1938 2979 δόξης,
1977 2910 2077 2979 ὅση

480 3005 618 3075 παρ’
681 3005 855 3074 αὐτῆς
911 3021 994 3058 σοι
1038 3003 1358 3076 δεδώρηται.
1435 3001 1818 3072 Ἐλυπούμεθα
1857 3001 1952 3054 οὖν
1986 2997 2078 3053 διὰ

477 3097 681 3158 ταῦτα.
710 3099 901 3152 τέκνον
949 3097 1129 3168 ήμῶν,
1171 3097 1246 3160 ὡς
1272 3095 1452 3163 εἷπον,
1477 3095 1657 3165 λύπην
1687 3095 1746 3147 ού
1781 3090 2076 3163 δεχομένην

480 3190 855 3258 παράκλησιν,
930 3188 1166 3258 μάλιστα
1223 3188 1533 3252 ἐννοοῦντες
1592 3187 1688 3242 καὶ
1732 3184 2077 3256 παραϐάσεις

2189 641 2480 704 apparatu,
2535 634 2784 701 omnino,
2839 635 2954 689 sive
3015 633 3227 694 statim.
3288 631 3406 688 sive
3454 639 3578 702 post
3607 629 3772 685 breve

2189 735 2430 794 tempus,
2470 727 2527 780 in
2582 722 2836 798 sepulcro
2878 726 3181 798 jaeebimns
3219 724 3446 788 mortui,
3493 723 3634 790 quod
3672 736 3770 776 vos

2190 819 2415 889 optatis.
2455 817 2562 874 Vos
2598 835 2749 886 vero,
2777 829 3068 890 postquam
3102 817 3421 882 abierimns,
3449 823 3646 869 vestrae
3680 828 3772 866 re-

2188 909 2440 966 bellionis
2467 911 2680 966 lucrum
2709 910 3079 981 experiemini.
3133 908 3245 963 Hoc
3292 909 3400 962 Deo
3434 900 3573 961 teste
3625 903 3772 960 aﬂir-

2188 1016 2425 1068 mamns,
2486 1016 2664 1072 neque
2710 1002 2978 1057 dubites:
3029 1007 3115 1055 est
3169 999 3316 1054 enim
3368 1014 3478 1053 non
3536 995 3769 1051 mendax

2189 1093 2368 1149 testis.
2426 1091 2615 1162 Neque
2668 1093 2964 1158 hominem,
3020 1106 3196 1160 neque
3241 1090 3409 1144 Deum
3445 1097 3631 1143 contra
3673 1101 3801 1141 vos.

2185 1185 2585 1255 compellimus.
2643 1183 2900 1254 quoniam
2952 1184 3106 1247 scio,
3167 1181 3407 1237 divinam
3453 1179 3768 1250 justitiam,

2185 1294 2306 1348 quae
2336 1293 2692 1348 personarum
2726 1279 3098 1347 acceptionem
3131 1289 3239 1329 non
3268 1273 3419 1339 facit,
3453 1288 3563 1342 quo
3593 1271 3770 1339 magis

2184 1370 2512 1438 tacebimus,
2559 1384 2627 1426 eo
2676 1369 2852 1439 magis
2904 1377 3150 1424 vestrum
3198 1365 3442 1421 visuram
3488 1375 3618 1418 esse
3651 1370 3772 1416 stu-

2183 1463 2356 1518 dium.

2184 1688 2449 1745 LXXXII.
2530 1687 2923 1748 Ilhtstrissimo,
2982 1685 3210 1748 dilecto,
3289 1675 3557 1749 spirituali
3619 1673 3765 1749 ﬁlio,

2256 1755 2600 1827 Landulpho,
2627 1746 2953 1826 proconsuli,
2973 1755 3021 1807 Ν
3028 1746 3247 1827 ἱσοίοιιδ,
3269 1746 3768 1818 Deipnt'sericordia,

2257 1825 2887 1897 Constantinoiiolitanus
2921 1825 3370 1894 archiepiscopus.

2250 1990 2406 2058 Quod
2447 1989 2678 2061 patricio
2726 1996 2780 2044 et
2816 1987 2943 2043 duci
2978 1983 3286 2041 Ursoleonti
3322 1981 3573 2051 contigit,
3599 1978 3767 2034 etiam

2182 2094 2308 2138 ante
2341 2095 2461 2138 tuas
2495 2083 2728 2144 litteras,
2764 2079 2859 2144 ﬁli,
2913 2086 3102 2134 notum
3141 2076 3269 2132 fecit
3325 2075 3484 2130 nobis
3524 2085 3769 2143 praepro-

2179 2189 2308 2244 pera
2337 2174 2502 2237 fama,
2533 2181 2586 2227 et
2620 2173 2803 2226 animo
2834 2169 3150 2226 maestitiam
3181 2165 3773 2241 concepimus,‘primo

2180 2265 2398 2336 quidem
2423 2275 2641 2334 propter
2656 2263 2776 2332 ejus
2795 2271 2850 2318 et
2864 2263 3097 2317 aliorum
3127 2261 3221 2333 qui
3248 2275 3372 2316 cum
3400 2259 3491 2312 illo
3518 2256 3771 2311 similiter

2181 2359 2464 2430 perierunt
2510 2367 2766 2421 mortem,
2821 2356 3126 2426 praesertim
3186 2368 3316 2409 vero
3373 2350 3517 2422 quod
3571 2351 3636 2404 de
3693 2358 3768 2414 te,

2181 2451 2300 2518 ﬁli,
2359 2453 2614 2524 malignae
2667 2466 2699 2506 a
2757 2448 2870 2506 Deo
2925 2457 3313 2505 coronatorum
3374 2445 3765 2514 imperatorum

2181 2560 2343 2602 voces
2372 2561 2477 2600 nos
2513 2544 2770 2612 adierint,
2806 2559 3026 2598 omnem
3059 2557 3252 2597 eorum
3301 2539 3497 2596 mortis
3543 2550 3770 2592 causam

2182 2638 2234 2691 in
2291 2645 2342 2692 te
2388 2637 2763 2708 conjicientes,
2833 2645 2994 2707 teque
3042 2635 3208 2704 huius
3252 2633 3416 2703 regiae
3468 2628 3774 2700 maiestatis

2181 2729 2405 2785 nomine
2442 2739 2788 2794 accusantes,
2823 2729 2984 2798 cujus
3026 2726 3312 2783 beneﬁciis
3354 2725 3557 2779 l'ruitus
3590 2738 3672 2787 es,
3709 2730 3768 2774 et

2179 2838 2302 2894 quae
2359 2833 2412 2878 te
2443 2829 2596 2876 tanto
2636 2822 2846 2876 honore
2877 2828 2931 2873 et
2969 2820 3140 2890 gloria
3168 2814 3554 2872 circumdedit.
3591 2811 3772 2868 Mmsti

2181 2911 2346 2982 igitur
2377 2927 2571 2966 sumus
2595 2918 2898 2982 propterea,
2932 2909 3056 2962 tiliae
3093 2905 3367 2960 insolabili
3397 2901 3680 2964 maestitia,
3715 2909 3772 2954 te

2175 3005 2484 3075 jurameuta
2519 3004 2752 3059 violasse
2778 3002 3085 3073 cogitantes
3139 3013 3260 3069 qum
3301 2997 3551 3065 Augusto
3593 2993 3770 3062 impe-

2178 3100 2352 3154 ratori
2395 3108 2586 3154 nostro
2616 3098 2786 3154 Leoni
2831 3095 3189 3168 praestiteras.
3221 3091 3379 3146 Nune
3423 3097 3609 3148 autem
3641 3100 3768 3140 cum

2179 3207 2277 3262 per
2307 3202 2427 3246 tuas
2463 3192 2669 3246 litteras
2702 3205 2754 3245 ct
2785 3190 2920 3244 alias
2948 3205 2980 3245 e
3025 3186 3224 3244 castris
3250 3185 3448 3240 missas
3495 3182 3600 3236 alia
3627 3193 3769 3234 non-

478 3285 666 3352 ὅρκων
709 3281 806 3344 οὓς
868 3280 1115 3350 ἐποιήσω
1147 3281 1285 3351 πρὸς
1330 3280 1423 3334 τὸν
1461 3279 1883 3352 μακαριώτατον
1912 3276 2072 3357 ήμῶν

2180 3283 2327 3338 nulla
2367 3298 2545 3352 neque
2578 3291 2687 3337 tam
2722 3280 2866 3336 {uada
2907 3280 3203 3335 didicimus
3243 3291 3407 3347 quam
3449 3273 3594 3328 fama
3625 3285 3770 3342 prato

484 3373 716 3444 βασιλέα
769 3371 863 3426 τὸν
931 3372 1094 3442 κύριν
1151 3373 1388 3426 Λέοντα·
1438 3372 1534 3425 νῦν
1591 3372 1650 3425 δὲ
1694 3371 1783 3425 διὰ
1809 3369 1919 3425 τῶν
1965 3370 2076 3425 σῶν

481 3466 834 3535 γραμμάτων
858 3465 956 3517 καὶ
993 3463 1102 3516 τῶν
1125 3466 1188 3518 ἐκ
1217 3464 1314 3533 τῆς
1338 3464 1652 3532 κοινότητος
1683 3462 2077 3532 ἀναπεμφθέν-

481 3575 616 3622 των,
672 3558 838 3628 ’ἐτερά
897 3573 1020 3611 τινα
1069 3555 1484 3627 διδασκόμενοι,
1537 3558 1634 3609 καὶ
1680 3555 1804 3626 οὐχὶ
1850 3554 2078 3608 τοιαῦτα

478 3653 818 3721 ἀναίσχυντα
843 3645 934 3703 οἷα
979 3648 1427 3720 προαπήγγειλεν
1457 3649 1490 3719 ή
1519 3649 1698 3718 φήμη,
1731 3647 1919 3718 ὥσπερ
1951 3646 2076 3701 τινὰ

480 3744 691 3816 μικράν
725 3742 1082 3814 παραμυθίαν
1119 3743 1229 3797 τῶν
1265 3741 1583 3796 λυπούντων
1629 3743 1948 3812 ἐσχήκαμεν
1973 3757 1988 3772 ο
2027 3742 2076 3795 εί

473 3839 575 3891 καὶ
633 3835 711 3908 μή
777 3835 1054 3906 ἐλεύθεροι
1114 3835 1212 3889 καὶ
1264 3834 1409 3888 οὕτω
1446 3833 1660 3898 δικαίας
1707 3832 2076 3903 ἀναφαίνεσθε

477 3925 756 3997 μέμψεώς
802 3942 864 3979 τε
909 3928 1004 3979 καὶ
1054 3927 1461 3996 κατακρίσεως.
1511 3925 1699 3980 Ἔστω
1742 3927 1853 3995 γὰρ
1893 3925 2074 3998 ἀληθῆ

476 4022 663 4076 πάντα
707 4021 811 4074 ὅσα
858 4021 1005 4074 κατὰ
1055 4020 1148 4074 τοῦ
1201 4019 1572 4084 ἀποθανόντος
1619 4020 1914 4092 πατρικίου
1979 4020 2076 4074 καὶ

476 4113 798 4186 στρατηγοῦ
831 4114 962 4185 παρ’
1000 4113 1156 4185 ὑμῶν
1197 4114 1438 4184 ἐγράφη,
1471 4114 1603 4168 an?
1624 4114 1725 4167 ούκ
1755 4113 1865 4168 ἔδει
1887 4113 2077 4168 τοῦτον

474 4205 614 4278 παρ’
639 4204 795 4277 ὑμῶν
815 4205 913 4278 τὴν
928 4206 1202 4278 τιμωρίαν
1221 4207 1480 4272 δέξασθαι
1507 4224 1521 4239 ο
1556 4207 1693 4260 ἀλλὰ
1711 4207 1863 4279 παρὰ
1891 4207 2073 4274 τίνος;

475 4301 644 4371 Παρὰ
667 4298 770 4370 τῆς
793 4299 980 4370 κοινῆς
1010 4299 1331 4362 δεσποτείας
1354 4302 1450 4353 καὶ
1497 4299 1802 4370 βασιλείας,
1841 4299 1975 4370 παρ’
2005 4296 2074 4373 ἧς

477 4393 575 4446 καὶ
606 4392 674 4444 σὺ
739 4390 1056 4463 ὲδοξάσθης,
1096 4391 1190 4444 καὶ
1223 4393 1304 4456 είς
1325 4393 1385 4446 τὸ
1427 4395 1756 4466 στρατηγεῖν
1788 4394 1884 4447 τοῦ
1906 4394 2071 4446 τόπου

479 4488 688 4548 ἐκεῖνος
731 4484 1123 4556 προϐέϐληται.
1160 4485 1421 4556 Ἔπρεπε
1465 4487 1603 4556 μετὰ
1644 4486 1743 4550 τὰς
1783 4488 2072 4557 παρακλή-

481 4595 618 4641 σεις,
660 4578 803 4648 μετὰ
847 4578 944 4639 τὰς
973 4577 1345 4649 προαιρέσεις,
1395 4579 1533 4648 μετὰ
1577 4578 1676 4643 τὰς
1718 4579 1884 4643 ἄλλας
1918 4580 2069 4649 φιλο·-

486 4671 777 4740 φρονήσεις
827 4669 923 4732 τὰς
979 4669 1130 4737 παρὰ
1164 4669 1259 4722 σοῦ
1290 4670 1429 4740 πρὸς
1467 4671 1631 4724 αὐτὸν
1670 4672 2070 4742 γεγενημένας,

491 4762 611 4814 ὲπεί
631 4762 1025 4832 ἀπαράκλητος
1049 4759 1120 4834 ἦν
1145 4765 1243 4817 καὶ
1266 4763 1645 4834 ἀδυσώπητος,
1669 4769 1764 4817 καὶ
1798 4764 1935 4836 πρὸς
1976 4764 2075 4836 μό-

485 4874 584 4927 νην
619 4858 850 4926 ἑφέρετο
887 4856 987 4928 τὴν
1015 4856 1318 4927 πονηρίαν,
1370 4857 1686 4926 ἀνενεγκεῖν
1727 4857 1808 4928 τῷ
1853 4859 2075 4912 θεοστεη

476 4952 574 5019 φεῖ
639 4949 839 5022 κράτει
898 4950 1007 5004 τῶν
1071 4948 1340 5019 βασιλέων
1360 4949 1543 5021 ήμῶν,
1587 4951 1684 5004 καὶ
1731 4950 1862 5023 παρ’
1895 4951 2077 5004 αὐτῶν

474 5041 819 5110 ἐξαιτεῖσθαι
849 5043 950 5114 τὴν
991 5042 1368 5112 ἐπανόρθωσιν
1403 5043 1512 5097 τῶν
1557 5044 1768 5112 κακῶν,
1805 5045 1922 5099 ἀλλ’
1947 5046 2071 5117 οὐχί

475 5136 742 5206 γενέσθαι
773 5136 919 5207 ὑμᾶς
947 5135 1358 5204 αύτοὺφφονεῖς
1404 5137 1504 5208 μὲν
1543 5138 1652 5192 τῶν
1690 5139 1940 5210 ἀδελφῶν
1973 5144 2067 5197 καὶ

474 5229 808 5296 συνδούλων,
830 5228 1116 5297 ὲκδικηταὶ
1134 5228 1215 5295 δὲ,
1232 5227 1314 5292 ὡς
1336 5229 1552 5299 λέγετε,
1567 5231 1677 5284 τῶν
1702 5232 1888 5296 κακῶς
1915 5249 2072 5302 γενο-

477 5320 682 5388 μένων.
719 5319 896 5374 Τοῦτο
945 5315 1038 5391 ἦν,
1079 5320 1276 5374 τέκνον
1326 5321 1524 5392 ἡμῶν,
1564 5325 1630 5394 τῇ
1676 5324 1928 5396 εὐγενείᾳ
1971 5343 2066 5379 σου

473 5415 708 5482 πρέπον,
759 5415 828 5486 τῇ
888 5414 1173 5484 φρονήσει,
1200 5415 1268 5485 τῇ
1309 5414 1444 5486 ὀρθῇ
1497 5415 1685 5469 πίστει
1719 5416 1813 5470 καὶ
1852 5417 2066 5488 ἀγάπῃ,

473 5511 538 5580 τῇ
577 5510 714 5585 πρὸς
739 5510 845 5579 τὴν
878 5507 1188 5576 βασιλείαν,
1223 5509 1338 5572 τοῖς
1361 5511 1476 5573 σοῖς
1503 5510 1692 5580 ὅρκοις
1704 5508 1798 5574 οὓς
1824 5511 2070 5582 ἐποιήσω

2181 3377 2556 3441 nuntiaverat,
2598 3389 2823 3445 parvam
2875 3374 3112 3443 aliquam
3167 3367 3522 3439 aﬂligentium
3581 3379 3763 3418 rerum

2181 3469 2506 3528 solationem
2559 3468 2876 3538 accepimus
2910 3485 2923 3520 :
2966 3479 3278 3537 quanquam
3311 3476 3381 3514 ne
3416 3459 3496 3514 sic
3533 3456 3761 3526 quidem

2178 3573 2468 3632 exemptus
2508 3562 2710 3618 videris
2741 3576 2773 3615 a
2818 3558 3219 3630 vituperatione
3257 3566 3354 3610 aut
3379 3551 3760 3608 damnatione.

2179 3655 2294 3710 Etsi
2327 3653 2476 3709 enim
2525 3668 2656 3708 vera
2709 3652 2820 3707 sint
2869 3666 2992 3720 qua:
3047 3650 3102 3703 in
3156 3655 3434 3702 mortuum
3471 3641 3764 3714 patricium

2179 3756 2234 3804 et
2265 3749 2460 3803 ducem
2502 3761 2534 3802 a
2572 3754 2624 3801 te
2669 3745 2874 3814 scripta
2924 3749 3078 3808 sunt,
3111 3756 3221 3795 non
3258 3750 3444 3794 tamen
3476 3735 3768 3804 oportebat

2177 3855 2208 3894 a
2257 3849 2311 3894 te
2363 3840 2411 3892 ei
2459 3852 2674 3908 ptenam
2723 3835 2916 3904 inlligi.
2964 3833 3072 3889 Sed
3104 3847 3133 3886 a
3179 3829 3340 3900 quo?
3390 3829 3435 3880 A
3483 3823 3764 3880 communi

2178 3932 2555 3988 dominatione
2586 3941 2640 3985 et
2672 3928 2818 3998 regia
2845 3933 3133 3998 potestate,
3175 3939 3204 3976 a
3247 3936 3355 3992 qua
3389 3929 3459 3986 ,et
3501 3927 3556 3972 tu
3587 3915 3763 3987 gloria

2179 4024 2552 4080 circumdatus
2587 4037 2646 4077 es
2677 4029 2732 4076 et
2761 4019 2852 4074 ille
2885 4019 2950 4072 ad
2991 4017 3095 4071 loci
3142 4011 3591 4086 gubernationem
3623 4007 3762 4061 mis-

2177 4131 2271 4172 sus
2303 4128 2405 4171 εει.
2457 4114 2582 4170 Post
2627 4113 3008 4178 hortationes,
3049 4116 3175 4180 post
3211 4106 3440 4162 consilia
3493 4110 3616 4173 post
3661 4101 3766 4156 alia

2178 4210 2578 4267 benevolentiae
2611 4208 2765 4279 signa
2813 4221 2842 4261 a
2892 4213 2946 4261 te
2979 4205 3034 4259 in
3068 4218 3194 4259 eum
3224 4202 3446 4264 collata,
3472 4208 3764 4268 postquam

2179 4319 2357 4375 neque
2393 4302 2735 4358 hortationes
2765 4299 3010 4362 admisit,
3054 4296 3148 4352 sed
3183 4293 3473 4364 impudens
3506 4289 3766 4360 perstitit,

2177 4407 2232 4452 et
2253 4398 2319 4452 ad
2348 4410 2555 4450 meram
2599 4393 2865 4448 malitiam
2902 4391 3207 4462 processit,
3240 4387 3468 4442 decebat
3509 4399 3622 4439 rem
3657 4383 3762 4436 int-

2178 4497 2492 4560 peratorum
2517 4495 2834 4542 nostrorum
2866 4483 3122 4556 potestati
3154 4481 3405 4546 deferre;
3443 4477 3582 4532 etab
3606 4476 3672 4530 iis
3707 4482 3768 4529 nt

2179 4585 2319 4638 mala
2375 4590 2637 4637 curarent
2707 4579 2972 4650 ﬂagitare,
3024 4593 3134 4631 non
3189 4583 3368 4628 autem
3419 4569 3764 4638 temetipsum

2178 4678 2408 4732 fratrum
2460 4685 2514 4731 et
2562 4687 2954 4730 conservorum
2989 4668 3340 4731 homicidam,
3381 4675 3459 4730 et,
3516 4674 3572 4716 ut
3604 4661 3764 4727 dicis,

2180 4770 2451 4825 malarum
2487 4769 2786 4837 :actionum
2839 4765 3070 4819 ultorem
3123 4759 3258 4814 ﬁeri.
3308 4756 3422 4811 lloe
3471 4763 3620 4818 erat,
3663 4752 3761 4813 ﬁli,

2178 4865 2323 4934 quod
2373 4875 2520 4918 tuam
2576 4840 2941 4922 nobilitatem,
2986 4865 3133 4909 tuam
3193 4848 3558 4921 sapientiam,
3614 4855 3763 4898 lnam

2178 4971 2308 5026 erga
2347 4955 2550 5024 regiam
2586 4957 2910 5024 potestatem
2961 4947 3161 5002 bonam
3209 4943 3369 4996 [idem
3410 4946 3468 4995 et
3517 4934 3766 5012 Chai-ita-

2179 5059 2310 5113 tem,
2343 5049 2458 5102 haec
2502 5045 2737 5115 denique
2788 5043 3105 5113 iuramenta
3160 5033 3406 5100 decebat,
3439 5046 3559 5101 qua:
3585 5028 3763 5083 eidem

2181 5151 2232 5198 te
2265 5143 2472 5198 honore
2519 5135 2882 5196 circumdanti
2953 5128 3350 5205 (praestiteras).
3414 5125 3574 5182 Nunc
3633 5136 3768 5178 vero

2175 5251 2286 5290 non
2338 5237 2390 5290 id
2438 5231 2842 5296 tantummodo,
2888 5229 3025 5290 imo,
3087 5234 3150 5280 ut
3202 5223 3381 5287 aiunt,
3417 5217 3616 5277 castris
3653 5216 3764 5286 vim

2176 5327 2411 5383 intulisti
2462 5339 2585 5395 qua:
2631 5332 2734 5378 tua:
2781 5320 3068 5391 potestatis
3114 5333 3224 5372 non
3248 5322 3426 5380 erant,
3489 5319 3650 5379 atque
3697 5322 3762 5361 ea

2175 5422 2452 5490 occupasti
2501 5433 2623 5489 quae
2666 5430 2841 5486 usque
2876 5414 3058 5469 adhuc
3099 5426 3210 5467 non
3260 5416 3423 5466 erant
3457 5413 3564 5460 tuae
3585 5399 3764 5456 domi-

2177 5513 2387 5570 nationi
2416 5511 2686 5582 subjecta.

471 5605 603 5676 πρὸς
639 5607 744 5676 τήν
789 5602 855 5657 σὲ
890 5599 1200 5664 δοξάσασαν
1223 5601 1523 5672 βασιλείαν.
1557 5603 1674 5657 Νῦν
1702 5605 1759 5657 δὲ
1799 5607 1858 5659 οὐ
1934 5608 2099 5675 μόνον
2135 5609 2410 5672 τοσοῦτον,
2447 5607 2591 5671 ἀλλ’,
2632 5603 2709 5668 ὥς
2739 5618 2934 5673 φασιν,
2985 5599 3265 5673 ἐχειρώσω
3309 5596 3404 5649 καὶ
3436 5592 3654 5662 κάστρα
3683 5587 3756 5642 τὰ

455 5701 739 5776 μηδαμῶς
766 5693 917 5765 πρὸς
944 5691 1046 5763 τὴν
1081 5693 1180 5765 σὴν
1225 5693 1477 5758 δεουσίαν
1507 5697 1808 5768 ἀνήκοντα,
1835 5703 1930 5754 καὶ
1958 5703 2064 5756 ὑπὸ
2101 5703 2202 5776 τήν
2234 5705 2336 5772 σὴν
2397 5702 2644 5772 ἐποιήσω
2698 5700 3077 5769 ἐπικράτειαν,
3109 5696 3146 5751 ἃ
3181 5694 3344 5766 μέχρι
3374 5688 3468 5744 τοῦ
3485 5687 3758 5758 παρόντος

443 5799 581 5872 ﬁt”;
626 5794 737 5864 τήν
766 5789 880 5855 σὴν
905 5785 1009 5838 οὐκ
1041 5787 1336 5858 ἐγνώριζεν
1371 5788 1751 5861 ἐπικράτειαν.

515 5891 750 5951 ταῦτα,
832 5882 1034 5933 τ’κνον
1069 5879 1245 5951 ἡμῶν,
1279 5883 1322 5934 εί
1357 5881 1574 5954 ἀληθῶς
1627 5887 1926 5961 διεπράξω,
1973 5892 2071 5945 οὐκ

2255 5887 2396 5953 Haec,
2435 5890 2524 5958 (ili,
2557 5889 2600 5945 si
2632 5904 2754 5946 rcrc
2779 5886 2976 5958 egeris,
3005 5899 3249 5957 qumnam
3281 5882 3512 5940 inveniri
3549 5883 3751 5954 poterit
