4152 6470
490 383 596 447 287
652 390 655 391 ⁷
1632 384 1944 446 NICOLM
1987 384 2098 445 (ΞΡ.

2203 383 2658 446 ATRIARCHJS

492 491 770 550 defensio?
814 491 948 561 Qnre
999 495 1140 550 ratio
1183 495 1470 553 nobiscum
1522 496 1689 551 stabit
1723 505 1782 551 ut
1811 496 2073 553 ostenda-

2204 491 2290 550 ἷδι
2347 495 2431 560 τίς
2478 497 2841 570 εὑρεθήσεται
2902 496 3208 566 ἀπολογία,
3279 515 3361 562 τις
3421 497 3579 567 λόγος
3636 501 3774 570 ἡμῖν

492 602 618 639 mus
665 594 719 641 te
750 601 963 657 magna-
989 600 1040 644 et
1086 589 1317 646 excelsa:
1347 589 1510 659 regiae
1546 591 1797 658 potestati
1837 589 2077 644 debitam

2203 588 2607 655 τυναγωνιεῖται
2665 588 2803 659 πρὸς
2861 586 2925 641 τὸ
2980 588 3274 658 συστῆσαι,
3319 589 3402 642 ὅτι
3449 588 3646 653 σώζεις
3694 589 3776 643 ἔτι

491 677 932 735 benevolentiam
960 687 1015 736 et
1060 680 1431 737 obedientiam
1460 680 1645 736 adhuc
1669 680 1938 736 servare?
1969 678 2082 736 Nos

2203 677 2289 749 τὴν
2331 679 2692 753 ὀφειλομένην
2748 679 2963 735 εὔνοιαν
3018 682 3120 735 καὶ
3158 680 3258 752 τήν
3293 682 3576 753 ὑποταγὴν
3637 682 3778 752 πρὸς

492 777 677 825 tamen
708 770 928 827 allatam
962 772 1163 828 famam
1204 773 1478 828 increduli
1509 773 1873 844 accipientes.
1908 783 1960 830 et
1996 789 2084 830 re-

2203 769 2289 840 ιήν
2330 772 2579 842 μεγάλην
2626 773 2720 827 καὶ
2777 772 2990 846 ὑψηλὴν
3039 773 3335 845 βασιλειαν.
3379 774 3568 843 Ὅμως
3614 774 3778 844 ἡμεῖς

492 862 745 918 eentibus
795 862 990 919 litteris
1040 864 1215 933 magis
1286 864 1674 931 adhaerentes,
1718 874 2009 921 coronatos
2052 879 2085 920 a

2203 862 2516 933 ἀμφιϐόλως
2543 865 2882 936 διακείμενοι
2927 866 3065 937 πρὸς
3095 864 3196 936 τὴν
3235 863 3623 933 προλαϐοῦσαν
3669 865 3782 935 φή·

496 948 608 1005 Deo
668 950 1028 1020 imperatores
1074 968 1201 1007 cum
1266 953 1527 1025 lacryntis
1582 955 1955 1017 exorat-imus,
2012 969 2081 1009 ne

2203 971 2327 1024 μην,
2362 956 2457 1009 καὶ
2493 955 2697 1027 μᾶλλον
2736 958 2852 1019 τοῖς
2899 959 3027 1029 ἄρτι
3051 955 3426 1010 καταλαϐοῦσι
3479 956 3781 1028 γράμμασι

494 1054 650 1093 suam
705 1055 833 1111 erga
875 1052 926 1097 te
974 1043 1205 1111 gratiam
1246 1043 1568 1113 deponant,
1624 1059 1802 1115 neque
1848 1045 2078 1100 credant

2203 1047 2625 1117 προστιθέμενοι,
2647 1050 2770 1111 τοὺς
2788 1047 3100 1116 θεοττεφείς
3132 1049 3286 1118 ἡμῶν
3315 1047 3555 1117 βασιλεῖς
3598 1048 3733 1101 ἐδυσ
3758 1075 3774 1086 -

494 1129 658 1184 aliam
691 1139 742 1187 te
773 1132 932 1188 fidem
968 1140 1023 1189 et
1059 1133 1496 1190 benevolentiam
1525 1149 1591 1191 ac
1619 1145 1780 1193 antea
1825 1151 1954 1207 erga
1992 1150 2078 1192 re-

2203 1139 2491 1209 υττήσαμεν
2562 1141 2637 1210 μὴ
2673 1141 2935 1210 ἐκστῆναι
2967 1143 3066 1208 τῆς
3097 1142 3236 1208 πρὸς
3270 1142 3416 1212 ὑμᾶς
3461 1140 3782 1204 διαθέσεως,

493 1220 635 1292 giam
663 1232 984 1291 potestatem
1014 1225 1199 1291 alere;
1230 1229 1323 1282 sed
1354 1235 1411 1281 ut
1433 1236 1560 1282 ante
1587 1225 1702 1284 haec
1731 1228 1873 1284 mala
1902 1239 2085 1284 tecum

2203 1232 2331 1303 μηδὲ
2390 1231 2708 1303 ἀλλοτρίους
2766 1232 3012 1303 νομίζειν
3060 1233 3159 1304 τὴν
3219 1233 3407 1288 πίστιν
3441 1233 3538 1287 καὶ
3564 1229 3784 1286 εὔνοιαν

3657 384 3775 449 238

492 1325 744 1382 egerunt,
795 1316 872 1369 ita
905 1331 1058 1387 nunc
1083 1332 1303 1389 quoque
1335 1329 1512 1374 tecum
1544 1328 1712 1390 agant
1736 1335 1798 1375 ea
1835 1336 1958 1391 qua:
1987 1327 2072 1374 te-

492 1418 644 1460 ntere
690 1403 834 1461 facta
876 1415 1038 1471 sunt,
1077 1408 1481 1479 despicientes;
1537 1410 1917 1467 Ursoleontem
1971 1411 2090 1482 qui-

2192 1320 2571 1387 διασωξόντων
2610 1322 2748 1393 πρὸς
2798 1323 2900 1394 τήν
2932 1322 3217 1394 βασιλείαν
3268 1323 3469 1389 αὐτῶν,
3507 1322 3643 1377 ἀλλὰ
3689 1324 3785 1377 καὶ

2189 1414 2295 1479 ἔτι,
2320 1414 2504 1479 καθὼς
2527 1416 2624 1470 καὶ
2637 1416 2744 1486 πρὸ
2757 1415 2867 1469 τῶν
2895 1415 3328 1487 συμϐεϐηκότων
3354 1415 3569 1470 τούτων
3586 1417 3782 1470 κακῶν

493 1494 618 1549 dem
673 1498 926 1556 criminis
950 1508 1254 1567 auctorem,
1286 1510 1338 1557 te
1365 1516 1495 1558 vero
1517 1510 1711 1558 contra
1740 1502 2081 1559 voluntatem

2203 1507 2458 1560 ῑιέκειντο
2493 1506 2633 1579 πρὸς
2662 1508 2831 1576 ὑμᾶς,
2860 1506 3034 1571 οὓτως
3070 1508 3218 1578 ἔχειν
3245 1510 3373 1579 περὶ
3394 1509 3573 1578 ὑμῶν,
3601 1525 3787 1579 παρα-

494 1602 677 1648 rerum
712 1591 1135 1649 considerando.

2189 1598 2496 1666 ϐλέψαντες
2534 1600 2602 1654 τά
2625 1601 2992 1672 τολμηθέντα,
3023 1602 3076 1655 εἴ
3093 1620 3145 1655 τι
3166 1604 3262 1657 καὶ
3283 1602 3507 1670 γέγονεν
3529 1615 3543 1633 ·
3569 1601 3644 1665 ὡς
3681 1601 3785 1672 τὴν

494 1682 750 1754 ἀφορμὴν
785 1684 886 1755 μὲν
914 1684 1209 1752 δεδωκότος
1264 1686 1361 1741 τοῦ
1407 1686 1827 1759 Οὐρσολέοντος,
1862 1684 2020 1759 ὑμῶν
2050 1686 2111 1742 δὲ
2152 1689 2516 1761 ἀνθρωπίνως
2548 1694 3044 1765 συναρπασθέντων
3078 1695 3170 1748 καὶ
3248 1694 3594 1767 πραξάντων,
3643 1693 3678 1747 δ.
3707 1691 3787 1765 μὴ

495 1774 603 1830 ἔδει
626 1778 966 1849 πραχθῆναι.

566 1871 695 1926 Ideo
714 1880 774 1926 ut
800 1872 1427 1945 Longobardize,pr:clor
1452 1874 1711 1931 emciaris
1739 1877 1882 1947 apud
1910 1878 2086 1947 impe-

2263 1872 2364 1926 Διά
2401 1872 2561 1926 τοῦτο
2609 1873 2704 1927 καὶ
2750 1875 2879 1944 περί
2931 1873 3026 1927 τοῦ
3058 1872 3316 1942 γενέσθαι
3361 1890 3420 1927 σε
3475 1879 3787 1948 στρατηγὸν

495 1976 709 2021 ratores
736 1980 927 2035 preces
956 1966 1338 2032 adhibuimus,
1363 1984 1669 2039 eorumque
1700 1970 2085 2025 benevolentia

499 2055 862 2127 praecedentia
891 2069 1116 2129 peccata
1147 2059 1381 2124 remisit,
1411 2074 1589 2130 neque
1624 2061 1854 2116 omnino
1886 2077 2090 2118 munus

499 2149 738 2215 praeterii
793 2147 954 2204 ofﬁcii
1016 2150 1163 2218 quod
1231 2151 1483 2209 ambibas
1531 2152 1764 2223 repulit;
1841 2153 1979 2218 sed,
2031 2165 2093 2211 ut

499 2254 715 2294 acinum
774 2248 878 2307 cst,
913 2240 1108 2296 forma:
1168 2252 1274 2298 tum
1310 2254 1363 2300 et
1404 2246 1633 2300 sincerae
1684 2255 1741 2299 et
1794 2260 1890 2314 per
1925 2255 2090 2300 totam

503 2333 670 2386 vitam
717 2346 845 2401 erga
890 2346 951 2388 se
998 2334 1391 2392 submissienis
1428 2347 1484 2390 et
1527 2336 1778 2407 obsequii
1811 2338 1964 2408 signa
1997 2353 2092 2392 ex-

503 2431 716 2494 spectat
763 2439 781 2479 :
812 2439 933 2495 quae
958 2426 1268 2482 satisfactio
1298 2417 1392 2482 tibi
1425 2441 1521 2498 per
1550 2428 1909 2485 honorificum
1942 2445 2097 2485 man-

502 2514 692 2569 datum
729 2518 970 2572 revelata
992 2528 1097 2583 est,
1126 2528 1181 2574 et
1213 2534 1314 2574 nos
1337 2519 1704 2589 praesentibus
1737 2520 1936 2576 litteris
1968 2536 2088 2575 eam

502 2608 607 2663 tibi
661 2618 846 2665 nolam
899 2609 1157 2667 facimus.
1208 2610 1374 2668 Juhet
1419 2627 1586 2682 porro
1632 2621 1761 2667 ante
1804 2614 1987 2668 omnia
2041 2623 2094 2668 te

501 2710 684 2754 castra
710 2700 1022 2770 relinquere
1055 2716 1178 2772 qua!
1209 2702 1360 2756 nullo
1385 2702 1513 2770 jure
1542 2711 1668 2773 post
1688 2703 2093 2758 contumaciam

505 2797 653 2843 tuam
684 2798 867 2845 tenere
891 2805 1002 2857 non
1026 2790 1234 2847 desiisti
1256 2791 1492 2860 ;deinde
1514 2794 1660 2863 quod
1685 2794 1856 2848 altera
1884 2791 2096 2850 decreti

505 2896 633 2949 pars
661 2890 766 2947 est,
786 2897 849 2938 ea
873 2883 1051 2939 facere
1081 2899 1204 2955 qua:
1223 2885 1291 2942 de
1312 2901 1483 2941 uxore
1504 2887 1645 2942 etde
1664 2901 1885 2944 secessu
1916 2888 1969 2943 in
2001 2889 2100 2943 Pe-

502 2971 803 3042 loponneso
832 2973 1124 3030 .mandata
1168 2985 1318 3031 sunt.
1364 2977 1421 3032 Si
1449 2992 1579 3033 vero
1622 2977 1726 3033 hoc
1760 2976 1940 3034 facere
1986 2994 2099 3034 non

501 3064 735 3134 poteris,
762 3065 956 3121 saltem
994 3081 1059 3122 ex
1105 3068 1211 3122 tuis
1244 3068 1368 3123 filiis
1393 3070 1622 3124 alterum
1657 3071 1861 3137 mittas,
1887 3081 1946 3125 ut
1973 3087 2097 3125 cum

513 3155 626 3209 tilio
662 3166 757 3211 tuo
779 3157 872 3228 qui
896 3156 1009 3227 jam
1052 3159 1141 3214 hic
1165 3170 1250 3217 est
1280 3176 1614 3217 conversans
1638 3163 1790 3232 regio
1813 3163 2024 3219 honore
2046 3171 2102 3217 et

2194 1966 2599 2037 Λογγισαρδίας
2653 1965 2846 2035 λόγους
2894 1965 3281 2037 ἐποιησάμεθα
3328 1967 3468 2038 πρὸς
3507 1969 3607 2041 τήν
3630 1970 3794 2040 βασι-

2193 2060 2346 2114 λείαν
2403 2057 2602 2123 αὐτῶν,
2654 2058 2749 2110 καὶ
2779 2058 2815 2129 ἦ
2842 2074 2907 2127 γε
2924 2057 3135 2111 τούτων
3179 2058 3440 2128 εὐμένεια
3482 2062 3577 2115 καὶ
3605 2061 3673 2114 τά
3700 2079 3793 2131 γε·

2194 2151 2391 2222 γονότα
2437 2149 2663 2221 παρεῖδε
2723 2149 3023 2220 σφάλματα
3061 2150 3152 2203 καὶ
3183 2150 3244 2203 τὸ
3273 2153 3613 2208 κατανεῦσαι
3645 2158 3787 2227 πρὸς

2196 2244 2296 2312 τὴν
2317 2242 2691 2311 στρατηγικὴν
2723 2240 2878 2310 ὑμῶν
2911 2239 3184 2311 προὸολὴν
3233 2242 3295 2294 ού
3345 2244 3625 2309 παντελῶς
3677 2246 3789 2300 ἀπ-

2192 2335 2518 2405 ηγόρευσεν,
2544 2331 2681 2386 ἀλλὰ
2706 2332 2879 2402 ζητεῖ,
2913 2332 3109 2403 ὥσπερ
3131 2333 3278 2388 ἔστιν
3307 2335 3622 2402 ἀκόλουθον,
3646 2338 3791 2410 πλη-

2202 2427 2461 2499 ροφορίαν
2501 2426 2759 2492 δέξασθαι
2818 2428 2951 2496 παρ’
3015 2427 3168 2497 ὑμῶν
3206 2430 3307 2499 τῆς
3363 2431 3643 2502 ἀσφαλοῦς
3687 2432 3790 2487 καὶ

2197 2518 2489 2573 ἁνοθεύτου
2544 2517 2682 2588 πρὸς
2705 2516 2803 2588 τὴν
2845 2517 3124 2587 βασιλείαν
3175 2519 3361 2573 αὐτῶν
3409 2522 3653 2593 ἀγάπης,
3688 2524 3789 2577 καὶ

2200 2609 2369 2681 μέχρι
2403 2609 2518 2681 βίου
2551 2608 2758 2672 παντὸς
2786 2608 3069 2677 ὑποταγῆς
3107 2610 3204 2663 καὶ
3244 2609 3580 2674 δουλώσεως.
3634 2613 3699 2666 Ἦ
3722 2613 3785 2667 δὲ

2199 2701 2308 2771 πλη
2317 2699 2547 2771 ροφορία
2566 2701 2661 2752 καὶ
2682 2698 2771 2752 διὰ
2791 2698 2980 2767 τιμίας
2998 2698 3180 2753 αὐτῶν
3209 2697 3514 2771 κελεύσεως
3533 2700 3779 2770 ἐδηλώθη

2201 2810 2308 2860 σοι,
2361 2794 2456 2847 καὶ
2509 2794 2670 2863 ἡμεῖς
2723 2791 2782 2845 δὲ
2840 2791 2919 2861 τῷ
2965 2792 3196 2861 παβντι
3237 2791 3529 2863 γράμματι
3574 2795 3785 2863 ταύτην

2203 2882 2670 2955 ἐνσημαινόμεθα,
2727 2881 2835 2952 πρὸ
2886 2882 3089 2946 παντὸς
3137 2882 3300 2936 ἄλλου
3352 2883 3675 2937 καταλιπεῖν
3712 2884 3785 2937 τὰ

2201 2975 2435 3045 κάστρα,
2470 2967 2546 3027 ὧν
2579 2975 2749 3044 μήπω
2804 2972 3073 3044 πρότερον
3122 2972 3480 3039 ἐξουσιάζων,
3522 2974 3618 3028 νῦν
3658 2974 3791 3028 ἰδιο-

2203 3067 2418 3137 ποιήσω
2457 3065 2557 3137 τὴν
2587 3063 2836 3129 ἐξουσίαν
2878 3064 3020 3135 μετά
3047 3063 3146 3134 τὴν
3171 3065 3477 3136 γενομένην
3529 3064 3782 3132 ἀταξίαν.

2204 3156 2471 3228 Δεύτερον
2499 3156 2529 3210 δ
2569 3156 2788 3220 πάντως
2842 3155 2938 3209 καὶ
2965 3155 3195 3224 παρέξει
3229 3157 3327 3226 τήν
3350 3155 3540 3226 ἐντελῆ
3572 3155 3782 3227 πληροο

510 3261 739 3302 munere
780 3247 1013 3305 fruatur.
1054 3248 1182 3307 llmc
1210 3253 1255 3307 si
1284 3252 1513 3315 feceris,
1552 3254 1890 3319 utdiximus,
1944 3253 2097 3324 quasi

2205 3249 2423 3319 φορίαν,
2453 3246 2490 3301 ὃ.
2526 3247 2654 3317 περὶ
2692 3246 2790 3317 τῆς
2828 3246 3088 3315 γυναικὸς
3147 3248 3237 3301 καὶ
3268 3248 3368 3319 τῆς
3420 3249 3478 3301 ἐν
3522 3247 3787 3301 Πελοπον-

506 3352 618 3391 non
656 3339 1006 3405 accidissent,
1048 3357 1170 3411 quae
1208 3343 1525 3399 acciderunt
1551 3344 1780 3400 erimina
1816 3345 2098 3400 remitten-

507 3438 613 3492 tes,
635 3431 892 3501 precibus
935 3433 1045 3490 tuis
1080 3433 1333 3490 effectum
1362 3434 1556 3491 dantes
1597 3445 1648 3491 te
1689 3436 1856 3494 totius
1879 3436 2099 3507 Longo—

515 3523 718 3579 bardite
758 3533 1042 3594 prmtorem
1091 3528 1471 3582 declarabunt.
1504 3526 1631 3583 llaec
1661 3545 1688 3583 a
1718 3528 1876 3585 nobis
1920 3544 2021 3599 pro
2047 3539 2100 3584 te

506 3615 652 3683 apud
695 3630 922 3686 magnos
950 3628 1007 3672 et
1034 3619 1281 3674 excelsos
1306 3619 1669 3688 imperatores
1705 3631 1923 3678 nostros
1957 3622 2096 3677 facta

509 3716 643 3763 sunt
668 3717 725 3763 et
748 3725 912 3779 quam
948 3726 1001 3764 tn
1025 3719 1077 3766 te
1104 3711 1567 3779 benevolentiam,
1591 3726 1653 3766 ac
1675 3713 2102 3769 munificentiam

513 3800 786 3869 lbabeant,
818 3818 910 3871 per
942 3803 1105 3859 hasce
1136 3804 1344 3860 litteras
1369 3804 1558 3861 discis.
1596 3805 1775 3861 Tuum
1807 3814 1893 3862 est
1941 3804 2106 3876 igitur

514 3894 630 3949 sive
658 3895 795 3950 iram
825 3911 1014 3951 eorum
1048 3896 1142 3951 tibi
1167 3897 1470 3964 attrahere,
1493 3896 1606 3953 sive
1634 3912 1827 3953 eorum
1857 3897 2099 3953 benevo-

515 3988 678 4044 lentia
708 4001 763 4042 ct
791 3990 1048 4055 bonitate,
1079 3996 1139 4044 ut
1167 4004 1329 4058 spero
1359 4001 1413 4044 et
1445 3991 1629 4060 cupio,
1665 3989 1798 4045 frui.

2206 3342 2357 3411 νήσῳ
2385 3339 2669 3409 διαγωγῆς
2707 3338 3006 3410 ἐκελεύσθη
3055 3357 3162 3396 σοι.
3191 3340 3336 3395 Εἱδέ
3383 3341 3540 3395 τοῦτό
3585 3359 3668 3395 σοι
3705 3341 3784 3414 μὴ

2204 3433 2451 3498 δυνατὸν,
2484 3432 2624 3487 ἀλλά
2652 3449 2715 3501 γε
2753 3433 2848 3487 καὶ
2885 3433 2978 3487 τον
3011 3433 3201 3505 ἓτερον
3232 3434 3342 3490 τῶν
3366 3435 3497 3490 υἱῶν
3532 3452 3624 3489 σου
3645 3437 3786 3505 πρὸς

2205 3524 2275 3577 τά
2309 3522 2542 3578 ἐνταῦθα
2574 3524 3039 3596 ἐξαποσταλῆναι,
3078 3527 3167 3580 ἵνα
3208 3527 3352 3597 μετά
3393 3525 3489 3580 τοῦ
3547 3527 3786 3583 ἐνταῦθα

2207 3614 2361 3678 ὄντος
2414 3616 2605 3680 παιδός
2653 3633 2746 3670 σου
2809 3616 2985 3672 συνὼν
3043 3618 3140 3672 καὶ
3183 3617 3485 3686 συνδιάγων
3544 3618 3647 3688 τῆς
3691 3619 3790 3690 βα-

2204 3706 2423 3774 σιλικῆς
2472 3708 2639 3777 τιμῆς
2682 3709 2778 3762 καὶ
2827 3708 3168 3780 ἀντιλήψεως
3228 3709 3500 3781 ἀπολαύῃ.
3564 3710 3788 3766 Τούτων

2203 3800 2355 3869 ποιρά
2406 3798 2501 3854 σοῦ
2532 3802 2858 3871 γινομένων,
2892 3801 3086 3874 ὥσπερ
3127 3803 3364 3874 ἔφημεν,
3402 3803 3480 3869 ώς
3514 3803 3647 3874 μηδὲ
3684 3804 3789 3874 τὴν

2202 3892 2378 3964 ἀρχὴν
2431 3894 2708 3965 γενόμενα
2781 3895 2926 3967 ἅπερ
2989 3895 3210 3965 ἐγένετο
3245 3896 3538 3967 σφάλματα
3608 3913 3789 3968 παρο-

2206 3986 2411 4056 ρῶντες
2457 3989 2507 4041 οἰ
2559 3987 2872 4057 θεοστεφεῐς
2901 3990 3061 4066 ήμῶν
3105 3990 3347 4059 βασιλεῖς
3377 3993 3444 4061 τῇ
3477 3991 3544 4061 σῇ
3570 3990 3788 4060 αἰτήσει

512 4076 747 4132 δὼσουσι
778 4080 975 4151 πέρας,
1023 4081 1118 4134 καὶ
1156 4082 1467 4153 στρατηγόν
1524 4099 1585 4136 σε
1638 4083 1733 4154 τῆς
1784 4083 1914 4153 δλης
1975 4078 2383 4150 Λογγιδαρδίας
2420 4081 2791 4148 ἀναδείξουσιν
2830 4098 2845 4115 ο
2874 4082 2911 4138 ἃ
2940 4083 3042 4155 μὲν
3084 4083 3427 4152 ἐσπουδάσθη
3470 4082 3790 4155 παρ’ήμών

520 4173 658 4240 πρὸς
711 4172 842 4236 τοὺς
899 4174 1176 4243 μεγάλους
1249 4176 1348 4228 καὶ
1412 4174 1651 4246 ὑψηλοὺς
1701 4174 1863 4247 ἡμῶν
1899 4173 2143 4246 βασιλεῖς
2174 4173 2315 4244 ὑπὲρ
2344 4173 2463 4239 σοῦ,
2521 4174 2616 4227 καὶ
2661 4175 2728 4245 ἢν
2761 4173 2948 4245 ἔχουσι
2977 4174 3205 4247 γνώμην
3235 4176 3370 4246 πρὸς
3407 4178 3505 4247 τὴν
3574 4177 3674 4245 σήν
3705 4174 3792 4227 ἔτι

496 4267 843 4340 ⁸εὐεργεσίαν
875 4268 976 4323 καὶ
1043 4269 1356 4340 ἀντίληψιν,
1392 4271 1503 4325 ἰδοὺ
1533 4270 1622 4325 διὰ
1670 4270 1765 4325 τοῦ
1807 4271 2138 4341 γράμματος
2181 4270 2497 4341 μανθάνεις.
2534 4271 2607 4323 Τὸ
2630 4270 2819 4324 λοιπὸν
2858 4270 2952 4323 σόν
2987 4272 3189 4342 ἐστινῆ
3238 4273 3337 4344 τήν
3399 4273 3572 4343 ὀργὴν
3605 4269 3791 4325 αὐτῶν

518 4361 954 4429 ἐπισπάσασθαι,
1013 4361 1049 4433 ἢ
1096 4361 1196 4432 τῆς
1228 4363 1521 4434 εὐμενείας
1563 4362 1661 4416 καὶ
1698 4362 2060 4435 ἀγαθότητος,
2106 4365 2244 4436 ὅπερ
2277 4364 2484 4430 ἐλπίζω
2507 4365 2603 4418 καί
2620 4363 2876 4435 εὔχομαι,
2900 4364 3253 4420 ἀπολαύσειν.
3349 4382 3352 4386 λ

879 4498 1166 4557 LXXXIII.
1206 4497 1444 4556 Idrontis
1479 4501 1738 4569 episcopo.

590 4636 973 4708 Quasquidem
997 4639 1063 4695 de
1078 4640 1262 4695 divina
1300 4640 1609 4696 etbumana
1644 4641 1889 4697 restituta
1924 4641 1977 4696 in
1998 4641 2104 4697 Ec.

516 4732 684 4787 etesia
715 4746 850 4801 pace
877 4733 1083 4801 gratias
1115 4732 1255 4803 agis,
1272 4733 1412 4789 bene
1433 4734 1572 4802 agis.
1611 4731 1845 4800 Quando
1868 4734 2011 4790 enim
2049 4735 2102 4789 in

518 4840 582 4878 re
614 4833 722 4878 tam
751 4823 978 4880 salutari
1014 4839 1177 4879 nemo
1204 4834 1308 4889 est,
1335 4823 1554 4881 etiamsi
1583 4840 1692 4881 non
1723 4825 1874 4880 omni
1906 4826 2105 4896 populo

523 4917 711 4987 premit
741 4917 835 4986 qui
864 4916 932 4971 de
956 4931 1132 4972 sacrae
1165 4918 1604 4988 congregationis
1654 4918 1946 4975 concordia
1993 4919 2104 4976 Deo

520 5010 729 5080 gratias
750 5024 858 5063 non
875 5010 1305 5080 agat,quomodo
1322 5027 1431 5066 non
1449 5012 1667 5082 iussum
1687 5013 1760 5067 sit
1791 5013 1965 5076 nos,si
1985 5012 2102 5068 fleri

521 5101 718 5170 possit,
755 5113 863 5153 non
920 5108 1128 5154 tantum
1163 5100 1372 5172 lingua,
1406 5101 1502 5158 sed
1530 5110 1587 5157 et
1630 5101 1890 5158 omnibus
1927 5116 2105 5158 mem-

525 5194 659 5260 bris,
691 5192 899 5264 grat'tas
928 5208 1112 5263 agere,
1142 5209 1306 5265 quos,
1340 5196 1442 5250 etsi
1494 5194 1773 5267 indignos,
1821 5196 1964 5251 sacri
2001 5196 2104 5250 mi-

520 5284 736 5341 nisterii
771 5285 979 5340 circulo
1011 5287 1307 5356 prmposuit
1339 5285 1591 5343 Christus
1620 5296 1808 5343 noster
1837 5296 1891 5342 et
1918 5285 2103 5343 Deus?

523 5376 632 5432 Sed
660 5374 958 5447 oportebat
980 5391 1106 5431 cum
1136 5376 1349 5446 propria
1375 5376 1677 5447 gratiarum
1712 5379 1933 5433 actione
1968 5388 2020 5434 te
2051 5388 2106 5434 et

530 5471 636 5524 huc
664 5468 848 5524 omnia
878 5466 946 5523 ad
974 5483 1075 5524 nos
1103 5468 1457 5537 descendere,
1494 5481 1548 5525 et
1577 5472 1946 5527 communiter
1976 5487 2102 5527 cum

526 5559 795 5618 fratribus
860 5568 977 5616 tum
1044 5561 1319 5633 episcopis
1354 5563 1562 5639 gratias
1603 5579 1764 5636 agere
1808 5567 2019 5619 auctori
2054 5574 2108 5620 et

530 5651 764 5706 arbitrio
802 5653 952 5719 pacis
980 5659 1033 5707 et
1062 5651 1238 5722 primo
1284 5662 1339 5707 et
1370 5668 1567 5725 magno
1605 5654 1857 5710 l‘ontitici
1886 5664 1941 5711 et
1975 5654 2105 5711 Deo.-

533 5735 636 5789 Sed
685 5746 741 5791 et
778 5754 923 5796 nunc
963 5756 1031 5794 ne
1073 5741 1296 5797 omittas
1352 5741 1552 5808 facere,
1594 5758 1772 5813 neque
1801 5744 2007 5800 diutius
2040 5745 2105 5799 ad

530 5840 632 5882 nos
660 5829 897 5885 transire
928 5831 1167 5888 diil'eras.
1197 5833 1319 5889 Haec
1349 5833 1568 5907 quidem
1597 5836 1662 5891 de
1696 5837 1798 5892 hac
1827 5852 1906 5893 re.
1950 5837 2105 5905 Quod

2130 4541 2177 4604 D

2593 4500 2719 4554 lli".
2774 4499 2859 4566 Τῷ
2891 4499 2998 4554 τοῦ
3039 4500 3395 4569 Ἰδροῦντος.

2285 4630 2354 4683 "A
2389 4631 2487 4700 μὲν
2514 4631 2644 4702 περὶ
2696 4630 2799 4700 τῆς
2846 4628 3000 4693 θείας
3047 4630 3143 4685 καὶ
3172 4630 3523 4704 ἀνθρωπίνης
3553 4633 3789 4706 βραϐευ-

2207 4720 2396 4792 θείσης
2429 4722 2658 4793 εἰρήνης
2688 4722 2746 4775 ἐν
2770 4725 2836 4793 τῇ
2877 4722 3178 4794 Ἐκκλησία
3203 4724 3570 4795 εὐχαριστεῖς,
3605 4729 3789 4793 καλῶς

2206 4815 2574 4885 εὐχαριστεῖς.
2630 4814 2804 4868 Ὀπου
2854 4815 2964 4884 γὰρ
3018 4815 3111 4867 ἐπὶ
3149 4815 3227 4887 τῷ
3254 4816 3480 4889 τοιούτῳ
3532 4822 3791 4892 σωτηρίῳ

2208 4904 2499 4975 πράγματι
2557 4904 2733 4968 οὐδεὶς
2774 4904 3022 4959 οὐδὲτοῦ
3070 4905 3443 4977 πληρώματος
3502 4908 3598 4964 τοῦ
3652 4910 3786 4964 λαοῦ

2207 4999 2572 5070 καθέστηκεν,
2604 4998 2664 5062 ὃς
2713 4998 2834 5068 οὐχὶ
2886 4997 2985 5068 τὴν
3040 4998 3399 5070 εὐχαριστίαν
3434 5000 3649 5056 δίδωσιν
3697 5004 3795 5058 ἐπὶ

2206 5095 2273 5165 τῇ
2323 5092 2546 5163 ὁμονοίᾳ
2606 5092 2700 5146 τοῦ
2766 5091 3044 5164 ἱερατικοῦ
3096 5093 3467 5164 πληρώματος
3517 5094 3597 5165 τῷ
3642 5095 3789 5165 Θεῷ,

2208 5187 2326 5250 πῶς
2355 5187 2456 5240 οὐκ
2485 5186 2657 5252 ἄξιον,
2691 5185 2742 5239 εἰ
2771 5185 3019 5251 δυνατὸν,
3058 5185 3135 5258 μὴ
3179 5186 3339 5255 μόνον
3371 5186 3618 5259 γλώσσῃ,
3650 5188 3790 5242 ἀλλά

2209 5278 2305 5332 καὶ
2357 5280 2493 5332 πᾶσι
2542 5281 2656 5342 τοῖς
2701 5277 2885 5342 ἄλλοις
2916 5278 3134 5348 μέλεσιν
3166 5280 3314 5348 ἡμᾶς
3354 5280 3667 5350 ἐκπληροῦν
3689 5280 3792 5350 τὴν

2210 5370 2584 5440 εὐχαριστίαν.
2619 5368 2737 5433 οὓς,
2768 5371 2816 5422 εἰ
2845 5371 2940 5422 καὶ
2974 5369 3257 5435 ἀναξίους,
3278 5370 3464 5440 κύκλῳ
3497 5371 3591 5424 τοῦ
3627 5371 3790 5439 ἁγίου

2211 5460 2603 5531 θυσιαστηρίου
2630 5462 2974 5533 παρέστησεν
2994 5462 3021 5513 δ
3046 5461 3282 5531 Χριστὸς
3314 5461 3473 5532 ἡμῶν
3496 5465 3590 5517 καὶ
3617 5462 3787 5527 Θεόςς

2224 5555 2365 5610 Ἀλλ’
2399 5555 2507 5608 ἔδει
2562 5557 2699 5625 μετά
2729 5555 2829 5624 τῆς
2893 5554 3031 5618 ἰδίας
3063 5554 3418 5626 εὐχαριστίας
3449 5556 3517 5611 τὰ
3556 5557 3790 5612 ἐνταῦθα

2211 5647 2542 5702 καταλαϐεῖν
2573 5663 2656 5712 σε,
2714 5646 2810 5699 καὶ
2864 5645 3063 5709 κοινῶς
3104 5649 3243 5717 μετά
3270 5649 3378 5702 τῶν
3413 5649 3659 5720 ἀδελφῶν
3694 5667 3790 5705 σου

2214 5740 2310 5792 καὶ
2333 5735 2741 5810 συναρχιερέων
2778 5735 3177 5808 εὐχαριστήσαι
3227 5738 3304 5809 τῷ
3339 5738 3498 5810 αἰτῖῳ
3529 5740 3623 5794 καὶ
3655 5739 3793 5811 βρα-

2213 5833 2378 5904 ϐευτῇ
2410 5832 2508 5903 τῆς
2569 5830 2793 5901 εἰρήνης
2835 5827 2911 5899 τῷ
2939 5828 3141 5900 πρώτῳ
3170 5830 3263 5887 καὶ
3295 5831 3517 5903 μεγάλῳ
3541 5833 3793 5903 ἀρχιερεῖ
