4152 6416
545 239 648 305 291

1687 239 1997 301 NICOLAI
2043 241 2154 301 CP.
2197 239 2708 320 PATRIARCILE

3701 236 3812 300 Ε).θέ

541 369 655 410 rem
681 359 736 408 et
768 351 926 407 ﬁdem
955 360 1218 421 pnestent
1247 370 1261 419 ;
1288 353 1371 406 vel
1396 351 1577 423 potius
1603 353 1859 408 studeant
1885 363 1944 408 ut
1973 352 2107 408 boni

2239 351 2534 422 ρείτωσαν,
2568 353 2630 404 τὸ
2684 352 2820 422 πρὸς
2853 353 2948 424 τὴν
2978 353 3186 408 οἰκείαν
3225 355 3317 410 καὶ
3350 357 3414 426 ἢν
3445 355 3638 410 ἔλαθον
3665 358 3820 426 ποιρά

539 447 802 517 operibus
843 445 910 499 de
955 444 1105 500 facto
1146 445 1447 500 homicidio
1483 445 1890 512 accusationem
1941 445 2120 515 repel-

539 538 695 603 lant;
728 551 788 592 se
819 536 1010 590 eadem
1039 535 1235 592 fecisse
1262 537 1636 602 ostendentes,
1671 540 1774 594 etsi
1815 553 1921 594 non
1955 553 2124 610 epor-

538 630 728 694 tuerit,
769 630 915 700 quod
971 631 1374 700 improbitatem
1417 631 1700 700 odissent;
1757 639 1812 686 et
1855 631 2120 685 malitiam

541 735 1025 792 persequerentur.
1055 721 1212 788 Quod
1241 721 1598 778 manifestum
1627 725 1755 790 erit,
1788 724 1832 779 si
1873 725 2123 780 excelso-

541 831 664 870 l‘lllll
711 827 767 870 8|.
805 830 1131 887 magnorum
1181 815 1574 885 imperatorum
1615 825 1930 870 nostrorum
1966 832 2121 871 man-

539 907 682 962 datis
702 923 888 962 aurem
916 909 1148 963 docilem
1171 907 1450 978 praebeant
1477 917 1532 962 et
1565 907 1632 963 ad
1659 923 1715 962 se
1731 908 2117 980 corrigendum

474 1043 477 1047 ν
538 1001 713 1070 parati
750 1000 882 1055 sint.
935 999 1008 1054 De
1034 1001 1304 1056 electione
1328 1009 1509 1054 autem
1539 999 1849 1070 Landulplii
1886 1015 2121 1070 procon-

538 1093 672 1147 sulis
703 1093 755 1146 in
784 1094 1062 1148 exercitus
1100 1093 1320 1159 ducem,
1362 1093 1543 1163 magni
1567 1101 1621 1148 et
1649 1093 1848 1148 excelsi
1883 1095 2120 1162 impera-

540 1192 688 1239 tores
728 1185 901 1240 nostri
950 1186 1255 1240 seeundnm
1293 1186 1476 1240 datam
1512 1185 1616 1240 sibi
1655 1200 1685 1239 a
1726 1185 1836 1240 Deo
1877 1185 2120 1256 pruden-

535 1278 666 1329 tiam
713 1277 1088 1333 deliberarunt
1133 1293 1404 1346 suamque
1439 1278 1758 1347 proconsuli
1797 1279 2115 1348 opinionem

534 1367 956 1434 denuntiavere,
1011 1379 1066 1424 et
1117 1372 1161 1424 si
1203 1373 1460 1426 mandato
1516 1373 1618 1426 sibi
1669 1373 1840 1427 misso
1895 1373 2118 1427 obedire

534 1460 687 1524 velit,
738 1476 1033 1516 commune
1085 1463 1251 1519 vestri
1287 1472 1342 1518 et
1365 1465 1514 1520 illius
1554 1473 1739 1518 votum
1775 1464 2112 1534 perﬁciatur.

533 1551 672 1617 Quid
717 1554 953 1621 amplius
999 1565 1216 1625 oportet
1273 1557 1557 1612 scribere?
1602 1556 1931 1628 Quicunque
1970 1559 2116 1612 dono

532 1645 650 1698 sive
709 1644 919 1709 divino,
954 1646 1070 1701 sive
1123 1647 1367 1701 humano
1412 1649 1691 1718 judicatus
1731 1658 1818 1704 est
1875 1649 2102 1719 dignus,

2229 442 2327 498 τοῦ
2362 444 2498 497 Θεοῦ
2553 446 2880 499 δεσποτείαν
2920 447 3018 518 τὴν
3065 448 3425 521 ὀςειλομένην
3469 449 3692 521 ἀγάπην
3721 450 3819 504 καὶ

2232 539 2419 590 πίστιν
2442 537 2826 606 διαφυλάττειν
2849 541 3256 610 ἀμετακίνητον
3277 557 3290 572 °
3328 541 3531 612 μᾶλλον
3559 541 3617 594 δὲ
3646 557 3817 595 σπου-

2229 629 2499 684 δάσαιδιά
2518 629 2630 683 τῶν
2665 631 2892 699 ἀγαθῶν
2937 633 3116 703 εργων
3163 634 3264 704 τὴν
3308 634 3400 687 ἐπὶ
3429 631 3508 703 τῷ
3535 633 3816 704 γενομένῳ

2231 720 2378 792 φόνῳ
2439 721 2850 794 ἀποτρίψασθαι
2913 725 3291 796 κατηγορίαν,
3352 725 3447 780 καὶ
3511 725 3683 793 δεῖξαι
3732 727 3815 779 ὅτι

2229 814 2454 866 κάκεῖνο
2513 813 2783 883 ἔπραξαν,
2819 815 2872 868 εί
2928 815 3024 868 καὶ
3061 817 3135 885 μὴ
3168 815 3298 880 ἔδει,
3349 815 3465 869 ἀλλ’
3509 814 3602 870 οὖν
3639 815 3728 868 διὰ
3754 815 3817 868 τὸ

2231 906 2604 976 μισοπόνηρον
2661 906 2756 960 καὶ
2786 906 2888 978 τὴν
2917 907 3210 973 ἀποδίωξιν
3258 907 3357 976 τῆς
3387 907 3606 970 κακίας.
3641 907 3815 960 Τοῦτο

2227 997 2285 1052 δὲ
2316 998 2549 1068 φανερὸν
2599 997 2778 1065 ἔσται,
2820 999 2916 1052 ὲάν
2942 1001 3056 1062 τοῖς
3092 999 3479 1070 κελευομένοις
3522 1000 3672 1070 παρά
3704 999 3813 1052 τῶν

2228 1091 2452 1162 ὑψηλῶν
2488 1093 2582 1146 καὶ
2623 1092 2876 1162 μεγάλων
2909 1093 3068 1164 ἡμῶν
3101 1092 3366 1164 βασιλέων
3397 1091 3630 1163 εὐπειθῆ
3663 1109 3812 1161 παρ-

2227 1183 2392 1254 έχωσι
2422 1186 2523 1254 τὴν
2546 1185 2740 1255 ἀκοὴν,
2774 1187 2872 1240 καὶ
2910 1186 3051 1254 πρὸς
3093 1187 3193 1256 τὴν
3223 1184 3432 1239 ἑαυτῶν
3458 1185 3812 1255 ἐκπλήρωσιν

2225 1275 2434 1345 ἕτοιμοι
2467 1273 2750 1343 γίνωνται.
2775 1276 2914 1345 Περὶ
2939 1277 2996 1330 δὲ
3025 1275 3120 1329 τοῦ
3149 1274 3608 1347 προχειρισθῆναι
3642 1291 3809 1345 στρα-

2224 1367 2392 1438 τηγὸν
2445 1367 2537 1421 τὸν
2587 1368 2901 1421 ἀνθύπατον
2950 1369 3296 1438 Λανδοῦλφον
3338 1370 3387 1421 ei
3435 1366 3661 1438 μεγάλοι
3713 1367 3811 1420 καὶ

2225 1459 2422 1529 ὑψηλοὶ
2473 1459 2716 1527 βασιλεῖς
2768 1460 2928 1532 ἡμῶν
2987 1461 3131 1514 κατά
3169 1462 3270 1533 τὴν
3299 1447 3590 1530 δεδόμένην
3622 1460 3811 1520 αὐτοῖς

2223 1549 2434 1604 ἄνωθεν
2468 1553 2622 1618 παρά
2671 1551 2808 1604 Θεοῦ
2863 1553 3124 1621 πρόνοιαν
3163 1553 3260 1606 καὶ
3325 1551 3808 1620 συνδιεσκέψαντο,

2224 1641 2318 1692 καὶ
2349 1638 2427 1707 τῷ
2479 1640 2778 1712 ἀνθυπάτῳ
2833 1641 2934 1710 τὴν
2964 1642 3170 1694 οἰκείαν
3222 1642 3452 1711 γνώμην
3505 1639 3807 1709 ἐδήλωσαν.

534 1749 593 1787 se
653 1734 746 1788 illo
801 1736 1025 1803 dignum
1072 1739 1312 1792 Ostendit
1369 1749 1532 1808 atque
1586 1741 1659 1793 ita
1701 1741 1937 1794 donante
2002 1757 2107 1794 rur-

2225 1732 2326 1786 καὶ
2358 1733 2578 1796 πάντως
2617 1735 2666 1786 εί
2703 1733 3028 1805 βουλήσεται
3061 1733 3352 1804 πεισθῆναι
3378 1737 3443 1804 τῇ
3481 1734 3615 1803 πρὸς
3640 1732 3810 1784 αὑτὸν

536 1838 633 1877 sus
697 1827 930 1896 accepit,
977 1843 1140 1896 quem
1187 1830 1398 1884 donans
1447 1831 1669 1900 dignum
1697 1831 1810 1900 jam
1839 1831 2107 1900 judicabat

2220 1826 2615 1898 ἀπεσταλμένῃ
2661 1827 2934 1892 κελεύσει,
2967 1827 3027 1880 τὸ
3075 1827 3255 1880 κοινὸν
3306 1828 3520 1896 αἴτημα
3555 1824 3707 1894 ὑμῶν
3742 1840 3809 1876 τε

539 1930 667 1969 cum
727 1917 874 1972 dono
931 1919 1227 1989 acciperet.
1285 1919 1384 1974 Det
1441 1933 1624 1975 autem
1677 1922 1932 1978 Clu-isms
1980 1923 2107 1978 Deus

2220 1920 2481 1973 κάκείνου
2545 1923 2626 1984 εἰς
2654 1920 2828 1989 πέρας
2875 1921 3196 1992 ἐκϐήσεται.
3249 1919 3315 1973 Τί
3351 1922 3433 1974 δεῖ
3476 1921 3635 1972 πλέον
3661 1919 3807 1987 γράο

544 2017 731 2062 noster
758 2018 814 2064 nt
852 2011 1188 2080 imperantes
1230 2021 1284 2067 et
1323 2014 1527 2068 subditi
1569 2030 1630 2068 ea
1671 2016 1912 2083 cogitent
1955 2024 2008 2070 et
2037 2015 2107 2069 fat

2218 2031 2375 2083 φειν;
2427 2017 2544 2080 Πᾶς
2600 2018 2628 2069 6
2681 2016 2892 2088 δωρεᾶς
2933 2015 3416 2087 ἀξιούμενος,είτε
3469 2014 3660 2082 θεῖκῆς
3690 2011 3807 2064 εἴτε

539 2099 833 2171 ciautquae
855 2105 922 2158 ad
967 2105 1200 2160 salutem
1237 2107 1640 2177 utilitatemque
1671 2116 1724 2162 et
1760 2108 1828 2162 ad
1871 2115 2107 2163 nostram

2217 2109 2590 2180 ἀνθρωπίνης,
2615 2107 2819 2178 ταύτης
2859 2107 3012 2173 ἀξιον
3056 2109 3253 2162 ἑαυτὸν
3294 2107 3673 2170 ἀποδείκνυσι,
3705 2105 3805 2158 καὶ

535 2204 723 2255 pacem
759 2193 1068 2264 bonamque
1108 2195 1321 2249 viremli
1355 2196 1623 2250 rationem
1659 2205 1935 2266 spectent.

2219 2200 2394 2263 οὕτως
2445 2200 2600 2270 παρὰ
2649 2199 2745 2251 τοῦ
2797 2199 3036 2262 διδόντος
3089 2201 3373 2270 τυγχάνει,
3437 2198 3496 2250 ὃν
3544 2199 3572 2250 6
3622 2195 3805 2257 διδοὺς

529 2283 744 2353 ἔκρινεν
767 2284 918 2350 ἀξιον
947 2285 1039 2340 τὸν
1074 2285 1424 2357 λαμϐάνοντα
1451 2289 1521 2340 τά
1565 2288 1890 2360 δωρήματα.
1919 2287 2020 2361 Είη
2046 2290 2102 2344 δὲ
2141 2292 2377 2361 Χριστὸς
2440 2295 2467 2345 6
2499 2292 2632 2356 Θεὸς
2665 2295 2696 2359 ἡ
2709 2293 2824 2362 μῶν
2892 2293 2986 2346 καὶ
3019 2293 3294 2364 ἄρχοντας
3329 2294 3422 2347 καὶ
3459 2292 3804 2362 ἀρχομένους

529 2379 714 2431 ἐκεῖνα
757 2376 934 2439 διδοὺς
997 2378 1094 2429 καὶ
1139 2377 1485 2445 λογίζεσθαι,
1541 2378 1638 2431 καὶ
1695 2378 1989 2445 αἰτεῖσθαι,
2042 2381 2135 2432 καὶ
2175 2382 2439 2450 πράττειν
2505 2382 2607 2435 ὅσα
2641 2382 2721 2442 είς
2752 2381 3050 2463 σωτηρίαν,
3089 2383 3190 2435 ὅσα
3235 2382 3372 2452 πρὸς
3434 2384 3493 2435 τὸ
3523 2381 3806 2452 συμφέρον

527 2470 633 2539 ὁρᾷ
677 2469 773 2524 καὶ
822 2469 922 2538 τὴν
978 2469 1135 2538 ὑμῶν
1184 2471 1470 2540 εἰρηνικὴν
1508 2471 1845 2524 κατάστασιν
1875 2472 1970 2524 καὶ
2015 2471 2267 2537 εύζωῖαν.

601 2584 890 2644 LXXXVI.
953 2585 1276 2656 Imperatori
1318 2603 1412 2657 pro
1445 2587 1698 2644 Ecclesia
1727 2605 2018 2644 wconomo.

601 2789 828 2847 Domine
855 2800 906 2846 et
939 2793 1009 2846 illi
1077 2807 1107 2847 a
1187 2793 1295 2847 Deo
1329 2792 1652 2863 gloriﬁcate,
1688 2794 1781 2864 qui
1813 2802 1867 2848 te
1911 2794 1978 2848 ad
2011 2795 2115 2846 im-

525 2877 659 2946 perii
691 2878 968 2948 fastigium
1009 2880 1213 2945 evexit,
1251 2888 1399 2935 tuam
1437 2883 1604 2937 etiam
1639 2891 1874 2936 mentem
1908 2891 1963 2937 et
1992 2891 2114 2937 tuas

524 2968 884 3034 cogitationes
936 2971 1182 3024 excelsas
1214 2971 1344 3025 l‘ecit
1376 2974 1450 3025 ita
1483 2981 1542 3026 ut
1587 2973 1707 3042 ejus
1735 2975 1976 3028 bonitate
2010 2975 2106 3028 tibi

2313 2593 2452 2658 [ις’.
2499 2588 2582 2656 Τῷ
2613 2589 2871 2654 ,βασιλεῖ
2905 2590 3059 2658 ὑπὲρ
3093 2589 3201 2645 τοῦ
3236 2591 3558 2659 οἰκονόμου
3591 2589 3702 2658 τῆς

2818 2661 3154 2729 Ἐκκλησία
3163 2682 3212 2728 ς.

2285 2795 2533 2851 Δέσποτα
2581 2797 2673 2850 καὶ
2726 2798 2920 2850 τέκνον
2973 2796 3333 2867 δεδοξασμένε
3390 2797 3495 2850 ὑπὸ
3547 2794 3710 2861 Θεοῦ,
3770 2798 3804 2849 6

2213 2887 2508 2957 ἀναγαγών
2551 2906 2608 2942 σε
2643 2891 2724 2954 είς
2759 2891 2818 2942 τὸ
2843 2888 2978 2958 ὕψος
3028 2891 3129 2960 τῆς
3160 2889 3445 2960 βασιλείας
3485 2889 3667 2955 ὓψωσε
3704 2890 3804 2941 καὶ

2215 2979 2309 3031 τὸν
2332 2980 2454 3033 νοῦν
2472 2998 2566 3033 σου
2600 2984 2691 3034 καὶ
2723 2981 2790 3034 τὰ
2820 2983 3174 3052 φρονήματα,
3199 2982 3274 3045 ὡς
3309 2979 3666 3050 πιστευθῆναι
3697 2980 3802 3050 μὲν

525 3060 713 3115 datum
741 3063 813 3116 sit
844 3063 1110 3132 quidquid
1153 3072 1298 3118 tuam
1335 3063 1492 3120 decet
1529 3067 1736 3134 regiam
1762 3075 2102 3134 potestatem,

2213 3075 2278 3142 τῇ
2311 3073 2475 3126 αὐτοῦ
2505 3073 2805 3143 ἀγαθὸτητι
2828 3076 2907 3136 εἱς
2933 3073 3066 3144 ὕψος
3089 3075 3149 3126 τὸ
3176 3074 3419 3145 ἁρμόζον
3445 3076 3512 3144 τῇ
3547 3072 3801 3143 βασιλείᾳ

525 3150 592 3205 Et
625 3152 765 3218 ideo,
804 3162 864 3207 ut
893 3165 1063 3223 pater,
1097 3163 1149 3210 te
1182 3155 1372 3211 ltortor
1400 3157 1571 3211 tilium
1621 3173 1805 3212 meum
1847 3167 1900 3212 et
1934 3158 2111 3213 domi-

525 3257 681 3308 num,
714 3245 791 3298 uti
823 3245 1127 3300 secundum
1171 3247 1334 3317 regiae
1382 3248 1644 3302 bonitatis
1675 3248 2108 3318 magnitudinem

523 3347 658 3402 erga
695 3335 943 3392 subditos
988 3339 1064 3391 sis
1096 3339 1418 3408 dispositus,
1449 3355 1557 3394 non
1593 3349 1774 3394 autem
1805 3342 2106 3396 secundum

523 3427 805 3484 multoties
875 3429 1265 3485 insanientium
1327 3432 1720 3502 insipientiam,
1785 3443 1890 3488 tuae
1949 3435 2110 3505 regiae

522 3521 779 3589 potestati
823 3536 887 3577 ea
946 3538 1069 3593 qua:
1125 3538 1234 3578 non
1269 3533 1485 3594 oportet
1542 3526 1862 3594 dicentium,
1901 3537 1958 3583 et
2006 3543 2106 3598 pro

519 3613 838 3683 insipientia
863 3629 962 3670 sua
997 3617 1378 3686 garrientium.
1403 3617 1622 3673 Sufﬁcit
1655 3619 1770 3674 haec
1805 3618 2107 3676 admonitio

521 3720 623 3761 nec
650 3705 896 3775 pluribus
924 3721 1064 3776 opus
1110 3717 1195 3762 est
1253 3709 1453 3764 verbis.
1483 3689 1861 3765 UEconomnm
1923 3724 2104 3767 autem

517 3799 932 3864 areeSsivimus,
981 3809 1034 3852 et
1083 3815 1428 3871 quaecunque
1485 3804 1774 3872 oportebat
1821 3819 1945 3859 eum
1990 3820 2106 3859 mo-

518 3890 778 3958 nuimus;
813 3905 972 3961 quem
1006 3894 1243 3947 arbitror
1267 3897 1650 3948 tiouorandum
1685 3906 1836 3949 tuum
1859 3897 2104 3950 animum

519 3981 587 4036 de
617 3993 817 4037 emero
840 3999 949 4037 non
967 3984 1443 4050 contristatur-um,
1473 3995 1530 4040 ut
1551 3987 1707 4056 prius
1736 3987 2102 4054 contristavit,

519 4088 583 4128 ea
614 4076 870 4129 indecora
905 4075 1111 4141 dicens,
1162 4085 1354 4146 atque,
1387 4086 1444 4132 ut
1479 4079 1781 4144 videbatur,
1821 4089 1965 4134 tuam
2003 4081 2104 4135 lio-

521 4166 988 4222 norabilissimam
1047 4169 1388 4237 majestatem
1469 4173 1690 4239 probris
1743 4188 2098 4242 persequens.

520 4257 676 4312 Illum
742 4259 1094 4327 dimisimus;
1151 4269 1210 4315 tu
1265 4263 1342 4316 illi
1382 4264 1593 4317 vultum
1649 4265 1972 4319 benevolum
2008 4281 2105 4321 os-

521 4352 702 4416 tende,
744 4365 843 4420 pro
866 4362 956 4404 tua
981 4351 1225 4405 bonitate
1259 4352 1378 4407 viva
1411 4367 1543 4407 voce
1575 4369 1698 4423 quae
1725 4355 1872 4410 Deus
1897 4369 2101 4411 sanctae

521 4451 627 4496 tua:
665 4446 830 4497 tuenti
874 4445 1189 4512 inspirabit,
1225 4445 1438 4512 dicens,
1493 4461 1798 4517 rursusque
1850 4449 1899 4504 ei
1948 4464 2100 4505 (neo-

521 4535 672 4589 nomi
735 4536 1030 4594 claviculas
1091 4540 1471 4595 committens.
1533 4539 1641 4594 Pro
1699 4541 1897 4610 quibus
1955 4542 2102 4600 Deus

519 4639 744 4686 sanctus
778 4642 996 4689 nostras
1032 4634 1280 4689 bumiles
1342 4649 1531 4705 preces
1567 4634 1794 4689 audiens
1844 4636 1960 4705 ipse
2005 4637 2103 4692 tibi

517 4726 762 4794 precanti
817 4741 1034 4798 semper
1098 4742 1263 4782 aures
1338 4727 1632 4785 benevolas
1690 4729 1975 4799 praebebit,
2049 4739 2103 4784 et

517 4819 780 4890 quidquid
815 4821 1045 4874 voluerit
1069 4821 1404 4891 adimplebit.

873 5179 876 5182 ,
951 5116 1260 5174 LXXXVII.
1305 5148 1375 5160 -—
1414 5117 1646 5175 Incerto.

583 5254 688 5312 Fili
714 5268 901 5312 noster
931 5267 1143 5322 sancte,
1176 5273 1284 5313 non
1317 5268 1448 5330 puto
1477 5274 1670 5315 sanam
1713 5268 1862 5314 tuam
1896 5260 2097 5317 intelli-

513 5347 752 5417 gentiam
781 5347 1040 5418 ignorare
1061 5365 1166 5419 qua
1196 5360 1389 5405 natura
1417 5351 1518 5406 sim
1551 5361 1646 5406 aut
1679 5368 1788 5421 qua
1822 5353 1925 5406 sint
1958 5368 2087 5408 sen-

513 5439 684 5495 tentia
732 5441 957 5496 Immitis
998 5455 1098 5512 ego
1133 5451 1262 5498 tuus
1294 5454 1446 5512 pater
1474 5445 1539 5498 ad
1573 5461 1635 5498 ea
1674 5461 1796 5514 qua:
1853 5445 2095 5500 humano

510 5548 663 5589 more
726 5543 835 5590 tam
889 5532 1202 5604 frequenter
1234 5549 1538 5592 occurrunt
1584 5537 1939 5605 oll‘endieula,
1999 5548 2096 5595 aut

509 5638 596 5677 me
629 5625 928 5695 quidquam
972 5625 1078 5681 tale
1126 5626 1180 5680 in
1211 5643 1332 5682 meo
1365 5630 1549 5683 animo
1605 5631 1926 5695 recondere,
1985 5646 2093 5686 non

510 5715 674 5772 modo
720 5733 848 5787 erga
887 5717 1056 5779 tilium
1101 5735 1284 5778 meum
1318 5730 1578 5794 tanquam
1623 5723 1844 5794 propria
1883 5726 2088 5782 viscera

2218 3182 2334 3217 σου.
2391 3167 2500 3218 Καὶ
2550 3165 2638 3219 διὰ
2695 3165 2857 3219 τοῦτο
2913 3165 3450 3237 ύπομιμνὴσκω,ῶς
3497 3167 3703 3236 πατὴρ,
3734 3166 3800 3217 τὸ

2211 3256 2614 3327 δεδοξασμένον
2639 3274 2744 3327 μου
2785 3259 2974 3311 τέκνον
3017 3261 3110 3310 καὶ
3134 3259 3422 3327 δεσπότην,
3450 3259 3535 3312 ἵνα
3562 3258 3703 3311 κατά
3733 3257 3797 3309 τὸ

2213 3349 2346 3418 ὕψος
2402 3351 2501 3420 τῆς
2561 3350 2850 3420 βασιλικῆς
2908 3353 3248 3425 ἁγαθὸτητος
3314 3353 3410 3406 καὶ
3467 3351 3606 3422 πρὸς
3665 3351 3794 3413 τοὺς

2212 3443 2561 3514 ὑποχειρίους
2588 3461 2683 3497 σου
2710 3443 3020 3520 διατιθήσῃ,
3064 3446 3161 3500 καὶ
3199 3445 3275 3517 μὴ
3307 3446 3448 3500 κατά
3485 3445 3584 3517 τὴν
3619 3445 3794 3515 ἀφρο-

2214 3537 2381 3610 σύνην
2402 3539 2510 3593 τῶν
2543 3539 2805 3605 πολλάκις
2839 3541 3338 3614 παραφρονούντων
3373 3543 3476 3596 καὶ
3525 3540 3794 3610 λεγόντων

2210 3631 2245 3685 ἃ
2277 3631 2376 3700 μὲν
2402 3632 2461 3684 οὖ
2489 3631 2572 3685 δεῖ
2599 3633 2788 3702 ’λέγειν
2835 3636 2972 3705 πρὸς
3016 3636 3116 3705 τὴν
3156 3634 3438 3705 βασιλείαν
3484 3650 3602 3699 σου,
3640 3633 3790 3701 ὅμως

2211 3723 2267 3776 δὲ
2295 3725 2621 3794 νικωμένων
2650 3726 2803 3797 παρά
2828 3726 2930 3796 τῆς
2979 3727 3298 3798 ἀφροσύνης
3331 3726 3428 3780 καὶ
3485 3724 3791 3795 φλυαρούν-

2211 3835 2342 3872 των.
2381 3818 2582 3888 Ἀρκεῖ
2631 3819 2770 3890 αὕτη
2823 3820 2855 3891 ὴ
2900 3820 3230 3892 ὑπόμνησις,
3282 3819 3377 3873 καὶ
3421 3819 3686 3872 πλειόνων
3725 3817 3786 3869 ού

2209 3908 2443 3978 δεόμεθα
2492 3909 2686 3977 λόγων.
2727 3911 2864 3982 Περὶ
2914 3911 2971 3964 δὲ
3023 3911 3118 3964 τοῦ
3167 3911 3455 3980 οἰκονόμου
3504 3911 3790 3978 ἠγάγομεν

2209 4000 2392 4062 αὑτὸν,
2425 4001 2518 4053 καὶ
2543 4002 2642 4054 ὅσα
2669 4000 2778 4054 ἔδει
2801 4001 3213 4073 παρῃνέσαμεν,
3241 4003 3337 4054 καὶ
3359 4000 3566 4071 νομίζω
3590 4001 3789 4070 μηκέτι

2209 4091 2372 4145 αὑτὸν
2401 4094 2500 4162 τὴν
2542 4093 2640 4163 σὴν
2670 4095 2860 4162 τιμίαν
2895 4095 3168 4164 λυπήσειν
3197 4094 3398 4165 ψυχὴν,
3434 4092 3622 4162 ῶσπερ
3655 4093 3792 4162 πρό-

2207 4199 2366 4253 τερον
2391 4183 2598 4248 ἐλύπει,
2624 4184 2692 4237 τὰ
2709 4185 2784 4256 μὴ
2803 4187 3084 4257 πρέποντα
3106 4187 3305 4254 λέγων,
3342 4186 3462 4250 καὶ,
3484 4185 3560 4248 ὡς
3585 4184 3788 4247 ἐδόκει,

2208 4274 2547 4340 ἐξονειδίζων
2563 4279 2664 4346 τὴν
2689 4281 2790 4347 σὴν
2813 4280 3154 4350 τιμιωτάτην
3177 4278 3476 4348 βασιλείαν.
3511 4279 3792 4331 Ἀπεστεί-

2207 4367 2382 4438 λαμεν
2407 4366 2502 4423 οὖν
2533 4370 2716 4434 αὐτὸν,
2737 4373 2832 4423 καὶ
2862 4371 3036 4435 δεῖξον
3059 4371 3208 4441 αύτῷ
3239 4372 3528 4442 πρόσωπον
3556 4371 3789 4440 εὐμενὲς

2204 4461 2332 4527 ἄξια
2369 4463 2540 4516 ποιῶν
2577 4465 2676 4534 τῆς
2711 4464 2810 4533 σῆς
2838 4463 3200 4532 ἀγαθότητος,
3241 4465 3337 4517 καὶ
3359 4464 3537 4535 οἰκείᾳ
3563 4462 3788 4533 γλώσσῃ

2206 4551 2242 4604 ἂ
2299 4555 2327 4605 6
2368 4553 2502 4617 Θεὸς
2553 4554 2852 4625 ἐμπνεύσει
2916 4557 2975 4608 ὲν
3027 4560 3093 4626 τῇ
3143 4556 3276 4628 ἁγίᾳ
3306 4573 3402 4610 σου
3431 4555 3576 4627 ψυχῇ
3609 4556 3789 4624 λέγων

2205 4643 2380 4714 αὐτῷ,
2407 4646 2498 4698 καλ⁵
2531 4647 2698 4699 πάλιν
2731 4647 3058 4718 ἐγχειρίζων
3085 4648 3157 4701 τά
3203 4649 3417 4702 κλειδία
3445 4648 3540 4700 τοῦ
3571 4647 3786 4700 οἰκονό-

2207 4751 2332 4804 μου.
2376 4736 2436 4788 '0
2469 4737 2624 4799 -Θεὸς
2659 4741 2686 4791 6
2737 4741 2894 4806 ἅγιος
2929 4739 3048 4792 ἀνθ’
3086 4735 3161 4794 ὧν
3189 4741 3286 4810 τῆς
3329 4739 3612 4810 ἡμετέρας
3635 4755 3789 4791 τετα·

2204 4829 2552 4898 πεινωμένης
2580 4831 2828 4900 ἡκούσας
2870 4833 3144 4903 δεήσεως,
3203 4833 3368 4895 αὐτὸς
3425 4849 3510 4886 σοι
3557 4831 3786 4902 παρέξει

2204 4921 2434 4989 εύήκοον
2461 4922 2518 4974 τὸ
2549 4921 2706 4990 ἅγιον
2763 4923 2931 4977 αὑτοῦ
2955 4926 3118 4979 ὠτίον
3157 4928 3214 4980 ἐν
3259 4925 3412 4996 πάσῃ
3449 4925 3634 4995 δεήσει
3664 4941 3784 4989 σου,

2203 5014 2298 5068 καὶ
2331 5015 2624 5086 πληρωτὴς
2652 5017 2849 5087 ὀφθείη
2883 5019 3105 5071 πάντων
3162 5035 3255 5072 σου
3293 5007 3404 5072 τῶν
3438 5018 3784 5090 θελημάτων.

2782 5133 2903 5187 ΠΖ’.
2949 5133 3183 5200 Ἀδήλῳ

2269 5265 2475 5319 Τέκνον
2509 5265 2670 5338 ἡμῶν
2710 5269 2880 5340 ἱερὸν,
2925 5271 2987 5324 οὐ
3012 5269 3298 5341 λογίζομαι
3323 5272 3538 5340 ἀγνοεῖν
3557 5270 3656 5343 τὴν
3678 5270 3780 5342 σὴν

2198 5360 2446 5432 ἔμφρονα
2502 5363 2741 5428 σύνεσιν,
2773 5363 2900 5418 οὗτε
2927 5365 3028 5434 τὴν
3072 5365 3214 5436 ἐμὴν
3246 5365 3430 5434 φύσιν,
3459 5363 3583 5417 οὔτε
3631 5366 3782 5428 ὅπως

2197 5453 2306 5525 ἔχω
2326 5455 2553 5526 γνώμης
2573 5457 2602 5509 6
2621 5458 2879 5520 ταπεινός
2912 5475 3006 5510 σου
3034 5458 3216 5529 πατὴρ
3252 5459 3391 5530 πρὸς
3421 5459 3490 5512 τὰ
3515 5458 3783 5523 πολλάκις

2195 5539 2557 5619 ἀνθρωπίνως
2605 5549 2874 5620 γινόμενα
2946 5551 3460 5621 προσκρούσματα,
3525 5551 3635 5605 οὐδ’
3695 5553 3781 5606 ὅτι

2195 5637 2348 5691 οὐδὲν
2378 5637 2488 5693 τῶν
2521 5640 2782 5693 τοιούτων
2813 5644 2872 5694 ὲν
2899 5645 2968 5712 τῇ
3003 5645 3110 5713 ἐμῇ
3144 5643 3576 5716 ἀποθησαυρίσω
3606 5645 3780 5716 ψυχῇ,

2195 5730 2294 5802 οὐχ
2350 5732 2435 5786 ὅτι
2482 5735 2619 5806 πρὶς
2677 5734 2868 5791 τέκνον
2908 5735 3065 5807 ὲμδν,
3096 5738 3188 5792 καὶ
3211 5738 3521 5810 σπλάγχνον
3554 5739 3778 5806 οἰκεῖον,
