4152 6410
406 263 522 335 ἳθῖ

1882 256 2297 319 EPISTOLE.

3592 261 3701 324 9.94

406 380 512 433 καὶ
557 376 721 449 μέλος
786 375 977 448 ὥσπερ
1007 370 1058 430 εἴ
1091 376 1182 443 σὺ,
1217 374 1401 448 χάριτι
1433 373 1569 428 Θεοῦ
1594 372 1651 440 ἐξ
1697 371 1874 445 ἀρχῆς
1910 372 2006 426 καὶ

2125 381 2165 426 ει
2198 368 2468 433 membra,
2501 376 2560 422 ut
2587 377 2642 422 tn
2670 369 2784 438 ipse
2809 382 2891 434 es,
2917 376 2971 424 et
3000 368 3171 441 gratia
3204 369 3296 424 Dei
3330 370 3397 426 ab
3417 370 3573 427 initio
3604 382 3704 429 do-

408 464 800 534 συγκοινωνδν
818 467 931 518 τῶν
968 464 1334 537 παθημάτων,
1363 462 1621 518 arceat
1653 462 1790 533 πρὸς
1819 462 2007 532 ἔτερόν

406 575 566 614 τινα.
628 557 845 630 Μηδεὶς
901 555 995 612 οῦν
1045 557 1401 630 ύποτρεχέτω
1473 555 1759 627 λογισμὸς,
1819 553 2012 609 τέκνον

406 649 809 719 ἠγαπημένον,
828 646 932 718 τὴν
957 647 1060 719 σὴν
1085 646 1289 719 ψυχὴν,
1318 647 1395 710 ὡς
1434 645 1627 701 ἕνεκεν
1661 644 1772 699 τῶν
1800 644 2009 718 προλα-

409 742 629 796 ϐόντων
658 740 825 809 ἀηδές
850 756 904 793 τι
946 740 1010 794 ἐν
1062 744 1128 812 τῇ
1176 741 1288 812 ὲμῇ
1316 739 1677 793 ἀποκείσεται
1700 737 1874 810 ψυχῇ,
1897 737 2011 793 οὐδ’

409 832 750 904 ἀποστροφή
781 849 872 895 τις
899 833 995 887 καὶ
1024 831 1372 899 ἐναντίωσις.
1423 830 1517 904 Μὴ
1551 830 1786 901 γένοιτο,
1820 830 2012 884 τέκνον

414 941 550 998 μου,
587 925 665 997 μὴ
688 923 866 988 οὕτως
906 924 1043 978 ποτὶ
1092 925 1291 996 νικήσῃ
1325 941 1410 988 τις
1456 923 1799 987 ὑπεναντίως
1828 922 2014 978 κινού·

417 1033 588 1090 μενος
613 1016 906 1088 λογισμὸς,
940 1016 1085 1071 ὥστε
1137 1016 1383 1072 τοιοῦτον
1422 1014 1721 1087 ἐνθύμημα
1748 1017 1807 1069 έν
1841 1018 1908 1088 τῇ
1943 1017 2011 1087 σῇ

415 1109 840 1181 ἑμφυτευθῆναι
905 1109 1076 1182 ψυχῇ.
1137 1110 1280 1164 Ἀλλ’
1335 1109 1456 1181 ὕψει
1503 1108 1704 1181 μᾶλλον
1752 1108 1920 1163 πλέον
1977 1107 2011 1179 ἢ

417 1202 664 1273 πρόσθεν
695 1202 798 1275 τὴν
860 1204 1142 1276 ἡμετέραν
1201 1204 1339 1274 πρὸς
1371 1203 1432 1257 σὲ
1472 1205 1571 1257 καὶ
1615 1201 1881 1268 διάθεσιν,
1917 1202 2014 1256 καὶ⁹

420 1296 672 1369 γνώμην,
706 1297 807 1350 καὶ
868 1298 1111 1368 στοργὴν
1169 1296 1588 1369 ἐξηντλωμένην,
1642 1297 1736 1350 καὶ
1786 1295 2014 1351 τοσοῦτο

423 1387 590 1441 πλέον
617 1387 746 1441 ὅσον
774 1385 875 1441 νῦν
907 1390 988 1452 είς
1021 1389 1189 1458 μέσον
1216 1389 1541 1461 εἰσέρχομαι
1587 1388 1698 1444 τῶν
1744 1387 1876 1452 ἴσως
1923 1388 2014 1442 διὰ

421 1480 521 1543 τάς
548 1478 693 1549 ὲμάς
715 1479 1001 1550 ἁμαρτίας
1034 1480 1110 1550 μὴ
1142 1479 1404 1551 καθαρῶς
1459 1480 1599 1553 μηδὲ
1633 1480 1824 1552 γνώμῃ
1855 1480 2011 1536 ἀδια-

426 1571 653 1642 στρόφῳ
684 1571 809 1641 μεθ’
836 1574 867 1643 η
877 1572 998 1641 μῶν
1017 1571 1337 1643 ’μελλόντων
1366 1572 2012 1644 συναναστραφήσεσθαι.

422 1662 545 1717 Καὶ
569 1663 732 1718 πάλιν
756 1681 832 1735 φη
842 1663 935 1735 μὶ,
964 1663 1123 1729 εἴτις
1158 1666 1485 1736 παρενοχλεῖ
1528 1665 1789 1736 λογισμὸς
1822 1665 2013 1720 ἕνεκεν

2120 463 2296 517 lorum
2342 476 2591 517 meorum
2616 460 2964 530 participem,
2995 464 3091 518 sed
3124 477 3302 533 neque
3340 479 3468 535 erga
3499 464 3698 521 alium.

2117 554 2278 610 Nullo
2311 553 2495 625 igitur,
2531 552 2606 607 mi
2654 552 2750 618 Illi,
2780 564 3018 608 mentem
3062 565 3216 609 tuam
3248 555 3490 625 suspicio
3512 557 3709 612 subeat

2120 645 2174 700 in
2219 661 2341 702 mea
2365 652 2544 700 mente
2574 659 2640 699 ex
2673 645 3125 714 praecedentibus
3174 662 3285 704 non
3319 649 3452 703 nihil
3488 651 3706 705 molesti

2119 736 2207 792 vel
2252 735 2598 793 aversionem
2659 746 2715 793 ct
2786 738 3189 810 oppositionem
3231 740 3488 796 residere.
3531 742 3707 809 Absit,

2120 828 2218 896 Iili,
2253 837 2313 885 ut
2337 844 2574 899 unquam
2607 829 2735 885 talis
2779 830 3040 900 cogitatio
3081 831 3134 885 in
3158 839 3250 887 tua
3286 841 3470 887 mente
3491 834 3711 888 radices

2119 928 2264 992 agat.
2318 919 2425 976 Sed
2457 922 2718 991 majorem
2770 937 2934 992 quam
2985 923 3141 993 prius
3193 934 3439 980 nostram
3475 942 3604 997 erga
3658 937 3709 983 te

2118 1012 2534 1082 dispositionem
2563 1019 2617 1067 et
2645 1012 2974 1067 sententiam
3020 1021 3074 1067 et
3099 1012 3328 1070 effusam
3353 1015 3707 1070 dilectionem

2118 1105 2350 1171 videbis,
2375 1119 2550 1176 eoque
2592 1089 2935 1175 magisquod
2970 1121 3117 1161 nune
3160 1106 3215 1160 in
3247 1107 3486 1162 medium
3514 1124 3706 1163 eorum

2120 1198 2355 1265 introeo,
2387 1201 2482 1269 qui
2520 1197 2752 1256 forsitan
2804 1199 2875 1254 ob
2928 1214 3050 1254 mea
3099 1209 3322 1270 peccata
3372 1192 3712 1271 neqne'sim-

2119 1293 2357 1362 pliciter,
2384 1306 2560 1362 neque
2594 1300 2780 1347 mente
2815 1292 3028 1351 sincera
3057 1293 3393 1364 cogitatione
3417 1293 3708 1349 nobiscum

2119 1384 2317 1440 debent
2346 1385 2683 1440 conversari.
2715 1384 2786 1440 Et
2832 1400 3056 1440 rursum
3086 1385 3231 1452 dico,
3253 1385 3299 1441 si
3321 1401 3426 1457 qua
3459 1395 3509 1442 te
3530 1387 3708 1456 impe-

2119 1477 2198 1533 dit
2223 1478 2482 1548 suspicio,
2504 1479 2656 1549 parvi
2675 1478 2823 1533 illius
2849 1480 2994 1549 quod
3032 1479 3252 1545 accidit,
3275 1480 3485 1535 dissidii
3518 1495 3706 1547 causa,

2121 1570 2264 1625 hanc
2295 1578 2411 1626 toto
2443 1570 2630 1625 animo
2682 1571 2842 1640 longe
2899 1585 2930 1623 a
2966 1580 3017 1625 te
3059 1571 3260 1641 abjice,
3289 1582 3497 1627 certam
3540 1574 3705 1628 fidem

2121 1662 2398 1732 accipiens
2460 1677 2529 1718 ne
2570 1661 2862 1733 vestigium
2900 1662 3118 1732 quidem
3167 1678 3357 1719 eorum
3393 1680 3515 1734 quae
3565 1664 3710 1720 inter

424 1755 532 1826 τῆς
566 1758 767 1829 μικράς
791 1756 1001 1828 ταύτης
1022 1758 1408 1828 γεγενημένης
1435 1757 1794 1827 διαστάσεως,
1825 1757 2014 1811 τοῦτον

2125 1768 2219 1810 nos
2245 1754 2583 1821 acciderunt,
2648 1754 2704 1809 in
2752 1752 2864 1810 Deo
2909 1755 3165 1824 dicimus,
3219 1765 3408 1813 nostra
3439 1757 3709 1839 intuente

436 1847 543 1918 ιλη
574 1846 711 1919 ψυχῇ
739 1847 900 1920 ρίψον
923 1851 1019 1920 ἀφ’
1049 1849 1268 1916 ἑαυτοῦ,
1291 1850 1592 1922 λαμϐάνων
1613 1849 2017 1921 πληροφορίαν,

442 1938 523 2002 ὡς
544 1939 648 1992 οὐδ’
674 1940 817 2011 ἴχνος
851 1941 993 2006 ὅλως
1027 1942 1139 1995 τῶν
1172 1943 1480 2012 γεγονότων
1516 1944 1724 2014 μεταξὺ
1757 1941 1921 2015 ἡμῶν
1945 1943 2015 2012 τῇ

440 2035 548 2106 ἐμῇ
578 2033 741 2106 ψυχῇ,
775 2036 834 2090 ὲν
859 2035 981 2107 Θεῷ
1009 2053 1215 2108 φαμεν,
1248 2038 1626 2093 ἀποκείσεται.

1005 2153 1139 2211 ων.
1176 2155 1422 2224 neque.

500 2264 747 2338 Οἴδαμεν
808 2267 910 2340 τὴν
981 2269 1194 2344 ἀγαθήν
1254 2290 1350 2327 σου
1416 2271 1780 2343 προαίρεσιν,
1830 2274 2021 2328 τέκνον

397 2356 616 2427 ήμῶν,
651 2360 728 2431 μὴ
757 2359 1020 2434 δεομένην
1053 2363 1153 2435 τῆς
1186 2365 1348 2436 ἡμῶν
1383 2365 1788 2435 παραινέσεως.
1813 2365 1878 2419 Oi
1909 2366 2020 2438 γὰρ

427 2446 650 2501 οἴκοθεν
703 2449 921 2521 ἔχοντες
981 2455 1048 2507 τὸ
1116 2455 1406 2525 συμπαθὲς
1451 2456 1512 2511 ού
1557 2454 1858 2528 χρῄζουσιν
1925 2457 2021 2511 ἐπὶ

428 2538 594 2591 τοῦτο
656 2540 758 2612 τῆς
814 2543 975 2609 ἐκτὸς
1036 2545 1463 2617 παρακλήσεως.
1519 2549 1623 2603 Διά
1680 2548 1842 2603 τοῦτο
1879 2551 1928 2603 oi
1961 2549 2022 2603 τὸ

430 2634 677 2704 γράμμα
710 2638 872 2706 ἡμῶν
892 2638 1285 2713 ἐπιφερόμενοι
1348 2643 1518 2716 μέχρι
1557 2643 1652 2698 τοῦ
1687 2644 1782 2698 νῦν
1810 2645 2023 2699 τοιοῦτο

430 2726 538 2779 ούκ
569 2728 834 2794 ἐκόμισαν
866 2734 1102 2805 γράμμα
1149 2735 1280 2808 περὶ
1310 2737 1405 2790 τοῦ
1440 2736 1608 2809 μηδὲν
1635 2736 2024 2809 ὲπιϐαρείσθαι

433 2819 637 2886 αὐτοὺς
659 2823 849 2880 ἕνεκεν
875 2827 978 2898 τῆς
1016 2828 1076 2896 ἐξ
1101 2828 1281 2903 ἀρχῆς
1325 2830 1423 2909 καὶ
1451 2831 1662 2886 ἀνωθεν
1690 2832 2025 2902 έλαφρυνού-

435 2926 541 2985 σης
576 2914 779 2980 αὐτοὺς
815 2921 1178 2992 συνεισφορᾶς
1202 2921 1262 2975 ἐν
1302 2923 1370 2993 τῇ
1403 2925 1783 2994 πατριαρχικῇ
1815 2922 2025 2993 διοική-

433 3020 544 3060 σει.
590 3006 985 3079 Ἐλογιζόμεθα
1009 3011 1120 3082 γὰρ
1151 3011 1238 3066 ὅτι
1272 3012 1369 3067 καὶ
1410 3014 1583 3085 χωρὶς
1622 3014 1713 3067 τοῦ
1749 3014 2022 3087 ἡμετέρου

2119 1860 2565 1916 permansurum.

2578 2142 2917 2199 LXXXVIII.
2984 2143 3215 2202 Incerto.

2194 2260 2432 2328 Scimus,
2476 2260 2549 2315 mi
2612 2259 2709 2326 fili,
2755 2268 2909 2314 tuum
2960 2259 3165 2316 bonum
3222 2258 3469 2315 animum
3523 2270 3709 2317 nostra

2121 2354 2500 2414 adhortatione
2527 2368 2637 2407 non
2708 2368 2889 2422 egere.
2942 2352 3046 2420 Qui
3073 2352 3219 2408 enim
3252 2368 3321 2409 ex
3385 2367 3445 2409 se
3491 2354 3709 2410 miscri-

2120 2444 2365 2503 cordiam
2432 2443 2654 2509 habent,
2717 2458 2824 2497 non
2894 2443 2962 2498 ad
3005 2444 3110 2499 hoc
3154 2430 3333 2499 aliena
3384 2445 3712 2501 invitatione

2121 2535 2382 2605 indigent.
2416 2534 2540 2589 Ideo
2564 2536 2891 2604 quinostraa
2935 2535 3144 2590 litteras
3172 2534 3377 2603 ferunt,
3424 2535 3712 2607 hucusque

2121 2644 2218 2685 cas
2249 2644 2355 2684 non
2395 2630 2702 2694 reddidere,
2738 2629 3097 2696 deprecantes
3122 2636 3182 2682 ut
3218 2629 3351 2683 nihil
3393 2628 3535 2683 ultra
3580 2644 3714 2684 one-

2123 2729 2315 2776 rentur
2341 2721 2445 2791 ipsi
2481 2721 2574 2791 qui
2613 2720 2681 2776 ab
2709 2720 2864 2775 initio
2914 2730 2969 2776 et
2992 2720 3319 2791 jamdudum
3354 2736 3449 2790 per
3484 2736 3613 2775 suas
3653 2720 3709 2775 in

2123 2812 2474 2884 patriarehali
2528 2813 3007 2869 administratione
3040 2813 3479 2869 eontribntiones
3522 2813 3711 2868 suble-

2125 2906 2236 2963 vati
2279 2907 2507 2963 fuerint.
2555 2907 2962 2977 Reputabamns
3018 2906 3165 2961 enim
3216 2914 3267 2961 te
3296 2906 3459 2961 etiam
3504 2906 3711 2977 absque

2125 3002 2331 3057 nostris
2380 3000 2577 3056 litteris
2628 3014 2726 3056 eos
2761 2999 2831 3054 ab
2879 2999 2985 3055 hoc
3016 2999 3236 3070 publico
3275 3013 3445 3054 onere
3507 2999 3714 3055 liberos

432 3099 769 3170 γράμματος
823 3102 1054 3169 τούτους
1106 3105 1329 3178 ἀφήσης
1379 3106 1475 3161 τοῦ
1523 3106 1786 3178 δημοσίου
1810 3107 2022 3179 βάρους

2125 3093 2485 3151 remissurum
2515 3107 2657 3148 esse.
2683 3090 2802 3147 Non
2817 3091 2965 3147 enim
3009 3091 3123 3146 Iieri
3142 3100 3320 3162 potest
3373 3090 3457 3163 (ut
3488 3100 3544 3146 tu
3578 3091 3714 3146 bene

435 3190 664 3255 άνέτους
682 3207 699 3225 ·
731 3192 854 3247 οὐδὲ
880 3195 992 3267 γάρ
1020 3195 1245 3252 δυνατὸν
1267 3197 1366 3269 (ὡς
1384 3199 1482 3252 καὶ
1514 3199 1548 3269 ἡ
1578 3197 1645 3270 σὴ
1666 3198 2022 3264 ἐξεπίσταται

438 3280 683 3356 σύνεσις)
752 3289 825 3341 τά
851 3304 913 3341 τε
955 3291 1337 3361 πατριαρχείῳ
1374 3289 1436 3356 ἐξ
1480 3291 1658 3362 ἀρχῆς
1682 3291 2022 3364 ὅιορισθέντα

440 3378 844 3450 συνεισφέρειν,
878 3379 977 3434 καὶ
1006 3383 1129 3446 ταῖς
1165 3383 1458 3454 δημοσίαις
1487 3383 1819 3456 ὑπηρεσίαις
1848 3401 2024 3439 κατα-

437 3466 800 3538 ϐαρύνεσθαι.
832 3472 935 3526 Διά
960 3471 1136 3529 ταῦτα
1156 3475 1444 3547 γράφομεν
1485 3493 1591 3541 σοι,
1622 3477 1812 3531 τέκνον
1839 3476 2021 3549 ἡμῶν,

438 3560 489 3613 εί
517 3561 749 3616 δυνατὸν
773 3564 933 3618 ἐᾶσαι
956 3566 1198 3638 πένητας
1224 3567 1428 3639 ἄνδρας
1450 3566 1543 3622 διά
1557 3569 1657 3640 τὴν
1677 3568 1858 3625 αὐτῶν
1883 3569 2026 3624 ἀπο-

440 3649 564 3721 ρίαν
582 3653 790 3724 μικρὰν
813 3657 1269 3728 συνεισφέροντας
1287 3658 1481 3730 χρείαν
1507 3662 1575 3730 τῇ
1592 3659 1686 3713 τοῦ
1722 3658 1861 3713 Θεοῦ
1904 3659 2027 3714 Ἐκ-

436 3741 669 3813 κλησία,
699 3744 797 3798 καὶ
817 3744 894 3816 μὴ
936 3746 1105 3818 βάρος
1151 3750 1337 3814 αὐτοῖς
1368 3749 1506 3823 ὑπὲρ
1529 3751 1629 3822 τὴν
1651 3748 1883 3821 δύναμιν
1911 3752 2027 3805 ὲπι-

434 3835 641 3903 θεῖναι,
680 3834 711 3888 ὃ
751 3839 849 3892 καὶ
889 3841 1002 3902 τοῖς
1040 3839 1323 3911 δημοσίοις
1358 3842 1657 3912 πράγμασι
1680 3841 2027 3911 λειτουργεῖν

432 3929 643 3995 αὐτοὺς
677 3931 738 3983 ού
761 3934 1132 4006 συγχωρήσει.
1152 3935 1252 3989 καὶ
1280 3937 1380 4007 τῆς
1412 3935 1618 4008 μικρᾶς
1648 3933 2026 4007 προσενέξεως

431 4024 540 4095 τὴν
580 4022 913 4096 Ἐκκλησίαν
950 4027 1047 4080 τοῦ
1076 4027 1212 4082 Θεοῦ
1240 4028 1666 4101 ἀποστερήσειν.

831 4139 959 4199 ΠΘ’.
1004 4143 1318 4215 Γρηγορίῳ
1356 4140 1642 4213 Ἐφέσου.

521 4263 749 4336 Ἐπειδὴ
771 4263 843 4317 τά
865 4263 964 4335 τῆς
1017 4262 1180 4331 ἀγίας
1224 4259 1391 4316 αὐτοῦ
1434 4258 1764 4332 Ἐκκλησίας
1789 4259 1822 4313 ὁ
1855 4258 2027 4329 μέγας

434 4360 538 4417 καῖι
556 4358 778 4430 πρῶτος
805 4356 1101 4428 ἀρχιερεὺς
1130 4355 1292 4426 ἡμῶν
1314 4357 1342 4408 ὁ
1363 4354 1567 4426 Κύριος
1597 4354 1692 4407 καὶ
1713 4352 1844 4417 Θεὸς
1868 4350 2027 4423 ἡμῶν

2125 3183 2404 3256 intelligis)
2426 3192 2482 3240 et
2498 3199 2565 3241 ea
2590 3199 2713 3254 quae
2738 3183 3093 3255 patriarchali
3125 3182 3240 3239 sedi
3284 3184 3353 3237 ab
3376 3182 3537 3235 initio
3566 3181 3711 3237 sunti

2123 3275 2344 3332 definita
2369 3276 2740 3342 contribuere,
2764 3285 2818 3332 et
2845 3275 3078 3347 publicis
3105 3274 3427 3330 muneribus
3489 3274 3716 3342 insuper

2124 3371 2362 3428 onerari.
2392 3370 2518 3427 Ideo
2551 3371 2645 3427 tibi
2667 3370 2985 3434 scribimus,
3024 3367 3123 3434 ﬁli,
3145 3376 3228 3435 ut,
3260 3368 3305 3423 si
3336 3366 3460 3421 fieri
3508 3377 3712 3437 penest,

2127 3461 2377 3516 homines
2430 3459 2621 3529 inopes
2662 3473 2759 3527 per
2827 3473 2985 3514 suam
3083 3442 3324 3525 inopiam
3392 3455 3712 3509 nonnullam

2127 3552 2418 3608 utilitatem
2453 3550 2548 3606 Dei
2583 3547 2845 3606 Ecclesiae
2875 3549 3177 3604 tribuentes
3207 3549 3504 3602 molestare
3534 3546 3711 3601 desis-

2128 3654 2232 3703 tas.
2256 3643 2443 3715 Neque
2475 3642 2556 3699 eis
2592 3656 2792 3696 novum
2817 3655 2959 3697 onus
2996 3641 3269 3710 imponas,
3303 3639 3452 3709 quod
3508 3653 3611 3692 non
3645 3638 3714 3692 iis

2125 3738 2402 3810 permittet
2431 3745 2490 3790 ut
2518 3734 2738 3806 publica
2770 3733 2968 3788 obeant
3002 3733 3254 3799 munera,
3287 3731 3488 3801 Deique
3525 3730 3714 3784 Eccle-

2127 3830 2267 3886 siam
2302 3827 2466 3884 certis
2499 3824 2734 3898 privabit
2769 3823 3147 3880 facultatibus.

2363 4135 2658 4193 LXXXIX.
2716 4135 2967 4207 Gregorio
3005 4131 3195 4204 Ephesi
3228 4133 3490 4204 episcopo.

2202 4253 2473 4322 Quoniam
2505 4267 2569 4307 ea
2606 4265 2728 4321 qua:
2779 4258 2909 4306 sunt
2946 4247 3227 4312 Ecclesiae,
3259 4261 3490 4315 magnus
3513 4254 3567 4300 et
3596 4246 3713 4317 pri-

2130 4364 2254 4405 mus
2275 4349 2620 4404 sacerdotum
2643 4344 2920 4415 princeps,
2949 4340 3216 4398 Dominus
3253 4349 3308 4394 et
3350 4339 3495 4396 Deus
3526 4350 3715 4394 noster

452 4453 671 4526 Ἰησοῦς
699 4453 729 4505 6
757 4450 996 4522 Χριστὸς
1023 4449 1454 4520 οίκονομηῦῆναι
1482 4447 1784 4519 παρέσχεν,
1814 4445 1874 4499 ὃν
1895 4447 2022 4515 τρό-

2131 4442 2289 4500 Jesus
2304 4439 2557 4501 Christus
2582 4434 3017 4493 administranda
3045 4432 3296 4504 praebuit,
3318 4447 3385 4490 eo
3418 4432 3581 4489 modo
3602 4448 3712 4503 quo

444 4562 548 4599 πον
586 4546 659 4616 τῇ
698 4543 869 4598 αὑτοῦ
915 4541 1094 4606 ἔδοξεν
1140 4538 1442 4610 ἀγαθὸτητι
1482 4537 1590 4609 (τίς
1623 4536 1733 4608 γὰρ
1781 4535 1878 4591 ἐπὶ
1902 4533 2027 4590 νοῦν

445 4639 710 4711 τολμήσοι
740 4637 927 4692 λαϐεῖν
963 4635 1039 4699 ὡς
1060 4636 1121 4688 τὸ
1153 4635 1297 4704 μέγα
1323 4634 1483 4689 τοῦτο
1508 4632 1673 4705 ἔργον
1705 4632 1783 4704 μὴ
1809 4629 2031 4702 γεγονέ-
2058 4683 2063 4687 .

451 4750 545 4785 vn
567 4734 661 4785 σὺν
684 4732 750 4801 τῇ
783 4729 994 4783 ἐκείνου
1030 4726 1252 4798 εύδοκίᾳ
1276 4727 1319 4794 ;)
1368 4726 1506 4780 ἀλλά
1540 4724 1653 4797 γάρ
1680 4725 1806 4779 ἐπεὶ
1826 4725 1898 4778 τά
1927 4724 2029 4794 τῆς

455 4827 606 4899 ίεράς
663 4823 832 4879 αὐτοῦ
900 4823 1227 4894 συναγωγῆς
1269 4820 1536 4893 διῳκήθη,
1589 4820 1845 4892 ὁρίζομεν
1898 4821 2030 4886 τοὺς

445 4920 553 4991 μὲν
594 4918 863 4989 ἀρχαίους
907 4914 1258 4985 λειῖουργοὺς
1305 4912 1405 4971 τοῦ
1445 4914 1607 4982 ἁγίου
1634 4913 2025 4985 θυσιαστηρίου

436 5010 816 5087 προτετάχθαι
845 5010 954 5064 τῶν
984 5009 1139 5080 παρά
1163 5008 1264 5079 τῆς
1297 5004 1397 5078 σῆς
1418 5003 1835 5078 ἀρχιερωσύνης
1859 5006 1918 5059 έν
1947 5004 2029 5075 τῷ

438 5106 541 5161 νῦν
569 5102 755 5177 καιρῷ
787 5105 868 5166 είς
893 5099 1243 5172 λειτουργίαν
1276 5097 1836 5171 προκεχειρισμένους
1856 5111 1872 5128 ·
1909 5095 2028 5168 μετ’

435 5196 689 5258 ἐκείνους
715 5192 776 5247 δὲ
792 5193 921 5256 τοὺς
953 5192 1107 5263 παρά
1131 5189 1225 5244 σοῦ
1244 5190 1343 5262 τὴν
1358 5188 1703 5262 χειροθεσίαν
1727 5188 1992 5252 λαϐόντας
2009 5203 2026 5221 ⁶

438 5287 710 5357 ἐσχάτους
748 5284 808 5338 δὲ
847 5279 990 5338 εἶναι
1023 5285 1153 5347 τοὺς
1200 5284 1259 5337 ὲν
1291 5282 1369 5353 τῷ
1395 5281 1574 5354 καιρῷ
1610 5282 1723 5335 τῶν
1768 5284 1869 5336 οὐκ
1909 5275 2030 5336 οἶδα

438 5380 622 5441 ποίοις
667 5377 905 5447 κρίμασι
954 5373 1091 5428 Θεοῦ
1135 5373 1652 5444 συγκεχωρημένων
1688 5370 2029 5428 ἐπεισελθεῖν

440 5470 762 5527 σκανδάλων
812 5471 884 5541 τῇ
934 5466 1237 5538 Ἐκκλησία
1297 5466 1404 5520 ὑπὸ
1452 5465 1869 5521 Κωνσταντίνου
1933 5466 2029 5519 καὶ

450 5562 704 5618 Ἰωάννου
754 5557 1264 5634 χειροθετηθέντας.
1297 5558 1409 5615 Καὶ
1447 5556 1607 5612 τοῦτο
1641 5558 1743 5628 μὲν
1767 5556 1831 5611 τὸ
1860 5555 2029 5628 μέρος

438 5658 679 5715 τοιοῦτον
737 5658 859 5731 ἔχει
906 5653 1003 5707 τὸν
1048 5651 1351 5724 διορισμόν.
1381 5652 1614 5725 Ἕτερον
1659 5652 1719 5706 δὲ
1774 5651 2030 5722 ὁρίζομεν

440 5754 555 5827 (καὶ
583 5754 746 5813 τοῦτο
778 5747 1009 5826 μενέτω
1041 5747 1257 5812 πάντως
1281 5744 1745 5819 ἀπαραποίητον),
1772 5742 1913 5801 ὥστε
1939 5742 2030 5797 τὸν

2133 4531 2308 4604 ipsius
2319 4529 2554 4599 bonitati
2577 4529 2752 4585 visum
2792 4535 2899 4595 est,
2920 4525 3069 4597 (quis
3091 4525 3236 4581 enim
3273 4533 3459 4582 mente
3486 4524 3715 4581 auderet
3776 4584 3787 4599 β

2131 4627 2421 4699 concipere
2444 4641 2701 4696 magnum
2735 4622 2843 4680 hoc
2861 4634 3002 4692 opus
3037 4633 3165 4675 eum
3191 4617 3342 4672 illius
3368 4618 3713 4687 beneplacito

2133 4736 2243 4778 non
2291 4719 2465 4790 lict-il)
2509 4717 2616 4773 Sed
2659 4717 2919 4787 quoniam
2971 4710 3146 4783 ipsius
3206 4708 3349 4766 sacri
3399 4717 3576 4764 cestus
3624 4725 3714 4765 res

2132 4813 2291 4870 nobis
2315 4814 2628 4869 commissa
2684 4816 2833 4872 sunt,
2887 4790 3179 4862 deﬁnimus
3232 4800 3488 4870 antiquos
3524 4799 3715 4855 ruinis-

2134 4915 2248 4963 tros
2278 4907 2454 4966 sacris
2485 4901 2752 4961 altaribus
2790 4897 2991 4969 praeﬁci
3042 4897 3243 4952 debere
3290 4901 3417 4947 ante
3475 4907 3571 4948 eos
3616 4895 3710 4962 qui

2131 5016 2279 5061 nunc
2311 4998 2549 5054 maxime
2576 5010 2608 5049 a
2651 5004 2747 5050 tuo
2780 5005 2997 5049 summo
3020 4985 3331 5045 sacerdotio
3361 4984 3429 5041 ad
3466 4985 3715 5039 ministe-

2131 5099 2273 5154 rium
2306 5089 2572 5161 designati
2599 5094 2760 5148 sunt;
2787 5083 2985 5141 deinde
3034 5096 3133 5138 eos
3152 5079 3245 5151 qui
3278 5095 3310 5135 a
3360 5086 3421 5141 te
3451 5092 3711 5133 manuum

2132 5185 2534 5258 impositionetn
2565 5183 2924 5246 receperunt;
2980 5174 3205 5233 ultimos
3232 5178 3415 5229 autem
3452 5183 3577 5231 esse
3616 5182 3714 5224 eos

2132 5282 2229 5354 qui
2278 5295 2345 5336 eo
2396 5272 2785 5333 scandalorum
2837 5265 3310 5338 temporeclecti,
3379 5261 3713 5334 (scandala)

2135 5371 2321 5430 nescio
2384 5367 2585 5438 quibus
2618 5363 2712 5418 Dei
2770 5361 3018 5434 judiciis,
3084 5361 3189 5416 sub
3241 5357 3602 5417 Constantino
3658 5361 3715 5408 et

2133 5467 2344 5523 Joanne
2362 5458 2663 5517 Eeclesiam
2712 5457 2923 5512 intrare
2947 5460 3271 5525 potuerunt.
3320 5450 3452 5517 Quae
3490 5447 3711 5519 quidem

2136 5574 2265 5631 pars
2321 5558 2465 5612 hanc
2500 5553 2668 5610 habet
2730 5546 3177 5620 esplicationem.
3229 5545 3474 5601 Alterum
3527 5551 3711 5597 autem

2135 5648 2449 5714 deﬁnimus,
2477 5649 2551 5717 (et
2581 5644 2686 5698 iloc
2712 5651 2862 5699 certe
2887 5641 3094 5696 certius
3132 5637 3260 5706 erit)
3295 5642 3354 5688 ut
3389 5634 3435 5689 is
3461 5632 3558 5703 qui
3604 5642 3717 5687 ate

2137 5743 2189 5799 in
2221 5741 2401 5800 locum
2432 5734 2897 5811 protoprcsls'teri
2943 5741 2997 5790 et
3021 5727 3392 5786 archidiaconi
3422 5726 3716 5786 ordinatus
