4152 6414
500 266 610 332 295

1642 273 1959 335 ΝιιῐυιΑι
1999 276 2111 336 CP.
2154 277 2673 339 PATRIARCILE

3681 274 3783 340 296

503 390 610 443 est,
650 388 704 434 et
751 393 876 435 eum
907 380 998 450 qui
1031 380 1087 434 in
1124 380 1303 437 locum
1342 382 1591 445 secundi,
1644 394 1700 437 ut
1729 384 1902 450 aiunt,
1934 401 2091 441 suum

2204 391 2356 461 παρὰ
2401 391 2496 444 σού
2526 391 2607 453 εἰς
2634 388 2791 456 τάξιν
2850 387 3417 461 πρωτοπρεσϐυτέρου
3450 389 3782 460 τεταγμένον

502 472 750 525 ordinem
782 484 837 526 et.
885 480 1088 527 statum
1142 483 1324 530 servet
1369 490 1646 545 nunquam
1693 485 1867 531 tentes
1911 478 1964 531 in
2016 478 2098 532 itt-

506 563 762 618 fetiorem
791 565 1039 621 ordinem
1073 566 1366 621 deducere.
1410 566 1535 623 Haec
1585 569 1679 623 tibi
1738 569 2089 624 mandamus.

506 654 633 710 Haec
663 667 847 710 nostra
881 654 1139 710 mandata
1177 657 1444 723 servabis,
1479 659 1639 712 nobis
1687 658 2097 722 obcdiens,etsi

505 747 804 817 peccatori,
846 748 987 817 patri
1016 756 1197 803 tamen
1246 760 1339 804 tuo
1368 758 1422 803 et
1452 765 1669 805 summo
1692 751 1987 806 sacerdoti.

2201 486 2297 538 καὶ
2356 483 2762 556 ἀρχιδιακόνου,
2825 482 2912 536 ναὶ
2967 481 3032 552 δὴ
3085 479 3317 551 καὶ⁶τὴν
3362 476 3455 532 τοῦ
3487 478 3783 550 λεγομένου

2201 578 2643 648 δευτερεύοντος,
2676 572 3062 646 συντηρεῖσθαι
3116 572 3276 640 τάξιν
3301 588 3362 625 τε
3384 573 3480 625 καὶ
3507 572 3785 626 κατάστα-

2204 685 2311 734 σιν,
2353 667 2449 720 καὶ
2483 664 2753 737 μηδαμῶς
2797 664 2997 727 αὐτοὺς
3025 666 3082 717 ἐν
3108 660 3489 732 ὑποδεδηκυίᾳ
3521 660 3674 726 τάξει
3705 661 3786 715 δο-

2204 752 2438 823 κιμάσαι
2496 753 2859 821 καταγαγεῖν.
2911 749 3100 805 Ταῦτά
3139 767 3221 805 σοι
3270 750 3654 822 ὲντελλόμεθα,
3685 751 3787 805 καὶ

506 838 668 907 γε’.οὗ
727 839 904 909 φύλαξ
945 840 1043 910 τῆς
1078 841 1355 912 ἡμετέρας
1409 840 1653 910 ἐντολῆς,
1693 841 1770 906 ὡς
1805 842 2098 913 ἑπόμενος,
2136 846 2184 897 εἰ
2208 847 2303 899 καὶ
2376 846 2709 919 ἁμαρτωλῷ,
2749 847 2901 917 ὅμως
2944 845 2991 901 δ’
3033 842 3127 902 οὖν
3191 846 3362 918 πατρί
3428 863 3521 900 σου
3550 847 3646 901 καὶ
3686 845 3788 917 ἀρ-

506 946 589 1000 χιε
598 932 702 999 ρετ.

1075 1042 1189 1098 ΧΩ.
1244 1041 1496 1099 Incertis.

580 1153 801 1210 Fratres
833 1155 960 1223 mei,
999 1157 1193 1211 addam
1227 1174 1377 1222 vero,
1412 1169 1467 1213 et
1506 1159 1629 1225 lilii,
1658 1160 1762 1215 nisi
1798 1161 1953 1216 vobis
1983 1161 2101 1217 dis-

507 1248 674 1317 plicet
712 1249 853 1303 lilios
904 1250 1084 1303 voeari
1148 1253 1451 1320 peccatoris
1493 1254 1734 1321 quidem,
1786 1255 1881 1308 sed
1917 1266 2097 1308 tamen

2776 1032 2869 1117 11':
2908 1048 3199 1117 Ἀδήλοις.

2283 1158 2530 1230 Ἀδελφοί
2591 1178 2717 1230 μου,
2787 1162 3085 1233 προσθήσω
3136 1162 3194 1215 δὲ
3240 1164 3335 1217 καὶ
3381 1163 3572 1232 τέκνα,
3623 1168 3673 1220 εί
3705 1167 3788 1240 μὴ

2195 1249 2379 1320 λύπην
2412 1252 2446 1321 ἡ
2476 1251 2762 1323 προσθήκη
2794 1255 2943 1305 ποιεῖ
2962 1253 3057 1306 τοῦ
3078 1255 3245 1308 τέκνα
3275 1255 3562 1310 καλεῖσθαι
3597 1258 3789 1332 ἁμαρ-

505 1340 697 1409 patris,
717 1339 861 1410 quod
891 1356 959 1394 ne
1010 1356 1105 1395 vos
1136 1343 1355 1411 quidem
1386 1343 1658 1411 negaretis
1695 1385 1709 1409 ,
1731 1345 1954 1399 etsi.....
1981 1360 2091 1400 esse

2199 1341 2371 1396 τωλοῦ
2437 1343 2557 1413 μὲν,
2627 1344 2777 1415 ὅμως
2806 1344 2850 1397 δ’
2880 1340 2975 1399 οὖν
3001 1348 3234 1419 πατρὸς,
3277 1348 3356 1411 ὡς
3387 1350 3497 1402 οὐδ’
3522 1350 3590 1405 ἂν
3622 1351 3791 1409 αὐτοὶ⁸

505 1433 647 1502 apud
676 1447 871 1488 omnes
918 1432 1069 1502 digni
1119 1434 1422 1502 habemur;
1470 1435 1566 1489 sed
1591 1436 1734 1489 enim
1771 1437 1865 1490 lilii
1899 1447 1949 1492 et
1982 1438 2094 1491 fta-

506 1535 688 1577 tres...
735 1524 962 1593 pessimi
1018 1523 1287 1579 daemonis
1336 1524 1595 1580 Ecclesiae
1629 1529 1894 1595 schisnta,
1946 1529 2094 1584 illius

505 1614 847 1682 providentia
888 1615 981 1684 qui
1023 1631 1241 1686 semper
1286 1625 1341 1671 et
1402 1619 1471 1672 ab
1516 1619 1674 1675 initio
1733 1630 1986 1690 separata
2037 1621 2093 1675 in

2199 1432 2526 1505 ἀρνηθείητε
2574 1435 2625 1488 εί
2682 1433 2779 1488 καὶ
2845 1434 3161 1491 πλ...εἷναι
3223 1440 3375 1510 παρὰ
3424 1442 3591 1494 πᾶσιν
3640 1441 3789 1508 ἄξιοι

2200 1526 2644 1598 καθεστήκαμεν.
2724 1527 2886 1582 Ἀλλὰ
2950 1529 3060 1602 γὰρ
3112 1531 3282 1585 τέκνα
3338 1532 3433 1585 καὶ
3487 1534 3787 1605 ἀδελφοὶ...

2200 1619 2442 1692 πονηροῦ
2466 1619 2721 1690 δαίμονος
2761 1623 2860 1692 τῆς
2903 1622 3231 1692 Ἐκκλησίας
3263 1623 3613 1699 διαρῤήξεις,
3656 1646 3794 1700 προ-

504 1705 769 1759 unitatent
822 1706 1054 1775 reducit,
1096 1708 1402 1778 praesertim
1433 1710 1653 1778 quidem
1703 1726 1800 1780 per
1828 1711 2091 1781 seipsnm,

2203 1713 2403 1785 μηθείᾳ
2428 1713 2523 1767 τοῦ
2551 1714 2640 1767 ἀεὶ
2677 1713 2774 1768 καὶ
2800 1713 2858 1780 ἐξ
2883 1715 3057 1786 ἀρχῆς
3081 1716 3150 1769 τὰ
3179 1717 3444 1772 διεστῶτα
3475 1722 3555 1783 είς
3585 1721 3791 1775 ἕνωσιν

507 1815 634 1852 cum
670 1800 1032 1854 exinauiverit
1066 1786 1423 1871 semetipsum
1455 1818 1557 1872 pro
1588 1803 1832 1859 omnium
1860 1806 2093 1862 unitate.

503 1900 561 1944 et
590 1891 698 1960 pati
736 1892 969 1945 voluerit
1024 1907 1366 1960 qurecunque
1392 1908 1587 1963 passus
1615 1904 1729 1963 est;
1754 1897 1944 1953 deinde
1968 1914 2096 1953 vero

505 1992 560 2035 et
590 1998 685 2051 per
706 1997 801 2037 eos
837 1982 930 2050 qui
966 1997 1088 2037 eam
1136 1984 1499 2039 humanitatis
1551 2001 1741 2040 curam
1779 2004 2095 2058 suscepere,

508 2072 787 2137 a,=05l0|05
839 2070 1053 2124 scilicet
1103 2085 1406 2141 eorumque
1449 2089 1819 2141 succeswres,
1849 2077 2092 2143 abstulit,

509 2172 566 2218 ut
591 2174 848 2233 putamus
873 2165 975 2219 etsi
1014 2168 1353 2233 peccatores,
1403 2164 1601 2222 divinae
1641 2166 1906 2222 Voluntati
1961 2184 2095 2224 con-

504 2271 697 2326 gruam
728 2260 870 2311 inter
917 2255 1013 2311 Dei
1059 2256 1377 2312 sacerdotes
1418 2259 1880 2328 conjunctionent.
1939 2261 2091 2328 QttoJ

505 2351 745 2404 schisma
780 2351 825 2405 si
859 2353 983 2418 quis
1024 2366 1130 2404 non
1189 2350 1591 2416 animadvertit,
1639 2368 1820 2408 meum
1874 2371 1979 2409 non
2008 2365 2098 2411 est

502 2443 656 2495 illum
704 2443 1049 2505 convincere,
1101 2458 1249 2510 cum,
1290 2445 1375 2498 vel
1424 2445 1583 2500 nobis
1646 2447 1972 2510 tacentibus,
2007 2463 2095 2503 res

505 2540 573 2589 ad
619 2535 959 2605 probandum
1013 2536 1312 2592 sufﬁciant.
1359 2539 1490 2604 Qua:
1525 2553 1657 2594 vero
1715 2542 2094 2596 accusationes

505 2620 621 2675 sive
651 2637 679 2674 a
723 2622 877 2675 vobis
923 2622 1038 2676 sive
1099 2623 1169 2677 ab
1218 2623 1342 2680 aliis
1400 2626 1455 2680 in
1488 2641 1666 2681 meam
1726 2627 2092 2686 humilitatem

503 2709 839 2779 diriguntur,
886 2714 1268 2769 accusantium
1318 2725 1573 2771 conatum
1631 2735 1737 2774 non
1811 2722 2091 2791 deprecor,

502 2817 668 2871 quam
720 2804 1038 2872 longissime
1065 2807 1472 2876 progrediendi.
1525 2809 1641 2865 Etsi
1699 2812 1884 2868 divina
1917 2817 2094 2885 gratia

504 2895 637 2950 illud
665 2896 961 2952 discrimen
993 2914 1102 2952 non
1131 2899 1575 2971 reformidemus,
1608 2914 1870 2974 attamen,
1920 2909 2016 2964 lilii
2039 2918 2095 2964 et

502 2981 726 3049 fratres,
754 2987 799 3038 si
826 3001 926 3054 ego
976 2986 1133 3043 vobis
1162 2988 1320 3044 oneri
1380 3005 1502 3046 sum
1538 3000 1594 3047 et
1651 2993 1939 3065 displiceo,
1998 3000 2091 3053 tali

2198 1805 2447 1874 ἄγοντος,
2481 1804 2718 1876 μάλιστα
2763 1806 2863 1877 μὲν
2901 1805 2968 1859 δι’
3010 1807 3206 1862 ἑαυτοῦ
3240 1804 3323 1874 οἷς
3360 1810 3630 1868 ἐκένωσεν
3655 1814 3795 1867 ἐαυ-

2196 1896 2289 1950 τὸν
2325 1894 2467 1969 ὑπὲρ
2494 1899 2594 1970 τῆς
2626 1898 2848 1954 πάντων
2877 1899 3126 1965 ὲνὼσεως
3159 1904 3252 1956 καὶ
3294 1904 3491 1957 παθεῖν
3518 1906 3791 1977 ἠνέσχετο

2199 1984 2286 2043 οἷα
2314 1992 2610 2046 πέπονθεν.
2648 1991 2884 2047 Ἔπειτα
2922 1993 2978 2047 δὲ
3000 1998 3095 2048 καὶ
3139 1995 3227 2050 διὰ
3255 1996 3369 2051 τῶν
3398 1998 3479 2061 είς
3507 1997 3604 2070 τὴν
3634 1999 3794 2058 ὲκεί-

2197 2101 2290 2136 νου
2328 2086 2586 2155 πρόνοιαν
2613 2086 2716 2156 τῆς
2763 2087 3120 2157 ἀνθρωπίνης
3167 2088 3596 2160 εἰσεληλυθότων
3641 2091 3786 2145 ὲνώο

2201 2193 2364 2242 σεως,
2420 2177 2739 2232 ἀποστόλων
2782 2180 2960 2250 φαμὲν
2992 2180 3224 2234 καὶτῶν
3264 2182 3463 2252 ἑφεξῆς
3497 2183 3787 2255 διαδόχων,

2199 2270 2471 2341 ἀπείληφε
2504 2272 2628 2342 τὴν,
2680 2270 2757 2337 ὥς
2788 2289 2851 2342 γε
2880 2273 3198 2345 νομίζομεν,
3222 2277 3273 2329 εί
3302 2276 3397 2328 καὶ
3433 2277 3786 2348 ἁμαρτωλοὶ,

2199 2362 2330 2434 θείῳ
2387 2363 2623 2433 νεύματι
2678 2366 3005 2435 πρέπουσαν
3060 2368 3269 2438 ἱερεῦσι
3312 2369 3449 2422 Θεοῦ
3505 2370 3787 2441 σύναψινσ

2197 2457 2292 2508 καὶ
2324 2454 2475 2519 εἴτις
2512 2456 2721 2527 ταύτην
2751 2458 2852 2513 οὐκ
2879 2460 2936 2512 ὲν
2958 2460 3198 2531 ἀποδοχῇ
3230 2460 3464 2529 τίθεται,
3496 2462 3598 2517 ούκ
3628 2462 3790 2519 ἐστιν

2198 2549 2332 2619 ἐμὸν
2358 2548 2626 2619 ἐλέγχειν,
2653 2551 2763 2603 τῶν
2795 2552 3144 2622 πραγμάτων
3172 2553 3490 2626 ἀρκούντων
3519 2557 3600 2620 εἰς
3626 2554 3793 2626 ἔλεγ-

2197 2658 2311 2711 χον,
2341 2642 2445 2697 κᾶν
2491 2645 2654 2713 ἡμεῖς
2706 2646 3100 2715 σιωπήσωμεν.
3149 2649 3216 2700 Ἀ
3249 2647 3306 2699 δὲ
3342 2650 3478 2718 πρὸς
3506 2648 3605 2719 τὴν
3641 2650 3791 2719 ἐμὴν

2196 2736 2530 2789 ταπείνωσιν
2584 2737 2694 2790 εἴτε
2735 2736 2867 2806 παρ’
2921 2737 3096 2807 ὑμῶν,
3152 2739 3362 2793 είτ’ἐπ’
3395 2740 3571 2795 ἄλλων
3602 2742 3792 2798 αίτιά-

2201 2842 2347 2894 ματα
2392 2826 2602 2896 βλέπει,
2647 2829 2710 2880 ού
2743 2829 3120 2899 παραιτοῦμαι
3157 2832 3255 2901 τὴν
3293 2833 3402 2885 τῶν
3435 2835 3793 2905 αιτιωμένων

2198 2919 2540 2992 προαίρεσιν,
2570 2921 2653 2983 εἰς
2683 2920 2711 2972 ὃ
2734 2920 3023 2990 προελθεῖν
3062 2921 3376 2989 ἀγαπῶσιν,
3409 2924 3513 2977 κᾶν
3533 2924 3654 2997 θείᾳ
3682 2927 3792 2996 χά-

2201 3027 2309 3082 ριτι
2365 3011 2440 3080 μὴ
2493 3012 2785 3081 δειλιῶμεν
2837 3010 2937 3084 τὴν
2971 3013 3082 3065 τῶν
3124 3014 3463 3083 αἰτιαμὰτων
3506 3016 3786 3083 διάλυσιν,

505 3090 675 3130 onere
723 3087 982 3133 oneratos
1027 3079 1262 3136 liberare
1312 3095 1540 3153 paratus
1588 3100 1733 3153 sum,
1777 3099 1831 3143 ct
1872 3105 1934 3144 ea
1969 3106 2091 3161 qure

2196 3079 2347 3172 ὅμως
2401 3102 2517 3168 οὖν,
2568 3079 2735 3158 τέκνα
2794 3079 3173 3176 καῖ’ἀδελφοὶ,
3223 3079 3473 3179 είἸβαρὺς
3516 3108 3627 3178 ἐγὼ
3682 3079 3788 3163 καί

503 3168 570 3222 ad
601 3183 685 3224 me
713 3181 963 3240 spectant
991 3171 1148 3241 juxta
1183 3183 1428 3230 vestrum
1460 3178 1860 3247 beneplacitum
1893 3182 2087 3253 dispo-

503 3277 657 3328 nere,
719 3264 793 3318 illi
849 3265 945 3335 qui
1007 3267 1160 3322 vobis
1215 3269 1432 3338 placere
1480 3272 1702 3339 poterit,
1737 3282 1798 3327 ut
1848 3286 2091 3332 vestrum

501 3363 668 3424 caput
713 3357 828 3420 llat,
884 3358 1214 3425 concedens,
1248 3361 1545 3418 dummodo
1591 3365 1659 3419 ad
1708 3367 1953 3437 corporis
1993 3368 2097 3425 Ec-

500 3447 684 3503 clesiae
709 3446 1080 3519 integritatem
1125 3454 1502 3509 revertamini.

501 3766 635 3821 XCI.
702 3767 900 3824 Dilecto
981 3771 1254 3839 spirituali
1334 3774 1494 3843 ﬁlia,
1556 3776 1925 3834 illustrissimo
1985 3781 2090 3838 Co-

1245 3860 1393 3914 rapo.

579 3975 822 4042 Scimus,
883 3976 1118 4046 ﬁli,jam
1183 3988 1310 4036 ante
1344 3980 1892 4044 benevolentissimas
1963 3999 2087 4046 tuas

506 4066 719 4122 litteras
766 4084 950 4123 rerum
985 4071 1353 4128 dillicultatem
1398 4075 1747 4144 prohibuisse
1793 4082 2091 4150 quominus

500 4160 568 4214 ad
636 4170 745 4217 nos
794 4171 884 4217 tua
941 4163 1277 4220 Excellentia
1344 4168 1604 4223 mitteret.
1663 4169 1778 4226 Hoc
1816 4182 1996 4229 tamen
2042 4185 2094 4230 te

502 4265 610 4304 non
646 4256 835 4318 lateat,
873 4266 974 4307 nos
1022 4254 1122 4308 etsi
1192 4254 1341 4308 nulla
1403 4270 1435 4311 a
1500 4265 1552 4311 te
1603 4259 1908 4315 admonitio
1946 4262 2088 4317 facta

502 4343 737 4410 luisset,
800 4359 908 4400 non
944 4346 1222 4416 negligere
1266 4347 1335 4402 de
1376 4358 1468 4404 tua
1513 4349 1774 4408 felicitate
1835 4362 1891 4408 et
1942 4355 2093 4410 salu-

2199 3197 2558 3267 ἁπαρέσκων,
2590 3197 2808 3268 ἕτοιμός
2835 3201 2951 3269 εἰμι
2999 3201 3092 3253 καὶ
3128 3200 3224 3253 τοῦ
3258 3200 3461 3273 βάρους
3500 3202 3790 3258 ἀπαλλάτ-

2195 3308 2311 3344 τειν
2342 3290 2473 3355 τοὺς
2512 3291 2939 3363 βαρυνομένους,
2990 3293 3086 3346 καὶ
3125 3293 3265 3365 πρὸς
3295 3294 3354 3347 τὸ
3392 3294 3623 3367 ἀρεστὸν
3649 3295 3789 3366 ὑμῖν

2196 3384 2266 3437 τὰ
2303 3385 2427 3437 κατ’
2477 3385 2719 3455 ἐμαυτὸν
2763 3384 3101 3451 διατιθέναι,
3159 3388 3508 3459 παραχωρῶν
3558 3386 3638 3459 τῷ
3696 3388 3787 3452 είς

2196 3478 2492 3549 ἀρέσκειαν
2541 3480 2788 3549 ἐσομένῳ
2837 3481 2898 3533 τὸ
2942 3475 3086 3535 εἶναι
3117 3481 3273 3550 ὑμῶν
3313 3482 3579 3554 κεφαλὴν,
3616 3481 3783 3553 μόνον

2196 3571 2335 3638 πρὸς
2366 3574 2464 3642 τὴν
2487 3571 2720 3642 ὁλότητα
2761 3571 2853 3625 τοῦ
2886 3577 2985 3641 τῆς
3026 3573 3355 3644 Ἐκκλησίας
3399 3574 3784 3647 ἐπιστράφητε

2197 3660 2473 3732 σώματος.

2210 3774 2215 3779 ’
2301 3781 2422 3851 ιςΑἏ
2457 3783 2541 3850 Τῷ
2572 3786 2937 3854 ἠγαπημένῳ
2959 3785 3341 3853 πνευματικῷ
3363 3784 3571 3851 τέκνῳ,
3603 3784 3685 3852 τῷ

2640 3855 3014 3925 ἐνδοξοτάτῳ
3052 3860 3320 3927 Κορόπῳ.

2268 3970 2546 4042 Οἴδαμεν,
2604 3969 2795 4023 τέκνον
2862 3969 3065 4038 ἡμῶν,
3130 3969 3226 4022 καὶ
3277 3969 3385 4038 πρὸ
3433 3969 3543 4023 τῶν
3592 3986 3782 4040 γραμ-

2196 4069 2386 4140 μάτων
2450 4065 2553 4135 τῆς
2642 4062 2742 4132 σῆς
2821 4062 3172 4132 τελειοτάτης
3223 4059 3539 4129 συνέσεως,
3607 4060 3682 4125 ὡς
3740 4063 3780 4132 ἡ

2191 4160 2303 4214 τῶν
2355 4159 2703 4229 πραγμάτων
2745 4156 3036 4226 δυσχέρεια
3089 4154 3187 4225 τὴν
3242 4154 3517 4225 ὑμετέραν
3555 4156 3785 4207 ἀπεκώ-

2192 4253 2289 4307 λυε
2351 4251 2646 4321 τιμιότητα
2709 4245 3123 4319 διαπέμπεσθαι
3202 4245 3339 4316 πρὸς
3398 4247 3569 4316 ἡμᾶς.
3630 4247 3787 4316 Πλὴν

2195 4344 2355 4399 τοῦτό
2378 4361 2438 4397 σε
2471 4343 2546 4413 μὴ
2582 4340 2919 4404 λανθανέτω,
2944 4340 3053 4402 ὅτι,
3085 4339 3192 4393 κᾶν
3226 4340 3302 4409 μὴ
3344 4339 3482 4410 πρὸς
3511 4340 3655 4409 ἡμᾶς
3682 4340 3787 4407 δή-

504 4446 556 4488 te
640 4432 697 4488 in
767 4435 974 4491 nostris
1066 4437 1367 4495 humilibus
1461 4444 1713 4511 precibus
1771 4447 2091 4502 memoriam

2197 4438 2366 4502 λωσίς
2419 4454 2507 4500 τις
2563 4436 2777 4507 ἐγίνετο
2849 4433 2983 4505 παρ’
3015 4433 3208 4504 ὑμῶν,
3264 4434 3366 4487 οὐκ
3423 4433 3677 4503 ἐτίθεμεν
3722 4433 3784 4485 ἐν

502 4524 700 4582 facere.
736 4524 861 4581 Suae
894 4536 1076 4583 autem
1106 4536 1188 4585 est
1216 4531 1586 4603 intelligentiae
1614 4535 1849 4593 humiles
1897 4555 2087 4610 preces

501 4628 722 4674 nostras
756 4617 1001 4675 emcaces
1047 4621 1273 4694 reddere
1329 4624 1548 4697 illisque
1612 4627 1932 4686 facultatem
1959 4635 2090 4690 dare

500 4710 864 4779 omnipotenti
902 4709 1015 4765 Deo
1045 4715 1544 4787 appropinquandi.
1565 4718 1763 4777 Fortes
1789 4724 1932 4778 enim
1960 4735 2090 4780 sttnt

498 4799 774 4857 ferventes
817 4803 950 4871 justi
984 4818 1198 4872 preces.
1259 4805 1316 4860 Si
1357 4819 1537 4864 autem
1584 4811 1864 4879 justorum
1905 4818 2085 4870 oratio

509 4893 716 4965 indiget
756 4897 839 4950 vel
881 4911 1073 4951 eorum
1131 4915 1229 4967 pro
1260 4901 1463 4971 quibus
1517 4905 1577 4958 lit
1629 4906 1856 4973 auxilio,
1883 4918 2090 4976 quanto

505 4989 680 5056 magis
713 4997 1063 5058 peccatorum
1092 4993 1292 5057 oratio,
1321 4994 1513 5063 quales
1551 5012 1655 5054 nos
1683 5012 1877 5054 sumus
1903 5001 1918 5054 ι
1957 4997 2088 5055 Οηι·

502 5079 633 5133 nino
665 5088 871 5146 autem,
924 5081 1023 5145 lili,
1076 5084 1283 5139 nostris
1317 5085 1621 5142 humilibus
1655 5090 1916 5159 precibus
1975 5106 2080 5146 au-

502 5173 698 5226 xilium
730 5188 761 5227 a
786 5181 837 5228 te
890 5174 1136 5241 accedet,
1174 5177 1269 5247 qui
1308 5177 1422 5234 Deo
1460 5178 1626 5250 digne
1649 5181 1812 5245 vivis.
1837 5191 1898 5237 ut
1924 5182 2089 5240 debet

499 5266 818 5336 quicunque
874 5267 1128 5325 humanae
1151 5282 1361 5327 naturae
1393 5283 1477 5329 est
1506 5275 1780 5346 particeps
1815 5275 2089 5347 imprimis

500 5375 629 5412 vero
677 5359 712 5412 ii
742 5358 897 5429 quia
943 5358 1053 5417 Deo
1104 5362 1397 5432 imperium
1432 5376 1785 5436 acceperunt,
1839 5378 1915 5436 et,
1974 5369 2088 5425 Deo

500 5451 731 5515 similes,
757 5464 887 5520 erga
927 5451 1031 5507 sibi
1066 5453 1315 5510 subditos
1349 5459 1735 5514 counaturales
1765 5468 1821 5515 et
1855 5476 2085 5517 conscr-

499 5557 596 5596 vos
625 5553 777 5595 sunt.
798 5542 941 5609 Quid
977 5544 1142 5615 igitur
1167 5545 1554 5619 dicoiNempe
1582 5559 1635 5605 te
1673 5560 1902 5619 paterno
1929 5567 2084 5609 more

503 5649 678 5704 neque
724 5636 897 5706 rigide
933 5639 1296 5707 imperantem
1328 5642 1566 5700 subditis
1600 5653 1660 5699 ut
1688 5646 1925 5716 propriis
1959 5645 2086 5701 ﬁliis

505 5726 900 5794 providentem,
928 5728 1199 5799 justitiam
1232 5734 1525 5805 colentem,
1586 5739 1885 5799 salutarem
1949 5738 2085 5796 sub-

2195 4531 2508 4605 παροράσει
2543 4530 2607 4584 τὸ
2661 4531 2721 4583 ὲν
2750 4532 2873 4592 ταῖς
2917 4528 3429 4597 τεταπεινωμέναις
3473 4528 3635 4597 ἡμῶν
3671 4527 3784 4579 εύ-

2189 4629 2313 4698 χαῖς
2351 4623 2668 4696 μεμνῆσθαι
2707 4623 2807 4692 τῆς
2859 4620 3014 4690 ὑμῶν
3051 4619 3289 4684 εύζωῒας
3323 4620 3419 4672 καὶ
3472 4618 3782 4690 σωτηρίας.

2192 4716 2368 4771 Τοῦτο
2393 4716 2490 4770 καὶ
2542 4714 2653 4769 ἀπὸ
2693 4712 2786 4768 τοῦ
2842 4712 3114 4783 παρόντος
3151 4712 3214 4764 ού
3256 4710 3497 4780 λήξομεν
3522 4750 3537 4776 ,
3586 4712 3635 4763 εἰ
3685 4710 3785 4764 καὶ

2189 4808 2536 4883 ἁμαρτωλοὶ,
2588 4807 2897 4871 ποιοῦντες.
2932 4807 3091 4860 Ἔστι
3136 4806 3194 4859 δὲ
3235 4805 3334 4875 τῆς
3376 4806 3476 4875 σῆς
3504 4804 3779 4868 συνέσεως

2191 4902 2294 4973 τὴν
2318 4901 2588 4972 ταπεινὴν
2622 4900 2789 4972 εὐχὴν
2812 4899 2974 4970 ἡμῶν
3012 4899 3217 4970 ἐνεργῆ
3246 4899 3478 4968 ποιῆσαι
3513 4902 3610 4952 καὶ
3636 4901 3783 4970 παρυ

2194 4993 2393 5063 ρησίαν
2464 4993 2655 5047 λαϐεῖν
2719 4990 2819 5044 τοῦ
2878 4990 3170 5061 προσιέναι
3224 4989 3303 5061 τῷ
3362 4992 3588 5043 πάντων
3638 4988 3779 5059 Θεῷ.

2203 5087 2402 5158 ἰσχύει
2440 5087 2550 5155 γὰρ
2571 5084 2784 5139 δικαίου
2819 5083 3008 5153 δέησις
3038 5083 3439 5155 ἐνεργουμένη.
3486 5082 3549 5135 Εἰ
3577 5081 3635 5134 δὲ
3666 5080 3781 5135 τῶν

2191 5180 2419 5235 δικαίων
2451 5180 2590 5250 εύχὴ
2618 5178 2815 5250 χρῄζει
2844 5179 2943 5233 καὶ
2976 5178 3078 5247 τῆς
3114 5177 3258 5247 ὑπὲρ
3287 5171 3363 5230 ὧν
3396 5173 3622 5246 εὔχεται
3648 5174 3780 5245 βοη-

2192 5272 2364 5337 θείας,
2402 5272 2558 5342 πόσῳ
2608 5270 2814 5340 μᾶλλον
2847 5271 2881 5338 ἠ
2911 5269 3023 5323 τῶν
3055 5265 3403 5338 ἁμαρτωλῶν
3432 5267 3611 5319 ὁποῖοι
3639 5279 3779 5331 τυγ-

2191 5365 2432 5436 χάνομεν
2459 5365 2622 5435 ἡμεῖς
2645 5380 2661 5426 ;
2696 5364 2923 5427 Πάντως
2949 5362 3029 5428 δὲ,
3046 5364 3238 5416 τέκνον
3261 5359 3445 5431 ἡμῶν,
3486 5358 3779 5429 γενήσεται

2190 5465 2224 5531 ἡ
2268 5460 2419 5531 παρὰ
2453 5458 2550 5513 σοῦ
2590 5458 2815 5530 βοήθεια
2844 5460 2912 5528 τῇ
2943 5456 3102 5528 ἡμῶν
3135 5453 3589 5525 τεταπεινωμένῃ
3614 5452 3775 5523 εὐχῇ,

2195 5554 2438 5626 βιοῦντός
2465 5568 2558 5606 σου
2592 5550 2882 5620 θεοφιλῶς,
2941 5549 3078 5617 ὅπερ
3113 5548 3322 5616 ὀφείλει
3358 5548 3468 5610 πᾶς
3493 5545 3592 5615 μὲν
3618 5547 3647 5598 ό
3674 5543 3777 5597 ὑπὸ

2191 5649 2291 5719 τὴν
2326 5647 2682 5717 ἀνθρωπίνην
2714 5644 2879 5714 φύσιν
2920 5642 3116 5708 τελῶν,
3164 5642 3404 5713 μάλιστα
3431 5640 3489 5694 δὲ
3525 5641 3575 5693 οί
3627 5637 3778 5707 παρὰ

2192 5737 2330 5792 Θεοῦ
2366 5736 2627 5801 λαϐόντες
2665 5736 2727 5790 τὸ
2750 5735 2943 5807 ἄρχειν
2968 5735 3038 5789 τὰ
3099 5737 3191 5789 ίσα
3227 5737 3318 5791 καὶ
3359 5734 3479 5806 Θεῷ
3510 5734 3619 5794 τοῖς,
3649 5732 3778 5801 ὁμοο
