4152 6444
563 388 673 455 319

569 504 896 578 λανθρωπία
990 506 1087 559 καὶ
1161 502 1481 575 δικαιοσύνη
1520 504 1634 572 τοῖς
1689 502 1959 566 ὑπηκόοις

570 595 754 651 λαται.

1710 387 2021 449 NICOLAI
2062 389 2175 450 (ΣΡ.
2214 383 2726 448 PATRIARCILB

3735 387 3863 451 320

2039 500 2491 571 ἐμπολιτεύεται,
2578 499 2764 556 ἀδικία
2828 497 2886 553 δδ
2963 498 3116 553 πάσα
3173 500 3268 554 καὶ
3330 501 3583 574 βιαιότης
3647 500 3872 573 ἀπελή-

645 716 783 772 Clll.
834 746 905 758 —
958 716 1201 783 Godina,
1269 719 1607 787 imperatoris
1654 716 2099 786 protospathario
2195 720 2207 755 Α

2339 716 2460 771 PP.
2520 711 2755 776 Γοδίνῳ
2807 711 3121 787 βασίλέως
3187 716 3713 784 πρωτοσπαθαρίῳ
3756 719 3874 774 και

1247 800 1296 843 et
1354 789 1502 842 duci.

651 900 945 955 Multorum
981 901 1289 965 hominum,
1323 911 1377 956 ut
1413 902 1592 965 decet,
1620 900 1879 956 latentem
1911 901 2167 956 virtutem

581 1002 797 1062 tempus
840 994 982 1048 solet
1027 994 1308 1056 revelare,
1355 1003 1645 1063 postquam
1694 1010 1875 1048 rerum
1910 994 2170 1063 {circum-

584 1088 814 1142 stantias
846 1086 993 1140 illius
1026 1100 1209 1139 matus
1243 1086 1478 1138 ltumana
1511 1087 1620 1139 vita
1653 1085 1901 1139 adduxit.
1940 1082 2168 1151 Aliquid

585 1181 694 1235 tale
741 1180 837 1234 tibi
893 1179 1193 1250 contigisse
1242 1179 1515 1235 videmus.
1575 1178 1630 1233 Si
1675 1180 1819 1234 enim
1864 1180 2017 1248 prius
2073 1193 2173 1231 co-

586 1269 880 1340 gitationes
908 1279 963 1323 et
996 1285 1177 1323 rerum
1210 1269 1399 1338 peritia
1427 1284 1534 1324 non
1562 1270 1721 1338 plane
1737 1270 1969 1323 occultae
1999 1267 2175 1331 luere,

587 1370 769 1416 tamen
831 1376 980 1416 nunc
1037 1362 1362 1416 manifestus
1420 1361 1601 1418 factus
1649 1378 1710 1417 es
1741 1401 1759 1426 ,
1807 1371 1862 1416 et
1914 1361 2174 1414 virtutem

585 1463 736 1508 tuam
790 1454 1101 1507 ostendisti.
1160 1453 1343 1508 Primo
1392 1454 1615 1524 quidem
1649 1454 1950 1508 maximum
2000 1453 2178 1507 bono-

584 1562 734 1613 rum,
775 1546 1098 1601 eltaritate'tn
1139 1562 1324 1602 servas
1379 1548 1749 1613 incolumem;
1799 1545 2046 1603 secundo
2080 1545 2183 1600 be-

590 1638 961 1692 nevolentiam
1031 1649 1087 1694 et
1160 1642 1525 1695 reverentiam
1583 1656 1713 1711 erga
1780 1641 2180 1695 benefactores.

589 1728 878 1795 Praeterea,
908 1739 969 1785 ut
1007 1732 1184 1786 bonus
1215 1730 1370 1786 navis
1398 1734 1759 1801 gubernztor,
1802 1731 1856 1785 in
1899 1731 2179 1786 communi

592 1823 896 1890 agitatione
942 1831 996 1875 et
1030 1825 1264 1878 tumultu
1288 1863 1305 1889 ,
1351 1824 1580 1879 salutem
1620 1824 1882 1878 omnibus
1914 1840 2020 1878 una
2056 1839 2181 1878 cum

593 1911 782 1966 divino
810 1913 1019 1966 auxilio
1050 1922 1298 1982 praestas.
1355 1914 1429 1968 Ea
1474 1915 1620 1968 enim
1670 1915 1868 1984 quibus
1913 1914 2185 1968 dissidens

596 2003 732 2057 tium
772 2006 1031 2059 malitiam
1080 2006 1439 2076 impugnasﬁ,
1480 2008 1796 2077 quibusque
1841 2008 2081 2073 valuisti,
2136 2008 2182 2061 si

2932 780 3201 852 ἄρχοντι.

2342 900 2566 956 Πολλῶν
2596 900 2927 971 ἀνθρώπων,
2973 900 3050 965 ὡς
3081 900 3251 969 είκδς,
3308 901 3685 960 λανθάνουσαν
3727 907 3881 979 ἀρε-

2273 993 2372 1063 τὴν
2420 993 2616 1047 είωθεν
2657 994 2686 1046 ὁ
2719 994 2913 1063 χρόνος
2956 994 3395 1061 ἀνακαλύπτειν,
3431 998 3659 1052 ὲπειδάν
3697 1017 3879 1073 περι-

2276 1084 2497 1147 στάσεις
2550 1085 2900 1155 πραγμάτων
2948 1087 3235 1156 ἡὲκείνου
3288 1089 3433 1157 φορά
3488 1090 3750 1163 ἐπαγάγῃ
3790 1093 3879 1162 τῷ

2276 1176 2607 1247 ἀνθρωπίνῳ
2640 1176 2758 1248 βίῳ.
2796 1176 3057 1230 Τοιοῦτόν
3088 1196 3164 1242 τι,
3198 1180 3393 1232 τέκνον
3426 1181 3607 1251 ἡμῶν,
3638 1185 3735 1238 καὶ
3774 1186 3889 1237 νῦν

2277 1268 2497 1340 ὁρῶμεν
2532 1271 2627 1323 ἐπὶ
2654 1271 2741 1323 σοὶ
2778 1271 3177 1340 γεγενημένον.
3214 1272 3279 1325 El
3309 1271 3420 1343 γὰρ
3470 1274 3567 1327 καί⁵
3603 1276 3680 1347 μὴ
3725 1277 3883 1347 πρό-

2275 1377 2437 1429 τερον
2470 1361 2757 1425 παντελῶς
2802 1362 3097 1417 ἐλάνθανεν
3151 1358 3265 1428 οἷος
3317 1363 3366 1418 εἴ
3413 1364 3517 1433 τὴν
3579 1369 3883 1438 φρόνησιν,

2289 1452 2385 1507 καὶ
2423 1449 2538 1517 οἶος
2570 1455 2629 1506 ὲν
2664 1457 2729 1525 τῇ
2783 1456 3086 1526 μεταχειρή
3100 1472 3183 1508 σει
3205 1454 3317 1509 τῶν
3363 1459 3731 1527 πραγμάτων,
3755 1459 3887 1513 ἀλλ’

2288 1547 2441 1615 ὅμως
2496 1546 2593 1599 νῦν
2650 1546 2973 1615 καταφανὴς
3034 1546 3306 1618 ύπῆρξας,
3364 1551 3461 1603 καὶ
3510 1551 3737 1616 τελείως
3776 1552 3889 1621 τὴν

2287 1639 2388 1711 σὴν
2442 1640 2705 1705 διέδειξας
2768 1641 2997 1711 ἀρετήν.
3049 1641 3274 1711 Πρῶτον
3353 1642 3451 1711 μὲν
3481 1642 3540 1695 τὸ
3582 1645 3727 1714 μέγα
3766 1646 3899 1698 τῶν

2287 1733 2737 1803 κατορθωμάτων
2771 1732 2872 1802 τὴν
2907 1734 3135 1804 ἀγάπην
3176 1734 3253 1796 ὡς
3307 1734 3604 1801 φυλάττεις
3655 1740 3887 1807 ἀπαρα-

2286 1826 2536 1892 ποίητον·
2589 1826 2847 1897 δεύτερον
2897 1826 2998 1897 τὴν
3047 1826 3504 1898 εὐγνωμοσύνην,
3560 1831 3655 1883 καὶ
3706 1830 3767 1881 τὸ
3806 1830 3892 1900 μὴ

2287 1918 2600 1988 ἐξυϐρίζειν
2641 1922 2722 1980 είς
2748 1920 2877 1983 τοὺς
2911 1921 3230 1989 εὐεργέτας·
3267 1923 3362 1975 ἐπὶ
3396 1922 3616 1985 τούτοις
3657 1923 3721 1974 τ),
3766 1916 3895 1975 οἷόν

2287 2027 2371 2073 τις
2400 2010 2602 2077 ἀγαθὸς
2630 2011 2972 2083 κυϐερνήτης
3003 2013 3062 2064 έν
3101 2012 3335 2066 κλύδωνι
3382 2014 3478 2067 καὶ
3509 2017 3725 2086 rapam
3772 2016 3893 2067 τῶν

598 2098 782 2151 minus
810 2111 929 2150 eam
957 2106 1023 2151 de
1047 2096 1228 2152 medio
1260 2098 1468 2161 tollere,
1502 2109 1740 2153 attamen
1767 2099 1888 2170 ejus
1918 2115 2184 2169 augmen-

2312 2110 2668 2175 πραγμάτων,
2701 2109 2982 2186 σωτηρίαν
3015 2110 3202 2173 αὐτοῖς
3229 2111 3367 2180 μετά
3397 2128 3461 2178 γε
3509 2110 3608 2180 τῆς
3665 2112 3889 2165 ἀνωθεν

600 2198 717 2243 tum
762 2188 1035 2255 inhibere,
1068 2200 1124 2245 et
1178 2192 1468 2259 prohibete
1511 2208 1619 2261 quo
1659 2192 1842 2247 minus
1893 2194 2032 2247 ultra
2065 2210 2192 2263 pro-

600 2282 1054 2351 prOgrederetur,
1115 2284 1489 2339 testimonium
1546 2294 1678 2339 sunt
1722 2295 1826 2340 tua:
1887 2288 2175 2356 perfectis-

605 2374 761 2427 sima:
794 2371 1036 2428 virtutis.
1088 2372 1215 2427 Ideo
1258 2384 1311 2428 et
1360 2374 1563 2430 Christi
1601 2376 1792 2430 lideles
1834 2376 2193 2446 imperatores

607 2466 783 2521 nostri
831 2467 1268 2522 benevolentiam
1317 2479 1373 2523 et
1398 2485 1581 2522 veram
1632 2470 1958 2524 eltaritatem
1997 2487 2198 2540 appro—

608 2558 820 2621 bantes,
855 2556 1027 2627 magis
1067 2557 1391 2610 familiarem
1429 2567 1480 2612 te
1506 2558 1607 2612 sibi
1646 2559 1860 2612 faciunt
1889 2570 1937 2614 et
1979 2562 2193 2615 tidelem

607 2651 868 2716 amicum,
919 2662 973 2705 et
1004 2653 1112 2705 tuis
1165 2652 1364 2707 studiis
1416 2653 1654 2706 debitam
1714 2655 2017 2708 mercedem
2070 2656 2198 2710 red-

609 2743 782 2808 dunt;
828 2753 883 2799 et
932 2760 1079 2799 nunc
1109 2746 1330 2815 quidem
1386 2754 1605 2798 tuarum
1646 2746 1974 2816 petitionum
2022 2748 2201 2801 adim-

610 2836 909 2908 pletiouem
944 2840 1334 2908 praestiterunt.

682 2929 920 2985 Omnino
966 2943 1148 2986 autem
1182 2944 1235 2985 et
1293 2934 1346 2987 in
1398 2930 1642 2985 futurum
1689 2942 1780 2986 tua
1844 2932 2198 3003 intelligentia

612 3039 706 3080 res
753 3022 1024 3094 dirigente
1068 3036 1123 3078 et
1165 3026 1498 3092 apostasiam
1536 3040 1643 3077 una
1693 3039 1819 3077 cum
1867 3024 2048 3078 divina
2090 3026 2204 3077 vir-

615 3126 753 3180 tute,
786 3126 844 3169 ut
878 3115 1103 3183 dignum
1150 3126 1253 3181 est,
1299 3116 1656 3185 impugnante
1707 3118 2097 3187 regionemque
2133 3119 2201 3169 ad

616 3222 808 3278 pacem
843 3215 897 3261 et
929 3208 1372 3276 tranquillitatem
1402 3208 1711 3272 reducente,
1749 3209 1921 3262 multo
1950 3210 2204 3263 meliores

619 3300 965 3371 ditioresqtte
1006 3300 1488 3355 remunerationes
1528 3302 1851 3355 concedent.
1891 3301 2067 3354 Tuum
2107 3301 2207 3371 igi-

2294 2196 2550 2267 βοηθείας
2613 2198 2887 2264 πορίζειν.
2926 2199 3114 2252 Ταῦτα
3166 2198 3276 2269 γὰρ
3311 2200 3379 2254 δι’
3428 2194 3503 2254 ὧν
3540 2202 3899 2267 ὲσπούδασας

2293 2290 2400 2360 τὴν
2461 2289 2570 2342 τῶν
2612 2291 3048 2363 ἀποστησάντων
3094 2293 3317 2356 κακίαν,
3368 2295 3418 2347 εί
3463 2292 3559 2347 καὶ
3590 2296 3667 2364 μὴ
3702 2295 3907 2346 τέλεον

2296 2383 2360 2436 ἑκ
2393 2385 2560 2452 μέσου
2616 2384 2940 2452 πεποίησαι,
2997 2385 3136 2438 ἀλλά
3170 2386 3308 2447 τέως
3373 2387 3624 2456 ἐπισχεῖν
3657 2388 3758 2455 τὴν
3794 2386 3902 2438 αὖ·

2300 2476 2456 2544 ξησιν
2517 2476 2745 2544 ταύτης,
2785 2476 2882 2529 καὶ
2946 2476 3020 2546 μὴ
3071 2477 3333 2531 ὲπιπλέον
3393 2480 3555 2531 ἐᾶσαι
3616 2478 3901 2547 προϐῆναι

2303 2565 2606 2637 μαρτύριον
2641 2567 2879 2638 ὑπάρχει
2912 2567 3011 2637 τῆς
3062 2567 3218 2637 ὑμῶν
3249 2569 3599 2637 τελειοτάτης
3661 2569 3897 2636 ἀρετῆς.

2302 2660 2402 2711 Διά
2431 2656 2592 2711 τοῦτο
2635 2660 2732 2711 καὶ
2790 2660 2839 2711 οἱ
2888 2658 3231 2728 φιλόχριστοι
3285 2659 3530 2729 βασιλεῖς
3586 2659 3748 2729 ἡμῶν
3799 2661 3902 2711 καὶ

2301 2751 2401 2818 τῆς
2435 2751 2649 2813 εὐνοίας
2704 2751 2800 2803 καὶ
2856 2754 2959 2819 τῆς
3010 2751 3179 2821 ὀρθῆς
3208 2752 3431 2820 ἀγάπης
3466 2751 3899 2820 ἀποδεχόμενοι.

2308 2840 2509 2908 μᾶλλον
2544 2840 2743 2893 οἰκεῖόν
2782 2857 2839 2892 σε
2872 2839 3158 2893 ποιοῦνται
3191 2840 3289 2893 καὶ
3329 2840 3487 2909 φίλον
3535 2841 3757 2905 πιστὸν,
3796 2844 3905 2893 καὶ

2305 2935 2405 3003 τῆς
2468 2933 2708 3003 σπουδῆς
2752 2932 3098 2986 ἀποδώσουσι
3146 2933 3245 2995 τάς
3279 2932 3643 3002 ὀφειλομένας
3686 2936 3903 2989 ἀντιδό-

2309 3045 2444 3091 σεις.
2495 3028 2605 3081 Καὶ
2643 3026 2735 3079 νῦν
2773 3028 2874 3097 μὲν
2916 3026 3027 3081 τῶν
3068 3028 3180 3080 σῶν
3231 3029 3504 3096 αἰτήσεων
3554 3029 3908 3099 παρέσχοντο

2307 3122 2407 3182 τὰς
2453 3118 2787 3188 πληρώσεις’
2852 3119 3075 3183 πάντως
3113 3119 3171 3171 δὲ
3213 3120 3308 3171 καὶ
3342 3123 3422 3183 εἰς
3455 3118 3516 3170 τὸ
3557 3118 3750 3174 ἔπειτα
3800 3123 3909 3193 τῆς

2312 3213 2413 3282 σῆς
2472 3214 2792 3284 ίκανότητος
2847 3214 2914 3267 τὰ
2970 3215 3275 3284 πράγματα
3341 3215 3749 3283 διευθυνούσης,
3806 3218 3909 3269 καὶ

2312 3305 2411 3376 τὴν
2452 3305 2801 3359 ἀποστασίαν
2840 3306 2936 3358 σὺν
2965 3308 3030 3374 τῇ
3066 3305 3189 3377 θεία
3227 3308 3462 3376 δυνάμει
3517 3307 3702 3370 καθὼς
3749 3308 3908 3372 ἀξιον

622 3403 714 3449 tur
742 3405 849 3461 est,
894 3395 992 3461 illi,
1031 3396 1172 3449 sicut
1231 3395 1533 3462 hucusque,
1595 3394 1665 3447 ita
1743 3406 1799 3448 et
1840 3395 1893 3447 in
1966 3394 2207 3448 futurum

2321 3396 2868 3468 μεταχειριζομένης,
2908 3399 3003 3449 καὶ
3037 3399 3105 3451 τα
3134 3400 3232 3466 τῆς
3262 3397 3449 3469 χώρας
3502 3403 3582 3463 είς
3638 3407 3700 3453 το
3748 3402 3911 3471 είρη-

624 3489 1051 3559 imperatoribus
1104 3490 1273 3542 videri
1307 3487 1613 3541 studiosum
1650 3495 1705 3540 et
1736 3489 1901 3539 lidum
1942 3487 2206 3550 amicum,

623 3592 679 3637 et
702 3598 765 3637 ea
812 3597 935 3651 qua:
985 3582 1051 3635 ad
1108 3595 1299 3634 eorum
1348 3578 1672 3646 obsequium
1707 3579 1983 3643 pertinent
2014 3578 2209 3644 majori

627 3678 808 3730 studio
842 3676 1121 3744 perlicere,
1155 3684 1208 3727 et
1238 3672 1567 3741 largioribus
1602 3672 1669 3723 ab
1707 3670 1774 3722 iis
1805 3669 1966 3724 donis
1995 3682 2043 3723 et
2077 3670 2213 3723 ami-

626 3769 769 3825 citia:
796 3770 970 3839 signis
998 3767 1228 3839 perfrui.

2318 3494 2471 3544 ναῖον
2524 3489 3009 3553 ἀποκαθιστώσης,
3060 3490 3200 3544 πολὺ
3238 3493 3553 3561 κρείττονας
3606 3494 3699 3546 καὶ
3736 3493 3912 3545 πλου-

2322 3582 2591 3649 σιωτέρας
2643 3582 2976 3652 παρέξονται
3025 3585 3124 3645 τὰς
3175 3586 3433 3654 ἀμοιϐάς.
3486 3586 3584 3637 Σὺν
3630 3580 3724 3638 οὖν
3765 3585 3909 3649 ἐστι,

2322 3674 2512 3727 τέκνον
2543 3674 2724 3744 ἡμῶν,
2756 3675 2945 3745 ῶσπερ
2980 3676 3143 3747 μέχρι
3176 3676 3271 3729 τοῦ
3307 3677 3598 3747 παρόντος,
3630 3675 3774 3729 οὕτω
3813 3680 3913 3729 καὶ

2327 3765 2435 3817 ὀπὶ)
2464 3763 2560 3817 τοῦ
2592 3762 2688 3817 νῦν
2718 3767 2829 3829 τοῖς
2865 3765 3184 3833 βασιλεῦσιν
3209 3767 3445 3836 ὀφθῆναι
3482 3766 3773 3820 σπουδαῖον
3806 3767 3908 3819 καὶ

628 3865 822 3918 πιστὸν
846 3865 1020 3935 φίλον,
1055 3866 1149 3917 καὶ
1178 3864 1244 3918 τὰ
1274 3865 1352 3928 είς
1404 3864 1505 3936 τὴν
1553 3865 1856 3936 θεραπείαν
1900 3864 2083 3919 αὐτῶν
2128 3861 2212 3914 ἔτι
2254 3861 2461 3932 μᾶλλον
2524 3860 2955 3932 διαπράξασθαι,
2989 3863 3088 3916 καὶ
3161 3862 3476 3916 ἀπολαῦσαι
3506 3861 3914 3931 δαψιλεστέρων

627 3961 762 4033 παρ’
822 3961 1005 4016 αὐτῶν
1034 3961 1143 4014 τῶν
1171 3964 1500 4032 φιλοτιμιῶν
1547 3966 1642 4017 καὶ
1672 3964 2000 4029 δεξιώσεων.

755 4076 892 4133 CIV.
920 4105 991 4117 -—-
1020 4076 1368 4131 Constantino
1404 4077 1752 4147 metropolitae
1784 4076 2083 4132 Laodicew.

708 4214 905 4285 Accepi
942 4224 1047 4270 tuae
1078 4217 1386 4272 sanctitatis
1406 4217 1638 4279 litteras,
1662 4213 1773 4283 iam
1800 4214 1852 4266 in
1877 4214 1993 4283 ipsa
2022 4212 2214 4267 mortis

631 4310 831 4382 ianua;
885 4311 1065 4365 nescio
1096 4322 1276 4365 autem
1311 4327 1379 4364 au
1419 4326 1519 4364 nos
1553 4309 1679 4364 inde
1703 4308 1966 4362 evadendi
2001 4307 2209 4375 copiam

633 4404 785 4459 dabit
822 4402 911 4457 ille
972 4404 1063 4472 qtti
1142 4416 1387 4458 nostram
1440 4402 1606 4456 vitam
1666 4402 1857 4470 dirigit
1904 4410 1954 4453 ct
1991 4400 2224 4453 admini-

635 4504 775 4551 strat
814 4497 1079 4566 nobisque
1115 4496 1264 4550 utilia
1300 4495 1549 4565 largitur,
1582 4510 1680 4564 pro
1729 4509 1826 4548 sua
1862 4492 2219 4561 prtwidcntia.

2396 4065 2519 4123 PA'.
2572 4070 3022 4133 Kwratartlwp
3065 4070 3486 4140 μητροπολίτῃ
3535 4071 3922 4141 Λαοδικείας.

2407 4205 2719 4276 Ἑδεξάμην
2748 4205 2808 4258 τὸ
2846 4204 3081 4274 γράμμα
3109 4204 3210 4272 τῆς
3249 4206 3346 4274 σῆς
3407 4205 3687 4275 ὁσιότητος
3722 4207 3924 4270 αὑταῖς

2321 4298 2424 4368 ἤδη
2456 4298 2553 4351 τοῦ
2595 4298 2829 4351 θανάτου
2856 4299 2977 4357 ταῖς
3012 4294 3233 4357 πύλαις’
3266 4297 3367 4349 οὑκ
3391 4292 3509 4350 οἴδα
3564 4298 3621 4349 δὲ
3677 4300 3725 4350 εί
3776 4299 3919 4351 ἁπορ

2333 4393 2603 4461 στρόφους
2644 4392 2858 4443 ἐκεῖθεν
2898 4393 3188 4461 ποιήσεται
3222 4395 3249 4445 ὀ
3280 4394 3377 4462 τῆς
3405 4391 3551 4461 ζωῆς
3601 4390 3759 4461 ἡμῶν
3789 4408 3927 4461 χορ-

2326 4485 2460 4553 ηγδς
2498 4487 2591 4536 καὶ
2632 4485 2837 4551 ταμίας
2892 4485 2988 4536 καὶ
3065 4484 3374 4554 οἰκονομῶν
3421 4485 3490 4536 τά
3542 4482 3935 4553 συμφέροντα,⁴

639 4586 716 4641 lta
750 4587 972 4655 quidem
1011 4589 1064 4640 iu
1106 4601 1223 4640 mea
1261 4584 1582 4638 inﬁrmitate
1614 4592 1736 4638 tuas
1770 4583 1981 4637 litteras
2000 4583 2183 4651 accepi

2330 4575 2406 4638 ὡς
2445 4575 2479 4644 ἡ
2509 4576 2721 4628 ἐκείνου
2751 4575 3102 4639 ἐξεπίσταται
3133 4577 3441 4644 οἰκονομία.
3506 4576 3670 4628 Ἀλλά
3697 4577 3804 4646 γὰρ
3834 4575 3930 4627 οὖ-

637 4690 693 4734 et
721 4690 903 4734 tamen
941 4681 993 4733 in
1045 4679 1139 4733 tali
1192 4679 1529 4733 constitutus
1560 4678 1985 4746 ,deSperatione,
2034 4684 2094 4731 ut
2124 4676 2226 4729 ali-

641 4788 807 4842 quam
844 4773 1084 4826 laetitiam
1118 4770 1286 4834 sensi,
1316 4768 1520 4837 gratias
1551 4770 1634 4839 egi
1670 4769 1951 4823 communi
1995 4768 2229 4821 Domino

639 4872 696 4915 et
746 4861 856 4915 Duo
914 4871 968 4914 et
1015 4875 1233 4913 suntme
1272 4859 1579 4913 Sacerdoti.
1647 4860 1775 4914 Scio
1819 4872 1870 4914 te
1917 4873 2012 4929 per
2064 4868 2231 4913 totam

643 4956 812 5008 vitam
853 4954 1090 5009 humiles
1130 4952 1357 5005 fundere
1388 4966 1611 5022 preces;
1647 4962 1886 5005 attamen
1918 4963 1971 5006 et
1998 4967 2102 5017 ego
2137 4951 2234 5004 bas

646 5047 713 5101 ad
772 5044 943 5097 Deum
1016 5044 1171 5097 mitto
1228 5042 1483 5112 flagitans
1570 5055 1628 5097 ιιι
1683 5045 1893 5112 absque
1958 5043 2126 5096 animi
2183 5052 2238 5095 et

649 5139 897 5205 corporis
933 5137 1192 5191 maestitia
1244 5138 1472 5191 moriar.
1523 5137 1685 5202 Quod
1727 5136 1793 5189 ad
1833 5136 1998 5189 aliam
2033 5136 2242 5188 littera-

2330 4684 2411 4719 τω
2461 4666 2816 4735 διακείμενος
2862 4667 2966 4719 ὑπὸ
3025 4668 3125 4738 τῆς
3181 4668 3519 4737 συνεχούσης
3585 4666 3932 4738 ἀρρωστίας,

2333 4759 2611 4829 ἐδεξάμην
2657 4760 2717 4811 τὸ
2781 4759 3042 4830 γράμμα,
3084 4760 3179 4813 καὶ
3222 4761 3371 4829 ὅμως
3416 4761 3471 4811 ἐν
3527 4759 3753 4829 τοιαύτῃ
3790 4760 3934 4812 ἁπο-

2334 4851 2539 4923 γνώσει
2592 4852 2903 4921 τυγχάνων,
2938 4850 3130 4921 ῶσπερ
3160 4853 3415 4922 ᾐσθόμην
3439 4852 3562 4905 τινὰ
3596 4851 3929 4921 ψυχαγωγὸν

2334 4945 2555 5015 ἡδονὴν,
2589 4946 2683 4996 καὶ
2708 4942 3092 5014 ηὐχαρίστησα
3119 4945 3192 5010 τῷ
3218 4943 3384 5012 κοινῴ
3413 4945 3665 5015 Δεσπότῃ
3694 4950 3787 4997 καὶ
3809 4944 3939 5011 Θεῷ

2338 5038 2433 5090 καὶ
2455 5036 2676 5105 μεγάλῳ
2703 5036 2973 5105 ἀρχιερεῖ.
3006 5037 3111 5088 Καὶ
3156 5037 3257 5107 τὴν
3302 5036 3408 5106 μὴν
3436 5035 3533 5107 σὴν
3561 5036 3787 5106 πορείαν
3809 5031 3933 5087 οἶδα

2341 5129 2424 5182 ὅτι
2460 5128 2808 5199 χαμαίζηλος
2836 5131 2869 5198 ή
2909 5128 3067 5199 εὐχή*
3103 5130 3255 5199 ὅμως
3298 5128 3391 5182 οὖν
3440 5128 3754 5199 ἀναπέμπω
3797 5127 3935 5180 ταύ-

650 5248 770 5285 rum
806 5247 1011 5301 partem
1045 5231 1266 5297 attinet,
1299 5230 1442 5285 forte
1487 5245 1595 5284 non
1620 5246 1852 5285 necesse
1897 5237 2015 5282 erat
2063 5238 2120 5283 ut
2149 5244 2207 5277 ru

2312 5225 2318 5235 ’
2342 5239 2465 5293 την,
2498 5220 2886 5291 ἐξαιτούμενος
2914 5221 3110 5291 ἀλύπῳ
3138 5221 3381 5274 διαθέσει
3408 5220 3587 5291 ψυχῆς
3620 5220 3717 5273 καὶ
3746 5218 3931 5290 σῶμα·

651 5322 1069 5394 interrngarem.
1103 5321 1380 5380 Habemus
1411 5324 1556 5379 enim
1596 5323 1921 5393 magistrum
1954 5321 2241 5377 docentem

652 5418 926 5488 quomodo
960 5425 1210 5487 oporteat
1240 5433 1401 5473 orare
1433 5433 1557 5472 eum
1584 5417 1675 5485 qui
1711 5432 1811 5470 nos
1835 5416 1901 5469 ad
1930 5416 2014 5469 sui
2051 5415 2243 5485 cogni-

659 5514 862 5567 tionem
908 5511 1135 5566 adduxit
1179 5519 1233 5565 et
1280 5508 1635 5575 illuminavit,
1672 5518 1836 5577 atque
1863 5522 1927 5561 ea
1976 5523 2096 5573 qua:
2125 5522 2246 5560 ora-

663 5606 827 5659 tioni:
865 5613 1012 5667 cunt,
1058 5604 1403 5658 edocentetn.
1452 5599 1571 5655 Non
1621 5600 1786 5670 igitur
1820 5599 1934 5652 fieri
1975 5608 2149 5669 potest
2191 5608 2249 5653 ιιι

664 5699 712 5753 is
735 5699 825 5765 qtti
862 5698 1023 5750 breve
1050 5696 1178 5749 illud
1211 5703 1266 5750 et
1295 5695 1532 5747 salutare
1564 5695 1954 5747 documentum
1985 5692 2249 5748 orationis

667 5789 848 5843 debita
878 5789 1043 5841 animi
1078 5788 1436 5856 dispositione
1490 5786 1772 5856 adimplet,
1807 5785 2075 5855 promissa
2110 5785 2247 5838 bona

672 5894 778 5935 non
811 5879 1076 5936 obtineat.
1125 5879 1303 5935 Habes
1338 5888 1517 5934 autem
1572 5887 1627 5934 et
1665 5880 1879 5935 beatum
1919 5878 2251 5947 Apostolum

2344 5333 2438 5378 τος
2469 5315 2845 5385 διανυσθῆναι.
2880 5317 2954 5370 Τὸ
2981 5317 3027 5370 δ’
3059 5314 3190 5372 ἄλλο
3235 5316 3400 5387 μέρος
3457 5315 3553 5367 τοῦ
3598 5315 3937 5383 γράμματος

2351 5409 2480 5472 ἴσως
2505 5409 2605 5461 οὐκ
2637 5410 2934 5478 ἀναγκαῖον
2971 5404 3039 5479 ἦν
3067 5408 3197 5476 παρ’
3231 5407 3390 5478 ἡμῶν
3410 5406 3699 5459 πυθέσθαι·
3742 5406 3947 5476 ἔχομεν

2349 5502 2457 5574 γὰρ
2483 5503 2805 5557 διδάσκαλον
2835 5503 2984 5566 ὅπως
3009 5502 3092 5554 δεῖ
3113 5501 3516 5574 προσεύχεσθαι
3547 5501 3640 5553 τὸν
3662 5501 3947 5569 ἀγαγόντα

2352 5598 2498 5667 ἡμᾶς
2528 5598 2610 5658 εἰς
2638 5596 2936 5663 ἐπίγνωσιν
2968 5594 3134 5647 αὑτοῦ
3180 5595 3278 5648 καὶ
3330 5594 3671 5663 φωτίσαντα,
3702 5595 3798 5646 καὶ
3831 5593 3945 5649 ῶσ-

2359 5706 2460 5758 περ
2495 5690 2564 5743 τὰ
2612 5688 2799 5752 λοιπά,
2843 5688 2934 5740 τὸν
2965 5688 3056 5741 καὶ
3093 5687 3164 5739 τὰ
3205 5687 3304 5756 τῆς
3340 5689 3652 5756 προσευχῆς
3688 5686 3831 5755 ἡμᾶς
3859 5686 3945 5738 διο

2356 5780 2677 5851 διξάμενον.
2705 5780 2818 5832 Οὐκ
2850 5780 2999 5833 ἔστιν
3026 5777 3140 5844 οὖν,
3194 5781 3293 5832 οὐκ
3326 5778 3495 5843 ἐστιν,
3548 5778 3605 5841 ὃς
3653 5779 3712 5829 τὸ
3765 5778 3945 5846 βραχ)

2362 5872 2544 5925 ἐκεῖνο.
2574 5870 2669 5925 καὶ
2700 5872 2965 5942 σωτήριον
3016 5868 3293 5939 παίδωμα
3346 5869 3443 5937 τῆς
3491 5863 3799 5935 πριισεσχῆς
3853 5865 3947 5917 ἱκ-
