4152 6410
234 268 352 335 321

1714 270 2126 337 EPlSTOLB.

3423 276 3533 346 322

241 378 431 435 τελῶν
480 378 603 451 μεθ’
656 378 777 442 cia;
825 379 1072 451 προσῆκε
1145 379 1384 451 ψυχικῆς
1431 382 1845 446 καταστάσεως,

1964 385 2174 439 modum
2224 384 2497 442 orationis
2548 386 2885 453 docentem;
2941 389 3053 444 scis
3103 390 3380 460 quomodo
3432 408 3536 448 nos

236 475 352 526 οὐκ
432 470 788 536 ἐπιτεὺξεςαι
859 472 976 526 τῶν
1030 474 1524 543 ἐπαγγελλομένων
1598 474 1846 543 ἀγαθῶν.

243 564 448 633 Ἔχεις
468 562 531 616 δέ
564 565 661 619 καὶ
687 563 784 618 τὸν
831 563 1106 635 μακάριον
1158 564 1486 619 Ἀπόστολον
1520 566 1849 621 διδάσκοντα

234 658 461 726 τρόπον
491 656 594 724 τῆς
623 658 939 726 προσευχῆς
968 656 1044 721 ῶς
1077 660 1340 726 παραινεῖ
1385 658 1636 729 ἐπαίρειν
1668 662 1852 725 ὁσίους

242 752 446 819 χεῖρας
472 750 651 818 χωρὶς
678 747 855 819 όργῆς
904 750 1000 803 καὶ
1046 749 1444 820 διαλογισμῶν,
1477 751 1852 823 διαλογισμῶν

247 840 505 912 δηλονότι
533 839 647 892 τῶν
680 840 1083 911 περισπώντων
1116 843 1212 895 ἐπὶ
1237 842 1339 913 τὴν
1369 841 1465 895 τοῦ
1493 842 1613 913 βίου
1648 860 1851 913 μαται-

243 934 451 1002 ότητα,
484 933 587 985 καὶ
638 931 707 983 τὰ
762 932 981 1001 ἐκείνης
1031 933 1271 985 ἐπίπονα
1312 933 1437 1003 μὲν,
1474 934 1715 1005 ἀνόνητα
1768 934 1847 991 δέ.

242 1024 346 1075 διὰ
378 1022 557 1074 τοῦτο
606 1022 702 1075 καὶ
732 1021 1076 1094 πληθυντικῇ
1117 1022 1263 1089 λέξει
1302 1024 1462 1077 τοῦτο
1506 1027 1852 1095 ἐμνημόνευ-

244 1132 366 1167 σεν.
409 1114 475 1166 '0
499 1115 613 1183 γὰρ
646 1113 783 1183 πρὸς
808 1112 909 1183 τὴν
957 1112 1241 1182 βασιλείαν
1298 1114 1410 1167 τῶν
1456 1116 1707 1184 οὐρανῶν
1755 1134 1850 1169 κε-

257 1209 538 1278 κτημένος
566 1208 672 1276 τὴν
702 1204 912 1274 ἔφεσιν,
963 1208 1025 1260 οὐ
1055 1207 1337 1275 λογισμοῖς
1388 1209 1543 1261 ἐνθεν
1591 1209 1851 1261 κάκεῖθεν

259 1301 723 1370 περιστρέφεται,
756 1297 873 1351 ἀλλ’
908 1299 1006 1351 ἕνα
1050 1300 1315 1369 λογισμὸν
1344 1301 1720 1371 ἀναλαμϐάνει
1757 1319 1855 1371 μο-

260 1394 464 1464 νοειδῆ,
496 1394 598 1446 καὶ
642 1392 839 1445 τοῦτον
879 1393 1156 1464 διατηρῶν
1199 1395 1440 1464 ἀπλανῆ,
1476 1394 1725 1466 εὑρίσκει
1756 1394 1853 1448 τοῦ

262 1485 550 1555 μακαρίου
602 1483 819 1537 ἐκείνου
872 1483 1139 1555 λογισμοῦ
1198 1483 1300 1556 τὴν
1344 1484 1528 1549 ὅντως
1594 1487 1852 1558 ἐπωφελῆ

258 1578 489 1647 κτῆσιν,
541 1576 637 1629 καὶ
693 1576 884 1638 ἀϊδίως
915 1575 1068 1645 αὐτῷ
1093 1577 1195 1648 τὴν
1228 1578 1416 1631 ἄνεσιν
1456 1579 1853 1648 περιποιουμέ-

252 1686 390 1736 νην.
448 1668 900 1739 ’Δπικρινάμεθα
946 1665 1044 1723 οὖν
1074 1669 1151 1733 ὡς
1184 1669 1244 1721 ὲν
1275 1670 1507 1743 τοιαύτῃ
1550 1671 1757 1740 ἀπορίᾳ
1788 1669 1851 1723 τὸ

256 1761 556 1832 ἡμέτερον
596 1763 874 1833 φρόνημα.
929 1763 1001 1815 Σὺ
1034 1763 1111 1825 δὲ,
1145 1764 1340 1817 τέκνον
1389 1764 1548 1834 ἡμῶν
1581 1764 1746 1835 ἱερὸν,
1778 1762 1855 1833 τῷ

267 1853 547 1923 χρίσαντί
589 1872 647 1907 σε
682 1854 936 1925 παναγίῳ
988 1855 1269 1925 Πνεύματι
1302 1856 1723 1925 πεφωτισμένος
1752 1855 1857 1923 dru-

278 1947 397 2016 χὴν
424 1949 516 1999 καὶ
544 1947 767 2003 διάνοιαν
796 1947 965 2013 ἀξίως
994 1950 1093 2020 τῆς
1117 1950 1218 2020 σῆς
1246 1940 1448 2021 ἀρετῆς
1480 1948 1855 2017 ἐντυγχάνων,

277 2040 425 2107 παρ’
447 2039 653 2093 ἐκείνου
697 2042 902 2112 μᾶλλον
929 2042 1078 2114 λήψῃ
1103 2043 1198 2095 τοῦ
1250 2042 1594 2113 ζητουμένου
1628 2041 1727 2112 τὴν
1777 2041 1856 2093 δι-

255 2129 593 2186 δασκαλίαν.
628 2134 711 2187 Τὰ
738 2133 785 2187 δ’
814 2134 952 2189 ἄλλα
983 2136 1104 2205 εἴης
1145 2136 1247 2205 μὲν
1297 2137 1464 2199 αὐτὸς
1516 2134 1855 2207 ἐρρωμένος,

1957 480 2206 535 hortetur
2233 490 2292 537 ut
2343 480 2462 550 pias
2520 497 2718 537 manus
2764 482 3095 539 extollanius
3125 485 3336 555 absque
3368 485 3445 540 ira
3480 496 3536 541 et

1948 572 2482 638 ratiocinationibus,
2511 589 2611 629 nos
2638 573 2705 628 ad
2736 576 2859 629 vita:
2890 576 3183 629 vanitatem
3236 588 3289 629 et
3310 577 3535 633 insanos

1948 661 2162 716 labores
2192 663 2657 732 pertrahentihus.
2695 662 2819 719 Ideo
2842 665 3039 734 plurali
3071 681 3203 721 voce
3238 666 3343 722 hoc
3374 682 3537 721 com-

1947 755 2321 809 memoravit:
2354 756 2448 825 qui
2494 757 2640 811 enim
2698 757 2765 811 ad
2814 773 3044 828 regnum
3093 758 3362 813 coriorum
3392 758 3535 814 viam

1951 845 2259 915 ingreditur
2287 862 2394 901 non
2430 847 2559 901 hinc
2601 856 2658 902 et
2691 849 2816 903 inde
2861 849 3165 905 rationibus
3211 851 3541 906 circumvol-

1950 939 2117 1005 vitur,
2152 940 2247 994 sed
2284 955 2448 994 unam
2495 941 2767 996 rationem
2807 950 2863 996 et
2912 942 3243 998 uniformem
3282 944 3536 1014 suscipit,

1950 1041 2006 1086 et
2038 1036 2178 1087 hanc
2224 1049 2450 1089 servans
2485 1034 2904 1100 immutabilem,
2944 1037 3155 1092 invenit
3190 1038 3363 1093 beatas
3392 1038 3540 1093 illius

1952 1123 2180 1179 rationis
2208 1140 2336 1180 vere
2368 1125 2558 1180 utilem
2603 1129 3034 1195 possessionem,
3067 1139 3121 1183 et
3154 1140 3423 1199 perpetuo
3459 1132 3537 1184 illi

1952 1215 2264 1284 adjunch
2320 1216 2582 1285 quietem.
2649 1217 3020 1287 Eaposoimus
3076 1219 3238 1289 igitur
3307 1220 3362 1273 in
3436 1222 3538 1275 ista

1955 1307 2306 1377 perplexitate
2337 1317 2576 1362 nostram
2602 1321 2862 1363 mentem.
2887 1309 2929 1363 Τ
2936 1327 2967 1363 ιι
3000 1321 3204 1376 autem,
3234 1311 3307 1365 liii
3328 1321 3537 1374 sancte,

1955 1400 2024 1453 ab
2057 1400 2147 1452 illo
2176 1399 2270 1467 qui
2303 1400 2457 1453 unxit
2491 1408 2543 1454 te
2573 1401 2923 1456 sanctissimo
2950 1401 3157 1471 Spiritu
3192 1404 3538 1458 illuminatus

1955 1491 2192 1544 animam
2221 1500 2275 1545 et
2303 1499 2563 1558 mentem,
2600 1502 2659 1547 ut
2691 1503 2840 1546 tuam
2886 1494 3040 1548 decet
3089 1495 3365 1559 virtutem,
3413 1512 3544 1567 pos-

1956 1581 2164 1645 sidens,
2195 1580 2263 1633 ab
2289 1581 2382 1634 illo
2416 1581 2599 1649 potius
2646 1581 2888 1651 accipies
2933 1584 3178 1653 quaesita
3209 1586 3282 1639 rei
3325 1586 3540 1639 doetri-

1956 1688 2104 1725 nam.
2143 1671 2414 1725 Caeterum
2452 1671 2533 1726 sic
2566 1672 2706 1727 bene
2756 1674 2962 1739 valeas,
3017 1675 3225 1744 absque
3271 1677 3541 1732 sollicitu-

1962 1760 2085 1814 dine
2133 1767 2189 1814 et
2238 1760 2538 1829 agitatione
2589 1760 2755 1829 hujus
2805 1763 2930 1816 vitae
2985 1762 3187 1819 ﬂuctus
3238 1765 3539 1833 trajiciens,

1965 1854 2133 1905 nostri
2170 1863 2350 1907 autem
2383 1854 2438 1906 in
2470 1853 2580 1907 tuis
2610 1853 2714 1923 piis
2744 1855 2998 1923 precibus
3035 1871 3265 1922 memor,
3294 1858 3387 1926 qui
3414 1874 3541 1912 cum

1965 1945 2071 1996 vita
2106 1943 2288 1998 adhuc
2322 1943 2631 2009 luctamur,
2687 1946 2835 2013 quod
2882 1947 3198 2017 ambiguum
3249 1959 3370 2012 est,
3406 1949 3546 2004 forte

1963 2037 2236 2092 abibimus
2270 2079 2286 2103 ,
2340 2038 2485 2107 quod
2536 2037 2671 2092 mihi
2733 2041 2941 2095 certius
2993 2041 3279 2097 imminere
3329 2042 3548 2099 videtur

1962 2146 2127 2201 quam
2160 2129 2326 2197 hujus
2352 2130 2473 2183 vita
2496 2131 2726 2187 vanitas.

254 2223 561 2293 ἀθορύϐως
592 2226 688 2279 καὶ
731 2228 1026 2301 ἀταράχως
1066 2229 1166 2300 τὴν
1219 2228 1403 2300 ἅλμην
1435 2232 1536 2301 μὲν
1577 2230 1672 2285 τοῦ
1731 2232 1848 2302 βίον
1896 2224 2197 2294 sumam.
2234 2221 2392 2292 ἡμῶν
2426 2223 2484 2276 δὲ
2545 2225 2902 2295 μεμνημένος
2944 2226 3004 2281 ὲν
3062 2229 3185 2291 ταῖς
3220 2227 3401 2291 ὁσίαις
3448 2228 3546 2283 εὖ-

258 2316 409 2382 χαῖς,
442 2316 614 2387 τυχὸν
651 2319 752 2387 μὲν
779 2321 859 2373 ἔτι
922 2322 1002 2391 τῷ
1030 2320 1130 2392 βίῳ
1171 2325 1578 2394 στρεφομένων,
1611 2327 1750 2395 ὅπερ
1789 2320 2121 2394 ἀμφίὸαλον,
2146 2317 2312 2386 τυχὸν
2338 2315 2395 2368 δὲ
2419 2315 2709 2383 ἀπιόντων,
2739 2316 2769 2369 δ
2793 2319 2889 2372 καὶ
2918 2318 3123 2391 μᾶλλον
3147 2321 3517 2395 ἐναργέστερό

259 2426 355 2478 μοι
383 2409 545 2465 δοκεῖ
598 2414 970 2485 παρίστασθαι
999 2415 1101 2486 τῆς
1132 2416 1228 2471 τοῦ
1253 2419 1369 2489 βίον
1398 2420 1785 2491 ματαιότητος.

859 2528 981 2582 PE’.
1037 2528 1288 2597 'AtMJq).

328 2636 471 2692 Οἶδα
502 2639 779 2710 παρόντος
808 2657 926 2705 σου,
951 2641 1145 2694 τέκνον
1173 2644 1352 2712 ἡμῶν,
1392 2645 1531 2714 πρὸς
1573 2647 1718 2717 ἡμᾶς
1746 2664 1860 2701 τοι.

264 2730 458 2794 οὐτους
499 2732 882 2802 πεποιημένου
910 2732 1127 2799 λόγους,
1159 2735 1218 2788 ἐν
1254 2734 1333 2805 τῷ
1376 2738 1731 2809 μοναστηρίῳ
1771 2738 1866 2791 τοῦ

266 2824 556 2894 μακαρίου
604 2826 816 2895 πατρός
864 2841 958 2877 σου
992 2824 1172 2895 βούλει
1236 2827 1575 2897 προσμένειν
1627 2829 1867 2893 καὶτοῖς

264 2920 388 2969 ἐκεῖ
424 2918 729 2984 μονάζουσι
757 2918 1091 2986 συνδιάγειν,
1146 2920 1365 2983 οὐδενὸς
1411 2919 1575 2974 ἄλλου
1611 2923 1669 2973 ἐν
1707 2924 1867 2993 χρείᾳ

265 3025 363 3059 σου
398 3009 583 3072 ὄντος,
613 3009 648 3078 ἢ
684 3009 850 3079 μόνου
875 3011 1126 3064 οἰκίσκον
1164 3014 1219 3065 ὲν
1242 3005 1285 3080 ᾧ
1315 3012 1413 3081 τὴν
1434 3013 1696 3084 διαμονὴν
1739 3016 1859 3084 μέλ-

2494 2510 2499 2515 δ
2519 2522 2632 2579 (Ν.
2666 2551 2735 2562 -
2760 2522 2989 2579 Incerto.

2041 2637 2191 2703 Scio,
2222 2651 2346 2691 cum
2382 2636 2520 2704 ipse,
2562 2636 2658 2699 ﬁli,
2694 2637 2745 2690 id
2779 2638 2935 2691 nobis
2970 2637 3195 2703 dixeris,
3244 2650 3295 2695 te
3339 2641 3392 2696 in
3432 2658 3550 2697 mo-

1965 2733 2205 2784 nasterio
2252 2728 2396 2783 beati
2445 2730 2616 2797 patris
2662 2728 2738 2781 tui
2773 2730 2909 2783 velle
2946 2746 3166 2785 manere
3209 2743 3418 2788 etcum
3461 2734 3548 2789 bis

1966 2822 2250 2876 monachis
2322 2821 2489 2873 vitam
2550 2836 2752 2890 agere,
2805 2820 2951 2874 nulla
3008 2822 3112 2876 alia
3181 2838 3237 2877 re
3298 2825 3548 2897 indigens

1964 2929 2130 2983 quam
2213 2913 2317 2967 hoc
2380 2911 2635 2967 cubiculo
2694 2912 2747 2965 in
2814 2927 2922 2982 quo
2981 2913 3318 2969 mansionem
3384 2917 3548 2972 debes

1965 3006 2167 3060 habere
2196 3014 2251 3059 et
2288 3007 2410 3057 vitae
2451 3006 2756 3058 sccnndmn
2790 3002 2958 3058 Deum
2997 3007 3238 3060 studium
3273 3016 3328 3061 et
3358 3025 3547 3063 curam

264 3099 383 3160 λεις
432 3100 611 3168 ἔχειν,
655 3102 751 3152 καὶ
794 3100 895 3170 τῆς
951 3105 1094 3155 κατά
1126 3104 1261 3157 Θεὸν
1301 3106 1581 3169 πολιτείας
1604 3107 1665 3159 τὸ
1698 3123 1860 3159 σπου-

1968 3098 2242 3152 ediscere.
2297 3094 2507 3150 Horum
2546 3097 2768 3152 nietnini
2826 3098 2950 3168 quia
3004 3113 3034 3152 a
3076 3105 3129 3152 te
3174 3099 3294 3169 ipso
3344 3102 3547 3157 audivi.

266 3191 421 3245 δαῖον
450 3192 557 3244 καὶ
588 3190 849 3261 ἐπιμελὲς
904 3193 1344 3251 ἐκδιδάσκεσθαι.
1396 3196 1583 3250 Ταῦτα
1626 3194 1720 3252 οὖν
1768 3200 1866 3270 μέ-

273 3303 491 3356 μνημαι
548 3290 701 3356 παρά
750 3285 847 3339 σοῦ
893 3289 1169 3359 ἀκηκοὼςο
1217 3293 1311 3342 καὶ
1355 3290 1443 3343 διὰ
1470 3290 1630 3344 τοῦτο
1657 3293 1721 3344 ὲκ
1770 3291 1863 3344 τοῦ

274 3379 653 3447 μοναστηρίου
683 3377 817 3448 πρὸς
844 3380 989 3447 ἡμᾶς
1011 3382 1357 3450 ἀφικομένων
1385 3382 1656 3453 μοναχῶν,
1685 3384 1866 3447 αὐτοῖς

266 3482 325 3520 τε
364 3468 771 3538 προσείπομεν,
807 3471 901 3521 καὶ
937 3470 1023 3523 σοὶ
1048 3472 1337 3541 γράφομεν
1382 3472 1640 3526 ἀπελθεῖν
1681 3476 1740 3527 ὲν
1786 3477 1865 3545 τῷ

268 3562 661 3631 μοναστηρίῳ,
696 3565 790 3615 καὶ
818 3561 1004 3627 καθὼς
1034 3565 1224 3635 ᾐτήσω
1258 3567 1358 3635 τὴν
1406 3567 1467 3619 ἐν
1504 3566 1655 3637 αὐτῷ
1687 3570 1865 3620 ποιεῖ-

271 3654 399 3708 σθαι
433 3658 748 3727 διαγωγήν.
796 3656 950 3710 Ἐπεὶ
997 3658 1055 3710 δὲ
1096 3659 1352 3729 περὶτοῦ
1387 3661 1717 3730 ἡγουμένου,
1770 3661 1866 3715 καὶ

270 3748 427 3817 παρά
488 3748 590 3800 σοῦ
632 3751 820 3818 φήμας
860 3749 961 3802 οὐκ
1002 3749 1239 3817 ἀγαθὰς,
1268 3750 1404 3804 ἀλλὰ
1461 3751 1557 3804 καὶ
1612 3751 1735 3805 λίαν
1769 3752 1867 3806 ἀλ-

270 3841 531 3910 ἳοτρξους
607 3842 911 3912 μοναδικῆς
976 3842 1267 3906 εὐλαϐείας
1329 3844 1703 3913 ὲνηχηθημεν,
1772 3846 1868 3897 καὶ

280 3938 422 4001 παρά
457 3932 576 3985 τῶν
610 3933 870 4003 μοναχῶν
899 3934 971 3986 τὰ
992 3934 1355 4006 παραπλήσια
1386 3937 1656 4005 λεγόντων
1702 3938 1869 4007 ἡκού-

282 4040 471 4093 ςαμεν,
534 4025 1050 4094 ὲξαποσταλήσεται
1121 4026 1411 4097 ἄνθρωπος
1465 4027 1693 4099 ἔρευναν
1756 4030 1867 4084 τῶν

284 4114 677 4184 ςημιςομὲνων
735 4116 1084 4182 ποιούμενος.
1124 4117 1235 4171 Καὶ
1282 4115 1338 4169 εί
1382 4132 1444 4184 γε
1491 4120 1620 4181 τοὺς
1677 4119 1868 4186 λόγους

278 4210 586 4278 αμετόλους
612 4206 769 4277 εὖροι
797 4208 891 4259 τοῦ
923 4208 1182 4276 ψεύδους,
1217 4211 1424 4272 ἐκεῖνος
1456 4210 1556 4281 μὲν
1583 4212 1658 4275 ὡς
1691 4212 1867 4283 ἄχρη-

275 4319 398 4365 στος
472 4302 617 4370 πρὸς
688 4301 1051 4371 ήγουμενείαν
1121 4303 1596 4374 ἀποπαυθησεται.
1674 4305 1868 4370 ’Ἄλλος

276 4396 332 4447 δὲ
362 4414 423 4447 uti
459 4396 532 4448 ἂν
567 4394 604 4463 ἦ
645 4410 704 4446 τε
734 4393 1033 4464 ἀδελφότης
1074 4395 1278 4447 συνίδοι
1313 4395 1464 4459 ἀξιον
1502 4396 1604 4465 τῆς
1644 4398 1868 4451 ἐπιστα-

1973 3189 2042 3243 Ει
2070 3190 2196 3245 ideo
2230 3189 2534 3255 monachis,
2586 3189 2677 3258 qui
2709 3205 2774 3243 ex
2808 3207 2872 3244 eo
2902 3192 3238 3246 monasterio
3271 3209 3371 3248 nos
3405 3194 3549 3250 adie-

1974 3291 2123 3349 runt,
2154 3283 2396 3337 diximus
2418 3282 2629 3351 tibique
2658 3281 2952 3336 scribimus
2983 3294 3040 3336 ut
3064 3284 3119 3336 in
3155 3285 3550 3341 monasterium

1974 3378 2162 3437 abeas,
2216 3376 2421 3445 ibique,
2472 3384 2533 3427 ut
2585 3374 2911 3445 postulasti,
2968 3376 3308 3430 mansionem
3361 3379 3550 3433 facias.

1972 3467 2241 3533 Quoniam
2277 3477 2461 3521 autem
2500 3465 2569 3521 de
2601 3467 2693 3520 illo
2739 3468 2831 3534 qui
2879 3478 3074 3536 praeest
3112 3477 3165 3522 et
3195 3484 3224 3522 a
3260 3476 3310 3523 te
3351 3469 3550 3524 latinam
3649 3525 3653 3529 ,

1974 3573 2083 3613 ιιοιι
2137 3559 2360 3623 bonam,
2410 3557 2506 3613 sed
2565 3572 2689 3627 qua:
2728 3558 3027 3611 solitariam
3071 3559 3332 3613 dedeceat
3383 3561 3550 3614 vitam

1976 3650 2310 3720 accepimus,
2332 3658 2387 3705 et
2414 3666 2444 3705 a
2470 3650 2754 3705 monachis
2775 3650 3086 3705 audivimus
3115 3652 3210 3721 qui
3240 3653 3324 3706 his
3352 3652 3551 3707 similia

1974 3743 2237 3809 dicerent,
2276 3745 2525 3798 mittetur
2556 3743 2649 3815 qui
2679 3744 2849 3797 relata
2893 3744 3200 3813 investiget.
3244 3743 3311 3798 Et
3349 3745 3394 3798 si
3435 3746 3557 3815 qui-

1974 3837 2100 3888 dem
2138 3834 2240 3889 hos
2269 3849 2551 3889 sermones
2583 3849 2741 3888 veros
2781 3834 3068 3900 invenerit,
3096 3834 3205 3899 ille,
3238 3844 3299 3889 ut
3325 3850 3551 3905 pravus,

1974 3944 2005 3982 a
2037 3928 2355 3998 praefectura
2408 3927 2787 3995 revocabitur;
2820 3927 2961 3981 alius
2995 3942 3124 3983 vero
3156 3943 3320 3997 quem
3352 3928 3551 3986 fratres

1975 4022 2258 4091 superiore
2288 4022 2410 4075 loco
2457 4020 2681 4089 dignum
2703 4019 3028 4090 judicabunt
3060 4036 3334 4091 quemque
3363 4030 3551 4077 nostra

1977 4115 2258 4169 humilitas
2284 4111 2652 4167 examinando
2682 4112 2937 4166 solertem
2975 4114 3282 4182 agnoverit,
3311 4116 3553 4185 regimen

1975 4207 2206 4275 accipiet
2229 4204 2568 4258 monasterii.
2620 4202 2700 4257 'l‘u
2733 4214 2939 4269 autem,
2971 4206 3068 4270 Illi,
3107 4220 3172 4261 ne
3210 4205 3556 4263 obliviscaris

1978 4300 2053 4353 tui
2082 4299 2151 4352 ah
2181 4296 2337 4351 initio
2369 4295 2658 4366 propositi,
2683 4311 2862 4367 neque
2888 4298 2964 4350 tui
2997 4298 3182 4352 cordis
3215 4300 3467 4354 ardorem
3500 4311 3556 4354 et

1978 4392 2218 4446 studium
2273 4390 2615 4457 exstinguas,
2646 4391 2848 4459 quibus
2894 4391 2961 4444 ad
2991 4392 3350 4445 monastitam
3387 4392 3553 4447 vitam

287 4488 401 4550 sia;
427 4488 647 4553 αὐτῶν,
680 4486 775 4540 καὶ
801 4488 835 4557 ἡ
866 4487 1028 4557 ἡμῶν
1065 4487 1361 4558 μετριότης
1410 4488 1691 4558 ἐπίκρισιν
1744 4507 1860 4543 ποι-

1976 4485 2289 4551 iestinasti;
2322 4486 2416 4539 sed
2449 4483 2628 4554 potius
2652 4483 2834 4537 divina
2862 4484 3037 4554 gratia
3073 4486 3393 4554 adjuvante,
3430 4497 3554 4540 stu-

286 4582 488 4649 ουμένη
532 4581 640 4649 τὴν
691 4580 985 4649 ίκανότητα
1039 4579 1135 4631 τοῦ
1187 4579 1381 4650 ἀνδρὸς
1429 4580 1661 4650 ἐπιγνῷ,
1714 4576 1869 4645 οὗτος

288 4671 603 4734 anetina:
656 4671 760 4741 τὴν
815 4669 911 4724 τοῦ
961 4672 1331 4743 μοναστηρίου
1388 4672 1749 4742 προστασίαν.
1791 4673 1864 4726 Συ

288 4759 371 4823 δὲ,
402 4762 584 4815 τέκνον
615 4762 801 4833 ἡμῶν,
833 4762 909 4833 μὴ
938 4763 1175 4836 ἐπιλάϐῃ
1204 4766 1303 4834 τῆς
1326 4764 1385 4828 ἐξ
1436 4766 1611 4835 ἀρχῆς
1669 4782 1866 4835 προαι-

286 4852 521 4920 ρέσεως,
554 4856 687 4926 μηδὲ
753 4854 1103 4927 κατασδέσῃς
1152 4856 1213 4908 τὸ
1266 4854 1390 4920 ζέον
1437 4858 1532 4910 καὶ
1583 4857 1867 4928 πρόθυμον

279 4946 387 5014 τῆς
455 4952 548 5015 an;
586 4946 848 5017 καρδίας,
896 4949 985 5002 ὅτε
1053 4949 1192 5020 πρὸς
1239 4950 1333 5002 τὸν
1403 4951 1616 5020 μονήρη
1660 4950 1776 5020 βίον
1821 4951 2207 5014 κατέσπευδες.

1976 4580 2247 4634 diosioret
2274 4578 2531 4631 intentior
2556 4585 2698 4639 esto,
2719 4584 2977 4644 tanquam
3005 4591 3101 4645 per
3124 4577 3326 4630 scalam
3359 4593 3555 4633 ascen-

1975 4670 2132 4733 dens,
2171 4679 2225 4722 et
2266 4684 2481 4737 semper
2515 4675 2783 4736 quantutn
2832 4671 3037 4735 poteris
3091 4667 3157 4719 ad
3184 4682 3245 4720 ea
3278 4684 3400 4736 qua:
3427 4680 3554 4723 ante

1975 4771 2105 4817 sunt
2134 4765 2435 4831 procedens
2457 4801 2472 4828 ,
2514 4775 2622 4813 non
2656 4768 2837 4812 autem
2872 4760 2939 4812 ad
2975 4772 3039 4812 ea
3066 4774 3188 4829 quae
3235 4772 3363 4814 sunt
3403 4771 3553 4816 retro

1976 4858 2313 4926 regrediens.

2284 4949 2442 5003 ’Δλλά
2494 4948 2699 5018 μᾶλλον
2756 4952 2856 5024 τῆς
2899 4952 3051 5015 θείας
3092 4950 3440 5020 δυναμούσης
3492 4969 3554 5009 σε

280 5044 499 5114 χάριτος
536 5045 961 5115 προθυμότερος
991 5044 1141 5113 γίνου
1200 5045 1296 5097 καὶ
1327 5044 1711 5116 ἐντονώτερος,
1766 5042 1877 5099 οἷον
1914 5047 2010 5100 ἐπὶ
2045 5046 2314 5117 κλίμακός
2379 5064 2527 5112 τινος
2558 5051 2657 5113 τὰς
2730 5034 3026 5113 ἀναϐάσεις
3082 5049 3425 5120 ποιούμενο;,
3459 5058 3559 5112 καὶ

276 5147 357 5195 εει
385 5143 513 5195 ὅσον
540 5142 785 5195 δυνατὸν
824 5132 1136 5209 προϐαίνων
1164 5140 1258 5191 ἐπὶ
1284 5139 1353 5190 τὰ
1392 5140 1605 5207 πρόσω,
1638 5138 1748 5196 ,καὶ
1780 5137 1857 5209 μὴ
1896 5143 2031 5209 πρὶς
2065 5140 2135 5192 τὰ
2172 5138 2350 5191 ὀπίσω
2404 5141 2801 5210 στρεφόμενος.

493 5253 650 5324 PG‘.
690 5249 779 5318 τῷ
813 5251 1271 5321 ἁρχιεπισκόπῳ
1307 5248 1642 5319 Χερσῶνος.

326 5367 435 5427 ἠν
475 5372 588 5443 μὲν
615 5366 915 5441 ἁρμόδιον,
952 5362 1154 5433 μᾶλλον
1182 5364 1241 5416 δὲ
1274 5363 1628 5433 ὀφειλόμενον
1671 5365 1737 5435 τῇ
1775 5380 1864 5416 τε-

262 5464 493 5537 λειότητῖ
535 5481 639 5517 σου
705 5460 806 5512 καὶ
843 5457 1031 5510 κόπων
1084 5456 1495 5526 καταφρονῆσαι
1545 5458 1639 5509 καὶ
1680 5458 1866 5526 φόὸων

261 5558 357 5610 τῶν
386 5550 453 5611 ἐκ
490 5554 827 5619 θαλάσσης,
855 5548 924 5615 τῇ
958 5544 1167 5598 ἀνωθεν
1227 5545 1403 5597 ἐλπίδι
1456 5545 1864 5615 θρασυνόμενον

256 5656 379 5723 πρὸς
413 5654 485 5706 τὰ
549 5644 820 5703 ἐνταῦθα
878 5636 1233 5702 καταλαϐεῖν,
1296 5636 1392 5689 τοῦ
1446 5640 1541 5689 καὶ
1592 5638 1722 5707 ἡμῖν
1769 5644 1864 5691 καὶ

248 5748 334 5817 an?
372 5750 453 5814 τῷ
492 5737 872 5813 πληρώματι
908 5728 1009 5796 τῆς
1046 5727 1139 5779 τοῦ
1183 5728 1319 5782 Θεοῦ
1363 5728 1693 5799 Ἐκκλησίας
1734 5746 1860 5782 συν.

2340 5250 2476 5306 CVI.
2502 5282 2576 5293 ι-
2601 5255 2885 5310 Chersonis
2920 5257 3186 5328 episcopo.

2040 5369 2297 5433 Docebat,
2336 5369 2445 5421 imo
2484 5386 2611 5425 vero
2654 5374 2943 5438 Oportebat
2971 5344 3118 5428 t/uam
3157 5375 3551 5445 perfectionem

1964 5460 2243 5514 molestias
2271 5472 2625 5514 contemnere
2654 5472 2704 5515 et
2743 5464 2964 5518 timores
3006 5470 3099 5535 qui
3134 5483 3162 5519 a
3197 5469 3333 5520 mari
3368 5470 3552 5520 oriun-

1964 5561 2073 5615 tur,
2113 5553 2167 5605 in
2227 5551 2409 5605 divina
2457 5568 2553 5621 spe
2602 5558 2965 5611 confidentem
3019 5570 3068 5611 te
3105 5574 3278 5626 usque
3328 5562 3393 5612 ad
3450 5576 3553 5615 nos

1962 5652 2350 5711 perventurum
2406 5652 2463 5695 ιιι
2519 5645 2796 5698 nobisvum
2849 5657 2903 5700 et
2955 5664 3077 5701 cum
3147 5649 3399 5703 universa
3461 5649 3554 5705 Dei

1964 5735 2221 5792 Ecclesia:
2285 5736 2619 5804 plenitudine
2683 5739 3028 5808 congandeas
3088 5747 3140 5799 et
3191 5738 3429 5805 laeteris,
3497 5754 3556 5797 et
