4152 6408
634 227 743 290 3⁷27

1781 223 1828 283 Ν
1840 222 2097 287 ICOLAI
2120 225 2247 305 (ΣΡ.
2294 218 2523 283 PATRI
2538 223 2576 282 Α
2591 220 2737 283 RCH
2748 216 2813 281 Ε

3808 224 3920 290 τοι

623 342 827 409 quippe
858 352 981 408 qua:
1007 351 1036 393 ιι
1072 335 1343 408 principio
1366 336 1510 408 quod
1543 336 1873 409 postulatur.
1923 336 2038 391 tieri
2065 336 2223 393 solet.

2334 335 2736 405 ἀγωνιζόμενος
2782 333 3012 404 κοσμεῖν
3064 333 3504 406 ἀρχιερωσύνην.
3538 333 3699 388 Ἐστι
3730 335 3785 388 δὲ
3815 317 3922 388 τοῖὸ

629 432 772 499 Quid
802 430 1011 499 igitur?
1061 430 1344 500 PrOpriam
1403 438 1686 499 recupcret
1733 428 2023 483 ecclesiam
2056 443 2218 496 quam

633 540 889 593 perverse
927 524 1118 578 omisit
1178 525 1479 594 requirere,
1535 533 1589 577 ct
1642 523 1690 579 is
1743 523 1837 591 qui
1907 523 2053 576 illius
2104 524 2222 576 loco

635 619 706 673 ibi
740 625 956 688 praeest,
990 617 1058 670 ab
1085 632 1147 671 ea
1175 626 1352 681 vacet,
1386 616 1563 671 donec
1592 616 1823 670 idoneus
1872 615 2026 670 locus
2062 614 2217 668 inve-

641 709 824 764 niatur
874 711 967 780 qui
1023 725 1148 764 eum
1202 718 1262 762 ut
1307 708 1628 778 episcopum
1680 707 1936 778 accipiat.
1977 705 2102 761 Haec
2140 714 2225 759 est

636 818 800 873 quam
865 802 1029 855 homo
1090 801 1345 871 proponit
1417 799 1731 869 postulatio,
1808 814 2041 869 eamque
2117 796 2214 852 tibi

636 907 819 951 notam
851 896 1101 950 fecimus.
1143 895 1346 948 Cmtera
1370 903 1527 947 curet
1559 904 1649 947 tua
1690 894 1885 961 pietas,
1915 890 2227 947 ecclesiam-

637 1003 746 1055 qne
795 995 854 1038 ut
896 985 1072 1046 decet,
1127 985 1513 1046 administret,
1571 983 1911 1051 accipiatque
1980 984 2225 1052 paternis

641 1078 946 1134 viSceribns
1000 1076 1403 1145 cpisc0pnmcx
1438 1077 1600 1146 longo
1656 1090 1843 1131 errore
1876 1076 2220 1141 redeuntem,

640 1174 828 1242 sicque
860 1170 992 1225 velis
1019 1185 1145 1238 erga
1179 1170 1330 1222 illum
1374 1184 1533 1237 agere
1569 1179 1628 1223 ιιι
1663 1169 1775 1223 Ι)ρο
1807 1179 1993 1240 gratus
2016 1169 2226 1239 tibique

638 1281 740 1319 suo
766 1279 985 1319 summo
1036 1263 1304 1318 sacerdoti
1358 1264 1521 1317 homo
1578 1263 1669 1318 ille
1712 1272 1994 1332 appareat.
2054 1262 2131 1317 De
2159 1278 2225 1316 eo

638 1364 820 1409 autem
853 1355 947 1424 qui
1000 1369 1146 1407 nunc
1199 1363 1398 1422 pra-est
1439 1354 1494 1407 in
1537 1354 1799 1423 requisita
1840 1352 2068 1407 ecclesia
2101 1368 2226 1423 pro-

638 1446 930 1499 videntiam
956 1459 1109 1514 agas,
1143 1446 1336 1509 donec,
1364 1446 1643 1499 ntdictum
1679 1454 1785 1509 est,
1811 1446 2223 1499 convenientem

641 1538 813 1591 lucum
845 1538 1148 1600 inveniens,
1201 1537 1254 1590 in
1287 1539 1668 1606 episcopatum
1713 1552 1838 1592 eum
1897 1536 2223 1591 constituas.

639 1626 753 1681 Nos
780 1628 941 1696 igitur
977 1628 1091 1682 hrec
1138 1628 1232 1681 tibi
1290 1640 1417 1682 nota
1471 1630 1651 1683 facere
1696 1627 1994 1682 voluimus.
2025 1627 2225 1682 Totum

2323 428 2621 500 ἀνθρώπου
2639 428 2699 481 τὸ
2716 428 2927 497 αῖτημα
2950 419 3010 480 οῦ
3041 425 3182 497 βαρὺ
3207 425 3330 480 οὐδὲ
3360 428 3641 499 φορτικὸν,
3668 428 3789 481 οἱδὲ
3810 428 3924 497 τῆς

2328 520 2619 591 ιὐνηοείας
2649 519 2948 591 ἀλλότριον,
2982 517 3094 571 ἀλλ’
3130 518 3225 573 ἀπ’
3256 520 3434 591 ἀρχῆς
3478 520 3573 572 καὶ
3603 519 3698 572 τοῦ
3751 522 3927 589 μέχρι

2324 615 2421 668 νῦν
2461 616 2653 678 εἰωθὸς
2680 613 2952 683 γίνεσθαι.
2982 614 3048 668 Τί
3077 613 3277 681 τοῦτος
3307 617 3410 682 τὴν
3440 613 3654 667 οἰκείαν
3702 613 3924 668 ἀπολαδ

2324 706 2440 761 δεῖν
2478 709 2543 779 ῆν
2574 707 2763 770 κακῶς
2780 707 3077 760 κατέλιπεν
3115 706 3397 777 ἐπιζητεῖν
3434 704 3795 775 Ἰ·Σκκλησίαν,
3820 705 3930 757 καὶ

2324 800 2417 853 τὸν
2445 801 2565 852 ἐκεῖ
2585 799 2709 852 ἀντὶ
2731 798 2925 851 τούτου
2951 796 3291 867 τυγχάνοντα
3321 796 3585 867 πρόεδρον
3620 797 3920 866 σχολάσαι.

2330 895 2523 966 μέχρις
2547 895 2614 948 ἂν
2638 896 2668 947 ὀ
2695 893 3007 958 ἐπιτήδειος
3030 893 3420 962 εὑρισκόμενος
3437 895 3620 956 τόπος,
3644 894 3811 947 αύτδν
3836 895 3931 957 είς

2327 990 2586 1061 ἐφορείαν
2608 989 3003 1061 προσλήψεται.
3033 988 3136 1042 ἸΙν
3157 989 3257 1059 μὲν
3277 991 3305 1041 ὁ
3322 988 3611 1060 ἄνθρωπος
3635 990 3934 1059 προσήγα-

2327 1098 2423 1150 γεν
2452 1083 2729 1152 ὶξαίτησιν
2760 1081 2897 1151 αὕτη
2930 1082 3067 1145 ἐστὶ,
3087 1082 3184 1135 καὶ
3209 1082 3373 1151 ἡμεῖς
3401 1080 3622 1152 ἐμφανῆ
3649 1097 3732 1134 σοι
3781 1081 3936 1134 καθ·-

2330 1175 2567 1244 ιστῶμεν
2583 1175 2773 1246 αὑτήν.
2798 1175 2872 1227 Τὸ
2889 1172 3074 1228 λοιπόν
3091 1177 3206 1228 ἐστι
3227 1176 3322 1244 τῆς
3338 1175 3495 1245 ὑμῶν
3515 1176 3933 1246 ὀσιότητος,καῖ⁵

2327 1269 2389 1321 τὸ
2413 1272 2625 1339 πρέπον
2643 1269 2742 1337 τῆς
2786 1269 3115 1340 Ἐκκλησίας
3145 1271 3527 1341 οἰκονομῆσαι,
3560 1273 3652 1323 καὶ
3676 1272 3766 1324 τὸν
3790 1271 3929 1324 επί-

2330 1376 2537 1412 σκοπον
2587 1363 2880 1430 πατρικοῖς
2905 1362 3240 1433 σπλάγχνοις
3267 1365 3333 1416 ὲκ
3362 1363 3465 1431 τῆς
3517 1366 3741 1434 μακρᾶς
3769 1366 3861 1416 ὲκε
3875 1364 3931 1416 ῖ-

2330 1468 2429 1522 νης
2488 1450 2856 1517 ὐποδέξασθαι
2913 1453 3147 1523 πλάνης,
3198 1457 3292 1507 καὶ
3337 1453 3513 1518 οὕτως
3567 1456 3697 1526 περὶ
3746 1454 3929 1507 ἀὺτοῦ

2330 1542 2609 1611 διοικῆσαι
2666 1543 2756 1595 ῖνα
2815 1544 2911 1597 καὶ
2956 1543 3076 1615 Θεῷ
3129 1544 3500 1617 εὐχαριστῶν,
3554 1546 3651 1598 καὶ.
3710 1547 3796 1598 σοὶ
3839 1546 3925 1614 τῷ

2331 1633 2524 1688 ἑαυτοῦ
2553 1636 2807 1706 ἀρχιερεῖ
2837 1635 2867 1689 ὁ
2915 1635 3204 1707 ἄνθρωπος
3242 1636 3621 1707 διαφαίνηται,
3652 1640 3747 1691 καὶ
3789 1638 3931 1707 περὶ

640 1732 821 1774 autem
890 1720 1024 1774 illud
1081 1731 1188 1775 tua:
1238 1721 1634 1789 adjudicationl
1673 1723 1967 1791 ευΙηὶεἱιυι·
2024 1731 2079 1776 et
2120 1730 2227 1775 tute

2334 1724 2422 1778 τοῦ
2457 1726 2555 1779 νῦν
2610 1727 3037 1798 προεδρεύοντος
3086 1730 3145 1783 ὲν
3190 1731 3255 1801 τῇ
3314 1728 3727 1802 ὲπιζητουμένῃ
3799 1730 3930 1784 Ἐκο

641 1810 941 1865 secuttdum
979 1810 1149 1864 Deum
1193 1812 1481 1865 amborum
1514 1814 1897 1883 episcoporum
1940 1813 2230 1882 providen-

644 1907 752 1962 tiae.
786 1921 909 1959 cum
962 1908 1125 1961 ambo
1180 1908 1283 1961 sub
1337 1918 1428 1961 tua
1488 1923 1653 1962 manu
1716 1907 1902 1963 oftieio
1959 1923 2060 1963 suo
2108 1907 2229 1962 fun-

643 2007 864 2066 gattlur.

2336 1817 2540 1889 κλησίᾳ
2575 1820 2841 1890 πρόνοιαν
2864 1821 3206 1886 καταθεῖναι,
3240 1822 3436 1895 μέχρις
3456 1823 3543 1884 ἂν.
3561 1823 3636 1887 ὡς
3666 1825 3921 1893 εἴρηται.

2336 1910 2505 1962 τόπου
2532 1912 2906 1982 ἀναφανέντος
2925 1914 3022 1968 τοῦ
3056 1915 3457 1986 προσήκοντος,
3482 1916 3562 1978 είς
3587 1905 3932 1985 προεδρξίαν

2339 2002 2504 2055 πάλιν
2534 2004 2916 2077 ἀποκαταστῇ.
2974 2008 3163 2077 Ἡμεῖς
3206 2010 3307 2078 μὲν
3344 2003 3438 2062 οὖν
3483 2006 3657 2061 ταῦτα
3704 2009 3929 2077 ἐκρίνα-

644 2107 768 2160 μεν,
816 2089 1008 2143 τέκνον
1044 2091 1202 2161 ἡμων
1234 2092 1401 2162 ῖερδν,
1444 2091 1714 2162 γνωρίσαι
1762 2108 1868 2145 σοι’
1916 2092 1979 2147 τὸ
2025 2094 2084 2147 δὲ
2117 2095 2225 2145 πᾶν
2263 2093 2323 2146 ὲν
2353 2098 2419 2166 τῇ
2459 2099 2526 2166 σῇ
2559 2099 2773 2186 ,κεῖται
2807 2101 2905 2153 καὶ
2974 2100 3262 2170 διασκέψει
3296 2104 3394 2156 καὶ
3442 2102 3582 2171 μετά
3609 2101 3747 2155 Θεὸν
3778 2118 3921 2173 συμ-

642 2188 888 2262 φερούσῃ
936 2190 1166 2260 προνοίᾳ
1226 2188 1561 2259 ἀμφοτέρων
1590 2189 1700 2241 τῶν
1749 2191 2095 2256 ἐπισκόπων,
2146 2192 2221 2256 ὡς
2262 2196 2358 2246 καὶ
2390 2194 2498 2247 ὑπὸ
2526 2195 2626 2267 τὴν
2658 2199 2759 2268 σὴν
2796 2200 2957 2271 χεῖρα
2983 2199 3312 2256 τελούντων.

853 2301 966 2358 CX.
997 2330 1071 2342 ι·-
1106 2302 1189 2357 Αιί
1243 2303 1643 2358 Piuenuntium
1690 2307 2015 2373 episcopum.

716 2417 892 2472 Tnam
922 2419 1213 2472 sanitatem
1238 2426 1290 2471 et
1322 2434 1391 2472 ex
1431 2415 1542 2473 tuis‘
1567 2418 1765 2473 litteris
1795 2429 1849 2472 et
1887 2435 1952 2471 ex
1984 2434 2079 2472 ore
2112 2419 2232 2487 ejus

645 2514 738 2579 qui
770 2526 864 2565 cas
895 2512 1054 2565 nobis
1091 2511 1272 2565 attulit
1301 2512 1577 2565 discentes
1616 2512 1821 2580 gratias
1863 2512 2076 2581 egimus
2130 2513 2229 2564 bo-

644 2620 838 2659 norum
903 2606 1114 2657 auctori
1150 2604 1366 2657 Christo
1415 2605 1525 2658 Deo
1583 2612 1795 2659 nostro.
1833 2603 1935 2669 Qui
1996 2606 2225 2670 utinam,

649 2695 720 2748 tili
754 2705 963 2759 sancte,
1027 2703 1081 2747 et
1135 2694 1375 2747 animam
1424 2702 1480 2746 et
1512 2709 1716 2762 corpus
1770 2705 1922 2749 tuum
1961 2694 2066 2749 sub
2127 2697 2228 2750 alis

646 2785 906 2840 bonitatis
937 2801 1050 2839 sute
1084 2784 1274 2854 procul
1298 2785 1368 2839 ab
1394 2787 1544 2839 omni
1591 2786 1812 2839 malitia:
1848 2788 2225 2855 experimento

644 2887 929 2931 conservet
958 2878 970 2930 !
1008 2877 1115 2930 Nos
1148 2885 1328 2930 autem
1381 2878 1573 2932 morbo
1602 2879 1987 2947 comprehensi
2033 2895 2224 2936 sumus

646 2979 865 3039 propter
901 2979 1122 3038 peccata
1151 2984 1251 3023 nos
1281 2967 1553 3038 aﬂligettte
1582 2982 1847 3040 quantum
1898 2972 2067 3026 voluit
2100 2988 2231 3043 pecv

645 3070 894 3114 calorum
919 3072 1199 3113 corrector
1221 3076 1320 3114 nos
1354 3061 1444 3113 tali
1503 3061 1714 3131 ﬂagello
1764 3079 2042 3118 exercere.
2069 3062 2227 3119 Nunc

645 3162 825 3206 autem
876 3154 1003 3222 quia
1029 3154 1288 3207 continuo
1317 3164 1574 3209 exoratus
1602 3164 1686 3209 est
1725 3157 2062 3227 aliquantum
2089 3160 2228 3214 rela-

648 3244 818 3307 xavit,
877 3244 1129 3313 quamvis
1184 3259 1270 3299 me
1304 3246 1484 3300 adhuc
1515 3246 1723 3315 aﬂligit,
1749 3249 1895 3316 quod
1930 3264 1992 3302 ex
2029 3264 2227 3318 praece-

647 3335 798 3389 denti
856 3336 1005 3390 ntalo
1062 3347 1327 3391 remanet.
1357 3339 1438 3392 Ad
1490 3354 1872 3410 quemcunque
1937 3345 2228 3397 terminum

647 3430 909 3503 procedat
947 3432 1171 3488 humilis
1201 3435 1305 3488 vita
1336 3444 1546 3498 nostra,
1594 3434 1665 3489 sit
1700 3451 1895 3491 nomen
1926 3439 2104 3509 magni
2137 3437 2229 3492 Dei

646 3535 703 3581 et
741 3524 1043 3581 Salvatoris
1074 3527 1245 3582 nostri
1278 3526 1409 3584 Jestt
1445 3528 1670 3592 Christi,
1702 3538 1761 3583 ttt
1808 3545 1954 3584 nunc
2001 3540 2107 3593 est.
2139 3531 2232 3585 be-

648 3619 947 3674 nedictmn.
980 3618 1249 3676 Caeterum
1283 3636 1351 3676 ne
1388 3637 1572 3678 cesses
1627 3621 1801 3677 nostri
1830 3622 1883 3676 in
1926 3621 2032 3675 tuis
2064 3621 2234 3691 preci-

646 3716 753 3769 bus
807 3714 1144 3781 meminisse,
1198 3715 1316 3769 sive
1364 3725 1542 3769 tecum
1571 3716 1842 3779 vivamus,
1887 3714 2003 3768 sive
2034 3727 2101 3767 ex
2132 3714 2234 3766 hac

646 3820 814 3862 scena
847 3806 1193 3861 recedamus.

1233 4007 1373 4064 CXI.
1414 4007 1644 4065 Incerto.

725 4146 992 4204 Jucundae
1026 4146 1246 4201 fuerunt
1278 4155 1473 4200 vestra:
1502 4146 1716 4216 pietatis
1748 4146 1961 4212 litterze,
2008 4145 2136 4217 quia
2168 4164 2236 4203 ex

648 4241 794 4293 dulci
822 4241 1002 4292 anima
1023 4240 1186 4293 verba
1202 4238 1672 4301 scatut‘iunt.Quid
1691 4240 1834 4291 enitn
1868 4238 2085 4293 dulcius
2113 4240 2237 4292 ani-

2619 2314 2721 2370 PI’.
2767 2316 2924 2382 Πρὸς
2968 2316 3077 2369 τὸν
3136 2318 3635 2385 Πισσηνούντων.

2416 2422 2609 2495 Ὕμῶν
2638 2425 2739 2496 μὲν
2772 2426 2871 2496 τὴν
2901 2426 3070 2495 ῥῶσιν
3126 2426 3191 2481 ἐκ
3233 2445 3293 2480 τε
3327 2427 3421 2481 τοῦ
3457 2428 3791 2500 γράμματος
3827 2428 3934 2482 καὶ

2328 2518 2432 2589 τῆς
2461 2521 2553 2572 τοῦ
2584 2522 2944 2590 κεκομικὸτος
2969 2522 3101 2575 αὐτὸ
3122 2521 3377 2593 γλώσσης
3406 2523 3785 2593 ἀναμαθόντες
3813 2523 3930 2592 ηύι

2329 2612 2746 2683 χαριστήσαμεν
2784 2614 2894 2667 τῶν
2926 2614 3149 2681 ἀγαθῶν
3198 2614 3278 2684 τῷ
3329 2615 3518 2686 δοτῆρι
3570 2614 3795 2685 Χριστῷ
3846 2616 3933 2684 τῷ

2333 2703 2454 2773 Θεῷ
2484 2703 2665 2774 ἡμῶν,
2690 2704 2748 2767 ὃς
2770 2704 2877 2774 εἴη,
2910 2706 3101 2757 τέκνον
3123 2705 3280 2774 ἡμῶν
3312 2706 3479 2773 ἱερὸν,
3504 2707 3600 2758 καὶ
3620 2705 3719 2776 τὴν
3740 2703 3932 2775 ψυχὴν

2335 2800 2429 2850 καὶ
2454 2798 2515 2849 τὸ
2543 2798 2705 2868 σῶμα
2739 2799 2797 2849 ὲν
2832 2796 3060 2867 πτέρυξι
3084 2798 3183 2867 τῆς
3213 2797 3410 2850 ἑαυτοῦ
3428 2797 3772 2866 ἀγαθότητος
3797 2798 3924 2850 δια-

2335 2892 2520 2961 τηρῶν
2546 2891 2653 2956 ἔξω
2683 2891 2881 2962 πείρας
2899 2891 3118 2961 ἁπάσης
3141 2890 3465 2960 κακότητος.
3485 2890 3678 2957 Ἡμεῖς
3701 2889 3758 2942 δὲ
3787 2906 3931 2944 συν·

2335 2984 2645 3056 εσχέθημεν
2694 2984 2834 3054 νόσῳ
2902 2982 3244 3055 μαστιζούσῃ
3268 2983 3366 3053 μὲν
3398 2982 3486 3035 διὰ
3509 2982 3611 3044 τὰς
3637 2984 3933 3052 ἁμαρτίας

2334 3077 2366 3147 ἡ
2377 3076 2494 3145 μῶν
2511 3074 2705 3142 ἐφόσον
2728 3074 3055 3143 ἐδοκίμασεν
3077 3074 3105 3126 ὀ
3124 3073 3510 3145 ὲπανορθωτὴς
3529 3072 3640 3125 τῶν
3663 3072 3932 3143 σφαλμά-

2330 3188 2438 3222 των
2470 3168 2626 3240 ἡμῶν
2646 3170 2712 3238 τῇ
2736 3169 2967 3241 τοιαύτῃ
3003 3169 3301 3232 ἑτάζεσθαι
3341 3168 3591 3239 μάστιγι.
3618 3167 3732 3220 Νῦν
3758 3167 3813 3219 δὲ
3838 3169 3930 3221 ὅτι

2334 3261 2579 3329 ωνήοως
2600 3244 3023 3330 παρακέκληται
3045 3259 3151 3311 ύπδ
3174 3258 3283 3313 τῶν
3306 3258 3453 3313 ἰδίων
3469 3258 3930 3328 οἰκτιρμῶντέως

2334 3354 2559 3423 ἀνῆκεν,
2588 3356 2635 3406 εἰ
2666 3353 2765 3407 καὶ
2791 3354 3111 3424 παραλυπεί
3132 3352 3212 3405 ἔτι
3230 3352 3299 3404 τὰ
3325 3354 3389 3405 ἑκ
3412 3351 3515 3419 τῆς
3541 3349 3933 3420 προλαόούσης

2333 3446 2595 3506 ὲτάσεως·
2646 3445 2731 3511 ἐφ’
2771 3442 2800 3495 ὃ
2832 3443 2876 3496 δ’
2915 3443 2982 3495 ἂν
3024 3442 3266 3513 ἀποὸαίη
3311 3443 3466 3505 τέλος
3494 3444 3556 3495 τὸ
3590 3442 3689 3512 τῆς
3724 3454 3927 3496 ταπει-

2333 3538 2431 3605 vi};
2459 3536 2616 3607 ἡμῶν
2649 3535 2817 3606 ζωῆς,
2843 3539 2926 3607 εἴη
2957 3537 3016 3590 τὸ
3046 3536 3219 3606 ὄνομα
3252 3538 3347 3589 τοῦ
3383 3536 3622 3606 μεγάλου
3658 3534 3793 3588 Θεοῦ
3825 3538 3930 3588 καὶ

2336 3629 2587 3701 Σωτῆρος
2623 3630 2780 3701 ήμῶν
2843 3630 3020 3701 Ἰησοῦ
3078 3630 3320 3702 Χριστοῦ
3376 3630 3568 3700 ὥσπερ
3624 3628 3719 3682 καὶ
3771 3628 3931 3681 ἔστιν

2335 3721 2729 3793 εύλογημένον.
2770 3721 2852 3775 Τὰ
2889 3721 2934 3776 δ’
2968 3721 3106 3776 ἄλλα
3154 3723 3465 3793 μεμνῆσθαι
3512 3720 3674 3793 ἡμῶν
3713 3723 3770 3774 ὲν
3797 3722 3928 3782 ταῖς

2335 3817 2514 3878 ὁσίαις
2561 3816 2771 3884 εὐχαῖς,
2808 3816 2921 3868 εἴτε
2956 3815 3392 3887 συμϐιοτεύομεν
3444 3815 3599 3884 ὑμῖν,
3653 3815 3760 3867 εἴτε
3818 3812 3925 3882 τῆς

2338 3908 2593 3962 ἐντεῦθεν
2631 3909 2844 3980 σκηνῆς
2872 3909 3355 3980 ἀναχωρήσωμεν,
3390 3907 3467 3979 μὴ
3507 3907 3815 3978 διαλείιξῃς,

2911 4026 3063 4078 PIA’.
3103 4023 3348 4093 Ἀδήλφ.

2424 4143 2557 4197 ’11δῦ
2586 4143 2647 4194 τὸ
2676 4142 2914 4212 γράμμα
2940 4142 3040 4207 τῆς
3070 4141 3224 4211 ὑμῶν
3247 4139 3549 4210 ὁσιότητος,
3590 4138 3669 4192 ὅτι
3725 4152 3791 4190 εκ
3821 4133 3938 4206 ψυ-

2340 4238 2443 4309 χῆς
2476 4234 2742 4304 γλυκείας
2789 4236 2839 4287 οἱ
2879 4234 3029 4301 λόγοι
3084 4231 3422 4303 ηγάζουσιὲ
3479 4231 3547 4283 Τί
3595 4230 3704 4300 γὰρ
3731 4227 3940 4297 γλυκύ-

651 4346 738 4385 tua
776 4346 897 4401 quae
929 4331 1153 4399 spiritus
1190 4330 1455 4383 cltat'itate
1491 4330 1753 4394 abundat,
1780 4345 1942 4399 quam
1977 4341 2033 4384 et
2056 4342 2229 4385 vestra

2340 4348 2501 4401 τερον
2529 4330 2710 4399 ψυχῆς
2744 4326 3087 4397 πλουτούσης
3134 4325 3235 4397 τὴν
3278 4326 3504 4395 ἀγάπην
3545 4326 3638 4379 τοῦ
3673 4323 3939 4393 Πνεύμα-

651 4427 835 4478 anitna
884 4425 1171 4493 possidens
1219 4424 1351 4479 tales
1383 4433 1594 4479 eructat.
1631 4424 1957 4479 sermones?
1981 4426 2237 4479 Attamen

650 4519 842 4573 laudes
873 4521 1189 4573 eminentes
1218 4535 1315 4589 pro
1333 4530 1520 4574 nostra
1547 4520 1855 4573 humilitate
1887 4521 2083 4586 oretis;
2134 4521 2240 4576 hoc

649 4614 797 4667 enim
822 4612 980 4666 nobis
997 4612 1241 4676 suavius,
1267 4620 1323 4666 et
1343 4614 1506 4667 haece
1529 4614 1704 4681 statia
1727 4615 1769 4665 si
1797 4612 2048 4667 honorati
2068 4615 2241 4668 simus

650 4706 894 4760 contenti
940 4708 1170 4760 erimus.
1224 4705 1305 4759 Ad
1359 4707 1499 4760 alios
1548 4707 1696 4760 enim
1737 4707 1993 4761 laudibus
2041 4708 2239 4777 dignos

652 4801 846 4856 laudes
873 4803 1184 4871 pertinent;
1220 4817 1321 4856 nos
1342 4812 1546 4866 autem,
1577 4817 1700 4855 cum
1736 4801 1870 4854 nihil
1897 4801 2054 4856 nobis
2082 4802 2239 4856 laude

653 4895 877 4963 dignum
909 4897 1091 4949 inesse
1122 4894 1332 4948 conscii
1391 4908 1588 4956 simus,
1619 4894 1714 4947 sed
1763 4895 1942 4963 magis
1984 4894 2240 4963 precibus

655 4988 818 5041 nobis
875 5002 1013 5057 opus
1070 4988 1164 5051 sit,
1220 4986 1479 5057 precibus
1533 4998 1667 5039 sane
1717 4999 1816 5054 pro
1867 4986 2027 5040 nobis
2076 4985 2238 5041 factis

652 5080 922 5137 laetamur.

782 5194 942 5250 CXII.
974 5225 1044 5237 -—-
1073 5194 1372 5250 Theoctisto
1403 5190 1809 5261 Claudiopoleos
1838 5191 2106 5261 episcopo.

724 5333 942 5401 Quanta
975 5333 1131 5403 decet
1166 5332 1353 5387 lzetitia
1397 5341 1450 5387 et
1481 5331 1682 5402 gaudio
1730 5330 1836 5385 frui
1869 5339 2075 5400 patrem
2112 5345 2237 5384 cum

655 5426 892 5481 filiorum
924 5425 1211 5479 sanitatem
1246 5433 1300 5477 et
1339 5425 1571 5478 saluem
1596 5421 1769 5485 audit,
1818 5421 1918 5475 hac
1946 5421 2045 5490 ipsi
2087 5421 2234 5473 fruiti

655 5535 868 5580 sumus,
909 5534 1033 5572 cum
1065 5519 1173 5572 Deo
1196 5516 1591 5573 dilectissimus
1640 5514 2009 5570 consacerdos
2054 5522 2239 5569 noster

653 5613 896 5677 advenit,
927 5613 1149 5681 proprio
1202 5627 1298 5666 ore
1348 5611 1508 5665 nobis
1564 5607 1901 5663 annuntians
1949 5615 2001 5662 te
2053 5605 2237 5660 divina

654 5705 825 5774 gratia
881 5715 1031 5759 extra
1089 5720 1304 5761 onmem
1370 5703 1684 5762 mtmtitiam
1740 5714 2110 5771 perseverare.
2172 5697 2238 5754 Et

2342 4441 2456 4485 τος,
2483 4425 2548 4494 ἢν
2582 4423 2678 4475 καὶ
2707 4423 2741 4492 ἠ
2772 4421 3017 4490 ὑμετέρα
3058 4418 3208 4490 ψυχὴ
3268 4420 3586 4488 κεκτημένη
3638 4416 3936 4480 τοιούτους

2342 4514 2696 4586 ἐξερεύγεται
2744 4515 2970 4581 λόγουςς
3012 4513 3158 4583 Πλὴν
3212 4513 3339 4574 τοὺς
3388 4511 3651 4572 ἐπαίνους
3697 4508 3939 4563 καταλι-

2345 4608 2487 4674 πὼν,
2527 4606 2732 4676 μᾶλλον
2761 4608 2863 4673 τῆς
2901 4605 3180 4673 ἡμετέρας
3231 4600 3543 4671 ύπερεύχου
3591 4601 3941 4670 ταπεινότης

2341 4717 2453 4759 τος.
2491 4698 2663 4751 Τοῦτο
2697 4699 2810 4768 γὰρ
2834 4697 2969 4767 ἡμῖν
3004 4694 3439 4766 ἐρασμιώτερον,
3472 4693 3766 4765 καὶταύτῃ
3789 4694 3943 4761 ἀγα-

2342 4790 2537 4859 πῶμεν
2574 4788 2913 4857 δεξιούμενοι
2939 4790 3004 4855 τῇ
3043 4787 3255 4856 χάριτι.
3295 4784 3512 4837 Ἀλλων
3547 4785 3659 4854 γὰρ
3686 4785 3738 4837 οι
3765 4782 3939 4835 ἔπαι-

2345 4902 2423 4936 νοι
2456 4883 2567 4936 τῶν
2617 4884 2965 4935 ἐπαινεῖσθαι
3002 4878 3195 4943 ἀξίων,
3225 4880 3392 4949 ἡμεῖς
3417 4878 3477 4930 δὲ
3505 4878 3672 4947 μηδὲν
3700 4877 3937 4929 ἐπαίνου

2346 4974 2495 5038 ἄξιον
2539 4974 2760 5034 ἑαυτοῖς
2794 4971 3126 5036 συνειδότες,
3152 4970 3290 5023 ἀλλὰ
3322 4970 3529 5037 μᾶλλον
3558 4968 3735 5037 εὐχῶν
3765 4967 3927 5029 ὄντες

2346 5067 2603 5131 ἐπιδεεῖς,
2635 5060 2860 5127 ταύταις
2897 5065 2993 5116 atati.
3023 5062 3359 5131 δεξιούμενοι
3388 5061 3677 5132 χαίρομεν.

2559 5180 2706 5236 ΡΙΒ’.
2756 5182 3092 5246 Osculum)
3144 5178 3713 5245 Κλαυδιουπάλεως.

2418 5327 2592 5395 Ὅσης
2641 5325 2793 5378 ἐστὶν
2842 5323 2989 5386 εἰκὸς
3035 5319 3353 5389 ἐγγίνεσθαι
3402 5319 3578 5389 χαρᾶς
3634 5319 3729 5370 καὶ
3761 5317 3941 5384 ἀγαλο

2343 5418 2576 5480 λιάσεως
2636 5415 2994 5480 ἀπολαύσειν,
3051 5414 3223 5483 πατρὶ
3273 5410 3686 5481 ἁκουτιζομένῳ
3720 5410 3945 5463 τέκνων

2345 5511 2537 5578 ὑγείαν
2565 5511 2660 5562 καὶ
2690 5508 2990 5579 σωτηρίαν.
3023 5505 3229 5573 ταύτης
3253 5506 3343 5558 διὰ
3379 5504 3476 5557 τοῦ
3502 5502 3943 5573 Θεοφιλεστατου

2355 5603 2851 5679 συμπρεσὸυτέρον
2879 5599 3037 5671 ἡμῶν
3067 5598 3297 5669 ἥκοντος
3324 5596 3739 5666 ἀπελαύσαμεν,
3764 5597 3943 5665 ἁναγο

2349 5698 2629 5767 γεί).αντος
2659 5696 2795 5765 ἡμῖν
2842 5692 3022 5763 οἰκείᾳ
3072 5689 3300 5762 γλώσσῃ
3354 5692 3420 5757 τὴ
3467 5692 3526 5745 σὲ
3568 5690 3693 5759 θείᾳ
3740 5688 3943 5760 χάριτι
