4152 6410
347 253 459 321 329

1826 260 2239 323 EPISTOL/E.

3515 270 3622 331 330

351 373 640 446 ἀνώτερον
703 374 888 445 πάσης
914 372 1090 445 λύπης
1153 332 1420 429 διατελεῖν
1477 374 1795 437 ἐπιθέσεως·
1854 374 1951 428 καὶ

2060 373 2412 429 sanctissmo
2449 371 2558 428 Deo
2592 373 2659 429 de
2698 376 2799 431 hoc
2832 375 3034 447 gratias
3062 376 3294 446 egimus,
3329 388 3381 432 et
3405 390 3632 434 Oramus

349 469 435 538 τῷ
475 468 623 539 ἁγίῳ
673 466 796 537 θεῷ
848 468 883 537 ἡ
929 467 1025 519 ἐπὶ
1061 466 1221 520 τοῦτο
1265 465 1590 537 εὐχαριστία
1635 467 1769 537 ἡμῖν
1808 465 1948 518 ἀπο-

348 562 593 625 δέδοται,
625 560 720 613 καὶ
754 559 1031 629 εὐχόμεθα
1062 558 1297 612 πάντοτε
1326 556 1589 626 τοιαύτης
1617 574 1685 611 πε
1698 557 1751 625 pl.
1790 556 1947 626 ὑμῶν

347 653 630 722 ἀγγελίας
658 651 955 721 τυγχάνειν
995 649 1256 719 ἀγγέλου.
1302 649 1523 719 Ἐπειδὴ
1549 649 1606 703 δὲ
1660 648 1773 703 τῶν
1796 665 1939 720 πρα-

346 746 593 815 γμάτων
626 744 685 796 αί
738 742 1095 814 περιστάσεις
1130 741 1233 795 οὒκ
1262 739 1425 795 ἐῶσιν
1468 742 1617 812 ἡμᾶς
1664 740 1946 805 ἀναπνεῖν,

349 838 457 890 καὶ
488 835 570 899 ὡς
604 838 665 889 ὲν
688 832 960 897 τοιούτοις
989 832 1539 904 περιστοιχιζόμενοι,
1568 830 1826 902 δεόμεθα,
1849 831 1947 885 άν-

350 927 582 998 θρωποι
630 927 882 980 ταπεινοί
926 924 1103 991 ὄντες,
1133 922 1231 977 καὶ
1278 923 1381 993 τῆς
1418 924 1483 975 ὲκ
1526 921 1633 977 τῶν
1680 920 1949 974 συνόντων

352 1018 717 1090 παρηγορίας
743 1012 916 1086 (οἶδας
942 1015 1000 1069 δὲ
1021 1016 1105 1068 ὅτι
1128 1013 1287 1067 οὐδὲν
1310 1012 1456 1066 οὕτω
1492 1014 1827 1084 παρηγορεῖ,
1872 1011 1949 1075 ὡς

354 1110 393 1179 ἠ
433 1109 552 1162 τῶν
589 1109 802 1163 τέκνων
846 1103 1185 1175 συνομιλία),
1222 1103 1564 1174 ἐϐουλόμεθα
1608 1105 1668 1158 ιν
1717 1101 1950 1172 τοιούτῳ

354 1202 544 1274 καιρῷ
579 1201 681 1255 σὺν
711 1201 845 1270 ἡμῖν
880 1194 1044 1252 εἶναι.
1095 1197 1156 1250 El
1195 1196 1297 1265 μὲν
1324 1192 1421 1251 οὖν
1449 1196 1553 1250 οὐκ
1604 1194 1752 1249 εστιν
1782 1195 1953 1263 ἀναγ-

354 1295 629 1365 καιότερα
658 1293 728 1346 τὰ
753 1292 811 1345 ὲν
835 1292 950 1354 τοῖς
980 1288 1170 1343 αὐτόθι
1205 1288 1509 1362 πράγματα
1539 1288 1679 1358 πρὸς
1701 1286 1804 1360 τὴν
1845 1287 1950 1357 σὴν

356 1389 676 1458 ἐπίσχεσιν,
721 1384 1041 1456 παραγενοῦ
1086 1382 1225 1455 πρὸς
1256 1383 1430 1453 ἡμᾶς.
1490 1382 1553 1435 El
1594 1380 1639 1434 δ’
1692 1379 1811 1433 ἔστι
1862 1396 1949 1442 τις

354 1481 580 1549 ἀνάγκη
609 1478 987 1549 δυνατωτέρα,
1035 1476 1175 1539 τέως
1209 1477 1346 1546 ἡμῖν
1377 1476 1499 1539 ταῖς
1531 1475 1710 1537 ὁσίαις
1755 1473 1947 1543 εὐχαῖς

2050 468 2277 521 omnino
2306 475 2367 521 ut
2394 467 2555 521 talem
2582 466 2648 522 de
2671 476 2722 521 te
2748 467 3001 522 nuntium
3031 482 3248 537 semper
3274 470 3627 540 accipiamus.

2049 553 2319 620 Quoniam
2390 570 2522 610 vero
2571 570 2757 611 rerum
2802 558 3067 628 augustia:
3122 571 3225 611 nos
3278 572 3384 611 non
3447 559 3635 614 sinunt

2051 646 2346 717 respirare,
2400 656 2450 701 et
2482 648 2592 703 illis
2621 648 2779 718 quasi
2823 648 2989 703 cincti
3025 648 3355 718 indigemus,
3386 650 3636 708 homines

2052 739 2277 804 inﬁrmi,
2328 740 2709 795 assistentium
2746 742 3125 797 consolatione
3158 742 3292 812 (scis
3333 754 3514 798 autem
3546 746 3638 797 ni-

2054 831 2128 885 hil
2162 832 2234 886 ita
2267 833 2540 888 consolari
2566 842 2625 887 ut
2652 833 2889 889 ﬁliorum
2922 836 3440 907 conversationem),
3478 845 3639 906 opta-

2052 923 2249 979 bamus
2274 933 2334 979 ut
2365 924 2654 981 nobiscum
2689 941 2859 982 esses.
2896 926 2953 982 Si
2989 927 3155 997 igitur
3184 944 3295 984 non
3326 934 3640 985 necessario

2055 1024 2109 1069 te
2140 1031 2229 1071 res
2266 1017 2390 1072 istic
2422 1018 2679 1085 retinent,
2711 1019 2831 1075 veni
2860 1020 2926 1075 ad
2957 1035 3079 1076 nos.
3128 1021 3185 1076 Si
3218 1031 3375 1092 urget
3402 1025 3641 1079 necessi-

2056 1117 2164 1171 tas,
2218 1107 2411 1163 saltem
2463 1118 2732 1179 quantum
2781 1111 2991 1180 poteris
3037 1112 3196 1167 nobis
3232 1113 3338 1167 tuis
3384 1114 3641 1184 precibus

2055 1196 2265 1252 adesto.
2308 1203 2386 1253 Ac
2415 1207 2506 1253 tua
2534 1199 2847 1269 prasentia,
2892 1201 3149 1272 quoniam
3178 1215 3289 1255 non
3336 1216 3485 1257 nunc
3514 1217 3640 1272 per-

2054 1289 2309 1355 mittitur,
2341 1291 2436 1344 ﬁet
2478 1292 2705 1346 omnino
2738 1293 2959 1363 quando
2992 1292 3139 1348 Deus
3165 1293 3419 1349 voluerit.
3465 1292 3643 1349 Caete-

2050 1396 2172 1435 rum
2205 1396 2305 1451 pro
2346 1391 2437 1436 tua
2483 1382 2719 1438 sanitate
2765 1393 2891 1440 vota
2950 1383 3257 1450 fundimus,
3296 1394 3351 1440 et
3386 1385 3642 1457 cupimus

2051 1480 2112 1526 ut
2144 1480 2344 1528 nostrae
2375 1474 2703 1530 humilitatis
2730 1475 3068 1532 memineris.

356 1577 463 1648 ὅση
488 1576 723 1641 δύναμις
774 1572 1093 1636 συνίστασο,
1142 1571 1241 1625 καὶ
1285 1572 1319 1641 ἡ
1355 1569 1650 1641 παρουσία,
1698 1569 1822 1622 ἐπεὶ
1874 1566 1950 1639 μὴ
1992 1566 2090 1620 νῦν
2139 1570 2532 1639 συγχωρεῖται,
2608 1569 2829 1635 πάντως
2870 1571 3002 1626 ὃταν
3041 1572 3173 1637 Θεδς
3210 1575 3339 1647 διδῷ
3406 1579 3641 1649 γενήσε-

359 1687 476 1725 ται.
512 1669 594 1723 τά
620 1666 664 1721 δ’
693 1665 831 1722 ἀλλα
858 1664 1139 1738 ἐρρῶσθαι
1181 1681 1240 1718 σε
1270 1662 1642 1736 ὲπευχόμεθα,
1674 1662 1769 1715 καὶ
1800 1660 2120 1733 μεμνῆσθαι
2145 1660 2246 1729 τῆς
2275 1661 2436 1732 ἡμῶν
2478 1664 2855 1735 μετριότητος.

790 1780 936 1836 PII”.
969 1782 1198 1849 Νικήτᾳ
1238 1779 1520 1850 Ἀθηνῶν.

456 1893 570 1950 Καὶ
604 1893 929 1965 κυϐερνήτης
958 1893 1182 1964 ἀριστος
1212 1891 1324 1947 τῶν
1366 1890 1740 1961 βαπτιζόντων
1772 1890 1943 1962 κυμά-

384 2006 495 2043 των
536 1987 630 2059 τὴν
676 1986 924 2040 ἔκκλισιν
978 1985 1215 2039 ποιεῖται
1247 1984 1337 2039 διά
1378 1984 1660 2055 προνοίας,
1686 1982 1802 2038 ἀλλ’
1832 1982 1955 2054 οὐχ).

374 2080 516 2149 πρὸς
543 2080 728 2132 ἐκεῖνα
768 2076 1092 2130 συνωθείται
1121 2074 1189 2129 δι’
1233 2068 1311 2131 ὧν
1370 2075 1554 2145 μέλλει
1588 2073 1751 2128 πλέον
1786 2091 1955 2127 κατα-

367 2170 752 2235 δαπτίζεσθαι.
781 2169 894 2224 Καὶ
942 2167 1125 2240 ίατρὺς
1158 2162 1202 2238 ᾧ
1238 2183 1302 2236 γε
1348 2166 1416 2220 δι’
1446 2166 1764 2237 ἐπιμελείας
1806 2168 1954 2219 ἐστὶν

363 2267 396 2336 ἡ
432 2264 684 2335 σωτηρία
724 2262 822 2317 τοῦ
866 2262 1195 2334 κάμνοντος,
1245 2261 1482 2331 σπουδὴν
1526 2259 1872 2331 ἀναδέχεται,
1905 2261 1954 2311 εί

366 2359 449 2429 μὴ
486 2356 718 2411 δυνατὸν
772 2354 1053 2418 παντελῶς
1105 2353 1482 2423 θεραπεῦσαι,
1539 2353 1677 2408 ἀλλά
1715 2370 1779 2421 γε
1816 2352 1953 2416 τέως

360 2451 678 2506 ἑλαττῶσαι
699 2449 760 2503 τὺ
787 2447 1101 2519 διενοχλοῦν
1148 2447 1497 2519 ἀρρώστημα
1521 2445 1795 2517 φάρμακα
1824 2462 1953 2499 συν-

360 2549 603 2602 τιθέναι.
643 2543 872 2610 Συνίεις,
910 2540 1083 2613 οἶμαι,
1116 2542 1209 2595 τοῦ
1241 2540 1533 2612 προοιμίου
1562 2541 1621 2593 τὸ
1660 2538 1908 2609 βούλημα
1936 2554 1951 2567 ·

364 2644 415 2695 εξ
452 2641 533 2710 μὴ
590 2637 812 2702 ἑκόντες
862 2636 1090 2700 ἑαυτοὺς
1136 2637 1201 2707 τῇ
1251 2634 1447 2705 ἀγνοίᾳ
1485 2633 1859 2706 παρέσχομεν,
1893 2632 1952 2701 ἷή

364 2734 464 2787 τοῦ
493 2729 636 2785 Θεοῦ
676 2727 979 2799 Ἐκκλησία
1023 2728 1083 2781 ὲν
1111 2726 1350 2797 τοσαύτῃ
1394 2725 1531 2797 ζάλῃ
1568 2724 1661 2779 καὶ
1689 2724 1954 2795 τρικυμία

368 2826 712 2894 καθέστηκε,
738 2822 835 2876 καὶ
865 2819 1121 2884 τοσοῦτος
1152 2819 1277 2874 καθ’
1294 2820 1453 2891 ἡμῶν
1473 2817 1562 2871 διά
1587 2817 1696 2871 τῶν
1727 2815 1952 2882 ἔσωθεν,

368 2918 466 2972 καὶ
487 2916 579 2972 διά
611 2915 721 2970 τῶν
751 2913 955 2981 ἔξωθεν
995 2913 1269 2982 ἐγείρεται
1312 2910 1542 2976 κλύδων,
1580 2909 1656 2973 ὡς
1687 2908 1811 2963 καθ’
1828 2908 1957 2963 ἑκά-

371 3027 512 3081 στην
546 3008 787 3079 ἡμέραν,
826 3004 1029 3074 μᾶλλον
1062 3004 1119 3058 δὲ
1170 3004 1347 3057 εἰπεῖν
1374 3002 1549 3075 ὥραν,
1586 3004 1685 3073 τὴν
1716 3001 1954 3071 παντελῆ

2456 1776 2639 1834 CXIII.
2672 1780 2875 1836 Nicetw
2902 1781 3225 1839 Atheniensi.

2126 1890 2380 1962 Optimus
2414 1891 2652 1964 quisque
2682 1893 3020 1966 gubernator
3063 1901 3361 1967 prudenter
3399 1902 3642 1960 intume.

2056 1992 2274 2039 scentes
2305 1983 2441 2039 vitat
2469 1984 2696 2053 fluctus,
2719 1995 2773 2041 et
2798 1986 2866 2043 ad
2903 1988 3026 2044 illos
3060 2004 3254 2045 navem
3293 2007 3401 2049 non
3433 1994 3638 2068 dirigit,

2055 2075 2259 2145 quibus
2312 2075 2531 2146 penitus
2576 2077 2947 2146 obrueretur;
2991 2080 3071 2136 sic
3120 2082 3367 2159 medicus
3398 2100 3640 2159 quoque,

2056 2168 2148 2237 qui
2186 2176 2303 2224 arte
2350 2183 2450 2225 sua
2498 2168 2849 2225 inﬁrmorum
2896 2186 3088 2227 curam
3123 2176 3377 2247 suscipit,
3412 2192 3637 2248 operam

2057 2260 2348 2329 impendit,
2397 2262 2501 2318 etsi
2558 2270 2895 2333 aegrotantes
2950 2264 3111 2335 plane
3158 2268 3388 2324 reddere
3414 2271 3640 2327 sanitati

2057 2368 2163 2406 non
2192 2353 2384 2422 possit,
2412 2354 2718 2410 remedium
2749 2355 2991 2423 adhibet,
3024 2364 3084 2412 ut
3108 2358 3399 2416 molestam
3427 2363 3643 2420 minuat

2057 2443 2454 2500 inﬁrmitatem.
2501 2442 2622 2500 Jam
2659 2446 2835 2511 vides,
2874 2448 2951 2501 uti
2998 2458 3149 2519 puto,
3201 2464 3313 2520 quo
3351 2454 3640 2508 exordium

2058 2537 2267 2592 tendat.
2300 2535 2363 2591 Ni
2389 2537 2642 2593 lubenter
2684 2539 3051 2608 nosmetipsos
3103 2542 3429 2613 ignorantiae
3460 2545 3643 2600 trada-

2058 2643 2202 2694 mus,
2238 2628 2422 2686 videre
2459 2637 2543 2685 est
2573 2631 2876 2687 Ecclesiam
2916 2630 3010 2685 Dei
3040 2632 3096 2687 in
3128 2640 3281 2689 tanta
3317 2644 3643 2707 tempestate

2058 2721 2318 2789 positam,
2359 2722 2524 2778 tantis
2574 2723 2936 2795 undecunque
2979 2724 3292 2784 furentibus
3337 2729 3639 2787 ﬂuctibus:

2059 2822 2239 2868 tantas
2299 2815 2447 2871 enim
2519 2816 2663 2872 circa
2723 2832 2821 2873 vos
2902 2818 3142 2874 volvitur
3177 2819 3319 2876 intra
3376 2833 3431 2878 et
3482 2832 3638 2880 extra

2058 2907 2293 2964 excitata
2335 2922 2557 2979 vorago,
2607 2919 2668 2965 ut
2745 2925 2842 2981 per
2868 2911 3117 2982 singulos
3146 2912 3287 2979 dies,
3317 2914 3424 2969 imo
3445 2920 3641 2987 quavis

2058 3000 2193 3054 hora
2228 3016 2298 3057 ne
2329 2999 2579 3060 funditus
2616 3004 3002 3076 demergamur
3034 3006 3107 3061 sit
3137 3009 3515 3065 metuendum.
3556 3012 3641 3068 Tu

370 3100 675 3155 κατάδυσιν
698 3099 942 3164 ἐλπίζειν
964 3113 980 3130 ⁸
1012 3097 1109 3151 καὶ
1130 3098 1194 3151 σὺ
1220 3095 1558 3158 ἐπισκόπους
1579 3094 1687 3149 τῶν
1728 3094 1955 3167 Ἐκκλη-

2062 3100 2243 3149 autem
2283 3110 2349 3151 ex
2427 3096 2678 3153 ccclesiis
2723 3099 3009 3169 episcopos
3059 3100 3129 3155 ab
3169 3100 3279 3156 illis
3336 3103 3640 3173 ordinatos,

373 3195 513 3249 σιῶν
568 3193 819 3257 ἐλαύνεις
861 3191 986 3256 τοὺς
1043 3189 1136 3245 ὑπ’
1183 3189 1411 3243 ἐκείνων
1454 3185 1955 3259 χειροτονηθέντας,

371 3287 468 3351 οὓς
518 3284 677 3340 οὔπω
723 3285 831 3340 ὑπὸ
882 3283 1208 3356 καθαίρεσιν
1267 3282 1523 3353 προφανῆ
1583 3279 1953 3351 πεποιήμεθα.

373 3384 445 3435 Ἦ
478 3378 677 3449 λέληθέ
704 3395 763 3431 σε
815 3376 892 3440 ὡς
923 3375 1050 3431 οὕτε
1089 3375 1293 3443 Σάόας,
1324 3374 1354 3426 ό
1377 3373 1487 3444 πρὸ
1517 3372 1614 3428 σοῦ
1648 3373 1740 3427 τὸν
1768 3373 1959 3444 θρόνον

370 3475 577 3528 διέπων
604 3471 717 3524 τῶν
756 3467 1026 3539 Ἀθηνῶν,
1056 3466 1181 3522 οὔτε
1205 3484 1289 3530 τις
1319 3466 1507 3536 ἕτερος
1535 3466 1644 3519 τῶν
1668 3465 1958 3535 ὁμοταγῶν

370 3566 574 3635 ἐκείνῳ
611 3564 716 3617 ὑπὸ
736 3561 1061 3632 καθαίρεσιν
1088 3561 1304 3629 γέγονε,
1335 3559 1477 3630 πλὴν
1505 3558 1615 3613 τῶν
1634 3557 1959 3627 φθασάντων

370 3659 668 3730 τεσσάρων
692 3653 1059 3727 καθῃρῆσθαι,
1095 3653 1192 3707 τοῦ
1234 3670 1295 3706 τε
1329 3652 1644 3724 Δημητρίου
1674 3651 1840 3724 φημὶ,
1864 3654 1961 3706 καὶ

371 3750 648 3823 Γαϐριὴλ,
671 3748 766 3802 καὶ
808 3746 1132 3819 Γρηγορίου,
1188 3745 1285 3799 καὶ⁵
1323 3746 1544 3815 Κοσμᾶ,
1585 3744 1645 3808 ὃς
1677 3746 1726 3798 εί
1756 3745 1851 3798 καὶ
1884 3744 1960 3813 μὴ

369 3846 463 3899 διά
496 3844 600 3914 τὴν
664 3840 836 3912 αὐτὴν
887 3840 1068 3893 αἰτίαν
1121 3840 1235 3900 τοῖς
1267 3837 1450 3901 ἄλλοις
1495 3837 1697 3909 τρισὶν,
1726 3835 1867 3890 ἀλλά
1894 3852 1959 3903 γε

369 3936 461 3990 διὰ
524 3933 630 3998 τάς
666 3934 727 3987 ὲν
771 3936 841 4004 τῇ
884 3929 1072 4002 Ῥώμῃ
1122 3929 1502 4001 ψευδολογίας,
1540 3931 1607 4000 τῇ
1639 3927 1960 3998 καθαιρέσει

372 4027 752 4097 ὑποϐέϐληται
775 4042 791 4093 ;
816 4024 1001 4077 Πάντα
1030 4020 1209 4094 καιρῷ
1250 4019 1366 4092 ίδίῳ
1410 4020 1747 4075 διευθύνεται
1768 4035 1782 4050 ·
1812 4019 1875 4072 τὺ
1902 4018 1961 4072 δὲ

370 4121 527 4191 παιρά
586 4117 680 4171 τὸν
728 4117 1081 4189 προσήκοντα
1140 4111 1333 4184 καιρὸν
1392 4114 1708 4182 γινόμενον,
1771 4109 1962 4184 ὥσπερ

369 4212 573 4275 ἀτελές
599 4212 747 4265 ἐστι’
775 4210 835 4262 τὸ
862 4208 919 4263 δὲ
943 4207 1132 4270 ἀτελὲς
1157 4207 1374 4277 ἀνάγκη
1418 4205 1841 4276 ἀποστερεῖσθαι
1868 4203 1964 4258 καὶ

367 4304 670 4376 διαμονῆς.
708 4303 857 4356 Ἔδει
909 4297 1005 4357 οὖν
1062 4316 1120 4354 σε
1156 4300 1249 4353 τὸν
1290 4298 1483 4368 καιρὸν
1524 4299 1960 4370 κατανοήσαντα,

368 4400 475 4455 καὶ
503 4398 619 4452 τῶν
644 4395 991 4466 πραγμάτων
1021 4394 1120 4465 τὴν
1154 4391 1497 4463 ἀνωμαλίαν,
1528 4392 1695 4463 μηδὲν
1730 4391 1964 4460 διαπρά-

2062 3200 2204 3255 quos
2254 3187 2500 3244 nondum
2554 3190 2772 3260 publice
2820 3192 3200 3262 deposuimus,
3258 3210 3501 3253 amoves.
3560 3200 3643 3254 An

2062 3277 2204 3350 fugit
2230 3294 2305 3343 te,
2338 3295 2441 3335 nec
2464 3282 2688 3350 Sabam,
2725 3284 2818 3353 qui
2851 3292 2980 3340 ante
3019 3295 3071 3340 te
3116 3286 3300 3341 sedem
3335 3304 3646 3361 occupave-

2060 3382 2148 3427 rat
2178 3373 2621 3445 Atheniensium,
2654 3391 2755 3432 nec
2800 3378 2969 3433 alium
3019 3394 3352 3452 quemquam
3401 3397 3433 3439 e
3478 3386 3644 3440 sociis

2062 3462 2374 3533 depositum
2426 3464 2599 3520 fuisse
2644 3476 2845 3537 praeter
2885 3478 3124 3539 quatuor
3174 3474 3501 3538 anteriores,
3540 3475 3643 3529 Dc-

2063 3557 2323 3610 metrium
2364 3557 2507 3623 dico,
2537 3556 2871 3626 Gabrielem,
2909 3560 3236 3633 Gregorium
3268 3573 3323 3619 et
3353 3566 3607 3621 Cosmam
3627 3608 3643 3633 ,

2062 3647 2155 3715 qui
2187 3648 2409 3717 quidem
2438 3663 2547 3704 non
2580 3650 2653 3705 ob
2690 3651 2966 3717 eamdem,
2994 3667 3065 3707 ac
3114 3661 3227 3709 tres
3260 3654 3355 3708 alii
3397 3670 3643 3720 causam,

2064 3740 2156 3795 sed
2209 3749 2430 3811 propter
2480 3742 2787 3800 calumnias
2819 3742 3006 3798 Romae
3037 3755 3367 3816 propagatas
3427 3763 3458 3803 a
3515 3751 3645 3805 sede

2065 3839 2333 3889 remotus.
2368 3841 2477 3889 est.
2530 3834 2723 3890 Omnia
2782 3844 2837 3888 et
2892 3836 3105 3906 singula
3164 3851 3265 3891 suo
3317 3839 3644 3895 ordinantur

2065 3930 2357 3992 tempore;
2412 3923 2679 3995 quidquid
2743 3935 2924 3981 autem
2996 3928 3339 3983 convenienti
3402 3941 3643 4001 tempore

2066 4023 2348 4084 peractum
2389 4031 2499 4071 non
2540 4016 2728 4083 fuerit,
2768 4019 2875 4072 erit
2922 4017 3347 4089 imperfectum;
3388 4020 3646 4093 imperfe-

2065 4118 2212 4163 ctum
2252 4116 2434 4163 autem
2482 4110 2795 4165 necessario
2843 4125 2954 4164 non
3008 4104 3195 4167 stabit.
3230 4112 3388 4177 Quod
3411 4114 3457 4170 si
3506 4124 3647 4169 tem-

2066 4214 2203 4270 pora
2240 4200 2606 4270 ponderasses
2640 4209 2695 4256 et
2732 4218 2915 4257 rerum
2950 4202 3325 4271 difﬁcultates,
3364 4221 3646 4275 nunquam

2068 4290 2295 4349 fecisses
2326 4308 2449 4362 qua:
2474 4294 2571 4349 abs
2601 4300 2655 4349 te
2692 4302 2824 4349 sunt
2848 4306 3093 4365 peracta.
3128 4296 3395 4366 Equidem
3428 4300 3648 4354 nescius

2069 4398 2215 4450 sum,
2251 4385 2531 4455 quomodo
2554 4386 2630 4460 ad
2658 4386 2749 4441 illa
2782 4388 3041 4445 incitatus
3071 4390 3258 4445 fueris.
3313 4389 3371 4445 Si
3420 4408 3525 4463 qua
3552 4394 3647 4449 tibi

377 4487 582 4555 ξασθαι
644 4483 755 4540 οἷόν
812 4502 892 4538 σοι
935 4485 1363 4555 διαπέπρακται.
1415 4482 1569 4535 Ἐπεὶ
1620 4482 1677 4533 δὲ
1720 4481 1820 4534 ούκ
1849 4475 1955 4535 οῖδα

2071 4492 2202 4532 cura
2224 4486 2308 4533 est
2327 4494 2397 4534 ne
2426 4478 2661 4549 amplius
2680 4480 2931 4536 turbetur
2960 4480 3225 4547 Ecclesia,
3256 4497 3434 4553 neque
3462 4494 3651 4540 nostra

378 4584 527 4644 ὅπως
556 4580 640 4643 είς
671 4576 831 4631 τοῦτο
884 4576 1192 4647 προήχθης,
1243 4574 1462 4638 πάντως
1510 4573 1563 4625 εί
1597 4574 1651 4626 τί
1688 4590 1769 4627 σοι
1810 4574 1962 4643 μέλει

387 4677 512 4745 περὶ
536 4672 634 4728 τοῦ
670 4670 748 4742 μὴ
768 4672 859 4723 ἐπὶ
889 4669 1053 4723 πλέον
1088 4666 1445 4739 χειμάζεσθαι
1480 4666 1578 4737 τὴν
1610 4664 1962 4735 Ἐκκλησίαν,

394 4768 488 4820 καὶ
509 4768 642 4838 περὶ
666 4766 764 4835 τῆς
788 4764 948 4835 ἡμῶν
991 4762 1347 4834 μετριότητος
1390 4761 1489 4830 τῆς
1525 4760 1756 4813 καθόσον
1782 4760 1964 4829 ἐγχω-

402 4861 486 4928 ρεῖ
508 4859 765 4924 ἀνέσεως,
802 4856 901 4926 τὴν
924 4855 1234 4926 ἐπισκοπὴν
1263 4856 1291 4908 ὁ
1317 4854 1601 4924 ἄνθρωπος
1625 4852 1964 4919 ἀπολαυέτω,

2071 4579 2299 4625 vexetur
2327 4569 2636 4637 humilitas,
2670 4572 2989 4641 cpiscOpatu
3022 4572 3280 4643 fungatur
3310 4575 3393 4627 vir
3431 4584 3486 4628 et
3526 4592 3652 4644 per-

2073 4671 2313 4729 maneat,
2352 4662 2528 4718 donec
2572 4662 2771 4733 placita
2821 4661 3080 4718 Ecclesiae
3129 4663 3548 4719 manifestentur
3596 4677 3652 4719 et

2075 4754 2469 4809 malevolorum
2489 4754 2813 4823 disceptatio
2840 4752 2997 4809 cedat
3023 4753 3076 4807 in
3107 4753 3538 4817 damnationem,
3566 4760 3647 4811 vel

2080 4847 2244 4900 aliam
2278 4846 2696 4901 conversionem
2728 4845 2950 4901 habeat.
2981 4843 3155 4900 Jubco
3177 4854 3228 4901 te
3257 4846 3438 4900 valere
3467 4847 3651 4904 anima

392 4949 487 4999 καὶ
520 4947 825 5016 διαμενέτω
862 4945 966 5008 ἕως
1001 4944 1068 4998 ἂν
1120 4944 1195 4996 τὰ
1243 4943 1503 4997 δοκοῦντα
1558 4943 1623 5012 τῇ
1667 4940 1955 5012 Ἐκκλησία

2069 4946 2123 4990 et
2155 4949 2408 5005 corpore,
2453 4944 2508 4989 ct
2555 4934 2920 4990 humilitatem
2969 4944 3219 4992 nostram
3254 4937 3508 5007 precibus
3543 4940 3649 4993 tuis

381 5043 465 5103 είς
501 5040 682 5110 πέρας
710 5037 875 5105 ἔλθοι,
906 5036 1001 5090 καὶ
1031 5037 1065 5107 ὴ
1096 5036 1225 5107 περὶ⁵
1269 5034 1379 5089 τῶν
1409 5034 1755 5088 πταισάντων
1794 5034 1969 5104 ἀμφι-

2071 5029 2540 5097 commendamus.

374 5133 538 5188 ϐολία
567 5132 780 5203 ἐναργῆ
803 5132 1133 5202 κατάκρισιν
1184 5128 1219 5200 ἢ
1290 5127 1458 5199 ἀλλην
1527 5127 1651 5180 τινὰ
1691 5126 1915 5196 δέξηται
1982 5120 2328 5193 οἰκονομίαν.
2398 5118 2707 5191 Ἐρρῶσθαί
2772 5136 2831 5174 σε
2902 5119 2998 5174 καὶ
3084 5118 3232 5192 ψυχῇ
3291 5121 3390 5176 καὶ
3438 5123 3650 5195 σώματι

372 5225 762 5297 ἑπευχόμεθα,
805 5224 900 5277 καὶ
927 5223 1029 5293 τῆς
1079 5220 1238 5293 ἡμῶν
1279 5219 1682 5290 ὑπερεύχεσθαι
1739 5218 2117 5289 μετριότητος.

554 5343 702 5396 PlA'.
740 5338 1042 5405 Βασιλεὶφ
1084 5336 1495 5432 μητροπολίτη
1524 5334 1808 5399 Χαλδίας.

461 5463 529 5517 Ἦ
569 5461 675 5532 μὲν
707 5454 971 5518 ὑπόθεσις
1020 5452 1114 5506 τοῦ
1174 5453 1503 5523 γράμματος
1544 5449 1823 5518 ἀναγκαία
1874 5448 1974 5519 μὲν

2317 5326 2502 5385 CXIV.
2536 5326 2741 5383 Basilio
2776 5287 3016 5382 (inuidia:
3040 5327 3410 5397 motropolitw.

2141 5443 2322 5514 Hujus
2352 5443 2597 5513 epistolae
2618 5442 2851 5497 materia
2879 5440 3168 5496 tabellario
3190 5442 3501 5497 necessaria
3533 5451 3653 5506 est;

370 5558 454 5628 τῷ
487 5551 790 5622 κομίζοντι
823 5545 888 5598 τὸ
920 5546 1176 5615 γράμμα.
1206 5544 1305 5598 Διὰ
1326 5543 1486 5596 τοῦτο
1520 5544 1613 5595 καὶ
1638 5541 1955 5612 πληροῦντες

2072 5537 2229 5607 cujus
2280 5537 2502 5607 quidem
2548 5536 2910 5607 postulationi
2940 5534 3344 5592 satisfacientes
3373 5533 3652 5589 scribendi

368 5649 474 5719 τὴν
511 5646 709 5713 δέησιν
733 5633 903 5690 αὑτοῦ
935 5635 1031 5685 καὶ
1060 5633 1159 5703 τὴν
1188 5634 1446 5687 ὑπόῦεσιν
1476 5633 1683 5702 ταύτην
1717 5632 1811 5685 τοῦ
1844 5632 1978 5703 γρά-

2076 5642 2267 5685 ansam
2323 5631 2640 5687 habuimus.
2693 5628 2922 5684 Materia
2973 5630 3090 5698 ipsa
3129 5635 3309 5682 autem
3359 5627 3519 5683 nobis
3555 5643 3656 5683 nec

368 5716 500 5813 φέιν
536 5733 903 5805 ἠσκήκαμεν.
952 5725 1113 5793 Ἡμῖν
1140 5725 1197 5777 δὲ
1231 5724 1354 5780 οὗτε
1412 5724 1678 5797 πρότερον
1706 5724 1830 5778 οὔτε
1883 5724 1955 5779 νῦε

2078 5730 2239 5781 antea
2275 5738 2376 5781 nec
2406 5724 2704 5781 hodiedum
2734 5721 2946 5777 videtur
2969 5716 3298 5776 necessaria.
3327 5717 3494 5778 Nobis
3511 5722 3656 5778 enim

630 5828 918 5891 Panos.
948 5820 1061 5878 Gn.
1090 5819 1253 5883 CXI.

3218 5808 3281 5870 11
