4094 6398
472 239 574 305 “J31

1613 234 1924 297 NICOLAI
1961 234 2073 294 ΟΡ.
2115 231 2630 293 PATRIARCILE

3629 237 3797 300 332’

475 352 624 408 nulla
658 347 976 420 disquisitio
997 355 1081 403 est
1113 360 1180 401 an
1211 345 1388 416 pietas
1413 351 1506 400 tua
1539 345 1704 401 alicui
1739 360 1906 401 causa
1953 346 2043 400 do-

2161 343 2339 397 ἐδόκει
2365 345 2644 414 ἀναγκαία
2673 345 2706 416 ἡ
2729 344 3008 408 ὑπόθεσις.
3036 345 3113 398 Οὑ
3143 344 3252 417 γὰρ
3278 345 3628 417 κατέστημεν
3661 349 3747 411 είς

466 446 629 509 loris,
675 443 803 514 jure
843 449 939 495 aut
993 439 1294 505 immerito,
1323 453 1446 494 esse
1494 438 1762 506 voluerit;
1811 447 2054 493 attamen

471 536 592 591 ﬁeri
633 540 815 604 potest
845 539 906 586 ut
934 531 1060 586 talis
1089 530 1234 586 adsit
1270 543 1460 593 causa,
1491 528 1674 598 qualis
1709 528 1971 583 facillime
2001 537 2056 582 et

473 628 777 696 saepissime
829 626 974 679 inter
1015 623 1266 678 homines
1313 621 1561 677 dolorem
1593 620 1812 676 excitat.
1847 620 1942 675 His
1997 620 2054 673 in

471 721 637 776 rebus
657 721 702 775 si
722 720 870 789 quod
897 717 1106 772 doloris
1126 716 1357 771 lenimen
1380 723 1622 785 apparet,
1642 722 1912 784 azgrotans
1942 725 2054 766 non

470 813 704 878 dolebit;
759 820 817 865 at
846 811 890 866 si
934 810 1140 863 malum
1185 807 1492 862 insanabile
1526 805 1784 871 evaserit,
1825 819 1896 860 ne
1921 815 2054 859 tunc

473 903 689 974 quidem
725 912 780 955 tu
807 901 1010 955 dolenti
1031 899 1404 954 doloriscausa
1425 897 1556 958 eris,
1578 896 1673 952 sed
1702 896 1844 952 mala
1876 892 2053 964 ipsius

475 996 550 1050 rei
573 1004 789 1048 natura.
812 989 915 1048 Sed
931 991 1406 1056 renilexordiamur
1422 989 1488 1044 de
1501 1003 1609 1059 qua
1631 988 1870 1047 scribere
1895 987 2053 1043 nobis

474 1086 880 1158 proposuimus.
930 1083 1031 1150 Qui
1083 1085 1181 1137 tibi
1228 1083 1517 1152 epistolam
1550 1081 1748 1146 defert,
1777 1082 1845 1136 de
1873 1091 2054 1136 vestra

465 1179 828 1248 conqueritur
867 1174 1196 1241 reverentia,
1243 1173 1388 1243 quod
1433 1188 1464 1228 e
1511 1173 1852 1228 monasterio
1888 1171 2054 1226 fuerit

467 1272 757 1340 expulsus,
787 1271 840 1324 in
869 1285 982 1341 quo
1012 1269 1283 1340 plurimos
1317 1269 1543 1338 degeret
1583 1283 1760 1323 annos
1794 1281 1920 1321 cum
1951 1280 2052 1320 au-

467 1363 721 1418 Ctoritate
745 1361 954 1430 aliqua,
1003 1360 1156 1414 nullo
1188 1357 1434 1414 facinore
1470 1365 1783 1428 perpetrato
1810 1357 1882 1410 ob
1909 1355 2055 1425 quod

464 1455 588 1526 jure
617 1454 847 1523 relegari
891 1461 1096 1522 posset.
1147 1450 1263 1506 Hac
1297 1450 1364 1506 de
1399 1465 1458 1505 re
1488 1451 1630 1507 scito
1660 1449 1901 1504 animam
1949 1462 2054 1504 no-

466 1557 639 1606 stram
695 1545 928 1598 multum
980 1542 1234 1597 afﬂictam
1278 1540 1468 1597 fuisse.
1508 1541 1662 1607 Quod
1697 1541 1745 1596 si
1774 1540 1870 1594 tibi
1899 1539 2053 1594 cordi

2160 435 2443 506 λογισμὸν,
2492 437 2685 508 ὅτιπερ
2731 439 2765 508 η
2823 437 2889 507 σὴ
2945 438 3202 498 εὐλάϐεια
3237 437 3376 499 ὅλως
3405 439 3518 492 τινὶ
3562 439 3747 510 λύπης

2157 531 2414 602 ἐθελήσει
2437 531 2610 595 αἴτιος
2635 531 2915 600 γενέσθαι,
2951 532 3051 602 οὑχ
3089 532 3173 585 ὅτι
3201 532 3449 602 ἀναιτίῳ,
3475 531 3614 586 ἀλλά
3645 534 3748 586 καὶ

2157 623 2261 678 κᾶν
2299 641 2384 687 τις
2530 624 2756 694 εὔλογος
2784 626 2934 679 αἴτια
2974 620 3062 678 οἷα
3106 624 3175 679 τὰ
3213 623 3536 695 ἀνθρώπινα
3564 625 3750 695 λύπης

2157 717 2419 790 πρόξενος
2453 719 2864 788 ἀναφαινομένη
2898 736 2913 753 ο
2967 719 3160 790 ἐπειδὴ
3215 719 3309 772 καὶ
3339 719 3463 773 τότε
3502 721 3600 791 τῆς
3639 721 3747 791 μὲν

2157 810 2338 872 αἰτίας
2366 809 2426 863 τὸ
2456 811 2672 879 ἰάσιμον
2715 811 3126 882 ἐπιδεχομένης,
3174 813 3394 875 πάντως
3433 811 3747 882 θεραπευό-

2159 915 2319 969 μενος
2377 902 2437 953 οὑ
2465 901 2841 972 λυπηθήσεται
2881 904 2909 956 ὁ
2957 903 3166 974 ταύτην
3209 905 3534 975 παρασχών.
3578 904 3642 958 El
3679 904 3745 957 δὲ

2156 995 2295 1061 πρὸς
2324 996 2385 1049 τὸ
2411 996 2632 1050 ἀνίατον
2678 997 2850 1068 ἤλασε
2881 997 2943 1051 τὸ
2988 999 3187 1066 κακὸν,
3225 997 3335 1052 οὐδ’
3368 996 3542 1059 οὑτως
3585 997 3749 1050 ἔσται

2156 1088 2309 1158 παρὰ
2353 1088 2449 1142 σοῦ
2502 1090 2582 1159 τῷ
2627 1089 2958 1162 λυπουμένῳ
3009 1092 3045 1161 ή
3075 1089 3249 1161 λὺπη,
3280 1089 3418 1144 ἀλλά
3454 1091 3608 1161 παρά
3639 1089 3748 1158 τῆς

2154 1182 2354 1244 κακίας
2411 1183 2506 1236 τοῦ
2562 1183 2914 1253 πράγματος.
2959 1184 3149 1254 ’Λρκεῖ
3195 1184 3390 1240 ταῦτα.
3426 1183 3628 1238 Λοιπὸν
3647 1186 3751 1238 ἐπὶ

2154 1274 2218 1328 τὸ
2252 1276 2491 1344 πρᾶγμα
2522 1278 2815 1347 χωρῶμεν,
2864 1277 2995 1348 περὶ
3020 1271 3081 1331 οὗ
3115 1278 3327 1348 γράψαι
3357 1278 3747 1350 διενοήθημεν.

2155 1366 2496 1437 Λελὺπηται,
2558 1368 2633 1431 ῶς
2682 1386 2836 1438 φησι,
2883 1371 3034 1441 παρὰ
3081 1371 3179 1442 τῆς
3221 1371 3377 1440 ὑμῶν
3410 1371 3751 1442 ὁσιότητοςὸ

2156 1459 2401 1530 κομίζων
2436 1478 2517 1513 σοι
2551 1461 2652 1532 τὴν
2679 1463 2993 1534 ἐπιστολὴν,
3025 1465 3108 1518 ὅτι
3139 1464 3308 1534 μονῆς
3348 1463 3584 1536 ἐξηλάθη
3615 1465 3675 1518 ἐν

2156 1548 2385 1603 πλεῖστα
2435 1550 2531 1622 ἐτη
2559 1552 2879 1618 διατελέσας
2905 1555 3008 1624 τὴν
3063 1557 3390 1610 ἐπιστασίαν
3436 1555 3750 1627 ἐγκεχείρι-

467 1648 553 1694 est
588 1639 779 1693 dolore
809 1637 914 1691 hoc
948 1652 1036 1690 me
1067 1637 1304 1706 eripere,
1343 1634 1622 1689 hominem
1658 1633 2043 1703 redintegrahis

2159 1655 2308 1704 σται,
2353 1641 2518 1714 μηδὲν
2545 1643 2926 1714 ἐργασάμενος
2959 1648 3226 1712 τοιοῦτον,
3272 1647 3409 1718 μηδὲ
3439 1647 3590 1713 ἄξιον
3634 1647 3744 1717 τῆς

467 1731 523 1784 in
569 1730 800 1802 gradum
859 1730 1177 1799 pristinum,
1225 1728 1361 1782 nihil
1427 1727 1794 1782 reformidans
1853 1742 2043 1782 eorum

2156 1708 2368 1786 ἐκεῖθεν
2415 1708 2674 1799 ἐλάσεως.
2733 1708 2916 1789 Ίξοῦτοῖ
2958 1739 3093 1809 ἡμῖν
3141 1708 3503 1808 ἀπαγγελθέεν⁷
3539 1708 3742 1806 γνῶθι,

466 1838 590 1894 quae
645 1823 970 1894 suspicaris.
1018 1819 1190 1875 Nemo
1241 1821 1387 1874 enim
1441 1820 1838 1874 monasterium
1877 1834 1908 1874 e
1955 1829 2043 1873 tua

2154 1825 2237 1884 ὅτι
2265 1825 2387 1878 λίαν
2415 1826 2594 1896 ἥψατο
2619 1828 2717 1898 τῆς
2752 1829 2954 1900 ψυχῆς.
3000 1831 3065 1883 Εἴ
3093 1848 3146 1884 τι
3181 1831 3275 1885 οὑν
3316 1849 3398 1884 σοι
3429 1831 3580 1903 μέλει
3608 1831 3746 1902 περὶ

465 1923 736 1986 potestate
757 1915 973 1982 eripiet,
1007 1927 1182 1983 neque
1212 1926 1333 1976 nos,
1366 1926 1545 1982 neque
1563 1911 1706 1967 alius
1735 1911 2047 1982 quisquam,

465 2011 595 2063 dum
633 2009 718 2063 his
755 2008 807 2060 in
839 2008 1000 2062 terris
1035 2021 1341 2062 versamur.

2156 1918 2250 1971 τοῦ
2282 1919 2383 1988 ἐμὲ
2414 1921 2490 1990 μὴ
2521 1919 2836 1985 λυπεῖσθαι,
2879 1923 3079 1987 ἀπόδος
3112 1923 3212 1994 τὴν
3265 1924 3403 1979 ίδίαν
3456 1924 3611 1990 τάξιν
3656 1921 3738 1992 τῷ

2158 2009 2457 2082 ἀνθρώπῳ,
2496 2013 2663 2084 μηδὲν
2693 2012 2906 2068 δειλιῶν
2955 2016 3093 2087 ὅπερ
3137 2015 3490 2081 ὑποπτεύεις.
3522 2017 3597 2071 Οὑ
3629 2017 3746 2088 γὰρ

465 2099 840 2171 ἀφαιρήσεταί
893 2116 980 2162 τις
1025 2099 1085 2152 τὸ
1116 2097 1483 2169 μοναστήριον
1515 2097 1608 2150 τοῦ
1643 2096 1754 2150 ὑπὸ
1783 2099 1882 2169 τὴν
1950 2098 2048 2170 σὴν
2085 2102 2301 2158 τελείαν
2362 2106 2640 2174 ἐξουσίαν,
2663 2105 2787 2161 οὔτε
2827 2110 3017 2179 ἡμεῖς,
3066 2107 3194 2163 οὕτε
3233 2110 3412 2176 ἄλλος,
3447 2110 3639 2182 μέχρις
3675 2108 3742 2164 ἂν

465 2192 700 2250 ἐνταῦθα
733 2191 1032 2260 διάγωμεν.

653 2306 817 2363 CXV.
857 2306 1145 2376 Euthymio
1186 2303 1461 2358 Antiocltaz
1488 2302 1856 2372 metropolitw.

2263 2303 2411 2360 PlE'.
2455 2309 2734 2378 Εὐθυμίφ
2776 2311 3194 2382 μητροπολίτη
3256 2315 3629 2386 Ἀντιοχείας.

540 2422 806 2478 Nuntium
841 2420 1157 2476 audivimus
1185 2420 1466 2483 acerbum,
1495 2418 1640 2488 quod
1675 2426 1733 2472 ut
1758 2430 1947 2471 verum
1979 2416 2043 2472 sit

2240 2419 2542 2492 Ὀδυνηράν
2599 2422 2867 2490 ἀγγελίαν
2929 2425 3286 2491 ἀκούσαντες,
3340 2427 3409 2498 ἢν
3468 2429 3555 2499 εἴη
3606 2429 3746 2495 Θεὸς

469 2517 615 2571 Deus
663 2514 908 2567 avertat!
961 2511 1038 2568 Te
1086 2512 1281 2566 morbo
1326 2513 1663 2566 laborantem
1716 2510 2043 2576 audivimus,

2157 2511 2349 2583 πόρρω
2407 2517 2508 2583 τῆς
2543 2514 2807 2584 ἀληθείας
2839 2517 3012 2568 ποιῶν
3045 2518 3058 2572 l
3110 2517 3455 2589 Ἠκοὺσαμεν
3492 2522 3602 2590 γάρ
3652 2521 3747 2591 βε.

471 2605 708 2674 ideoque
735 2602 997 2658 facultate
1038 2605 1313 2672 privatum
1345 2605 1413 2657 ad
1446 2618 1548 2658 nos
1577 2602 1906 2658 revertendi.
1953 2599 2043 2657 llis

2152 2602 2382 2674 ϐλῆσθαι
2418 2621 2477 2657 σε
2506 2605 2670 2675 νόσῳ,
2696 2608 2792 2660 καὶ
2826 2607 2916 2661 διά
2947 2608 3107 2663 τοῦτο
3135 2611 3230 2664 ἐπὶ
3251 2611 3512 2667 τοσοῦτον
3545 2615 3749 2685 χρόνον

469 2701 675 2754 auditis
707 2708 761 2753 et
794 2699 860 2753 ad
907 2700 1194 2752 veritatem
1232 2698 1618 2769 inquirendam
1661 2707 1714 2752 et
1756 2697 2043 2752 sanitatem

2149 2693 2251 2762 τῆς
2288 2695 2424 2765 πρὸς
2449 2697 2596 2765 ἡμᾶς
2637 2699 2905 2752 ἐπανόδου
2941 2699 3326 2772 καθυστερεῖν.
3385 2702 3747 2758 Ἀπεστείλα-

468 2791 568 2845 tibi
627 2791 1002 2862 augurandam
1061 2792 1348 2858 misimus;
1408 2792 1544 2846 faxit
1602 2790 1747 2847 Deus
1801 2800 1859 2845 ut
1903 2788 2043 2860 quod

2152 2803 2252 2855 μεν
2288 2787 2402 2857 ἅμα
2442 2789 2541 2858 μὲν
2573 2791 2702 2862 περὶ
2740 2783 2816 2845 ὧν
2848 2793 3168 2862 ἀκηκόαμεν
3215 2793 3506 2865 ἐκμαθεῖν.
3538 2796 3659 2866 ἅμα
3681 2797 3744 2850 δὲ

469 2884 715 2940 solamen
763 2899 794 2938 e
843 2883 1041 2939 litteris
1109 2885 1314 2939 nostris
1375 2884 1636 2953 accipias,
1675 2897 1776 2952 ego
1831 2897 2043 2952 quoque

2149 2879 2244 2932 ml.
2275 2878 2361 2930 σοὶ
2393 2882 2487 2932 καὶ
2510 2880 2680 2948 ὑγιῶς
2711 2881 3071 2944 διατελοῦντι,
3099 2886 3238 2956 ὅπερ
3287 2886 3562 2956 παράσχοι
3601 2887 3742 2951 Θεὸς

468 2993 499 3030 e
541 2987 632 3031 tua
676 2977 914 3031 sanitate
965 2977 1251 3046 recipiam.
1292 2974 1420 3031 Scio
1457 2978 1601 3030 enim
1637 2977 1903 3030 solamine
1951 2975 2043 3030 tibi

2155 2969 2500 3037 ἐγγενέσθαι,
2537 2974 2886 3043 παρηγορίαν
2935 2977 3058 3030 τινὰ
3102 2979 3168 3047 τῇ
3208 2975 3303 3030 τοῦ
3332 2977 3738 3042 ἀποσταλέντος

470 3069 615 3138 quod
649 3078 874 3138 propter
903 3069 1150 3122 locorum
1184 3069 1501 3124 distantiam
1538 3067 1651 3137 jam
1683 3067 1902 3122 difficile
1939 3076 2043 3131 est.

2155 3063 2290 3132 πρὸς
2324 3062 2385 3115 σὲ
2420 3063 2753 3135 καταλήψει.
2788 3064 2919 3120 Οἶδα
2977 3068 3077 3139 μὲν
3103 3070 3212 3140 γὰρ
3241 3071 3318 3132 ὡς
3349 3071 3446 3124 καὶ
3476 3073 3524 3123 εί
3563 3070 3738 3140 μηδὲν

469 3158 740 3228 imprimis
791 3175 929 3229 opus
960 3174 1108 3218 esse.
1141 3160 1241 3214 Det
1274 3161 1432 3215 nobis
1477 3159 1642 3223 Deus.
1696 3171 1754 3214 ut
1793 3168 1846 3215 te
1896 3161 2043 3214 omni

2151 3153 2338 3224 ἕτερον
2370 3156 2621 3226 διοχλοὺν
2651 3154 2740 3228 ἦν,
2770 3158 2907 3214 ἀλλά
2940 3176 3004 3228 γε
3033 3160 3166 3214 αὑτὸ
3197 3162 3377 3230 τοῦτο,
3415 3164 3448 3234 ή
3477 3163 3536 3228 ἐξ
3571 3165 3738 3234 ἡμῶν

471 3253 664 3306 morbo
693 3260 747 3306 et
795 3253 985 3306 dolore
1018 3251 1332 3319 liberatum,
1365 3267 1530 3323 quam
1587 3252 1855 3308 citissime
1905 3253 2043 3308 reci-

2150 3247 2484 3318 διαχώρησις
2564 3251 2622 3304 ἐν
2674 3253 2838 3322 χρείᾳ
2889 3270 2949 3306 σε
3006 3256 3357 3325 παρηγορίας
3417 3257 3734 3325 καθίστησι.

469 3344 614 3414 piam
650 3353 704 3398 et
732 3344 905 3399 oculis
945 3344 1305 3414 complectar!

716 3646 899 3703 CXVI.
928 3647 1175 3719 Philippo
1198 3645 1496 3702 Larissemi
1519 3647 1780 3717 episcopo.

537 3763 580 3818 E
629 3765 828 3818 litteris
874 3763 984 3819 tuis
1029 3762 1212 3818 cordis
1256 3762 1338 3816 tui
1379 3760 1728 3816 alllictionem
1771 3760 2042 3832 cognovi;

467 3857 740 3926 simulque
771 3856 876 3909 vidi
922 3866 973 3910 te
1005 3854 1324 3923 suspicione
1356 3854 1591 3923 quadam
1633 3854 1780 3908 circa
1819 3852 2046 3906 humili-

467 3960 630 4002 tatem
671 3955 915 4001 nostram
963 3944 1185 4014 agitari,
1235 3945 1393 4013 quasi
1440 3942 1794 3998 alllictionum
1826 3955 2042 3998 tuarum

463 4057 631 4095 causa
680 4047 882 4094 essein.
921 4035 1043 4099 ,Nos
1092 4052 1313 4106 quoque
1363 4035 1433 4091 de
1484 4037 1668 4092 cordis
1717 4039 1796 4091 tui
1854 4037 2045 4091 dolore

466 4134 621 4186 \altle
654 4131 997 4202 affligimur:
1053 4127 1214 4183 nobis
1254 4145 1360 4184 non
1413 4139 1497 4183 est
1549 4130 1768 4183 animus
1817 4138 1876 4182 ut
1924 4129 2043 4195 tibi,

465 4227 579 4279 filio
610 4222 994 4286 dilectissimo,
1024 4220 1266 4288 pontifici
1318 4228 1373 4273 et
1421 4218 1771 4273 familiarium
1811 4221 2042 4289 optimo,

462 4318 640 4372 simus
671 4314 870 4376 dolori,
902 4327 1026 4364 eum
1091 4310 1226 4363 nihil
1287 4311 1447 4365 istius
1489 4311 1704 4379 generis
1739 4313 1818 4366 vel
1854 4325 2044 4368 coiitra

2151 3341 2432 3412 Παράσχοι
2478 3342 2534 3395 δέ
2568 3343 2700 3407 Θεὸς
2755 3344 2937 3416 πάσης
2972 3345 3132 3400 νόσου
3185 3351 3281 3403 καί¹
3328 3349 3508 3420 πάσης
3554 3349 3738 3423 λύπης

2149 3432 2594 3502 ἀπηλλαγμένον,
2617 3433 2810 3492 θᾶττόν
2843 3454 2903 3490 σε
2929 3440 3337 3510 παραγενέσθαι
3373 3445 3468 3498 καὶ
3494 3443 3735 3515 ὀφθῆναι

2149 3523 2303 3592 ἡμῖν.

2507 3643 2669 3711 l’lq”.
2708 3647 2985 3715 Φιλίππῳ
3033 3651 3371 3720 Λαρίσσης.

2225 3757 2514 3830 Ἔγνωμεν
2541 3762 2604 3814 ἐκ
2642 3761 2733 3816 τοῦ
2771 3765 3105 3836 γράμματος
3137 3770 3237 3840 τῆς
3272 3769 3372 3840 σῆς
3405 3770 3635 3841 καρδίας
3668 3772 3730 3825 τὸ

2149 3850 2396 3923 ἄλγημα,
2429 3853 2677 3924 ἔγνωμεν
2711 3856 2768 3911 δὲ
2829 3860 2921 3912 καί
2970 3860 3046 3923 ὡς
3091 3861 3350 3916 ὑπόνοιαν
3384 3863 3572 3934 φέρεις
3599 3867 3732 3935 περὶ

2147 3946 2245 4016 τῆς
2286 3946 2444 4016 ήμῶν
2468 3949 2843 4022 μετριότητος,
2869 3953 2950 4006 ὅτι
2990 3953 3048 4016 ἐξ
3079 3953 3236 4024 ἡμῶν
3268 3972 3348 4008 σοι
3388 3955 3732 4027 προσγέγονε

2148 4036 2207 4089 τὸ
2237 4039 2444 4106 ἀλγεῖν.
2475 4043 2586 4095 Καὶ
2619 4044 2713 4095 ἐπὶ
2750 4045 2851 4114 μὲν
2881 4048 2947 4116 τῇ
3005 4046 3168 4118 ὀδύνῃ
3215 4049 3316 4118 τῆς
3369 4049 3598 4119 καρδίας
3633 4067 3731 4102 σου

2150 4134 2396 4203 σφοδρῶς
2424 4136 2732 4207 ἡνιάθημεν
2789 4139 2884 4190 καὶ
2935 4141 3119 4210 ἡμεῖς.
3161 4142 3236 4194 Οὑ
3271 4142 3380 4214 γὰρ
3423 4143 3499 4213 μὴ
3533 4144 3612 4196 ὅτι
3663 4144 3732 4210 γέ

2151 4240 2254 4289 σοι,
2288 4225 2464 4296 τέκνῳ
2502 4229 2824 4298 τυγχάνοντι
2857 4233 2949 4284 καὶ
2998 4233 3248 4303 ἀρχιερεῖ
3280 4236 3374 4287 καὶ
3409 4236 3517 4287 τῶν
3547 4235 3732 4306 μελῶν

2147 4319 2492 4390 οἰκειοτάτῳ,
2549 4321 2668 4373 ἀλλ’
2715 4322 2889 4376 οὐδενὶ
2934 4325 3105 4394 έτέρῳ
3135 4325 3244 4377 τῶν
3284 4327 3541 4390 ἐναντίως
3589 4333 3735 4398 προς

463 4407 811 4461 adversarios
852 4416 1072 4457 :iostros
1121 4401 1434 4456 moliamur.
1485 4404 1560 4457 De
1603 4404 1915 4472 suspicione
1950 4416 2039 4460 tua

2149 4411 2294 4480 ἡμᾶς
2347 4411 2598 4480 ἐχόντων,
2666 4413 2726 4466 τὸ
2777 4414 3086 4468 διακεῖσθαι
3139 4416 3419 4488 ὀδυνηρῶς
3471 4418 3731 4489 βούλησίς

464 4499 714 4554 dolemus
743 4510 798 4548 et
839 4493 1012 4561 magis
1045 4494 1188 4562 quod
1217 4493 1362 4547 illam
1402 4492 1549 4546 nullo
1580 4495 1742 4550 modo
1771 4512 2036 4568 provoca-

465 4593 667 4644 vimus.
707 4587 850 4640 Nihil
895 4587 1044 4640 enim
1096 4585 1271 4655 magis
1315 4597 1505 4655 peetus
1550 4585 1712 4642 allicit
1757 4601 2034 4660 nostrum,

463 4696 626 4752 quam
674 4679 819 4750 quod
881 4688 934 4731 te
983 4678 1036 4732 in
1099 4691 1292 4731 vanam
1351 4679 1715 4747 suspicionem
1777 4682 2037 4740 incidisse

462 4771 866 4825 animadvertit.
922 4767 1249 4842 Neutiquam
1303 4766 1508 4821 homini
1559 4771 1911 4840 principtatui
1944 4781 2036 4827 tuo

465 4864 726 4918 invidenti
758 4861 888 4930 quid
939 4860 1341 4926 commisimus,
1369 4876 1467 4915 nec
1500 4878 1742 4932 unquam
1775 4867 2036 4934 cogitatio

467 4953 780 5010 istiusmodi
808 4952 964 5005 nobis
1010 4951 1191 5014 inerit,
1230 4967 1408 5022 neque
1427 4950 1814 5008 Thebanorum
1841 4957 2030 5010 archi-

463 5049 722 5116 (:piSCOpO
767 5043 1089 5108 Ecclesium,
1118 5044 1183 5096 ad
1221 5053 1270 5097 te
1296 5046 1678 5113 pertinentem,
1707 5061 2036 5102 consecran-

460 5142 587 5191 dam
627 5136 1166 5201 commendavinius;
1221 5136 1676 5205 patriarchalibus
1710 5147 1889 5192 autem
1922 5141 2034 5209 pri—

456 5231 671 5298 vilegiis
721 5230 998 5291 instructi,
1043 5228 1394 5284 delinivimns
1429 5229 1549 5299 ejus
1580 5246 1702 5286 esse
1746 5236 2031 5303 templum,

456 5323 552 5392 qni
573 5321 706 5376 illud
721 5322 1146 5376 consecraverit.
1164 5318 1336 5373 Tuam
1371 5335 1476 5374 non
1505 5321 1889 5390 vilipendimus
1921 5327 2032 5379 vir-

455 5428 648 5482 tutem,
687 5417 782 5472 sed
810 5431 933 5471 cum
971 5417 1216 5470 locorum
1252 5413 1512 5470 distantia
1542 5418 1702 5474 nobis
1733 5433 1841 5472 non
1868 5419 2034 5476 fuerit

459 5511 701 5579 apprime
762 5515 911 5571 nota,
966 5507 1283 5576 putavimus
1340 5506 1416 5559 illi
1478 5507 1622 5563 viam
1677 5518 1734 5564 et
1791 5512 2033 5570 mandati

456 5601 861 5656 exsecutionem
901 5599 1075 5667 magis
1095 5613 1261 5667 quam
1299 5600 1396 5654 tibi
1441 5617 1564 5657 esse
1599 5607 1943 5660 commodam
1977 5617 2034 5662 et

455 5693 764 5762 expeditam
799 5691 968 5748 hocce
995 5691 1156 5748 modo
1190 5708 1274 5749 res
1311 5694 1496 5765 utique
1531 5705 1751 5765 peracta
1782 5707 1881 5754 est.
1926 5697 2031 5756 Vc-

2145 4504 2296 4556 ἐστιν
2356 4505 2513 4573 ἡμῖν.
2544 4505 2680 4576 Περὶ¹
2709 4505 2764 4558 δὲ
2817 4501 2892 4560 ὧν
2924 4507 3323 4580 ὑπονοούμεθα,
3371 4509 3730 4582 λελυπήμεθα

2147 4595 2247 4663 μὲν
2289 4595 2372 4647 ὅτι
2430 4595 2567 4658 ὅλως
2617 4596 2929 4668 ὁτῳδήποτε
2953 4587 3146 4670 θιρόπῳ
3180 4599 3411 4655 τοιαῦτά
3445 4620 3527 4655 σοι
3581 4619 3732 4674 παρ-

2145 4688 2380 4756 έσχομεν
2434 4689 2722 4742 ὑπονοεῖν·
2782 4691 2921 4761 πλὴν
2966 4693 3027 4744 οὑ
3077 4693 3332 4746 τοσοῦτον
3358 4694 3593 4749 ἅπτεται
3623 4697 3727 4764 τῆς

2144 4778 2371 4846 καρδίας
2399 4778 2460 4831 τὸ
2483 4779 2648 4845 ἄλγος
2685 4779 2773 4834 διὰ
2803 4785 2864 4834 τὸ
2895 4783 3198 4837 συνειδέναι
3234 4785 3405 4856 μηδὲν
3453 4787 3723 4854 τοιοῦτον,

2142 4871 2328 4924 ὁποῖον
2385 4872 2466 4934 είς
2515 4873 2697 4927 αίτίαν
2743 4874 2951 4943 φέρεις,
3010 4875 3143 4947 παρ’
3199 4879 3358 4948 ήμῶν
3407 4881 3721 4950 προελθεῖν.

2143 4958 2283 5012 Oli-rs
2317 4958 2425 5028 γὰρ
2453 4958 2531 5028 τῷ
2583 4961 2955 5033 ἀτακτήσαντι
2999 4969 3128 5037 περὶ
3177 4969 3275 5039 τὴν
3312 4969 3412 5041 σὴν
3445 4965 3726 5042 ἐπαρχίαν

2140 5051 2303 5103 τοῦτο
2331 5052 2747 5123 ἐνετειλάμεθα,
2780 5056 2902 5109 οὑδὲ
2939 5057 3076 5122 ὅλως
3115 5060 3505 5131 ἀναφερόμεθα
3530 5065 3608 5128 εἰς
3635 5064 3723 5117 ἓν·

2140 5162 2291 5198 νοιαν
2321 5147 2579 5216 τοιαύτης
2631 5148 2782 5218 αὑτῷ
2836 5153 3232 5223 ἐγχειρήσεως,
3288 5155 3413 5209 οὔτε
3445 5158 3524 5229 τῷ
3556 5161 3720 5230 ἀρχι-

2141 5239 2429 5307 επισκόπῳ
2509 5238 2704 5306 Θηϐῶν
2761 5242 2865 5294 ὑπὸ
2934 5243 3010 5296 σὲο
3067 5247 3329 5300 τελοῦσαν
3384 5247 3718 5319 Ἐκκλησίαν

2140 5327 2539 5397 ἐπεστείλαμεν
2589 5331 2836 5401 ίερῶσαι,
2885 5333 3021 5388 ἀλλὰ
3079 5336 3422 5408 διδαχθέντες
3474 5339 3552 5403 ὡς
3605 5344 3718 5406 τοῖς,

2141 5425 2560 5492 πατριαρχικοῖς
2592 5426 2934 5497 προνομίοις,
2958 5429 3116 5493 είτίς
3156 5433 3286 5485 ποτέ
3319 5434 3468 5487 ἐστιν
3508 5435 3717 5498 ἐκεῖνος

2139 5515 2166 5567 ὁ
2220 5516 2718 5586 ἐγκεκαινισμένας
2746 5520 2873 5579 ναὸς
2911 5521 3080 5588 τελεῖ,
3118 5524 3280 5578 τοῦτο
3314 5526 3715 5602 διωρισάμεθα,

2140 5608 2201 5660 οὐ
2232 5608 2329 5678 τὴν
2365 5610 2464 5680 σὴν
2505 5613 2706 5682 ἀρετὴν
2739 5613 3021 5684 ῥίπτοντες
3049 5618 3200 5688 παρὰ
3229 5619 3458 5688 φαῦλον,
3495 5621 3632 5676 ἀλλὰ
3655 5623 3714 5675 τὸ

2138 5703 2235 5772 τῆς
2271 5701 2394 5756 ὁδοῦ
2429 5701 2708 5775 διάστημα
2741 5708 2817 5778 μὴ
2855 5709 3118 5778 μαθόντες
3178 5715 3443 5787 ἀκριϐῶς,
3492 5715 3712 5776 λογισά-
