4094 6410
474 268 587 333 333

1933 268 2344 331 EPISTOLrﬁ.

3641 274 3749 338 334

482 403 645 457 μενοι
676 383 760 440 ὅτι
788 382 992 456 μᾶλλον
1028 385 1225 457 ἐκείνῳ
1250 383 1284 455 ἢ
1317 380 1398 436 σοὶ
1424 380 1610 455 ῥᾴδιος
1640 381 1733 435 καὶ
1758 383 2058 454 κουφοτέρα

2173 399 2295 440 rum
2329 382 2530 441 audisti
2552 392 2606 440 et
2635 393 2922 457 propterea
2945 383 3042 440 tibi
3067 384 3410 457 abiiciendus
3440 398 3524 445 est
3554 388 3744 456 dolor;

471 481 509 552 ἠ
544 479 831 553 ὁδοιπορία
886 479 983 535 καὶ
1012 479 1107 535 τοῦ
1132 477 1559 549 προστάγματος
1599 478 1634 546 ἡ
1687 476 2060 551 ὲκπλήρωσις.

471 571 656 627 τοῦτο
714 571 815 640 μὲν
864 570 1013 627 οὕτω
1060 570 1559 643 παρηκολούθησε·
1589 569 1686 624 καὶ
1740 569 1846 640 χρή
1901 586 1961 621 σε
1999 569 2061 623 τὸ

471 660 678 734 ἀληθὲς
711 662 1060 735 διδαχθέντα,
1106 663 1205 734 τὴν
1257 658 1437 733 λύπην
1473 659 1799 715 ἀποθέσθαι.
1844 662 1941 715 Διά
1968 660 2023 714 τί
2044 678 2058 728 ;

470 753 601 808 Ὅτι
639 757 732 809 καὶ
754 755 862 810 ἀπό
888 772 952 825 γε
986 754 1081 808 τοῦ
1124 752 1221 808 νῦν
1251 755 1315 809 ὲκ
1334 754 1434 824 τῆς
1481 752 1579 823 σῆς
1609 753 1877 824 ἐπαρχίας
1910 752 2057 806 ἐστὶν

2171 477 2382 549 quare?
2415 477 2544 548 quia
2581 478 2628 532 si
2661 477 2924 548 templum
2958 487 3340 534 consecratum
3369 495 3398 535 a
3426 490 3519 537 tuo
3548 482 3750 552 pendet

2168 569 2499 640 principatu,
2525 584 2674 623 nunc
2699 569 2925 626 omnino
2952 569 3055 625 sub
3087 579 3178 625 tua
3213 571 3316 626 erit
3343 571 3746 643 iurisdictione,

2166 667 2223 714 et
2249 658 2452 714 nullam
2481 658 2533 712 in
2558 673 2615 714 re
2638 656 2874 728 litigiosa
2904 658 3175 728 iacturam
3208 660 3399 729 facies,
3432 662 3531 717 etsi
3556 675 3749 721 contra

2160 752 2253 821 ius
2284 752 2544 808 evenerit.
3082 746 3105 756 “

464 848 497 902 ό
520 848 775 920 ίερωθεὶς
803 849 952 913 ναὸς,
995 849 1216 914 πάντως
1243 847 1351 902 ὑπὸ
1386 846 1470 901 σοὶ
1530 845 1857 914 διατελέσει,
1900 847 1993 899 καὶ
2020 845 2080 898 ού
2116 844 2445 918 ζημιωθήσῃ
2468 843 2564 898 τοῦ
2632 845 2716 899 σοὶ
2764 844 3116 918 διαφέροντος
3186 846 3514 920 πράγματος
3553 849 3615 906 ὲκ
3654 850 3748 905 τοῦ

468 944 552 1017 μὴ
593 944 736 999 κατά
760 943 916 1013 λόγον
946 945 1396 1016 προσγεγονότος.

902 1038 1048 1098 ΡΙΖ⁹.
1080 1041 1291 1095 Λέοντι
1328 1041 1611 1097 Συλαίου.

554 1132 682 1190 ’Δπ’
702 1133 880 1206 ἀρχῆς
915 1133 1011 1187 τοῦ
1040 1136 1373 1205 γράμματος
1393 1133 1492 1207 τὴν
1516 1132 1760 1188 διάθεσιν
1788 1131 1889 1202 τῆς
1918 1132 2059 1203 ἠμε-

462 1228 639 1299 τὲραες
667 1225 849 1297 ψυχῆς
899 1225 1144 1297 φανεράν
1192 1243 1277 1281 σοι
1325 1226 1611 1289 ποιοῦντες
1636 1226 1946 1297 γράφομεν,
1975 1226 2059 1279 ὅτι

467 1318 618 1388 μετά
673 1318 913 1389 σφοδρᾶς
968 1319 1070 1388 τῆς
1102 1317 1282 1390 λύπης
1321 1317 1414 1371 ἐπὶ
1453 1317 1515 1373 τὸ
1564 1317 1800 1389 γράφειν
1831 1316 1969 1388 πρὸς
1999 1316 2060 1369 σὲ

464 1411 843 1482 κεκινήμεθα.
905 1406 1033 1474 Πῶς
1077 1410 1187 1481 γὰρ
1213 1411 1335 1481 οὐχὶ
1368 1408 1594 1483 βαρεῖαν
1648 1410 1751 1481 τὴν
1783 1407 2058 1480 ἀλγηδόνα

466 1501 757 1574 φέρομενς
820 1501 988 1556 ὁπότε
1044 1500 1330 1573 λογισμοῖς
1384 1501 1664 1572 ἀμείνοσι,
1723 1499 1817 1556 καὶ
1877 1498 2059 1554 πάντα

467 1591 852 1661 λογιζομένοις
907 1589 976 1646 δι’
1035 1586 1112 1647 ὧν
1149 1595 1283 1664 ἡμῖν
1316 1593 1471 1648 ἔσται
1528 1591 1852 1665 παραψυχὴ,
1894 1584 2056 1646 δι’ὦν

472 1650 868 1755 δοξασθήσεται
914 1682 1015 1754 μὲν
1072 1650 1229 1749 θεός,
1283 1685 1439 1749 κλέος
1486 1685 1544 1739 δὲ
1583 1650 1919 1757 signiﬁces;
1976 1650 2132 1739 σοιΒ

481 1776 924 1845 περιγενήσεται,
974 1776 1066 1827 καὶ
1100 1778 1211 1838 τοῖς
1243 1775 1348 1830 ὑπὸ
1383 1774 1480 1845 τὴν
1519 1776 1618 1845 σὴν
1649 1776 1913 1846 ἐφορείαν
1951 1776 2059 1829 τῶν

492 1866 817 1938 βαρυνόντων
843 1867 1033 1934 ἄνεσις
1057 1868 1154 1921 καὶ
1188 1866 1559 1938 παράκλησις,
1578 1869 1611 1937 ἡ
1638 1867 1816 1937 aiis-n2
1843 1865 1937 1921 τὸν
1962 1868 2060 1938 ἀρ-

487 1957 788 2030 χιερατικὸν
803 1957 998 2026 θρόνον
1016 1960 1115 2028 τῆς
1143 1957 1333 2011 αὐτόθι
1366 1957 1697 2029 Ἐκκλησίας
1723 1959 2062 2030 καταστήσε-

480 2065 568 2102 ται
597 2047 839 2118 προϐολή
858 2062 874 2077 ·
902 2047 997 2101 νῦν
1015 2047 1071 2101 δὲ
1102 2048 1211 2101 τῶν
1224 2045 1507 2117 λογισμῶν
1544 2048 1790 2110 ἐκείνων,
1826 2048 1928 2118 φεῦ
1960 2048 2062 2120 τῆς

472 2139 570 2194 τοῦ
612 2138 869 2210 δαίμονος
926 2139 1218 2211 ἐπηρείας,
1256 2139 1332 2204 ὡς
1371 2139 1422 2191 οί
1465 2138 1590 2192 καθ’
1632 2138 1871 2209 ἑκάστην
1927 2140 2061 2210 ἡμῖν

470 2234 801 2305 προσιόντες
836 2231 1273 2302 ἀπαγγέλλουσι,
1300 2233 1678 2303 κατανοοῦμεν
1707 2234 1935 2297 ἑαυτοὺς
1963 2235 2059 2288 ὲκ-

468 2322 854 2385 ςτεπτωκότες.
884 2320 1046 2394 Ὁρᾷς
1068 2325 1127 2389 ὲξ
1160 2323 1277 2387 οἵας
1308 2323 1539 2394 συνοχῆς
1564 2324 1663 2392 τῆς
1691 2322 1851 2394 ἡμῶν
1880 2327 2060 2394 ψυχῆς

463 2414 533 2468 τὸ
562 2420 801 2487 γράμμα
834 2434 917 2472 σοι
956 2419 1254 2486 γράφεται.
1290 2414 1367 2467 Οὐ
1410 2413 1522 2487 γὰρ
1550 2414 1887 2469 διαλείπουσι
1932 2415 2058 2469 καθ’

464 2509 719 2580 ἑκάστην
746 2509 846 2563 νῦν
878 2509 977 2580 μὲν
999 2508 1350 2579 μονάζοντες,
1381 2505 1478 2559 νῦν
1523 2506 1580 2560 δὲ
1606 2507 1703 2576 τῆς
1725 2508 1920 2581 λαῖκῆς
1961 2508 2061 2563 τά-

467 2596 634 2663 ξεως,
658 2597 759 2653 νῦν
794 2599 853 2651 δὲ
886 2597 980 2652 καὶ
1009 2598 1104 2651 τοῦ
1135 2599 1367 2669 κλήρου,
1390 2599 1491 2662 τὰς
1529 2598 1821 2671 ὲγκλήσεις
1874 2599 2061 2654 ποιού-

470 2706 633 2757 μενοι
663 2690 807 2744 κατά
842 2690 958 2757 τοῦ,
985 2689 1061 2754 ὡς
1091 2689 1199 2743 τῶν
1220 2689 1439 2742 οἰκείων
1477 2689 1940 2761 ἀποδιωκόμενοι,
1964 2693 2059 2747 καὶ

462 2779 596 2833 ἀντὶ
627 2781 724 2837 τοῦ
757 2780 986 2852 ῥύεσθαι
1018 2779 1169 2850 παρὰ
1187 2779 1302 2850 τῆς·
1342 2778 1445 2850 σῆς
1509 2780 1924 2851 ἀρχιερωσύνης
1955 2781 2057 2834 αύ-

463 2874 601 2938 τοὺς
663 2871 730 2927 ὲκ
776 2874 958 2943 χειρὸς
1012 2871 1178 2943 ἄλλης
1214 2871 1614 2944 στερεωτέρας,
1659 2874 1759 2944 τῆς
1796 2874 1896 2943 σῆς
1939 2874 2058 2929 δεό-

470 2980 634 3034 μενοι
665 2962 818 3033 παρά
839 2962 950 3017 τῶν
975 2962 1296 3033 δυναμένων
1332 2961 1722 3015 ἀντιλαϐέσθαι
1762 2962 2052 3033 ρυσθῆναι.

2497 1032 2709 1090 CXVII.
2739 1032 2903 1090 Leoni
2939 1033 3106 1106 Syla'i
3134 1037 3395 1107 episcopo.

2240 1127 2569 1184 Litterarum
2604 1136 2920 1182 nostrarum
2967 1127 3124 1181 initio
3170 1135 3374 1184 statum
3420 1130 3620 1188 anima:
3650 1149 3751 1190 ιιοη

2166 1231 2294 1278 stra:
2323 1221 2675 1276 manifestum
2731 1218 2828 1275 tibi
2873 1217 3135 1285 facimus;
3172 1235 3298 1275 nam
3345 1221 3412 1276 ad
3459 1223 3560 1280 tibi
3610 1225 3750 1282 scri-

2158 1312 2397 1368 bendum
2439 1326 2550 1368 non
2599 1310 2721 1367 sine
2766 1309 3008 1366 maximo
3056 1311 3244 1368 dolore
3271 1327 3573 1371 movemur.
3625 1316 3748 1382 Quo

2157 1406 2306 1460 enim
2340 1405 2506 1461 modo
2541 1418 2649 1461 non
2692 1403 3072 1462 acerbissimis
3102 1405 3420 1460 cruciemur
3450 1409 3750 1466 arumnis?

2158 1493 2391 1569 Optimae
2420 1494 2650 1551 aderant
2680 1508 2860 1549 causae
2889 1503 2943 1551 et
2974 1494 3134 1550 nobis
3169 1496 3354 1550 omnia
3388 1498 3749 1554 consideran—

2160 1584 2306 1641 tibus
2347 1593 2513 1641 certae
2544 1584 2953 1641 consolationes
2970 1586 3363 1657 exsurgebant,
3390 1588 3518 1656 quia
3539 1588 3746 1660 gloriﬁ-

2163 1678 2371 1735 candus
2401 1685 2519 1734 erat
2552 1676 2694 1733 Deus
2739 1685 2793 1734 et
2835 1676 3203 1745 sempiternus
3248 1676 3426 1735 honos
3455 1680 3550 1735 tibi
3586 1681 3746 1737 colli-

2163 1774 2419 1843 gendus;
2478 1771 2576 1842 qui
2645 1779 2806 1827 antea
2876 1772 3250 1841 gravabantur
3325 1772 3592 1844 dignitate
3653 1783 3747 1831 tua

2162 1865 2407 1936 erigendi
2457 1872 2616 1921 erant
2666 1871 2722 1920 et
2776 1862 3123 1929 sublevandi,
3174 1864 3318 1935 quod
3373 1865 3440 1919 ad
3489 1865 3748 1922 Ecclesiae

2162 1956 2549 2015 fulcimentum
2624 1956 2682 2011 in
2756 1955 3035 2027 pontificis
3106 1956 3366 2013 thronum
3429 1956 3746 2012 sublevatus

2162 2050 2383 2105 fuisses.
2447 2048 2635 2103 Eheu!
2677 2061 2790 2117 quo
2834 2046 2940 2103 illae
2974 2046 3228 2102 abierunt
3284 2048 3563 2103 rationes!
3597 2046 3746 2104 Infe-

2161 2150 2281 2196 stus
2310 2140 2433 2197 illas
2466 2138 2750 2195 devoravit
2794 2141 3029 2205 daemon,
3075 2138 3153 2193 uti
3201 2138 3448 2210 quotidie
3481 2139 3745 2209 intelligi-

2162 2248 2287 2288 mus
2315 2231 2481 2289 exiis
2513 2230 2607 2303 qui
2663 2230 2732 2287 ad
2792 2246 2898 2288 nos
2948 2228 3274 2301 confugiunt
3317 2228 3554 2286 miseris.
3622 2228 3743 2284 Jam

2161 2325 2312 2380 vides
2357 2338 2465 2392 qua
2506 2322 2709 2377 mentis
2760 2322 3132 2377 commotione
3168 2321 3266 2376 has
3313 2320 3380 2375 ad
3431 2329 3484 2376 te
3533 2320 3745 2378 litteras

2161 2417 2477 2473 scribimus.
2532 2415 2786 2483 Quotidie
2823 2423 2877 2471 et
2922 2414 3043 2470 sine
3087 2414 3197 2470 line
3242 2414 3534 2470 adveniunt
3576 2414 3744 2469 modo

2162 2510 2440 2579 monachi,
2493 2510 2660 2567 modo
2693 2508 2841 2577 laici,
2891 2508 3056 2564 modo
3089 2508 3274 2565 clerici
3304 2517 3365 2565 ut
3391 2509 3641 2580 querelas
3676 2509 3745 2564 de

2164 2617 2215 2662 te
2243 2605 2516 2671 deferant,
2566 2620 2599 2661 a
2642 2620 2754 2677 quo
2795 2620 2840 2659 e.
2876 2603 2994 2660 suis
3020 2618 3082 2660 se
3124 2604 3388 2674 expulsos
3437 2604 3659 2670 dicunt;
3690 2613 3745 2659 et

2162 2714 2291 2754 cum
2343 2699 2425 2754 tui
2497 2706 2662 2765 esset,
2709 2698 3008 2768 pontificis,
3062 2697 3183 2754 illos
3233 2711 3266 2752 a
3318 2711 3484 2753 manu
3533 2696 3744 2769 potenti

2158 2790 2412 2855 liberare,
2445 2805 2607 2860 opera
2639 2798 2732 2844 tua
2763 2791 3157 2856 destituuntur,
3188 2800 3243 2844 et
3267 2787 3336 2845 ad
3366 2796 3616 2859 potentes
3641 2801 3745 2858 po-

2163 2882 2272 2938 tius
2302 2880 2629 2953 confugiunt
2662 2893 2721 2941 ut
2746 2881 3069 2937 liberentur.

556 3054 664 3109 Ἑῶ
696 3027 767 3109 τά
801 3053 970 3108 λοιπά
990 3069 1006 3086 ο
1038 3027 1176 3107 ἀλλά
1196 3053 1291 3107 νῦν
1320 3055 1348 3107 ό
1377 3052 1472 3106 τοῦ
1504 3027 2053 3124 βήματος-καθηγού-

2232 3056 2439 3114 ϐιειεγε
2486 3056 2701 3113 omitto.
2748 3056 2918 3113 Adest
2963 3057 3110 3113 enim
3168 3032 3487 3115 monasterii
3541 3072 3743 3126 praeses

470 3164 640 3220 μενος
665 3147 764 3216 τῆς
799 3147 969 3217 μονῆς
1008 3145 1214 3216 ἐπέστη
1244 3144 1459 3216 πλήρης
1505 3142 1788 3216 δακρύων,
1838 3146 2056 3215 πλήρης

466 3237 717 3309 ἀθυμίας
752 3238 847 3292 καὶ
884 3236 1225 3308 συγχύσεως.
1267 3237 1374 3290 Καὶ
1400 3236 1462 3289 τὸ
1495 3222 1670 3290 αἴτιόν
1714 3236 1796 3290 ὅτι
1836 3235 1933 3290 σὺν
1959 3238 2055 3290 αὐ-

465 3334 586 3396 τοῖς
617 3330 919 3400 μονάζουσι
950 3329 1105 3403 παρά
1135 3331 1233 3401 τῆς
1267 3328 1421 3401 ὑμῶν
1455 3328 1826 3383 ἀπελαύνεται
1857 3345 2057 3401 προαι-

469 3426 703 3498 ρέσεως,
727 3426 828 3478 οὐκ
860 3420 977 3477 οἶδα
1032 3423 1205 3478 πόθεν
1228 3424 1322 3477 ἐπὶ
1371 3423 1531 3477 τοῦτο
1582 3423 1901 3494 κινηθέντος
1938 3441 2055 3489 σου,

466 3520 505 3591 ἢ
540 3521 593 3573 τί
615 3521 829 3575 δίκαιον
858 3521 1263 3592 προϊσχομένου
1288 3521 1388 3590 τῆς
1426 3518 1698 3592 τοσαύτης
1725 3520 1909 3591 βιαίας
1936 3523 2058 3575 ἐπι-

466 3612 705 3676 θέσεως.
755 3613 954 3668 Καίτοι
1010 3615 1061 3667 εί
1105 3614 1199 3667 καὶ
1252 3613 1358 3677 πᾶς
1421 3612 1632 3675 δίκαιος
1677 3612 1834 3681 λόγος
1873 3613 2055 3685 παρῆν

465 3705 1030 3775 συναγωνιζόμενος,
1086 3705 1244 3758 τοῦτο
1313 3704 1477 3775 μόνον
1549 3703 1741 3759 ἱκανὸν
1790 3704 1930 3767 τέως
1986 3700 2056 3776 ἦν

462 3804 718 3874 ἐπισχεῖν
757 3803 820 3855 τὸ
843 3802 1018 3854 τελεῖν
1053 3800 1159 3853 ὑπὸ
1188 3799 1288 3872 τὴν
1319 3798 1728 3871 πατριαρχικὴν
1777 3797 2052 3865 ἐξουσίαν,

460 3897 549 3959 είς
575 3896 642 3949 τὸ
691 3894 860 3965 μηδὲν
889 3891 1136 3951 τοιοῦτον
1173 3893 1249 3964 μὴ
1298 3892 1382 3947 ὅτι
1429 3895 1721 3963 πράττειν,
1752 3891 1891 3945 ἀλλά
1929 3891 2054 3962 μηδ’

462 3989 550 4052 είς
579 3986 841 4057 ἐνθύμιον
864 3989 1079 4057 φέρειν,
1112 3985 1216 4049 ἓως
1247 3984 1316 4039 ἂν
1343 3984 1478 4055 πρὸς
1509 3983 1576 4037 τὰ
1609 3982 1842 4039 ἐνταῦθα
1870 4000 2051 4056 παρα⁹

460 4078 772 4150 γενομένου
801 4094 918 4143 σου,
955 4078 1053 4132 καὶ
1093 4078 1190 4147 τῆς
1223 4075 1540 4137 ὑποθέσεως
1574 4074 2053 4147 προϐεϐλημένης,

460 4175 528 4229 τὸ
585 4173 710 4226 δέον
758 4170 1083 4244 πραχθῆναι
1135 4169 1450 4240 διέγνωστο.
1490 4169 1605 4240 Μὴ,
1639 4170 1830 4223 τέκνον
1873 4169 2052 4240 ήμῶν,

461 4265 521 4317 εἴ
548 4281 604 4318 τι
660 4280 745 4318 σοι
789 4264 945 4335 μέλει
996 4261 1259 4332 περὶτῆς
1312 4262 1453 4332 ἐμῆς
1487 4259 1829 4315 πολυωδύνου
1864 4261 2008 4332 ζωῆς
2036 4275 2052 4290 ’

2160 3151 2434 3223 lacrymas
2483 3148 2742 3216 fundens,
2778 3149 2983 3205 fractus
3018 3150 3202 3207 animo
3231 3158 3286 3206 et
3314 3152 3519 3208 rubore
3553 3150 3742 3207 suffu-

2159 3259 2278 3299 sus.
2303 3242 2481 3299 Causa
2513 3253 2595 3298 est
2627 3242 2771 3314 quod
2806 3252 2855 3298 te
2884 3242 3110 3314 iubente
3143 3242 3259 3313 ipse
3302 3259 3427 3299 cum
3456 3245 3741 3301 monachis

2158 3337 2273 3392 suis
2321 3335 2394 3390 sit
2433 3333 2716 3406 expulsus.
2780 3332 2934 3390 Unde
2984 3334 3049 3389 ad
3096 3334 3200 3389 hoc
3253 3336 3525 3391 excitatus
3570 3335 3741 3392 fueris

2158 3426 2365 3492 nescio,
2400 3442 2502 3482 nec
2534 3442 2656 3493 quae
2694 3424 2833 3496 justi
2877 3414 3195 3495 specieswad
3228 3424 3375 3480 istud
3428 3433 3480 3480 te
3527 3423 3742 3481 facinus

2158 3520 2411 3576 moverit.
2457 3519 2716 3574 Attamen
2747 3519 2793 3574 si
2832 3517 2984 3587 iusta
3015 3518 3266 3587 quaedam
3299 3517 3572 3573 adfuisset
3603 3517 3739 3573 faci-

2158 3614 2310 3670 noris
2354 3613 2709 3684 perpetrandi
2758 3611 2926 3674 ratio,
2975 3609 3173 3666 deferri
3228 3610 3511 3665 debuisset
3542 3610 3608 3664 ad
3643 3624 3743 3680 pa-

2158 3706 2506 3762 triarcbalem
2532 3712 2877 3775 potestatem,
2910 3702 3226 3772 priusquam
3258 3710 3478 3770 peracta
3509 3700 3737 3765 fuisset;

2157 3816 2264 3857 non
2295 3798 2363 3854 ab
2388 3799 2530 3853 irato
2565 3796 2667 3851 tibi
2699 3810 2788 3851 res
2822 3794 3119 3850 tractandae
3165 3800 3342 3858 erant,
3372 3791 3468 3847 scd
3500 3792 3569 3847 ad
3599 3793 3739 3849 hanc

2156 3891 2342 3946 sedem
2389 3887 2669 3960 profectus
2704 3887 2977 3955 subiicere
2998 3886 3146 3940 litem
3190 3884 3454 3949 debebas,
3487 3891 3548 3939 ut
3575 3884 3739 3954 quid-

2155 3982 2286 4054 quid
2341 3981 2711 4055 peragendum
2785 3987 2928 4035 esset
2982 3976 3404 4033 deliberaretur.
3462 3975 3521 4031 Si
3572 3978 3739 4032 vitam

2155 4088 2357 4140 meam,
2411 4074 2510 4138 lili,
2564 4085 2805 4126 mmrore
2844 4070 2958 4142 iam
3013 4068 3321 4125 confectam
3380 4084 3565 4138 curas,
3622 4072 3739 4125 noli

2156 4176 2307 4223 tanta
2363 4166 2566 4222 duritia
2614 4165 2818 4221 habere
2851 4180 2975 4231 eos,
3028 4165 3124 4235 qui
3173 4164 3279 4220 sub
3332 4172 3603 4235 potestate
3646 4174 3740 4221 tua

2156 4259 2439 4317 constituti
2464 4266 2638 4327 sunt;
2685 4273 2821 4315 cave
2867 4257 3117 4313 omnium
3148 4257 3368 4327 linguas
3418 4267 3609 4314 contra
3636 4274 3741 4315 nos

466 4359 579 4428 μὴ,
616 4356 762 4410 οὕτω
816 4355 1118 4409 καθίστασο
1158 4355 1272 4418 τοῖς
1327 4352 1435 4407 ὑπὸ
1485 4352 1585 4425 τὴν
1640 4352 1741 4423 σὴν
1781 4353 2054 4425 ἐπαρχίαν

2159 4368 2544 4420 commovere;
2591 4353 2694 4410 hoc
2731 4355 2879 4408 enim
2919 4352 3082 4408 modo
3118 4352 3154 4407 ii
3188 4353 3307 4423 qui,
3350 4353 3737 4410 beneﬁciorum

467 4451 673 4524 βαρὺς,
708 4448 845 4519 μηδὲ
876 4449 1185 4516 ἀγαπῶμεν
1207 4446 1308 4509 τάς
1343 4446 1563 4500 πάντων
1600 4445 1853 4514 γλώσσας
1881 4448 2052 4499 κινεῖν

2159 4459 2380 4503 tuorum
2425 4461 2714 4511 memores,
2765 4444 2877 4501 Deo
2923 4445 3132 4515 gratias
3210 4445 3469 4517 egissent,
3503 4448 3569 4500 ad
3597 4446 3744 4518 iuiu-

466 4544 595 4597 καθ’
622 4541 804 4614 ήμῶν,
841 4540 978 4612 μηδὲ
1029 4540 1153 4594 ἀντὶ
1203 4539 1299 4591 τοῦ
1329 4539 1467 4612 πρὸς
1507 4539 1863 4611 εὐχαριστίαν
1917 4537 2054 4591 Θεοῦ

471 4635 558 4705 ἐφ’
590 4627 676 4697 οἷς
708 4632 807 4702 τῆς
860 4632 969 4687 ἀπὸ
1018 4631 1114 4686 σοῦ
1146 4631 1518 4686 ἀπολαύουσιν
1565 4631 1858 4700 ὠφελείας,
1887 4630 2057 4686 διανί-

476 4724 708 4781 στασθαι
738 4726 864 4790 τοὺς
886 4723 1209 4797 ἀνθρώπους
1235 4724 1371 4797 πρὸς
1399 4724 1668 4796 λοιδορίας
1698 4724 1898 4788 αὐτοὺς
1920 4727 2055 4779 ἀνα-

478 4819 742 4890 κινῶμεν,
814 4817 910 4871 καὶ
950 4817 1049 4880 τάς
1099 4815 1241 4869 κατά
1279 4816 1378 4885 τῆς
1408 4817 1550 4886 ὲμῆς
1596 4815 1842 4886 κεφαλῆς
1890 4815 2056 4887 ἀράς.

480 4906 631 4974 Οἶδας
664 4909 777 4981 γὰρ
799 4908 881 4962 ὅτι
909 4908 984 4972 ὡς
1010 4908 1104 4962 ini.
1139 4907 1274 4961 πολὺ
1307 4908 1356 4961 οἱ
1392 4908 1578 4970 κακῶς
1608 4907 1907 4978 πάσχοντες
1935 4905 2047 4959 τῶν

466 5004 794 5078 ἀρχομένων
841 5004 985 5076 μετά
1023 5003 1084 5057 τὸ
1133 5001 1446 5056 διαϐάλλειν
1482 5003 1610 5066 τοὺς
1655 5001 1843 5065 κακῶς
1886 5001 2059 5054 διατι-

463 5098 670 5161 θέντας
718 5097 941 5163 αὐτοὺς,
1007 5095 1106 5150 καὶ
1152 5096 1251 5159 τὰς
1299 5096 1441 5167 ἀρὰς
1494 5093 1925 5167 ἀπορρίπτουσιν
1975 5095 2057 5156 εις

457 5191 564 5254 τάς
594 5190 708 5245 τῶν
730 5187 922 5247 αἰτίων
979 5188 1287 5259 γινομένων
1330 5185 1596 5258 κεφαλάς.
1632 5186 1833 5257 Ὅπερ,
1867 5186 2060 5239 τέκνον

2157 4544 2271 4596 rias
2306 4540 2556 4595 conversi
2589 4545 2755 4610 caput
2785 4553 2968 4593 meum
3004 4538 3123 4592 dira
3147 4548 3557 4607 prosequuntur
3587 4554 3744 4595 exse-

2156 4633 2422 4689 cratione.
2477 4631 2585 4698 Qui
2640 4641 2789 4689 sorte
2841 4646 2944 4688 sua
2998 4644 3109 4685 non
3162 4639 3295 4686 sunt
3340 4631 3608 4698 contenti,
3660 4635 3742 4690 uti

2158 4726 2326 4789 nosti,
2354 4720 2524 4795 quam
2575 4720 2878 4793 saepissime
2919 4736 3049 4776 suos
3094 4720 3436 4777 insectantur
3478 4725 3744 4793 praeposi-

2159 4829 2244 4874 tos
2273 4818 2429 4887 quasi
2459 4816 2655 4872 exinde
2686 4815 2889 4869 malum
2920 4813 3205 4877 haberent,
3235 4828 3535 4884 eorumque
3560 4816 3743 4883 capita

2157 4912 2295 4966 diris
2318 4906 2714 4974 devoventzid,
2748 4905 2944 4962 dilecte
2970 4905 3070 4969 ﬁli,
3110 4920 3208 4975 pro
3245 4904 3448 4962 viribus
3477 4905 3742 4974 vitemus,

2155 5004 2422 5074 Apostolo
2466 5000 2715 5072 iubente,
2766 5006 2827 5053 ut
2878 4999 2999 5053 sine
3050 4996 3354 5054 offensione
3398 4999 3576 5056 simus
3629 5015 3740 5055 non

2157 5100 2337 5155 solum
2371 5111 2499 5168 erga
2536 5094 2750 5161 ﬁdeles,
2780 5094 2875 5150 sed
2904 5093 3070 5150 etiam
3116 5108 3244 5163 erga
3276 5092 3498 5153 Iudaeos
3526 5104 3582 5151 et
3604 5111 3741 5167 gen-

2160 5187 2286 5243 tiles
2298 5187 2341 5242 ³.

458 5281 628 5352 ἡμῶν
661 5280 831 5352 ἱερὸν,
855 5278 1008 5350 πάσῃ
1023 5276 1253 5347 δυνάμει
1278 5275 1665 5348 φυλαξώμεθα,
1698 5277 1933 5348 μάλιστα
1993 5276 2090 5331 τοῦ
2142 5276 2471 5332 Ἀποστόλου
2522 5275 2776 5344 λέγοντος
2823 5276 3213 5347 ἀπροσκόπους
3264 5273 3405 5335 εἶναι
3479 5278 3542 5335 οὐ
3577 5275 3741 5347 μόνον

456 5376 767 5448 ὀμοδόξοις,
800 5373 940 5428 ἀλλά
973 5375 1068 5428 καὶ⁸
1115 5375 1399 5437 Ἰουδαίοις
1424 5374 1521 5427 καὶ
1547 5374 1834 5444 Ἕλλησιν.

529 5470 648 5523 Οὐκ
679 5466 990 5538 ἀγνοοῦμεν
1019 5464 1136 5532 οὖν,
1163 5467 1245 5523 ὃτι
1262 5468 1358 5522 καὶ
1385 5470 1452 5540 τῇ
1475 5470 1545 5539 σῇ
1570 5469 1784 5523 συνέσει
1814 5466 2058 5522 πλεῖστοι

455 5563 805 5621 ιπιτίθενται
839 5560 1199 5633 παραλόγως,
1252 5562 1347 5619 καὶ
1388 5562 1822 5636 πονηρευόμενοι
1867 5560 2053 5630 ἀγῶνα

521 5729 546 5762 ⁸
578 5727 598 5788 ι
633 5729 768 5787 Cor.
806 5741 868 5789 ι,
901 5717 1002 5775 33o

2235 5462 2352 5519 Non
2403 5477 2492 5519 me
2539 5461 2674 5533 fugit
2723 5461 2991 5532 plurimos
3032 5460 3130 5519 tibi
3160 5461 3305 5517 male
3332 5461 3468 5518 velle
3498 5468 3555 5516 et
3584 5460 3743 5519 mali-

2162 5558 2358 5612 tiosam
2396 5569 2613 5610 movere
2642 5570 2904 5625 pugnam,
2947 5562 3007 5608 ut
3049 5553 3292 5609 Ecclesia
3325 5561 3415 5609 tua
3445 5553 3744 5610 detrimen-
