4094 6448
353 250 466 316 335

1490 237 1802 300 NICOLAI
1843 237 1954 298 (ΣΡ.
1996 230 2517 296 ΡΑΤΒΙΑΗΟΗίΕ

3507 229 3616 293 336

353 371 468 414 tum
513 356 710 427 capiat.
747 354 955 408 Horum
1002 363 1267 406 numerus
1310 347 1500 420 utique
1533 363 1785 418 magnus.
1818 344 1927 399 lla-

2057 342 2322 396 τοιοῦνται
2361 339 2458 393 τοῦ
2519 337 2617 410 τὴν
2668 335 2768 409 σὴν
2804 335 3135 406 Ἐκκλησίαν
3175 335 3352 410 ζημίᾳ
3385 339 3616 408 περιϐα-

359 447 527 504 bendi
589 446 900 516 cupidinem
977 443 1182 512 ubique
1238 450 1556 512 regnantem
1620 437 1934 509 conspicio;

351 540 496 596 inter
553 537 791 606 majores
853 543 908 589 et
969 535 1211 588 minores
1243 530 1478 597 gdilIicile
1527 530 1792 600 reperias,
1844 529 1939 598 qui

351 633 513 688 istam
567 630 820 685 relraenet
867 626 1196 696 cupidinem.
1249 622 1655 685 Verumtamen,
1717 623 1763 678 si
1808 622 1940 692 quid

352 721 660 777 istiusmodi
696 719 960 781 evenerit,
1017 727 1073 772 tu
1114 731 1258 782 eam,
1307 730 1430 786 qua
1475 713 1743 769 sacerdoti
1789 727 1941 767 sum-

355 827 447 866 mo
505 811 804 872 convenit,
853 807 1267 878 intelligentiam
1324 815 1380 861 et
1429 805 1775 876 prudentiam
1843 803 1942 859 ad-

353 903 572 963 hibeas.
607 916 673 956 ne
702 900 841 955 forte
870 899 1196 968 injustitiam
1231 899 1572 961 committas,
1609 897 1809 967 autjus
1845 895 1940 950 tibi

359 1009 467 1049 non
496 994 738 1049 debitum
778 991 875 1045 tibi
913 989 1157 1044 vindices
1189 998 1242 1044 et
1275 989 1551 1060 legitimos
1595 989 1940 1058 possidentes

359 1087 584 1156 spolies.
634 1085 744 1139 lmo
779 1097 874 1153 per
911 1081 1145 1151 teipsum
1199 1080 1284 1135 vel
1335 1095 1434 1150 per
1487 1081 1653 1134 alium
1707 1080 1939 1151 probum

359 1177 564 1233 astabis
629 1173 884 1244 legitimis
927 1173 1171 1228 locorum
1218 1171 1519 1242 judicibus,
1550 1181 1604 1225 et
1632 1171 1849 1226 curabis
1884 1179 1945 1226 ut

359 1267 600 1322 damnati
639 1265 896 1320 obediant
929 1263 1216 1318 sententia:
1253 1262 1385 1330 justi
1431 1261 1649 1331 judicii.
1688 1260 1765 1314 Ita
1795 1261 1855 1314 lit
1883 1268 1944 1314 ut

357 1357 564 1428 injuste
611 1355 1110 1427 possidentes,suo
1161 1354 1336 1409 orbati
1391 1352 1623 1418 foenore,
1676 1353 1943 1408 adversus

364 1458 418 1501 te
453 1447 653 1501 latrare
689 1459 799 1499 non
834 1445 1070 1514 possint,
1104 1451 1159 1498 et
1193 1458 1376 1509 nemo,
1417 1459 1537 1513 quae
1577 1442 1792 1513 justitia
1825 1445 1946 1497 lue-

363 1541 474 1594 rint
503 1539 745 1604 decreta,
781 1537 881 1592 tibi
934 1537 1112 1606 palam
1149 1537 1281 1590 vitio
1309 1543 1504 1591 vertat.
1541 1535 1668 1591 Haec
1709 1536 1945 1606 jampri-

361 1630 483 1684 dem
505 1629 602 1683 tibi
623 1628 998 1684 commcndata
1035 1642 1158 1682 cum
1198 1627 1680 1682 vehementissimo
1704 1626 1944 1681 rescribo

2041 434 2174 488 λεῖν.
2219 430 2553 500 Ἐπίσταμαι
2593 429 2669 492 ὡς
2715 428 2901 481 πολλοὶ¹
2928 427 3201 483 τοιοῦτοιο
3251 430 3346 484 καὶ
3389 431 3500 501 γὰρ
3529 430 3621 484 διὰ

2043 525 2263 579 πάντων
2307 503 2429 592 ’όρῶ
2464 519 2777 592 κεχυμένην
2830 521 2931 591 τὴν
2957 521 3111 574 νόσον
3149 521 3250 592 τῆς
3283 519 3620 586 πλεονεξίας,

2042 617 2138 670 καὶ
2176 614 2403 668 σπάνιόν
2449 613 2599 666 ἐστιν
2637 613 2822 683 εὑρεῖν
2854 612 2950 664 καὶ
2981 613 3039 665 ἐν
3070 611 3280 682 μείζοσι
3307 612 3623 683 προσώποις

2041 710 2154 766 καὶ,
2189 711 2249 762 έν
2306 707 2555 761 ἐλάττοσι
2611 705 2707 759 τὸν
2735 704 2812 776 μὴ
2858 706 3276 776 κεκρατημένον
3307 705 3387 774 τῷ
3433 705 3618 759 πάθει.

2043 801 2211 872 Πλὴν,
2243 797 2636 870 τέκνονήμῶν,
2689 795 2911 851 ἐπειδάν
2954 813 3008 849 τι
3051 796 3299 850 τοιοῦτον
3341 796 3623 868 ἀνακύψῃ,

2039 895 2106 963 τῇ
2139 890 2496 962 προσηκούσῃ
2544 890 2759 944 συνέσει
2802 888 2898 944 καὶ
2941 888 3199 960 εὐλαϐείᾳ
3235 890 3300 960 τῇ
3335 892 3400 961 σῇ
3431 889 3622 960 ἀρχιεε-

2045 984 2260 1055 ρωσύνῃ
2293 983 2604 1053 προσφέρου
2626 983 2740 1046 τοῖς
2768 983 2972 1037 διατιθε
2983 984 3190 1051 μένοις,
3213 987 3309 1037 καὶ
3344 984 3420 1052 μὴ
3459 994 3623 1034 σεαυ-

2041 1077 2134 1131 τὸν
2163 1077 2422 1142 ἐκδικεῖν,
2448 1074 2584 1146 μηδέ
2613 1073 2690 1140 ὡς
2720 1075 2780 1140 ἐξ
2808 1075 3110 1146 αὐτονόμου
3138 1075 3390 1139 ἐξουσίας
3409 1073 3624 1146 σεαυτῷ

2042 1187 2095 1223 τι
2131 1169 2564 1240 περιποιεῖσθαι,
2611 1169 2707 1222 καὶ
2748 1169 3078 1240 ἀποστερεῖν
3113 1169 3242 1232 τοὺς
3292 1168 3626 1238 κατέχοντας

2041 1260 2104 1313 τὸ
2131 1259 2468 1330 ζητούμενον
2488 1275 2503 1291 ⁸
2529 1259 2647 1314 ἀλλ’
2676 1261 2786 1314 εἴτε
2843 1259 2934 1314 διὰ
2970 1259 3228 1326 σεαυτοῦ,
3269 1261 3379 1314 sits
3410 1258 3478 1311 δι’
3510 1255 3628 1310 ἐτέ-

2049 1369 2143 1423 ρου
2169 1351 2277 1405 τῶν
2309 1352 2637 1422 ἐπιτηδείων
2667 1353 2956 1429 προσιέναι
2983 1356 3098 1415 τοῖς
3119 1353 3260 1406 κατὰ
3285 1353 3448 1406 τόπον
3473 1352 3628 1407 δικά-

2047 1443 2162 1508 ζειν
2199 1442 2449 1514 λαχοῦσι,
2482 1445 2578 1497 καὶ
2603 1443 2680 1516 τῷ
2717 1444 3079 1517 ψηφιζομένῳ
3106 1445 3257 1516 παρά
3287 1445 3385 1516 τῆς
3410 1445 3626 1509 δικαίας

2045 1536 2284 1607 κρίσεως
2305 1537 2608 1606 ἀγαπητῶς
2628 1537 2914 1607 ἐμμένειν,
2944 1538 3032 1591 ῖνα
3077 1537 3169 1591 τοῦ
3202 1538 3296 1592 καὶ
3329 1540 3378 1591 οἱ
3405 1538 3628 1591 πλεονε-

2047 1627 2254 1691 κτικῶς
2275 1645 2328 1681 τι
2382 1630 2708 1698 κατέχοντες
2743 1629 3141 1700 ἀφαιρούμενοι
3171 1631 3265 1683 τοῦ
3297 1628 3628 1700 πλεονεκτή-

370 1721 591 1786 dolore;
652 1718 799 1790 quod
854 1721 901 1773 si
959 1718 1025 1772 de
1051 1719 1266 1773 dolente
1286 1727 1378 1772 tuo
1427 1718 1556 1787 quid
1581 1732 1739 1773 curas
1769 1725 1946 1788 patre,

2057 1737 2220 1790 ματος
2281 1721 2356 1790 μὴ
2419 1719 2594 1790 ἔχοιεν
2635 1719 2780 1774 κατά
2830 1720 2926 1774 σοῦ
2971 1720 3286 1790 γογγύζειν,
3334 1722 3430 1773 καλ⁹
3460 1721 3542 1773 σοι
3567 1719 3630 1770 τὸ

363 1827 477 1866 non
511 1819 702 1880 postea
726 1810 780 1862 in
819 1808 1014 1862 duram
1047 1823 1146 1863 nos
1171 1809 1632 1863 necessitudinem
1681 1806 1810 1861 talia
1854 1806 1954 1862 tibi

2057 1811 2470 1882 περιγινόμενον
2537 1811 2690 1882 παρά
2763 1813 2866 1884 τῆς
2937 1813 3288 1884 δικαιοσύνης
3355 1813 3629 1884 μηδεμίαν

365 1899 648 1955 scribendi
682 1897 968 1969 conjicias.
1005 1895 1083 1952 Te
1131 1898 1398 1952 valentem
1442 1905 1498 1953 et
1544 1897 1646 1952 sibi
1689 1899 1739 1952 in
1774 1897 1958 1953 omni-

375 1996 478 2046 bus
529 1992 920 2060 obsequiosum
979 1990 1254 2044 custodiat
1308 1989 1593 2044 Dominus.
1666 1989 1954 2046 Humilita-

367 2083 441 2136 tis
471 2090 653 2135 autem
689 2091 888 2136 nostra:
916 2095 1196 2150 nunquam
1253 2096 1358 2136 non
1411 2082 1464 2137 in
1524 2083 1778 2152 precibus
1843 2085 1956 2140 tuis

365 2186 580 2228 memor
607 2185 748 2229 εειο.

2054 1901 2292 1974 ἐπιφέρῃ
2322 1902 2551 1972 μέμψιν,
2582 1903 2706 1975 μηδ’
2747 1905 2850 1958 ὑπό
2875 1921 3021 1968 τινος
3054 1905 3409 1977 καταδόησιν.
3445 1903 3633 1957 Ταῦτά

2057 2012 2161 2062 σοι,
2196 1996 2292 2051 καὶ
2326 1997 2490 2051 πάλιν
2521 1998 2689 2069 φημὶ,
2741 1999 2863 2052 λίαν
2909 2001 3232 2072 ἐγράψαμεν
3260 1997 3590 2069 ὀδυνώμενοι
3612 2015 3629 2030 ο
3649 2021 3661 2034 ’κ

2055 2088 2148 2142 καὶ
2173 2088 2291 2141 είτι
2326 2090 2457 2160 περὶ
2486 2090 2692 2162 πατρὸς
2721 2090 3058 2162 ὀδυνωμένου
3077 2090 3402 2164 φροντίζεις,
3433 2089 3635 2160 μηκέτι

2058 2180 2196 2252 πρὸς
2227 2181 2476 2252 ἀνάγκην
2521 2182 2669 2252 ἡμᾶς
2731 2184 3085 2256 καταστήσῃς
3123 2182 3354 2239 τοιαῦτά
3379 2199 3462 2236 σοι
3500 2180 3637 2250 γρά-

367 2282 510 2332 φειν.
545 2266 896 2338 Ἐρῤωμένον
923 2283 982 2319 σε
1032 2268 1060 2320 ό
1089 2265 1296 2337 Κύριος
1335 2267 1654 2337 διαφυλάξοι
1677 2269 1735 2321 ἐν
1775 2269 1942 2324 πᾶσιν
1977 2269 2290 2344 εὐαρέστως
2357 2271 2509 2344 αὐτῷ
2536 2272 2869 2340 διαϐιοῦντα,
2903 2275 2999 2327 καὶ
3039 2273 3141 2344 τῆς
3177 2272 3338 2343 ἡμῶν
3407 2269 3636 2343 μετριό·

364 2377 527 2430 τητος
557 2362 663 2414 ὐπε
671 2359 835 2431 ρευχό
842 2377 1029 2431 μενον.

552 2452 783 2515 CXVlll.
823 2479 895 2494 -—-
920 2453 1078 2509 Petro
1109 2453 1320 2509 Alania:
1376 2455 1788 2525 archiepiscopo.

442 2546 670 2602 Vinculo
729 2546 958 2616 spiritus
1008 2546 1335 2617 conjunctos
1373 2547 1442 2602 ab
1487 2548 1724 2604 invicem
1760 2561 1960 2617 corpo-

377 2638 514 2694 ralis
541 2654 652 2693 non
673 2649 915 2710 ~separat
967 2639 1264 2706 distantia;
1306 2647 1361 2694 et
1407 2641 1452 2695 si
1498 2641 1631 2710 quid
1696 2640 1958 2710 paradoxi

2215 2455 2370 2509 PlH'.
2420 2453 2619 2526 Πέτρῳ
2671 2455 3129 2524 ἁρχιεπισκόπῳ
3170 2457 3464 2524 Ἀλανιας.

2126 2547 2238 2599 Οὐκ
2261 2543 2370 2599 οἶδε
2419 2547 2546 2611 τοὺς
2575 2547 2966 2618 πνευματικῶς
3002 2549 3315 2620 ἡνωμένους
3344 2554 3636 2625 σωματικὴ

2055 2637 2360 2700 ἀπόστασις
2411 2637 2658 2708 ἀλλήλων
2709 2639 3083 2710 διαχωρίζειν,
3124 2641 3264 2706 ἀλλ’,
3319 2644 3368 2696 εί
3425 2646 3530 2714 χρή
3583 2663 3638 2697 τι

370 2730 663 2785 dicendum
712 2730 883 2795 foret,
910 2729 1233 2785 adderemus
1264 2745 1552 2801 corporum
1599 2732 1956 2802 disjunctione

2057 2732 2152 2784 καὶ
2195 2729 2503 2800 παράδοξον
2563 2731 2731 2800 ἐρεῖν,
2789 2733 2823 2802 ἡ
2877 2732 2988 2784 τῶν
3037 2733 3308 2804 σωμάτων
3360 2734 3640 2802 ὃιάζευξις

369 2823 627 2890 majorem
681 2820 795 2876 ﬁeri
841 2819 1126 2889 spirituum
1186 2819 1626 2885 unionem,cum
1682 2834 1844 2874 omne
1892 2832 1956 2875 eo

2059 2824 2220 2878 πλέον
2248 2825 2346 2895 τὴν
2369 2825 2565 2878 ἕνωσιν
2593 2824 2991 2894 ἀπεργάζεται,
3017 2825 3164 2898 ὅλης,
3205 2827 3281 2891 ὡς
3313 2828 3508 2895 είπεῖν,
3537 2829 3643 2899 τῆς

371 2913 556 2968 tendat
599 2912 839 2968 studium
871 2951 887 2977 ,
935 2920 996 2965 ut
1024 2910 1331 2965 arctissime
1377 2910 1594 2978 copulet
1643 2912 1860 2967 animos
1907 2925 1956 2979 et

2061 2919 2302 2987 σχέσεως
2365 2920 2447 2982 εἰς
2500 2919 2602 2988 τὴν
2651 2918 2763 2972 τῶν
2809 2919 2998 2990 ψυχῶν
3043 2918 3339 2988 συνάφειαν
3382 2920 3642 2992 καθαρῶς

371 3018 660 3072 corporum
718 3002 1004 3056 unitorum
1057 3016 1206 3056 more
1251 3001 1494 3071 separari
1525 3016 1630 3056 non
1659 3001 1953 3070 permittat.

2063 3006 2514 3078 περιισταμένης,
2570 3010 2666 3062 καὶ
2722 3008 2797 3081 μὴ
2845 3009 3136 3081 ἐθελούσης
3185 3010 3526 3082 μερίζεσθαι,
3557 3007 3642 3075 οἷς

373 3093 527 3161 Quod
577 3097 740 3165 igitur
801 3093 1125 3163 corporibus
1185 3092 1472 3160 distemus,
1536 3093 1781 3147 animum
1843 3093 1956 3147 noli

2065 3099 2359 3158 ὑποϐάλλει
2405 3100 2514 3153 τῶν
2567 3102 2837 3171 σωμάτων
2875 3103 2908 3172 ἡ
2947 3102 3164 3165 ἐνωσις.
3193 3103 3270 3155 Οὐ
3301 3103 3479 3157 τοίνυν
3509 3105 3642 3158 ἀθυ-

373 3188 607 3257 dejicere
629 3224 643 3249 ,
680 3187 790 3240 imo
823 3195 1000 3240 tecum
1044 3194 1264 3256 reputes
1314 3187 1460 3256 quod
1492 3196 1650 3240 antea
1680 3186 1822 3253 dixi,
1858 3201 1961 3240 nos

373 3279 568 3347 spiritu
597 3280 768 3346 magis
794 3292 918 3332 esse
948 3278 1295 3348 conjunctos;
1346 3278 1467 3334 ideo
1513 3279 1613 3332 tibi
1642 3293 1704 3332 ea
1733 3279 1960 3333 tenenda

370 3381 457 3426 est
490 3370 658 3424 animi
706 3370 982 3424 contentio
1035 3385 1136 3439 qua
1182 3381 1344 3424 recta:
1401 3369 1688 3425 cohibetur
1733 3369 1962 3424 rationis

375 3480 528 3518 usus.
575 3461 680 3516 Pro
711 3462 917 3516 viribus
944 3462 1129 3528 obsta,
1160 3463 1254 3531 qui
1301 3463 1507 3517 donum
1549 3463 1719 3516 sancti
1753 3461 1965 3530 recepi-

377 3557 445 3609 sti
494 3555 754 3624 Spiritus,
791 3563 843 3609 et
899 3555 1222 3609 sacerdotali
1268 3557 1462 3624 plenus
1504 3556 1864 3610 exsultatione
1897 3554 1962 3608 ad

376 3647 662 3716 pristinam
695 3655 929 3700 mentem
965 3656 1222 3700 converte
1271 3646 1531 3717 gaudium
1572 3645 1718 3716 quod
1747 3644 1965 3700 Christo

373 3749 428 3794 et
482 3741 638 3795 nobis
696 3739 994 3793 humilibus
1050 3740 1171 3808 ejus
1231 3737 1449 3794 fatnulis
1490 3745 1561 3807 γει
1619 3738 1687 3792 ad
1739 3738 1965 3807 gloriam

375 3841 537 3902 atque
571 3831 860 3884 utilitatem
898 3829 1105 3883 factum
1139 3839 1255 3894 est;
1288 3830 1456 3884 animi
1491 3829 1685 3884 deinde
1708 3844 1869 3884 curas
1913 3835 1968 3883 et

377 3924 574 3977 mentis
622 3921 1020 3977 sollicitudines
1093 3923 1251 3992 longe
1326 3921 1569 3990 abjicies.
1657 3921 1810 3991 Saepe
1866 3921 1966 3975 ho-

2066 3191 2189 3258 μεῖν
2214 3190 2386 3254 ἄξιον,
2418 3191 2499 3244 ὅτι
2525 3193 2634 3252 τοῖς
2657 3189 2872 3261 σώμασι
2907 3191 3168 3263 διεστήκα
3179 3211 3300 3263 μεν,
3335 3193 3470 3248 ἀλλά
3505 3197 3642 3266 μᾶλ-

2062 3277 2152 3333 λον
2177 3279 2357 3347 είδὼς,
2387 3281 2524 3349 ὅπερ
2580 3281 2737 3353 ἔφην,
2771 3283 2854 3335 ὅτι
2897 3282 3059 3337 πλέον
3099 3283 3178 3352 τῷ
3211 3283 3482 3354 πνεύματι
3517 3303 3643 3339 συν-

2063 3372 2370 3443 απτόμεθα,
2402 3373 2733 3446 ὑψηλότερος
2757 3374 2919 3443 γενοῦ
2959 3393 3050 3445 μοι
3097 3377 3198 3447 τῆς
3232 3378 3443 3431 ἐκεῖθεν
3485 3394 3642 3448 περι-

2066 3465 2290 3536 σπὼσης
2324 3467 2416 3518 τὸν
2450 3467 2712 3537 λογισμὸν
2750 3469 3107 3539 διοχλήσεως,
3140 3471 3360 3541 καὶτῆς
3393 3473 3644 3543 ἐγκεχει-

2067 3558 2332 3630 ρισμένης
2363 3575 2447 3612 σοι
2491 3561 2640 3629 παρά
2688 3559 2782 3614 τοῦ
2828 3561 3100 3629 παναγίου
3143 3562 3461 3634 Πνεύματος
3521 3565 3643 3628 ὅλος

2065 3645 2140 3700 ὢν
2175 3646 2477 3718 ἱερωτάτης
2518 3649 2895 3717 ἀγαλλιάσεως
2922 3650 3158 3724 πλήρης,
3192 3655 3418 3724 ἀντέχου
3443 3671 3460 3686 ·
3505 3656 3643 3725 πρὸς

2065 3739 2284 3809 ἐκείνην
2331 3738 2428 3810 τὴν
2483 3738 2662 3810 ψυχὴν
2708 3743 3117 3812 περιστρέφων,
3160 3743 3255 3797 καὶ
3302 3745 3400 3817 τὴν
3432 3746 3642 3800 ἐκεῖθεν

2068 3830 2346 3900 φυομένην
2403 3831 2600 3903 ἡδονὴν
2653 3833 2732 3904 τῷ
2778 3835 2993 3905 Σωτῆρι
3031 3837 3247 3890 πάντων
3282 3839 3505 3910 Χριστῷ
3545 3841 3643 3894 καὶ

2067 3921 2200 3988 ἡμῖν
2237 3922 2350 3984 τοῖς
2407 3925 2710 3987 ταπεινοῖς,
2765 3925 2860 3977 καὶ
2923 3924 3024 3996 τὴν
3063 3927 3148 3979 σοὶ
3201 3931 3643 4002 προσγινομένην

376 4017 587 4080 mines,
613 4026 834 4069 terreno
855 4015 1005 4069 lucro
1046 4014 1276 4083 permoti
1322 4029 1538 4085 magna,
1568 4014 1760 4069 itinera
1809 4012 1969 4067 insti-

379 4119 559 4174 tuunt,
595 4110 797 4178 quique
817 4109 1158 4176 parentibus,
1181 4109 1446 4165 uxoribus
1475 4121 1527 4163 et
1555 4109 1741 4162 liberis
1771 4107 1966 4166 orbati,

2067 4011 2226 4076 δόξαν
2273 4028 2332 4064 τε
2363 4013 2460 4068 καὶ
2495 4013 2783 4082 ὠφέλειαν,
2833 4015 3009 4069 ὀπίσω
3035 4018 3202 4087 ῥίψας
3247 4019 3346 4090 τὴν
3379 4021 3641 4090 ἀθυμίαν,

2069 4105 2166 4154 καὶ
2214 4102 2282 4155 τά
2333 4104 2548 4174 ἐκείνης
2605 4106 2742 4177 ἀηδῆ
2796 4106 3160 4177 ἐνοχλήματα.
3203 4110 3264 4162 Εί
3307 4113 3419 4182 γὰρ
3456 4113 3646 4168 ἐνεκεν

381 4217 488 4256 non
521 4202 696 4255 solum
732 4201 976 4252 animum
1024 4215 1132 4252 non
1163 4201 1483 4265 dimittunt,
1517 4201 1611 4255 sed
1641 4198 1956 4268 quandoque

2071 4192 2261 4262 γητνου
2285 4197 2510 4265 κέρδους
2533 4197 2754 4267 μακρὰς
2767 4195 3076 4268 ὁδοιπορίας
3111 4198 3455 4270 στελλόμενοι
3478 4201 3645 4269 τινὲς,

380 4296 628 4349 hilariter
652 4293 963 4347 distantiam
991 4308 1018 4347 a
1053 4294 1168 4349 suis
1199 4293 1644 4363 perferunt,quia
1677 4291 1814 4347 lucri
1849 4307 1956 4362 sper

2073 4285 2167 4338 καὶ
2191 4287 2417 4354 γονέων,
2437 4287 2529 4342 καὶ
2551 4289 2832 4357 γυναικὸς,
2869 4291 2966 4342 καὶ
3042 4290 3251 4345 παίδων
3303 4293 3644 4367 ἀποστερού-

375 4386 659 4440 tris-titiam
697 4387 964 4439 convertit
999 4385 1050 4438 in
1076 4387 1333 4455 gaudium
1366 4401 1384 4451 ;
1417 4385 1547 4454 quid
1595 4399 1689 4439 eos
1721 4385 1956 4453 cogitare

2073 4392 2247 4445 μενοι,
2271 4378 2331 4430 οὐ
2364 4379 2525 4448 μόνον
2551 4380 2652 4433 οὐκ
2691 4379 3018 4450 ἀθυμοῦσιν,
3055 4381 3192 4435 ἀλλά
3235 4385 3328 4436 καὶ
3361 4387 3647 4456 χαίροντες

383 4480 538 4532 decet
564 4519 578 4543 ,
604 4477 696 4547 qui
728 4484 937 4531 tantum
973 4476 1348 4547 adipiscuntur
1371 4484 1670 4546 quaestum,
1702 4483 1956 4544 quantum

2067 4467 2242 4522 ἐνίοτε
2283 4470 2641 4541 ἀναδέχονται
2686 4473 2785 4542 τὴν
2815 4473 3126 4540 διάστασιν,
3163 4474 3358 4545 τῆς’ἐκ
3386 4476 3482 4528 τοῦ
3516 4477 3648 4548 κέρ-

383 4572 487 4640 ipsi
521 4571 695 4640 angeli
731 4570 1074 4624 desiderent?
1119 4569 1271 4634 Quod
1313 4570 1358 4622 si
1389 4577 1585 4622 memet
1623 4567 1838 4622 videndi
1872 4581 1969 4622 co-

384 4666 546 4734 pidus
575 4665 652 4717 sis
699 4672 752 4716 et
782 4663 988 4717 fervido
1047 4661 1254 4716 visendi
1284 4659 1556 4715 desiderio
1600 4658 1794 4729 ﬂagret
1844 4659 1967 4714 ani-

388 4774 511 4814 mus
537 4796 552 4822 ,
584 4767 636 4812 et
664 4755 929 4827 imprimis
981 4757 1026 4810 si
1066 4757 1170 4810 hoc
1222 4754 1353 4808 utile
1391 4754 1546 4808 nobis
1585 4753 1784 4817 fuerit,
1831 4766 1965 4806 con-

386 4849 543 4903 cedat
587 4848 901 4902 misericors
948 4843 1250 4910 Dominus;
1304 4844 1388 4898 sin
1447 4844 1812 4913 possessionis
1839 4859 1970 4913 gau-

386 4942 539 4996 dium
567 4949 791 5002 resecet,
821 4951 985 5008 atque
1013 4937 1161 4992 aliud
1201 4937 1402 4990 tribuat
1431 4937 1622 4992 melius
1643 4977 1659 5004 ,
1701 4939 1846 4994 illius
1869 4953 1970 4994 nos

387 5033 836 5088 commendamus
879 5029 1194 5098 benignitati
1219 5068 1234 5095 ,
1277 5043 1443 5099 quam
1495 5043 1596 5084 nec
1635 5039 1847 5100 tempus
1879 5046 1969 5085 se-

389 5135 589 5197 parat,
636 5141 736 5180 nec
779 5125 967 5188 locus,
1017 5136 1119 5176 nec
1177 5121 1282 5176 alia
1329 5137 1513 5176 rerum
1555 5123 1817 5187 conditio,
1859 5125 1970 5177 imo

391 5214 860 5271 immarcessibilis
882 5211 1331 5281 exspectantibus
1385 5221 1698 5267 reservatur
1759 5211 1965 5265 laatitia.

389 5308 544 5363 Adsit
580 5308 674 5362 tibi
701 5343 718 5372 ,
751 5307 822 5359 mi
851 5304 962 5370 ﬁli,
1003 5302 1166 5357 Pater
1211 5303 1477 5373 benignus
1521 5312 1573 5357 et
1616 5301 1759 5357 Deus
1790 5310 1974 5355 noster

389 5407 684 5468 perpetuo;
719 5405 769 5450 te
798 5404 1079 5460 sustentet,
1107 5395 1198 5466 qui
1217 5395 1496 5466 evangelio
1521 5395 1638 5464 ejus
1672 5391 1970 5456 inservias;

391 5491 508 5556 ipse
541 5487 736 5542 liberet
794 5495 846 5538 te
892 5485 1127 5539 tristitia:
1162 5487 1402 5541 tenebris
1436 5496 1492 5540 et
1537 5482 1966 5552 inexslinguibili

392 5583 565 5634 donet
597 5579 898 5635 hilaritate.

2065 4560 2188 4624 δους
2205 4561 2417 4625 ἐλπίδος
2433 4563 2492 4617 τὸ
2515 4564 2728 4635 χαίρειν
2745 4565 2865 4618 ἀντὶ
2889 4564 2983 4618 τοῦ
3001 4566 3232 4636 ἀθυμεῖν
3253 4568 3646 4639 χαριζομένης,

2064 4656 2117 4707 τί
2147 4655 2227 4708 δεῖ
2252 4658 2471 4727 φρονεῖν
2500 4659 2628 4719 τοὺς
2655 4652 2768 4711 οἷον
2795 4657 3087 4728 μέλλοντας
3129 4662 3440 4729 κερδαίνειν
3476 4661 3512 4715 ἃ
3553 4665 3650 4716 καὶ

2064 4747 2317 4814 ἀγγέλοις
2343 4748 2422 4809 είς
2448 4747 2769 4818 ἐπιθυμίαν,
2789 4752 2884 4804 καὶ
2915 4751 3084 4823 μόνης
3099 4752 3426 4808 καθίσταται
3464 4773 3652 4827 παρατ

2066 4837 2320 4907 κύψεωςς
2373 4836 2513 4892 Ἀλλ’
2545 4839 2695 4902 εἰκὸς
2747 4841 3152 4911 ἐνθυμούμενον
3190 4843 3250 4896 τὸ
3288 4846 3362 4916 μὴ
3395 4845 3474 4899 ἔτι
3506 4847 3647 4919 πρὸς

2068 4927 2195 4980 θέαν
2225 4929 2568 4998 καταστῆναι
2599 4929 2876 5000 ἀλλήλοις,
2931 4934 3246 4987 κεντεῖσθαι
3272 4937 3371 5006 τὴν
3403 4938 3639 5008 καρδίαν

2070 5019 2175 5072 ὑπὸ
2206 5019 2301 5073 τοῦ
2335 5019 2541 5091 θερμοῦ
2591 5023 2728 5093 πρὸς
2776 5024 2922 5091 ἡμᾶς
2966 5024 3156 5088 πόθου,
3187 5026 3423 5095 μάλιστα
3454 5030 3556 5098 μέν
3597 5030 3647 5082 εί

2070 5113 2166 5166 καὶ
2203 5111 2363 5166 τοῦτο
2396 5114 2692 5185 συμφέροι,
2737 5115 2966 5184 παρέξει
2998 5116 3026 5168 ό
3061 5117 3287 5185 ἀγαθός.
3321 5120 3383 5171 El
3423 5117 3480 5170 δέ
3515 5119 3652 5174 ὐπο-

2069 5207 2320 5274 τεμεῖται
2363 5204 2463 5276 τὴν
2507 5206 2767 5278 τοιαύτην
2794 5208 3114 5275 ἀπόλαυσιν,
3156 5209 3270 5262 ἀλλ’
3293 5210 3415 5263 ἀντὶ
3441 5211 3651 5280 ταύτης

2070 5301 2367 5368 χαριεῖται,
2401 5300 2750 5370 πεποίθαμεν
2804 5306 2873 5372 τῇ
2920 5304 3132 5358 ἐκείνου
3178 5305 3513 5375 χρηστότητι
3548 5307 3651 5376 τὴν

2071 5391 2304 5460 ἀμείνω,
2359 5393 2427 5463 ἢν
2479 5391 2603 5446 οὐτε
2656 5395 2848 5465 χρόνος
2887 5395 3190 5466 διατέμνει,
3235 5399 3297 5450 οὐ
3328 5398 3514 5463 τόπος,
3545 5400 3650 5454 οὐκ

2069 5484 2206 5555 ἀλλη
2237 5501 2321 5547 τις
2376 5487 2700 5558 περίστασις
2738 5489 2959 5556 ἔξωθεν,
2995 5491 3112 5544 ἀλλ’
3159 5492 3248 5545 ἀεὶ
3305 5490 3648 5560 παραμένειν

2067 5580 2183 5643 τοῖς
2248 5579 2503 5635 συνοῦσιν
2543 5583 2862 5654 ἀμάραντον
2902 5585 3258 5656 παρεχομένη
3289 5588 3389 5656 τὴν
3419 5585 3644 5657 ἡδονήν.

409 5673 465 5726 ‘U
509 5675 563 5728 δὲ
607 5676 991 5748 φιλάνθρωπος
1036 5675 1195 5748 ἡμῶν
1242 5674 1433 5745 Πατὴρ
1481 5674 1576 5729 καὶ
1605 5672 1754 5745 ,Θεὸς
1822 5673 2009 5742 αὐτὸς,
2049 5676 2242 5730 τέκνον
2271 5676 2452 5746 ἡμῶν,
2509 5675 2686 5732 συνὼν
2758 5678 3104 5744 ἀδιαστάτως
3145 5682 3231 5753 εἴη
3266 5683 3360 5736 καὶ
3395 5697 3643 5736 συναντι-
