4094 6400
445 405 558 470 33⁸1

445 606 724 663 ἀσϐέστου
765 628 828 665 σε
855 615 1223 688 φαιδρότητος
1255 622 1553 688 καταξιῶν.

882 728 1036 786 ΡΙΘ’.
1089 732 1329 804 Ἀνδρέᾳ
1374 739 1642 809 Πατρῶν.

526 839 679 914 Ὅσῃ
716 845 1068 918 ,στενοχωρίᾳ
1121 851 1667 926 περιστοιχιζόμεθα,
1718 859 1813 912 καὶ
1871 860 2043 931 χωρὶς

444 932 547 986 τοῦ
580 935 733 1004 ἡμᾶς
754 936 1048 1003 διδάσκειν,
1076 941 1137 994 ού
1167 941 1494 1014 λογιζόμεθά
1527 964 1612 1012 σε,
1644 947 1835 1004 τέκνον
1857 951 2038 1024 ἡμῶν,

447 1027 694 1094 ἀγνοεῖν.
741 1027 807 1080 Ἦ
838 1028 946 1100 γὰρ
965 1030 1075 1086 τῶν
1106 1035 1450 1104 πραγμάτων
1476 1036 1718 1102 διάθεσις
1754 1041 1857 1095 οὐκ
1891 1042 2039 1098 ἐστιν

447 1118 540 1172 οἶα
584 1118 877 1174 λανθάνειν
905 1126 981 1191 μὴ
1010 1123 1092 1177 δτι
1115 1142 1178 1193 γε
1213 1126 1382 1196 ὑμᾶς,
1409 1129 1528 1183 ἀλλ’
1557 1132 1682 1187 οὐδὲ
1729 1133 1892 1188 ἄλλον
1916 1138 2039 1193 τινὰ

445 1212 546 1263 τὸν
583 1211 842 1282 τυχόντα.
877 1214 978 1269 Διὰ
1016 1216 1176 1272 τοῦτο
1201 1220 1295 1272 ἐπὶ
1331 1223 1444 1286 τοῖς
1475 1225 1711 1281 ἐνταῦθα
1747 1231 2037 1302 συνέχουσι

445 1301 670 1364 κακοῖς,
708 1302 806 1356 καὶ
841 1303 892 1356 οί
950 1304 1011 1370 ἐξ
1056 1306 1258 1376 ἑτέρων
1281 1309 1464 1365 τόπων
1513 1313 1636 1367 καθ’
1663 1301 2036 1388 ἑκάστηνίάφ-

449 1391 768 1462 ικνούμενοι
795 1394 890 1448 καὶ
919 1394 1278 1468 διοχλοῦντες,
1312 1401 1618 1477 βαρυτέραν
1644 1409 1742 1482 τὴν
1773 1428 2038 1484 στενοχω-

451 1485 576 1554 ρίαν
606 1488 746 1556 ἡμῖν
772 1488 1200 1558 ἀπεργάζονται.
1237 1495 1387 1552 Ἔδει
1417 1498 1531 1564 οὖν,
1557 1502 1754 1558 τέκνον
1791 1505 1948 1576 ἐμὸν,
1974 1511 2034 1563 ὲν

449 1577 616 1630 παντὶ
648 1579 838 1650 τρόπῳ
865 1584 1211 1653 προνοεῖσθαι
1236 1587 1348 1644 τῶν
1365 1589 1593 1646 αὐτόθεν
1621 1594 2032 1669 ἀνερχομένων,

449 1670 552 1721 καὶ
605 1669 841 1738 μάλιστα
891 1673 999 1729 ὑπὸ
1045 1682 1146 1750 την
1202 1679 1304 1752 σὴν
1347 1685 1506 1756 χεῖρα
1573 1688 1895 1760 τελούντων,
1955 1693 2033 1767 μὴ

459 1760 790 1817 ἐπιτίθεσθαι
817 1765 954 1836 ημῖν
980 1768 1080 1833 τὰς
1105 1770 1550 1844 διοχλήσεις,κάν
1577 1797 1708 1836 ποτε
1739 1783 1829 1839 διὰ
1867 1760 2031 1842 πταίλ

473 1869 655 1920 σματα
698 1849 781 1909 οἷα
826 1857 977 1926 φιλεί
1003 1859 1073 1916 τὰ
1133 1863 1454 1936 ἀνθρώπινα
1502 1871 1828 1948 ἁποκίνησιν
1886 1882 2033 1946 τινὸς
2075 1875 2086 1888 ’

473 1945 698 2018 συμϐαίη
726 1949 983 2016 γενέσθαι
1014 1957 1115 2026 τῆς
1161 1958 1253 2012 ὑπ’
1277 1960 1461 2016 αὐτῶν
1490 1945 1874 2041 διοικουμένης
1913 1945 2031 2027 διαέ

464 2038 662 2104 κονίας,
709 2040 878 2132 sm;
922 2045 1072 2112 τινὸς
1117 2051 1410 2123 τυγχάνειν
1487 2038 1863 2132 παραμυθίας,

450 2130 676 2193 τούτους
700 2130 891 2206 ῶσπερ
928 2137 1250 2210 ἐξιλαρυνεῐ,
1281 2146 1381 2200 καὶ
1415 2147 1478 2203 τὸ
1515 2130 1751 2210 ἄτακτον

445 2224 550 2292 τῆς
579 2226 812 2296 καρδίας
871 2232 1154 2289 συστεῖλαι
1188 2242 1628 2308 παρασκευάσει.
1668 2246 1786 2303 Νῦν
1823 2224 1882 2305 δέ

443 2316 586 2370 ετπω
611 2319 688 2383 ὡς
721 2320 799 2393 μὴ
829 2321 1122 2394 δυνάμενοι
1161 2329 1340 2396 ἄλλως
1368 2333 1468 2405 τὴν
1516 2339 1793 2396 ἐπώδυνον
1825 2316 2030 2420 ταύτην

440 2407 632 2463 ἕλκειν
658 2411 828 2484 ζωὴν,
856 2416 1000 2472 οὕτω
1029 2425 1480 2497 κατατεινόμενοι
1519 2435 1639 2497 ταῖς
1669 2433 1882 2503 ὀδύναις
1936 2407 2030 2494 κᾶι

438 2501 546 2570 τὴν
579 2500 762 2574 ψυχὴν
788 2513 1233 2584 σπαρασσόμενοι
1270 2516 1409 2588 πρὸς
1435 2519 1506 2574 τὰ
1551 2523 1790 2582 ἐνταῦθα
1850 2500 2030 2603 παρα-

441 2595 692 2662 γίνονται
725 2601 775 2652 οί
814 2602 878 2656 ἐκ
915 2609 1026 2658 τῶν
1040 2608 1257 2663 οἰκείων
1287 2618 1754 2688 παρακινούμενοι
1783 2623 2030 2696 λειτουρ-

440 2684 600 2750 γιῶν.
629 2687 851 2744 Τούτων
880 2692 996 2748 ἔστι
1033 2698 1125 2750 καὶ
1159 2699 1463 2774 Γρηγόριος
1493 2707 1521 2761 ὁ
1555 2684 1809 2782 μοναχὸς,
1838 2715 1898 2779 ὅς
1925 2684 2029 2789 φῖη-

441 2793 559 2845 σιν,
597 2779 1000 2877 άποδεδιῶχθαι
1057 2793 1445 2863 μοναστηρίου,
1480 2797 1541 2851 ὲν
1594 2793 1639 2868 ᾧ
1670 2779 2026 2877 ἀπεκείρατο,

440 2870 539 2922 καὶ
565 2864 630 2926 οὗ
663 2878 1057 2950 προτιμότερος
1087 2877 1156 2954 ἦν
1195 2864 1741 2950 καταπεπιστεῦνσθαι
1768 2864 2027 2970 τῆν’διοίλ

439 2977 635 3032 κησιν,
665 2964 744 3028 ὡς
774 2967 959 3035 ἄλλοις
983 2989 1042 3025 τε
1079 2976 1304 3044 τρόποις
1354 2980 1721 3055 διαφέρουσαν
1749 2964 1901 3063 αὐτῷ
1931 2995 2027 3049 καὶ

438 3057 510 3125 τῇ
541 3056 685 3112 κατὰ
722 3061 1047 3130 συγγένειαν
1069 3066 1163 3120 τοῦ
1186 3071 1250 3125 τὸ
1282 3079 1652 3149 μοναστήριον
1676 3056 2028 3156 συστησαμέ-

438 3163 538 3199 νου
574 3147 937 3225 κληρονομίᾳ.
979 3157 1123 3212 Ἀλλ’
1168 3161 1380 3228 ἐκεῖνος
1433 3147 1546 3238 μὲν
1564 3169 1740 3226 ταῦτα
1795 3147 2026 3246 προστι-

439 3239 677 3305 θεὶ;,ὃτι
703 3243 856 3310 ξένος
887 3264 972 3313 τις
1013 3252 1110 3306 καὶ
1153 3252 1435 3329 ἀλλότριος
1479 3261 1574 3316 καὶ
1607 3263 1780 3336 μηδὲν
1817 3239 2026 3325 δίκαιον

439 3334 521 3433 εἰς
623 3337 813 3407 ἄρχειν
829 3340 923 3394 τοῦ
938 3348 1301 3419 μοναστηρίου
1325 3334 1688 3425 κεκτημένος,
1703 3360 1778 3430 μὴ
1800 3361 2024 3433 τρόπον,

442 3423 687 3531 μηρίον,
724 3430 800 3501 μὴ
825 3436 1065 3507 συγγενῆ
1097 3455 1221 3493 τινα
1244 3423 1540 3514 πρόφασιν,
1567 3423 1718 3519 παρά
1739 3423 2024 3527 σοῦ’προεξ
2054 3468 2101 3531 C

439 3517 610 3590 κρίθη
647 3520 728 3613 είς
762 3522 863 3594 τὴν
901 3527 1162 3602 τοιαύτην
1193 3517 1770 3613 ἐπιστασίανηἮμεῖς
1807 3545 1868 3600 δὲ
1889 3517 2047 3603 τοῦτό

438 3623 529 3712 σοι
561 3612 872 3712 γράφομεῄν,
901 3617 1053 3712 dics!
1084 3622 1188 3692 μὲν
1217 3627 1319 3680 ὀτὸ
1346 3629 1580 3702 γράμμα
1609 3612 1768 3705 ἡμῶν
1785 3638 2040 3712 ἐπικομι-

436 3698 672 3769 ζόμενος
697 3705 1126 3782 άληθῆγὲδίδαξε,
1155 3717 1252 3772 καὶ
1282 3720 1384 3774 οὐκ
1411 3698 1530 3778 ἔστι
1555 3698 1828 3790 τιςυαίτία
1855 3698 2038 3788 κωλύ-

433 3809 580 3847 ουσα
619 3795 716 3850 τοῦ
753 3804 1124 3876 μοναστηρίου
1155 3808 1350 3881 άρχειν
1373 3814 1561 3880 αὑτὸν,
1587 3818 1663 3890 μὴ
1709 3823 2036 3896 ἀποστερεί-

433 3885 557 3941 σθω
596 3891 755 3961 παρὰ
783 3893 884 3965 τῆς
934 3896 1091 3967 ὑμῶν
1138 3900 1418 3973 θεοφιλίας
1467 3885 1599 3979 τῆς⁷
1625 3885 2030 3988 ἐπιϐαλλούσης

430 3981 593 4053 αὐτῷ
628 3985 773 4040 κατὰ
800 3987 894 4042 τὸν
931 3990 1027 4045 τοῦ
1083 3992 1300 4050 δικαίου
1331 3997 1490 4068 λόγον
1537 4004 1926 4075 ήγουμενείας.

431 4074 490 4128 δέ
519 4094 572 4131 τι
605 4078 760 4133 ἐστιν
800 4081 1140 4157 ἐναντίωμα,
1168 4088 1236 4142 δι’
1275 4083 1338 4144 οὗ
1387 4094 1608 4160 ἀνάξιος
1637 4074 2021 4160 ἀναδείκνυται

428 4173 537 4240 τῆς
603 4175 865 4248 τοιαύτης
895 4180 1097 4252 ἀρχῆς,
1126 4185 1268 4250 τέως
1311 4187 1410 4259 τῆς
1451 4191 1811 4268 ὀφειλομένης
1837 4215 2022 4269 παρα-

1913 421 2329 484 ΕΡΙὸΤΟιιΈ.

441 513 876 588 λαμϐανόμενος
917 519 1001 588 οἷς
1036 523 1307 592 διακονεῖς
1361 528 1440 601 τῷ
1497 529 1821 605 Εὑαγγελίῳ
1867 533 2064 600 αὐτοῦ,

2064 719 2113 777 Δ

1913 2066 2036 2137 1ἰτις
2067 2111 2108 2168 Β

3630 430 3733 497 338

2134 534 2231 587 καὶ
2283 534 2428 587 λύων
2491 533 2674 606 πάσης
2744 536 2974 610 άκηδίας
3035 542 3488 614 σκυθρωπότητα,
3519 543 3615 598 καὶ
3637 543 3744 612 τῆς

2388 710 2579 768 CXIX.
2603 743 2666 758 -
2689 714 2918 773 Andreas
2944 717 3195 777 Patrensi
3225 724 3486 794 episcopo.

2218 821 2434 889 Quanta
2491 825 2900 884 circumdemur
2953 832 3250 902 angustia,
3309 835 3412 891 etsi
3479 834 3577 891 tibi
3626 852 3734 894 non

2143 913 2471 970 mandemus
2498 955 2514 982 ,
2545 917 2620 971 mi
2649 917 2724 972 ﬁli
2752 958 2767 985 ,
2803 928 2984 976 tamen
3040 923 3291 994 ignorare
3333 941 3444 982 non
3505 930 3770 1008 poteris”

2142 1001 2304 1060 Tales
2332 1005 2478 1060 enim
2508 1016 2638 1086 sunt
2661 1023 2843 1064 rerum
2872 1011 3266 1081 conjuncturae,
3298 1025 3356 1072 ut
3418 1031 3518 1074 nec
3553 1027 3604 1072 te
3637 1001 3766 1074 nec!

2141 1098 2452 1168 quempiam
2502 1099 2668 1157 alium
2730 1102 3012 1173 effugiant.
3071 1106 3350 1176 Siquidem
3408 1110 3474 1165 ad
3517 1123 3580 1166 ea
3615 1127 3739 1182 quae

2140 1205 2242 1246 nos
2295 1191 2610 1262 opprimunt
2648 1194 2960 1258 mala.alia
3011 1199 3254 1268 quotidie
3306 1215 3372 1255 ex
3420 1199 3544 1258 aliis
3597 1203 3737 1260 locis

2139 1282 2390 1341 homines
2413 1285 2696 1342 confluunt
2723 1296 2777 1343 et
2809 1304 2910 1344 nos
2941 1301 3192 1360 gravatos
3225 1292 3398 1362 magis
3430 1303 3737 1352 coarctant.

2137 1375 2430 1448 Propterea
2461 1380 2552 1448 qui
2587 1379 2820 1437 diversis
2866 1391 3111 1452 praesunt
3142 1383 3277 1440 locis
3310 1397 3529 1439 omnem
3561 1386 3726 1440 adhi-

2137 1467 2270 1524 bere
2295 1469 2565 1525 debebant
2586 1471 3013 1528 sollicitudinem
3061 1481 3114 1530 et
3136 1474 3396 1541 maxime,
3424 1482 3501 1541 tu,
3545 1475 3736 1539 mimi,

2133 1574 2261 1631 erga
2323 1561 2576 1619 subditos
2625 1572 2754 1620 tuos
2801 1607 2817 1630 ,
2880 1580 2948 1620 ne
3000 1566 3306 1636 majoribus
3363 1581 3740 1636 premeremur

2137 1650 2644 1722 perturbationibus
2675 1695 2691 1722 ,
2742 1654 2837 1710 ubi
2895 1655 3026 1727 quid
3068 1655 3124 1710 in
3154 1665 3441 1727 utramque
3485 1669 3735 1726 partem,

2129 1741 2277 1812 quod
2306 1743 2446 1799 inter
2477 1744 2724 1801 homines
2752 1745 2926 1812 solet,
2977 1746 3281 1811 arrisisset,
3314 1747 3371 1802 in
3423 1748 3556 1817 ipsis
3602 1748 3737 1804 locis

2133 1833 2412 1904 quodnam
2466 1835 2597 1890 mali
2642 1836 2889 1893 solamen
2934 1837 3020 1893 vel
3067 1836 3374 1894 remedium
3409 1837 3604 1895 fuisset
3633 1839 3738 1894 mi-

2135 1929 2412 1998 nistrare;
2449 1945 2667 2002 semper
2698 1933 2844 1988 enim
2870 1931 3145 2004 ejacentes
3176 1933 3389 2003 erigere
3439 1941 3494 1989 et
3520 1932 3734 1988 inordi-

2136 2031 2333 2087 natos,
2384 2021 2629 2077 animum
2688 2023 2938 2078 addendo
3021 2024 3087 2079 ad
3147 2023 3415 2081 rationem
3475 2024 3738 2080 reducere

2137 2119 2384 2168 nostrum
2415 2123 2519 2170 est.
2546 2113 2691 2182 Quid
2741 2117 2911 2186 quod,
2950 2132 3077 2173 cum
3109 2129 3276 2173 Vitam
3319 2117 3583 2173 aerumnis
3612 2133 3737 2187 per—

2142 2201 2374 2260 fractam
2411 2205 2628 2262 trahere
2650 2205 2762 2277 jam
2795 2223 2904 2263 non
2933 2209 3164 2280 possim,
3196 2225 3319 2265 cum
3350 2208 3735 2265 amictionibus

2138 2293 2518 2355 distendantur
2557 2299 2712 2354 nervi
2755 2308 2810 2356 et
2855 2301 3076 2356 animus
3115 2301 3501 2372 prosternitur,
3529 2301 3734 2356 adven-

2139 2394 2256 2442 tant
2277 2401 2345 2442 ex
2378 2389 2609 2457 vestris,
2649 2391 2744 2461 qui
2776 2391 3014 2464 majores
3037 2393 3092 2448 in
3147 2409 3234 2450 me
3263 2395 3500 2449 excitent
3531 2408 3732 2449 aerum—

2138 2492 2259 2534 nas.
2293 2478 2440 2535 Inter
2491 2480 2594 2536 hos
2643 2483 2747 2539 fuit
2797 2481 3096 2555 Gregorius
3147 2485 3491 2554 monachus,
3524 2484 3619 2555 qui
3673 2500 3734 2538 se

2138 2570 2474 2625 monasterio
2497 2572 2784 2642 expulsum
2816 2574 2986 2651 dicit,
3029 2575 3084 2630 in
3116 2591 3220 2632 suo
3251 2585 3374 2632 vota
3398 2574 3607 2631 fecerat
3633 2615 3646 2640 ,
3682 2585 3734 2629 et

2136 2658 2208 2713 ob
2278 2660 2510 2718 virtutes
2579 2678 2716 2719 suas
2794 2666 3159 2736 principatum
3208 2667 3554 2735 obtinuerat;
3611 2682 3735 2736 quae

2135 2747 2372 2819 dignitas
2441 2753 2491 2806 ei
2557 2755 2920 2810 conveniebat
2969 2757 3270 2826 praesertim
3312 2757 3467 2828 juxta
3514 2757 3734 2813 familiae

2134 2853 2250 2896 suae
2300 2842 2560 2898 tributam
2601 2844 2993 2902 haereditatem.
3047 2847 3210 2903 Addit
3274 2863 3495 2919 quoque
3540 2849 3733 2917 hospi-

2135 2936 2242 2985 tem
2275 2946 2604 3003 quemquam
2631 2947 2685 2991 et
2709 2935 3092 3008 alienigenam,
3121 2939 3212 3009 qui
3243 2942 3310 2995 ad
3337 2940 3730 2996 monasterium

2135 3024 2432 3091 regendum
2463 3025 2670 3081 nullum
2703 3026 2796 3098 jus
2842 3029 3039 3097 habet,
3072 3046 3172 3087 nec
3201 3031 3480 3087 meliorem
3515 3032 3732 3091 vivendi

2132 3113 2422 3180 rationem,
2459 3131 2559 3172 nec
2580 3117 2726 3173 aliud
2752 3119 3020 3190 ejusmodi
3047 3120 3315 3180 familiare
3373 3124 3571 3181 oﬂ‘erre
3599 3141 3730 3196 pos-

2133 3206 2226 3272 sit,
2251 3221 2282 3260 a
2322 3213 2374 3260 te
2401 3207 2455 3261 in
2484 3211 2806 3266 monasterii
2850 3213 3096 3284 regimen
3141 3215 3500 3272 substitutum
3538 3216 3730 3274 fuisse.

2134 3293 2249 3352 Hoc
2274 3297 2369 3353 tibi
2413 3301 2744 3371 scribimus,
2789 3305 2923 3360 utsi
2955 3305 3166 3364 litteras
3213 3317 3432 3366 nostras
3481 3307 3730 3365 deferens

2133 3388 2449 3459 allegaverit
2479 3407 2689 3461 verum,
2739 3403 2793 3450 et
2828 3397 2978 3453 nulla
3009 3398 3152 3454 adsit
3185 3415 3352 3456 causa
3378 3440 3392 3463 ,
3425 3416 3546 3471 quae
3573 3399 3731 3457 illum

2133 3495 2164 3535 a
2193 3484 2529 3541 monasterio
2579 3487 2821 3558 regendo
2844 3499 3119 3546 removeat
3145 3531 3160 3556 ,
3192 3491 3435 3548 charitas
3477 3508 3585 3547 non
3613 3493 3727 3563 pri-

2145 3581 2337 3628 vatnra
2397 3574 2466 3630 sit
2516 3577 2782 3649 regimine
2817 3581 2964 3651 quod
3002 3583 3068 3637 ad
3098 3582 3252 3638 illum
3293 3582 3416 3652 jure
3444 3591 3499 3640 et
3529 3585 3726 3641 merito

2141 3663 2394 3731 pertinet.
2440 3665 2696 3724 Attamen
2736 3672 2783 3726 si
2843 3672 2973 3742 quid
3019 3673 3263 3730 obstaret
3302 3675 3599 3745 quominus
3631 3676 3725 3731 illo

2139 3769 2362 3810 munere
2394 3756 2592 3828 dignus
2623 3761 2917 3829 videretur,
2947 3765 3002 3819 in
3027 3773 3292 3835 quantum
3347 3765 3462 3822 ﬁeri
3505 3777 3724 3837 potest,

2135 3842 2404 3899 habeatur
2431 3846 2803 3919 indulgentius
2824 3893 2839 3919 ,
2868 3861 2925 3908 et
2960 3853 3128 3908 vitam
3162 3854 3623 3911 calamitosiorem
3654 3872 3724 3912 ne

2131 3932 2317 3990 ducat.
2353 3935 2595 4007 Siquam
2618 3942 2685 3996 de
2716 3942 2998 4001 doloribus
3037 3953 3092 4002 et
3128 3945 3492 4004 aftictionibus
3527 3962 3717 4004 curam

2131 4025 2301 4084 habes
2357 4031 2583 4098 nostris,
2645 4033 2723 4089 mi
2757 4035 2871 4105 ﬁli,
2908 4045 2960 4093 te
3004 4037 3186 4110 ipsum
3234 4039 3496 4096 omnibus
3541 4038 3721 4096 modis

2129 4121 2373 4188 prabeas
2408 4123 2717 4191 pontiﬁcem
2742 4125 2872 4192 Dei,
2898 4144 3001 4185 nec
3035 4146 3276 4203 unquam
3328 4132 3730 4206 benignitatem

2125 4222 2254 4280 erga
2289 4210 2468 4282 ipsum
2498 4226 2529 4268 e
2554 4215 2722 4271 corde
2748 4227 2841 4274 tuo
2869 4218 3078 4290 ejicias.

429 4265 646 4336 μυθέας
678 4272 774 4391 καὶ
789 4270 888 4391 τῆς
909 4274 1034 4330 ὅσον
1061 4278 1180 4332 ἐστὶ
1204 4279 1430 4337 δυνατὸν
1455 4265 1898 4363 άστενοχωρητου
1921 4265 2106 4370 ⁷ζωῆς,
2148 4265 2278 4357 εἴτι
2311 4265 2400 4358 σοὶ
2443 4265 2843 4378 neten—Ex};
2872 4265 3097 4384 νήξιξᾷ,
3128 4315 3237 4371 τῶν
3283 4316 3563 4391 ἡμετέρων
3609 4317 3719 4372 θλί.

429 4361 584 4391 ι’.ρι.ι.ι
631 4380 699 4391 ι...
764 4366 787 4391 λ
1049 4387 1133 4391 __,
1189 4373 1202 4391 ε
1318 4375 1332 4391 ο
1469 4377 1484 4391 ο
1579 4381 1592 4391 .
1799 4384 1811 4391 .
1901 4385 1927 4391 Α
2004 4389 2017 4391 -

425 4361 584 4416 item
631 4364 727 4416 καὶ
762 4365 984 4434 ὀδυνῶν,
1046 4373 1210 4426 παντὶ
1236 4375 1424 4448 τρόπῳ
1453 4377 1531 4443 ὡς
1567 4361 1862 4454 ἀρχιερεήὺς
1893 4361 2052 4458 Θεοῦί

427 4456 694 4526 κνυσθαι,
728 4461 1038 4518 καταϐαλοῦ
1070 4465 1173 4536 τὴν
1207 4469 1336 4540 περὶ
1366 4471 1530 4527 αὐτὸν
1555 4476 1840 4546 πρόνοιαν.

835 4579 966 4634 PK'.
1006 4581 1270 4653 Τρύφωνι
1295 4585 1631 4654 μονάζοντι.

2093 4395 2190 4450 καὶ
2223 4397 2618 4474 ἀπαραιτήτως
2677 4404 2913 4475 ὀφείλων
2965 4407 3028 4461 τὸ
3077 4409 3466 4483 φιλάνθρωπον
3517 4413 3722 4476 ἑτιδείέ

2481 4604 2645 4663 CXX.
2688 4639 2760 4651 —
2792 4609 3059 4682 Tryphoni
3085 4615 3366 4678 monacho;

504 4684 618 4739 Καὶ
659 4687 722 4740 τὸ
751 4685 922 4760 δῶρον
965 4691 1165 4761 γλυκὺ,
1195 4696 1294 4749 καὶ
1318 4699 1366 4750 oi
1404 4699 1557 4770 λόγοι
1595 4702 1659 4757 οὐ
1695 4705 1858 4776 μόνον
1881 4708 2016 4776 γλυ-

2192 4714 2575 4775 Munusculum
2620 4723 2838 4793 quidem
2900 4724 3097 4791 dulce,
3145 4727 3309 4782 verba
3405 4739 3552 4786 utem
3605 4748 3715 4790 non

445 4779 574 4841 κείς,
609 4778 750 4834 ἀλλὰ
780 4781 872 4836 καὶ
902 4784 1160 4856 φέροντες
1193 4788 1252 4842 ού
1281 4791 1512 4862 μετρίαν
1549 4794 1736 4851 ἄνεσιν
1761 4798 1870 4854 ἀπὸ
1902 4803 2014 4858 τῶν

449 4869 774 4939 συνεχόντων
802 4873 994 4928 κακῶν
1020 4875 1430 4952 τὴν-ἡμετέραν
1456 4884 1656 4956 ψυχήν.
1688 4890 2015 4966 Προεθυμὴ-

439 4957 537 5030 θην
579 4961 676 5015 οὖν
731 4966 1138 5038 προτρέψασθαι
1189 4969 1289 5042 τὴν
1341 4973 1462 5046 σὴν,
1515 4977 1721 5050 Πάτερ,
1752 4957 2017 5056 ὁσιότητά

429 5053 570 5122 πρὸς
616 5053 719 5124 τὴν
765 5056 875 5111 άπὸ
915 5058 1026 5114 τῶν
1076 5063 1240 5134 ίερῶν
1304 5067 1483 5139 εὐχῶν
1515 5074 1860 5145 παρηγορίαν
1918 5053 2016 5133 καὶ

422 5142 681 5199 διάλυσιν
708 5145 820 5201 τῶν
867 5148 1102 5220 θλίψεων
1135 5153 1314 5224 ἡμῶν.
1359 5157 1502 5212 Ἀλλ’
1554 5142 2017 5240 έκεῖνο-ἐνθυμη-

424 5235 566 5299 θεὶς,
621 5236 698 5301 ὠς
743 5239 792 5292 οί
824 5237 974 5309 λόγοι
1008 5244 1073 5299 ἐκ
1117 5247 1217 5316 τῆς
1261 5251 1558 5324 γινομένης
1613 5256 1868 5327 πράξεως
1911 5235 2017 5314 ἐτὲι

420 5325 539 5380 τῶν
566 5327 733 5381 θείων
760 5331 972 5403 ἀνδρῶν
1006 5333 1348 5403 λαμϐάνουσι
1397 5341 1496 5411 τὴν
1533 5325 1738 5418 φωνὴν,
1775 5348 2014 5422 ἐπέσχον

420 5419 530 5488 τῆς
553 5421 766 5493 τροπῆς
790 5426 1050 5496 ἐμαυτόν.
1082 5429 1156 5482 Σὺ
1189 5431 1245 5484 δέ
1275 5449 1365 5503 μοι
1395 5436 1488 5488 καὶ
1533 5437 1704 5509 χωρὶς
1741 5440 1836 5494 τοῦ
1875 5419 2014 5514 προς

421 5517 730 5584 τρέπεσθαι
769 5521 940 5590 ἡμᾶς,
967 5523 1038 5577 τὰ
1071 5523 1179 5578 τῶν
1234 5527 1534 5596 φιλούντων
1580 5535 1674 5587 καὶ
1718 5538 2009 5612 συνοδυρο-

427 5609 615 5678 μένων
651 5615 764 5676 τοῖς
792 5614 970 5684 φίλοις
992 5616 1092 5670 καὶ
1116 5619 1374 5690 πράττων
1403 5625 1502 5678 καὶ
1536 5627 1764 5695 γράφων
1797 5609 2017 5698 πάντως

422 5701 782 5772 διατελέσεις,
845 5708 941 5762 καὶ
995 5709 1096 5779 τῆς
1164 5713 1322 5782 ήμῶν
1396 5717 1841 5789 ὑπερευχόμενος
1901 5724 2019 5787 πῶς

426 5794 569 5848 εἴπω
619 5798 891 5855 πάντοθεν
942 5802 1392 5876 ἐπηρεαζομένης
1440 5809 1506 5862 ἐκ
1546 5812 1655 5864 τῶν
1685 5811 1911 5882 ἔξωθεν,
1953 5817 2016 5869 ἐκ

425 5891 536 5949 τῶν
566 5892 783 5951 ἔνδοθεν
816 5895 1201 5965 ἐπισταμένων
1245 5900 1592 5973 ταλαιπώρου
1634 5903 1800 5974 ζωῆς,

2121 4809 2297 4864 solum
2323 4811 2503 4868 dulcia
2534 4813 2707 4881 fuere,
2735 4818 2829 4873 sed
2877 4833 3206 4890 magnopere
3235 4821 3470 4878 animam
3501 4824 3716 4882 refove-

2134 4912 2265 4957 runt
2295 4914 2541 4961 nostram
2584 4909 2750 4966 tantis
2777 4910 2936 4968 malis
2962 4914 3381 4972 circumdatam.
3433 4915 3515 4972 Ad
3562 4929 3712 4975 tuam

2121 5006 2270 5064 ergo,
2297 5004 2473 5065 pater,
2514 4997 2868 5072 confugimus
2892 5004 3260 5072 sanctitatem,
3287 5017 3347 5064 ut
3379 5023 3476 5080 per
3493 5021 3715 5068 sanctas

2120 5083 2531 5155 deprecationes
2558 5100 2680 5147 tuas
2712 5091 3068 5152 amictionum
3101 5099 3344 5156 solamen
3395 5111 3453 5158 et
3483 5103 3712 5159 solutio-

2120 5190 2245 5232 nem
2273 5179 2638 5238 inveniamus.
2678 5183 2902 5240 ltLenim
2928 5192 3428 5262 menterevolvens,
3458 5197 3609 5265 quod
3639 5212 3709 5252 ex

2118 5271 2378 5340 operibus
2425 5276 2778 5344 procedentia
2825 5279 2993 5336 verba
3047 5298 3146 5354 per
3199 5295 3420 5344 sanctos
3463 5287 3714 5344 homines

2118 5361 2228 5417 vim
2261 5364 2498 5421 habeant
2549 5367 2822 5439 ingentem
2849 5413 2862 5438 ,
2901 5373 3037 5429 nihil
3091 5377 3234 5433 ultra
3267 5387 3482 5435 mutare
3509 5381 3702 5450 sategi.

2116 5450 2254 5510 Nam
2285 5457 2404 5513 sine
2436 5459 2638 5516 nostris
2659 5463 2915 5531 precibus
2949 5475 3007 5521 tu
3038 5469 3338 5525 amicorum
3369 5483 3518 5524 more
3549 5471 3707 5525 dolo-

2123 5560 2212 5602 res
2251 5558 2471 5607 nostros
2528 5560 2582 5608 et
2628 5568 2819 5610 eorum
2861 5557 2954 5628 qui
3015 5575 3122 5615 una
3167 5561 3349 5631 lugent
3399 5560 3701 5617 amicorum

2116 5634 2370 5707 mitigas;
2418 5641 2674 5709 precibus
2725 5653 2907 5701 autem
2972 5647 3082 5702 tuis
3141 5649 3505 5705 miserrimam
3558 5652 3701 5712 intra

2116 5738 2378 5801 extraque
2409 5734 2670 5805 agitatam
2705 5737 2871 5794 vitam
2901 5740 3232 5797 sublevabis.
