4094 6434
404 416 511 480 339

593 535 782 593 CXXI.
837 536 999 593 Leoni
1022 537 1247 608 patricio
1271 547 1320 592 et
1352 536 1634 593 Anatolico
1654 538 1799 593 duci.

475 725 651 792 Quam
679 724 750 781 ad
793 740 916 790 nos,
949 725 1022 781 mi
1055 725 1126 781 illi
1153 765 1171 792 ,
1207 725 1406 782 misisti
1439 726 1724 797 epistolam
1766 727 1981 798 accepi-

404 832 548 882 mus,
590 826 644 872 et
674 818 879 887 gratias
907 818 1122 889 egimus
1159 819 1393 874 salvanti
1427 829 1477 874 te
1501 820 1719 876 Christo
1753 819 1983 876 Domino

404 918 617 975 nostro,
662 911 779 979 qui,
815 911 894 966 uti
927 911 1282 977 conﬁdimus,
1324 913 1545 967 insitam
1589 914 1684 969 tibi
1718 914 1980 969 virtutem

405 1012 601 1058 contra
639 1005 824 1059 omnia
861 1005 1001 1059 mala
1035 1005 1271 1060 visibilia
1300 1013 1352 1061 et
1381 1005 1676 1062 invisibilia
1705 1006 1979 1062 defendet.

405 1095 553 1162 Haec,
576 1097 647 1151 mi
680 1098 773 1160 liii,
803 1112 926 1152 cum
957 1098 1120 1163 scias,
1145 1114 1271 1153 cum
1302 1100 1520 1169 sapiens
1537 1106 1592 1154 et
1609 1100 1851 1169 prudens
1875 1099 1981 1165 sis,

403 1189 703 1258 perpende,
735 1189 926 1244 oculos
963 1186 1179 1244 Domini
1216 1204 1511 1247 conversos
1537 1206 1662 1247 esse
1700 1191 1755 1246 in
1786 1205 1982 1246 omnes

403 1280 678 1347 homines,
716 1281 956 1337 maxime
984 1290 1168 1338 autem
1226 1282 1283 1337 in
1344 1291 1527 1338 rectos
1581 1282 1777 1350 corde;
1810 1282 1983 1338 omni.

402 1373 508 1427 lius
530 1372 800 1429 contende
827 1375 1035 1431 viribus
1064 1384 1125 1429 ut
1155 1388 1253 1445 per
1285 1385 1489 1430 rectam
1516 1374 1737 1430 incedas
1755 1373 1983 1442 justitire

401 1466 570 1528 viam,
610 1465 683 1520 ita
714 1472 795 1531 ut,
847 1465 917 1520 ab
954 1466 1115 1521 oculo
1150 1465 1243 1522 Dei
1279 1467 1504 1523 assidue
1545 1465 1894 1531 observatus,
1926 1466 1982 1521 in

403 1557 660 1613 omnibus
705 1557 1153 1627 cogitationibus,
1212 1558 1690 1626 meditationibus,
1736 1557 1983 1615 consiliis

401 1656 454 1702 ct
478 1646 792 1703 actionibus
821 1649 889 1705 ad
914 1648 1181 1719 majorem
1219 1650 1411 1705 tendas
1446 1650 1758 1704 utilitatem.
1806 1647 1983 1714 Quam

401 1740 639 1810 denique
663 1742 822 1798 nobis
845 1753 1033 1799 notam
1059 1743 1235 1801 fecisti
1261 1743 1610 1815 petitionem,
1634 1742 1983 1811 adimpleturi

401 1846 617 1899 sumus,
656 1834 821 1890 modo
866 1836 990 1891 talis
1038 1835 1132 1900 sit,
1170 1836 1264 1906 qui
1306 1837 1529 1893 virtutis
1577 1845 1684 1893 ture
1730 1836 1980 1892 testimo-

401 1922 555 1977 nium
610 1924 836 1993 recepit,
880 1933 935 1979 et
964 1927 1215 1981 doctrina
1260 1936 1317 1982 et
1359 1925 1581 1981 vivendi
1628 1926 1869 1992 ratione,
1923 1935 1986 1982 ut

399 2028 581 2084 neque
622 2015 1032 2072 confundamur
1075 2016 1203 2088 ipsi,
1244 2033 1345 2074 nec
1374 2026 1430 2072 tu
1476 2026 1698 2088 propter
1738 2019 1987 2074 testimo-

399 2108 554 2162 nium
589 2113 744 2162 tuum
785 2123 974 2163 coram
1022 2109 1134 2165 Deo
1171 2118 1222 2164 et
1271 2108 1592 2164 hominibus
1633 2107 1989 2178 exprobatio-

400 2213 527 2255 nem
568 2199 894 2267 experieris,
944 2215 1046 2256 nec
1101 2202 1194 2270 qui
1234 2201 1613 2256 testimonium
1663 2200 1871 2269 recepit
1917 2198 1987 2254 ad

399 2307 558 2349 suam
594 2292 771 2361 ipsius
799 2293 1101 2363 perniciem
1136 2295 1190 2349 in
1227 2302 1441 2347 tantum
1474 2293 1797 2348 admittatur
1824 2290 1991 2345 minl~

400 2385 654 2440 sterium.
688 2383 887 2439 Valeas
931 2394 981 2439 et
1019 2384 1290 2441 Dominus
1328 2392 1383 2439 te
1409 2384 1725 2448 custodiat;
1774 2382 1829 2436 in
1877 2381 1979 2437 hac

397 2492 663 2547 prospere
704 2476 926 2533 incedas
951 2477 1062 2533 vita
1089 2487 1144 2533 et
1168 2480 1221 2531 in
1251 2478 1456 2543 futura,
1485 2477 1581 2532 ubi
1616 2475 1776 2531 bonis
1803 2487 1981 2530 reser—

396 2569 543 2625 vatis
583 2584 613 2624 a
638 2567 746 2625 Deo
776 2570 902 2626 [iliis
935 2572 1051 2627 suis
1072 2578 1126 2625 et
1157 2570 1331 2640 gloria
1374 2583 1551 2639 usque
1579 2567 1807 2623 fruaris.

1537 423 1848 483 NICOLAI
1888 423 1995 484 CP.
2040 421 2557 484 ΡΑΤΒΙΑΒΟΗᾹΞ

2009 537 2064 599 Δ
2123 538 2300 593 ΡΚΑ⁹.
2328 537 2541 594 Λέοντι
2569 537 2857 606 πατρικὶφ
2879 538 2976 593 καί
3003 535 3315 610 στρατηγῷ
3346 533 3468 592 τῶν
3505 537 3668 591 Ἀνα-

3559 414 3667 483 340

2729 610 3007 666 τολικῶν.

2169 721 2507 793 Ἐδεξάμεθά
2560 739 2678 787 σου,
2731 721 2923 775 τέκνον
2978 720 3160 791 ἡμῶν,
3220 720 3283 773 τὸ
3322 715 3669 787 διαπεμφθὲν

2086 814 2225 885 πρὸς
2251 815 2402 885 ἡμᾶς
2429 815 2686 886 γράμμα,
2718 813 2812 867 καὶ
2844 812 3334 884 ηὑχαριστήσαμεν
3363 809 3440 880 τῷ
3467 810 3664 877 διαφυ-

2084 904 2334 961 λάττοντί
2367 922 2425 959 σε
2456 902 2679 977 Χριστῷ
2724 903 2803 974 τῷ
2834 904 2955 974 Θεῷ
2996 903 3177 975 ἡμῶν,
3219 902 3278 967 ὃς
3324 898 3672 969 πεποίθαμεν

2084 999 2169 1055 ὅτι
2224 998 2321 1054 καὶ⁸
2378 998 2459 1053 ἔτι
2497 997 2588 1053 διὰ
2644 998 2745 1070 τὴν
2793 998 3106 1069 προσοῦσάν
3158 1015 3244 1050 σοι
3294 995 3503 1067 ἀρετὴν
3569 993 3668 1047 ἐπὶ

2085 1090 2247 1146 πλέον
2275 1089 2592 1162 διατηρήσει
2650 1091 2831 1161 πάσης
2861 1092 2961 1162 μὲν
3018 1089 3325 1161 όρωμένης,
3375 1087 3557 1157 πάσης
3608 1085 3670 1140 δὲ

2087 1183 2325 1255 ἀοράτου
2364 1183 2739 1252 ἐναντιότητος
2778 1182 3136 1254 ὑψηλότερον.
3185 1180 3351 1237 Ἀλλά
3386 1197 3501 1252 μοι,
3541 1178 3672 1232 τέκ-

2086 1294 2176 1332 νον
2218 1277 2400 1347 ἠμῶν,
2429 1275 2588 1330 τοῦτο
2617 1277 2797 1342 εἰδὼς,
2831 1270 2919 1330 οἷα
2949 1276 3014 1347 δὴ
3044 1274 3310 1347 φρόνιμος
3345 1272 3423 1328 ὢν
3451 1273 3545 1326 καὶ
3575 1288 3670 1324 συ-

2086 1368 2262 1435 νετὸς,
2321 1368 2403 1423 ὅτι
2446 1366 2715 1439 ὀφθαλμοὶ
2769 1367 2976 1439 Κυρίου
2995 1366 3381 1421 ίὲπιὸλέπουσι
3432 1362 3532 1434 μὲν
3573 1360 3671 1415 ἐπὶ

2085 1461 2316 1525 πάντας,
2348 1461 2584 1531 μάλιστα
2629 1460 2688 1514 δὲ
2721 1459 2816 1513 ἐπὶ
2863 1459 2991 1522 τοὺς
3037 1455 3217 1522 εὑθεῑς
3266 1454 3366 1528 τὴν
3417 1451 3672 1523 καρδίαν,

2086 1553 2241 1628 πάσῃ
2285 1552 2514 1613 δυνάμει
2542 1552 2766 1623 ἀντέχου
2798 1552 2897 1623 τῆς
2925 1550 3223 1621 εὐθύτητος
3265 1547 3365 1618 τῆς
3393 1543 3674 1599 δικαιοσύ⁴

2086 1663 2205 1718 νης·
2254 1645 2344 1700 ἵνα
2390 1644 2482 1699 διὰ
2517 1645 2719 1709 παντὸς
2766 1643 2860 1697 τοῦ
2916 1643 3065 1696 θείου
3113 1636 3396 1709 ὀφθαλμοῦ
3438 1636 3574 1707 πρὸς
3610 1634 3673 1687 σὲ

2085 1737 2444 1804 ἀτενίζοντος,
2480 1738 2575 1791 καὶ
2616 1737 2752 1808 μηδέ
2793 1735 2924 1790 ποτέ
2961 1751 3021 1788 σε
3052 1730 3578 1801 καταλιμπάνοντος,
3609 1726 3673 1779 ἐν

2088 1831 2253 1885 παντὶ
2286 1830 2383 1884 καὶ
2414 1828 2739 1900 διανοήματι
2785 1828 2879 1882 καὶ
2926 1827 3079 1899 πάσῃ
3120 1824 3323 1897 μελέτῃ
3376 1822 3471 1876 καὶ
3504 1818 3672 1891 βουλῇ

2086 1922 2184 1974 καὶ
2234 1919 2433 1991 πράξει
2472 1919 2611 1991 πρὸς
2652 1918 2713 1972 τὸ
2745 1919 3029 1991 συμφέρον
3082 1919 3203 1988 εἴης
3257 1910 3673 1984 καθοδηγούμε-

2085 2029 2196 2077 νος.
2245 2015 2380 2084 Περὶ
2413 2012 2471 2066 δὲ
2506 2006 2581 2067 ὧν
2636 2012 2886 2083 ἔγραψας
2949 2014 3102 2083 ἡμῖν,
3148 2008 3518 2081 πληρώσομεν
3572 2005 3675 2072 τὴν

2085 2104 2389 2177 ἐξαίτησιν·
2423 2106 2586 2177 μόνον
2615 2105 2856 2169 τοιοῦτος
2875 2104 3015 2158 ἔστω
3042 2107 3069 2158 6
3096 2102 3247 2173 παρὰ
3279 2103 3380 2173 τῆς
3402 2100 3504 2171 σῆς
3531 2115 3680 2171 μαρ-

2084 2199 2422 2271 τυρούμενος
2484 2201 2690 2271 ἀρετῆς
2731 2202 2824 2255 καὶ
2867 2199 3014 2254 κατὰ
3052 2197 3363 2263 παίδευσιν,
3393 2199 3495 2251 καὶ
3528 2194 3675 2249 κατὰ

2084 2294 2184 2366 τὴν
2234 2293 2403 2366 ἄλλην
2458 2292 2554 2347 τοῦ
2602 2292 2720 2365 βίου
2767 2292 2932 2348 αὑτοῦ
2980 2291 3341 2356 κατάστασιν,
3403 2290 3490 2343 ἵνα
3537 2286 3675 2358 μήτε

2083 2388 2246 2456 ἡμεῖς
2274 2386 2675 2459 αἰσχυνθῶμεν,
2719 2388 2858 2459 μήτε
2907 2385 3071 2449 αὑτὸς
3116 2386 3208 2439 ἐπὶ
3257 2385 3321 2454 τῇ
3357 2386 3423 2454 σῇ
3468 2396 3679 2451 μαρτν-

2088 2478 2183 2550 ρίᾳ
2241 2479 2336 2533 καὶ
2393 2479 2546 2551 παρὰ
2595 2480 2718 2552 Θεῷ
2758 2479 2853 2533 καὶ
2888 2479 3042 2549 παρὰ
3099 2475 3412 2549 ἀνθρώποις
3465 2471 3677 2544 μέμψιν

2087 2570 2323 2643 εὑρεθῇς
2355 2573 2793 2645 ἀποφερόμενος,
2838 2572 2977 2643 μήτε
3019 2573 3046 2625 6
3095 2567 3546 2641 μαρτυρούμενος
3594 2564 3679 2625 είς

397 2667 720 2739 κατάκριμα
752 2668 886 2722 ἴδιον
928 2670 1012 2732 εἰς
1054 2668 1155 2739 τὴν
1201 2667 1463 2737 τοιαύτην
1531 2664 1852 2737 προσληφθῇ
1894 2665 2193 2724 διακονίαν.
2239 2667 2590 2741 Ἐρρωμένον
2658 2685 2718 2722 σε
2781 2665 3100 2737 διαφυλάξοι
3169 2667 3198 2720 6
3233 2664 3460 2735 Κύριος,
3493 2659 3588 2712 καὶ
3616 2658 3677 2710 ὲν

395 2758 476 2830 τῷ
517 2760 746 2829 παρόντι
786 2758 1142 2829 εὑοδούμενον
1196 2757 1321 2829 βίῳ,
1354 2757 1453 2811 καὶ
1504 2756 1565 2811 ὲν
1594 2755 1673 2826 τῷ
1726 2755 1979 2827 μέλλοντι
2051 2758 2152 2828 τῆς
2220 2759 2660 2831 ἑτοιμαζομένης
2723 2757 2893 2830 τιμῆς
2970 2761 3065 2812 καὶ
3157 2755 3515 2817 ἀπολαύσεως
3561 2752 3679 2813 τοῖς

396 2850 787 2924 εὑαρεστοῦσιν
836 2851 988 2922 αὑτῷ
1020 2851 1097 2921 μὴ
1138 2850 1548 2907 ἀποπίπτοντα.

788 2965 1003 3023 CXXII.
1044 2965 1322 3020 Ambrosio
1350 2966 1615 3037 episcopo.

464 3083 546 3139 Ad
605 3081 921 3139 communia
999 3095 1122 3150 quae
1180 3096 1283 3136 nos
1332 3079 1751 3135 incommodant
1794 3079 1977 3145 mala,

2418 2964 2596 3021 PKB’.
2654 2965 2982 3035 Ἀμΰροσίῳ
3019 2964 3354 3033 ἐπισκόπῳ.

2174 3076 2301 3131 Ἐπὶ
2348 3079 2464 3141 τοῖς
2528 3079 2813 3149 συνέχουσι
2874 3077 3070 3142 κοινῶς
3117 3078 3269 3149 ἡμᾶς
3309 3077 3524 3147 ἄλγεσι,
3574 3079 3676 3133 καὶ

395 3173 594 3248 privati
626 3179 981 3229 accesserunt
1011 3171 1229 3227 dolores
1253 3187 1321 3226 ex
1345 3170 1547 3225 litteris
1575 3170 1707 3238 tuis,
1778 3169 1982 3241 quibus

2087 3168 2185 3223 νῦν
2223 3169 2371 3233 ἰδίως
2401 3170 2686 3239 ἀλγήματι
2728 3170 2791 3225 τὸ
2823 3168 2916 3225 σὺν
2947 3170 3234 3242 δεξάμενοι
3269 3172 3679 3245 συνεσχέθημεν

395 3266 689 3323 didicimus
718 3273 772 3319 te
817 3276 1010 3330 rursus
1048 3265 1100 3318 in
1137 3264 1386 3318 morbum
1418 3263 1705 3328 incidisse,
1752 3279 1855 3319 nec
1891 3278 1986 3321 so-

396 3359 512 3414 lum
558 3357 687 3428 quia
741 3356 982 3410 filiorum
1048 3355 1266 3411 dolores
1323 3354 1496 3410 nostri
1540 3356 1760 3412 dolores
1807 3358 1979 3422 liunt,

397 3448 494 3506 sed
527 3449 596 3503 ob
654 3447 790 3503 alias
828 3462 1050 3518 quoque
1092 3461 1290 3502 causas
1326 3463 1447 3516 qua:
1481 3458 1782 3519 temporum
1820 3449 1984 3504 vicis-

397 3540 738 3599 situdinibus
769 3541 1045 3595 oriuntur.
1089 3538 1206 3595 Tua
1248 3539 1491 3611 quidem,
1527 3558 1650 3611 quae
1681 3541 1855 3612 gratia
1884 3541 1984 3598 Dei

396 3646 616 3688 summa
651 3641 755 3697 est,
808 3631 1189 3700 intelligentia,
1211 3640 1268 3688 ut
1295 3632 1568 3703 justitiam
1606 3634 1785 3700 decet,
1818 3633 1986 3689 mini«

398 3726 626 3780 sterium
657 3724 752 3781 Dei
779 3726 1033 3796 provehit
1064 3735 1121 3781 et
1166 3727 1247 3782 sic
1272 3729 1441 3782 vitam
1487 3736 1734 3783 nostram
1780 3741 1959 3782 moero

397 3819 552 3873 ribus
595 3818 905 3874 confectam
964 3833 1073 3873 non
1120 3819 1312 3875 leviter
1357 3819 1613 3889 adjuvat;
1664 3819 1804 3875 adde
1835 3818 1981 3886 quod

399 3923 544 3980 saepe
576 3909 825 3981 corporis
864 3910 1035 3965 moles
1065 3925 1096 3965 a
1131 3910 1337 3966 servitii
1378 3911 1572 3967 olliciis
1603 3920 1831 3977 avocat;
1859 3909 1985 3964 inde

396 4002 458 4057 ﬁt
488 4011 567 4066 ut,
610 4017 720 4072 quo
762 4005 915 4073 prius
954 4001 1285 4075 fruehamur
1316 4003 1494 4060 oliicio
1517 4004 1630 4075 jam
1666 4004 1769 4075 ipsi
1807 4005 1985 4074 prive-

398 4111 544 4149 mur.
579 4092 947 4151 Nihilominus
982 4098 1039 4150 in
1083 4097 1169 4152 his
1198 4072 1339 4153 sicin
1366 4096 1421 4152 in
1451 4097 1662 4152 caeteris
1697 4107 1981 4153 converta-

401 4200 526 4242 mur
591 4188 658 4243 ad
719 4203 1072 4243 communem
1123 4188 1463 4244 Salvatorem
1525 4199 1580 4246 et
1641 4190 1983 4258 adjutorem,

396 4278 662 4333 auxilium
714 4278 913 4333 exinde
963 4287 1288 4347 sperantes;
1328 4294 1608 4349 nunquam
1665 4277 1811 4334 enim
1847 4276 1984 4348 abji-

397 4369 594 4425 cienda
616 4383 763 4439 spes,
791 4384 915 4423 cum
953 4369 1162 4423 viscera
1190 4370 1579 4426 misericordia:
1618 4371 1738 4442 ejus
1762 4381 1985 4441 peccata

396 4469 589 4516 nostra
624 4471 902 4530 superent.
941 4460 1080 4528 Quid
1125 4472 1308 4515 autem
1352 4461 1589 4517 scribam
1634 4465 1702 4518 de
1732 4478 1982 4518 commu-

398 4553 565 4608 nihus
598 4552 855 4608 Ecclesia:
886 4554 1189 4609 aerumnis?
1230 4554 1502 4609 Intentius
1534 4555 1655 4621 tibi,
1698 4564 1753 4610 et
1785 4557 1830 4612 si
1857 4558 1983 4626 quis
2011 4547 2054 4607 C

398 4644 542 4700 alius
568 4644 753 4714 ﬁdelis
792 4654 848 4701 et
896 4644 1056 4701 fortis
1099 4645 1411 4701 divinorum
1466 4662 1754 4703 munerqu
1803 4649 1978 4706 haeres

399 4739 505 4797 cst,
533 4734 853 4789 instandum
880 4745 936 4791 et
970 4735 1259 4804 petendum
1292 4745 1350 4791 ut
1379 4739 1682 4792 secundum
1728 4754 1981 4810 magnam

397 4832 452 4878 et
479 4840 777 4894 perennem
810 4826 1219 4897 benignitatem
1238 4843 1395 4883 suam
1434 4844 1536 4884 nos
1577 4831 1865 4900 suscipiat.
1902 4828 1982 4883 Ex

399 4916 715 4973 hominibus
744 4919 890 4974 enim
925 4934 1027 4974 nee
1061 4919 1306 4975 solamen
1334 4937 1436 4977 nec
1462 4921 1795 4977 solutionem
1828 4922 1984 4978 inve-

396 5010 520 5065 nire
546 5024 844 5079 possumus
882 5011 935 5069 in
968 5012 1136 5066 tantis
1167 5027 1234 5067 ac
1278 5022 1389 5069 tam
1432 5013 1802 5070 ineﬁ‘abilibus
1833 5015 1981 5069 cala-

393 5103 704 5167 mitatibus,
744 5120 869 5173 quae
899 5106 1142 5176 undique
1167 5106 1436 5163 adversus
1465 5108 1764 5164 Ecclesiam
1795 5107 1983 5163 insur-

394 5205 559 5266 gunt,
600 5206 656 5252 et
695 5205 918 5267 propter
961 5207 1186 5268 peccata
1233 5210 1422 5254 nostra
1472 5200 1650 5270 magis
1693 5200 1982 5269 magisque

396 5296 665 5358 augentur
713 5298 769 5343 et
809 5289 1104 5346 hodiedtun
1156 5306 1229 5346 ne
1283 5290 1557 5344 tantillum
1605 5289 1832 5361 quidem
1880 5289 1982 5346 de-

392 5391 668 5441 crescunt.

656 5596 896 5654 CXXIII.
941 5600 1170 5653 Andreae
1198 5598 1452 5654 Patrensi
1478 5616 1741 5671 episcopo.

463 5711 598 5777 Quae
642 5715 850 5769 sanctis
892 5713 986 5769 Dei
1035 5715 1295 5772 Ecclesiis
1346 5719 1661 5773 communia
1713 5719 1979 5776 incubant

394 5803 561 5869 mala,
601 5804 967 5860 humilitatem
1020 5818 1265 5864 nostram
1315 5826 1420 5864 non
1472 5811 1724 5877 laterent,
1758 5813 1976 5870 etiamsi

400 5891 585 5949 nullus
621 5893 688 5950 de
717 5894 786 5949 iis
822 5898 1092 5956 scriberet
1135 5912 1232 5958 aut
1259 5903 1426 5961 verbo
1453 5906 1786 5965 mentionem
1824 5908 1969 5965 face-

2086 3264 2351 3333 γράμμα,
2410 3263 2800 3334 μεμαθηκότες
2839 3264 3007 3318 πάλιν
3065 3263 3412 3321 ἐπιτίθεσθαι
3461 3282 3544 3320 σοι
3576 3268 3679 3330 τὰς

2089 3357 2303 3422 νόσους,
2346 3355 2407 3408 οὐ
2442 3354 2605 3425 μόνον
2635 3355 2718 3408 ὅτι
2769 3355 2839 3410 τὰ
2869 3357 3017 3427 πάθη
3051 3358 3162 3411 τῶν
3190 3358 3397 3413 τέκνων
3445 3358 3553 3412 ίδια
3589 3358 3679 3428 γίο

2085 3464 2262 3512 νεται,
2318 3445 2435 3499 ἀλλ’
2472 3448 2554 3500 ὅτι
2606 3449 2701 3501 καὶ
2742 3451 2865 3511 ταῖς
2910 3450 3360 3516 ἀνακυπτούσαις
3387 3453 3606 3522 χρείαις
3640 3453 3676 3523 ἡ

2091 3542 2159 3611 σὴ
2209 3541 2396 3612 χάριτι
2455 3540 2592 3594 Θεοῦ
2642 3541 3134 3614 ὲξυπηρετουμένη
3190 3545 3433 3609 σύνεσις,
3492 3545 3680 3611 καθώς

2089 3636 2206 3687 ἐστι
2241 3634 2395 3703 φίλον
2423 3638 2490 3707 τῇ
2528 3635 2869 3709 δικαιοσύνῃ,
2896 3636 2990 3690 καὶ
3020 3636 3236 3708 πρέπον
3275 3637 3411 3691 Θεοῦ
3440 3637 3680 3713 λειτουρ-

2090 3730 2232 3797 γοῖς,
2275 3728 2369 3783 καὶ
2411 3728 2501 3782 διὰ
2541 3728 2701 3782 τοῦτο
2749 3728 3133 3801 θεραπεύουσα
3182 3731 3243 3785 οὑ
3295 3732 3513 3803 μικρῶς
3580 3733 3681 3805 τὴν

2092 3818 2434 3875 πολυὼδυνον
2470 3821 2629 3891 ἡμῶν
2665 3821 2866 3893 ψυχὴν,
2897 3823 3159 3891 ἐμπόδιον
3188 3822 3298 3892 ἕξει
3333 3824 3434 3897 τὴν
3474 3827 3539 3879 ἐκ
3570 3824 3678 3878 τῶν

2093 3912 2274 3968 πόνων
2324 3914 2550 3985 ὖχλησιν
2580 3917 2717 3985 πρὸς
2745 3917 2847 3986 τὴν
2872 3918 3132 3988 τοιαύτην
3174 3919 3509 3991 ὑπηρεσίαν,
3536 3920 3594 3987 ἐξ
3615 3912 3677 3973 οὗ

2093 4004 2381 4074 συμϐαίνει
2425 4007 2520 4058 καὶ
2562 4006 2715 4076 ἡμᾶς
2744 4007 3193 4077 ἀποστερεῖσθαι,
3233 4004 3301 4082 ἧς
3328 4010 3681 4080 ἀπελαύομεν

2093 4096 2413 4166 θεραπείας·
2465 4098 2617 4169 ὅμως
2678 4099 2771 4153 καὶ
2816 4099 2934 4166 νῦν,
2989 4100 3181 4170 ὥσπερ
3226 4104 3285 4156 ὲν
3332 4104 3494 4171 πᾶσι,
3542 4105 3681 4174 πρὸς

2088 4190 2182 4244 τὸν
2221 4190 2403 4246 κοινὸν
2444 4192 2680 4263 Σωτῆρα
2717 4191 2815 4246 καὶ
2845 4192 3041 4264 βοηθὸν
3081 4195 3475 4266 ἀναφέροντες,
3519 4196 3680 4249 ἐλπί-

2091 4283 2264 4354 ζομεν
2299 4285 2488 4353 τυχεῖν
2533 4283 2639 4353 τῆς
2674 4282 2889 4338 ἐκεῖθεν
2928 4285 3276 4357 ἑπικουρίαςν
3324 4285 3421 4340 καὶ
3470 4286 3546 4357 μὴ
3576 4286 3681 4356 τῆς

2090 4377 2308 4441 ἐλπίδος
2366 4376 2453 4448 εἴη
2527 4377 2830 4443 διαπεσεῖν,
2899 4380 2929 4431 6
2981 4378 3320 4450 σπλάγχνοις
3370 4379 3685 4451 φιλανθρω-

2091 4471 2225 4535 πίας
2292 4469 2392 4535 τὰς
2435 4470 2597 4542 ἡμῶν
2648 4470 3003 4545 ὑπερϐαίνων
3058 4473 3364 4543 ἁμαρτίας.
3422 4474 3560 4543 Περὶ
3619 4473 3681 4527 δὲ

2087 4565 2198 4617 τῶν
2236 4564 2435 4617 κοινῶν
2477 4563 2582 4633 τῆς
2634 4564 2978 4636 Ἐκκλησίας
3054 4565 3249 4621 παθῶν
3311 4566 3367 4620 τί
3422 4568 3678 4638 γράφω;

2088 4656 2290 4728 Στῆναι
2339 4656 2480 4728 πρὸς
2517 4656 2654 4711 Θεὸν
2681 4657 3083 4731 συντονώτερον
3133 4658 3230 4713 καὶ
3271 4659 3331 4713 σὲ
3375 4660 3470 4714 καὶ
3497 4660 3551 4715 εἰ
3594 4675 3683 4724 τις

2086 4750 2275 4820 ἕτερος
2324 4749 2512 4819 θεῖκῆς
2577 4750 2701 4802 ἐστι
2767 4751 3084 4821 παρρησίας
3154 4750 3518 4823 κληρονόμος,
3583 4752 3682 4805 καὶ

2093 4842 2278 4893 πεῖσαι
2323 4839 2486 4893 αὑτὸν
2543 4839 3035 4895 συναντιλασέσθαι
3074 4842 3220 4897 κατὰ
3269 4842 3369 4914 τὴν
3430 4842 3680 4913 μεγάλην

2088 4931 2255 4986 αὑτοῦ
2287 4933 2382 4986 καὶ
2411 4932 2825 5005 ἀνεξιχνίαστον
2845 4934 3106 4991 ⁸σύνεσιν.
3138 4938 3212 4990 Οὐ
3268 4937 3380 5007 γὰρ
3412 4936 3567 4989 ἔστιν
3619 4932 3681 5001 ἐξ

2087 5026 2394 5098 ἀνθρώπων
2439 5028 2621 5100 εὑρεῖν
2671 5028 3024 5101 παραμύθιον
3060 5030 3180 5084 οὐδὲ
3212 5028 3367 5083 λύσιν
3404 5030 3504 5100 τῆς
3550 5045 3683 5083 τοσ-

2090 5117 2264 5188 αύτης
2297 5118 2393 5172 καὶ
2432 5119 2793 5191 ἀνιστορήτου
2840 5122 2984 5175 κατὰ
3003 5121 3103 5190 τῆς
3159 5121 3492 5192 Ἐκκλησίας
3538 5120 3679 5174 ἑπα-

2085 5211 2364 5281 ναστάσης
2426 5214 2700 5283 ἐπηρείας
2759 5230 2818 5267 τε
2886 5214 2981 5268 καὶ
3030 5214 3357 5280 κακώσεως,
3418 5215 3516 5268 καὶ
3583 5214 3676 5269 ἀεὶ

2091 5305 2190 5375 μὲν
2221 5303 2532 5377 αὐξομένης
2579 5306 2670 5361 διὰ
2715 5306 2816 5371 τὰς
2846 5308 3128 5380 ἁμαρτίας
3177 5308 3356 5377 ήμῶν,
3405 5307 3679 5378 συστολὴν

2084 5398 2144 5452 δὲ
2198 5397 2359 5471 μέχρι
2403 5399 2497 5454 καὶ
2546 5402 2793 5472 σήμερον
2823 5401 2944 5455 οὐδὲ
2987 5401 3048 5454 τὸ
3091 5400 3437 5472 βραχύτατον
3467 5400 3678 5454 ἐπιδει-

2085 5507 2380 5561 κνυουσης.

2475 5605 2651 5662 PKI".
2692 5608 2936 5678 Ἀνδρέᾳ
2966 5607 3240 5674 Πατρῶν.

2152 5720 2234 5775 Τὰ
2260 5721 2457 5786 κοινῶς
2482 5722 2865 5794 ἐπιτιθέμενα,
2897 5722 3092 5777 τέκνον
3138 5723 3320 5795 ἡμῶν.
3366 5725 3513 5779 κακὰ
3544 5725 3669 5788 ταῖς

2080 5814 2270 5884 ἁγίαις
2314 5815 2410 5868 τοῦ
2440 5814 2581 5869 Θεοῦ
2618 5814 3001 5886 Ἐκκλησίαις,
3055 5816 3162 5871 κᾶν
3208 5816 3407 5888 μηδεὶς
3457 5819 3485 5872 6
3523 5819 3666 5890 γρά-

2081 5926 2197 5978 φων
2260 5904 2318 5981 ᾗ,
2363 5927 2440 5981 μη
2486 5910 2543 5964 δὲ
2587 5908 2665 5981 τῷ
2717 5911 2862 5983 λόγῳ
2923 5910 3057 5983 δῆλα
3119 5910 3297 5967 ταῦτα
3357 5914 3551 5982 ποιῶν,
3600 5912 3664 5966 ού
