4094 6400
378 373 507 437 .3“

397 489 660 544 λανθάνει
700 488 807 563 τὴν
861 492 1147 568 ἡμετέραν
1214 503 1558 551 ταπεῖνωυιν
1662 494 1829 569 ὶομεν
1874 501 1986 572 γάρ

1860 387 2274 454 ΕΡΙΞΤΟΒᾸΕ.

2015 545 2066 602 Δ

3553 391 3662 456 342

2092 513 2195 559 ret.
2227 502 2412 559 Simus
2438 502 2584 557 enim
2620 503 2898 573 propriam
2930 503 3161 574 tempori
3191 501 3317 558 huic
3344 505 3666 573 gravitatem

400 584 484 637 ὅτι
516 584 640 637 λίαν
676 583 736 638 αἰ
779 584 1003 657 βαρεῖαι
1049 589 1229 659 χεῖρες,
1290 588 1385 643 νῦν
1433 587 1733 659 ἐδράξαντο
1791 593 1984 663 καιροῦ

2092 609 2189 665 per
2220 609 2415 649 manus
2435 608 2627 665 graves
2644 594 3045 650 intolerabilem
3069 595 3332 663 evasisse;
3358 606 3445 654 ast
3462 609 3667 666 quanta

400 673 503 730 τοῦ
554 674 660 745 τὴν
722 677 939 733 οἰκείαν
1002 679 1283 752 βαρύτητα,
1349 681 1789 739 ὲπιδείκνυσθαι.
1849 684 1987 741 Ἀλλ’

398 767 536 821 ὅσον
582 768 793 823 ἐκεῖναι
842 769 907 822 τὸ
966 771 1135 841 βάρος
1186 772 1399 842 ἔχουσι,
1445 773 1702 829 τοσοῦτον
1742 774 1833 830 διὰ
1888 775 1989 840 τάς

397 858 685 931 ἁμαρτίας
707 859 871 930 ἡμῶν
915 863 1054 928 πρὸς
1078 862 1141 917 τὸ
1179 862 1418 933 ἀμύνειν
1450 865 1619 936 ἡμεῖς
1652 867 1983 937 άποδέομεν,

399 951 507 1004 ὅσα
563 967 629 1020 γε
654 950 726 1005 τὰ
759 951 1102 1022 ἀνθρώπινα.
1158 953 1224 1006 Τί
1252 953 1347 1007 οὖν
1383 954 1466 1008 δεῖ
1510 959 1686 1012 ποιεῖν
1719 975 1734 1025 ;
1767 959 1802 1029 ἢ
1833 958 1987 1030 πρῶ-

398 1060 497 1096 τον
537 1043 639 1114 μὲν
666 1042 767 1114 τὴν
793 1043 949 1099 θείαν
974 1047 1248 1104 αἰτεῖσθαι
1282 1047 1562 1121 βοήθειαν,
1595 1051 1691 1107 καὶ
1723 1049 1819 1106 τοῦ
1842 1053 1986 1106 ὲκεί-

399 1151 493 1187 νον
545 1133 792 1205 ἅψασθαι
814 1135 916 1207 τῆς
958 1137 1187 1209 καρδίας
1242 1141 1353 1194 τῶν
1391 1142 1773 1213 ἐπηρεαστῶν,
1812 1143 1889 1208 ὡς
1918 1143 1986 1199 ἂν

396 1226 551 1281 οὕτω
587 1225 686 1281 καὶ
720 1225 831 1282 τῶν
865 1228 1038 1297 άγίων
1080 1229 1419 1287 Ἐκκλησαῖιν
1463 1234 1495 1304 ἡ
1525 1234 1698 1304 βλάϐη
1749 1235 1987 1290 ἀποδιώ-

402 1337 579 1383 κοιτο,
615 1319 712 1373 καὶ
742 1319 842 1389 τῆς
893 1321 1121 1376 ἐκείνων
1158 1325 1435 1395 σωτηρίας
1492 1327 1698 1395 γίνοιτο
1748 1330 1781 1399 ἡ
1824 1329 1985 1383 επισ-

398 1413 606 1481 τροςρή.
640 1411 875 1466 Ἔπειτα
902 1412 1075 1468 δὲκαὶ
1104 1416 1251 1487 ἡμᾶς
1273 1417 1403 1489 χρὴ,
1444 1419 1531 1487 ἐφ’
1577 1420 1705 1474 ὅσον
1732 1420 1850 1475 ἐστι
1891 1421 1986 1477 δυ-

401 1502 588 1571 νατδν,
636 1507 909 1574 πραότητι
958 1507 1053 1561 καὶ
1085 1509 1362 1582 ἐπιεικείᾳ
1411 1513 1508 1566 καὶ
1560 1512 1740 1582 λόγοις
1782 1531 1986 1586 παραι-

400 1595 605 1657 νέσεως
649 1597 1069 1668 προσφέρεσθαι
1120 1601 1329 1671 αὐτοῖς,
1378 1604 1474 1658 καὶ
1510 1601 1624 1658 οἷον
1655 1607 1983 1679 κατεπᾴδειν

404 1686 510 1750 τάς
552 1689 782 1760 καρδίας
833 1692 1041 1760 αὐτῶν,
1078 1694 1455 1770 πληροφορίαν
1494 1699 1759 1771 διδόντας,
1792 1704 1869 1769 ὡς
1920 1706 1982 1760 οὐ

416 1784 773 1855 φροντίζομεν
828 1787 1197 1860 ἐπικρατείας
1243 1794 1454 1863 ἁπλῶς,
1514 1796 1652 1851 άλλά
1705 1799 1981 1872 σωτηρίας

2089 685 2251 741 nobis
2306 684 2574 741 incumbit
2628 687 2888 756 gravitas,
2936 694 3114 751 tanta,
3183 686 3354 742 rebus
3407 687 3667 743 humanis

2086 778 2408 848 perspectis,
2440 778 2748 848 indigemus
2786 788 2847 833 ut
2880 786 3106 848 peccata
3141 787 3326 834 nostra
3359 779 3664 849 expiemus.

2088 870 2228 937 Quid
2255 871 2419 941 igitur
2451 870 2801 926 faciendum?
2830 871 3080 926 Divinum
3104 873 3285 943 primo
3310 872 3669 943 imploremus

2087 964 2350 1019 auxilium
2396 972 2453 1019 et
2477 963 2686 1020 viscera
2733 965 3131 1020 misericordia
3162 964 3283 1035 ejus
3316 979 3669 1021 commovea-

2084 1070 2230 1122 mus,
2265 1066 2326 1112 ut
2359 1071 2389 1111 a
2415 1056 2621 1111 sanctis
2648 1056 2821 1126 ipsius
2850 1055 3110 1111 Ecclesiis
3134 1056 3393 1112 damnum
3424 1066 3661 1112 avertat.

2086 1167 2279 1210 omnes
2329 1160 2508 1208 autem
2564 1157 2848 1206 convertat
2902 1149 2970 1203 ad
3026 1149 3281 1206 salutem.
3332 1147 3561 1209 Deinde.
3609 1165 3666 1204 ιιι

2085 1258 2352 1319 quantum
2408 1244 2524 1300 fieri
2563 1251 2765 1314 potest,
2812 1242 2936 1298 illos
2981 1243 3278 1307 suavitate,
3328 1240 3666 1311 benignitate

2085 1349 2140 1396 et
2182 1336 2637 1411 persuasibilibus
2686 1337 2946 1391 adeamus
2994 1333 3199 1394 verbis,
3241 1332 3444 1402 quibus
3495 1330 3662 1387 corda

2083 1435 2423 1506 permulcere
2444 1429 2735 1502 possimus.
2784 1428 2971 1482 Danda
3016 1427 3180 1482 etiam
3208 1434 3293 1480 est
3340 1422 3665 1485 satisfactio,

2084 1527 2230 1599 quod
2281 1541 2387 1580 non
2425 1524 2492 1579 de
2520 1522 2790 1593 regimine
2825 1527 3058 1582 tantum,
3117 1517 3210 1573 sed
3257 1516 3419 1570 etiam
3472 1514 3539 1569 de
3579 1529 3666 1569 sa-

2086 1620 2199 1675 lute
2220 1616 2587 1672 Ecclesiarum
2604 1621 2658 1667 et
2675 1611 2742 1667 de
2767 1613 3007 1682 ipsorum
3055 1608 3359 1680 perditione
3381 1621 3661 1662 curemus.

2085 1711 2431 1767 Devastando
2457 1707 2603 1763 enim
2628 1705 2926 1768 Ecclesias,
2953 1703 3211 1773 ignorant
3238 1701 3387 1771 ipsos
3417 1699 3664 1769 captivos

2085 1803 2224 1867 ﬁeri,
2277 1816 2308 1856 a
2363 1798 2570 1855 divitiis
2612 1806 2794 1851 autem
2841 1803 2896 1849 et
2939 1793 3111 1862 gloria
3133 1792 3232 1847 Dei
3283 1790 3553 1855 excidere,
3598 1790 3669 1845 ab

422 1874 523 1926 καὶ
553 1873 658 1928 τῶν
687 1876 1024 1950 Ἐκκλησιῶν
1052 1882 1148 1936 τοῦ
1175 1884 1335 1951 Θεοῦ,
1363 1887 1457 1942 καὶ
1484 1889 1587 1959 τῆς
1614 1890 1796 1946 αὐτῶν
1826 1893 1981 1946 ἀπω-

2085 1894 2307 1949 inimico
2354 1889 2571 1962 generis
2631 1884 2858 1941 humani
2912 1882 3098 1939 reduci
3162 1890 3217 1936 et
3264 1894 3391 1935 cum
3454 1879 3547 1934 illo
3597 1880 3666 1935 ad

422 1962 573 2027 λείας
625 1967 915 2039 κηδόμεθα·
963 1971 1014 2026 οἶ
1042 1975 1101 2027 ὲν
1136 1974 1214 2046 τῷ
1253 1978 1477 2049 πορθεῖν
1528 1979 1629 2044 τὰς
1686 1982 1983 2053 ἐκκλησίας

410 2056 693 2124 ἀγνοοῦσιν
724 2061 956 2127 ἑαυτοὺς
989 2064 1377 2136 αἰχμαλώτους
1403 2071 1709 2138 ποιοῦντες,
1762 2072 1855 2128 καὶ
1885 2074 1981 2129 τοῦ

405 2148 645 2203 πλούτου
691 2153 785 2206 τοῦ
832 2154 970 2209 Θεοῦ
1023 2158 1118 2211 καὶ
1172 2162 1271 2231 τῆς
1311 2162 1474 2235 δόξης
1516 2166 1981 2240 ἀλλοτριούμενοι,

403 2241 547 2313 πρὸς
569 2242 629 2298 δὲ
649 2246 743 2300 τὸν
779 2248 1057 2322 ἀλάστορα
1083 2253 1178 2307 τοῦ
1210 2255 1555 2330 ἀνθρωπίνου
1584 2261 1774 2330 γένους
1802 2267 1896 2319 καὶ
1925 2265 1986 2331 ἐξ

400 2334 586 2403 ἀρχῆς
618 2336 818 2410 ἐχθρὸν
875 2343 970 2395 καὶ
1010 2343 1273 2416 πολέμιον
1317 2349 1679 2420 ὑπαγόμενοι,
1734 2354 1830 2407 καί
1886 2354 1984 2408 σὺν

397 2424 557 2495 αὐτῷ
592 2430 661 2498 τῇ
703 2429 909 2504 αἰωνίῳ
958 2437 1230 2510 καταδίκῃ
1274 2439 1800 2513 συναριθμούμενοι.
1832 2443 1983 2517 Πλὴν

399 2518 502 2571 καὶ
552 2521 694 2592 πρὸς
748 2522 844 2589 οὓς
902 2525 1044 2599 ἔφης
1103 2529 1213 2585 τῶν
1266 2538 1647 2606 μοναστηρίων
1703 2537 1983 2592 ποιεῖσθαι

394 2608 502 2702 τὴν
540 2613 866 2682 κατάλυσιν,
900 2618 1017 2674 ὅσοι
1053 2624 1169 2687 τοῖς
1204 2623 1393 2679 αὐτόθι
1423 2628 1704 2700 πάρεισιν,
1734 2629 1985 2702 ἡμέτερα

400 2701 724 2779 ἐξεπέμφθη
801 2711 1125 2784 γράμματα,
1191 2717 1352 2773 τοῦτο
1432 2721 1534 2790 μὲν
1595 2701 1974 2793 παράκλησιν,

394 2795 561 2851 τοῦτο
583 2798 643 2852 δὲ
672 2803 769 2855 καὶ
803 2806 1125 2879 ἐπιτίμησιν
1155 2809 1369 2881 ἔχοντα,
1398 2812 1496 2868 ἐὰν
1527 2813 1635 2883 ἄρα
1702 2816 1982 2871 ἀκούσωσι

2081 1996 2339 2043 aeternam
2382 1981 2791 2038 damnationem
2849 1973 3255 2047 praedestinari.
3304 1972 3500 2040 Quoad
3551 1989 3668 2028 mo-

2082 2066 2471 2134 nasteriorum‘
2513 2072 2864 2135 solutionem,
2916 2078 2978 2123 ut
3016 2078 3070 2124 tu
3119 2066 3337 2137 quidem
3385 2066 3547 2128 dicis,
3601 2065 3669 2121 ad

2083 2186 2181 2227 eos
2226 2169 2321 2239 qui
2373 2167 2574 2222 ibidem
2635 2172 2767 2221 sunt
2815 2170 3041 2217 nostras
3088 2160 3343 2216 misimus
3383 2159 3659 2230 epistolas.

2084 2261 2248 2318 modo
2279 2258 2639 2324 bortatorias,
2672 2257 2836 2312 modo
2871 2253 3171 2310 invectivas
3214 2253 3259 2308 si
3290 2251 3429 2307 forte
3455 2252 3663 2323 scripta

2082 2354 2435 2411 meditemur.
2492 2352 2572 2406 Ad
2629 2350 2755 2406 illos
2796 2363 2926 2403 vero
2971 2347 3065 2418 qui
3116 2346 3224 2401 huc
3271 2344 3665 2418 confugerunt,

2083 2448 2181 2502 tibi
2207 2444 2573 2502 accedendum
2606 2452 2724 2509 est;
2755 2457 2878 2512 qua:
2898 2439 3045 2494 enim
3070 2438 3174 2493 sub
3205 2438 3434 2493 auribus
3459 2439 3668 2493 nostris

2080 2557 2112 2597 a
2140 2539 2299 2596 vobis
2339 2537 2690 2610 proferentur
2722 2536 2889 2591 verba
2931 2536 3197 2593 citissime
3235 2532 3535 2604 quamdam
3570 2532 3672 2586 ha—

2080 2633 2288 2688 bebunt
2330 2629 2645 2685 utilitatem.
2677 2626 2826 2695 Quae
2859 2636 3041 2697 autem
3090 2625 3157 2680 de
3201 2622 3542 2678 monasterio
3575 2630 3669 2672 re-

2081 2721 2296 2793 quiris,
2364 2721 2419 2775 in
2479 2734 2641 2790 quem
2713 2717 2994 2771 desideras
3032 2725 3236 2770 statum
3288 2711 3571 2782 perveniat
3611 2716 3673 2763 et

2082 2814 2499 2887 perfectionem,
2532 2812 2605 2866 ita
2635 2818 2694 2865 ut
2732 2807 3075 2880 providentia
3109 2805 3204 2860 Dei
3241 2804 3402 2859 nobis
3445 2817 3555 2858 non
3590 2801 3666 2857 sit

396 2890 513 2944 τῶν
568 2897 999 2966 γεγραμμένων.
1051 2901 1196 2973 Πρὸς
1250 2905 1308 2958 δὲ
1384 2906 1513 2970 τοὺς
1563 2904 1981 2981 ἀναδραμόντας

2086 2907 2444 2979 poenitentia,
2479 2919 2658 2974 neque
2704 2901 2802 2957 tibi
2851 2900 3091 2971 querelae
3146 2898 3324 2962 locus,
3356 2911 3460 2951 nec
3492 2895 3671 2952 bono—

397 2983 663 3051 ὲνταῦθα,
696 2988 862 3046 αὐτόν
893 3008 953 3044 σε
983 2993 1065 3047 δεῖ
1104 2999 1534 3067 παραγενέσθαι.
1563 3001 1716 3072 Τάχα
1750 3000 1860 3074 γὰρ
1885 3000 1982 3056 ού-

2089 3014 2211 3054 rum
2267 2996 2695 3060 administratio,
2746 3008 2846 3048 nec
2891 2989 3289 3046 monachorum
3317 2986 3518 3043 ibidem
3567 2984 3664 3044 de-

393 3093 510 3179 τως
549 3080 609 3133 ἑν
657 3083 911 3179 ἡμετέρᾳ
946 3086 1084 3179 ,ὄψει
1122 3092 1254 3162 παρ’
1315 3093 1475 3163 ὑμῶν
1529 3095 1832 3166 γινομένων
1873 3097 1982 3151 τῶν

2089 3091 2333 3164 gentium
2360 3088 2682 3145 exsistentia
2723 3084 2781 3140 in
2815 3084 3057 3140 deterius
3087 3083 3310 3137 abeant.

397 3167 577 3236 λόγων
605 3174 744 3243 πρὸς
774 3179 903 3241 τοὺς
939 3177 1373 3252 ἑπηρεάζοντας,
1412 3186 1609 3255 ὄφελός
1676 3206 1729 3243 τι
1770 3190 2088 3261 γενήσεται.
2127 3186 2201 3240 Τὸ
2275 3183 2331 3238 δὲ
2392 3180 2782 3254 μοναστήριον,
2851 3179 2988 3250 ὅπερ
3056 3177 3292 3250 ᾔτησας,
3342 3171 3487 3227 οὕτω
3527 3167 3667 3224 Θεοῦ

396 3263 665 3331 πρόνοιαν
716 3269 817 3323 σὺν
846 3269 968 3345 Θεῷ
995 3274 1163 3343 φάναι
1193 3277 1273 3341 εἰς
1302 3277 1550 3335 ἐπίδοσιν
1583 3260 1978 3347 καταστάσεως
2017 3281 2218 3344 ἐλθεῖν,
2265 3277 2409 3332 ὥστε
2480 3276 2620 3346 μήτε
2686 3273 2838 3344 ἡμᾶς
2888 3267 3369 3342 μεταμεληθῆναι,
3421 3264 3562 3336 μήτε
3606 3260 3669 3315 σὲ

397 3352 540 3422 πρὸς
612 3359 824 3430 μέμψιν
881 3370 1219 3440 καταστῆναι
1255 3370 1351 3424 ἐπὶ
1392 3371 1709 3446 φαυλότερα
1758 3372 1870 3429 τῶν
1918 3389 1980 3428 τε
2053 3370 2398 3446 πραγμάτων
2464 3364 2652 3431 αὑτοῦ,
2683 3363 2777 3417 καὶ
2824 3362 2935 3417 τῶν
2994 3363 3112 3416 ἐκεῖ
3158 3358 3460 3428 διαγόντων
3496 3370 3668 3426 μοναο

395 3450 513 3523 χῶν
541 3445 719 3526 διοική
729 3472 829 3512 σει.

790 3594 966 3652 PKA'.
1000 3597 1307 3668 Γρηγορίῳ
1346 3599 1628 3669 Ἐφέσου.

468 3727 617 3783 Οὔτε
646 3729 973 3798 φιλονείκως
1020 3731 1256 3804 ἔχοντες,
1304 3732 1432 3788 οὔτε
1484 3734 1563 3797 ὡς
1598 3732 1665 3788 ἄν
1702 3751 1790 3799 τις
1837 3734 1981 3805 ὑπὲρ

392 3823 547 3886 ἰδίας
574 3821 846 3894 αἰσχύνης
875 3824 1277 3895 ἀγωνιζόμενοι
1318 3824 1452 3889 ἴσως
1487 3824 1668 3880 ταῦτά
1706 3843 1791 3880 σοι
1839 3828 1982 3899 γράμ-

390 3932 598 3985 φομεν.
636 3914 745 3967 Καὶ
790 3915 855 3968 τὸ
887 3914 1198 3985 φιλόνεικον
1226 3917 1336 3987 γάρ
1365 3916 1501 3970 θεοῦ
1556 3917 1741 3989 χάριτι
1773 3918 1835 3972 οὐ
1884 3936 1981 3989 με·

395 4009 810 4080 μελετήκαμεν,
854 4010 949 4063 καὶ
996 4008 1098 4080 τῆς
1149 4010 1305 4080 παρὰ
1360 4010 1668 4082 ἀνθρώπων
1717 4009 1983 4081 αἰσχύνης

388 4103 451 4156 οὐ
508 4100 868 4171 πεποιήμεθα
907 4101 1068 4170 λόγον
1103 4117 1118 4133 ·
1157 4100 1296 4156 ἀλλὰ
1325 4101 1612 4172 γράφομεν
1658 4101 1853 4167 ταῦτα,
1888 4103 1985 4157 καὶ

389 4194 490 4248 ὑπ’
521 4192 697 4249 αὐτοῦ
730 4191 1050 4262 κινούμενοι
1082 4193 1178 4247 τοῦ
1212 4194 1519 4259 συνειδότος
1542 4195 1726 4264 ἡμῶν,
1753 4197 1850 4249 καὶ
1879 4196 1985 4250 ὑπὸ

386 4281 504 4336 τῶν
564 4279 827 4351 δακρύων
861 4280 956 4335 τοῦ
988 4282 1470 4353 χειροτονηθέντος
1502 4284 1593 4353 ὑφ’
1625 4284 1808 4354 ἡμῶν,
1841 4284 1916 4349 ὡς
1946 4288 1982 4357 ἡ

384 4375 517 4427 τότε
550 4371 686 4443 παρ’
718 4371 876 4442 ὑμῶν
908 4373 1105 4443 γέγονε
1140 4374 1419 4445 μαρτυρία
1445 4375 1720 4446 μηδεμιᾶς
1760 4394 1986 4447 προκει-

392 4469 569 4539 μένης
592 4465 932 4536 ἀντιλογίας,
963 4467 1059 4520 καὶ
1096 4468 1203 4521 ὑπὸ
1244 4466 1340 4533 τοῦ
1365 4467 1462 4522 νῦν
1491 4468 1737 4536 πλήθους
1813 4488 1985 4543 προσ-

393 4557 757 4623 υπαντῶντος
787 4558 884 4613 καὶ
911 4549 1417 4632 διισχύριζομένου,
1449 4560 1483 4631 ἢ
1525 4559 1633 4632 μὴν
1687 4560 1863 4634 άληθῆ
1899 4563 1985 4617 λέ·

398 4667 537 4717 γειν,
568 4651 671 4705 καὶ
702 4652 758 4704 εἴ
785 4668 839 4705 τι
887 4650 1080 4721 ψεῦδος
1109 4651 1499 4723 ἀπελέγχοιτο,
1532 4650 1695 4707 τοῦτο
1727 4654 1985 4725 τιμωμέ-

409 4759 509 4794 νων
541 4743 807 4798 θανάτου.
860 4744 1049 4799 Ταῦτα
1103 4743 1360 4814 ὲκὶνησεν
1395 4746 1546 4817 ἡμᾶς
1577 4744 1790 4817 γράψαι
1846 4742 1986 4813 πρὸς

412 4834 508 4904 τὴν
534 4835 690 4904 ὓμῶν
740 4835 1139 4908 ἀρχιερατικὴν
1175 4835 1514 4908 τελειότητα,
1567 4832 1657 4892 οἷα
1695 4837 1989 4908 γράφομεν

2345 3590 2582 3650 CXXIV.
2625 3591 2878 3663 Gregorio
2911 3587 3130 3660 Ephesii
3164 3588 3433 3659 episcopo.

2152 3731 2267 3788 Etsi
2333 3729 2559 3799 minime
2588 3728 2914 3784 ambitiosus
2969 3725 3194 3781 famaeve
3246 3724 3348 3778 sim
3402 3720 3664 3792 cupidus,

2083 3825 2185 3883 bas
2242 3834 2427 3878 tamen
2504 3821 2718 3876 litteras
2784 3820 2881 3874 tibi
2943 3818 3143 3874 scribo.
3220 3815 3294 3871 De
3357 3814 3668 3870 contentio-

2081 3914 2243 3968 nibus
2274 3912 2447 3977 enim,
2491 3910 2717 3980 auspice
2755 3908 2889 3976 Deo,
2922 3907 3084 3964 nobis
3122 3922 3253 3961 cura
3298 3921 3407 3959 non
3440 3912 3545 3968 est,
3612 3912 3668 3957 ct

2083 4007 2370 4063 hominum
2390 4004 2818 4061 existimationis
2846 4003 3053 4059 nullam
3082 4000 3349 4057 habemus
3370 3998 3662 4054 rationem.

2083 4099 2197 4157 Has
2231 4109 2415 4156 autem
2449 4097 2746 4154 scribimus
2772 4097 3007 4162 litteras,
3040 4094 3139 4166 qui
3178 4109 3207 4148 a
3241 4101 3427 4148 nostra
3456 4088 3665 4146 incitati

2085 4209 2280 4251 sumus
2330 4190 2665 4248 conscientia
2711 4200 2769 4247 et
2811 4189 3069 4262 lacrymis
3115 4186 3282 4252 illius,
3333 4185 3422 4240 cui
3469 4198 3668 4240 manus

2085 4285 2470 4357 imposuimus.
2520 4281 2682 4350 Quod
2727 4289 2972 4351 tempore
3023 4279 3120 4333 illo
3174 4275 3372 4331 dedisti
3419 4275 3671 4329 testimo-

2086 4380 2263 4442 nium,
2295 4393 2324 4431 a
2358 4376 2578 4433 nemine
2617 4381 2702 4429 est
2731 4373 3147 4443 impugnatum;
3195 4367 3486 4422 veritatem
3518 4362 3668 4420 enim

2086 4472 2291 4529 astruit
2348 4455 2785 4531 et'corroborat,
2813 4465 2919 4520 etsi
2941 4463 3191 4534 quaedam
3226 4461 3412 4516 minus
3447 4465 3668 4524 exacta,

2085 4571 2356 4636 argueret.
2388 4562 2435 4616 Α
2460 4560 2751 4617 mendacio
2795 4558 2942 4614 enim
2976 4555 3146 4611 veluti
3177 4570 3209 4609 a
3238 4560 3419 4608 morte
3448 4548 3670 4619 fugien-

2085 4658 2252 4714 duml
2306 4653 2404 4710 His
2447 4652 2683 4723 permoti
2726 4650 2891 4706 rebus
2940 4648 3007 4701 ad
3056 4653 3297 4700 vestram
3341 4641 3666 4712 dignitatem

2085 4748 2410 4814 scribimus;
2440 4745 2565 4800 dein
2595 4757 2652 4799 et
2679 4742 2853 4814 gratia
2889 4738 3129 4809 Spiritus
3157 4734 3358 4798 sancti,
3386 4747 3498 4803 qua
3530 4746 3668 4786 con-

2087 4840 2317 4897 stitutus
2346 4854 2406 4894 es
2436 4834 2684 4907 pontifex
2715 4834 2900 4888 omnia
2936 4845 3062 4886 esse
3098 4834 3217 4883 tuta
3252 4824 3666 4881 conﬁrmamus.

411 4928 505 4983 καί
548 4930 636 4986 ὑπ’
677 4930 850 5026 αύ-τῆς
880 4932 981 5001 τῆς
1009 4932 1235 5004 χάριτος
1288 4930 1385 4985 τοῦ
1420 4931 1688 5000 παναγίου
1724 4931 1981 5003 Πνεῦμα·

2088 4932 2330 4989 Dicimus
2360 4938 2543 4987 autem
2573 4925 2945 4983 testimonium
2978 4924 3048 4979 de
3070 4922 3189 4976 viro
3216 4934 3327 4975 non
3346 4926 3552 4973 temere
3575 4917 3672 4973 ad-

398 5038 514 5086 τος,
541 5024 678 5093 παρ’
705 5018 767 5076 οὖ
799 5022 1072 5095 κατέστης
1098 5023 1414 5095 ἀρχιερεὺς,
1446 5018 1667 5093 ἀσφαλῆ
1713 5022 1848 5078 ὄντα
1887 5024 1982 5077 ἐπὶ

2086 5025 2432 5091 mittendum,
2462 5021 2609 5094 quod
2631 5018 2951 5077 hominibus
2972 5015 3130 5073 bonis
3146 5023 3245 5071 aut
3266 5011 3427 5067 malis
3440 5009 3671 5066 exhibe-

400 5115 612 5187 μᾶλλον
679 5114 1177 5187 διασφαλιζόμεθα.
1230 5117 1341 5169 Καί
1377 5132 1561 5186 φαμεν
1603 5115 1679 5186 μὴ
1702 5114 1802 5186 τὴν
1854 5115 1986 5188 περὶ⁵

390 5208 495 5264 τοῦ
526 5208 729 5279 ἀνδρὸς
761 5209 1092 5281 μαρτυρίαν,
1124 5207 1236 5263 εἴτε
1264 5207 1373 5263 τῶν
1405 5207 1693 5279 χειρόνων,
1729 5208 1844 5261 εἴτε
1875 5208 1986 5262 τῶν

391 5302 709 5373 ἀμεινόνων
752 5304 868 5356 ἐστι
904 5302 1202 5375 παρέργως
1229 5301 1487 5368 ἀκοῦσαι,
1519 5299 1657 5372 μηδὲ
1705 5300 1858 5372 παρὰ
1896 5302 1986 5355 ἀν-

393 5390 640 5463 θρώπων
667 5394 778 5449 τῶν
804 5395 864 5461 ἐξ
885 5395 977 5447 ἐπὶ
1004 5392 1209 5463 πολλῆς
1229 5393 1395 5446 αὑτὸν
1421 5392 1827 5462 γινωσκόντων,
1864 5392 1982 5447 ἀλλ’

394 5487 461 5554 ἐξ
490 5487 664 5559 αὐτῆς
694 5489 911 5560 ἐκείνης
948 5491 1050 5559 τῆς
1080 5489 1373 5561 ἐπαρχίας,
1403 5490 1463 5542 ἐν
1493 5481 1527 5563 ᾗ
1573 5488 1668 5542 καὶ
1695 5489 1796 5559 τὴν
1821 5488 1980 5555 γένε-

401 5596 493 5634 σιν
524 5580 652 5654 ἔσχε
682 5583 780 5639 καὶ
827 5581 1264 5652 ἀνατεθραπται,
1296 5581 1391 5636 καὶ
1419 5581 1529 5634 τῶν
1558 5580 1803 5651 άκριὸὦς
1853 5579 1977 5633 εἰδόι

397 5689 515 5728 των
538 5675 639 5747 τὴν
695 5675 915 5730 ἐκείνου
964 5673 1246 5743 πολιτείαν
1289 5674 1386 5727 καὶ
1419 5673 1608 5745 βιοτην
1661 5669 1827 5739 οἶδας
1879 5674 1986 5744 γάρ

399 5760 492 5822 οἶα
549 5768 656 5823 τῶν
708 5766 926 5840 θνητῶν
998 5765 1116 5818 ἐστι
1182 5764 1527 5836 πραγμάτων
1578 5765 1614 5836 ἡ
1654 5763 1841 5834 φύσις,
1888 5762 1988 5818 καὶ

400 5858 524 5916 οὗτε
558 5860 798 5935 μᾶγεθος
826 5855 1169 5926 ἀξιώματος,
1223 5856 1348 5912 οὕτε
1387 5856 1578 5928 σχῆμα
1628 5855 1987 5927 νομιζόμενον

2081 5126 2193 5183 tur,
2225 5118 2320 5188 qui
2343 5118 2523 5173 virum
2561 5131 2592 5169 a
2630 5115 2793 5184 longo
2831 5121 3082 5180 tempore
3106 5107 3393 5179 cognitum
3433 5104 3669 5168 habent;

2081 5210 2175 5265 sed
2226 5225 2258 5265 a
2301 5206 2738 5272 contribulibus,
2785 5190 3003 5274 quibus
3036 5200 3161 5270 ejus
3210 5198 3421 5255 familia
3498 5205 3671 5263 atque

2082 5303 2267 5357 studia
2315 5301 2553 5368 vitaeque
2602 5297 2915 5352 institutum
2968 5301 3097 5350 nota
3133 5298 3312 5357 sunt;
3351 5303 3476 5356 quae
3522 5285 3671 5340 enim

2083 5408 2270 5447 rerum
2294 5392 2657 5447 humanarum
2680 5396 2877 5444 natura
2897 5386 2992 5452 sit,
3020 5394 3080 5440 tu
3100 5384 3272 5455 probe
3292 5383 3469 5445 nosti;
3491 5375 3670 5445 reipsa

2088 5493 2277 5540 autem
2326 5496 2505 5552 neque
2542 5478 2826 5551 dignitatis
2872 5478 3202 5548 amplitudo,
3237 5487 3417 5542 neque
3451 5468 3672 5541 pietatis

2086 5579 2297 5649 species
2324 5575 2522 5634 sufficit
2552 5576 2622 5630 ad
2648 5574 2810 5630 fidem
2842 5573 3024 5628 verbis
3046 5569 3432 5629 adhibendam,
3453 5563 3508 5620 ni
3529 5561 3671 5620 facta

2086 5671 2446 5728 concordent.
2471 5670 2530 5725 Si
2547 5668 2692 5726 enim
2716 5667 2868 5724 nullo
2885 5664 3207 5722 discrimine
3227 5674 3393 5716 aures
3414 5669 3469 5715 et
3491 5657 3674 5713 laudi-

2088 5764 2194 5820 bus
2221 5772 2277 5819 et
2304 5762 2522 5834 injuriis
2542 5761 2845 5829 aperimus,
2874 5756 3247 5827 nosmetipsos
3269 5752 3535 5817 fallimus,
3562 5750 3670 5808 nisi

2090 5857 2309 5928 prepria
2333 5852 2912 5915 acredatconscientia
2933 5859 2988 5908 et
3012 5865 3116 5908 nos
3141 5849 3289 5922 ipsos
3332 5846 3478 5905 haud
3523 5846 3653 5901 novi
