4094 6464
445 411 552 477 343

1577 410 1884 472 NlCOLAI
1925 413 2035 472 (ΣΡ.
2078 363 2588 474 ΡΑΊἪΙΑΒΕΗΕ

3607 411 3714 476 344

446 541 496 578 ιιι
509 538 601 578 us:
622 520 785 577 modo
801 519 944 575 enim
966 520 1031 574 ad
1051 519 1368 589 angelorum
1393 523 1742 578 ascendimus
1759 524 2025 590 ordinem,

2151 525 2422 590 εὐλαϐείας
2454 524 2641 581 ἱκανόν
2669 524 2788 578 ἐστι
2822 523 3006 578 πίστιν
3057 524 3330 579 ἑπιθεῖναι
3368 525 3485 589 τοῖς
3509 523 3714 595 λόγοις,

448 615 612 669 modo
659 612 726 668 ad
769 613 1038 683 impuram
1075 613 1462 670 descendimus
1492 613 1886 670 daemoniorum
1931 630 2021 670 ca~

449 719 678 760 tervam.
728 703 820 758 lla:
875 705 1184 758 mortalium
1235 715 1366 760 sunt
1410 705 1663 771 miserias,
1704 706 1758 761 in
1803 706 2026 777 quibus,

453 812 599 851 nunc
653 796 805 850 inviti
853 796 1171 853 carnalibus
1228 796 1562 853 inservimus
1611 799 2028 869 cupiditatibus,

455 901 605 940 nunc
634 886 881 942 volentes
915 887 1100 944 cordis
1124 887 1363 943 stimulis
1391 888 1684 958 agitamur.
1712 887 1792 944 Tu
1825 900 2029 955 autem,

453 996 485 1030 υ
536 979 702 1033 homo
747 977 865 1042 Dei,
909 979 954 1032 si
983 977 1278 1046 judicium,
1320 979 1464 1049 quod
1497 979 1564 1034 de
1598 979 1716 1034 viro
1754 979 2035 1048 enuntias,

2135 620 2306 691 χωρὶς
2347 618 2446 688 τῆς
2493 616 2604 671 τῶν
2635 617 2979 688 πραγμάτων
3029 615 3447 685 συνομολογίας.
3490 615 3554 669 Et
3604 616 3716 687 γὰρ

2137 708 2328 774 ἁπλῶς
2381 707 2451 761 τὰ
2493 699 2610 760 ὦτα
2656 709 2771 771 τοῖς
2824 705 3076 770 ἐπαίνοις
3104 705 3204 759 καὶ
3243 706 3367 769 ταῖς
3422 704 3720 775 λοιδορίαις

2138 800 2498 871 διανοίξομεν,
2554 798 2794 870 λήσομεν
2860 798 3110 862 ἑαυτοὺς,
3177 796 3227 849 εί
3289 795 3366 867 μὴ
3411 795 3474 849 τδ
3516 797 3721 849 οἰκεῖον

2138 892 2503 964 προσίσταται
2547 891 2812 955 συνειδὸς,
2863 889 3002 962 μηδὲ
3037 888 3269 951 ἑαυτοὺς
3324 886 3718 957 γινώσκοντες.

2149 981 2313 1037 Ἀλλά
2367 982 2466 1036 νῦν
2520 981 2618 1051 μὲν
2667 982 2747 1044 είς
2805 979 2906 1051 τὴν
2953 979 3066 1033 τῶν
3118 978 3376 1048 ἀγγέλων
3425 977 3725 1048 ἀνάγοντες

451 1087 580 1126 cum
617 1070 949 1126 conscientia
985 1081 1073 1125 tua
1107 1072 1387 1142 congruit,
1420 1072 1724 1143 periculum
1756 1081 1839 1127 est
1879 1086 1948 1127 ne
1987 1081 2040 1126 te

2151 1075 2366 1137 ἑαυτοὺς
2394 1073 2566 1139 τάξιν,
2597 1072 2693 1127 νῦν
2742 1072 2801 1126 δὲ
2835 1073 2970 1138 πρὸς
3009 1070 3109 1136 τὴν
3152 1070 3364 1142 μιαρῶν
3415 1069 3716 1140 δαιμονίων

454 1174 509 1219 et
547 1164 684 1218 alios
717 1162 996 1234 decipias;
1048 1163 1185 1218 addc
1220 1163 1369 1234 quod
1410 1163 1677 1234 judicium
1705 1164 1952 1220 divinum
1987 1173 2039 1219 te

2151 1166 2624 1230 καταϐιϐάζοντες.
2656 1164 2897 1219 Τοιαῦτά
2931 1166 3048 1217 ἐστι
3099 1163 3169 1217 τὰ
3195 1161 3394 1234 οἰκτρὰ
3435 1161 3544 1216 τῶν
3605 1161 3711 1216 άν-

452 1267 660 1312 manet.

451 1346 546 1400 τοῦ
626 1347 894 1417 σαρκικοῦ
941 1347 1316 1418 φρονήματος,

2141 1258 2386 1330 θρὼπων
2416 1259 2564 1328 οίμοι
2609 1257 2728 1322 πῶς
2775 1255 2915 1310 εἴπω
2953 1255 3065 1309 εἴτε
3113 1253 3570 1326 ἀκουσίωςὴμῶν
3616 1252 3720 1308 aut

1395 1346 1498 1402 εἴθ’
1567 1348 1842 1412 ἑκουσίως
1912 1347 2433 1419 καταδουλουμένων
2521 1348 2618 1402 καὶ
2692 1347 3049 1420 φρονήματος
3119 1344 3212 1398 καὶ
3283 1345 3726 1416 σπουδάσματος.

464 1441 627 1495 Ἀλλά
672 1441 737 1496 σύ
801 1459 888 1510 γε,
918 1436 962 1495 ὦ
1002 1442 1259 1514 ἄνθρωπε
1307 1441 1399 1496 τοῦ
1433 1441 1592 1510 Θεοῦ,
1645 1444 1804 1513 εἴπερ
1867 1443 2057 1499 ἄλλοτέ
2094 1460 2228 1498 ποτε
2275 1443 2373 1498 νῦν
2439 1443 2520 1514 τῷ
2549 1445 2772 1517 ἀκριϐεῖ
2818 1446 3090 1518 κριτηρίῳ
3158 1447 3260 1516 τῆς
3305 1443 3404 1514 σῆς
3451 1441 3727 1502 συνέσεως

450 1533 552 1601 τὴν
583 1533 711 1604 περὶ
743 1532 838 1587 τοῦ
873 1534 1067 1606 ἀνδρὸς
1105 1532 1520 1606 ἀμφισϐήτησιν
1568 1533 1878 1606 διαιτήσας,
1933 1536 2032 1590 καὶ
2069 1535 2218 1606 ἡμᾶς
2253 1535 2348 1589 καὶ
2381 1536 2607 1589 σεαυτὸν
2676 1535 2986 1602 ἀπαλλάξαι
3051 1535 3214 1609 τυχὸν
3250 1536 3349 1606 μὲν
3376 1533 3730 1606 ἀνθρωπίνου

455 1626 672 1696 μώμου,
705 1624 868 1695 τυχὸν
908 1624 965 1679 δὲ
1000 1626 1097 1681 καὶ
1126 1625 1314 1681 θεῖκοῦ
1344 1625 1764 1697 κατακρίματος
1786 1627 2146 1698 προνοήθητι.

1017 1742 1232 1801 CXXV.
1283 1741 1518 1798 Incerto.

2713 1741 2890 1799 PKE’.
2928 1743 3172 1815 Ἀδήλῳ.

527 1861 662 1926 Quae
685 1869 741 1916 et
772 1867 981 1929 quanta
1020 1865 1260 1912 vestram
1295 1855 1598 1926 piissimam
1628 1856 1866 1911 animam
1905 1859 2042 1913 allli-

2217 1857 2334 1912 Ούκ
2368 1857 2673 1929 ἀγνοοῦμεν
2703 1859 2805 1912 ὅσα
2833 1859 2933 1928 τὴν
2969 1859 3125 1930 ὑμῶν
3159 1859 3386 1930 θεοφιλῆ
3435 1859 3734 1930 συνέχοντα

456 1962 608 2021 gant,
655 1951 802 2007 haud
843 1951 1182 2021 ignoramus.
1224 1947 1329 2004 Sed
1371 1947 1502 2018 quid
1535 1947 1846 2004 faciendum
1893 1950 2038 2004 aliud

456 2061 622 2114 (luam
663 2043 932 2114 patienter
957 2042 1103 2098 ferre
1137 2050 1192 2098 et
1215 2043 1518 2114 prudenter
1543 2045 1778 2114 tempori
1810 2045 2042 2101 cedere?

459 2141 691 2207 Quando
712 2141 857 2196 enim
875 2155 999 2196 cum
1025 2141 1189 2196 rebus
1210 2140 1518 2198 difﬁcilibus
1541 2141 1803 2212 temporis
1824 2157 2044 2212 quoque

457 2231 804 2286 diﬂicultates
843 2230 1172 2302 junguntur,
1213 2232 1365 2288 nulla
1406 2233 1619 2289 ratione
1660 2248 1849 2304 pacem
1890 2248 2042 2288 com-

459 2338 666 2394 pones;
715 2339 838 2395 quae
880 2326 1069 2380 omnia
1115 2339 1146 2378 a
1197 2326 1473 2396 principio
1519 2327 1587 2382 ad
1633 2335 1822 2384 nostra
1871 2344 2045 2398 usque

459 2428 708 2485 tempora
737 2416 942 2473 videris
961 2418 1016 2473 in
1039 2433 1222 2474 rerum
1238 2419 1714 2477 administratione
1743 2435 2043 2476 occurren-

459 2509 558 2563 tia.
595 2507 672 2562 Ita
698 2517 751 2563 et
777 2518 860 2576 tu,
899 2511 973 2565 mi
1008 2509 1106 2575 fili,
1137 2510 1444 2568 obediendo
1472 2513 1752 2568 communi
1781 2521 1837 2568 et
1869 2528 2042 2568 sacu-

460 2601 558 2656 lari
597 2601 799 2665 ordini,
831 2612 1094 2658 eventura
1127 2605 1402 2673 patienter
1431 2605 1700 2676 perferas,
1735 2621 1802 2662 ea
1831 2606 2046 2663 scilicet

459 2713 583 2767 quas
619 2706 799 2752 astuta
826 2699 1088 2768 temporis
1121 2699 1329 2755 malitia
1349 2700 1542 2771 gignit.
1578 2699 1789 2771 itaque,
1829 2699 2046 2758 favente

459 2791 593 2858 Deo,
627 2791 776 2846 brevi
810 2798 1076 2862 tempore,
1113 2805 1223 2861 quo
1249 2791 1366 2846 fieri
1393 2799 1574 2862 potest
1606 2792 1770 2848 modo
1802 2792 1892 2846 illa
1921 2806 2046 2848 cor-

343 2880 348 2884 ’
458 2883 605 2953 rigas
637 2900 651 2938 :
678 2893 1074 2954 praeposteram
1103 2898 1239 2938 vero
1267 2884 1411 2940 haud
1439 2885 1712 2954 suscipias
1742 2887 2046 2941 correctio-

459 2991 610 3042 nem,
640 2987 864 3046 propter
892 2977 1185 3032 conamina
1232 2988 1287 3031 et
1318 2977 1758 3034 machinationes
1800 2978 2045 3042 illorum,

459 3068 553 3138 qui
578 3069 840 3123 malitiam
864 3077 1146 3123 sectantur
1165 3084 1233 3124 ne
1251 3069 1348 3124 tibi
1373 3069 1659 3125 molestias
1677 3084 1965 3141 compares
1993 3078 2048 3126 et

459 3161 626 3217 rebus
662 3161 716 3216 in
745 3161 987 3217 deterius
1016 3161 1257 3217 abeundi
1312 3177 1503 3217 ansam
1548 3162 1814 3234 praebeas.
1847 3161 1924 3218 De
1962 3163 2046 3218 his

2143 1951 2317 2006 θλίϐει
2354 1950 2552 2023 ψυχήν.
2615 1951 2776 2007 Ἀλλὰ
2810 1953 2865 2007 τί
2922 1953 3004 2007 δεῖ
3058 1953 3324 2024 ποιεῖν,ἢ
3370 1954 3573 2026 πράως
3624 1954 3733 2023 φέ-

2145 2060 2284 2114 ρειν,
2317 2045 2411 2098 καὶ
2433 2046 2556 2098 ὅσον
2585 2044 2808 2099 δυνατὸν
2835 2046 3114 2116 φρονίμως
3140 2048 3253 2110 τοῖς
3277 2047 3569 2118 πράγμασι
3593 2065 3730 2102 συν-

2145 2136 2531 2208 αρμόζεσθαις
2571 2139 2741 2194 Ὅταν
2791 2139 2903 2210 γὰρ
2974 2141 3280 2212 πράγματα
3332 2141 3546 2212 χαλεπὰ
3599 2141 3733 2195 ὄντα

2144 2229 2242 2282 καὶ
2272 2227 2373 2300 τὴν
2397 2229 2495 2283 τοῦ
2523 2230 2720 2301 καιροῦ
2753 2231 3134 2304 προσλάϐηται
3183 2233 3552 2304 χαλεπότητα,
3585 2235 3738 2305 ἀμή-

2146 2336 2309 2390 χανον
2339 2318 2400 2385 ὲξ
2425 2319 2645 2391 ἑτοίμου
2674 2321 3013 2376 κατάστασιν
3058 2323 3199 2377 αὺτά
3233 2323 3587 2394 προσλαϐεῖν.
3617 2326 3735 2379 Καὶ

2145 2410 2305 2465 τοῦτο
2343 2412 2475 2476 ῐδοις
2502 2412 2568 2467 ἂν
2608 2413 2816 2468 ἄνωθεν
2852 2415 2946 2468 καὶ
2997 2415 3058 2480 ἐξ
3099 2417 3273 2487 ἀρχῆς
3316 2417 3412 2470 καὶ
3446 2418 3612 2488 μέχρι
3635 2417 3737 2471 τοῦ

2149 2505 2246 2558 νῦν
2301 2505 2407 2577 ὁδῷ
2447 2506 2780 2561 καταϐαῖνον
2816 2510 2874 2561 ὲν
2928 2511 3051 2573 ταῖς
3097 2511 3401 2580 διοικήσεσι
3455 2511 3566 2566 τῶν
3594 2531 3741 2584 πραο

2145 2598 2373 2668 γμάτων
2403 2597 2893 2667 γινόμενον.Ξ”Ωστε
2924 2601 3126 2668 καὶσὺ,
3166 2601 3360 2657 τέκνον
3393 2603 3574 2674 ἡμῶν,
3607 2621 3742 2658 πει-

2148 2689 2377 2762 θόμενος
2411 2692 2476 2759 τῇ
2525 2693 2676 2762 κοινῇ
2729 2693 2828 2746 καὶ
2871 2696 3114 2765 κοσμικῇ
3164 2694 3340 2763 τάξει,
3393 2697 3586 2766 πράως
3637 2696 3742 2750 καὶ

2152 2780 2535 2853 μακροθύμως
2562 2783 2827 2855 καρτέρει
2866 2785 2937 2840 τά
2979 2787 3390 2857 συμπίπτοντα,
3445 2787 3649 2858 μᾶλλον
3676 2789 3741 2843 δὲ

2146 2877 2248 2933 ὅσα
2277 2877 2312 2947 ἠ
2341 2876 2694 2948 προλαϐοῦσα
2723 2878 2818 2932 τοῦ
2849 2879 3044 2950 χρόνου
3069 2881 3240 2936 κακία
3271 2881 3460 2947 κακῶς
3490 2881 3738 2954 διέθηκε·

2148 2970 2244 3023 καὶ
2291 2970 2391 3023 σὺν
2429 2968 2552 3040 Θεῷ
2585 2971 2728 3025 κατὰ
2785 2971 2958 3044 βραχὺ
3006 2971 3097 3026 τὸν
3143 2974 3371 3028 δυνατὸν
3424 2973 3742 3044 ἐπανόρθου

2147 3063 2353 3134 τρόπον
2385 3063 2550 3128 αὐτὰ,
2579 3065 2686 3139 καὶ.
2713 3062 2787 3135 μὴ
2829 3063 3028 3136 ἀθρόον
3065 3064 3392 3138 βουλόμενος
3434 3067 3535 3138 τὴν
3565 3068 3739 3122 ὲπανυ

2151 3155 2387 3227 όρθωσιν
2461 3155 2669 3220 δοῦναι,
2719 3156 2825 3210 ὑπὸ
2874 3159 2977 3226 τῆς
3029 3158 3420 3230 ἀντικειμένης
3466 3159 3577 3214 τῶν
3635 3159 3742 3231 τὴν

463 3253 530 3306 ad
583 3261 636 3308 te
686 3252 982 3310 scribimus
1026 3255 1297 3317 materiis,
1348 3255 1687 3324 experientia
1737 3255 1938 3317 edocti,
1987 3265 2049 3311 ut

2155 3249 2423 3322 πονηρίαν
2466 3248 2766 3318 φιλούντων
2824 3249 3062 3320 σπουδῆς
3100 3267 3159 3304 τε
3186 3251 3284 3304 καὶ
3325 3251 3601 3323 μηχανῆς,
3639 3258 3744 3308 καὶ

464 3344 716 3413 quaedam
748 3347 935 3400 animo
966 3353 1059 3400 tuo
1083 3345 1483 3401 consideranda
1514 3345 1922 3401 ministremus.
1953 3345 2049 3400 Dat

2153 3343 2366 3414 σεαυτῷ
2415 3343 2594 3407 λύπας
2637 3343 2930 3414 προξενῇς,
2958 3343 3054 3397 καλ¹
3093 3347 3208 3410 τοῖς
3242 3347 3571 3418 πράγμασιν
3614 3347 3743 3402 ἀντὶ

461 3449 645 3495 autem
678 3438 825 3493 Deus
870 3453 1052 3493 rerum
1100 3439 1154 3493 in
1205 3438 1405 3493 melius
1449 3437 1888 3501 conversionem,
1931 3453 2049 3509 quae

2152 3434 2426 3506 ὠφελείας
2453 3433 2712 3506 ἀφορμὴν
2742 3434 2993 3506 παρέχῃς
3022 3435 3118 3488 ἐπὶ
3149 3436 3218 3489 τὰ
3245 3437 3419 3507 χείρω
3449 3437 3728 3508 προϊέναι.

463 3538 518 3582 te
550 3543 579 3582 a
612 3527 896 3585 doloribus
921 3527 1118 3584 liberet
1150 3539 1202 3584 et
1230 3528 1364 3599 ipsis
1394 3539 1664 3598 congruat
1689 3526 1961 3584 consiliis.

2163 3527 2327 3582 Ἀλλά
2383 3525 2558 3580 ταῦτα
2611 3524 2895 3596 γράφομεν
2954 3524 3015 3590 ἐξ
3063 3518 3140 3579 ὧν
3187 3539 3283 3580 και
3331 3528 3496 3598 ἡμεῖς
3533 3529 3736 3600 πεῖραν

462 3623 820 3696 λαμϐάνομεν
872 3625 974 3696 τὴν
1050 3625 1152 3697 σὴν
1217 3625 1738 3696 ὑπομιμνήσκοντες
1807 3623 2045 3679 σύνεσιν.
2091 3625 2222 3695 Δοίη
2256 3623 2313 3677 δὲ
2381 3623 2515 3685 Θεὸς
2549 3620 2645 3675 ἐπὶ
2685 3621 2748 3674 τὸ
2779 3621 3005 3692 ἄμεινον
3038 3621 3219 3676 πάντα
3291 3622 3745 3696 μετασκευασθῆ-

463 3734 574 3783 ναι,
604 3717 700 3771 καὶ
737 3717 815 3783 ὡς
843 3718 911 3774 ἂν
1021 3719 1104 3772 σοί
1161 3735 1219 3772 τε
1269 3718 1476 3775 ἄλυπον
1514 3718 1608 3770 καὶ
1663 3720 1776 3783 τοῖς
1824 3719 2036 3776 ἐκείνου
2077 3720 2373 3792 εὐάρεστον
2400 3717 2689 3789 κρίμασιν.

464 3829 704 3889 CXXVI.
744 3831 995 3909 Ignario,
1046 3834 1168 3902 qui,
1200 3835 1468 3909 _magister
1512 3835 1710 3909 factus,
1754 3837 1811 3892 in
1860 3835 2056 3909 Magno

805 3905 950 3975 Agro
982 3905 1332 3959 monasticam
1356 3909 1516 3961 vitam
1541 3907 1704 3978 degit.

539 4039 605 4096 Et
645 4056 795 4096 nunc
841 4051 897 4096 et
937 4042 1093 4112 prius
1142 4056 1396 4112 magnam
1446 4059 1664 4114 semper
1712 4045 2056 4116 percepimus

2229 3835 2322 3891 PK
2333 3837 2423 3904 ς’.
2462 3834 2732 3909 Ἰγιρᾳτίῳ
2756 3835 3072 3909 μᾳγίστρφ
3089 3836 3382 3909 γεγόνοτι,
3400 3836 3741 3909 [war-dannt

2545 3906 2614 3959 δὲ
2647 3906 2720 3960 ἐν
2758 3904 2838 3972 τῷ
2853 3904 2860 3906 “
2876 3904 3130 3978 Μεγάλῳ
3145 3907 3354 3978 Ἀτρεῖ).

2229 4036 2340 4095 Κάι
2385 4040 2480 4093 νῦν
2508 4042 2603 4094 καὶ
2638 4041 2906 4112 πρότερον
2941 4043 3191 4115 μεγάλην
3226 4042 3531 4116 εὑρηκότες
3559 4047 3743 4114 παρά-

464 4135 904 4192 consolationem
945 4150 1012 4189 ex
1043 4135 1265 4201 litteris,
1294 4151 1432 4205 quas
1464 4137 1532 4196 ad
1572 4153 1671 4194 nos
1699 4147 2049 4208 peccatorum

2157 4134 2353 4206 κλησιν
2393 4136 2458 4186 ἐκ
2484 4133 2596 4187 τῶν
2620 4134 2969 4206 γραμμάτων
3001 4137 3102 4207 τῆς
3138 4136 3295 4208 ὑμῶν
3326 4139 3611 4209 ὁσιότητος
3631 4139 3747 4195 τῶν

467 4244 633 4284 causa
665 4228 954 4283 tribulatos
990 4229 1296 4283 reverentia
1325 4239 1502 4284 vestra
1535 4229 1706 4294 misit,
1735 4239 1790 4285 et
1815 4230 1925 4285 Deo
1950 4229 2049 4284 bo-

2156 4225 2246 4279 διά
2263 4226 2365 4289 τὰς
2392 4226 2670 4297 ἁμαρτίας
2705 4227 2864 4298 ἡμῶν
2923 4229 3266 4298 συνεχόντων
3316 4233 3489 4302 ἡμᾶς,
3524 4233 3749 4303 εὐχαρι-

465 4338 666 4378 norum
698 4323 945 4377 omnium
972 4322 1152 4377 datori
1187 4325 1393 4393 gratias
1427 4321 1740 4389 referimus,
1769 4324 1915 4394 quod
1959 4339 2049 4380 ve-

2159 4316 2318 4371 στίαν
2351 4317 2430 4386 τῷ
2469 4318 2653 4389 δοτῆρι
2698 4319 2808 4372 τῶν
2832 4319 3055 4388 ἀγαθῶν
3081 4320 3202 4391 Θεῴ
3231 4322 3648 4395 ἀνεπέμψαμεν,
3685 4325 3749 4390 ὃς

469 4429 627 4477 ram,
679 4412 953 4468 sinceram
1009 4419 1063 4466 et
1109 4411 1455 4481 spiritualem
1506 4410 1831 4468 charitatem
1892 4409 2049 4467 nobis

2161 4412 2259 4485 τὴν
2282 4412 2502 4483 ἀληθῶς
2528 4413 2800 4484 εἰλικρινῆ
2833 4416 2930 4468 καὶ
2960 4417 3348 4487 πνευματικὴν
3377 4418 3603 4487 ἀγάπην
3629 4417 3746 4472 δια-

468 4507 789 4562 servaverit.
839 4503 1099 4562 Homines
1144 4504 1292 4560 enim
1348 4505 1464 4560 fere
1531 4519 1724 4560 omnes
1769 4506 2049 4574 promissis

2162 4509 2466 4578 τετήρηκεν
2507 4509 2666 4577 ἡμῖν,
2710 4507 2899 4578 σχεδὸν
2939 4507 3160 4562 πάντων
3183 4510 3298 4563 ὅσοι
3333 4509 3541 4581 ταύτην
3569 4513 3749 4584 ἐπηγ-

467 4601 584 4655 suis
628 4613 739 4654 non
792 4606 1082 4654 steterunt.
1123 4597 1279 4664 Quod
1312 4612 1443 4651 vero
1480 4596 1595 4667 jam
1633 4597 1768 4660 dixi,
1815 4597 2049 4668 teipsum

2163 4601 2419 4668 γέλλοντο
2460 4601 2596 4671 πρὸς
2632 4602 2780 4670 ἡμᾶς
2816 4602 3120 4668 κεκτῆσθαι
3141 4603 3242 4673 τῆς
3295 4605 3477 4660 αὐτῶν
3525 4606 3749 4660 ὲπιλανυ

466 4692 814 4749 conservavit
838 4691 998 4748 nobis
1023 4691 1192 4756 Deus,
1226 4690 1322 4759 qui
1358 4701 1408 4744 et
1434 4689 1851 4760 perfectissima:
1880 4691 2056 4747 virtu-

468 4786 539 4841 tis
569 4786 851 4856 exemplar
881 4785 1192 4855 proposuit,
1231 4783 1392 4839 nobis
1433 4793 1620 4839 autem
1666 4799 1925 4853 magnum
1956 4785 2057 4839 tri-

469 4879 587 4934 buit
623 4879 879 4934 solatium
926 4880 980 4934 in
1018 4879 1105 4934 his
1139 4881 1323 4934 rerum
1376 4878 1672 4949 angustiis.
1719 4879 1852 4944 Quae
1883 4895 2051 4950 porro

466 4973 533 5026 de
586 4970 831 5027 Ecclesia
887 4969 979 5025 Dei
1020 4977 1374 5041 peramanter
1417 4971 1632 5035 tribuit,
1682 4973 1955 5043 sagaciter
2003 4981 2057 5028 et

465 5063 744 5133 eleganter
773 5077 1195 5127 commemoras,
1223 5061 1340 5117 haec
1372 5061 1512 5117 scito
1543 5063 1704 5119 nobis
1726 5063 2053 5133 jamdudum

465 5157 521 5211 in
553 5155 695 5211 votis
721 5164 776 5211 et
801 5156 856 5210 in
887 5155 1084 5226 emptis
1108 5169 1267 5222 esse;
1297 5165 1698 5223 verumtamen,
1725 5157 1816 5211 hic
1839 5172 2059 5228 quoque

471 5258 665 5303 contra
713 5263 799 5303 me
831 5231 1128 5318 insurgunt
1168 5261 1388 5317 semper
1421 5258 1669 5317 peccata,
1705 5257 1765 5320 et
1795 5264 1822 5303 a
1857 5264 2057 5320 propo-

466 5342 576 5396 sito
605 5340 953 5398 aberramus.
988 5340 1094 5405 Qui
1131 5340 1278 5394 enim
1313 5341 1366 5394 in
1400 5339 1703 5397 Ecclesiam
1739 5341 1834 5396 Dei
1862 5356 2056 5412 pecca-

465 5441 688 5499 verunt,
716 5431 916 5486 nedum
951 5431 1233 5502 propriam
1257 5431 1492 5487 deﬂeant
1521 5432 1802 5488 miseriam
1846 5440 1902 5487 et
1935 5445 2053 5486 ma-

468 5527 648 5581 lorum
693 5524 1123 5597 profunditatem
1173 5525 1414 5580 sentiant
1461 5525 1531 5579 ob
1581 5524 1877 5580 Ecclesiam
1917 5523 2057 5578 male

469 5619 766 5687 proditam,
809 5617 1024 5688 seipsos
1051 5618 1232 5688 potius
1259 5628 1494 5689 purgant
1511 5618 1723 5672 diversa
1752 5625 2058 5686 praetexen-

472 5721 575 5773 tes,
608 5723 663 5768 et
698 5729 804 5768 non
842 5712 1022 5769 solum
1076 5712 1405 5769 humilitatis
1453 5710 1624 5764 colles
1669 5725 1778 5764 non
1828 5709 2056 5771 adeunt,

473 5805 567 5857 sed
591 5804 646 5858 in
672 5815 887 5861 montes
909 5807 1072 5861 etiam
1098 5805 1367 5874 superbiae
1389 5802 1712 5858 ascendunt.
1747 5801 1826 5857 Illi
1850 5813 2054 5865 autem,

477 5896 570 5963 qui
621 5906 844 5965 propter
890 5897 1095 5954 bonum
1142 5897 1400 5955 Ecclesia:
1442 5904 1643 5952 statum
1689 5895 1860 5951 multa
1909 5896 2055 5966 passi

2162 4693 2476 4758 θανομένων
2506 4694 2869 4762 ἐπαγγελίας.
2911 4694 3049 4748 Ἀλλ’
3086 4697 3234 4768 ὅπερ
3265 4696 3424 4769 ἔφην,
3455 4699 3516 4752 σὲ
3553 4697 3748 4767 διεφύ-

2159 4784 2321 4851 λαξεν
2365 4785 2498 4855 ἡμῖν
2543 4787 2571 4836 ὁ
2616 4785 2841 4853 ἀγαθὸς,
2899 4787 3020 4855 ἅμα
3075 4786 3175 4856 μὲν
3237 4788 3336 4859 τὴν
3397 4789 3750 4860 τελειοτάτην

2159 4879 2365 4948 ἀρετὴν
2406 4880 2521 4942 τοῖς
2555 4878 2848 4948 μιμεῖσθαι
2885 4880 2957 4932 τά
3008 4879 3154 4934 καλὰ
3186 4880 3542 4953 βουλομένοις
3566 4882 3750 4952 παρά-

2158 4969 2360 5040 δειγμα
2425 4968 2730 5041 προτιθεὶς,
2799 4969 2916 5039 διμα
2970 4969 3028 5022 δὲ
3083 4969 3178 5023 καὶ
3215 4971 3350 5041 ἡμῖν
3406 4970 3466 5024 ἐν
3517 4969 3748 5040 τοιούτῳ

2159 5059 2342 5132 καιρῷ
2379 5061 2524 5131 μέγα
2569 5060 2924 5132 παραμύθιον
2979 5063 3363 5134 χαρισαμένης
3429 5063 3541 5116 τῶν
3594 5079 3742 5134 περι-

2163 5153 2556 5224 στοιχισάντων
2593 5153 2893 5224 ὀδυνηρῶν.
2931 5154 2999 5208 Ἃ
3043 5153 3101 5207 δὲ
3149 5155 3411 5225 περὶτῆς
3458 5155 3555 5209 τοῦ
3609 5153 3750 5208 Θεοῦ

2171 5243 2504 5316 Ἐκκλησίας
2564 5243 2748 5308 καλῶς
2795 5244 2890 5299 καὶ
2939 5245 3222 5317 φρονίμως
3288 5246 3383 5299 καὶ
3429 5245 3600 5311 ἀξίως
3647 5244 3754 5315 τῆς

2164 5339 2266 5408 σῆς
2318 5337 2610 5401 εὐλαϐείας
2677 5338 3028 5410 ὑπέμνησας,
3086 5337 3327 5407 γίνωσκε
3372 5335 3552 5393 ταῦτα
3614 5339 3753 5409 ἡμῖν

2159 5431 2248 5484 διὰ
2282 5430 2496 5501 πολλῆς
2528 5430 2770 5501 ἐφέσεως
2816 5430 2878 5496 ἐξ
2909 5431 3085 5502 ἀρχῆς
3121 5431 3218 5484 καλ⁸
3277 5429 3517 5500 σπουδῆς
3573 5429 3753 5499 ὑπάρ-

2160 5541 2299 5594 χειν.
2344 5523 2484 5578 Ἀλλ’
2516 5525 2593 5588 ὡς
2629 5523 2810 5578 ἔοικεν
2864 5525 2960 5578 καὶ
3009 5522 3251 5577 ἐνταῦθα
3277 5522 3421 5577 κατὰ
3447 5523 3750 5595 πρόσωπον

2161 5616 2578 5686 ἀνθισταμένων
2625 5634 2716 5685 μοι
2750 5615 2859 5670 τῶν
2891 5614 3201 5685 ἁμαρτιῶν,
3255 5615 3616 5686 διαμαρτάνω
3645 5615 3748 5683 τῆς

2161 5710 2490 5778 ἐπιθυμίας.
2533 5709 2658 5762 Τῶν
2721 5710 2822 5778 μὲν
2870 5709 2982 5780 γὰρ
3033 5710 3440 5781 ἡμαρτηκότων
3507 5710 3588 5770 είς
3646 5706 3746 5777 τὴν

2157 5801 2255 5855 τοῦ
2289 5799 2426 5854 Θεοῦ
2458 5801 2814 5870 Ἐκκλησίαν,
2862 5801 2984 5854 ἀντὶ
3043 5802 3142 5872 τῆς
3195 5801 3291 5853 ἐπὶ
3321 5801 3400 5871 τῷ
3437 5800 3744 5870 πταίσματι

2166 5893 2538 5964 κατανύξεως,
2571 5894 2665 5949 καὶ
2694 5894 2793 5965 τὴς
2827 5894 2933 5951 τῶν
2965 5895 3153 5954 κακῶν
3184 5893 3617 5965 συναισθήυεως,
3641 5893 3743 5946 ὅσα
