4094 6396
428 357 542 422 845

1897 367 2311 431 ΕΡῘΞΤΟΙΛΞ.

3587 372 3694 437 3i6

425 472 535 541 τὴν
590 466 935 537 Ἐκκλησίαν
966 470 1233 527 κατέλαϐε
1274 474 1365 529 διὰ
1419 473 1515 529 τοῦ
1565 474 1859 547 προδοῦναι
1881 479 2010 533 τού-

2118 491 2268 549 sunt,
2302 490 2355 537 et
2384 480 2674 551 patiuntur
2715 479 2876 537 dicta
2902 480 3130 537 rationis
3172 496 3335 538 causa
3363 482 3430 538 ad
3478 484 3695 541 miseri-

424 580 559 626 τους
605 560 705 629 τὴν
742 560 848 632 τῆς
875 561 1210 635 Ἐκκλησίας
1254 567 1615 634 κατάστασιν,
1666 568 1869 639 μᾶλλον
1929 570 2012 623 δι-

425 656 605 718 καίως
641 653 930 726 νομίζουσι
958 656 1374 726 προτεινόντων,
1404 660 1498 713 καὶ
1542 660 1604 715 οὐ
1640 662 1803 731 μόνον
1832 661 1894 715 οὐ
1921 679 2011 716 τα-

425 747 838 815 πεινουμένων,
880 747 1019 802 ἀλλά
1050 750 1145 802 καλ⁵
1172 750 1350 820 ὀφρὺν
1378 752 1745 821 ἐπαιρόντων.
1772 754 1895 809 Τῶν
1952 756 2011 810 δὲ

426 839 577 909 ὑπὲρ
623 838 727 908 τῆς
752 838 1228 911 ἐκκλησιασταῆς
1256 843 1518 909 εὐταξίας
1560 844 1714 899 δεινά
1743 846 2014 900 πεπονθό-

424 949 562 995 των,
605 931 702 984 καὶ
744 930 926 995 ἄλλως
977 933 1077 1003 μὲν
1128 934 1608 1006 σκληρυνομένων,
1667 938 1900 1008 μάλιστα
1953 939 2009 992 δὲ

423 1023 499 1077 δι’
526 1026 595 1095 ῆν
629 1024 768 1093 ἔφην
798 1025 984 1079 αίτίαν
1014 1025 1261 1095 εὐλόγως
1291 1028 1695 1084 ἀποκλειόντων
1724 1031 1912 1093 αὐτοῖς
1940 1029 2011 1082 τὰ

426 1116 722 1186 σπλάγχνα
772 1117 878 1188 τῆς
921 1119 1293 1189 συμπαθείας,
1338 1121 1420 1184 είς
1477 1122 1719 1195 ἀπορίαν
1772 1121 2011 1192 ἐσχάτην

422 1207 770 1277 καθέστηκα.
800 1208 896 1262 καὶ
928 1209 1134 1279 μεταξύ
1161 1211 1388 1264 ἐκείνων
1427 1228 1486 1265 τε
1513 1213 1612 1266 καὶ
1646 1212 1857 1265 τούτων
1895 1210 2009 1264 ὤσ-

423 1318 533 1371 περ
554 1302 619 1354 ἐν
648 1300 1009 1372 ἀδιεξοδεύτῳ
1050 1301 1280 1370 πελάγει
1310 1302 1667 1374 χειμάζομαι,
1719 1303 1855 1375 πρὸς
1918 1305 2008 1374 μό·

420 1410 524 1465 νην
549 1391 780 1463 ἀφορῶν
817 1392 917 1462 τὴν
946 1393 1098 1448 θείαν
1127 1396 1386 1465 πρόνοιάν
1433 1414 1492 1450 τε
1523 1397 1618 1451 καὶ
1650 1397 2002 1469 κυϐέρνησιν,

423 1485 521 1538 καὶ
568 1482 671 1554 τὴν
733 1483 947 1538 ἐκεῖθεν
1006 1485 1293 1556 ἀναμένων
1352 1486 1623 1558 βοήθειαν,
1673 1487 1770 1542 ἀτε
1821 1488 2004 1558 πάσης

423 1575 780 1645 ἀνθρωπίνης
808 1575 1093 1645 περινοίας
1124 1578 1206 1641 είς
1235 1579 1297 1631 τὺ
1335 1576 1541 1649 ἀπορον
1565 1577 1999 1649 καθισταμένης.

426 1666 505 1720 Tit
565 1666 676 1738 γάρ
732 1668 1059 1722 καταλιπεῖν
1117 1670 1249 1734 τούς
1298 1670 1559 1737 οίκείους,
1593 1673 1688 1725 καὶ
1723 1669 1865 1739 μετά
1894 1670 2004 1723 τῶν

434 1760 575 1821 τέως
612 1759 865 1812 ἐναντίων
899 1760 1178 1828 γενέσθαι,
1212 1762 1523 1834 ἀμήχανονε
1584 1762 1682 1817 καὶ
1717 1760 1856 1831 μετά
1909 1760 2004 1815 τοῦ

2118 574 2364 630 cordiatn
2392 573 2737 646 moveriznon
2756 583 2987 645 possunt
3006 591 3022 640 ;
3047 574 3129 630 sic
3151 574 3462 644 ingentibus
3475 592 3695 646 premor

2115 667 2407 737 angustiis,
2427 667 2532 722 bos
2555 666 2697 722 inter
2711 675 2765 722 et
2790 666 2914 723 illos
2933 666 3103 722 veluti
3123 668 3178 721 in
3198 667 3506 737 procelloso
3518 669 3696 738 jaetor

2116 757 2279 826 mari,
2315 758 2382 813 ad
2420 758 2597 814 solam
2642 757 2884 813 divinam
2925 758 3168 813 intentus
3200 758 3607 813 Providentiam
3641 771 3697 815 et

2117 850 2569 921 gubernationem
2602 865 3012 921 supernumque
3046 850 3294 904 humanii
3318 850 3511 905 consili
3539 850 3697 917 plane

2118 941 2276 1011 inops
2318 949 2577 1011 exspecto
2631 941 2924 996 auxilium.
2960 940 3224 1011 Pr0prios
3267 942 3415 997 enim
3457 942 3697 997 derelin~

2116 1047 2288 1102 quere
2334 1042 2389 1087 et
2437 1032 2506 1088 ad
2540 1033 2890 1090 adversarios
2935 1035 3174 1089 transire
3217 1050 3324 1089 non
3367 1050 3692 1104 possumus;

2116 1125 2223 1179 etsi
2244 1138 2331 1179 res
2354 1123 2472 1179 ﬁeri
2503 1135 2710 1195 posset,
2740 1126 2966 1179 omnino
2988 1134 3166 1179 tamen
3190 1126 3487 1180 absurdum
3521 1127 3695 1194 foret;

2119 1212 2197 1267 illi
2241 1212 2387 1267 enim
2417 1212 2625 1268 nostris
2661 1227 2767 1267 non
2802 1213 3025 1267 aderent
3056 1213 3260 1277 verbis,
3308 1222 3363 1267 et
3400 1229 3527 1268 cum
3569 1214 3693 1271 aliis

2117 1304 2435 1361 societatem
2460 1305 2598 1359 inire
2618 1315 2959 1361 recusarent.
2982 1304 3123 1371 Quid
3148 1305 3316 1375 igitur
3341 1304 3651 1361 faciendum
3669 1304 3695 1358 ἲ

2118 1394 2337 1452 Sanctis
2362 1394 2617 1466 precibus
2646 1395 2845 1451 vestris
2871 1392 3173 1449 ferventius
3220 1392 3488 1449 intentius
3539 1394 3689 1448 illum

2114 1487 2401 1551 adeamus,
2445 1485 2540 1556 qui
2568 1486 2867 1542 Ecclesiam
2896 1500 2999 1542 suo
3030 1486 3297 1557 sanguine
3324 1485 3592 1547 fundavit,
3633 1494 3693 1540 ut

2113 1577 2481 1647 investigabili
2525 1578 2768 1634 scientiae
2810 1586 2865 1633 et
2914 1578 3198 1649 sapientiae
3254 1579 3342 1634 via
3398 1592 3588 1633 omnes
3633 1578 3690 1632 in

2113 1683 2281 1723 unum
2325 1668 2638 1738 compellat.
2674 1666 2824 1723 Idem
2876 1667 3010 1723 dare
3049 1676 3231 1737 potest
3258 1667 3424 1721 tantis
3463 1680 3495 1721 e
3532 1665 3691 1720 malis

2113 1759 2528 1824 liberationem,
2593 1768 2786 1815 contra
2841 1774 2963 1830 quae
3005 1767 3229 1829 propter
3274 1756 3576 1813 certamina
3635 1764 3693 1810 ct

444 1850 738 1920 ἀμηχάνου,
768 1852 1057 1916 παντελῶς
1104 1854 1330 1908 ἀτοπον.
1374 1855 1447 1908 Τὸ
1487 1855 1545 1908 δέ
1584 1854 1662 1925 μὴ
1718 1852 2004 1925 βούλεσθαι

2115 1851 2259 1908 rixas
2292 1851 2479 1907 omnia
2502 1851 2788 1907 hominum
2819 1851 3061 1906 remedia
3095 1866 3236 1905 vana
3275 1851 3452 1904 video.

445 1942 606 1994 πάλιν
639 1940 852 2006 τούτους
911 1942 992 2013 τῷ
1034 1944 1292 2015 ἡμετέρῳ
1351 1945 1637 2000 πείθεσθαι
1680 1944 1848 2016 λόγῳ,
1896 1945 1997 2013 τῆς
2038 1942 2176 2013 πρὸς
2241 1941 2487 2008 ἐκείνους
2547 1942 2804 2013 ἀπείργει
2848 1942 2943 1995 καὶ
3012 1942 3087 2013 μὴ
3124 1940 3481 2012 βουλομένους
3506 1939 3693 2011 ἑνότη-

435 2044 543 2096 τος.
576 2032 640 2086 Τί
684 2032 779 2087 οὖν
831 2033 914 2088 δεῖ
949 2038 1124 2089 ποιεῖν
1158 2054 1175 2105 ;
1213 2038 1285 2090 Ἦ
1320 2038 1706 2108 ἐκτενέστερον
1754 2037 1848 2092 διὰ
1918 2036 2031 2090 τῶν
2067 2037 2229 2090 ὁσίων
2290 2035 2449 2107 ὑμῶν
2502 2036 2680 2106 εὐχῶν
2768 2035 3092 2103 δυσωπῆσαι
3159 2036 3253 2089 τὸν
3301 2035 3395 2089 ἐπὶ
3440 2036 3520 2106 τῷ
3566 2036 3684 2106 ἰδίῳ

423 2126 621 2195 αἵματι
650 2126 751 2195 τὴν
774 2126 942 2179 αὐτοῦ
986 2128 1317 2199 Ἐκκλησίαν
1345 2128 1761 2201 θεμελιώσαντα
1828 2128 2166 2199 συμϐιϐάσαι
2232 2127 2441 2191 πάντας
2467 2130 2534 2199 τῇ
2580 2127 2979 2200 ἀνεξιχνιάστῳ
3038 2127 3204 2181 αὐτοῦ
3250 2127 3347 2181 καὶ¹
3380 2128 3679 2201 ὐπερσόφῳ

424 2217 671 2280 συνέσει,
705 2220 797 2272 καὶ
828 2218 905 2281 ὡς
949 2220 1115 2284 αὐτὸς
1187 2222 1483 2276 ἐπίσταται
1542 2221 1640 2275 τοῦ
1713 2220 1972 2275 τοσούτου
2037 2217 2211 2273 κακοῦ
2272 2219 2373 2288 τὴν
2424 2219 2580 2274 λύσιν
2611 2222 2941 2291 παρασχεῖν,
2994 2218 3069 2283 ὡς
3114 2219 3184 2273 τά
3239 2235 3305 2288 γε
3362 2218 3688 2291 ἀνθρώπινα

418 2310 608 2362 πάντα
650 2307 765 2378 ὀρῶ
809 2306 1098 2380 ήττώμενα
1146 2310 1247 2381 τῆς
1284 2310 1468 2364 αὐτῶν
1512 2308 1845 2380 φιλονεικίας
1901 2309 1999 2362 καλ¹
2036 2307 2438 2378 προαιρέσεως.

493 2426 673 2483 PKZ'.
716 2420 927 2476 Λέοντι
968 2426 1284 2513 σπαθαριίφ
1334 2426 1433 2479 καί
1480 2424 1654 2496 κριτῇ
1690 2426 2014 2494 Παφλαγο-

1158 2513 1318 2562 νίας.

505 2594 681 2649 Οὐδέν
737 2591 882 2647 οὕτω
931 2590 1106 2662 δῶρον
1135 2590 1236 2661 ἡδὺ
1269 2592 1383 2655 τοῖς
1417 2589 1723 2660 ἠνωμένοις
1760 2591 1827 2661 τῇ
1864 2589 2010 2643 κατά

426 2687 569 2741 Θεέν
603 2686 816 2757 ἀγάπῃ,
846 2685 1033 2738 ὁποῖον
1065 2682 1127 2736 τὸ
1159 2683 1287 2744 τοὺς
1320 2680 1659 2750 ἀγαπῶντας
1697 2679 2006 2749 ἀναμαθεῖν

418 2781 534 2834 τῶν
595 2777 985 2849 ἀγαπωμένων
1036 2774 1136 2847 τὴν
1194 2774 1504 2846 εὐετηρίαν.
1560 2773 1750 2842 Τούτῳ
1808 2772 1871 2844 δὴ
1926 2770 2005 2840 τῷ

420 2873 705 2942 καλλίστῳ
760 2870 920 2941 δώρῳ
973 2867 1070 2922 καὶ
1106 2866 1382 2939 ὴδυτάτῳ,
1419 2867 1515 2921 καὶ
1554 2865 1865 2937 ἡδύνθημεν
1906 2864 2006 2918 καὶ

421 2964 764 3034 ήδυνόμεθα,
807 2966 903 3015 καὶ
965 2961 1203 3031 δεόμεθα
1232 2958 1329 3014 τοῦ
1377 2959 1515 3013 Θεοῦ
1576 2959 1849 3031 μηδέποτε
1903 2957 2005 3027 τὴν

421 3058 688 3127 τοιαύτην
740 3056 934 3126 ἡδονὴν
989 3053 1291 3124 ἐπιλείψειν
1343 3054 1514 3124 ἡμᾶς.
1556 3051 1720 3107 Ἦδέα
1768 3052 1827 3104 δέ
1872 3051 2005 3121 ἡμῖν

422 3153 519 3205 καὶ
548 3149 587 3204 ἀ
624 3148 967 3201 πλεονεκτῶν
1004 3146 1073 3200 τὰ
1132 3144 1410 3217 προδάτια
1466 3144 1619 3216 δῶρα
1653 3142 2002 3205 ἀπέστειλας,

2112 2421 2381 2479 CXXVII.
2436 2422 2600 2479 Leoni
2651 2424 2927 2493 spathario
2971 2432 3021 2478 et
3068 2422 3457 2494 Paphlagonia:
3494 2422 3692 2493 judici.

2179 2588 2570 2646 Dulcissimum
2617 2589 2669 2644 id
2720 2589 2938 2645 videtur
2980 2604 3186 2645 munus
3235 2589 3344 2644 illis
3375 2588 3469 2659 qui
3505 2588 3696 2643 divino

2108 2679 2399 2735 charitatis
2431 2677 3003 2749 vinculojnnguntur,
3050 2679 3212 2748 cujus
3242 2679 3400 2733 venia
3442 2689 3696 2734 amantes

2102 2782 2409 2827 amatorum
2445 2770 2761 2825 felicitatem
2804 2770 3012 2840 experti
3060 2779 3191 2825 sunt
3235 2771 3385 2826 :boc
3421 2771 3567 2826 enim
3613 2772 3696 2825 lo-

2103 2864 2357 2934 cupletati
2418 2879 2645 2919 munere
2688 2863 3061 2933 jucundamur
3118 2864 3354 2918 invicem
3415 2871 3471 2919 et
3521 2864 3692 2920 Deum

2103 2956 2485 3026 deprecamur,
2525 2972 2592 3011 ne
2622 2972 2863 3026 unquam
2921 2958 3010 3011 illa
3059 2972 3088 3012 a
3136 2956 3299 3010 nobis
3340 2955 3561 3010 recedat
3600 2956 3694 3024 ju-

2106 3049 2380 3104 cunditas.
2422 3049 2553 3115 Quae
2582 3042 2744 3118 porro
2779 3049 3156 3104 muniﬁcentia
3190 3047 3350 3103 nobis
3389 3048 3539 3102 misit
3571 3064 3695 3102 tnu-

2107 3156 2238 3196 nera
2270 3142 2453 3206 ovilla,
2487 3141 2709 3196 fuerunt
2739 3157 2893 3210 aeque
2923 3141 3126 3196 dulcia.
3158 3140 3355 3195 Annon
3386 3139 3556 3195 nimia
3592 3140 3690 3196 tibi

422 3245 524 3297 καὶ
564 3241 741 3295 ταῦτα
773 3240 970 3311 κριτὴς
1003 3237 1079 3292 ὣν
1138 3214 1235 3293 καὶ
1262 3237 1363 3308 τὴν
1419 3214 1738 3301 πλεονεξίαν
1773 3236 2007 3304 ὀφείλων

2115 3235 2328 3289 videtur
2376 3234 2683 3306 benignitas
2731 3249 2863 3290 oves
2910 3234 3023 3289 fetu
3080 3234 3300 3299 orbari,
3352 3242 3413 3288 ut
3466 3248 3576 3288 non
3637 3242 3695 3286 tu

420 3334 671 3389 διώκειν.
715 3332 787 3385 Ἢ
811 3332 872 3385 οὐ
897 3330 1048 3385 δοκεῖ
1084 3346 1167 3383 σοι
1203 3329 1554 3383 πλεονεκτεῖν
1583 3328 1646 3382 τὸ
1672 3328 1803 3392 τοὺς
1835 3327 2006 3398 ἄρνας

422 3430 636 3499 τροφῆς
662 3425 1020 3496 ἀποστερεῖν,
1067 3423 1156 3477 ἵνα
1188 3421 1262 3494 μὴ
1307 3422 1472 3492 μόνον
1510 3422 1578 3476 σύ
1608 3423 1845 3493 τρυφᾷς,
1872 3419 2011 3474 ἀλλά

422 3521 521 3574 καὶ
573 3521 690 3582 τοῖς
742 3516 919 3588 φίλοις
964 3514 1216 3586 παρέχῃς
1256 3514 1572 3586 συντρυφᾷν
1607 3530 1622 3579 ;
1665 3512 1815 3582 Πλὴν
1872 3510 2012 3566 ἀλλά

424 3614 524 3667 σοῦ
543 3629 611 3681 γε
635 3612 826 3665 ῑνεκεν
857 3610 1033 3680 ἡδέως
1056 3607 1382 3678 ἐδεξάμεθα·
1420 3608 1485 3662 σὺ
1517 3606 1576 3661 δὲ
1600 3607 1702 3677 ὅρα
1736 3606 1887 3669 ὅπως
1910 3605 2008 3658 καὶ

422 3707 528 3775 τὴν
561 3706 796 3759 ἐκείνων
836 3701 1158 3766 πλεονεξίαν
1188 3700 1592 3771 παραμυθήσῃ,
1637 3700 1732 3754 καὶ
1760 3699 1888 3762 τοὺς
1920 3696 2011 3766 φί-

422 3800 553 3861 λους
584 3800 699 3862 τοῖς
728 3794 995 3860 τοιούτοις
1031 3793 1229 3866 δώροις
1264 3793 1343 3867 μὴ
1371 3792 1659 3865 διαλείπῃς
1689 3789 2011 3863 φιλοτιμού-

424 3907 619 3962 μενος.

780 3981 964 4035 PKH'.
997 3977 1298 4045 Βασιλείῳ
1334 3977 1620 4043 Χαλδίας.

497 4098 615 4153 Καὶ
640 4097 745 4168 τῆς
776 4096 915 4167 πρὸς
949 4096 1100 4167 ἡμᾶς
1144 4094 1516 4166 συμπαθείας,
1558 4093 1628 4164 ἢν
1676 4091 1819 4145 ὥστε
1874 4090 2011 4160 μηδέ

421 4194 727 4247 θλίϐουσαν
762 4189 1105 4259 ἀπαγγελίαν
1136 4191 1216 4254 είς
1242 4188 1415 4252 ἀκοὰς
1444 4187 1605 4258 ἡμῶν
1651 4186 1830 4241 ἐλθεῖν
1882 4185 2009 4239 ἔθου

422 4287 517 4341 διὰ
551 4284 838 4357 προνοίας,
871 4287 930 4339 ἐν
975 4283 1201 4355 μεγάλῳ
1249 4283 1406 4355 μέρει
1455 4282 1729 4353 ἀποδοχῆς
1779 4279 2012 4349 πεποιή-

428 4378 603 4447 μεθα,
643 4375 869 4439 καὶτὰς
908 4374 1179 4447 ὑμετέρας
1211 4376 1269 4429 δέ
1316 4374 1640 4445 ἀλγηδόνας,
1691 4373 1759 4439 ἃς
1800 4367 1956 4438 οὗτος
1984 4373 2013 4426 ὀ

426 4466 632 4538 πικρὸς
690 4467 889 4538 καιρὸς
936 4467 1033 4521 καὶ
1100 4466 1323 4537 πλήρης
1381 4467 1521 4529 ὅλως
1590 4465 1700 4520 τῶν
1780 4463 2011 4534 θλίψεων

2115 3332 2267 3385 solus
2305 3329 2515 3384 deliciis
2534 3329 2746 3393 amnas,
2785 3329 2881 3384 sed
2912 3337 2968 3382 et
3011 3329 3317 3383 amicorum
3357 3325 3572 3381 deliciis
3614 3324 3698 3379 in-

2113 3422 2356 3477 servias?
2406 3423 2552 3492 quod
2592 3430 2774 3475 tamen
2821 3437 2931 3476 non
2969 3420 3183 3475 obstitit
3222 3418 3354 3490 quin
3396 3417 3475 3473 tui
3528 3431 3695 3471 causa

2114 3529 2236 3571 cum
2269 3517 2498 3570 maxima
2527 3516 2807 3584 voluptate
2835 3513 3246 3583 acceperimus;
3273 3511 3369 3565 tibi
3393 3519 3577 3565 autem
3612 3510 3699 3562 in-

2111 3606 2415 3675 quirendus
2468 3614 2553 3661 est
2604 3607 2840 3668 modus,
2908 3620 3020 3676 quo
3081 3604 3369 3660 avaritiam
3426 3611 3696 3684 conlegas

2113 3707 2168 3753 et
2194 3699 2406 3756 amicos
2445 3698 2723 3757 similibus
2754 3697 2917 3755 donis
2961 3710 3244 3767 nunquam
3274 3692 3553 3765 percolere
3591 3691 3695 3748 de-

2113 3806 2291 3848 smas.

2441 3996 2731 4055 CXXVIII.
2771 3996 2977 4053 Basilio
3009 3993 3340 4051 Chaldiensi.

2186 4107 2345 4177 Quod
2402 4108 2641 4177 benigne
2681 4106 2860 4172 nobis,
2940 4113 2996 4160 et
3061 4104 3381 4175 priusquam
3452 4097 3692 4155 infausta

2116 4201 2306 4257 nuntia
2338 4200 2407 4255 ad
2448 4215 2612 4256 aures
2654 4207 2877 4254 nostras
2904 4206 3289 4268 pervenerant,
3326 4191 3691 4248 manifestasli

2120 4292 2380 4350 amicitia
2432 4292 2631 4349 indicia
2656 4306 2920 4362 perquam
2957 4298 3171 4361 gratum
3216 4288 3375 4343 nobis
3405 4283 3526 4340 fuit.
3553 4282 3693 4339 Cum

2118 4396 2299 4443 autem
2337 4395 2461 4442 tuos
2496 4384 2860 4441 adversitates
2906 4382 3222 4447 didicimus,
3255 4392 3397 4450 quos
3437 4377 3694 4432 acerbum

2120 4481 2223 4536 hoc
2243 4489 2297 4534 et
2317 4478 2497 4535 omnis
2528 4478 2744 4551 generis
2782 4474 3232 4530 tribulationibus
3261 4470 3521 4527 refertum
3556 4477 3665 4523 tem
3691 4504 3697 4509 .

426 4560 566 4629 ἡμῖν
621 4560 927 4632 ἐπεγείρει,
981 4560 1041 4613 ἐν
1095 4557 1257 4630 ὀδύνῃ
1321 4558 1552 4629 καρδίας
1626 4556 2010 4628 μεμαθηκότες

2117 4588 2219 4643 pus
2235 4572 2507 4643 producit,
2525 4573 2579 4626 in
2596 4570 2777 4626 cordis
2797 4570 3111 4624 maestitiam
3133 4566 3442 4621 incidimus.
3459 4560 3548 4617 Uti
3565 4575 3698 4616 vero

432 4652 781 4723 ὐπέστημεν.
817 4652 931 4705 Καὶ
966 4650 1136 4721 πολλῇ
1195 4649 1558 4720 συσχεθέντες
1588 4648 1897 4721 ἀμηχανίᾳ,
1934 4648 2010 4712 ὡς

440 4747 492 4796 ἐν
533 4744 789 4815 ἀπόροις,
825 4744 1045 4815 πρῶτον
1074 4744 1175 4815 μὲν
1210 4742 1289 4812 τῷ
1330 4742 1593 4813 κηδεμόνι
1652 4742 1748 4796 καὶ
1798 4742 2014 4813 Σωτῆρι

448 4834 540 4905 τὴν
567 4835 755 4908 κοινὴν
784 4836 1171 4905 ἀνηνέγκαμεν
1207 4833 1459 4904 συνοχὴν,
1490 4833 1582 4887 καὶ
1616 4831 1778 4887 αὐτὸν
1815 4833 2012 4904 ἐξῃτη-

446 4930 679 4998 σάμεθα,
710 4928 743 4999 ἢ
785 4927 970 4981 δοῦναι
1022 4927 1133 4980 τῶν
1181 4925 1520 4996 συνεχόντων
1555 4924 1656 4997 τὴν
1689 4922 1865 4989 λύσιν,
1899 4922 1932 4993 ἢ
1965 4923 2015 4975 εί

432 5025 509 5093 μὴ
545 5021 709 5075 τοῦτο
741 5020 1004 5091 βούλοιτο,
1034 5015 1116 5083 οἷς
1139 5018 1431 5071 ἐπίσταται
1457 5016 1815 5086 δικαιιῦμασι,
1837 5032 2017 5088 παρα-

428 5118 588 5186 σχεῖν
641 5114 926 5185 ὐπομονὴν
964 5114 1153 5183 φέρειν
1183 5112 1551 5182 εὐχαρίστως,
1585 5109 1729 5163 ὥστε
1765 5109 1841 5180 μὴ
1875 5109 2018 5179 μετὰ

426 5208 529 5263 τοῦ
569 5208 807 5278 πάσχειν
838 5201 927 5261 οἷα
956 5208 1267 5275 πάσχομεν.
1293 5204 1392 5258 καὶ
1429 5204 1541 5257 τῶν
1590 5203 1691 5273 τῆς
1733 5202 2017 5273 ὑπομονῆς

425 5302 696 5354 ἐκπεσεῖν
752 5299 1104 5355 ἀντιδόσεων.
1152 5295 1319 5351 Ἀλλά
1349 5296 1530 5350 ταῦτα
1576 5295 1676 5365 μὲν
1726 5296 1865 5366 πρὸς
1922 5294 2014 5349 τὸν

425 5393 821 5464 φιλάνθρωπον
874 5389 1178 5458 Δεσπότην·
1237 5387 1435 5442 ἔπειτα
1470 5387 1527 5441 δέ
1560 5388 1656 5441 καὶ⁵
1704 5388 1829 5441 ὅσον
1883 5388 2017 5458 ἡμῖν

425 5485 660 5540 δυνατὸν
698 5488 764 5539 ἐκ
803 5484 906 5554 τῆς
940 5485 999 5537 ἐν
1028 5482 1223 5552 κόσμῳ
1265 5480 1520 5551 βοηθείας
1554 5481 1742 5535 ἄνεσιν
1796 5480 2017 5550 ἐπινοή-

428 5580 623 5634 σασθαι
671 5580 827 5650 ύμῖν,
882 5574 1005 5629 οὐδὲ
1054 5572 1197 5643 αὐτη
1243 5573 1302 5625 ἐν
1340 5572 1604 5643 ὀλιγωρίᾳ
1654 5572 2015 5644 ἀπέρριπται,

425 5675 541 5729 ἀλλ’
567 5670 906 5749 ᾐτησάμεθα
948 5669 1027 5730 τῷ
1056 5666 1348 5739 στρατηγῷ
1372 5666 1653 5737 γραφῆναι
1687 5667 1814 5728 τοὺς
1837 5666 2017 5719 ἐπιτι-

422 5768 686 5839 θεμένους
732 5765 865 5823 ταῖς
924 5760 1021 5813 τοῦ
1054 5758 1189 5812 Θεοῦ
1245 5758 1599 5827 Ἐκκλησίαις
1665 5757 2017 5811 ἀναστέλλειν

413 5868 514 5940 τῆς
544 5860 895 5920 ἐπιθέσεως,
926 5852 981 5906 αἱ
1012 5851 1065 5904 δὲ
1084 5849 1213 5921 τῶν,
1238 5850 1311 5915 ὡς
1342 5850 1496 5922 ἔφης,
1518 5851 1809 5923 αἱρετικῶν
1842 5851 2021 5917 γλωσ-

2116 4663 2357 4719 solemus
2408 4661 2591 4717 facere
2616 4660 2672 4715 in
2710 4658 3001 4728 angustiis,
3026 4667 3371 4710 communem
3393 4663 3695 4705 aerumnam

2114 4756 2296 4827 primo
2352 4754 2646 4810 retulimus
2694 4750 2763 4805 ad
2816 4757 3186 4820 protectorem
3240 4751 3298 4799 et
3357 4741 3694 4795 Salvatorem

2117 4850 2387 4912 omnium,
2435 4847 2618 4917 ipsum
2649 4843 3010 4913 deprecantes
3052 4845 3113 4894 ut
3146 4850 3248 4892 nos
3302 4837 3347 4901 εξ
3374 4832 3533 4887 malis
3562 4830 3698 4885 libe-

2120 4951 2226 5007 ret,
2266 4940 2375 5003 vel,
2408 4940 2453 4995 si
2478 4937 2665 4998 nollet,
2687 4936 2843 5006 juxta
2873 4932 3213 5003 beneplacita
3245 4937 3300 4985 et
3322 4924 3531 4997 judicia
3563 4938 3690 4988 sua,

2120 5033 2463 5104 patientiam,
2506 5030 2573 5085 ad
2612 5028 2754 5083 mala
2808 5042 2933 5082 cum
2980 5024 3280 5096 gratiarum
3331 5018 3546 5075 actione
3585 5008 3732 5087 ρει-ε’

2119 5125 2365 5188 ferenda,
2403 5124 2565 5180 nobis
2605 5122 2907 5188 tribueret;
2940 5134 3010 5175 ne
3034 5118 3220 5173 forsan
3271 5116 3397 5171 dum
3438 5113 3698 5183 patimur,

2119 5217 2394 5290 patientiae
2452 5216 2955 5271 remunerationem
3026 5210 3428 5266 amitteremus.
3497 5203 3702 5259 Deinde

2119 5318 2286 5380 prout
2316 5313 2600 5381 potuimus
2626 5306 3012 5362 remissionem
3042 5300 3335 5374 quamdam
3376 5314 3443 5352 ex
3474 5294 3702 5353 secula-

2121 5402 2276 5457 ribus
2324 5400 2548 5456 auxiliis
2591 5411 2917 5467 comparare
2959 5395 3316 5455 intendimus,
3354 5387 3500 5444 haud
3548 5399 3700 5454 sper-

2123 5494 2360 5549 nendam
2387 5533 2404 5559 ,
2454 5493 2548 5548 sed
2594 5492 2831 5547 militum
2870 5488 3065 5545 ducem
3121 5484 3431 5557 rogavimus
3473 5489 3535 5535 ut
3580 5479 3700 5535 suis

2124 5588 2387 5642 scriberet
2447 5585 2712 5656 subjectis
2784 5592 2838 5640 et
2901 5581 3243 5654 superposita
3300 5575 3390 5629 Dei
3445 5573 3702 5629 Ecclesits

2124 5674 2385 5729 auferret.
2416 5673 2491 5729 De
2524 5674 2801 5744 perversis
2830 5683 3011 5727 autem
3043 5669 3425 5725 hmreticorum
3450 5665 3702 5735 Linguis.

2126 5768 2206 5822 uti
2259 5768 2511 5829 mandas,
2546 5781 2650 5820 non
2690 5773 2773 5819 est
2802 5762 3119 5823 dolendum,
3150 5758 3279 5830 quia
3324 5759 3486 5813 homo
3520 5757 3610 5810 Dei
3640 5770 3704 5813 ei

2126 5867 2177 5915 ct
2213 5856 2279 5912 ab
2315 5856 2469 5913 initio
2516 5855 2725 5926 legibus
2766 5853 2937 5923 ipsius
2986 5850 3179 5907 scdulo
3208 5849 3481 5908 ubcdiisti.
3522 5848 3701 5917 Quare
