4094 6406
469 358 578 425 34⁸1

1594 356 1909 419 NICOLAl
1942 356 2054 419 ΟΡ.
2089 356 2609 419 PATRIARCH/B

3615 359 3722 423 318

471 472 692 530 dolens?
739 472 1016 531 Peneum
1072 472 1292 529 illorum
1355 471 1558 543 lingua
1622 474 1831 530 nullum
1890 473 2037 529 nobis

2152 472 2373 543 σαλγίαι
2405 473 2697 548 ἄνθρωπόν
2728 489 2791 528 σε
2821 473 2956 528 ὄντα
2986 473 3128 528 Θεοῦ
3161 472 3258 528 καὶ
3295 471 3396 526 ἀπ’
3422 471 3603 543 ἀρχῆς
3627 473 3723 527 ἑσ-

472 567 679 623 malum
707 565 987 634 inferunt;
1030 577 1278 632 econtra,
1314 581 1570 638 magnam
1590 567 1813 634 exinde,
1862 567 1909 622 si
1947 582 2047 623 vo-

472 661 656 716 lumus
721 660 1097 732 percipiemus
1152 662 1486 726 utilitatem;
1534 662 1736 717 etenim
1781 676 1908 739 cup
1951 661 2046 717 ille

470 752 723 817 insultat,
756 766 861 807 nos
906 751 1323 817 benedicirnus;
1360 752 1491 807 dum
1534 751 1771 822 injurias
1813 754 2044 818 evomit,

472 859 793 913 nos‘preoes
824 842 1126 899 fundimus.
1166 844 1358 912 Itaque
1397 844 1443 899 si
1479 846 1751 915 patienter
1784 853 1839 900 et
1867 845 2047 916 philo-

469 935 694 1002 sophice
720 934 1161 990 maledicentiam
1205 934 1442 1003 injurias
1470 934 1722 1001 terimus,
1748 937 1861 1006 jam
1892 937 2044 992 vide-

397 1073 409 1084 .
468 1044 596 1083 mus
638 1030 916 1100 quodnam
966 1029 1166 1085 exinde
1204 1030 1533 1097 reportaturi
1580 1046 1776 1087 sumus
1804 1030 2043 1087 lucrum.

469 1120 758 1187 Quomodo
817 1123 988 1193 igitur
1038 1123 1299 1178 maestitia
1355 1123 1660 1181 aﬂiclamur
1719 1142 1789 1183 ex
1842 1125 2044 1198 quibus

468 1213 683 1269 lucrum
712 1216 939 1273 evidens
963 1219 1230 1290 apparet?

537 1491 617 1547 Ne
640 1493 829 1563 igitur,
861 1497 935 1550 mi
964 1497 1060 1563 illi,
1086 1499 1158 1554 ob
1188 1502 1304 1557 haec
1333 1502 1601 1561 sollicitus
1630 1505 1727 1572 sis,
1768 1515 1864 1562 aut
1890 1505 2047 1562 dolea

464 1583 617 1638 ribus
646 1583 948 1643 aﬂlciaris!
1003 1587 1097 1645 Isti
1143 1602 1246 1647 suo
1291 1594 1593 1664 glorientur
1636 1597 1927 1662 dedecore,
1984 1607 2042 1654 tu

400 1710 409 1717 -
464 1683 645 1727 autem
678 1675 747 1729 ad
782 1676 1042 1733 honorem
1072 1683 1283 1752 respice
1311 1698 1472 1753 quem
1507 1689 1887 1745 communicas
1917 1702 2043 1745 cum

464 1763 727 1833 Christo,
794 1769 888 1839 qui
949 1775 1322 1841 contumeliis,
1379 1778 1555 1846 sputis
1606 1787 1662 1835 et
1719 1781 2042 1838 verberibus

466 1857 690 1915 aﬂ‘ectus
711 1869 825 1929 est;
858 1872 915 1917 ut
949 1871 1157 1920 taceam
1180 1867 1247 1922 de
1265 1867 1436 1938 ipsius
1458 1870 1822 1941 ignominiosa
1847 1884 2040 1931 morte.

465 1949 690 2020 Magnas
733 1953 900 2023 igitur
935 1971 1033 2025 age
1088 1959 1390 2027 gratiarum
1440 1964 1709 2029 actiones,
1755 1967 1901 2037 quod
1942 1983 2044 2038 pro

464 2054 634 2110 parva
666 2044 951 2101 verborum
971 2048 1269 2116 iactatione
1292 2059 1439 2109 tanta
1457 2064 1507 2110 te
1526 2067 1741 2112 maneat
1764 2059 1950 2129 gloria:
1970 2062 2047 2117 di-

464 2134 605 2188 vinae
638 2134 840 2192 fruitio!
861 2137 1100 2195 Perculsi
1121 2145 1360 2215 episcOpi
1385 2156 1439 2201 et
1464 2150 1775 2208 sacerdotes
1795 2154 1849 2206 in
1872 2168 2046 2222 quan-

467 2232 580 2279 tum
608 2233 663 2280 et
685 2235 902 2299 tempus
928 2232 1133 2300 patitur
1166 2235 1453 2293 hominum
1492 2242 1696 2297 auxilia
1726 2243 2045 2302 desiderant

463 2314 833 2373 indicantibus
873 2321 1030 2377 nobis
1059 2324 1151 2394 qui
1196 2327 1511 2396 adjumento
1546 2348 1667 2389 esse
1696 2342 2040 2404 poteramus.

461 2403 540 2461 De
567 2417 764 2464 caetero
828 2425 960 2467 vero
1004 2415 1071 2469 ad
1112 2419 1456 2474 sanctitatem
1489 2431 1638 2478 tuam
1697 2403 1954 2494 pertinet,
1981 2438 2043 2484 ut

461 2513 573 2589 non
619 2508 669 2553 te
703 2501 903 2570 solum,
943 2508 1038 2560 sed
1066 2519 1119 2562 et
1162 2509 1284 2565 illos
1313 2516 1612 2571 consoleris
1641 2527 1696 2572 et
1728 2520 1795 2573 ad
1836 2522 2043 2589 patien-

460 2588 592 2643 tiam
610 2591 1062 2664 conducas,'quia
1084 2606 1305 2667 prepter
1343 2613 1563 2670 peccata
1607 2616 1793 2662 nostra
1824 2588 1929 2663 liuc
1949 2610 2044 2665 de-

458 2679 594 2748 lapsi
612 2694 826 2737 sumus.
852 2682 956 2738 Sed
978 2687 1437 2757 etjimpcrantium
1457 2694 1712 2750 duritiem
1733 2697 2043 2756 demulcea-

457 2785 583 2827 mus
615 2782 801 2828 nostra
844 2775 1175 2848 benignitate
1223 2790 1278 2836 et
1310 2798 1524 2839 morum
1576 2790 1885 2856 sanctitate,
1929 2790 2043 2848 Deo

456 2861 580 2932 ipso
615 2867 877 2935 auspice;
928 2871 1129 2925 etenim
1192 2873 1239 2928 si
1295 2874 1715 2936 obdureseimus
1742 2923 1758 2948 ,
1792 2884 2041 2952 pervica-

456 2957 607 3011 ciora
638 2957 856 3013 illorum
887 2963 1119 3017 evadent
1146 2965 1384 3036 incepta.
1430 2968 1489 3023 In
1522 2974 1783 3029 omnibus
1813 2985 2042 3032 sancto-

455 3063 580 3103 rum
643 3060 699 3105 et
764 3051 1051 3108 beatorum
1111 3056 1332 3114 Patrum
1394 3071 1707 3120 nostrorum
1767 3077 2037 3125 tormenta

2149 565 2458 621 πουδακότα
2491 566 2606 630 τοῖς
2631 565 2846 620 ἐκείνου
2879 563 3111 633 ἄγεσθαι
3166 562 3376 633 νόμοις,
3421 561 3587 633 μηδὲν
3620 561 3725 622 d1.-

2146 658 2484 728 γυνὲτωσαν.
2521 657 2624 712 Διά
2654 658 2709 712 τί
2740 674 2757 723 ;
2795 656 2919 711 Ὄτι
2946 656 3325 725 γλωσσαλγεῖν
3354 653 3600 717 ἐκείνους
3621 653 3719 707 οὐ·

2145 753 2235 806 δὶν
2263 752 2413 821 ἡμᾶς
2444 751 2655 822 ζημιοῖ,
2686 749 2826 804 ἀλλά
2883 748 3203 805 τούναντίον
3243 746 3468 817 μᾶλλον,
3514 747 3564 799 εί
3601 745 3727 814 βου-
3840 762 3846 767 ’

2146 839 2397 911 λοίμεθα,
2429 840 2524 893 καὶ
2567 838 2811 909 μεγάλης
2846 836 3114 905 ὠφελείας
3144 836 3203 889 ὲν
3234 833 3535 889 ἀπολαύσει
3569 831 3723 900 γινό-

2149 933 2314 1005 μεθα.
2345 934 2517 987 Ὅταν
2558 931 2666 1001 γὰρ
2694 932 2724 986 ὁ
2776 931 2876 1002 μὲν
2909 929 3152 1001 λοιδορῇ,
3175 928 3341 999 ἡμεῖς
3392 926 3451 980 δὲ
3489 922 3727 992 εὐλογῶ-

2150 1044 2272 1099 μεν,
2304 1027 2440 1081 ὅταν
2486 1025 2516 1078 ὁ
2550 1024 2651 1095 μὶν
2703 1022 2923 1094 ὑϐρίζῃ,
2965 1022 3129 1093 ἡμεῖς
3170 1019 3229 1073 δὲ
3260 1014 3721 1090 ὑπερευχὼμεθα,

2148 1118 2344 1190 πράως
2388 1119 2484 1173 καὶ
2512 1116 2821 1186 φιλοσόφως
2857 1114 3179 1184 ἀνεχόμενοι
3226 1110 3339 1164 τῶν
3406 1105 3725 1178 κακογ).ὡσ·

2148 1228 2257 1265 arma
2288 1209 2390 1281 τῆς
2419 1208 2652 1281 ὓόρεως,
2680 1209 2740 1262 οὐ
2775 1205 3011 1276 δεόμεθα
3053 1203 3245 1277 μαθεῖν
3296 1203 3423 1257 ὅσον
3471 1201 3605 1272 ἡμῖν
3655 1200 3723 1253 ὲκ

2144 1300 2337 1357 τούτου
2372 1301 2717 1373 περιγίνεται
2759 1297 3090 1370 κερδαίνειν.
3121 1295 3249 1360 Πῶς
3279 1293 3375 1349 οῦν
3413 1293 3565 1358 ἄξιον
3591 1290 3721 1346 δυσ-

2145 1395 2419 1466 κεραίνειν
2440 1393 2591 1463 ἡμᾶς
2635 1390 2778 1460 ὑπὲρ
2822 1382 2898 1443 ὧν
2935 1387 3339 1466 κερδαίνομεν-ς
3720 1418 3725 1423 .

2218 1453 2311 1557 Μὴ
2344 1480 2439 1541 οὖν
2462 1453 2675 1555 ’ἀθύμει
2731 1453 2821 1536 διὰ
2869 1453 3070 1542 ταῦτα.
3121 1453 3318 1533 τέκνον
3375 1475 3546 1547 ἱερὸν,
3584 1473 3722 1545 μηδὲ

2144 1578 2348 1643 λύπαις
2420 1577 2668 1648 συνέχου·
2730 1575 2849 1630 ἀλλ’
2912 1573 3164 1636 ἐκείνους
3236 1572 3336 1642 μὲν
3390 1568 3455 1623 ἔα
3506 1569 3602 1623 ἐπὶ
3652 1569 3726 1639 τῇ

2146 1670 2356 1727 ἑαυτῶν
2385 1667 2743 1741 ἀσχημοσύνῃ
2782 1660 3317 1735 ἐγκαλλωπίζεσθαι,
3367 1659 3433 1715 σὺ
3473 1658 3531 1712 δὲ
3585 1655 3726 1728 πρὸς

2144 1767 2246 1836 τὴν
2281 1763 2568 1819 κοινωνίαν
2588 1761 2690 1830 τῆς
2740 1761 2908 1830 τιμῆς
2966 1755 3295 1812 ἀποϐλέπων
3344 1750 3439 1806 τοῦ
3473 1750 3726 1819 λοιδορη-

2145 1860 2349 1922 θέντος,
2370 1855 2463 1911 τοῦ
2496 1847 3036 1927 ὲμπτυσθέντος,τοῦ
3062 1846 3452 1919 ῥαπισθέντος,
3478 1840 3725 1913 Χριστοῦ

2143 1948 2239 2008 τοῦ
2264 1950 2402 2005 Θεοῦ
2429 1948 2607 2021 ἡμῶν,
2623 1946 2711 2000 ῖνα
2734 1946 2942 2015 σιγήσω
2959 1940 3053 1996 τὸν
3080 1940 3443 1994 ἐπονείδιστον
3469 1937 3723 1999 θάνατον,

2145 2046 2306 2118 χάριν
2320 2044 2412 2114 ἔχε
2433 2043 2528 2097 καὶ
2554 2040 2894 2110 εὐχαρίστει,
2918 2039 3002 2091 ὅτι
3036 2053 3119 2089 σοι
3134 2032 3482 2125 ἑτοιμάςεται
3512 2025 3727 2125 διὰῃτῆς

2147 2139 2352 2211 μικρᾶς
2381 2136 2492 2190 τῶν
2514 2135 2691 2201 λόγων
2726 2131 2998 2201 φλυαρίας
3029 2129 3063 2194 ἡ
3094 2126 3308 2197 μεγάλη
3340 2122 3440 2192 τῆς
3470 2118 3565 2173 τοῦ
3585 2118 3724 2211 Θεοῦ

2144 2206 2304 2298 δόξης
2356 2227 2683 2287 ἀπόλαυσις.
2732 2223 2798 2277 Oi
2846 2221 2903 2274 δὲ
2936 2218 3237 2289 τυφθέντες
3281 2213 3576 2267 ἐπίσκοποι
3629 2206 3727 2261 καὶ

2146 2325 2336 2394 ῑερεῖς,
2367 2322 2495 2376 ὅσον
2543 2319 2645 2390 μὲν
2691 2316 2920 2371 δυνατὸν
2945 2314 3041 2367 καὶ
3086 2310 3409 2380 συνέρχεται
3444 2307 3474 2360 ὁ
3504 2299 3725 2373 καιρὸς,

2147 2420 2374 2480 πάντως
2417 2412 2799 2478 επιτεύξονται
2840 2409 2941 2464 καὶ
2998 2408 3100 2476 τῆς
3148 2404 3210 2470 ἐξ
3234 2399 3542 2472 ἀνθρώπων
3597 2395 3719 2466 βοη⁹

2144 2511 2319 2576 θείας,
2361 2508 2677 2579 ὑπόμνησιν
2705 2507 2866 2575 ἡμων
2896 2500 3247 2571 ποιουμένων
3284 2491 3365 2559 οἷς
3403 2492 3613 2547 δέδοται
3659 2488 3726 2541 τὸ

2144 2604 2386 2675 βοηθεῖν⁹
2415 2602 2484 2656 τὰ
2518 2598 2575 2653 δὲ
2610 2597 2746 2652 ἄλλα
2782 2596 2882 2666 τῆς
2914 2594 3015 2666 σῆς
3063 2595 3212 2647 ἐστιν
3241 2589 3396 2659 ἱερᾶς
3450 2581 3723 2645 συνέσεως

2146 2698 2221 2771 μὴ
2291 2696 2453 2766 μόνον
2518 2692 2770 2755 σεαυτὸν,
2826 2688 2964 2743 ἀλλά
3020 2685 3313 2747 κάκείνους
3376 2675 3726 2751 παρακαλεῖν

2141 2791 2238 2847 καὶ
2263 2787 2634 2862 μακροθύμως
2657 2784 2971 2855 ἐπιφέρειν,
3005 2780 3240 2849 ἐπείπερ
3265 2775 3354 2829 διὰ
3387 2772 3488 2836 τὰς
3529 2771 3722 2862 ἀμαρῗ

2141 2858 2445 2954 τίαςνὴμέὺν
2466 2881 2546 2944 εἰς
2565 2876 2727 2933 τοῦτο
2753 2870 3277 2943 παραδεδόμεθα.,οὐ
3306 2867 3467 2939 μόνον
3494 2864 3553 2918 δὲ
3581 2858 3727 2915 ἀλλά

2141 2953 2479 3045 καὶτῶν
2507 2965 3143 3043 ἀρχόντωνχαλεπὸτητα
3171 2960 3261 3015 διὰ
3295 2962 3395 3029 τῆς
3419 2953 3724 3014 ἐπιεικείας

2162 3070 2258 3124 καὶ
2288 3067 2390 3136 τῆς
2434 3064 2547 3118 τῶν
2582 3063 2805 3134 τρόπων
2826 3057 3187 3127 ἀγαθότητος,
3214 3051 3353 3106 Θεοῦ
3384 3049 3523 3121 πρὸς
3559 3045 3723 3101 τοῦτο

460 3156 681 3209 semper
716 3158 1037 3204 revocemua
1089 3151 1144 3206 in
1197 3160 1520 3211 memoriam
1561 3174 1576 3212 :
1629 3159 1833 3217 leviora
1884 3162 2034 3220 vide-

2141 3160 2512 3231 συναίροντος,
2544 3153 2888 3226 ἐξομαλίζειν
2909 3149 3229 3221 πειρᾶσθαι,
3259 3147 3355 3200 καὶ
3387 3144 3462 3215 μὴ
3494 3144 3584 3197 διὰ
3622 3139 3721 3194 τοῦ

455 3231 663 3286 buntur
710 3235 876 3303 mala,
923 3237 1055 3294 dum
1094 3251 1314 3299 nostras
1341 3245 1408 3300 ad
1447 3247 1649 3303 similia
1678 3248 1909 3307 fratrum
1950 3254 2039 3308 in-

455 3323 698 3382 fortunia
748 3340 1131 3401 comparemus
1163 3344 1217 3391 et
1246 3337 1315 3391 ad
1362 3338 1530 3394 Deum
1582 3340 1910 3402 referamus.
1960 3345 2040 3404 Ne

455 3429 699 3485 unquam
741 3424 984 3477 animum
1026 3425 1388 3496 abjiciamus,
1426 3445 1698 3489 memores
1726 3437 1869 3505 quod
1897 3437 2042 3494 sicut

453 3510 644 3564 mundi
688 3521 987 3573 sectatores
1031 3531 1092 3573 se
1124 3518 1192 3573 ad
1225 3521 1421 3590 gaudia
1451 3533 1507 3579 et
1538 3525 1764 3583 delicias
1791 3542 2023 3585 conver-

454 3608 596 3665 tunt,
627 3603 706 3658 sic
732 3605 826 3661 Dei
854 3608 944 3664 lilii
978 3611 1143 3666 vitam
1175 3626 1329 3669 suam
1351 3615 1404 3669 in
1436 3616 1659 3673 miseria
1688 3630 1741 3674 et
1774 3621 2030 3677 infortu-

454 3694 563 3786 niis
596 3699 928 3769 transigunt.
980 3703 1117 3769 Quis
1143 3706 1287 3761 volet
1312 3717 1375 3762 ut
1400 3709 1469 3764 de
1511 3711 1780 3769 molestiis
1811 3716 2027 3786 loquor,

451 3783 779 3853 quibuscum
829 3791 923 3847 diu
967 3805 1245 3867 noctuque
1310 3798 1512 3866 luctor,
1546 3802 1621 3860 ita
1650 3815 1708 3860 ut
1738 3783 2033 3877 praesentia

449 3893 558 3933 non
593 3896 692 3950 pro
726 3882 1034 3942 futurarum
1068 3905 1354 3960 poenarum
1382 3896 1537 3950 initio
1564 3898 1817 3957 habeant.

2138 3249 2511 3325 τραχύνεσθαι
2536 3247 2685 3318 ἡμᾶς
2727 3243 3077 3315 τραχυτέραν
3121 3238 3222 3309 τὴν
3270 3236 3497 3292 ἐκείνων
3541 3249 3727 3325 παρα-

2141 3324 2432 3406 σκευάζειν
2458 3336 2804 3411 προαίρεσιν.
2851 3334 2976 3388 Ἐπὶ
3021 3332 3156 3386 πᾶσι
3206 3328 3266 3383 δὲ
3312 3329 3384 3383 τὰ
3421 3326 3571 3396 πάθη
3609 3324 3725 3381 τῶν

2139 3438 2312 3505 ἁγίων
2341 3434 2440 3490 καὶ
2471 3430 2763 3504 μακαρίων
2791 3428 3059 3497 Πατέρων
3098 3422 3258 3495 ἡμῶν
3299 3421 3389 3477 ἀεὶ
3447 3420 3718 3490 φέροντες

2141 3530 2237 3585 ἐπὶ
2273 3527 2518 3600 μνήμης,
2549 3522 2707 3578 αὐτοι
2738 3537 2800 3577 τε
2850 3521 2952 3591 τῆς
2974 3517 3300 3590 ’βαρύτητος
3349 3508 3721 3579 ἀνακουφιξό-

2144 3622 2286 3692 μεθα
2325 3618 2434 3673 τῶν
2461 3614 2675 3681 δεινῶν,
2709 3616 2807 3669 καὶ
2855 3613 2984 3676 τοὺς
3013 3613 3133 3675 ταῖς
3157 3609 3375 3678 ὁμοίαις
3405 3605 3722 3676 συμφοραῖς

2142 3710 2567 3783 ἐξεταζομένους
2593 3707 2861 3777 ἀδελφοὺς
2887 3704 3049 3777 ἡμῶν
3081 3705 3181 3758 σὺν
3205 3700 3326 3773 Θεῷ
3342 3697 3719 3769 ἀναφέρομεν·

2139 3808 2238 3864 καὶ
2271 3807 2347 3878 μή
2382 3807 2448 3876 τῇ
2472 3803 2682 3874 ἀθυμίᾳ
2707 3795 3276 3868 κατασαπτιζώμεθα,
3308 3795 3488 3848 ικεῖνο
3544 3785 3719 3860 γινώ-

2140 3916 2364 3964 σκοντες
2399 3900 2484 3952 ὅτι
2518 3896 2706 3960 καθώς
2732 3910 2839 3965 περ
2874 3896 2990 3956 τοῖς
3030 3891 3388 3961 φιλοκόσμοις
3410 3887 3472 3941 τὸ
3504 3883 3718 3954 διαχεῖ-

451 3970 579 4027 σθαι
605 3975 702 4031 καὶ
728 3982 943 4051 τρυφᾷν
971 3983 1195 4049 οἰκεῖον,
1230 3984 1374 4040 οὕτω
1415 3989 1509 4042 καὶ
1537 3992 1653 4054 τοῖς
1690 3992 1961 4061 φιλοθέοις
1989 3994 2053 4049 τὸ
2088 3994 2303 4064 auom
2336 3991 2433 4046 καὶ
2469 3992 2541 4062 τῇ
2580 3988 2690 4042 τῶν
2747 3984 3137 4056 ταλαιπωριῶν
3213 3983 3410 4051 συνοχῇ
3475 3979 3567 4032 τὸν
3598 3975 3719 4045 βίον

448 4064 773 4132 διεξανύειν.
804 4072 902 4136 Τίς
944 4072 1002 4128 δέ
1033 4094 1125 4144 μοι
1153 4077 1272 4147 δοίη
1313 4079 1410 4134 καὶ
1447 4082 1588 4154 ὑπὲρ
1617 4084 1730 4138 τῶν
1793 4087 1900 4156 ius
1926 4088 2122 4152 νυκτὸς
2155 4087 2253 4141 καὶ
2308 4085 2528 4155 ἡμέρας
2560 4081 2931 4153 διατηκόντων
2998 4076 3257 4150 χαλεπῶν
3288 4072 3448 4129 τοῦτο
3510 4073 3721 4140 εἰπεῖν,

450 4160 588 4214 ἀλλά
619 4160 696 4232 μὴ
741 4163 840 4234 τῆς
876 4164 1178 4239 μελλούσης
1211 4169 1451 4240 βασάνου
1503 4176 1793 4248 προοίμιον
1837 4180 2106 4253 ὑπάρχειν
2147 4180 2220 4235 τὰ
2247 4179 2343 4235 νῦν
2374 4176 2770 4251 βασανίζονταῖ

765 4296 1003 4356 CXXIX.
1035 4300 1201 4358 Leoni
1229 4303 1392 4376 89ίωὶ
1416 4309 1677 4380 episcopo.

520 4433 653 4502 Quae
685 4437 835 4506 prius
877 4437 1256 4499 mandavimus
1288 4445 1472 4501 virtuti
1507 4456 1632 4513 tuae,
1674 4448 1841 4508 laudo
1889 4466 2020 4522 per-

2511 4306 2690 4369 PKR’.
2733 4308 2941 4366 Λέοντι
3002 4311 3289 4365 Συλαίου.

2211 4453 2275 4503 Ἀ
2303 4450 2402 4521 μὲν
2431 4449 2697 4522 πρότερον
2729 4446 2947 4517 ἐγράφη
2992 4448 3060 4518 τῇ
3108 4447 3281 4520 ἀρετῇ
3336 4465 3454 4515 σου.
3494 4449 3719 4526 ἐγράφη

453 4541 812 4597 ceperamus;
852 4546 1027 4602 eaque
1052 4544 1236 4590 nostra
1266 4539 1544 4597 mandavit
1579 4542 1831 4612 epistola.
1867 4542 2029 4605 Modo

2141 4542 2428 4612 μαθόντων
2463 4541 2623 4612 ἡμῶν
2670 4540 2835 4595 ὁποῖά
2879 4556 2963 4594 σοι
3000 4540 3063 4593 τὸ
3110 4540 3349 4612 γράμμα
3381 4542 3717 4613 ἀπήγγειλε.

445 4627 557 4675 tuas
591 4634 1030 4692 supervenerunt
1058 4626 1252 4684 litterae
1283 4646 1347 4685 ex
1377 4632 1578 4702 quibus
1605 4637 1823 4703 cognita
1854 4638 2030 4708 ipsius

444 4711 551 4767 viri
584 4715 823 4784 miseria,
860 4717 1160 4776 humanam
1215 4721 1481 4781 deﬂemus
1524 4725 1902 4797 fragilitatem,
1930 4734 2032 4786 im-

445 4820 804 4879 mensamque
828 4813 1127 4882 perniciem
1152 4816 1324 4886 ltujus
1356 4820 1542 4874 miseri
1575 4822 1772 4876 anima:
1798 4821 2028 4890 illatam,

441 4897 717 4967 siquidem
778 4902 833 4956 in
883 4905 1212 4973 [periculum
1266 4924 1326 4964 se
1379 4911 1677 4968 commisit.
1719 4912 1794 4967 Te
1842 4924 2027 4971 autent

446 4990 734 5048 hortamur
764 5004 822 5050 ut
860 5012 966 5051 nou
999 4999 1333 5069 indigneris;
1375 5020 1611 5076 namque
1637 5006 1682 5061 si
1722 5015 1812 5061 tua
1844 5022 1873 5062 a
1905 5008 2030 5077 qui-

443 5083 678 5141 busdam
712 5087 850 5144 falso
896 5103 1156 5150 accusata
1190 5095 1357 5153 fuerit
1389 5099 1589 5163 virtus,
1628 5100 1904 5171 nobisque
1944 5088 2030 5155 ini-

441 5176 697 5233 cnbuerit
726 5182 1025 5242 necessitas
1067 5188 1346 5243 acerbiora
1373 5189 1672 5255 scribendi,
1711 5190 1809 5245 tibi
1852 5190 2032 5247 adfuit

443 5282 608 5324 causa
641 5270 855 5329 laetandi
902 5276 1085 5343 potius
1117 5295 1283 5350 quam
1329 5281 1601 5339 mcerendi
1629 5300 1645 5336 :
1672 5282 1755 5339 sic
1780 5282 1924 5338 enim
1959 5282 2029 5340 ad

444 5362 810 5431 repellendam
853 5369 1186 5427 calumniam
1237 5382 1434 5430 nactus
1477 5391 1538 5432 es
1583 5377 1927 5433 occasionem
1974 5386 2030 5434 et

443 5470 569 5511 cum
598 5458 724 5514 aliis
766 5463 1019 5529 personis
1053 5463 1423 5531 perniciosum
1448 5482 1641 5523 casum
1681 5468 1834 5525 illum
1862 5470 2028 5527 sedu-

443 5547 554 5605 lius
581 5548 945 5622 investigasti.
989 5553 1101 5610 Nos
1130 5556 1352 5624 quidem
1383 5558 1595 5614 conscii
1624 5575 1819 5616 sumus
1845 5559 2028 5616 homi-

446 5653 568 5691 nem
595 5639 757 5697 istum
785 5660 960 5700 novos
987 5646 1310 5703 moliturum
1340 5663 1465 5706 esse
1486 5660 1672 5708 motus
1695 5651 1932 5709 dicendo
1967 5668 2028 5708 se

446 5728 633 5785 minus
682 5734 859 5791 amice
902 5752 934 5793 a
989 5748 1041 5794 te
1101 5740 1334 5808 haberi;
1397 5753 1685 5814 propterea
1750 5745 2029 5802 recusabit

449 5821 721 5894 quidquid
758 5826 872 5896 ipse
898 5831 1139 5901 petieris,
1174 5833 1337 5907 hujus
1368 5851 1469 5894 nec
1512 5836 1689 5907 gratia
1734 5838 1855 5895 aliis
1892 5839 2025 5897 viris

2133 4636 2273 4689 Νυνὶ
2311 4637 2383 4689 δὲ.
2411 4636 2474 4688 τὸ
2526 4634 2617 4687 σὸν
2662 4632 2986 4696 ἐπελθόντες
3044 4635 3281 4703 γράμμα
3314 4634 3411 4689 καὶ
3445 4634 3513 4689 δι’
3544 4637 3718 4690 αὐτοῦ

2133 4728 2355 4797 γνόντες
2387 4728 2457 4781 τὰ
2500 4729 2630 4796 περὶ
2668 4727 2763 4780 τοῦ
2791 4724 3145 4798 ταλαιπώρου
3173 4727 3410 4793 ἐκείνου,
3452 4746 3720 4783 κατεστε-

2133 4819 2375 4891 νάξαμεν
2410 4819 2509 4890 μὲν
2535 4821 2632 4875 καὶ
2660 4821 2764 4888 τῆς
2795 4819 3152 4891 ἀνθρωπίνης
3182 4821 3599 4892 περιπτώσεως,
3618 4841 3722 4877 κα-

2131 4909 2535 4982 τεστενάξαμεν
2567 4912 2625 4964 δὲ
2658 4913 2784 4966 ’καὶ
2811 4912 2911 4982 τῆς
2963 4911 3173 4966 ἐκείνου
3202 4913 3549 4986 ψυχοφθόρου
3583 4915 3721 4985 βλά-

2133 5004 2257 5073 ϐης,
2293 5005 2345 5057 εί
2378 5020 2444 5073 γε
2491 5003 2667 5069 οὕτως
2713 5004 2917 5069 ἀθλίως
2963 5004 3217 5076 διέθηκεν
3268 5007 3486 5063 ἑαυτὸν.
3542 5008 3609 5062 Σὲ
3652 5009 3718 5064 δὲ

2132 5098 2507 5169 παραινοῦμεν
2558 5098 2634 5170 μὴ
2669 5098 2989 5170 ἀσχάλλειν,
3043 5101 3266 5155 ἐπειδάν
3310 5117 3476 5156 τινων
3541 5119 3701 5156 κατα-

2128 5190 2481 5261 ψευδομᾶνων
2529 5192 2629 5263 τῆς
2691 5191 2795 5262 σῆς
2832 5194 3061 5265 ἀρετῆς,
3106 5194 3354 5268 ἀνάγκην
3392 5193 3592 5265 ἔχομεν
3642 5191 3709 5249 δι’

2130 5283 2375 5348 ἐκείνους
2436 5284 2791 5357 λυπηρότερα
2835 5286 3095 5355 γράφειν,
3133 5287 3269 5340 ἀλλά
3323 5287 3527 5357 μᾶλλον
3586 5286 3714 5356 χαί-

2132 5392 2270 5448 ρειν,
2298 5377 2380 5431 ὅτι
2406 5377 2499 5431 διὰ
2533 5376 2630 5431 τοῦ
2664 5376 2894 5447 ἐλέγχου
2931 5378 3029 5446 τῆς
3059 5378 3424 5447 ψευδολογίας
3479 5379 3709 5450 ἀφορμή

2130 5486 2215 5522 σοι
2263 5468 2567 5539 ἐπιτρέψαι
2597 5469 2739 5523 ὥστε
2780 5470 2947 5523 πάλιν
2986 5470 3389 5542 ἀκριϐέστερον
3425 5471 3569 5542 μετά
3619 5489 3707 5525 τι·-

2128 5579 2235 5615 νων
2292 5562 2499 5633 ἑτέρων
2557 5562 2873 5635 προσώπων
2919 5562 3282 5633 ὲξερευνῆσαι
3339 5564 3403 5618 τὸ
3455 5565 3706 5634 ὀλέθριον

2128 5655 2307 5709 ἐκεῖνο
2347 5657 2622 5726 πταῖσμα.
2665 5657 2808 5709 Ἀλλ’
2838 5656 3028 5727 ἐπειδὴ
3078 5657 3417 5728 συνείδομεν,
3454 5657 3531 5721 ὡς
3563 5656 3705 5722 δόξει

2128 5745 2291 5801 πάλιν
2319 5745 2825 5816 ἀντιλαμϐάνεσθαι
2853 5745 3167 5812 συστάσεως
3198 5763 3367 5812 τινος,
3405 5746 3484 5817 τῷ
3519 5746 3701 5815 λέγειν

2127 5838 2382 5911 ἀπεχθῶς
2422 5839 2557 5911 πρὸς
2598 5840 2764 5896 αὐτὸν
2810 5840 2955 5913 ἔχειν
2988 5855 3069 5907 σε,
3097 5841 3191 5895 καὶ
3218 5839 3307 5896 διὰ
3356 5840 3519 5895 τοῦτο
3555 5856 3700 5913 παρ-
