4094 6394
346 359 456 425 349

1823 366 2235 432 EPISTOLE.

3517 376 3624 440 350

344 470 648 536 αιτείσθαι,
678 466 831 543 άπερ
883 470 953 527 ἂν
984 470 1146 535 αύτδς
1180 469 1489 545 διαιτήσῃς,
1526 471 1721 528 τούτου
1778 477 1942 547 χάριν

2047 481 2490 552 disquisitionem
2542 483 2963 551 commisimus,
3029 495 3092 543 ut
3161 489 3348 548 nullus
3399 493 3623 562 quidem

344 569 564 640 ἑτέροις
595 565 922 638 προσώποις
942 565 1042 637 τὴν
1062 564 1322 636 τοιαύτην
1337 566 1631 638 ἐπίσκεψιν
1645 570 1939 641 παρεπέμ-

338 667 536 733 ψαμεν
559 701 576 726 ,
639 659 729 715 ῖνα
775 658 906 730 μηδ’
939 658 1077 722 ὅλως
1111 657 1262 730 αύτῷ
1301 659 1626 714 ύπολίποιτο
1657 662 1938 734 πρόφασις

308 752 673 822 ’ἀντιλογίας
705 753 807 806 καὶ⁸
864 751 1229 815 δικαιώσεως.
1274 753 1348 807 Σὺ
1396 753 1478 819 δὲ,
1511 752 1707 808 τέκνον
1752 757 1934 826 ἡμῶν,

340 849 409 903 ἀν
448 864 511 900 τε
542 847 878 916 γράφωμεν,
909 844 977 898 άν
1002 861 1061 899 τε
1111 844 1190 915 μὴ
1216 844 1547 916 γράφωμεν,
1570 843 1728 909 είδὼς
1771 848 1855 903 ὅτι
1878 850 1939 904 ἐν

342 945 410 1010 τῇ
449 942 700 1011 μυστικῇ
752 939 993 992 παστάδι
1028 941 1256 1011 φωστὴρ
1297 944 1674 1014 ὲναπετέχθης
1721 947 1938 1017 ἐπέχων

342 1032 510 1098 λῦγον
545 1028 724 1101 ζωῆς,
780 1029 926 1084 οὕτω
986 1032 1081 1085 καὶ
1127 1034 1318 1102 φρόνει
1375 1038 1472 1089 καὶ
1502 1038 1737 1108 πράττε,
1790 1039 1942 1104 ὅπως

344 1125 453 1178 τῶν
491 1123 680 1196 ἔργων
710 1140 806 1176 σου
837 1123 915 1195 τῷ
947 1126 1087 1190 φωτὶ
1126 1126 1275 1189 ὅσοις
1296 1128 1658 1199 περιγίνηται
1692 1130 1938 1200 βλέπειν,

345 1215 616 1284 sessum
662 1217 755 1269 τὸν
789 1218 847 1270 ὲν
880 1218 1136 1288 οὐρανοῖς
1167 1221 1388 1291 Πατέρα
1416 1223 1599 1294 ἡμῶν,
1623 1226 1721 1278 καὶ
1758 1225 1820 1279 σὲ
1846 1224 1943 1280 διὰ

347 1309 450 1361 τῶν
483 1308 867 1377 ὀφειλομένων
906 1309 1135 1365 δικαίων
1180 1312 1422 1385 φέρωσιν
1453 1315 1720 1381 ἐπαίνων,
1767 1315 1939 1385 εὐχα-

348 1399 671 1471 ριστοῦντες
709 1397 801 1469 ἐφ’
857 1394 941 1465 οἷς
988 1402 1233 1459 τοιούτου
1318 1404 1688 1461 ἀπολαύουσιν
1744 1407 1939 1478 ἀρχιε-

343 1494 509 1564 ρέως.

760 1607 891 1663 PA'.
941 1607 1204 1678 Ἰτνατίφ
1229 1610 1523 1666 Κυσικοῦ.

422 1724 496 1779 Et
533 1723 630 1778 καὶ
668 1722 770 1794 ὀψὲ
822 1723 919 1776 καὶ
968 1722 1143 1794 μόλις,
1198 1725 1351 1794 ὅμως
1392 1726 1460 1781 τά
1521 1726 1591 1781 σά
1641 1724 1933 1799 δεξάμενοι

2044 573 2257 635 homini
2282 575 2626 647 relinquatur
2652 588 2752 634 ceu
2785 577 3242 638 contradictionis
3290 596 3390 638 ceu
3421 584 3624 654 justiﬁ-

2044 666 2280 724 cationis
2312 679 2637 739 praetentus.
2674 670 2758 726 Tu
2793 678 2976 728 autem
2999 714 3014 739 ,
3048 674 3122 728 mi
3161 673 3257 741 illi,
3294 685 3477 730 utrum
3499 676 3629 730 scri-

2044 756 2284 825 bamus,
2358 774 2567 825 necne,
2637 762 2882 832 teipsum
2944 763 3234 820 resciveris
3282 765 3337 819 in
3395 767 3628 837 mystico

2042 850 2253 917 porticu
2311 848 2539 908 luminis
2590 851 2767 909 instar
2807 855 3046 923 positum
3100 871 3224 911 esse
3275 856 3344 911 ad
3400 858 3626 910 verbum

2041 940 2169 996 vita:
2196 944 2654 1000 annuntiandum.
2692 945 2788 1001 Sic
2833 948 3000 1016 igitur
3056 949 3265 1018 cogites
3297 957 3356 1001 et
3401 962 3533 1017 agas
3569 955 3629 999 ut

2043 1032 2357 1101 quicunque
2399 1032 2456 1088 in
2504 1034 2710 1091 lumine
2740 1044 2837 1091 tuo
2862 1047 2964 1091 tua
3021 1052 3187 1107 opera
3215 1036 3478 1101 viderim,
3518 1036 3625 1089 Pa-

2045 1130 2183 1176 trem
2240 1133 2490 1179 nostrum
2535 1126 2592 1180 in
2655 1127 2816 1182 cmlis
2865 1128 3196 1197 gloriticent,
3250 1129 3468 1183 debitas
3518 1126 3624 1183 tibi

2045 1212 2287 1269 tribuant
2330 1215 2541 1282 laudes,
2573 1226 2629 1273 et
2685 1219 2891 1288 gratias
2940 1220 3246 1288 rependant
3303 1220 3453 1290 quod
3508 1228 3621 1274 tam

2041 1302 2246 1359 eximio
2285 1306 2573 1362 sacerdote
2604 1304 2708 1363 lrui
2740 1307 2877 1379 ipsis
2910 1310 3162 1381 contigit.

2322 1602 2541 1661 CXXX.
2582 1604 2798 1676 Ignatio
2832 1605 3010 1678 Cyrici
3042 1609 3303 1675 episcopo.

2112 1716 2294 1775 Tarde
2321 1721 2541 1790 quidem
2579 1728 2634 1776 et
2664 1736 2772 1776 non
2808 1722 2928 1777 sine
2972 1719 3286 1777 difﬁcultate
3315 1730 3436 1775 tuas
3468 1736 3623 1776 rece-

363 1819 688 1889 γράμματα,
718 1816 787 1871 δι’
828 1817 1014 1872 αὐτῶν
1051 1819 1119 1872 τὰ
1163 1820 1293 1888 περὶ
1334 1819 1429 1874 σοῦ
1498 1821 1786 1892 μαθόντες.
1814 1820 1937 1875 ἄνει

2046 1814 2227 1885 pimus
2263 1811 2473 1868 litteras
2505 1828 2626 1884 quae
2655 1814 2721 1869 de
2752 1822 2802 1868 te
2830 1815 3105 1884 rebusque
3133 1817 3240 1869 tuis
3268 1830 3366 1868 nos
3390 1815 3625 1869 edocent

371 1911 458 1965 σίν
490 1926 607 1963 τινα
631 1909 729 1964 τῶν
775 1909 1115 1981 συνεχόντων
1145 1911 1275 1980 περὶ
1304 1911 1399 1965 σοῦ
1437 1913 1742 1983 φροντίδων
1769 1915 1935 1986 ἐσχή-

365 2018 566 2072 καμεν.
620 2001 828 2071 Χρόνου
880 2003 993 2073 γὰρ
1045 2004 1307 2056 τοσούτου
1365 2006 1784 2075 παρῳχηκότος,
1840 2006 1938 2060 καὶ

348 2096 629 2166 μηδεμιᾶς
662 2096 738 2168 μὴ
768 2095 857 2149 διὰ
898 2096 1083 2164 λόγου,
1133 2097 1208 2167 μὴ
1236 2095 1326 2150 διά
1358 2097 1711 2168 γράμματος,
1749 2098 1827 2170 μὴ
1850 2098 1938 2153 διὰ

343 2185 515 2255 ψιλῆς
538 2186 736 2256 φήμης
769 2186 1037 2253 ἀγγελίας
1091 2186 1241 2250 τινὸς
1290 2187 1833 2258 καταλαμβανούσης
1878 2190 1937 2243 ὲν

345 2276 521 2347 πολλῇ
556 2278 759 2347 συνοχῇ
823 2277 916 2330 ἐπὶ
977 2278 1143 2330 πᾶσιν
1167 2273 1253 2341 οἷς
1306 2277 1647 2348 συνεχόμεθα
1703 2278 1792 2333 διὰ
1836 2279 1938 2343 τὰς

343 2369 632 2439 ἁμαρτίας
684 2368 844 2438 ἡμῶν
894 2367 1268 2438 διετελοῦμεν·
1334 2367 1576 2440 μάλιστα
1633 2370 1934 2442 ὑπόσχεσιν

340 2461 480 2531 ἡμῖν
512 2460 945 2530 παρασχομένης
967 2461 1067 2531 τῆς
1098 2460 1199 2529 σῆς
1226 2463 1529 2533 ὁσιότητος,
1555 2462 1628 2527 ὡς
1666 2463 1807 2534 μετὰ
1833 2464 1932 2535 τὴν

342 2550 439 2605 τοῦ
472 2552 752 2617 παναγίου
788 2553 880 2603 καὶ
908 2551 1179 2614 ζωοποιοῦ
1217 2551 1456 2621 σταυροῦ
1492 2551 1706 2623 ὕψωσιν
1732 2552 1934 2607 αὐτίκα

342 2643 413 2696 τά
437 2642 680 2696 ἐνταῦθα
708 2642 1082 2713 καταλείψειν.
1126 2643 1271 2716 Πλὴν
1319 2643 1396 2714 τῷ
1427 2644 1568 2715 ἁγίῳ
1600 2644 1721 2717 Θεῷ
1772 2643 1932 2716 χάρις

345 2734 423 2806 τῷ
478 2735 626 2798 τέως
668 2736 730 2789 ιν
790 2737 871 2805 τῷ
925 2736 1155 2807 παρόντι
1203 2736 1462 2790 δεδωκότι
1512 2736 1584 2789 τὰ
1638 2738 1767 2808 περὶ
1834 2738 1937 2805 τῆς

345 2827 505 2897 ὑμῶν
544 2827 971 2898 ἀρχιερωσύνης
1023 2828 1351 2900 ἀναμαθεῖν.
1394 2826 1461 2882 Τί
1514 2846 1584 2899 με
1638 2830 1721 2883 δεῖ
1773 2829 1935 2883 πλέον

2044 1915 2099 1959 et
2131 1906 2464 1961 anxietatem
2502 1905 2573 1960 ob
2606 1912 2658 1959 le
2697 1914 3017 1975 conceptam
3055 1905 3342 1961 dirimunt.
3371 1904 3621 1976 Longum

2042 1995 2188 2050 enim
2222 1995 2465 2065 elapsum
2518 2007 2602 2050 est
2641 2004 2856 2065 tempus
2908 2012 2972 2050 ex
3008 2013 3117 2066 quo
3170 1997 3306 2051 nihil
3352 2013 3451 2052 nec
3492 2012 3624 2053 voce

2042 2100 2219 2156 neque
2254 2086 2460 2156 scripto
2500 2088 2969 2142 communicatum
3001 2097 3095 2144 aut
3142 2086 3285 2143 fama
3325 2090 3611 2159 vulgatum

2039 2181 2106 2235 de
2159 2189 2212 2234 te
2274 2181 2609 2246 audivimus,
2650 2181 2743 2251 qui
2797 2180 2853 2235 in
2904 2182 3073 2237 tantis
3132 2191 3352 2251 propter
3398 2194 3621 2251 peccata

2042 2283 2230 2329 nostra
2286 2276 2568 2329 constituti
2615 2290 2805 2330 sumus
2880 2290 3066 2330 rerum
3128 2274 3434 2342 angustiis!
3506 2274 3625 2328 Tua

2043 2374 2225 2420 autem
2258 2366 2416 2422 nobis
2458 2366 2703 2436 pollicita
2732 2365 2915 2421 fuerat
2955 2367 3222 2422 sanctitas
3256 2376 3379 2436 post
3418 2373 3623 2421 sanctae

2042 2456 2238 2512 Crucis
2286 2456 2690 2513 Exaltationein
2742 2467 2793 2513 te
2827 2458 3012 2513 statim
3054 2472 3442 2523 reversurum;
3482 2466 3628 2511 alta-

2042 2564 2167 2604 men
2200 2552 2402 2619 gratias
2433 2565 2581 2605 nunc
2626 2549 2867 2605 maxime
2915 2548 3026 2604 Deo
3078 2548 3257 2604 refero
3304 2546 3452 2618 quod
3486 2564 3625 2601 nun-

2041 2642 2174 2696 tium
2209 2642 2276 2696 de
2309 2651 2494 2698 vestro
2517 2643 2824 2698 sacerdotio
2855 2641 3037 2711 accepi
3064 2640 3197 2711 quid
3229 2639 3464 2710 amplius
3484 2639 3626 2694 scri-

2037 2735 2189 2792 bam.
2272 2731 2454 2790 Unum
2492 2732 2745 2804 adjiciam
2807 2751 2823 2789 :
2858 2735 3182 2805 quantocius
3215 2742 3269 2788 et
3315 2733 3435 2787 sine
3467 2747 3623 2786 mora

2036 2826 2254 2881 venias!
2304 2825 2508 2881 Rerum
2555 2826 2701 2881 enim
2744 2828 2790 2882 is
2816 2835 2901 2881 est
2941 2834 3114 2881 status
3145 2835 3202 2880 ut
3247 2826 3455 2880 diutius
3480 2840 3625 2880 con—

342 2918 635 2987 γράφειν;
686 2916 898 2971 Ἐκεῖνο
963 2917 1125 2987 μόνον
1184 2918 1688 2989 ὲπισημαινόμεθα,
1718 2920 1937 2989 ταχέως

2046 2919 2344 2974 versatione
2372 2929 2462 2974 tua
2486 2934 2673 2974 carere
2702 2919 2894 2986 nolim,
2946 2917 3041 2974 sed
3073 2916 3249 2989 requis
3276 2926 3455 2973 tecum
3483 2922 3620 2972 eon-

343 3004 469 3081 ἧκε,
505 3009 607 3070 τάς
647 3008 924 3071 ἀναδολάς
958 3010 1055 3063 καὶ
1099 3009 1429 3080 ὑπερθέσεις
1472 3008 1814 3065 καταλιπών.
1852 3010 1929 3063 Oti

2046 3010 2335 3068 ditionibus
2366 3013 2552 3068 vivere
2577 3012 2795 3082 cupiam

342 3110 455 3179 γάρ
484 3109 605 3161 ἔστι
632 3105 862 3160 τοιαῦτα
892 3105 964 3159 τὰ
1005 3105 1318 3175 πράγματα
1363 3101 1455 3162 οἷα
1482 3107 1585 3177 τῆς
1635 3107 1743 3173 ἔξω
1773 3107 1931 3181 ὑμῶν
1972 3111 2261 3185 διατριϐῆς
2320 3112 2525 3168 ἐθέλειν
2595 3111 2912 3184 ἀνέχεσθαι,
2956 3109 3076 3165 ἀλλ’
3114 3107 3399 3182 ἀγαπητὸν
3432 3107 3480 3161 εί
3533 3101 3628 3158 καὶ

347 3204 640 3276 παρέντων
670 3203 699 3255 ύ
708 3199 830 3271 μῶν
860 3200 1201 3273 ὁμαλότητός
1224 3218 1374 3265 τινος
1413 3200 1786 3270 ὲπιτεύξεται.

708 3318 867 3372 PAA'
925 3312 1193 3387 Τρυφῶνι
1224 3319 1574 3390 partitioni.
1962 3317 2007 3375 C

416 3430 690 3504 Μεγάλην
721 3431 1073 3502 παράκλησιν
1111 3433 1206 3487 ἐπὶ
1231 3431 1308 3502 τῷ
1339 3432 1633 3503 γράμματι
1656 3431 1756 3503 τῆς
1781 3432 1938 3504 ύμῶν

345 3526 629 3595 δσιότητος
694 3524 1017 3594 εὑρηκότες,
1082 3525 1244 3597 χάριν
1294 3524 1678 3596 ἀνηνέγκαμεν
1719 3525 1797 3595 τῷ
1818 3526 1939 3597 Θεῷ

343 3620 423 3691 τῷ
458 3617 728 3690 κηδεμόνι
759 3618 862 3688 τῆς
915 3616 1260 3671 πολυωδύνου
1312 3615 1460 3688 ζωῆς
1491 3619 1670 3689 ἡμῶν,
1708 3619 1767 3682 ὃς
1819 3620 1939 3674 ἀκί-

348 3728 514 3782 νησεν
556 3710 707 3780 ὑμᾶς
741 3708 836 3762 ἐπὶ
881 3709 943 3763 τὸ
995 3708 1206 3779 γράψαι
1245 3709 1342 3762 καὶ
1399 3710 1780 3779 παρακαλέσαι
1837 3711 1935 3781 τὴν

344 3806 631 3877 ἡμετέραν
655 3801 1013 3857 ταπείνωσιν.
1038 3800 1181 3855 Ἀλλ’
1206 3800 1399 3866 ῶσπερ
1421 3805 1533 3865 τοῖς
1561 3803 1766 3872 λόγοις,
1791 3802 1936 3857 οὕτω
1960 3838 1965 3843 -

347 3901 439 3965 καὶ
471 3899 542 3966 τῇ
585 3895 655 3964 σῇ
684 3891 965 3964 παρουσίᾳ
1013 3891 1089 3964 μὴ
1149 3890 1418 3966 βραδύνῃς
1452 3892 1549 3947 καὶ
1579 3893 1939 3963 συγγενέσθαι

346 3978 480 4059 ημῖν
506 3988 610 4040 καὶ
637 3986 1013 4054 κοινωνήσειν,
1067 3983 1230 4038 τοῦτο
1270 3985 1371 4055 μὲν
1419 3985 1529 4038 τῶν
1586 3986 1946 4057 συνεχόντων,

347 4081 510 4133 τοῦτο
531 4077 592 4131 δὲ
619 4077 717 4129 καὶ
745 4076 902 4142 λόγον
931 4075 1152 4147 ὁμιλίας
1205 4075 1300 4129 τοῦ
1327 4075 1462 4130 θεοῦ
1492 4076 1729 4138 διδόντος
1768 4080 1947 4150 οἰκείᾳ

343 4171 578 4242 γλώσσῃ
607 4168 707 4239 τὴν
742 4167 1091 4239 παράκλησιν
1121 4167 1451 4239 προσφέρων
1491 4168 1647 4240 ἡμῖν.
1702 4168 1844 4240 Περὶ
1888 4169 1945 4222 δὲ

340 4255 419 4319 ὧν
452 4264 638 4333 ηξῐου,
662 4261 789 4314 ὅσον
812 4262 846 4330 ἡ
882 4259 992 4313 τῶν
1020 4261 1367 4331 πραγμάτων
1406 4260 1708 4334 συνεχώρει
1736 4262 1948 4336 διοίκη.

2387 3318 2627 3376 CXXXI.
2677 3319 2943 3391 Tryphoni
3005 3315 3285 3372 monacho.

2114 3436 2309 3505 Magno
2356 3451 2424 3491 ex
2478 3436 2676 3491 litteris
2705 3435 2971 3491 sanctatis
3014 3439 3212 3487 vestra:
3247 3427 3449 3485 solatio
3500 3440 3630 3495 per-

2044 3541 2204 3600 cepto
2227 3569 2246 3596 ,
2281 3528 2415 3595 Deo,
2447 3530 2538 3597 qui
2576 3529 2744 3583 vitam
2776 3536 3021 3582 nostram
3058 3521 3324 3578 aerumnis
3368 3516 3627 3574 amictam

2045 3620 2302 3690 protegit,
2352 3620 2557 3688 gratias
2587 3617 2798 3687 egimus
2842 3616 2989 3685 quod
3018 3612 3302 3669 humilitas
3350 3620 3539 3663 nostra
3574 3617 3628 3663 et

2042 3712 2261 3782 scriptis
2298 3711 2493 3767 vestris
2533 3720 2619 3766 est
2661 3709 2862 3765 refecta
2889 3724 2906 3775 ;
2938 3717 2994 3763 tu
3024 3721 3188 3777 porro
3217 3705 3478 3773 episto'as
3502 3701 3631 3754 mit-

2044 3805 2212 3861 tendo
2230 3803 2388 3859 nobis
2419 3802 2756 3869 satisfacias;
2786 3800 2898 3857 Deo
2920 3799 3146 3869 auspice
3171 3798 3298 3852 viva
3328 3808 3462 3849 voce
3481 3793 3632 3848 sola-

2047 3897 2183 3952 tium
2220 3897 2379 3952 nobis
2413 3896 2631 3953 all‘eras.
2665 3894 2797 3960 Qua:
2840 3902 3023 3949 autem
3052 3891 3146 3946 tibi
3192 3889 3471 3952 videntur,
3508 3895 3630 3939 tan-

2048 3997 2160 4044 tum
2193 4002 2592 4059 prosequemur
2619 3998 2888 4057 quantum
2931 3999 3117 4039 rerum
3146 3981 3393 4039 conditio
3425 3979 3629 4049 permi-

2044 4079 2179 4136 serit
2235 4097 2252 4134 :
2311 4095 2464 4144 nam,
2509 4079 2627 4135 sive
2676 4079 2910 4135 velimus
2955 4077 3075 4133 sive
3135 4075 3399 4141 nolimus,
3435 4083 3626 4126 rerum

2043 4173 2361 4229 necessitati
2408 4172 2758 4243 subjicimur.
2815 4171 2892 4226 De
2936 4170 3152 4226 caeteris
3176 4156 3242 4224 te.
3275 4169 3417 4224 bene
3440 4166 3628 4222 valere

2042 4279 2333 4335 precamur
2362 4273 2416 4320 et
2448 4265 2772 4321 humilitatis
2797 4274 3004 4320 nostra
3032 4277 3142 4319 non
3168 4259 3444 4318 oblivisci.

344 4376 457 4423 σις,
485 4357 737 4427 ἐσόμεθα
778 4355 908 4427 γάρ,
964 4356 1071 4411 κᾶν
1104 4355 1422 4428 βουλώμεθα
1457 4356 1563 4412 κᾶν
1613 4358 1690 4429 μὴ
1742 4357 2088 4431 βουλώμεθα,
2121 4364 2186 4432 τῇ
2248 4361 2361 4415 τῶν
2394 4360 2752 4432 πραγμάτων
2781 4360 3023 4433 ἀνάγκη,
3090 4355 3352 4412 τοσοῦτιν
3378 4358 3474 4414 καὶ
3502 4354 3631 4426 διῳ-

347 4450 674 4523 κησάμεθα.
705 4450 787 4505 Τὰ
835 4449 971 4504 ἄλλα
1019 4449 1296 4522 ἐρρῶσθαι
1346 4466 1406 4503 σε
1450 4450 1821 4522 ὲπευχόμεθα,
1852 4451 1948 4508 καὶ⁵
1984 4452 2083 4525 τῆς
2125 4455 2285 4526 ἡμῶν
2329 4455 2641 4526 μεμνῆσθαι
2675 4454 3053 4525 μετριότητος.

418 4564 574 4624 PAB’
608 4565 1187 4636 ΓρηγορίίρἘφέσου
1212 4566 1315 4621 καί
1339 4565 1543 4630 Φωτίῳ
1590 4564 1947 4635 Ἡρακλείας

855 4633 1037 4690 οὖσιν
1066 4638 1137 4690 ἐν
1170 4637 1478 4706 ὑπερορίᾳ.

434 4730 570 4785 Οΰτε
613 4730 783 4800 ὑμᾶς,
858 4729 1024 4783 τέκνα
1057 4727 1188 4799 ἑμά,
1222 4729 1285 4783 τδ
1323 4730 1523 4801 πικρὸν
1572 4730 1796 4802 ἄλγημα
1844 4730 1945 4801 τῆς

369 4824 507 4893 ἐμῆς
529 4824 796 4892 ταπεινῆς
822 4821 1172 4876 διαλανθάνει
1203 4822 1462 4893 καρδίας,
1511 4821 1639 4877 οὔτε
1669 4822 1779 4877 τῶν
1809 4822 1946 4893 ὑμε-

367 4914 541 4985 τέρων
588 4914 1012 4985 σπαραγμάτων
1048 4915 1143 4968 καὶ
1180 4914 1381 4970 ὀδυνῶν
1425 4918 1484 4970 ὲν
1526 4914 1725 4986 ἀγνοίᾳ
1784 4916 1949 4987 ἡμεῖς

358 5008 806 5079 καθεστήκαμεν.
879 5005 946 5059 Ἦ
977 5008 1087 5079 γὰρ
1130 5006 1227 5060 τοῦ
1293 5007 1567 5077 παναγὶου
1620 5007 1944 5081 Πνεύματος

352 5101 553 5167 ἑνότης
586 5101 620 5168 ἡ
647 5098 785 5168 πρὸς
816 5096 877 5150 ἓν
922 5098 1181 5168 φρόνημα
1206 5099 1301 5153 καὶ
1332 5100 1462 5169 μιᾶς
1491 5098 1701 5169 κίνημα
1718 5098 1948 5171 καρδίας

350 5194 503 5263 ἡμᾶς
534 5191 854 5261 διαθεμένη,
880 5189 1023 5262 αύτὴ
1055 5188 1246 5261 ῶσπερ
1270 5192 1353 5255 είς
1386 5190 1447 5244 τδ
1475 5191 1822 5261 συμπάσχειν
1853 5206 1951 5244 au-

350 5286 551 5356 νῆψεν,
607 5284 753 5339 οὕτω
786 5287 885 5339 καὶ
912 5285 975 5339 τὸ
1027 5286 1278 5356 ἀκριϐῶς
1338 5285 1542 5339 είδέναι
1590 5285 1661 5339 τά
1704 5284 1952 5357 ἀλλήλων

346 5376 506 5446 παθη
566 5377 997 5447 παρασκευάζει.
1052 5376 1117 5429 Τί
1150 5374 1282 5443 οΰν;
1323 5370 1404 5431 Ἦ
1462 5378 1616 5448 κοινῇ
1657 5376 1757 5451 τὴν
1785 5377 1951 5451 εύχα-

354 5468 578 5541 ριστίαν
636 5469 829 5540 φέρειν
867 5468 950 5521 δεῖ
973 5466 1051 5537 τῷ
1074 5467 1213 5538 Θεῷ,
1246 5468 1344 5539 ἐφ’
1374 5463 1457 5533 οἷς
1484 5468 1794 5537 διωκόμεθα
1827 5471 1948 5542 μὲν,

348 5561 415 5612 οὑ
458 5559 924 5630 καταϐαλλόμεθα
960 5557 1019 5611 δὲ
1055 5557 1191 5611 Θεοῦ
1225 5559 1433 5630 χάριτι,
1463 5561 1556 5615 καὶ
1586 5554 1671 5622 οἷς
1705 5562 1832 5616 ὅσον
1854 5562 1951 5616 ἐπὶ

347 5656 469 5716 τοῖς
520 5652 901 5724 impetraui;
936 5648 1385 5721 ἀποθνήσκομεν,
1417 5651 1602 5724 ζῶμεν
1636 5652 1693 5707 δὲ
1717 5653 1824 5708 ὑπὸ
1848 5653 1948 5708 τοῦ

352 5745 757 5812 ζωοποιοῦντος
793 5740 937 5797 Θεοῦ
962 5741 1407 5817 συντηρούμενοι.
1442 5744 1685 5817 Ἀληθῶς
1715 5745 1949 5803 ἐστικαὶ

354 5843 451 5901 νόν
489 5845 622 5901 ίδεῐν
653 5843 822 5900 θείων
851 5839 950 5894 καὶ
973 5839 1291 5910 παραδόχων
1322 5842 1536 5911 γένεσιν
1579 5843 1945 5911 πραγμάτων,

2061 4568 2324 4629 CXXXII.
2374 4571 2660 4643 Gregrorio
2696 4569 2891 4653 Ephesi
2920 4570 3162 4653 episcnpo
3202 4575 3253 4622 et
3297 4565 3488 4621 Phott'o
3517 4563 3631 4620 Hea
3722 4542 3733 4551 ’

1981 4628 2037 4689 Ῑ)
2487 4642 2730 4689 malam“
2756 4639 3238 4689 peregrinantibus.

2487 4639 2730 4698 redacti
2744 4639 3238 4712 peregrinantibus.

2120 4734 2236 4792 Nec
2282 4749 2406 4800 vos,
2458 4734 2559 4791 ﬁlii
2612 4733 2947 4797 charissitni,
2998 4731 3131 4786 latet
3181 4728 3415 4784 acerbus
3445 4727 3633 4783 cordis

2049 4827 2155 4883 mei
2192 4827 2348 4883 dolor
2376 4842 2557 4897 neque
2594 4826 2696 4896 ipsi
2733 4827 2787 4880 in
2810 4823 3124 4895 ignorantia
3168 4834 3458 4875 versamur
3476 4819 3627 4873 circa

2052 4932 2321 4978 maerores
2347 4928 2404 4976 et
2437 4920 2715 4975 cruciatus
2749 4924 2986 4974 vestros.
3022 4915 3261 4985 Spiritus
3282 4912 3430 4966 enim
3453 4911 3631 4968 sancti

2051 5012 2184 5067 unio
2230 5025 2354 5082 qua:
2402 5025 2505 5069 nos
2550 5009 2619 5065 ad
2673 5009 2894 5064 easdem
2950 4984 3314 5077 cogitationes
3363 5011 3419 5059 et
3462 4984 3661 5057 aninti‘

2050 5104 2278 5159 aﬂ'ectus
2322 5103 2474 5159 ducit
2503 5101 2572 5157 ad
2603 5107 2851 5158 mutuam
2879 5098 3168 5169 coniunxit
3198 5095 3532 5158 amicitiam,
3578 5101 3636 5148 et

2055 5198 2123 5251 ad
2156 5210 2382 5252 mutuos
2413 5191 2832 5265 cognoscendoa
2860 5190 3080 5246 dolores
3117 5189 3367 5260 opprime
3407 5200 3632 5254 compa-

2047 5289 2212 5347 ravit.
2239 5288 2378 5357 Quid
2405 5288 2605 5358 igitur?
2629 5287 2787 5358 Agite
2804 5284 2989 5340 cuncti
3012 5282 3126 5338 Deo
3150 5284 3357 5352 gratias
3388 5292 3627 5351 agamus

2056 5384 2198 5452 quod
2235 5382 2732 5453 persecutionibus,
2770 5379 2886 5434 Deo
2914 5378 3150 5443 favente,
3188 5392 3298 5432 non
3317 5371 3634 5429 succumbi-

2053 5490 2176 5530 mus
2197 5474 2419 5544 etquod
2448 5474 2612 5528 minis
2644 5471 3065 5542 opprobriisque
3104 5465 3444 5527 mortiﬁcati,
3494 5462 3633 5516 vivi-

2058 5566 2257 5624 ﬁcante
2287 5574 2466 5622 tamen
2491 5565 2625 5632 Deo.
2649 5566 2786 5622 salvi
2818 5576 2871 5623 et
2895 5565 3200 5620 incolumes
3226 5559 3483 5614 vivimus.
3499 5554 3629 5611 Prov

2058 5655 2199 5712 lecto
2228 5666 2285 5711 et
2328 5657 2478 5712 hisce
2517 5655 2857 5726 temporibus
2885 5653 3071 5709 divina
3096 5649 3283 5706 videre
3300 5653 3386 5702 est
3402 5644 3634 5699 etmira-

2056 5750 2185 5806 bilia
2212 5764 2377 5820 opera
2416 5767 2430 5804 :
2474 5766 2506 5806 a
2534 5749 2773 5805 ferarum
2808 5746 2953 5803 etaim
2982 5744 3231 5800 faucibus
3253 5740 3450 5796 liberat
3487 5737 3639 5794 Deus

2055 5858 2244 5901 servos
2267 5858 2394 5902 suos
2417 5851 2471 5901 ct
2491 5852 2736 5901 amanter
2754 5840 3055 5905 incolumes
3071 5846 3247 5896 servat
3273 5849 3368 5909 per
3389 5832 3641 5893 medium
