4094 6468
436 395 538 459 351

1556 404 1869 465 NICOLAI
1908 406 2020 467 ΟΡ.
2059 407 2581 468 ΡΑΤΒΙΑΒΟΗιΕ

3605 403 3713 468 352

435 520 616 578 ignem
701 507 1041 565 incedentes.
1102 510 1231 566 Haec
1283 510 1412 567 dum
1479 522 1719 570 mentem
1770 515 2030 582 subeunt,

2139 517 2231 572 Ital
2252 517 2551 587 ,στομάτων
2608 515 2816 587 θηρίων
2846 514 2981 569 Θεοῦ
3034 516 3304 587 ῥυομένου
3350 514 3716 587 θεράποντας.

438 614 640 669 magno
674 600 804 655 mihi
833 609 962 657 sunt
1009 602 1210 657 solatio
1232 611 1287 659 et
1315 606 1559 660 animum
1589 607 1847 664 reddunt.
1899 606 2025 664 Haec

436 705 533 745 vos
561 704 805 760 quoque,
856 692 950 746 ﬁlii
985 693 1113 756 mei,
1144 695 1424 750 vobiscum
1458 706 1713 763 reputate
1752 715 1766 753 :
1824 698 1869 753 si
1900 714 2026 770 gra-

438 800 530 840 ves
571 785 711 841 forte
739 787 1032 843 inciderint
1060 789 1414 855 tentationes,
1447 792 1514 847 ad
1548 807 1698 862 spem
1739 794 2023 848 meliorem

436 877 603 932 corda
646 877 869 947 erigite,
930 879 1091 934 sicuti
1123 882 1447 937 sacerdotali
1481 884 1784 939 conditioni
1827 893 2024 939 vestrae

438 968 735 1035 convenit;
787 970 861 1024 ita
918 971 1139 1027 fortiter
1213 972 1338 1029 illas
1388 974 1743 1044 superabitis.
1818 974 2018 1032 Multas

438 1061 586 1116 enim
630 1077 697 1116 ex
742 1060 850 1117 Deo
881 1062 1147 1119 habemus
1175 1066 1652 1134 repromissiones,
1702 1065 1795 1136 qui
1820 1067 2029 1134 _oculos

439 1168 592 1217 suos,
655 1154 731 1206 uti
784 1153 1022 1221 conﬁdo,
1079 1164 1292 1210 avertet
1341 1170 1370 1209 a
1422 1157 1664 1225 peccatis
1715 1155 1898 1223 meis,
1961 1156 2030 1212 ad

440 1245 604 1300 ﬁnem
646 1260 821 1314 usque
867 1260 928 1302 se
978 1247 1282 1316 benignum
1335 1258 1678 1302 servatorem
1729 1246 2029 1318 praestabit,

440 1352 541 1393 nec
602 1352 843 1407 unquam
921 1339 1173 1393 auxiliari
1257 1338 1517 1395 cessabit.
1616 1338 1712 1393 Sin
1792 1340 2032 1409 peccatis

438 1429 577 1485 meis
648 1430 1007 1486 contristatus
1092 1431 1413 1501 paulisper.
1470 1432 1738 1503 castigat,
1831 1431 2034 1487 nihilo-

438 1523 620 1578 minus
672 1537 889 1579 summa
960 1524 1190 1595 recipiet
1236 1524 1618 1595 benignitate;
1688 1540 1785 1582 eos
1846 1533 2030 1579 autem

439 1615 536 1684 qui
580 1616 785 1670 malitia
840 1632 939 1672 sua
990 1617 1119 1672 elati
1158 1629 1306 1683 sunt,
1356 1619 1531 1672 multo
1583 1618 1797 1688 majore
1838 1619 2037 1689 plectet

439 1706 628 1761 dolore
655 1717 710 1761 et
732 1708 978 1773 tristitia,
1013 1724 1178 1779 quam
1216 1709 1513 1765 hodiedum
1547 1710 1857 1779 gloriantur
1894 1710 2037 1765 laeti-

440 1799 537 1853 tia.
568 1798 760 1853 Saluto
791 1814 887 1856 vos
912 1800 963 1854 in
996 1798 1229 1856 Domino
1260 1810 1313 1856 et
1344 1801 1499 1871 quasi
1521 1816 1766 1871 praesens
1801 1800 2039 1870 comple-

2124 612 2217 666 καὶ
2247 611 2481 682 καμίνου
2514 610 2686 682 πυρὸς
2744 609 3000 673 ἀϐλαϐεῖς
3045 609 3386 681 τηρουμένου
3451 608 3579 673 τοὺς
3618 609 3721 680 τὴν

2124 701 2335 755 ἑαυτῶν
2371 701 2645 772 σωτηρίαν
2685 702 2752 772 τῇ
2794 700 3007 770 ὑψίστῳ
3056 700 3430 770 ἀναθεμένους
3460 703 3715 771 προνοίᾳ.

2126 792 2312 850 Ταῦτά
2346 811 2436 865 μοι
2467 793 2691 847 ὲπιόντα
2722 795 2800 856 είς
2824 792 2971 858 νοῦν,
2997 792 3210 863 μεγάλη
3233 792 3603 863 παράκλησις,
3623 794 3720 845 καὶ

2125 889 2225 959 τῆς
2258 888 2500 959 ἀθυμίας
2539 888 2845 957 ἀνάκτησις
2883 886 3120 955 γίνεται.
3154 885 3342 939 Ταῦτα
3383 889 3481 939 καὶ
3536 885 3721 954 ὑμεῖς,

2125 979 2292 1033 τέκνα
2324 979 2455 1049 ὲμά,
2478 977 2600 1031 καθ’
2634 976 2864 1040 ἑαυτοὺς
2892 974 3258 1045 λογιζόμενοι,
3303 976 3352 1027 εί
3384 973 3479 1027 καὶ
3531 970 3724 1044 βαρεῖς

2128 1073 2178 1127 οί
2217 1072 2562 1140 ἐπικείμενοι
2592 1068 2891 1140 πειρασμοὶ
2926 1068 3065 1139 μετά
3114 1067 3213 1137 τῆς
3247 1065 3539 1135 ἀμείνονος
3571 1062 3725 1118 ἐλπί-

2129 1165 2217 1226 δος
2263 1161 2595 1232 ὑψηλότερον
2651 1161 2713 1215 τὸ
2750 1160 3010 1232 φρόνημα
3036 1159 3133 1213 καὶ
3182 1161 3394 1229 πρέπον
3461 1158 3528 1229 τῇ
3563 1156 3724 1228 ὑμῶν

2131 1254 2494 1325 ἀρχιερατικῇ
2552 1251 2876 1322 τελειότητιο
2901 1249 3084 1322 πάσης
3124 1248 3492 1321 στενοχωρίας
3517 1249 3722 1321 φέρον-

2133 1364 2224 1409 τες
2249 1345 2545 1399 διατελεῖτε
2576 1361 2592 1378 ο
2638 1344 2896 1404 πλείστας
2931 1343 3131 1415 ἔχομεν
3192 1341 3568 1414 πληροφορίας
3621 1342 3724 1411 τῆς

2135 1433 2328 1504 θεῖκῆς
2352 1433 2716 1505 ἀντιλήψεως,
2749 1433 2846 1487 καὶ
2885 1432 3128 1486 πέποιθα
3170 1432 3248 1497 ὡς
3275 1431 3585 1502 παρόψεται
3622 1429 3724 1501 μὲν

2134 1523 2236 1586 τὰς
2284 1521 2426 1592 ἐμὰς
2466 1522 2767 1592 ἁμαρτίας,
2827 1522 3111 1594 διαρκέσει
3157 1521 3217 1575 δὲ
3270 1521 3435 1593 μέχρι
3482 1520 3727 1583 τέλουςό

2135 1614 2341 1684 ἀγαθὸς
2373 1614 2931 1686 ἀντιλαμϐανόμενος,
2969 1615 3066 1669 καὶ
3100 1615 3161 1668 οὑ
3208 1613 3457 1684 διατεμεῖ
3476 1613 3574 1685 τὴν
3604 1613 3731 1685 βοήο

2139 1707 2314 1764 θείαν.
2357 1708 2419 1761 Εἰ
2450 1707 2506 1761 δ’
2534 1708 2644 1779 ἀρα
2681 1708 3022 1780 δυσχεράνας
3048 1710 3173 1772 ταῖς
3213 1709 3376 1778 ἐμαῖς
3423 1706 3728 1777 ἁμαρτίαις

2144 1797 2345 1870 μικρὸν
2377 1795 2701 1863 ὑπενδώσει,
2733 1798 2898 1868 τυχδν
2947 1797 3072 1869 ἐμοὶ
3125 1798 3186 1851 τὸ
3221 1795 3468 1851 ἐκποδὼν
3512 1798 3727 1850 οἰκονο-

440 1900 560 1947 ctor
606 1892 842 1962 spiritu,
900 1902 1263 1962 nostramque
1319 1893 1572 1963 precibus
1630 1895 1831 1950 vestris
1877 1907 2031 1948 com-

2142 1891 2307 1961 μήσει
2337 1889 2615 1959 γενέσθαι,
2648 1889 2804 1960 ὑμῶν
2841 1890 2899 1944 δὲ
2937 1889 3154 1953 πάντως
3182 1887 3543 1958 ἀντιλήψεται
3594 1904 3730 1941 συν-

442 1983 646 2039 mendo
669 1984 1054 2040 humilitatem.

2139 1984 2308 2055 ήθως,
2342 1984 2438 2039 καὶ
2486 1982 2652 2049 δείξει
2684 1983 2811 2048 τοὺς
2835 1984 2928 2037 ἐπὶ
2957 1982 3269 2053 κακουργίᾳ
3317 1980 3731 2053 ὠφρυωμένους

443 2080 625 2151 πολλῷ
656 2079 819 2135 πλέον
852 2082 886 2152 ἢ
926 2081 1051 2134 ὅσον
1090 2080 1182 2133 ἐπὶ
1211 2078 1386 2151 ταύτῃ
1452 2079 1639 2145 ἔδοξαν
1664 2079 1924 2151 ἡσθῆναι,
1966 2078 2062 2134 καὶ
2097 2078 2475 2150 λυπουμένους
2538 2076 3167 2149 καὶσκυθρωπάζοντας.
3213 2074 3559 2144 Ἀσπάζομαι
3582 2073 3728 2145 ὑμᾶς

445 2171 504 2222 ἐν
536 2169 749 2241 Κυρίῳ,
789 2171 885 2223 καὶ
910 2170 984 2236 ὡς
1015 2170 1207 2243 παρὼν
1236 2171 1337 2243 ήδη
1362 2169 1437 2242 τῷ
1460 2171 1744 2242 πνεύματι
1783 2170 2149 2243 περιφύομαι,
2191 2171 2418 2243 καὶτῆς
2452 2172 2611 2243 ὴμῶν
2649 2170 2887 2227 δυσωπῶ
2943 2169 3351 2242 ὑπερεὺχεσθαι
3407 2169 3737 2237 ταπεινότη-

450 2280 565 2327 τος.

610 2401 902 2459 CXXXIII.
935 2403 1097 2459 Petro
1128 2404 1423 2460 Alanorum
1454 2407 1869 2477 archiepiscopo.

518 2538 769 2596 Miserias
816 2556 955 2609 quas
986 2556 1052 2596 ex
1086 2541 1285 2597 litteris
1317 2542 1426 2597 tuis
1464 2542 1758 2598 didicimus
1784 2552 1838 2598 et
1859 2559 2041 2599 rerum

449 2643 627 2690 status
665 2635 760 2706 qui
816 2652 963 2692 nunc
1004 2646 1092 2692 est
1142 2637 1334 2693 dolore
1368 2638 1615 2694 animum
1667 2647 1919 2695 nostrum
1957 2640 2043 2695 af-

449 2726 716 2793 fecerunt,
765 2741 873 2780 non
931 2736 1112 2784 autem
1139 2728 1335 2785 solatio
1368 2730 1596 2786 omnino
1645 2731 1883 2802 rejecto;
1928 2742 2045 2789 ete-

448 2819 561 2873 nim
616 2818 1000 2876 aﬂlictionibus
1066 2829 1121 2876 et
1184 2822 1633 2879 tribulationibus
1698 2839 1824 2895 spes
1875 2826 2049 2881 inter-

449 2909 619 2976 cedit,
658 2912 726 2967 ad
780 2912 1030 2968 intimam
1060 2913 1297 2969 animam
1350 2924 1602 2985 penetrat
1629 2925 1683 2970 et
1708 2917 1892 2974 verbis
1921 2934 2051 2974 sua-

453 3002 650 3057 silihus
702 3002 1060 3058 acerbitatem
1114 3004 1329 3059 adimit.
1387 3002 1591 3059 Rerum
1659 3020 1762 3061 nos
1819 3007 2045 3077 quidem

2310 2405 2458 2459 PAI"
2514 2404 2715 2474 Πέτρῳ
2747 2405 3204 2474 ἁρχιεπισκόπφ
3252 2404 3551 2472 Ἀλανιας.

2212 2542 2295 2596 Τὰ
2330 2542 2428 2613 μὲν
2477 2541 2613 2596 ἄλλα
2643 2542 2740 2594 τοῦ
2787 2541 3137 2613 γράμματος,
3192 2541 3274 2595 δι’
3316 2537 3393 2595 ὧν
3430 2541 3557 2604 τοὺς
3604 2541 3739 2605 σοὺς

2141 2636 2234 2691 ἀνε
2244 2636 2589 2706 μανθάνομεν
2614 2634 2810 2697 πόνους
2824 2635 2918 2688 καὶ
2930 2634 3031 2705 τὴν
3044 2632 3151 2688 τῶν
3174 2634 3521 2704 πραγμάτων
3544 2649 3609 2685 πε
3620 2632 3709 2703 ρίσ
3724 2662 3743 2673 -

2140 2744 2320 2794 τασιν,
2368 2726 2546 2797 λὺπην
2605 2726 2705 2798 μὲν
2747 2728 2859 2789 τοῖς
2906 2726 3041 2780 ὠσὶν
3084 2725 3243 2797 ήμῶν
3288 2726 3528 2779 ἐνεποίει
3559 2741 3743 2795 προσ-

2140 2820 2431 2885 πίπτοντα,
2478 2818 2618 2891 πλὴν
2651 2819 2750 2889 οὑχ
2786 2817 2929 2873 οὑτω
2964 2818 3217 2889 δριμεῖαν
3246 2817 3370 2871 οὑδὲ
3400 2816 3738 2889 παρακλήσ-

2140 2930 2245 2975 sui;
2300 2911 2636 2984 ἀποροῦσαν,
2688 2912 2822 2966 διότι
2865 2911 3049 2983 πάσης
3109 2911 3203 2965 καὶ
3258 2909 3583 2980 δυσχερείας
3637 2908 3744 2963 καὶ

2146 3006 2381 3076 θλίψεως
2404 3005 2562 3065 ἐλπὶς
2605 3002 2979 3076 προλαϐοῦσα,
3038 3004 3135 3057 καὶ
3174 2996 3287 3056 οἷον
3338 3001 3745 3071 ὲγγυμνάσασα

452 3095 829 3150 conditionem
892 3096 959 3151 ad
990 3084 1177 3165 squam
1216 3113 1246 3151 a
1288 3096 1496 3167 Spiritu
1531 3110 1725 3155 sancto
1754 3110 2039 3170 provectus

2148 3099 2250 3168 τὴν
2278 3097 2457 3169 ψυχὴν
2488 3100 2558 3169 τῇ
2588 3096 2791 3166 ἑαυτῆς
2822 3094 3012 3167 ὁμιλίᾳ
3048 3096 3482 3165 προαφαιρεῖται
3510 3094 3573 3147 τὸ
3599 3094 3743 3148 πολὺ

2074 3150 2121 3211 C

451 3204 535 3253 es,
570 3204 634 3242 ex
664 3189 830 3259 longo
865 3197 1112 3259 tempore
1151 3198 1336 3244 notam
1380 3191 1667 3259 habentes,
1695 3208 1797 3247 nec
1831 3193 2039 3248 facilem

2150 3193 2249 3261 τῆς
2281 3187 2848 3261 βαρύτητος,ὲπειδάν
2902 3185 3187 3258 καταλάϐῃ
3227 3185 3297 3238 τά
3341 3185 3598 3256 δυσχερῆ.
3625 3186 3747 3239 Καὶ

448 3282 766 3353 iudicamus
800 3297 904 3337 nec
950 3283 1232 3340 laboribus
1266 3283 1516 3339 liberam.
1560 3285 1635 3340 Ex
1672 3285 1872 3343 litteris
1908 3286 2050 3342 vidi-

455 3392 579 3431 mus
609 3377 724 3431 tuis
751 3392 875 3448 quae
908 3377 1006 3433 tibi
1040 3377 1379 3443 acciderunt,
1422 3378 1607 3450 ibique
1649 3380 1787 3434 nihil
1818 3396 2046 3451 perspe-

454 3468 638 3523 ximus
694 3468 1080 3539 improvisum,
1128 3469 1230 3525 etsi
1284 3470 1469 3524 tristes
1520 3474 1632 3525 slnt
1673 3486 1797 3533 res;
1840 3471 2047 3526 malum

454 3572 637 3617 tamen
691 3561 854 3617 nobis
903 3562 1122 3616 videtur
1168 3562 1539 3627 tolerandum,
1592 3563 1722 3633 quia
1760 3562 2049 3619 habiturus

453 3670 518 3711 es
547 3655 990 3710 retributionem.
1027 3653 1142 3710 Hoc
1179 3664 1361 3711 autem
1392 3654 1627 3710 dicimus
1659 3670 1769 3710 non
1818 3654 1886 3710 ad
1916 3670 2051 3724 prae-

456 3756 643 3803 sentes
679 3748 965 3803 molestias
993 3747 1366 3818 denegandas.
1396 3745 1535 3802 Illud
1564 3762 1695 3803 vero
1720 3747 1879 3803 nobis
1906 3747 2051 3803 vide-

458 3850 547 3895 tur
579 3840 1007 3912 haudquaquam
1045 3842 1391 3897 tolerandum
1425 3848 1481 3896 et
1537 3841 1796 3896 lethalem
1833 3841 2049 3911 plagam

457 3930 675 3997 inﬂixit,
708 3934 855 4003 quod
886 3932 1229 4004 suspicaris,
1260 3943 1319 3989 ut
1362 3947 1461 4004 per
1493 3934 1702 3989 litteras
1724 3943 1847 3990 tuas
1893 3948 2049 3989 com-

459 4032 674 4095 pertum
700 4026 992 4093 habemus,
1028 4036 1083 4081 te
1110 4027 1266 4096 quasi
1301 4041 1363 4080 ex
1397 4026 1562 4081 corde
1593 4035 1783 4082 nostro
1810 4026 2044 4096 ejectum

458 4131 605 4172 esse.
650 4116 787 4172 Illud
832 4133 1113 4188 nunquam
1149 4133 1217 4172 ne
1276 4118 1345 4173 ab
1392 4117 1632 4174 inimicis
1677 4117 1899 4189 quidem
1945 4132 2047 4173 nos

462 4210 750 4264 audituros
793 4224 916 4266 esse
970 4210 1382 4265 conﬁdebamus
1436 4211 1637 4266 nedum
1711 4226 1740 4264 a
1782 4210 1908 4265 ﬁliis
1952 4218 2048 4265 aut

2149 3283 2314 3352 ἡμεῖς
2364 3277 2459 3334 οῦν
2495 3279 2810 3351 προειδότες
2855 3276 2955 3349 τὴν
2996 3278 3105 3331 τῶν
3159 3277 3506 3348 πραγμάτων
3571 3275 3749 3330 κατά-

2151 3391 2364 3441 στασιν,
2395 3372 2479 3441 ἐφ’
2505 3372 2573 3443 ἣν
2604 3372 2709 3424 ὑπὸ
2734 3371 2827 3424 τοῦ
2850 3369 3120 3438 παναγίου
3144 3369 3465 3441 Πνεὺματος
3488 3384 3750 3440 προεχει-

2152 3469 2364 3541 ρίσθης,
2386 3468 2462 3530 ὡς
2483 3466 2585 3519 οὑκ
2611 3464 2856 3533 εὑλογος,
2909 3462 3030 3517 οὑδὲ
3080 3462 3259 3516 πόνων
3318 3460 3747 3533 ἀπηλλαγμένη,

2149 3560 2247 3614 νῦν
2305 3558 2403 3612 τοῦ
2471 3557 2569 3611 σοῦ
2629 3557 2964 3627 γράμματος
3016 3554 3448 3623 ἀναγγέλλοντος
3501 3552 3573 3607 τὰ
3611 3553 3749 3623 ὑμῖν

2151 3651 2523 3715 συναντῶντα,
2583 3648 2644 3713 ἐξ
2677 3643 2753 3703 ῶν
2804 3648 2928 3701 οὑδὲ
2963 3648 3097 3717 πρὶν
3154 3645 3487 3717 ἠγνοοῦμεν,
3547 3647 3597 3699 εί
3647 3646 3750 3700 καὶ

2148 3742 2456 3815 ἀνιώμεθα,
2481 3742 2625 3815 πλὴν
2659 3742 2721 3796 τὸ
2745 3742 2917 3804 πάθος
2938 3738 3180 3812 φορητὸν
3208 3738 3447 3811 μάλιστα
3471 3737 3569 3793 καὶ
3598 3739 3737 3809 πρὸς

2147 3838 2247 3902 τὰς
2282 3835 2606 3901 ἀντιδόσεις,
2631 3834 2709 3906 τῷ
2739 3831 2991 3904 λογισμῷ
3022 3831 3481 3903 ὑπερκύπτοντες
3515 3832 3613 3887 καὶ
3641 3833 3743 3904 τὴν

2147 3931 2357 3985 ἐκεῖθεν
2386 3929 2714 3995 ἀπόλαυσιν,
2745 3928 2870 3981 οὐδ’
2894 3928 3021 3981 ὅσον
3072 3928 3252 3981 είπεῖν
3285 3930 3415 3991 τοὺς
3464 3928 3752 3998 παρόντας

2147 4023 2617 4094 ἀποκρυπτούσας
2668 4021 3117 4085 πόνους.Ἐκεῖνο
3144 4018 3200 4075 δὲ
3230 4020 3506 4091 ἀφόρητον
3543 4020 3753 4099 ἐδόκει⁹

2148 4119 2243 4172 καὶ
2274 4118 2375 4186 τὴν
2407 4117 2626 4188 πληγὴν
2662 4116 2889 4186 καιρίαν
2920 4114 3090 4169 ἔδωκε
3119 4114 3182 4168 τδ
3209 4113 3441 4170 τοιαῦτα
3492 4113 3755 4184 ὑπολαμ-

2147 4211 2461 4275 6άνειν,καλ⁵
2484 4211 2561 4282 μή
2597 4210 2759 4281 μόνον
2777 4207 3236 4275 {incusamus
3252 4208 3350 4263 καὶ
3372 4208 3621 4279 φανερὰν
3648 4206 3756 4277 τὴν

463 4304 683 4359 amicis!
753 4302 1044 4370 Quomodo
1084 4304 1233 4359 enim
1296 4305 1400 4360 nisi
1454 4304 1608 4374 prius
1659 4303 1759 4359 Dei
1844 4311 1900 4358 ct
1946 4318 2039 4374 po-

2146 4303 2415 4373 ὑπόληψιν
2446 4303 2809 4374 καταστῆσαι,
2835 4302 2901 4355 δι’
2918 4297 2994 4355 ῶν
3020 4299 3289 4372 ἔγραψας,
3318 4300 3396 4365 ὡς
3423 4299 3760 4371 ὲκόέὸλησαι

462 4394 573 4463 puli
600 4396 794 4450 salutis
820 4394 1047 4462 oblitus,
1083 4395 1241 4466 cujus
1286 4404 1344 4451 tu
1370 4397 1704 4452 constitutus
1729 4410 1790 4451 es
1837 4396 1949 4450 dux
1987 4403 2039 4450 et

2143 4396 2243 4467 τῆς
2273 4395 2437 4467 ἡμῶν
2467 4395 2719 4466 καρδίας,
2746 4397 2843 4449 καὶ
2871 4397 2905 4466 ή
2939 4394 3008 4466 σῆ
3042 4394 3292 4449 ἀπόλωλε
3330 4395 3542 4466 μνήμη.
3580 4392 3759 4448 Τοῦτο

462 4485 702 4541 salvator
720 4527 736 4553 ,
770 4487 1040 4542 secundus
1069 4497 1248 4543 tamen
1276 4503 1307 4542 a
1325 4487 1505 4557 primo
1540 4494 1728 4543 nostro
1756 4485 2039 4542 Salvatore

2153 4488 2275 4544 οὐδὲ
2324 4489 2433 4542 τῶν
2471 4487 2686 4560 ἐχθρῶν
2725 4487 2993 4555 λεγόντων
3036 4486 3271 4542 ἀκοῦσαι
3304 4487 3635 4558 ἠλπίσαμεν,
3682 4475 3762 4557 μὴ

463 4582 519 4628 et
552 4574 684 4641 Deo,
707 4577 760 4631 in
793 4577 951 4633 istius
970 4580 1117 4635 modi
1156 4580 1527 4650 suspicionem
1563 4579 1862 4635 inciderit?
1911 4577 2039 4647 Quit

2162 4582 2246 4635 ὃτι
2283 4597 2349 4649 γε
2394 4580 2504 4635 τῶν
2547 4580 2755 4634 τέκνων
2802 4579 2835 4648 ἢ
2880 4578 2989 4633 τῶν
3037 4578 3213 4644 ἄλλως
3252 4577 3575 4648 φιλούντων.
3630 4577 3765 4641 Πῶς

435 4662 611 4720 ‘enim
664 4668 919 4726 miserius
959 4673 1186 4741 cogitari
1220 4681 1398 4742 potest
1418 4688 1583 4742 quam
1620 4672 1841 4729 oblivisi
1878 4672 1973 4728 Dei
2005 4688 2036 4727 e

2163 4670 2277 4742 γὰρ
2303 4672 2352 4724 εί
2401 4671 2478 4740 μὴ
2506 4671 2776 4740 πρότερον
2814 4668 2952 4723 Θεοῦ
2989 4670 3216 4741 μνήμης
3260 4669 3484 4741 ἔρημοι,
3527 4668 3625 4722 καὶ
3658 4667 3761 4736 τῆς

467 4758 751 4815 hominum
799 4764 1173 4819 conversionis
1201 4764 1269 4818 ad
1317 4763 1469 4818 illum
1533 4765 1627 4836 qui
1668 4778 1771 4821 nos
1805 4779 1834 4819 a
1870 4772 2039 4836 tyrant

2165 4764 2256 4818 τοῦ
2288 4762 2421 4816 λαοῦ
2460 4763 2760 4834 σωτηρίας,
2812 4755 2872 4817 οὗ
2922 4763 2986 4816 σὺ
3044 4762 3240 4832 ὁδηγὸς
3284 4762 3600 4832 ἀπεστάλης
3662 4762 3762 4814 καὶ

469 4849 589 4905 nica
625 4860 894 4921 potestate
911 4854 1110 4910 diaboli
1143 4855 1386 4911 liberat?

2170 4856 2376 4927 σωτὴρ,
2415 4854 2554 4925 μετά
2574 4871 2639 4922 γε
2666 4854 2757 4908 τὸν
2788 4855 3009 4926 πρῶτον
3032 4856 3191 4926 ἡμῶν
3214 4855 3445 4925 Σωτῆρα
3476 4855 3574 4908 καὶ⁵
3597 4852 3756 4917 Θεὸν,

463 4941 625 4995 τοῦτο
686 4943 878 4998 παθεῖν
935 4948 1085 5012 είκδς
1142 4949 1236 5002 τὸν
1293 4946 1653 5014 ὑπονοοῦντα,
1732 4948 1793 5012 ὃς
1839 4965 1926 5012 τις
1963 4948 2021 5002 δ’
2052 4944 2191 5021 ἂνῇ
2248 4950 2277 5002 ό
2308 4947 2754 5016 ὑπολαμϐάνων;
2822 4949 2949 5012 Πῶς
2999 4950 3149 5021 ἡμᾶς
3199 4950 3299 5004 οὑκ
3355 4950 3437 5012 είς
3512 4949 3759 5020 ἐσχάτην

467 5031 674 5099 ἀπάγει
700 5038 1066 5109 κατηγορίαν,
1143 5040 1242 5094 καὶ
1294 5034 1364 5115 ἧς
1416 5041 1517 5095 οὑκ
1543 5042 1610 5096 ἂν
1658 5060 1744 5108 τις
1800 5043 1954 5116 εὖροι
2023 5045 2372 5119 βαρυτέραν;
2416 5044 2481 5097 Τί
2528 5042 2638 5116 γὰρ
2698 5043 3001 5117 βαρύτερον
3066 5043 3163 5099 τοῦ
3210 5046 3573 5117 ἀμνημονεῖν.
3619 5042 3757 5098 Θεοῦ

471 5129 564 5184 καὶ
593 5129 691 5199 τῆς
754 5131 1063 5204 ἀνθρώπων
1131 5137 1470 5210 ἐπιστροφῆς
1489 5140 1629 5212 πρὸς
1675 5140 1863 5210 αὑτὸν,
1896 5143 2113 5213 καὶτῆς
2153 5144 2217 5197 ὲκ
2249 5143 2342 5197 τοῦ
2371 5142 2623 5196 διαϐόλου
2660 5143 3004 5213 τυραννικῆς
3037 5142 3222 5213 χειρὸς
3261 5141 3642 5213 ἀνακλήσεως-

547 5223 729 5291 Vides,
776 5226 851 5282 mi
898 5227 996 5294 iiIi,
1046 5236 1256 5298 quanto
1296 5246 1536 5288 maerore
1568 5240 1679 5289 tuae
1718 5236 1915 5292 litterae
1942 5236 2039 5291 atii

2252 5237 2439 5308 Ὁρᾷς,
2474 5237 2691 5299 τέκνον,
2722 5231 2811 5288 οἷα
2840 5235 3264 5306 κεκακωμένους
3293 5235 3443 5305 ἡμᾶς
3493 5233 3592 5288 ἐπὶ
3621 5231 3763 5290 πᾶίσι

471 5317 620 5373 ciant
656 5334 769 5388 prae
813 5320 1076 5376 omnibus
1118 5323 1280 5378 malis
1316 5325 1538 5394 quibus,
1573 5339 1928 5403 peccatorum
1963 5344 2039 5383 no

2168 5329 2281 5391 τοῖς
2312 5327 2400 5381 διὰ
2452 5325 2554 5390 τὰς
2589 5326 2867 5397 ἁμαρτίας
2908 5327 3067 5397 ήμῶν
3096 5325 3385 5397 συνέχουσι
3414 5323 3476 5378 τὸ
3526 5324 3619 5377 σὺν
3651 5323 3765 5378 ate-

472 5420 712 5468 slrorum
764 5427 954 5478 causa,
998 5414 1443 5473 circumdamur?
1474 5419 1733 5475 Attamen
1766 5421 1817 5475 si
1846 5429 2039 5491 tempu:

2173 5422 2309 5492 θηκε
2331 5416 2612 5491 γράμμα;
2656 5419 2766 5473 Καί
2802 5436 2887 5472 τοι
2944 5420 3083 5489 πρὸς
3121 5418 3222 5488 τὴν
3261 5417 3489 5487 πορείαν
3541 5416 3767 5470 στελλό-

475 5505 782 5560 recordaris
832 5505 978 5575 quod
1020 5508 1309 5564 nobiseum
1358 5521 1486 5567 ante
1528 5512 1634 5568 iter
1666 5522 1819 5569 tuum
1850 5522 2035 5570 transe

2175 5529 2360 5585 μενος,
2390 5513 2449 5566 ὲν
2476 5505 2558 5575 οἷς
2586 5509 2885 5574 κατέλιπες
2921 5510 3069 5581 ἡμᾶς
3115 5510 3216 5562 οὑκ
3246 5509 3365 5563 ἔστι
3410 5508 3765 5579 διανοηθῆναι

476 5597 626 5665 gisti,
657 5610 709 5654 te
745 5600 1009 5656 oblivioni
1060 5604 1250 5658 datum
1299 5619 1422 5661 esse
1472 5621 1752 5675 nunquam
1796 5607 2039 5662 invenies

2175 5606 2250 5670 ὡς
2275 5604 2617 5676 ἐπιλέλησαι.
2671 5601 2805 5657 Εἶτα
2865 5603 3184 5659 καταλιπὼν
3212 5604 3312 5656 ὅσα
3345 5621 3409 5670 γε
3435 5602 3505 5656 τὰ
3546 5601 3767 5671 ἀνθρώ-

479 5689 679 5746 relictis
754 5694 996 5749 humano
1073 5712 1225 5752 more
1298 5696 1529 5754 infernis
1596 5709 1650 5755 et
1706 5698 1786 5754 eis
1839 5699 1934 5770 qui
1997 5699 2039 5755 it

2179 5714 2308 5751 πινα
2357 5694 2763 5766 παροικοῦντας
2792 5696 2851 5747 ὲν
2900 5694 2976 5765 τῷ
3013 5694 3137 5769 ᾅδῃ,
3202 5696 3405 5766 μᾶλλον
3442 5695 3497 5748 δὲ
3530 5695 3623 5748 καὶ
3649 5694 3764 5747 τῶν

485 5779 727 5850 peiorem
780 5786 1151 5845 conditionem
1222 5790 1445 5846 habent.
1503 5792 1586 5846 Ab
1658 5792 1746 5847 his
1821 5806 2038 5848 recesse

2179 5790 2297 5842 ἐκεῖ
2354 5785 2763 5858 παροικούντων
2822 5786 3205 5859 χαλεπώτερον
3261 5786 3642 5856 διακειμένους
3696 5787 3760 5838 οὑ

485 5881 613 5927 runt
645 5872 869 5945 invidia,
902 5878 1101 5936 bellum
1164 5892 1218 5939 ct
1258 5883 1470 5942 insidiic
1504 5884 1706 5952 quibus
1756 5901 1856 5943 nos
1915 5884 2039 5942 inde

2185 5884 2293 5953 γὰρ
2337 5881 2449 5934 ἔστι
2476 5877 2598 5932 κατ’
2631 5877 2812 5934 αὑτῶν
2839 5880 2866 5932 ὁ
2897 5879 3110 5951 φθόνος,
3145 5880 3201 5934 οὐ
3225 5879 3481 5951 πόλεμος,
3508 5876 3605 5933 οὑκ
3636 5878 3761 5930 ἐπι-
