4094 6402
345 243 459 308 353

1826 256 2238 325 EPISTOLA‘t‘.

3528 286 3637 349 354

331 355 504 430 ϐουλή
540 375 627 423 τις
660 360 1007 429 συνίσταται,
1046 364 1193 435 ἡμᾶς
1242 364 1300 420 δὲ
1338 364 1502 439 μέχρι
1526 366 1622 422 τοῦ
1655 367 1749 423 νῦν
1781 370 1924 426 ἀδια-

2036 375 2285 431 sinenter
2347 376 2659 449 aﬂligimur.
2727 380 2888 439 Tales
2961 396 3016 441 tu
3076 397 3334 462 tanquam
3378 396 3486 451 vita
3543 400 3639 453 dc-

328 449 576 513 λείπτως
638 449 812 506 ταῦτα
868 456 1273 526 περιστοιχίζει
1311 473 1327 490 ο
1353 456 1527 523 οὕτως
1559 459 1653 515 οὖν
1704 461 1930 533 ἔχοντας

330 542 490 611 αἰτιᾷ
528 540 607 605 ὡς
644 542 746 611 τῆς
772 542 956 615 ψυχῆς
992 546 1419 616 ἀπολείψαντας.
1448 551 1559 604 Καὶ
1587 552 1706 616 πῶς
1735 553 1835 606 οὐκ
1862 553 1928 607 ἄν

326 649 419 695 τις
469 633 534 686 σὲ
582 634 786 703 μᾶλλον
817 638 1129 693 αἰτιάσεται
1189 640 1527 712 δικαιότερον
1558 645 1652 697 καὶ
1701 643 1929 699 τοιαῦτα

329 724 654 792 ἐγκαλέσει,
711 726 746 797 ἢ
821 730 881 782 τὸ
950 726 1045 795 οὖς
1112 731 1373 803 ὑποσχεῖν
1426 733 1715 801 ἀξιώσειεν
1762 737 1931 806 ιέγκα⁴

328 816 575 885 λοῦντι,;
634 817 801 873 Ἀλλά
830 821 1007 877 ταῦτα
1057 824 1159 893 μὲν
1180 825 1302 879 οὐδὲ
1344 825 1443 897 τὴν
1470 827 1649 900 ἀρχὴν
1681 829 1929 901 ὑπολαμ-
1994 832 2005 843 ’

328 908 527 963 ϐἀνειν
557 910 748 981 ἐχρῆν,
782 910 816 982 ἢ
848 914 1196 970 καταστάντα
1226 919 1307 981 είς
1331 919 1604 991 ὑπόληψιν
1633 922 1927 993 ἐπιστῆσαι

329 1001 484 1073 ὀρθῷ
510 1002 753 1067 διανοίας
770 1006 1040 1078 κριτηρίῳ
1064 1007 1158 1061 καὶ
1181 1008 1256 1070 ὡς
1284 1010 1625 1084 ψευδομένην
1654 1014 1926 1069 ἀπελάσαι

331 1096 442 1151 τῶν
516 1096 836 1167 λογισμῶν,
905 1098 1045 1154 ἀλλὰ
1102 1100 1178 1171 μὴ
1223 1102 1414 1174 μέχρις
1473 1106 1632 1176 ήμῶν
1692 1107 1783 1161 διὰ
1817 1107 1928 1162 τῶν

336 1190 688 1261 γραμμάτων
718 1188 904 1245 δοῦναι
935 1193 1285 1259 καταλαϐεῖν,
1313 1197 1409 1250 καὶ
1440 1196 1559 1249 ἀνθ’
1593 1192 1661 1270 ἧς
1699 1198 1928 1268 ἐμέλλο-

341 1299 436 1352 μεν
509 1280 817 1337 ἀπολαύειν
865 1282 1063 1356 ἡδονῆς
1125 1287 1568 1358 ἐντυγχάνοντας
1622 1291 1808 1355 αὐτοῖς
1864 1291 1925 1345 οὐ

340 1374 506 1443 μόνον
538 1374 996 1444 ἀποστερεῖσθαι,
1024 1376 1161 1431 ἀλλά
1207 1379 1307 1432 καὶ
1335 1381 1466 1434 ἀντ’
1500 1382 1721 1454 ἐκείνης
1771 1384 1926 1437 ἀνια-

336 1464 518 1536 θῆναι.
571 1466 755 1536 Ὅπερ
786 1466 897 1538 γὰρ
924 1463 1078 1521 εἷπον
1114 1470 1173 1525 ὲν
1200 1471 1278 1542 τῷ
1300 1472 1378 1543 σῷ
1405 1474 1684 1545 προσώπῳ
1708 1491 1927 1529 συνεισ-

334 1557 645 1629 ιρχομένης
694 1557 793 1611 καὶ
835 1559 1004 1630 ἄλλης
1035 1560 1343 1633 βαρυτέρας
1393 1566 1750 1638 κατηγορίας,
1782 1568 1931 1638 ἀμή-

2034 466 2259 525 functos
2334 484 2588 528 accusas.
2651 475 2755 532 Sed
2818 488 2874 533 ιιι
2930 482 3115 551 potius
3174 490 3516 545 accusandus
3582 503 3640 548 et

2034 573 2146 612 non
2192 558 2499 619 audiendus
2547 580 2605 622 es
2642 567 2957 627 hominibus
2989 575 3083 643 qui
3135 585 3185 628 te
3243 578 3469 635 minime
3510 598 3641 652 pro.-

2031 648 2260 706 babuut.
2320 652 2669 726 Principatus
2714 661 2809 715 tibi
2878 678 2989 717 non
3048 676 3168 720 erat
3224 648 3635 740 suscipiendus,

2030 749 2128 795 aut
2213 746 2599 817 suscipiendus
2674 766 2799 806 cum
2872 766 3021 811 recto
3081 757 3331 827 judicio,
3401 765 3637 821 debebas

2030 832 2198 891 falsas
2244 838 2443 895 mentis
2507 844 2851 912 suspiciones
2907 856 2965 902 et
3035 852 3377 917 sophismata
3449 858 3640 926 repel-

2031 925 2176 991 lere;
2238 929 2486 997 profecto
2536 935 2820 991 scribenda
2868 939 2993 994 talia
3045 942 3203 997 nobis
3264 961 3373 1001 non
3442 925 3632 1003 erant:

2029 1020 2300 1086 quasdam
2313 1037 2380 1078 ex
2399 1030 2449 1079 te
2469 1027 2847 1097 percipiendas
2869 1030 2988 1087 fore
3004 1033 3396 1093 delectationes
3414 1045 3634 1109 putavi-

2029 1124 2155 1165 mus
2175 1118 2230 1165 et
2250 1128 2360 1169 non
2378 1115 2554 1171 solum
2575 1119 2967 1178 delectationes
2987 1125 3337 1195 defecerunt,
3360 1133 3452 1186 sed
3468 1142 3521 1185 et
3534 1139 3636 1189 tre-

2028 1200 2180 1256 dium
2213 1210 2548 1274 supervenit.
2568 1210 2681 1267 Hac
2702 1223 2896 1268 contra
2928 1224 2981 1271 te
3016 1222 3374 1277 accusatione
3420 1228 3631 1291 audita,

2028 1307 2137 1363 qua
2173 1296 2387 1364 gravior
2436 1300 2587 1355 nulla
2610 1317 2733 1359 esse
2754 1313 2955 1374 potest,
2997 1311 3363 1379 nosmetipsos
3405 1329 3434 1367 a
3469 1318 3633 1373 taedio

2029 1386 2290 1443 cohibere
2338 1404 2449 1445 non
2494 1395 2796 1462 potuimus.
2831 1397 2937 1455 Sed
2970 1402 3086 1457 haec
3122 1403 3330 1460 dixisse
3364 1406 3627 1464 sulﬁciat.

2030 1475 2089 1531 Si
2112 1478 2270 1546 cujus
2298 1482 2443 1536 enim
2477 1490 2826 1556 memoriam,
2862 1492 3288 1563 haudquaquam
3357 1506 3523 1563 tuam,
3559 1516 3628 1555 ex

2029 1570 2213 1625 anima
2244 1575 2516 1643 expellere
2556 1578 2823 1648 valemus,
2860 1585 2988 1652 quia
3010 1587 3077 1640 ad
3110 1603 3305 1642 novam
3339 1589 3393 1643 in
3425 1590 3630 1660 pietate

335 1665 505 1718 χανον
567 1650 643 1721 μὴ
674 1648 799 1721 οὐχὶ
828 1650 952 1705 λίαν
1008 1654 1160 1724 ἡμᾶς
1226 1656 1507 1710 ἀνιᾶσθαι·
1580 1659 1715 1712 ἀλλὰ
1768 1660 1924 1714 τοῦτο

2033 1663 2428 1722 instituendam
2469 1681 2683 1740 gentem
2715 1676 2919 1733 missus
2945 1694 3005 1735 es
3030 1690 3086 1736 et
3118 1682 3171 1735 in
3204 1684 3364 1752 cujus
3390 1688 3624 1755 gratiam

346 1739 548 1808 μηκέτι
582 1739 710 1811 μήθ’
764 1741 1146 1813 ὑπολάμϐανε,
1212 1748 1350 1819 μήτε
1415 1748 1621 1821 γράφε.
1657 1750 1770 1821 Τὴν
1816 1753 1924 1820 γὰρ

2031 1754 2321 1813 confectus
2352 1774 2412 1815 es
2447 1762 2954 1834 sollicitudinibus;
3010 1786 3112 1827 nos
3153 1785 3339 1828 autem
3383 1739 3439 1829 in
3476 1778 3625 1832 votis

354 1832 493 1901 περὶ
528 1833 617 1884 σοῦ
648 1834 868 1906 μνήμην
900 1835 1062 1909 εἴπερ
1111 1838 1257 1904 τινὸς
1294 1840 1397 1893 οὐκ
1437 1841 1586 1895 ἔστιν
1617 1842 1769 1904 ὅπως
1826 1841 1928 1912 τῆς

359 1918 540 1990 ψυχῆς
587 1920 947 1993 έξωθήσομεν,
993 1925 1090 1978 καὶ
1134 1927 1184 1979 εἰ
1231 1927 1306 1998 μὴ
1367 1927 1435 1981 δι’
1474 1928 1684 2000 ἕτερον,
1733 1928 1822 1983 διά
1864 1945 1928 1998 γε

354 2011 455 2083 τὴν
496 2011 585 2065 τοῦ
626 2015 917 2086 νεοκλήτου
965 2018 1107 2088 πρὸς
1138 2018 1241 2089 τὴν
1272 2020 1560 2075 εὐσέϐειαν
1592 2022 1804 2087 ἔθνους,
1832 2022 1928 2076 καὶ

341 2100 446 2171 τὴν
479 2105 601 2174 περὶ
653 2104 850 2159 τούτου
886 2110 1220 2180 συνέχουσαν
1254 2112 1551 2184 μέριμναν,
1589 2115 1687 2169 καὶ
1719 2114 1817 2187 τὴν
1846 2118 1927 2179 είς

331 2194 623 2248 τελείωσιν
668 2196 874 2264 ἐξιέναι
909 2199 970 2252 τὸ
1005 2201 1097 2254 σὸν
1145 2201 1310 2274 ἔργον
1337 2203 1633 2274 ἐπιθυμίαν
1670 2205 1798 2260 ίδεῖν
1826 2206 1926 2277 τῆς

333 2283 525 2355 θεῖκῆς
574 2287 1193 2363 συνεπιλαμϐανομένης
1222 2294 1473 2359 εὐδοκίας
1519 2296 1615 2350 καὶ
1662 2299 1920 2369 συμπρά-

331 2378 493 2443 ξὲως.
549 2380 616 2432 Et
662 2380 724 2433 δ’
750 2382 832 2437 ὅτι
885 2384 961 2455 μὴ
1004 2385 1315 2457 γράμματα
1343 2387 1471 2458 ἥκει
1500 2388 1638 2461 πρὸς
1691 2391 1752 2444 σὲ
1781 2391 1927 2463 παρ’

329 2469 515 2539 ἡμῶν,
546 2472 800 2539 τοιοῦτος
822 2475 1081 2547 λογισμὸς
1108 2479 1515 2552 ἐπεισέρχεται,
1546 2482 1763 2546 πρῶτον
1781 2485 1927 2537 £st-

330 2560 389 2611 νό
446 2575 510 2611 σε
561 2561 893 2618 διανοεῖσθαι
940 2565 1084 2634 δέον,
1136 2567 1217 2621 ὅτι
1269 2569 1380 2624 τῶν
1436 2570 1772 2641 κομιζόντων
1828 2572 1928 2627 οὐκ

2032 1846 2303 1905 habemus
2334 1860 2392 1905 ut
2426 1866 2567 1922 opus
2600 1865 2754 1911 tuum
2784 1859 3121 1929 perﬁciatur,
3162 1864 3464 1937 divinoque
3500 1883 3627 1937 per-

2028 1937 2241 1996 fruatur
2295 1940 2486 1998 favore
2526 1954 2583 2001 et
2629 1950 2858 2005 auxilio.
2909 1951 2965 2007 Si
3009 1967 3176 2023 porro
3210 1954 3375 2011 nulla
3406 1973 3435 2010 a
3466 1960 3625 2014 nobis

2028 2030 2095 2085 ad
2139 2041 2193 2087 te
2224 2034 2516 2091 mittentur
2547 2038 2763 2107 litterae,
2811 2043 2951 2098 scito
2994 2047 3233 2114 primum
3264 2065 3369 2105 nos
3395 2050 3627 2106 tabella-

2028 2117 2125 2171 riis
2168 2134 2277 2175 non
2326 2123 2629 2182 abundare.
2681 2127 2741 2183 lu
2796 2131 2883 2187 his
2938 2136 3088 2189 enim
3137 2137 3376 2194 vivimus
3433 2155 3623 2196 rerum

2029 2213 2327 2280 angustiis,
2382 2224 2443 2269 ut
2491 2218 2715 2286 plurimi
2770 2222 2915 2277 inter
2957 2224 3212 2283 homines
3259 2239 3507 2286 metuant
3551 2248 3624 2287 ne

2033 2316 2136 2356 nos
2190 2304 2384 2360 obvios
2441 2306 2700 2367 habeant.
2774 2312 2981 2371 Deinde
3034 2324 3090 2372 et
3116 2318 3252 2373 illud
3303 2322 3617 2388 considera,

2030 2394 2173 2462 quod
2190 2395 2234 2450 si
2265 2396 2563 2456 scribimus
2583 2402 2637 2456 id
2664 2404 2873 2473 nonlest
2893 2407 3012 2463 sine
3032 2411 3307 2479 periculo,
3342 2429 3408 2468 ne
3433 2413 3623 2470 forsan

2032 2486 2171 2543 alios
2205 2492 2272 2543 ad
2327 2506 2566 2562 pugnam
2648 2495 2944 2556 incitantes
3027 2513 3229 2559 nostrae
3267 2520 3363 2561 eos
3428 2506 3626 2577 θυίναι-

2034 2580 2329 2651 participes
2354 2584 2669 2643 reddamus.

330 2654 822 2726 ebuopoﬁpsv.‘Ev
884 2660 1115 2735 τοιαύτῃ
1178 2663 1290 2735 γάρ
1316 2665 1486 2733 ἐσμεν
1550 2665 1906 2736 καταστάσει,
1956 2670 2099 2726 ὥστε
2163 2648 2292 2741 τούς
2341 2679 2630 2746 πλείστους
2690 2648 2811 2737 καὶγ
2843 2686 3077 2741 δεδιέναι
3134 2690 3267 2760 ἡμῖν
3327 2695 3620 2761 συναντᾷν.

336 2748 571 2803 Ἔπειτα
610 2752 1017 2823 προσενθυμοῢ,
1082 2754 1177 2808 καὶ
1206 2756 1290 2809 ὅτι
1326 2757 1438 2811 οὐδ’
1467 2759 1602 2830 ἡμῖν
1657 2760 1813 2827 ἀδεὲς
1860 2763 1922 2816 τὸ
1979 2768 2232 2836 γράφειν,
2276 2771 2489 2843 μήποτε
2531 2774 2621 2829 διὰ
2653 2777 2753 2841 τάς
2787 2780 3065 2851 ἁμαρτίας
3086 2748 3244 2852 ἡμων
3270 2786 3319 2838 οἱ
3350 2748 3623 2841 συσκεύα-

334 2840 447 2905 ζειν
501 2844 900 2916 ἀγωνιζόμενοι
924 2846 1373 2918 προσλήψωνται,
1441 2849 1518 2913 ὡς
1555 2851 1656 2904 οὐκ
1691 2852 1759 2907 ἄν
1823 2855 1986 2925 ἡμεῖς
2007 2857 2286 2930 οἰηθῶμεν
2326 2840 2621 2921 κάντεῦθεν
2648 2840 2743 2933 εἰς
2779 2840 2841 2923 τό
2862 2840 2921 2927 τί
2943 2840 3385 2943 κατεργάσασθαι
3419 2880 3619 2952 ῥοπήν.

413 2935 609 3007 ’Δρκεῖ
638 2937 837 2990 ταῦτα’
866 2939 1027 2992 τοῦτο
1076 2944 1133 2993 δὲ
1197 2946 1359 3012 μόνον
1418 2946 1780 3017 προστίθημ’
1830 2949 1924 3003 τὸν

2106 2953 2235 3010 llaec
2281 2957 2578 3014 suﬂiciunt.
2638 2961 2697 3016 Id
2759 2965 2938 3020 solum
2985 2935 3182 3024 addam
3230 2987 3244 3023 :
3292 2935 3438 3041 quod
3499 2935 3621 3044 pul~

331 3029 501 3082 καλὸν
531 3028 724 3097 ἀγῶνα
756 3032 852 3083 καὶ
892 3032 1042 3086 θείαν
1066 3033 1373 3104 ὑπηρεσίαν
1425 3036 1505 3099 είς
1538 3038 1604 3109 ἣν
1635 3040 1730 3093 καὶ
1758 3042 1924 3113 ἐκλή-

2032 3044 2226 3100 chrum
2278 3051 2571 3119 suscepisti
2643 3063 2919 3111 certamen
2991 3069 3046 3114 et
3113 3060 3360 3117 divinum
3447 3067 3622 3121 seni-

333 3121 431 3193 θης
455 3122 561 3174 ὑπὸ
581 3123 684 3193 τῆς
716 3125 941 3194 χάριτος
968 3125 1179 3197 ταύτην
1200 3128 1440 3199 δυναμού
1451 3146 1613 3199 μενος
1632 3132 1737 3185 ὑπὸ
1759 3134 1919 3201 Θεοῦ,

2027 3139 2163 3192 tium
2212 3140 2486 3207 perﬁcias,
2518 3142 2588 3196 mi
2623 3144 2723 3211 ﬁli,
2777 3150 2950 3216 gratia
3010 3150 3240 3223 Dei‘qua
3301 3166 3525 3212 vocatus
3564 3169 3620 3213 et

331 3218 527 3269 τέκνον
577 3233 683 3286 μου
758 3218 925 3288 ίερὸν,
982 3219 1256 3287 ἀγωνίζου
1320 3222 1765 3297 πληροφορῆσαι,
1828 3229 1925 3282 καὶ

334 3311 463 3380 περὶ
512 3308 676 3380 ἡμῶν
708 3308 774 3363 ἄν
836 3326 898 3362 τε
929 3311 1056 3381 ἥκει
1086 3313 1414 3384 γράμματα,
1447 3316 1514 3370 ἄν
1572 3334 1633 3371 τε
1690 3321 1784 3372 καὶ
1822 3321 1921 3393 μὴ,

333 3402 505 3473 μηδὲν
569 3402 945 3475 ὑποπτεύσῃς·
1006 3405 1134 3459 ἀλλ’
1188 3407 1281 3460 έσο
1355 3407 1451 3463 τοῦ
1492 3414 1712 3481 φρονεῖν
1750 3412 1924 3477 οὕτως

330 3496 758 3565 ἀμετάπτωτος,
802 3496 886 3551 δτι
922 3496 1087 3553 πλέον
1140 3499 1251 3554 τὼν
1291 3500 1589 3572 ὁρωμένων
1631 3506 1689 3557 έν
1722 3504 1925 3573 ὀφθαλ-

332 3591 452 3660 μοῖς
491 3587 658 3659 ήμῶν
692 3589 789 3643 καὶ
823 3590 1188 3662 μεριμνῶμεν
1225 3594 1358 3663 περὶ
1390 3593 1484 3646 σοῦ
1529 3596 1625 3648 καὶ
1646 3595 1923 3667 εὐχόμεθα

328 3682 403 3753 μὴ
455 3680 771 3735 ἐπιλείπειν
808 3700 868 3736 σε
917 3685 1021 3755 τὴν
1056 3685 1374 3753 ἀγαθοδότιν
1403 3687 1714 3755 εὐμένειαν,
1785 3688 1923 3758 μηδὲ

322 3775 423 3845 τὴν
461 3774 566 3845 σὴν
600 3773 788 3844 βιοτὴν
820 3775 916 3828 καὶ
954 3776 1024 3829 τὰ
1056 3777 1385 3848 πράγματα.
1414 3777 1553 3849 Περὶ
1580 3778 1638 3831 δὲ
1671 3779 1764 3832 τοῦ
1788 3781 1921 3834 ἀθέσ-

326 3886 471 3938 σμου
507 3870 722 3939 γάμου,
760 3870 809 3922 εί
844 3870 946 3941 μὲν
979 3864 1095 3924 οἷόν
1142 3888 1225 3937 τε,
1284 3872 1605 3943 παραινέσει
1642 3874 1737 3927 καὶ
1774 3873 1922 3927 διδα-

330 3964 526 4037 σκαλίᾳ
554 3962 722 4017 λῦσαι
749 3965 850 4037 τὴν
881 3966 1172 4035 συζυγίαν,
1220 3969 1365 4022 πᾶσα
1404 3969 1524 4040 Θεῷ
1549 3970 1733 4040 χάρις.
1765 3970 1829 4025 El
1863 3970 1924 4024 δ’

326 4060 638 4113 ἀντιϐαίνοι
670 4058 770 4113 τοῦ
811 4060 1139 4132 πράγματος
1181 4062 1214 4131 ἡ
1248 4062 1498 4133 δύναμις,
1542 4064 1681 4127 τέως
1718 4064 1920 4135 μηκέτι

325 4154 670 4223 προκόπτειν
698 4153 758 4205 τὸ
797 4155 993 4221 κακὸν,
1022 4154 1166 4226 μηδ’
1203 4155 1312 4207 ἀπὸ
1345 4154 1444 4208 τοῦ
1477 4153 1574 4209 νῦν
1602 4156 1919 4227 ἐπιτρέψειν

319 4246 603 4307 τοιούτοις
649 4245 853 4316 γάμοις
893 4244 1375 4317 καταμολύνεσθαι
1407 4246 1470 4299 τὸ
1524 4246 1705 4314 γένος.
1752 4246 1923 4301 Τοῦτο

317 4340 375 4392 δὲ
410 4338 655 4411 πράξεις
691 4341 937 4409 συνήθως
979 4340 1060 4411 τῷ
1092 4357 1154 4393 τε
1179 4341 1409 4411 ἡγεμόνι
1438 4339 1536 4393 τοῦ
1561 4340 1752 4405 ἔθνους
1785 4342 1922 4396 ὑπο·

320 4429 616 4499 τιθέμενος
661 4427 852 4501 καὶτῷ
877 4428 1057 4500 ἀνδρὶ,
1089 4423 1133 4498 ᾧ
1154 4429 1522 4500 συγχωρεῖται
1567 4427 1628 4481 τὸ
1650 4436 1921 4486 συνοικεῖν

2027 3231 2420 3288 confortandus
2434 3248 2494 3289 es
2516 3251 2532 3304 ;
2555 3236 2622 3290 de
2647 3238 2808 3294 nobis
2838 3249 3022 3297 autem
3048 3248 3496 3306 autmittentibus
3526 3251 3618 3306 lit-

2025 3332 2171 3379 teras
2218 3337 2313 3381 aut
2351 3341 2465 3381 non
2536 3329 2885 3388 mittentibus
2946 3335 3083 3390 nihil
3123 3352 3315 3406 cures;
3364 3342 3459 3396 sed
3497 3358 3618 3412 per-

2025 3431 2253 3472 suasum
2296 3418 2501 3475 habeas
2559 3431 2610 3476 te
2654 3424 3083 3491 cogitationibus
3120 3431 3259 3486 meis
3287 3446 3614 3502 praesentem

2023 3522 2168 3563 esse.
2200 3509 2451 3580 Magnam
2498 3528 2630 3569 sane
2676 3516 2744 3570 de
2793 3526 2846 3573 te
2879 3519 3307 3577 sollicitudinem
3342 3526 3615 3581 habemus

2022 3610 2081 3655 et
2114 3617 2407 3672 precamur
2433 3622 2501 3660 ne
2531 3622 2817 3676 unquama
2855 3610 3092 3666 Numine
3115 3612 3615 3673 beneficentissimo

2022 3690 2365 3759 destituaris,
2418 3695 2472 3748 in
2533 3696 2654 3750 vitae
2699 3699 2956 3769 negatiis.
3006 3699 3162 3766 Quod
3211 3706 3278 3757 ad
3324 3705 3610 3775 illegitima

2022 3784 2298 3840 connubia
2348 3788 2609 3855 pertinet,
2661 3789 2705 3844 si
2756 3790 3165 3849 hortationibus
3218 3803 3273 3849 et
3322 3800 3610 3867 praeceptis

2024 3877 2367 3933 cohabitatio
2407 3879 2548 3933 solvi
2583 3890 2788 3951 potest,
2832 3881 2944 3937 Deo
2974 3884 3276 3941 referenda:
3307 3890 3525 3957 gratiae;
3559 3891 3608 3946 si

2022 3969 2313 4026 diiiicultas
2347 3971 2651 4038 obstiterit,
2692 3973 2798 4030 hoc
2839 3976 3033 4030 saltem
3064 3977 3268 4033 emcias
3302 3993 3372 4034 ne
3400 3981 3605 4035 malum

2021 4064 2406 4132 progrediatur
2455 4074 2511 4120 et
2556 4067 2609 4121 in
2665 4076 2948 4136 posterum
3008 4069 3282 4139 ejusmodi
3333 4074 3609 4142 conjugiis

2024 4153 2279 4209 homines
2329 4155 2627 4225 procedere
2688 4173 2757 4213 ne
2806 4159 3105 4217 concedas.
3150 4160 3228 4216 ita
3280 4165 3609 4221 assentieris

2021 4247 2149 4303 duci
2206 4250 2383 4319 gentis
2435 4259 2491 4305 et
2540 4252 2660 4306 viro
2710 4251 2800 4307 cui
2852 4254 2980 4309 licet
3036 4255 3233 4310 initum
3282 4258 3609 4312 continuare

2021 4344 2415 4397 commercium
2462 4358 2572 4399 non
2626 4347 2952 4403 contraibis.
3002 4347 3131 4405 Vale
3168 4349 3224 4405 in
3250 4349 3502 4421 Domino,
3554 4360 3612 4408 et

2024 4444 2227 4489 nostra:
2252 4436 2581 4492 humilitatis
2612 4449 2909 4494 memento.

327 4524 411 4577 διὰ
442 4525 547 4596 τὴν
579 4524 685 4595 ήδη
754 4524 1039 4593 φθάσασαν
1111 4526 1357 4597 σύναψιν.
1391 4527 1644 4599 Ἐρρωσο
1668 4533 1725 4584 έν
1747 4531 1960 4603 Κυρίῳ,
2000 4531 2102 4602 τῆς
2126 4532 2287 4603 ἡμῶν
2318 4534 2672 4605 μεμνημένος
2712 4536 3102 4607 μετριότητος.

881 4730 1047 4789 ΡΛΔ’.
1088 4730 1173 4798 Τῷ
1209 4732 1391 4800 αὐτῷ.

429 4881 490 4938 'll
524 4889 808 4960 σωματικὴ
830 4891 1113 4956 διάστασις
1158 4893 1269 4947 τῶν
1323 4895 1623 4965 ἡνωμένων
1670 4896 1815 4951 κατά
1854 4898 1918 4951 τὸ

340 4980 551 5053 πνεῦμα
585 4983 742 5036 οὐδὲν
781 4984 1262 5057 ὑποτέμνεταιτὴν
1298 4987 1596 5057 ἐγγύτητα.
1645 4989 1799 5043 Ἐπεὶ
1821 4989 1915 5044 οὖν

326 5074 499 5140 οὕτως
522 5076 669 5148 ἔχει,
702 5079 897 5133 τέκνον
926 5080 1106 5151 ἡμῶν,
1139 5081 1306 5150 μηδὲν
1330 5082 1491 5149 ἀνιῶ,
1515 5081 1651 5136 διότι
1689 5083 1764 5154 μὴ
1801 5086 1916 5148 τοῖς

327 5175 672 5240 σωματικοῖς
700 5171 1002 5241 ὀφθαλμοῖς
1034 5173 1125 5226 τὸν
1157 5173 1378 5246 Πατέρα
1404 5176 1559 5246 ὁρᾷς⁹
1590 5175 1721 5229 ἀλλ’
1753 5175 1916 5239 εἰδὼς

329 5265 525 5336 μηδενὶ
559 5268 715 5336 μέσῳ
744 5265 1215 5336 διατειχιζομένην
1243 5267 1343 5336 τὴν
1384 5266 1579 5322 ἕνωσιν
1628 5268 1740 5321 τῶν
1770 5269 1913 5340 ἠνω-

326 5360 509 5430 μένων
534 5359 616 5429 τῷ
643 5360 788 5413 κατά
813 5359 1053 5429 Χριστὸν
1082 5360 1414 5431 φρονήματι,
1437 5360 1499 5413 τὸ
1534 5364 1634 5431 μὲν
1655 5362 1913 5433 ἀθυμεῖν,

321 5456 425 5525 τῆς
464 5455 525 5509 δὲ
561 5456 660 5528 σῆς
697 5456 1068 5525 εὐθυμότερον
1118 5455 1259 5523 μετὰ
1288 5456 1389 5525 τῆς
1436 5455 1706 5523 παναγίου
1739 5456 1914 5511 Πνεύ-

326 5566 498 5618 ματος
548 5549 847 5621 συνεργίας
916 5547 1144 5617 ἀντέχου
1200 5546 1496 5613 διακονίας,
1559 5548 1627 5602 δι’
1693 5543 1763 5621 ἦς
1820 5550 1917 5603 καὶ

326 5642 538 5715 σεαυτῷ
578 5644 677 5697 καὶ
709 5641 990 5712 ἡμῖντοῖς
1021 5642 1296 5702 ταπεινοῖς
1324 5639 1571 5710 μεγάλην
1589 5640 1915 5712 ἐμποιήσεις

324 5738 420 5809 τὴν
445 5738 666 5808 ἡδονὴν,
698 5737 797 5789 καὶ
825 5733 888 5787 οὐ
925 5732 1085 5801 μόνον
1116 5731 1221 5785 τῶν
1269 5733 1672 5802 συμπαρόντων
1691 5731 1913 5787 ἔλαττον

326 5832 457 5906 έχων
485 5834 847 5906 ἀναφανήσῃ,
884 5825 1028 5882 ἀλλὰ
1059 5826 1151 5881 καὶ
1175 5825 1354 5898 πολλῷ
1385 5824 1546 5881 πλέον
1566 5825 1914 5899 ψυχαγωγῶν

1949 4654 1996 4711 D

2541 4737 2828 4794 CXXXIV.
2862 4736 3072 4794 Eidem.

2088 4899 2238 4967 Quos
2278 4899 2563 4971 conjungit
2592 4899 2843 4969 spiritus,
2892 4882 3003 4953 n’on
3055 4905 3273 4967 separat
3309 4913 3602 4970 corporum

2015 4993 2295 5048 distantia.
2334 4991 2464 5047 Haec
2504 5007 2629 5046 cum
2682 4992 2757 5046 ita
2807 4991 2939 5058 sint,
2985 5004 3055 5045 ne
3105 5005 3248 5061 aegre
3297 4991 3466 5058 feras,
3521 4995 3598 5050 illi

2014 5087 2114 5153 mi,
2167 5086 2313 5156 quod
2364 5085 2752 5155 corporalibus
2784 5085 2962 5140 oculis
2991 5100 3102 5139 non
3133 5085 3322 5141 videas
3352 5084 3602 5150 Patrem:

2015 5178 2109 5232 sed
2142 5177 2284 5233 scito
2318 5176 2485 5232 nullis
2518 5176 2863 5232 intermediis
2906 5176 3188 5232 montibus
3232 5178 3498 5233 unitatem
3538 5180 3599 5233 iL

2016 5270 2197 5325 lorum
2246 5268 2587 5338 disjunctum
2646 5268 2712 5322 iri
2764 5281 2906 5337 quos
2955 5267 3262 5322 secundum
3318 5268 3599 5323 Christum

2020 5362 2236 5420 aﬂ'ectio
2261 5364 2400 5418 unit.
2437 5361 2549 5417 Nec
2580 5372 2760 5417 tamen
2792 5362 3038 5417 animum
3079 5362 3445 5434 despondeas,
3487 5362 3602 5417 imo

2020 5455 2340 5521 ferventius,
2361 5453 2601 5523 Spiritus
2637 5458 2814 5509 sanch
2853 5457 3029 5524 gratia
3061 5462 3415 5525 cooperante,
3444 5465 3597 5508 tuum

2013 5547 2316 5616 adimplcas
2376 5546 2773 5603 ministerium.
2828 5546 2904 5602 lta
2956 5547 3277 5615 tibimetipsi
3330 5553 3387 5602 et
3440 5546 3600 5600 nobis

2013 5639 2315 5695 humilibus
2344 5654 2608 5709 magnum
2640 5640 2990 5711 comparabis
3034 5640 3316 5710 gaudium,
3366 5652 3470 5694 nec
3508 5639 3597 5694 vi-

2015 5733 2233 5787 deberis
2274 5732 2543 5786 minorem
2586 5742 2777 5787 tenere
2838 5740 3054 5803 partem
3104 5744 3270 5801 quam
3324 5740 3596 5797 astantes,

2016 5825 2127 5883 imo
2159 5826 2334 5883 multo
2366 5824 2881 5899 majorem,'quippe
2902 5824 2998 5897 qui
3037 5834 3279 5882 nostram
3308 5835 3599 5883 erecturus
