4094 6410
553 269 661 332 355

1660 259 1974 324 NICOLAI
2014 258 2126 320 (ΣΡ.
2166 257 2676 319 PATRIARCHAZ

3706 252 3818 314 356

556 401 618 440 es
679 381 946 448 animam,
992 389 1048 437 et
1095 379 1379 435 beneﬂciis
1438 377 1841 433 cumulatu‘rus.
1897 373 2138 431 Profecto

2249 373 2396 444 ἡμᾶς
2423 371 2517 425 καὶ
2547 372 2927 444 χαριζόμενος,
2959 371 3052 427 καὶ
3102 371 3302 444 μᾶλλον
3360 373 3490 444 ἡμῖν
3531 370 3641 442 ﬁo!
3682 386 3819 426 συν-

555 478 732 549 magis
766 477 926 532 nobis
956 474 1289 546 coniunctus
1344 473 1458 530 eris
1497 487 1663 542 quam
1707 469 1801 540 qui
1848 468 2164 524 nobiscnm‘

553 585 654 626 800
665 575 971 624 versantur.

1093 704 1356 762 CXXXV.
1398 703 1608 760 Eidem.

627 847 786 902 Circa
818 859 908 900 res
979 857 1323 899 aerumnosas
1376 850 1431 894 et
1483 840 1745 894 molestas
1791 850 1914 906 qua:
1960 833 2137 890 nude-

555 953 777 1008 cunque
843 937 938 990 tibi
974 936 1224 997 aﬂlunnt,
1274 935 1346 986 mi
1392 932 1492 997 ﬁli,
1536 947 1647 986 non
1698 929 1894 984 litteris
1943 941 2139 982 conso-

558 1032 757 1087 landus
787 1045 868 1094 es,
899 1029 996 1084 sed
1055 1029 1101 1083 si
1130 1028 1250 1081 ﬁeri
1296 1034 1498 1096 posset,
1539 1023 1857 1079 inviscndus
1887 1037 2039 1077 esscs
2085 1028 2140 1075 et

556 1125 681 1180 viva
726 1137 858 1178 voce
904 1122 1004 1175 tibi
1042 1120 1376 1189 prarlibanda
1411 1117 1553 1172 foret
1599 1097 1929 1177 consolatio,
1972 1129 2136 1184 quam

556 1216 717 1272 nobis
744 1215 1000 1268 Christus
1037 1212 1178 1266 Deus
1207 1221 1392 1265 noster
1418 1211 1680 1280 suggerit.
1726 1210 1781 1263 Id
1843 1223 1969 1263 cum
2017 1206 2135 1261 fieri

553 1314 815 1376 nequeat,
860 1305 925 1358 ad
963 1305 1200 1358 alterum
1250 1301 1653 1364 convertimur,
1693 1308 1748 1354 et
1795 1313 1892 1368 per
1928 1298 2138 1351 litteras

553 1398 1002 1454 confabulemur.
1036 1395 1220 1449 Mnlta:
1259 1405 1411 1457 sunt,
1453 1396 1533 1448 uti
1571 1393 1789 1457 scribis,
1826 1391 2134 1446 tribulatio-

557 1504 682 1553 nes,
723 1502 982 1556 magnum
1014 1487 1284 1540 malorum
1318 1486 1559 1555 pondus,
1597 1494 1650 1538 et
1674 1499 1796 1553 quae
1829 1483 2012 1538 omnia
2043 1481 2136 1550 qui

552 1596 663 1635 non
694 1595 922 1650 peregre
946 1579 1091 1633 imus
1118 1578 1626 1648 saepeignoramusl;
1663 1579 1776 1632 haec
1801 1577 1944 1629 enim
1970 1575 2131 1642 dicis,

552 1673 654 1726 etsi
701 1673 896 1725 litterae
930 1671 998 1725 de
1043 1671 1322 1724 contrario
1371 1671 1721 1723 convincam.
1751 1667 1858 1723 Nos
1892 1668 2132 1738 quidem,

553 1765 626 1818 mi
675 1764 774 1830 lili,
829 1765 876 1817 si
915 1762 1166 1830 iudiciis,
1231 1761 1435 1831 quibus
1491 1759 1638 1815 Deus
1693 1761 2133 1830 sapientissimus

553 1857 721 1911 vitam
756 1866 1001 1912 nostram
1039 1855 1246 1925 dirigit,
1280 1869 1390 1908 non
1421 1853 1594 1907 voluit
1625 1863 1706 1917 ut,
1730 1854 2138 1922 peregrinantes

552 1947 622 2003 ad
658 1956 899 2008 exteros,
939 1929 1187 2014 ipsorum
1238 1942 1543 1998 infortunia
1577 1943 1816 2013 propriis
1847 1943 2024 1996 oculis
2059 1944 2138 1995 vi-

552 2042 846 2104 deremus,
900 2049 1143 2092 attamen
1195 2051 1300 2091 non
1352 2036 1408 2089 in
1460 2037 1664 2104 angulo
1698 2036 2003 2098 stertimus,
2043 2037 2138 2088 sed

555 2133 610 2187 in
646 2140 796 2186 certo
826 2128 1124 2183 constituti
1161 2143 1358 2183 sumus
1405 2128 1554 2191 loco,
1590 2129 1695 2183 etsi
1735 2138 1928 2182 natura
1975 2143 2137 2196 quam

557 2223 788 2278 minime
849 2222 918 2274 ad
975 2223 1380 2291 pernoscendas
1430 2237 1520 2276 res
1578 2231 1895 2275 exterorum
1954 2218 2138 2272 idonei

560 2315 784 2370 simus:
823 2314 917 2368 sed
965 2312 1069 2367 iste
1118 2312 1274 2367 locus
1305 2313 1520 2381 c0piam
1553 2311 1757 2380 prtebet
1791 2319 2006 2364 exteros
2047 2325 2140 2363 co-

553 2406 852 2479 gnoscendi
908 2419 1005 2475 per
1056 2405 1206 2458 mille
1255 2406 1699 2473 peregrinantes,
1757 2403 1852 2471 qui
1910 2402 2142 2470 singulis

554 2499 752 2554 diebus
779 2498 1067 2552 nobiscum
1113 2503 1534 2550 conversantur.
1573 2491 1746 2561 Hujus
1784 2492 1863 2546 rei
1903 2493 2140 2546 mentio-

557 2606 682 2645 nem
719 2588 976 2655 fecimus,
1036 2601 1106 2642 ne
1156 2595 1316 2657 putes
1364 2583 1746 2640 tribulationes
1799 2593 1925 2639 tuas
1981 2583 2140 2639 nobis

556 2684 773 2753 ignotas
800 2695 946 2738 esse.

628 2774 810 2830 Hocce
851 2773 949 2829 tibi
995 2771 1240 2829 secundo
1288 2770 1640 2833 mandamus,
1676 2770 1824 2838 quod
1858 2767 2140 2840 principa-

564 2873 680 2920 tum
715 2873 870 2919 tnum
918 2863 1062 2918 haud
1108 2863 1489 2931 ignoravimus
1521 2870 1578 2915 et
1601 2862 1750 2931 quod
1781 2858 2144 2928 intelligentia

552 2971 646 3014 tua
677 2973 787 3010 non
813 2956 881 3011 ad
917 2955 1128 3018 luxum,
1161 2969 1267 3010 non
1285 2953 1354 3008 ad
1378 2953 1627 3017 delicias,
1657 2967 1767 3007 non
1801 2951 1869 3006 ad
1906 2951 2142 3004 munda-

2245 462 2562 536 ομιλοῦντες
2592 463 2713 518 ἐνού
2721 481 2902 534 μενος.

2775 693 2952 752 PAE'.
2992 693 3074 761 Τῷ
3107 693 3289 760 αὐτῷ.

2314 829 2436 886 Ἐπὶ
2465 832 2582 896 τοῖς
2616 831 3065 902 περιισταμένοις
3096 848 3154 884 σε
3180 829 3443 902 λυπηροῖς
3474 829 3568 883 καὶ
3610 833 3674 901 τῇ
3727 846 3830 882 συο

2245 927 2372 994 νοχῇ
2391 925 2500 977 τῶν
2522 924 2786 993 ἀνιαρῶν,
2812 926 3002 976 τέκνον
3018 926 3050 992 ἡ
3061 922 3178 993 μῶν
3200 924 3365 994 ἱερὸν,
3407 923 3527 992 οὐχὶ
3559 922 3830 994 γράμμα-

2245 1030 2329 1068 σιν
2362 1015 2470 1068 ἔδει
2493 1013 2857 1084 παρακαλεῖν,
2908 1013 3100 1084 ἀλλ’ἢ
3144 1013 3262 1076 πῶς
3292 1009 3408 1066 οἶόν
3445 1029 3506 1066 τε
3549 1008 3617 1082 ἦν
3671 1013 3831 1082 ἡμᾶς

2243 1107 2440 1168 αὐτοὺς
2479 1109 2753 1176 παρεῖναι,
2784 1105 2880 1159 καὶ
2943 1104 3042 1175 τὴν
3082 1105 3138 1172 ἐξ
3180 1104 3386 1168 οἰκείας
3417 1104 3667 1175 γλώσσης
3698 1107 3831 1158 ὅσον

2244 1201 2475 1268 παρεῖχε
2495 1200 2730 1270 Χριστὸς
2759 1201 2787 1251 ὁ
2804 1199 2936 1260 Θεὸς
2956 1198 3116 1268 ήμῶν
3129 1197 3430 1268 προσάγειν
3451 1197 3828 1267 παράκλησιν.

2256 1288 2406 1343 Ἀλλ’
2439 1289 2562 1342 ἐπεὶ
2593 1290 2751 1342 τοῦτο
2773 1290 3072 1360 ἀμήχανον,
3099 1291 3192 1341 ἐπί
3215 1289 3271 1341 τὸ
3289 1289 3549 1358 δεύτερον
3583 1288 3824 1359 ἥκομεν,

2244 1383 2341 1435 καὶ
2365 1382 2445 1454 τῷ
2465 1383 2758 1452 γράμματί
2794 1401 2875 1436 σοι
2925 1382 3391 1454 προσομιλοῦμεν.
3442 1381 3663 1446 Πολλαὶ,
3689 1398 3715 1447 γ
3727 1383 3835 1452 ρί-

2244 1491 2386 1544 φεις,
2419 1477 2474 1528 αἱ
2515 1475 2743 1545 θλίψεις,
2776 1475 2872 1528 καὶ
2904 1473 3015 1527 τῶν
3051 1473 3297 1544 κακῶνή
3339 1473 3559 1544 συνοχὴ,
3590 1473 3685 1525 καὶ
3702 1473 3834 1527 ἐπεὶ

2243 1566 2462 1636 ἄπειροι
2532 1567 2799 1630 ξενιτείας
2860 1566 3045 1636 ἡμεῖς,
3100 1564 3354 1618 λανθάνει
3391 1564 3490 1636 τὴν
3547 1563 3832 1635 ἡμετέραν

2245 1659 2470 1730 εἴδησιν.
2511 1657 2682 1711 Τοῦτο
2709 1659 2818 1729 γὰρ
2851 1658 3008 1728 ἔφης,
3035 1659 3084 1710 εἰ
3119 1658 3212 1710 καὶ
3260 1658 3321 1709 τὸ
3345 1657 3584 1726 γράμμα
3610 1657 3830 1726 τρανῶς

2242 1752 2619 1806 ὑπεστείλατο.
2663 1752 2856 1820 Ἢμεῖς
2899 1751 2976 1815 δὲ,
3010 1752 3201 1806 τέκνον
3238 1751 3416 1822 ἡμῶν,
3464 1751 3513 1802 εί
3548 1749 3644 1804 καὶ¹
3697 1749 3827 1820 κρί⁹

2244 1863 2426 1913 μασιν,
2457 1840 2536 1906 οἷς
2583 1840 3074 1914 οἷδενόπὰνσοφος
3129 1844 3228 1912 τῆς
3279 1842 3420 1912 ζωῆς
3468 1843 3624 1914 ήμῶν
3664 1845 3830 1896 Οἰκο-

2241 1940 2422 2008 νόμος,
2477 1936 2544 1990 τὰ
2597 1938 2707 1988 τῶν
2737 1936 3118 2000 ξενιτευόντων
3160 1936 3266 2006 ἰδίᾳ
3319 1937 3419 1989 οὐκ
3463 1937 3826 2007 ἐδιδάχθημεν

2242 2031 2496 2102 ξενιτείᾳ,
2555 2031 2707 2100 ὅμως
2745 2030 2844 2082 οὐκ
2893 2031 3063 2099 ἐσμὲν
3111 2031 3169 2082 ἐν
3221 2030 3394 2100 γωνίᾳ
3440 2031 3816 2098 καθεύδοντες,

2241 2121 2378 2174 ἀλλὰ
2415 2119 2710 2190 ταχθέντες
2739 2114 2819 2182 οἷς
2844 2121 3178 2190 ἐτάχθημεν,
3206 2123 3252 2174 εἰ
3286 2121 3381 2174 καὶ
3436 2123 3658 2176 πάντων
3678 2119 3817 2194 ἦμεν

2241 2213 2406 2284 τυχὸν
2439 2213 2772 2282 ἀφυέστατοι
2823 2213 2958 2282 πρὸς
2992 2213 3054 2266 τὸ
3089 2213 3281 2284 μαθεῖν
3310 2215 3377 2268 τὰ
3430 2215 3539 2268 τῶν
3583 2215 3822 2279 ξενιτεύ-

2241 2306 2430 2358 ὀντων·
2459 2305 2586 2359 ἀλλ’
2619 2304 2825 2376 ὴτὰξις
2845 2308 2911 2376 ἢν
2943 2305 3212 2375 ἐλάχομεν
3237 2307 3476 2377 παρέσχε
3500 2306 3598 2380 τὴν
3620 2306 3825 2376 γνῶσιν

2243 2399 2341 2468 τῆς
2383 2396 2648 2461 ξενιτείας
2684 2401 2898 2468 μυρίων
2955 2398 3092 2450 καθ’
3146 2399 3386 2470 ἑκάστην
3427 2399 3828 2470 προσομιλούν-

2241 2508 2372 2554 των,
2393 2492 2550 2552 ὅσους
2583 2493 2612 2559 ἡ
2644 2491 2709 2542 ὲκ
2738 2490 2939 2560 ταύτης
2967 2490 3178 2561 συνέχει
3218 2493 3583 2562 ταλαιπωρία.
3616 2491 3825 2546 Τούτου

2245 2583 2510 2654 πρότερον
2545 2581 2901 2653 ἐμνήσθημεν
2932 2583 3020 2636 ἵνα
3060 2585 3190 2647 τοὺς
3235 2584 3426 2653 λόγους
3487 2584 3823 2657 ἀπορῤίψῃς,

2241 2675 2318 2738 ὡς
2349 2673 2652 2744 ἀγνοοῦμεν
2673 2674 2774 2736 τὰς
2814 2673 3326 2745 περιστοιχιζούσας
3357 2693 3416 2727 σε
3450 2675 3682 2746 θλίψεις.

2315 2767 2577 2836 Δεύτερον
2602 2767 2660 2819 δὲ
2700 2766 2862 2820 τοῦτό
2892 2784 2974 2821 σοι
3000 2767 3305 2839 γράφομεν,
3337 2770 3419 2822 ὅτι
3444 2787 3548 2840 περ
3579 2769 3702 2822 οὐδὲ
3731 2768 3830 2840 τὴν

2249 2860 2432 2931 ἀρχὴν
2468 2859 2724 2930 ἠγνόουν,
2761 2861 2836 2923 ὡς
2851 2860 2952 2912 οὐκ
2983 2862 3064 2923 είς
3105 2860 3310 2926 ἄνεσιν,
3345 2861 3454 2915 οὐδ’
3501 2862 3582 2924 εις
3613 2863 3830 2933 τρυφὴν

2248 2958 2342 3008 καὶ
2365 2953 2638 3023 κοσμικὴν
2663 2969 2788 3007 τινα
2816 2951 2976 3018 δόξαν
2997 2968 3056 3004 τε
3086 2953 3179 3005 καὶ
3202 2953 3370 3022 τιμὴν
3390 2954 3423 3022 η
3454 2953 3520 3024 σὴ
3545 2954 3833 3008 στέλλεται

554 3067 680 3108 nam
729 3050 982 3120 gloriam,
1037 3061 1219 3116 neque
1273 3047 1341 3099 ad
1387 3060 1559 3100 vanos
1590 3045 1830 3099 honores
1881 3042 2133 3106 intendit,

2249 3046 2486 3110 σύνεσις,
2522 3044 2638 3098 ἀλλ’
2670 3045 2750 3106 εἰς
2785 3043 2980 3106 πόνους
3041 3043 3138 3096 καὶ
3182 3045 3464 3114 καμάτους
3502 3047 3596 3099 καὶ
3643 3064 3836 3100 στενο-

558 3157 748 3198 verum
791 3142 858 3196 ad
895 3140 1134 3204 labores,
1170 3138 1238 3194 ad
1268 3138 1523 3202 sudores,
1565 3136 1636 3190 ad
1670 3135 2137 3205 ipsasangustias.

561 3234 687 3290 Haec
739 3241 948 3296 autem,
1007 3246 1114 3286 non
1168 3230 1328 3299 quasi
1375 3229 1581 3285 oblitus
1639 3242 1815 3289 esses.
1863 3227 1960 3280 tibi
2012 3233 2142 3280 ante

560 3323 975 3393 impositionem
1010 3337 1204 3378 manus
1240 3329 1441 3376 nostra:
1491 3319 1716 3374 humilis
1749 3318 2137 3387 prmdiximus:

555 3427 610 3472 tu
643 3425 822 3470 autem
853 3413 1135 3486 professus
1183 3429 1265 3480 es,
1301 3414 1488 3468 divino
1540 3427 1666 3467 cum
1701 3411 1930 3475 auxilio,
1977 3425 2141 3464 omne

555 3510 931 3575 obstaculum,
967 3523 1132 3563 omne
1175 3507 1480 3578 periculum
1526 3521 1558 3560 a
1595 3515 1649 3561 te
1697 3521 1795 3560 ceu
1823 3519 1923 3574 pro
1969 3503 2142 3558 nihilo

557 3610 872 3672 rcputatum
927 3604 1029 3667 iri;
1079 3610 1137 3657 et
1205 3600 1288 3656 sic
1340 3601 1440 3654 tibi
1495 3599 1853 3670 peccatricem
1916 3612 2138 3651 manum

556 3705 804 3752 nostram
851 3693 1241 3766 imposuimus,
1295 3701 1370 3757 et,
1400 3691 1638 3761 Spiritus
1691 3690 1870 3744 sancti
1903 3689 2137 3752 virtute,

555 3797 614 3843 te
667 3788 954 3858 posuimus
1011 3785 1439 3841 illuminatorem
1503 3785 1558 3837 in
1638 3782 1876 3853 mystico
1924 3781 2141 3850 porticu

553 3881 818 3950 verbique
848 3880 974 3935 vitae
1025 3879 1444 3947 sospitatorem.
1498 3876 1624 3932 Haec
1673 3887 1854 3930 autem
1897 3889 2144 3930 comme-

555 3989 838 4030 moramus
902 3986 1016 4028 non
1079 3973 1240 4042 quasi
1309 3971 1747 4026 condemnantes
1807 3983 1987 4037 neque
2041 3966 2142 4021 tibi

552 4066 762 4121 dolenti
792 4080 902 4122 non
946 4065 1328 4127 condolentes,
1361 4062 1458 4117 sed
1505 4062 1744 4116 scientes
1776 4061 2140 4130 principatum

555 4159 787 4213 libenter
828 4174 860 4212 a
904 4165 957 4212 te
993 4167 1312 4227 susceptum
1343 4155 1510 4210 fuisse
1559 4164 1782 4224 propter
1830 4153 2050 4222 pietatis
2091 4161 2144 4207 et

556 4250 836 4320 Evangelii
872 4250 1157 4320 pericula;
1189 4249 1287 4304 sed
1321 4249 1375 4302 in
1430 4248 1685 4316 praesenti
1736 4262 1959 4315 quoque
2017 4255 2132 4299 tum

557 4342 909 4412 prosequeris
976 4341 1364 4412 pr0positum,
1444 4341 1573 4396 licet
1632 4339 1817 4394 carnis
1867 4338 2140 4407 fragilitas

2242 3136 2472 3208 χωρίας.
2539 3135 2647 3186 Καὶ
2682 3134 2857 3188 ταῦτά
2888 3151 2970 3186 σοι
3002 3133 3108 3205 πρὸ
3134 3136 3233 3205 τῆς
3264 3137 3563 3200 ἐπιθέσεως
3594 3141 3694 3208 τῆς
3730 3157 3838 3194 τα-

2242 3232 2438 3302 πεινῆς
2469 3231 2626 3302 ήμῶν
2679 3230 2861 3299 χειρὸς
2918 3227 3182 3299 οῦμενουν
3207 3232 3307 3285 ούκ
3353 3233 3688 3304 ἐπιλέλησαι,
3754 3236 3834 3300 ὠς

2243 3327 2586 3395 προέφημεν,
2616 3322 2738 3374 οὐδ’
2777 3323 2856 3376 ὅτι
2891 3322 2984 3376 σοῦ
3031 3325 3214 3377 πᾶσαν
3269 3326 3367 3379 σὺν
3401 3328 3469 3396 τῇ
3503 3326 3709 3380 ἄνωθεν
3731 3330 3832 3382 εὖ-

2247 3417 2436 3486 μενεία
2490 3415 2759 3485 σαρκικὴν
2817 3414 3135 3468 ἐναντίωσιν
3192 3416 3286 3468 καὶ
3338 3419 3519 3470 πάντα
3580 3418 3833 3474 κίνδυνον

2243 3529 2356 3583 παρ
2374 3512 2387 3534 ’
2408 3511 2560 3564 οὐδὲν
2577 3510 2819 3564 τίθεσθαι
2839 3511 3314 3580 ἀνομολογοῦντος,
3348 3513 3492 3566 οὕτω
3530 3514 3624 3586 τὴν
3651 3516 3835 3588 ἁμαρ.

2241 3605 2410 3658 τωλὺν
2447 3602 2864 3674 ἐπιτεθείκαμεν
2887 3606 3066 3674 χεῖρα,
3090 3607 3185 3657 καὶ
3229 3607 3498 3676 φωστῆρα
3515 3603 3669 3676 λόγον
3699 3611 3835 3661 ἐπέ-

2241 3714 2400 3767 χοντα
2433 3696 2574 3764 ζωῆς
2602 3697 2659 3748 ἐν
2689 3699 2754 3766 τῇ
2793 3698 3027 3766 μυστικῇ
3061 3696 3291 3750 παστάδι
3314 3699 3380 3768 τῇ
3428 3698 3523 3750 τοῦ
3548 3703 3824 3767 παναγίευ

2245 3786 2568 3857 Πνεύματος
2601 3787 3028 3857 προὸεόλήμεθα
3060 3787 3340 3859 συνεργίᾳ.
3377 3790 3485 3842 Καὶ
3520 3789 3692 3844 ταῦτα
3714 3807 3825 3858 φα-

2247 3881 2344 3951 μὲν
2394 3880 2456 3932 ού
2490 3880 3022 3948 καταγινώσκοντες,
3054 3880 3166 3933 οὐδ’
3201 3880 3278 3944 ὡς
3303 3882 3378 3951 μὴ
3430 3883 3830 3953 συναλγοῦντες

2243 3972 2328 4041 ἐφ’
2354 3969 2437 4035 οἷς
2465 3971 2673 4040 ἀλγεῖς,
2707 3971 2822 4025 ἀλλ’
2853 3971 3057 4035 ειδότες
3086 3973 3169 4026 ὅτι
3211 3975 3301 4026 καὶ
3343 3974 3442 4044 τὴν
3480 3975 3653 4045 ἀρχὴν
3685 3978 3832 4044 πρό-

2242 4064 2415 4134 θυμος
2445 4063 2633 4130 ἐγένου
2665 4065 2744 4126 εις
2783 4063 2909 4126 τοὺς
2945 4063 3085 4133 ὑπὲρ
3118 4064 3216 4134 τῆς
3239 4064 3524 4130 εὐσεϐείας
3574 4068 3667 4119 καὶ
3722 4067 3829 4121 τοῦ

2241 4155 2562 4223 εὐαγγελίου
2591 4155 2914 4219 κινδύνους,
2947 4156 3043 4209 καὶ
3070 4155 3168 4209 νῦν
3191 4156 3343 4209 οὐδὲν
3373 4157 3593 4210 ἔλαττον
3627 4156 3835 4224 σώζεις

2241 4248 2305 4302 τὸ
2340 4249 2642 4320 πρόθυμον,
2667 4249 2715 4300 εί
2735 4249 2832 4301 καὶ
2867 4252 2968 4319 τῆς
3015 4249 3218 4319 σαρκὸς
3250 4251 3534 4320 ἐλέγχεται
3577 4251 3610 4322 ἠ
3663 4251 3835 4304 ἀσθέ-

2244 4357 2386 4395 νεια.
2422 4342 2533 4392 Καὶ
2561 4339 2876 4409 θαυμαστὸν
2906 4339 3060 4392 οὐδέν
3087 4355 3104 4372 ο
3165 4341 3329 4404 αὐτὸς
3383 4343 3492 4411 γὰρ
3552 4343 3580 4393 ὁ
3618 4341 3837 4410 Κύριος

557 4437 1018 4504 deprehendatur.
1046 4434 1159 4490 Nec
1191 4436 1388 4490 mirum
1415 4455 1428 4490 :
1455 4435 1717 4489 Dominus
1746 4434 1892 4487 enim
1923 4443 2129 4499 noster,

2241 4435 2394 4505 ἡμῶν
2449 4437 2482 4504 ἡ
2534 4433 2630 4486 τοῦ
2687 4433 2825 4485 Θεοῦ
2883 4432 2977 4485 καὶ
3037 4432 3250 4504 Πατρὸς
3287 4434 3535 4502 δύναμις,
3562 4432 3716 4492 ειδὼς
3755 4435 3836 4504 ἢν

559 4528 732 4582 virtus
763 4528 859 4582 Dei
894 4539 947 4582 et
978 4527 1179 4593 Patris,
1220 4543 1386 4597 quam
1413 4527 1574 4582 ﬁnxit
1607 4536 1857 4584 naturam
1901 4527 2052 4581 novit
2077 4535 2134 4582 et

555 4619 672 4674 suis
701 4617 989 4690 discipulis
1023 4621 1162 4675 dixit
1194 4638 1208 4674 :
1243 4639 1261 4672 ι
1299 4621 1540 4690 Spiritus
1573 4619 1792 4689 quidem
1825 4629 2132 4690 promptus,

554 4725 684 4766 caro
739 4722 919 4766 autem
991 4713 1323 4769 inlirma‘.»
1393 4712 1524 4778 Quae
1582 4712 1830 4782 profecto
1891 4729 2000 4767 non
2067 4713 2133 4767 ad

555 4801 966 4856 damnationem
999 4803 1144 4856 dicta
1187 4815 1318 4856 sunt
1346 4803 1440 4857 sed
1471 4813 1530 4856 ut
1551 4803 1668 4872 ipse
1719 4804 2007 4859 resciveris
2037 4818 2135 4858 nos

555 4909 658 4949 nec
692 4895 960 4962 propositi
1000 4895 1177 4949 nostri
1221 4910 1402 4964 neque
1453 4895 1532 4950 tui
1569 4895 1768 4950 oblitos
1799 4895 1994 4950 fuisse.
2027 4894 2132 4962 Qui

555 4987 764 5040 semina
799 4999 922 5049 sua,
959 4984 1034 5039 mi
1073 4986 1170 5051 liii,
1203 5001 1337 5056 agro
1380 4987 1756 5051 committunt,
1790 4987 2048 5042 laborant
2079 4995 2137 5042 et

554 5092 780 5131 vomere
833 5093 980 5148 saepe
1034 5078 1234 5149 sapius
1287 5081 1466 5136 solum
1508 5080 1860 5146 discindunt;
1915 5081 2136 5142 labores

557 5176 741 5222 autem
777 5178 834 5224 et
877 5171 1116 5226 vomeris
1170 5172 1310 5228 ictus
1352 5181 1630 5228 sustentat
1681 5173 1876 5228 messis
1916 5183 1972 5226 et
2019 5172 2135 5226 fru-

558 5270 749 5316 ctuum
811 5263 1189 5332 exspectatio;
1257 5267 1422 5320 morti
1449 5267 1786 5336 quandoque
1850 5265 2140 5338 ditissima

554 5351 917 5419 objiciuntur,
957 5355 1052 5424 qui
1079 5354 1214 5412 freta
1266 5365 1649 5424 transuatant;
1725 5365 1811 5410 ast
1851 5372 1952 5426 spe
1999 5356 2137 5411 lucri

553 5441 737 5496 omnia
787 5442 954 5497 maris
987 5443 1229 5510 pericula
1285 5461 1317 5500 e
1363 5445 1628 5502 memoria
1659 5453 1716 5502 et
1757 5453 1886 5514 post
1925 5453 2136 5515 tergum

554 5533 840 5603 abjiciunt.

641 5710 656 5740 ⁸
686 5711 875 5770 Matth.
911 5733 1056 5786 utr,
1087 5717 1175 5776 41.

2229 4525 2433 4579 ἔπλασε
2465 4525 2654 4594 φύσιν,
2686 4524 2840 4593 ἔλεγε
2870 4527 2984 4588 τοῖς
3018 4525 3311 4596 μαθηταῖς·
3345 4526 3418 4579 Τὸ
3451 4526 3553 4596 μὲν
3601 4525 3834 4596 πνεῦμα

2231 4619 2533 4690 πρόθυμον,
2573 4620 2606 4687 ἡ
2635 4618 2692 4670 δέ
2733 4617 2878 4688 σὰρξ
2913 4617 3169 4688 ἀσθενής.
3210 4619 3323 4670 Οὐκ
3358 4617 3574 4688 εἴρηται
3599 4614 3691 4671 οὖν
3752 4622 3834 4675 τὰ

2232 4711 2638 4783 προειρημένα,
2672 4709 2748 4779 μὴ
2797 4712 3030 4778 γένοιτο,
3064 4711 3146 4772 εἰς
3198 4711 3564 4778 κατάγνωσιν,
3608 4711 3722 4764 ἀλλ’
3750 4713 3832 4766 ἵν’

2236 4803 2366 4874 ἔχῃς
2413 4802 2614 4853 εἰδέναι
2667 4801 2742 4865 ὡς
2791 4799 2915 4853 οὔτε
2951 4801 3044 4853 τοῦ
3102 4803 3372 4871 ἡμετέρου
3407 4802 3632 4865 σκοποῦ,
3693 4801 3831 4857 οὔτε

2236 4895 2336 4964 τῆς
2368 4894 2467 4962 σῆς
2496 4892 2904 4962 ἐπιλελήσμεθα
2932 4895 3326 4964 προαιρέσεως.
3353 4894 3603 4959 Πονοῦσι,
3630 4899 3831 4950 τέκνον

2236 4989 2418 5057 ἡμῶν,
2479 4987 2572 5040 καὶ
2619 4988 2922 5057 πήγνυνται
2963 4986 3227 5048 πολλάκις
3292 4986 3370 5055 τῷ
3419 4989 3631 5057 κρυμῴε
3668 4988 3715 5038 οἱ
3750 4989 3829 5042 τὰ

2239 5078 2532 5149 σπέρματα
2569 5081 2634 5149 τῇ
2670 5081 2740 5150 γῇ
2770 5078 3227 5144 καταϐάλλοντες,
3251 5079 3387 5134 ἀλλὰ
3415 5083 3509 5134 καὶ
3537 5081 3628 5133 τὸν
3654 5080 3828 5135 πόνον

2238 5173 2336 5226 καὶ
2387 5173 2487 5243 τὴν
2550 5173 2615 5225 ἐκ
2643 5172 2740 5226 τοῦ
2796 5173 3012 5244 κρυμοῦ
3069 5173 3235 5241 πῆξιν
3285 5176 3318 5245 η
3365 5173 3666 5242 προσδοκία
3714 5174 3828 5243 τῆς

2239 5265 2578 5334 συγκομιδῆς
2627 5266 2893 5337 ύπανίησι
2925 5266 3053 5334 τῶν,
3074 5267 3323 5336 καρπῶν.
3367 5267 3823 5336 Παρασὰλλονται

2238 5358 2374 5428 πρὸς
2407 5357 2671 5422 θανάτους
2711 5360 2807 5414 καὶ
2849 5362 2969 5412 τότε
3001 5361 3426 5430 χαλεπωτάτους
3467 5362 3516 5414 oi
3539 5361 3822 5414 διαπλέον-

2236 5466 2326 5512 τες
2352 5449 2422 5500 τὰ
2478 5448 2712 5519 πελάγη,
2753 5449 2891 5503 ἀλλὰ
2921 5452 2987 5520 τῇ
3017 5451 3193 5504 ἐλπίδι
3231 5449 3326 5503 τοῦ
3363 5451 3589 5522 κέρδους
3637 5450 3816 5504 ὀπίσω

2239 5541 2489 5611 ῥίπτουσι
2540 5542 2762 5613 μνήμης
2795 5543 2916 5606 τοὺς
2941 5545 3006 5596 ἐκ
3043 5543 3143 5614 τῆς
3181 5542 3463 5614 θαλάσσης
3506 5543 3812 5607 κινδύνους.
