4094 6414
439 256 544 320 357

1905 249 2317 313 EPISTULA.

3602 266 3709 334 358

511 371 627 424 Οὐκ
654 364 726 441 ἦν
753 367 901 431 είκὺς
919 367 1095 422 ταῦτα
1121 367 1546 441 γράφεινὴμᾶς·
1561 369 1684 442 θείᾳ
1712 367 1824 440 γὰρ
1839 369 1990 441 χάρις

2092 399 2102 432 ι
2198 366 2320 423 Non
2362 368 2591 426 decebat
2625 387 2726 430 nos
2765 374 2880 430 hac
2907 372 3176 443 scribere,
3213 377 3361 449 quod
3389 380 3565 449 gratia
3613 383 3712 442 De:

433 463 720 518 διδάσκειν
765 462 1134 528 κατασταθεὶς
1187 462 1432 534 ἐτέρους,
1463 461 1561 515 καὶ⁵
1602 460 1838 532 μάλιστα
1897 479 2025 516 παι-

432 557 592 612 δύθεν
621 557 891 617 τοιούτοις
939 554 1264 625 διδάγμασιν
1316 554 1775 625 ἐντεθραμμένος,
1805 553 1906 608 οὐκ
1962 554 2022 606 ἐν

427 647 597 720 χρείᾳ
624 645 833 700 τούτων
861 644 1207 714 καθέστηκας
1234 644 1502 714 ἑτέρωθεν
1524 644 1838 700 ἐπακούειν.
1868 642 2023 697 Ἀλλ’

427 740 524 793 ἵνα
553 739 630 809 μὴ
670 737 919 806 δόξωμεν
950 736 1144 806 ὥσπερ
1170 735 1418 805 ἀκίνητοι
1451 734 1588 806 πρὸς
1621 734 1690 789 τὰ
1715 734 2019 805 γραφέντα,

423 833 527 884 καὶ
562 834 742 885 ταῦτα
785 829 1120 901 γέγραπται,
1168 829 1266 883 καὶ
1301 829 1460 898 ὀλίγα
1515 830 1596 882 ἔτι
1647 828 2019 899 προστεθήσε-

420 946 542 982 ται.
559 923 898 994 Ἀπόδλεψον
921 922 1058 995 πρὸς
1081 922 1208 986 τοὺς
1242 921 1549 992 μακαρίους
1569 921 1662 975 τοῦ
1681 919 2017 990 Εὐαγγελίου

424 1024 708 1093 κήρυκας,
749 1015 824 1074 ὢν
857 1019 922 1072 σὺ
961 1016 1306 1088 κατηξιώθης
1331 1015 1412 1086 τῷ
1443 1015 1734 1085 καταλόγῳ
1762 1013 2020 1086 συναριθ-

422 1116 697 1187 μηθῆναι,
770 1114 871 1166 καὶ
919 1111 988 1165 τὰ
1054 1109 1277 1163 ἐκείνων
1333 1109 1482 1180 πάθη
1545 1109 1642 1162 καὶ
1702 1109 1830 1172 τοὺς
1879 1107 2017 1164 καθ’

417 1213 646 1280 ἡμέραν
692 1206 960 1268 θανάτους
1011 1204 1106 1257 καὶ
1171 1203 1269 1274 τὴν
1329 1204 1507 1273 χαρὰν
1550 1201 1619 1274 ἢν
1669 1201 1762 1255 ἐπὶ
1802 1200 2017 1265 τούτοις

419 1307 673 1377 ἔχαιρον,
706 1303 804 1356 καὶ
831 1301 1100 1356 κατάλιπε
1139 1298 1202 1352 τὸ
1233 1298 1458 1368 θρηνεῖν
1512 1296 1608 1350 καὶ
1658 1295 1721 1349 τὸ
1759 1295 2010 1363 ἀθυμεῖν,

416 1401 553 1454 διότι
581 1398 660 1470 μὴ
675 1397 747 1450 τά
781 1395 1103 1466 ἀνθρώπινα
1127 1393 1428 1463 πράγματα
1449 1389 1590 1444 κατὰ
1612 1387 1740 1459 ροὖν
1755 1388 1893 1459 ἡμῖν
1916 1385 2014 1455 φέ-

419 1509 601 1564 ρεται.
653 1488 1049 1560 Ἐνθυμήθητι,
1079 1485 1278 1558 μᾶλλον
1323 1484 1384 1538 δέ
1417 1485 1501 1538 ἀεὶ
1531 1483 1694 1536 τοῦτο
1729 1480 1894 1551 φέρον
1925 1479 2013 1532 ἐν-

417 1584 640 1656 θύμιον,
674 1582 752 1645 ὡς
777 1581 940 1654 χάρις
967 1578 1087 1634 ἐστὶ
1123 1579 1216 1632 καὶ
1241 1577 1365 1648 φιλο
1388 1575 1547 1646 τιμία
1571 1573 1778 1629 ἄνωθεν
1815 1571 1876 1624 τὸ
1901 1570 2010 1626 πά-

2125 461 2338 531 positus
2392 461 2472 519 sis
2516 464 2583 519 ad
2629 465 2768 521 alios
2801 466 3136 532 edocendos,
3165 478 3222 523 et
3253 473 3398 540 quod
3444 474 3516 527 ab
3550 473 3708 532 incu-

2127 547 2328 605 nabilis
2373 551 2617 608 nutritus
2676 556 2755 609 sis
2785 555 3370 624 ejusmodidoctrinis,
3413 575 3551 630 opus
3602 563 3704 619 tibi

2125 653 2234 694 non
2274 639 2380 696 fuit
2410 642 2607 700 alienis
2640 644 3010 702 documentis.
3040 646 3430 705 Verumtamen
3463 667 3530 706 ne
3559 655 3702 710 tardi

2123 732 2408 788 videamur
2469 736 2536 790 ad
2612 739 2966 793 scribendum
3032 742 3320 809 praesentia
3377 745 3702 814 scripsimus

2122 826 2400 882 modicum
2447 829 2579 897 quid
2615 831 2880 886 addituri.
2904 831 2985 886 Ad
3027 831 3380 889 beatissimos
3419 834 3701 906 Evangelii

2121 934 2406 989 praecones
2429 922 2719 992 respicias,
2742 938 2976 994 quorum
2997 925 3248 996 catalogo
3267 927 3616 984 adnumerari
3643 939 3702 984 tu

2121 1012 2378 1082 dignatus
2399 1029 2459 1069 es
2487 1033 2501 1068 :
2529 1015 2756 1069 illorum
2795 1018 3057 1088 martyria
3089 1027 3144 1072 et
3178 1029 3384 1074 mortes
3423 1023 3699 1086 quotidia-

2118 1120 2221 1160 nas
2249 1106 2574 1162 consideres
2595 1114 2650 1161 et
2689 1109 2950 1178 gaudium
2993 1125 3104 1178 quo
3137 1110 3279 1165 inter
3315 1112 3536 1168 dolores
3566 1114 3698 1170 elati

2117 1201 2281 1259 sunt;
2310 1194 2506 1250 deinde
2557 1211 2589 1250 a
2622 1196 3112 1255 lamentationibus
3163 1213 3217 1256 et
3251 1201 3320 1256 ab
3360 1203 3548 1258 animo
3596 1205 3694 1259 de—

2115 1295 2370 1356 sperante
2420 1303 2715 1360 assurgas,
2769 1292 2816 1346 si
2863 1291 3000 1347 forte
3032 1293 3268 1348 humana
3321 1296 3536 1365 negotia
3583 1311 3694 1352 non

2113 1381 2358 1436 secundo
2395 1380 2621 1438 ﬂumine
2685 1387 3002 1455 procedant.
3053 1385 3256 1442 Tecum
3293 1399 3535 1456 reputes,
3591 1404 3690 1445 seu

2109 1473 2298 1542 potius
2324 1473 2379 1527 in
2415 1475 2584 1530 corde
2619 1485 2714 1530 tuo
2763 1492 2982 1548 semper
3015 1480 3265 1537 revolvas
3299 1481 3535 1550 gratiam
3564 1495 3688 1535 esse

2109 1573 2164 1618 et
2194 1579 2494 1635 supernum
2529 1567 2773 1623 favorem
2808 1571 2856 1625 si
2883 1573 3008 1640 quis
3041 1587 3140 1641 pro
3167 1571 3392 1628 Christo
3425 1574 3686 1641 patiatur.

422 1651 574 1749 σχειν
587 1676 729 1746 ὺπέρ
745 1651 1011 1744 Χριστοῦ.
1036 1671 1310 1740 Σεμνύνου
1337 1669 1476 1735 μετὰ
1493 1667 1586 1721 τοῦ
1599 1666 1844 1728 εἰπόντος
1860 1663 1990 1718 θείοι

2108 1651 2248 1708 illud
2274 1654 2384 1707 divi
2415 1656 2662 1724 Apostoli
2694 1673 2805 1727 prae
2847 1660 3024 1714 oculis
3058 1661 3263 1718 habeas
3291 1678 3305 1715 ;
3333 1662 3436 1715 hoc
3465 1676 3686 1732 quoque

431 1731 745 1835 ἀῖτοστόλού,
783 1731 1055 1822 καὶτοῦτο
1072 1731 1476 1836 ἡμίνέχαρίσθη
1494 1760 1601 1814 ἀπὸ
1622 1758 1758 1812 Θεοῦ
1787 1757 1848 1812 τὸ
1866 1757 1990 1828 ύπέε

2109 1745 2270 1800 nobis
2318 1762 2348 1802 a
2382 1746 2494 1801 Deo
2533 1763 2858 1804 concessum
2888 1762 2972 1806 est
3021 1761 3082 1806 ut
3115 1768 3215 1822 pro
3249 1753 3469 1808 Christo
3514 1731 3688 1822 patia-

435 1862 669 1932 Χριστοῦ
697 1861 948 1929 πάσχειν.
974 1859 1170 1912 Πολλοὶ
1189 1857 1298 1911 τῶν
1318 1856 1427 1909 σῶν
1447 1853 1638 1908 παθῶν
1652 1851 1818 1906 πόθον
1845 1850 2005 1921 έχου-

439 1969 494 2005 σι
526 1953 756 2006 κοινωνοὶ
805 1951 1066 2020 γενέσθαι
1106 1950 1202 2002 καὶ
1224 1948 1322 2018 τῆς
1347 1947 1644 2008 κακώσεως
1661 1942 1870 2012 καὶτῆς
1893 1957 2006 1994 στε-

429 2045 709 2115 νοχωρίας,
736 2043 874 2098 ἀλλά
889 2044 974 2097 σοὶ
993 2041 1152 2096 τοῦτο
1175 2039 1438 2112 ἐχαρίσθη
1462 2035 1683 2107 εὐδοκία
1705 2033 1800 2088 τοῦ
1823 2034 2002 2088 πάντα

417 2137 514 2189 καὶ
581 2137 690 2205 πρὸ
733 2139 993 2203 γνώσεως
1046 2133 1425 2203 ἀφορίσαντος.
1480 2128 1629 2200 Πρὸς
1686 2127 1788 2196 τὴν
1841 2127 2001 2196 χάριν

408 2230 614 2299 ἀφόρα,
665 2230 762 2282 καὶ
787 2231 861 2300 μὴ
892 2227 1029 2298 πρὸς
1049 2227 1148 2294 τὴν
1176 2227 1441 2296 ἐπήρειαν
1459 2225 1568 2277 τῶν
1593 2222 1854 2293 τῇχάριτι
1878 2219 1998 2274 δια-

407 2321 822 2394 φθονουμένων.
871 2320 981 2376 εἴτε
1033 2320 1286 2382 δαίμονες
1337 2317 1470 2382 εἶεν,
1530 2317 1641 2370 εἴτε
1719 2313 1998 2384 ἄνθρωποι

403 2417 688 2486 δαιμόνων
743 2417 1039 2486 πρόσωπον
1099 2412 1414 2481 ἐνδυόμενοι
1477 2413 1572 2463 καὶ
1615 2411 1714 2479 τῆς
1765 2405 1995 2460 ἐκείνων

404 2508 616 2567 κακίας
662 2505 1026 2573 τυγχάνοντες
1056 2501 1314 2572 μιμηταί.
1361 2498 1428 2553 Τί
1475 2499 1587 2567 γὰρ
1617 2498 1668 2551 si'
1716 2513 1801 2560 τις
1842 2495 1994 2564 παρὰ

403 2595 682 2668 βασιλέως
708 2596 1016 2665 στρατηγὸς
1043 2590 1508 2663 προὸεόλημένος,
1527 2585 1645 2644 εἶτα
1671 2585 1994 2658 διαφθονού-

405 2687 562 2764 μενοί
616 2704 764 2750 τινες
814 2686 964 2758 αὐτῷ
1021 2685 1411 2740 ἐπανίστανται
1462 2684 1558 2737 καὶ
1597 2682 1772 2745 λύπας
1842 2680 1993 2752 αὐτῷ

402 2781 719 2853 προσάγειν
738 2781 1138 2850 διανενόηνται,
1170 2780 1261 2834 διὰ
1292 2779 1450 2834 τοῦτο
1477 2779 1578 2849 τῆς
1603 2777 1772 2848 τιμῆς
1800 2775 1991 2846 ὥσπερ

401 2876 758 2946 ἐπιλήσεται,
794 2871 864 2949 ἧς
895 2874 1126 2946 ἠξιώθη,
1161 2875 1261 2928 καὶ
1289 2874 1427 2945 πρὸς
1465 2873 1660 2944 μόνους
1699 2874 1828 2936 τοὺς
1852 2874 1992 2942 ἐπηο

402 2969 644 3038 ρεαστάς
670 2968 1026 3033 ἀποϐλέπων,
1049 2968 1276 3039 ἀθυμῶν
1303 2968 1459 3020 ἐσται
1485 2967 1581 3020 καὶ
1623 2965 1985 3037 ὀδυνώμενος,

2103 1854 2254 1894 mur.
2285 1838 2440 1895 Multi
2467 1844 2698 1910 cupiunt
2719 1843 2832 1913 pati
2858 1844 3002 1914 quod
3035 1855 3091 1899 tu
3127 1845 3351 1912 pateris,
3413 1854 3467 1899 et
3490 1854 3686 1902 contu-

2103 1934 2394 1990 meliarum
2425 1949 2499 1990 get
2529 1940 2800 2006 angustiae
2821 1938 2938 1992 ﬁeri
2979 1938 3275 2008 participes
3305 1956 3320 2002 ;
3354 1937 3460 1992 hoc
3498 1949 3681 1996 autent

2105 2027 2200 2083 tibi
2231 2029 2419 2084 datum
2456 2030 2562 2085 fuit
2594 2031 2940 2102 beueplacito
2991 2033 3163 2097 illius,
3200 2033 3293 2102 qui
3327 2031 3514 2090 omnia
3557 2039 3684 2088 ante

2097 2124 2381 2180 notionem
2413 2125 2680 2182 decrevit.
2710 2128 2790 2182 Ad
2818 2129 3049 2197 gratiam
3073 2128 3356 2197 reapicias.
3379 2136 3431 2183 et
3466 2141 3576 2182 non
3609 2124 3680 2181 ad

2099 2215 2489 2272 detrimentum
2520 2219 2666 2288 quod
2702 2229 2890 2289 gratiae
2923 2221 3222 2276 adversarii
3255 2219 3520 2284 inierunt,
3561 2218 3679 2273 sive

2099 2307 2376 2364 daemones
2399 2309 2516 2365 sive
2536 2312 2789 2366 homines
2826 2313 2941 2366 sint
2961 2311 3058 2381 qui
3103 2311 3346 2381 speciem
3377 2310 3679 2364 dmmonio-

2096 2413 2219 2453 rum
2239 2400 2528 2457 induentes
2575 2402 2840 2456 malitiam
2860 2417 3080 2472 quoque
3101 2403 3407 2457 imitantur.
3423 2400 3604 2467 Quid?
3621 2399 3671 2454 si

2096 2490 2270 2560 quisa
2312 2508 2438 2563 rege
2485 2494 2854 2562 praeﬁceretur
2895 2497 3094 2566 cupiis,
3149 2507 3204 2562 et
3249 2494 3476 2565 quidam
3533 2493 3676 2550 forte

2098 2584 2351 2640 invidiosi
2413 2587 2699 2642 obstarent
2745 2589 3140 2654 etmolestias
3186 2601 3440 2643 crearent
3493 2603 3667 2642 num-

2094 2676 2222 2745 quid
2241 2685 2462 2746 propter
2489 2693 2660 2734 unum
2687 2679 2823 2734 illud
2855 2679 3128 2743 oblitus-us
3174 2681 3280 2734 erit
3320 2679 3548 2734 honoris
3577 2679 3676 2733 tri-

2085 2766 2233 2833 buti,
2251 2777 2304 2822 et
2330 2769 2397 2823 ad
2425 2771 2572 2826 solos
2595 2770 2895 2840 respiciens
2918 2775 3287 2841 importunus,
3309 2773 3551 2826 animum
3573 2772 3673 2825 de-

2086 2858 2241 2928 jiciet
2273 2869 2328 2914 et
2350 2877 2587 2917 maerore
2607 2864 2966 2920 conﬁcietur?
3000 2865 3190 2922 Nonne
3231 2866 3411 2933 potius
3432 2878 3670 2936 genero-

2089 2967 2184 3018 sos
2215 2955 2469 3010 evocabit
2493 2971 2710 3024 sensus,
2751 2958 3033 3013 [nolestias
3063 2959 3371 3028 despiciet,
3403 2959 3470 3012 ad
3503 2971 3670 3028 quam

399 3065 476 3116 Ἦ
503 3061 710 3133 μᾶλλον
737 3063 994 3131 φρόνημα
1051 3060 1232 3132 φέρων
1280 3060 1519 3129 εὐγενὲς,
1549 3058 1658 3112 τῶν
1712 3059 1814 3128 μὲν
1867 3059 1984 3112 ἀντ’

2092 3055 2312 3110 evectus
2347 3057 2431 3106 est
2451 3047 2775 3117 dignitatem
2817 3050 3193 3106 considerabit
3230 3060 3287 3106 et
3313 3066 3534 3106 omnem
3568 3051 3673 3108 im-

399 3156 624 3218 οὐδενὸς
665 3156 940 3226 ἡγήσεται
979 3156 1080 3225 τὴν
1108 3155 1394 3224 ἐπήρειαν,
1425 3152 1524 3223 τὴν
1565 3153 1622 3206 δὲ
1663 3153 1820 3218 τάξιν
1840 3152 1986 3206 ἐννο-

397 3247 660 3316 ούμενος,
693 3247 773 3308 εἰς
801 3247 868 3316 ἢν
899 3245 1170 3315 ἀνηνέχθη
1199 3245 1352 3316 παρὰ
1380 3244 1477 3297 τοῦ
1505 3243 1791 3310 τάξαντος,
1820 3249 1984 3300 παντὶ

395 3342 594 3414 τρόπῳ
626 3339 864 3409 σπουδὴν
900 3338 1231 3404 ἐπιδείξεται
1277 3339 1394 3409 τῆς
1423 3338 1534 3392 τῶν
1584 3339 1981 3408 ἀντικειμένων

394 3436 632 3508 ὁρᾶσθαι
686 3433 1024 3504 ὑψηλότερος
1078 3432 1388 3504 ἐπηρείας;
1448 3431 1612 3487 Ἀλλὰ
1680 3431 1793 3486 τῶν
1881 3433 1982 3502 μὲν

391 3527 659 3582 τοιούτων
713 3525 1178 3596 παραδειγμάτων
1223 3524 1364 3588 ἃλις.
1399 3525 1580 3596 Ὃρᾷς
1615 3520 1704 3580 οἷα
1726 3526 1822 3578 καὶ
1875 3526 1982 3597 πρὸ

388 3621 508 3674 τῶν
538 3620 754 3673 ἐκεῖθεν
784 3620 1066 3689 στεφάνων
1099 3618 1315 3686 καὶτῆς
1346 3617 1534 3688 θεῖκῆς
1560 3617 1883 3680 ἀντιδόσεως
1912 3617 1982 3672 τὰ

388 3714 637 3768 ἐνταῦθά
665 3731 750 3767 σοι
780 3713 1018 3782 ἀπαντᾷ,
1048 3714 1078 3765 ό
1105 3711 1256 3781 παρὰ
1282 3711 1390 3764 τῶν
1420 3711 1716 3781 γνωρίμων
1735 3710 1980 3773 ἔπαινος,

383 3808 421 3878 ἢ
443 3805 606 3876 παρά
625 3805 734 3858 τῶν
750 3807 851 3859 οὐκ
871 3805 1111 3870 εἰδότων,
1131 3804 1267 3858 ἀλλά
1300 3804 1438 3876 μόνῃ
1467 3805 1604 3873 ἀκοῇ
1628 3803 1728 3873 τὴν
1745 3805 1844 3874 σὴν
1859 3819 1983 3872 αρε·

383 3899 489 3972 τὴν
516 3897 917 3970 θαυμαζόντων
943 3897 1215 3968 εὐφημία,
1272 3898 1369 3951 καὶ
1425 3895 1748 3959 συνελόντως
1775 3897 1977 3960 εἰπεῖν,

2091 3139 2289 3208 pendet
2312 3140 2736 3204 sollicitudinem
2774 3155 2831 3198 ut
2871 3144 3039 3200 altius
3089 3145 3327 3202 emineat
3355 3160 3545 3215 ,qnam
3570 3144 3670 3214 qui

2093 3233 2316 3287 obstant
2330 3234 2576 3292 inimici?
2593 3236 2700 3294 Sed
2713 3237 2826 3306 jam
2849 3245 2934 3294 sat
2953 3238 3124 3292 multa
3147 3237 3240 3305 huj
3249 3238 3461 3292 usmodi
3478 3251 3668 3294 exem-

2090 3327 2200 3396 pla.
2235 3326 2399 3382 Vides
2451 3343 2573 3397 quae
2601 3331 2842 3386 futuram
2871 3345 3134 3386 coroinim
3155 3343 3210 3384 et
3237 3331 3480 3385 divinam
3507 3329 3668 3384 retri-

2089 3417 2371 3476 butionem
2401 3424 2734 3492 praecedunt,
2773 3423 2894 3484 vide
2921 3435 3126 3492 quanta
3161 3431 3211 3478 te
3242 3423 3329 3477 hic
3371 3427 3624 3478 maneant
3650 3435 3668 3474 :

2089 3513 2237 3570 Laus
2269 3515 2340 3570 ab
2363 3530 2460 3572 ore
2517 3516 2765 3572 omnium
2809 3517 2902 3586 qui
2941 3517 3318 3582 tenoverint,
3351 3515 3490 3580 bona
3517 3513 3665 3568 fama

2085 3608 2233 3678 apud
2283 3623 2480 3664 omnes
2513 3609 2606 3676 qui
2637 3619 2690 3665 te
2711 3625 2822 3664 non
2853 3608 3086 3664 viderint
3117 3616 3171 3662 et
3203 3617 3356 3664 tuam
3392 3607 3537 3670 bona
3561 3605 3667 3661 (ide

2084 3702 2300 3755 aurium
2329 3700 2515 3754 mirati
2537 3702 2649 3759 sint
2681 3702 2975 3766 virtutem;
3013 3709 3072 3754 ut
3131 3715 3240 3754 uno
3269 3699 3432 3754 verbo
3457 3697 3662 3762 dicam,

2085 3793 2153 3848 ab
2201 3792 2459 3846 omnibus
2494 3792 2678 3860 magni
2729 3792 3022 3850 aestimaris
3062 3805 3284 3862 propter
3323 3787 3661 3858 apostolicos

2088 3901 2307 3950 cursus,
2347 3885 2641 3955 praconia,
2691 3895 2747 3939 et
2779 3885 2996 3942 tandem
3043 3885 3401 3954 apostolicam
3429 3892 3662 3940 sortem.

384 4000 412 4050 ὁ
452 3995 618 4066 παρὰ
659 3995 876 4048 πάντων
915 3993 1267 4063 μακαρισμὸς
1330 3990 1517 4045 ἕνεκεν
1558 3991 1652 4046 τοῦ
1675 3990 2040 4047 ἀποστολικοῦ
2063 3989 2282 4084 ,δρόμου
2309 3985 2405 4038 καὶ
2438 3981 2533 4036 τοῦ
2571 3981 2928 4052 κηρύγματος
2963 3981 3058 4039 καὶ
3089 3985 3189 4054 τῆς
3223 3983 3468 4054 ἰσοτίμου
3506 3983 3662 4035 ἐκεί-

388 4106 509 4153 νοις
558 4085 796 4156 λήξεως.

468 4179 642 4234 Ἀλλὰ
693 4179 762 4231 τὰ
797 4178 896 4245 μὲν
927 4177 1162 4232 ἐνταῦθα
1213 4179 1462 4232 τοιαῦτα.
1513 4178 1748 4246 Λογίξου
1794 4177 1852 4232 δέ
1886 4195 1977 4248 μοι

379 4275 480 4326 καὶ
509 4271 589 4326 τὰ
618 4268 857 4332 ἐκεῖθεν,
885 4268 1048 4321 ὁπότε
1067 4267 1388 4336 ἀγαλλίασις
1415 4268 1699 4332 ἀδιάλυτος
1721 4269 1844 4322 ἀντὶ
1862 4270 1975 4321 τῶν

375 4367 479 4420 νῦν
510 4382 574 4420 σε
603 4363 1006 4434 περιστήσεται
1031 4361 1291 4433 θλίψεων,
1319 4363 1442 4416 ἀντὶ
1478 4363 1581 4432 τῆς
1602 4379 1670 4432 γυ
1681 4363 1971 4432 μνὸτητος,

381 4460 509 4515 ἀντὶ⁵
530 4458 640 4527 τῆς
698 4457 863 4528 ἄλλης
918 4457 1156 4526 ἀπορίας
1211 4455 1443 4519 πλοῦτος
1490 4456 1553 4508 ού
1606 4457 1972 4527 προσιέμενος

383 4552 546 4619 λόγον
580 4551 662 4611 είς
707 4549 1001 4618 ἐκφρασιν.
1052 4548 1161 4601 Καὶ
1217 4547 1272 4602 τί
1301 4547 1477 4602 ταῦτα
1525 4547 1702 4616 λέγως
1747 4548 1807 4601 '0
1836 4551 1974 4618 μετὰ

387 4642 496 4694 τῶν
516 4641 829 4711 φωστήρων
853 4637 952 4692 τοῦ
979 4638 1192 4708 κόσμου
1216 4635 1310 4690 τοῦ
1341 4637 1488 4691 θείου
1519 4637 1696 4706 φωτὸς
1726 4636 1970 4690 ἐπιπλὼς,

401 4751 554 4804 μενος
583 4734 802 4804 σταίης,
835 4733 930 4786 καὶ
959 4730 1056 4786 ατε
1085 4731 1150 4802 δὴ
1181 4733 1296 4794 τοῖς
1325 4731 1550 4785 ἐκείνων
1564 4746 1975 4803 συμμεμορφωο

405 4827 562 4894 μένος
594 4825 888 4896 παθήμασι
905 4827 970 4896 τῇ
992 4823 1116 4894 θείᾳ
1138 4823 1264 4894 δόξῃ
1285 4823 1698 4892 ἀπαστράπτων
1721 4823 1962 4894 ὀφθείης.

398 4918 465 4971 Τί
484 4919 701 4986 λέγειςς
730 4918 1101 4988 Πενθήσωμεν
1129 4916 1214 4969 ἐτι
1242 4915 1341 4969 καὶ
1360 4916 1431 4971 τὰ
1459 4915 1570 4970 τῶν
1605 4915 1970 4986 ἀθυμούντων

386 5007 731 5077 πεισόμεθα;
790 5007 860 5060 Ἦ
919 5004 1171 5075 ῥίψωμεν
1207 5005 1392 5057 πᾶσαν
1438 5003 1706 5075 ἀθυμίαν,
1740 5003 1838 5060 καὶ
1869 5007 1968 5058 σὺν

377 5104 446 5171 τῇ
478 5101 697 5156 ἄνωθεν
722 5097 986 5169 εὐμενείᾳ
1019 5101 1242 5152 πάντων
1261 5096 1523 5168 ὑπεράνω
1569 5096 1680 5150 τῶν
1733 5096 1965 5151 λυπούνο

374 5210 491 5246 των
522 5189 1042 5262 καταστησώμεθας
1073 5191 1183 5244 Καὶ
1207 5189 1325 5253 πῶς
1353 5188 1531 5252 ἄλλως
1571 5188 1674 5259 ἐμὲ
1721 5189 1840 5242 δέον
1873 5190 1966 5242 ἐλ-

375 5285 600 5353 adiuv;
677 5285 741 5338 El
802 5285 878 5354 μὴ
937 5281 1102 5353 λῆρον
1151 5283 1358 5353 ἡγήσῃ,
1417 5282 1553 5351 ὅπερ
1614 5283 1836 5345 ἀνάξιον
1863 5282 1963 5353 τῆς

376 5380 479 5451 σῆς
537 5378 814 5441 συνέσεως
853 5375 926 5429 τὰ
980 5375 1164 5446 μικρῷ
1213 5374 1451 5446 πρόσθεν
1502 5377 1636 5445 ἡμῖν
1665 5377 1957 5446 εἰρημένα.

445 5471 544 5524 Διά
572 5471 736 5526 τοῦτο
769 5468 960 5523 λοιπὸν
991 5466 1093 5537 ἢδη
1117 5466 1365 5536 παύομαι
1389 5464 1489 5521 τοῦ
1515 5466 1680 5520 πλέον
1697 5485 1750 5520 τι
1778 5468 1960 5537 λέγειν

371 5563 466 5619 τοῦ
500 5565 558 5621 σὲ
621 5566 730 5638 τῆς
802 5559 1152 5630 κατεχούσης
1187 5559 1419 5632 ἀκηδίας
1480 5560 1794 5616 ἀναλαδείν.
1840 5561 1960 5617 Ἐπ’

363 5659 530 5734 ἄλλην
553 5661 616 5716 δὲ
644 5657 952 5729 τρέπομεν
981 5650 1074 5703 τὸν
1105 5651 1265 5719 λόγον
1312 5650 1593 5718 ὑπόθεσιν,
1632 5655 1727 5706 καὶ
1750 5669 1957 5724 παραι-

2149 4171 2276 4228 Haec
2303 4172 2367 4227 ad
2393 4170 2729 4241 praeteritam
2753 4169 2920 4224 vitam
2945 4177 3224 4238 spectant;
3260 4169 3496 4222 futuram
3529 4183 3657 4222 vero

2083 4281 2230 4321 nunc
2289 4273 2485 4334 reputa
2545 4262 2634 4318 ubi
2699 4262 3020 4317 indesinens
3043 4262 3148 4316 erit
3175 4261 3472 4318 exsultatio
3507 4278 3522 4314 :
3553 4273 3654 4330 pro

2083 4357 2576 4420 tribulationibus,
2629 4371 2732 4426 pro
2784 4356 3031 4411 nuditate
3098 4364 3153 4410 et
3205 4355 3484 4419 miseriis,
3548 4355 3658 4408 im-

1997 4433 2053 4494 D
2083 4465 2302 4506 mensas
2350 4448 2656 4519 possidebis
2703 4450 2944 4504 divitias.
2983 4448 3126 4514 Quid
3163 4448 3282 4504 haec
3323 4447 3490 4504 dico?
3513 4445 3654 4502 Cum

2075 4541 2265 4598 mundi
2291 4542 2349 4596 lu
2371 4541 2618 4597 minibus
2649 4542 2832 4599 stabis
2853 4541 3041 4596 divina
3084 4543 3208 4598 luce
3248 4542 3488 4610 repletus
3515 4557 3534 4593 :
3568 4540 3658 4596 his

2072 4633 2222 4688 enim
2266 4633 2699 4692 transformatus
2747 4631 3121 4701 passionibus,
3169 4631 3356 4686 divina
3409 4629 3648 4700 remige-

2070 4724 2159 4782 bis
2206 4725 2401 4794 gloria.
2452 4724 2594 4790 Quid
2649 4725 2982 4794 respondes?
3014 4721 3157 4778 Num
3185 4723 3494 4794 lugebimus
3545 4723 3646 4777 ad-

2070 4817 2178 4872 huc
2204 4826 2264 4872 et
2325 4829 2526 4874 sortem
2568 4816 2788 4870 illorum
2829 4816 3156 4872 habebimus
3208 4817 3302 4886 qui
3339 4815 3650 4884 desponde-

2070 4918 2199 4968 runt
2228 4908 2515 4966 animum?
2563 4906 2757 4962 Nonne
2791 4910 2980 4979 potius
3011 4923 3230 4964 ormnem
3264 4907 3415 4968 enini
3445 4907 3646 4977 despe-

2068 5001 2339 5056 rationem
2370 5000 2723 5069 abjiciemus,
2749 5009 2805 5054 et
2834 5000 3017 5057 divina
3041 4999 3270 5070 iuvante
3305 5000 3646 5066 constantia,

2066 5107 2261 5148 omnes
2323 5091 2706 5162 superabimns
2771 5091 3028 5148 dolores?
3079 5091 3222 5158 Quid
3291 5091 3648 5154 aliudmibi

2067 5184 2398 5254 sperandum
2433 5182 2608 5242 foret?
2639 5183 2726 5240 An
2759 5197 2822 5239 ea
2863 5199 2987 5256 quae
3016 5182 3260 5240 diximus
3291 5182 3445 5246 ﬂocci
3474 5185 3648 5242 facies

2065 5287 2119 5332 et
2172 5277 2397 5335 minime
2437 5278 2620 5334 studio
2645 5286 2702 5344 et
2743 5277 2963 5350 ingenio
3002 5289 3098 5332 tuo
3141 5280 3310 5349 digna
3350 5276 3642 5340 censebis?

2135 5466 2243 5522 Sed
2267 5466 2382 5536 jam
2422 5466 2642 5522 dicendi
2685 5467 2848 5522 ﬁnem
2890 5466 3158 5525 faciemus
3185 5469 3253 5524 de
3282 5468 3388 5552 bis,
3418 5476 3475 5521 et
3510 5465 3634 5520 ani-

2061 5578 2211 5617 mum
2253 5571 2409 5616 tuum
2442 5563 2744 5618 recreaturi
2783 5563 2852 5618 ad
2899 5565 3062 5618 aliam
3104 5555 3391 5617 materiam
3431 5562 3640 5615 transi-

2266 5654 2510 5709 lnnatam
2565 5655 2661 5710 tibi
2725 5657 3016 5711 hortamur
3062 5665 3120 5710 ut
3174 5653 3520 5710 duicedinem
3577 5662 3634 5710 et

352 5755 571 5824 rod-nc;
599 5743 1072 5829 προτρεπόμενοι
1103 5742 1200 5814 τῆς
1251 5741 1564 5815 προσούσης
1595 5761 1681 5800 σοι
1707 5745 1954 5816 πραότη.

2093 5747 2447 5819 cnignitatem
2492 5755 2549 5806 et
2597 5764 2694 5820 per
2741 5747 3024 5807 Christum
3067 5749 3434 5810 humilitatem
3482 5764 3636 5807 nunc
