  <div class='ocr_page' id='page_1' title='image "/cluster/home/n/w/nwhite01/storage/ocr_20150623/111/coo.31924054870153/189.png"; bbox 0 0 4094 6408; ppageno 0'>
   <div class='ocr_carea' id='block_1_1' title="bbox 482 264 595 329">
    <p class='ocr_par' dir='ltr' id='par_1_1' title="bbox 482 264 595 329">
     <span class='ocr_line' id='line_1_1' title="bbox 482 264 595 329; baseline -0.018 0"><span class='ocrx_word' id='word_1_1' title='bbox 482 264 595 329; x_wconf 83' lang='lat'><strong>359</strong></span> 
     </span>
    </p>
   </div>
   <div class='ocr_carea' id='block_1_2' title="bbox 1597 242 2618 308">
    <p class='ocr_par' dir='ltr' id='par_1_2' title="bbox 1597 242 2618 308">
     <span class='ocr_line' id='line_1_2' title="bbox 1597 242 2618 308; baseline -0.002 0"><span class='ocrx_word' id='word_1_2' title='bbox 1597 242 1910 308; x_wconf 84' lang='lat' dir='ltr'><strong>NICOLAI</strong></span> <span class='ocrx_word' id='word_1_3' title='bbox 1950 242 2062 307; x_wconf 76' lang='grc' dir='ltr'><strong>ΕΡ.</strong></span> <span class='ocrx_word' id='word_1_4' title='bbox 2100 244 2618 307; x_wconf 70' lang='lat' dir='ltr'><strong>PATRIARCHA!</strong></span> 
     </span>
    </p>
   </div>
   <div class='ocr_carea' id='block_1_3' title="bbox 3654 244 3761 300">
    <p class='ocr_par' dir='ltr' id='par_1_3' title="bbox 3654 244 3761 300">
     <span class='ocr_line' id='line_1_3' title="bbox 3654 244 3761 300; baseline -0.028 -1"><span class='ocrx_word' id='word_1_5' title='bbox 3654 244 3761 300; x_wconf 72' lang='lat'><strong>360</strong></span> 
     </span>
    </p>
   </div>
   <div class='ocr_carea' id='block_1_4' title="bbox 480 350 2068 432">
    <p class='ocr_par' dir='ltr' id='par_1_4' title="bbox 480 355 2062 432">
     <span class='ocr_line' id='line_1_4' title="bbox 480 355 2062 432; baseline -0.012 -1"><span class='ocrx_word' id='word_1_6' title='bbox 480 374 720 432; x_wconf 79' lang='lat' dir='ltr'><strong>maxime</strong></span> <span class='ocrx_word' id='word_1_7' title='bbox 762 382 987 424; x_wconf 77' lang='lat' dir='ltr'><strong>exseras</strong></span> <span class='ocrx_word' id='word_1_8' title='bbox 1028 365 1104 420; x_wconf 89' lang='lat' dir='ltr'><strong>ita</strong></span> <span class='ocrx_word' id='word_1_9' title='bbox 1143 369 1206 419; x_wconf 91' lang='lat' dir='ltr'><strong>ut</strong></span> <span class='ocrx_word' id='word_1_10' title='bbox 1254 361 1401 417; x_wconf 87' lang='lat' dir='ltr'><strong>inter</strong></span> <span class='ocrx_word' id='word_1_11' title='bbox 1431 355 1693 413; x_wconf 77' lang='lat' dir='ltr'><strong>virtutem</strong></span> <span class='ocrx_word' id='word_1_12' title='bbox 1732 366 1975 413; x_wconf 76' lang='lat' dir='ltr'><strong>vestram</strong></span> <span class='ocrx_word' id='word_1_13' title='bbox 2005 366 2062 412; x_wconf 89' lang='lat' dir='ltr'><strong>et</strong></span> 
     </span>
    </p>
   </div>
   <div class='ocr_carea' id='block_1_5' title="bbox 2175 350 3764 432">
    <p class='ocr_par' dir='ltr' id='par_1_5' title="bbox 2175 350 3764 427">
     <span class='ocr_line' id='line_1_5' title="bbox 2175 350 3764 427; baseline -0.005 -15"><span class='ocrx_word' id='word_1_14' title='bbox 2175 375 2260 422; x_wconf 86' lang='grc' dir='ltr'><strong>τος</strong></span> <span class='ocrx_word' id='word_1_15' title='bbox 2287 360 2384 413; x_wconf 74' lang='grc' dir='ltr'>καὶ</span> <span class='ocrx_word' id='word_1_16' title='bbox 2406 357 2714 420; x_wconf 86' lang='grc' dir='ltr'>ἐπιεικείας</span> <span class='ocrx_word' id='word_1_17' title='bbox 2744 355 2956 427; x_wconf 76' lang='grc' dir='ltr'>καὶτῆς</span> <span class='ocrx_word' id='word_1_18' title='bbox 2972 355 3060 410; x_wconf 81' lang='grc' dir='ltr'><strong>διὰ</strong></span> <span class='ocrx_word' id='word_1_19' title='bbox 3082 355 3254 427; x_wconf 84' lang='grc' dir='ltr'>Χριστ</span> <span class='ocrx_word' id='word_1_20' title='bbox 3274 354 3335 408; x_wconf 78' lang='grc' dir='ltr'><strong>δν</strong></span> <span class='ocrx_word' id='word_1_21' title='bbox 3367 350 3764 414; x_wconf 76' lang='grc' dir='ltr'><strong>ταπεινώσεως</strong></span> 
     </span>
    </p>
   </div>
   <div class='ocr_carea' id='block_1_6' title="bbox 477 449 2067 541">
    <p class='ocr_par' dir='ltr' id='par_1_6' title="bbox 477 449 2067 541">
     <span class='ocr_line' id='line_1_6' title="bbox 477 449 2067 541; baseline -0.014 -17"><span class='ocrx_word' id='word_1_22' title='bbox 477 471 737 541; x_wconf 75' lang='lat' dir='ltr'><strong>pietatem</strong></span> <span class='ocrx_word' id='word_1_23' title='bbox 774 462 872 517; x_wconf 84' lang='lat' dir='ltr'><strong>filii</strong></span> <span class='ocrx_word' id='word_1_24' title='bbox 916 458 1117 527; x_wconf 88' lang='lat' dir='ltr'><strong>nostri,</strong></span> <span class='ocrx_word' id='word_1_25' title='bbox 1153 455 1448 524; x_wconf 89' lang='lat' dir='ltr'><strong>Patrisque</strong></span> <span class='ocrx_word' id='word_1_26' title='bbox 1493 451 1570 506; x_wconf 91' lang='lat' dir='ltr'><strong>tui</strong></span> <span class='ocrx_word' id='word_1_27' title='bbox 1601 449 2067 541; x_wconf 12' lang='lat' dir='ltr'><strong>dominiﬂrEuthy-</strong></span> 
     </span>
    </p>
   </div>
   <div class='ocr_carea' id='block_1_7' title="bbox 479 540 2068 617">
    <p class='ocr_par' dir='ltr' id='par_1_7' title="bbox 479 540 2068 617">
     <span class='ocr_line' id='line_1_7' title="bbox 479 540 2068 617; baseline -0.014 -3"><span class='ocrx_word' id='word_1_28' title='bbox 479 540 576 615; x_wconf 72' lang='lat' dir='ltr'><strong>inii</strong></span> <span class='ocrx_word' id='word_1_29' title='bbox 617 555 825 612; x_wconf 82' lang='lat' dir='ltr'><strong>zizania</strong></span> <span class='ocrx_word' id='word_1_30' title='bbox 874 553 1189 607; x_wconf 83' lang='lat' dir='ltr'><strong>inserantur</strong></span> <span class='ocrx_word' id='word_1_31' title='bbox 1229 546 1419 617; x_wconf 82' lang='lat' dir='ltr'><strong>qualia</strong></span> <span class='ocrx_word' id='word_1_32' title='bbox 1453 541 1784 598; x_wconf 84' lang='lat' dir='ltr'><strong>vaferrimus</strong></span> <span class='ocrx_word' id='word_1_33' title='bbox 1817 540 1909 596; x_wconf 91' lang='lat' dir='ltr'><strong>ille</strong></span> <span class='ocrx_word' id='word_1_34' title='bbox 1935 555 2068 595; x_wconf 89' lang='lat' dir='ltr'><strong>con-</strong></span> 
     </span>
    </p>
   </div>
   <div class='ocr_carea' id='block_1_8' title="bbox 480 635 2067 711">
    <p class='ocr_par' dir='ltr' id='par_1_8' title="bbox 480 635 2067 711">
     <span class='ocr_line' id='line_1_8' title="bbox 480 635 2067 711; baseline -0.011 -5"><span class='ocrx_word' id='word_1_35' title='bbox 480 652 684 711; x_wconf 82' lang='lat' dir='ltr'><strong>suevit.</strong></span> <span class='ocrx_word' id='word_1_36' title='bbox 731 649 816 703; x_wconf 81' lang='lat' dir='ltr'><strong>Ab</strong></span> <span class='ocrx_word' id='word_1_37' title='bbox 869 646 1030 700; x_wconf 89' lang='lat' dir='ltr'><strong>initio</strong></span> <span class='ocrx_word' id='word_1_38' title='bbox 1065 643 1212 697; x_wconf 89' lang='lat' dir='ltr'><strong>enim</strong></span> <span class='ocrx_word' id='word_1_39' title='bbox 1258 639 1432 693; x_wconf 89' lang='lat' dir='ltr'><strong>Deum</strong></span> <span class='ocrx_word' id='word_1_40' title='bbox 1487 635 1628 689; x_wconf 74' lang='lat' dir='ltr'><strong>inter</strong></span> <span class='ocrx_word' id='word_1_41' title='bbox 1677 643 1735 690; x_wconf 88' lang='lat' dir='ltr'><strong>et</strong></span> <span class='ocrx_word' id='word_1_42' title='bbox 1779 641 2067 688; x_wconf 84' lang='lat' dir='ltr'><strong>creaturas</strong></span> 
     </span>
    </p>
   </div>
   <div class='ocr_carea' id='block_1_9' title="bbox 480 724 2066 800">
    <p class='ocr_par' dir='ltr' id='par_1_9' title="bbox 480 724 2066 800">
     <span class='ocr_line' id='line_1_9' title="bbox 480 724 2066 800; baseline -0.015 0"><span class='ocrx_word' id='word_1_43' title='bbox 480 744 747 800; x_wconf 83' lang='lat' dir='ltr'><strong>malitiam</strong></span> <span class='ocrx_word' id='word_1_44' title='bbox 790 732 1232 793; x_wconf 87' lang='lat' dir='ltr'><strong>interseminavit</strong></span> <span class='ocrx_word' id='word_1_45' title='bbox 1279 739 1445 798; x_wconf 85' lang='lat' dir='ltr'><strong>atque</strong></span> <span class='ocrx_word' id='word_1_46' title='bbox 1473 727 1658 782; x_wconf 88' lang='lat' dir='ltr'><strong>intulit</strong></span> <span class='ocrx_word' id='word_1_47' title='bbox 1711 724 2066 790; x_wconf 84' lang='lat' dir='ltr'><strong>inimicitias,</strong></span> 
     </span>
    </p>
   </div>
   <div class='ocr_carea' id='block_1_10' title="bbox 481 816 2070 894">
    <p class='ocr_par' dir='ltr' id='par_1_10' title="bbox 481 816 2070 894">
     <span class='ocr_line' id='line_1_10' title="bbox 481 816 2070 894; baseline -0.014 -2"><span class='ocrx_word' id='word_1_48' title='bbox 481 846 539 893; x_wconf 90' lang='lat' dir='ltr'><strong>et</strong></span> <span class='ocrx_word' id='word_1_49' title='bbox 584 842 797 890; x_wconf 81' lang='lat' dir='ltr'><strong>secreto</strong></span> <span class='ocrx_word' id='word_1_50' title='bbox 840 830 1132 892; x_wconf 89' lang='lat' dir='ltr'><strong>fermenta,</strong></span> <span class='ocrx_word' id='word_1_51' title='bbox 1187 823 1389 894; x_wconf 86' lang='lat' dir='ltr'><strong>quibus</strong></span> <span class='ocrx_word' id='word_1_52' title='bbox 1439 828 1494 875; x_wconf 91' lang='lat' dir='ltr'><strong>et</strong></span> <span class='ocrx_word' id='word_1_53' title='bbox 1525 818 1709 873; x_wconf 87' lang='lat' dir='ltr'><strong>unitas</strong></span> <span class='ocrx_word' id='word_1_54' title='bbox 1758 820 1813 871; x_wconf 92' lang='lat' dir='ltr'><strong>in</strong></span> <span class='ocrx_word' id='word_1_55' title='bbox 1852 816 1963 872; x_wconf 90' lang='lat' dir='ltr'><strong>Deo</strong></span> <span class='ocrx_word' id='word_1_56' title='bbox 2013 825 2070 872; x_wconf 85' lang='lat' dir='ltr'><strong>et</strong></span> 
     </span>
    </p>
   </div>
   <div class='ocr_carea' id='block_1_11' title="bbox 478 908 2068 995">
    <p class='ocr_par' dir='ltr' id='par_1_11' title="bbox 478 908 2068 995">
     <span class='ocr_line' id='line_1_11' title="bbox 478 908 2068 995; baseline -0.013 -11"><span class='ocrx_word' id='word_1_57' title='bbox 478 937 669 984; x_wconf 88' lang='lat' dir='ltr'><strong>nostra</strong></span> <span class='ocrx_word' id='word_1_58' title='bbox 721 923 1075 995; x_wconf 85' lang='lat' dir='ltr'><strong>perturbatur</strong></span> <span class='ocrx_word' id='word_1_59' title='bbox 1125 916 1387 971; x_wconf 88' lang='lat' dir='ltr'><strong>charitas.</strong></span> <span class='ocrx_word' id='word_1_60' title='bbox 1442 911 1523 966; x_wconf 88' lang='lat' dir='ltr'><strong>Tu</strong></span> <span class='ocrx_word' id='word_1_61' title='bbox 1578 921 1760 965; x_wconf 86' lang='lat' dir='ltr'><strong>autem</strong></span> <span class='ocrx_word' id='word_1_62' title='bbox 1806 923 1934 964; x_wconf 89' lang='lat' dir='ltr'><strong>eum</strong></span> <span class='ocrx_word' id='word_1_63' title='bbox 1989 908 2068 963; x_wconf 89' lang='lat' dir='ltr'><strong>sis</strong></span> 
     </span>
    </p>
   </div>
   <div class='ocr_carea' id='block_1_12' title="bbox 481 998 2065 1075">
    <p class='ocr_par' dir='ltr' id='par_1_12' title="bbox 481 998 2065 1075">
     <span class='ocr_line' id='line_1_12' title="bbox 481 998 2065 1075; baseline -0.014 0"><span class='ocrx_word' id='word_1_64' title='bbox 481 1021 651 1075; x_wconf 88' lang='lat' dir='ltr'><strong>homo</strong></span> <span class='ocrx_word' id='word_1_65' title='bbox 681 1017 778 1072; x_wconf 91' lang='lat' dir='ltr'><strong>Dei</strong></span> <span class='ocrx_word' id='word_1_66' title='bbox 821 1023 877 1070; x_wconf 92' lang='lat' dir='ltr'><strong>et</strong></span> <span class='ocrx_word' id='word_1_67' title='bbox 910 1010 1159 1067; x_wconf 90' lang='lat' dir='ltr'><strong>omnium</strong></span> <span class='ocrx_word' id='word_1_68' title='bbox 1209 1005 1425 1061; x_wconf 88' lang='lat' dir='ltr'><strong>animos</strong></span> <span class='ocrx_word' id='word_1_69' title='bbox 1454 1002 1767 1059; x_wconf 84' lang='lat' dir='ltr'><strong>demulcere</strong></span> <span class='ocrx_word' id='word_1_70' title='bbox 1806 998 2065 1067; x_wconf 84' lang='lat' dir='ltr'><strong>didicisti,</strong></span> 
     </span>
    </p>
   </div>
   <div class='ocr_carea' id='block_1_13' title="bbox 480 1092 2053 1178">
    <p class='ocr_par' dir='ltr' id='par_1_13' title="bbox 480 1092 2053 1178">
     <span class='ocr_line' id='line_1_13' title="bbox 480 1092 2053 1178; baseline -0.013 -11"><span class='ocrx_word' id='word_1_71' title='bbox 480 1111 537 1167; x_wconf 87' lang='lat' dir='ltr'><strong>in</strong></span> <span class='ocrx_word' id='word_1_72' title='bbox 572 1125 641 1166; x_wconf 90' lang='lat' dir='ltr'><strong>eo</strong></span> <span class='ocrx_word' id='word_1_73' title='bbox 674 1106 945 1178; x_wconf 88' lang='lat' dir='ltr'><strong>imprimis</strong></span> <span class='ocrx_word' id='word_1_74' title='bbox 986 1104 1202 1157; x_wconf 83' lang='lat' dir='ltr'><strong>labores</strong></span> <span class='ocrx_word' id='word_1_75' title='bbox 1235 1107 1296 1153; x_wconf 92' lang='lat' dir='ltr'><strong>ut</strong></span> <span class='ocrx_word' id='word_1_76' title='bbox 1320 1095 1673 1167; x_wconf 81' lang='lat' dir='ltr'><strong>Euthymium</strong></span> <span class='ocrx_word' id='word_1_77' title='bbox 1707 1094 1851 1149; x_wconf 88' lang='lat' dir='ltr'><strong>lucri</strong></span> <span class='ocrx_word' id='word_1_78' title='bbox 1879 1092 2053 1148; x_wconf 81' lang='lat' dir='ltr'><strong>facias</strong></span> 
     </span>
    </p>
   </div>
   <div class='ocr_carea' id='block_1_14' title="bbox 480 1185 2069 1269">
    <p class='ocr_par' dir='ltr' id='par_1_14' title="bbox 480 1185 2069 1269">
     <span class='ocr_line' id='line_1_14' title="bbox 480 1185 2069 1269; baseline -0.014 -9"><span class='ocrx_word' id='word_1_79' title='bbox 480 1215 534 1261; x_wconf 92' lang='lat' dir='ltr'><strong>et</strong></span> <span class='ocrx_word' id='word_1_80' title='bbox 562 1206 757 1259; x_wconf 80' lang='lat' dir='ltr'><strong>omnes</strong></span> <span class='ocrx_word' id='word_1_81' title='bbox 795 1198 891 1269; x_wconf 87' lang='lat' dir='ltr'><strong>qui</strong></span> <span class='ocrx_word' id='word_1_82' title='bbox 936 1205 1066 1252; x_wconf 89' lang='lat' dir='ltr'><strong>sunt</strong></span> <span class='ocrx_word' id='word_1_83' title='bbox 1116 1208 1241 1248; x_wconf 92' lang='lat' dir='ltr'><strong>cum</strong></span> <span class='ocrx_word' id='word_1_84' title='bbox 1275 1192 1390 1252; x_wconf 89' lang='lat' dir='ltr'><strong>illo,</strong></span> <span class='ocrx_word' id='word_1_85' title='bbox 1432 1203 1613 1259; x_wconf 88' lang='lat' dir='ltr'><strong>neque</strong></span> <span class='ocrx_word' id='word_1_86' title='bbox 1660 1185 1934 1241; x_wconf 86' lang='lat' dir='ltr'><strong>concedas</strong></span> <span class='ocrx_word' id='word_1_87' title='bbox 1965 1200 2069 1239; x_wconf 91' lang='lat' dir='ltr'><strong>un-</strong></span> 
     </span>
    </p>
   </div>
   <div class='ocr_carea' id='block_1_15' title="bbox 481 1277 2070 1369">
    <p class='ocr_par' dir='ltr' id='par_1_15' title="bbox 481 1277 2070 1369">
     <span class='ocr_line' id='line_1_15' title="bbox 481 1277 2070 1369; baseline -0.013 -18"><span class='ocrx_word' id='word_1_88' title='bbox 481 1310 648 1369; x_wconf 85' lang='lat' dir='ltr'><strong>quam</strong></span> <span class='ocrx_word' id='word_1_89' title='bbox 697 1301 761 1347; x_wconf 89' lang='lat' dir='ltr'><strong>ut</strong></span> <span class='ocrx_word' id='word_1_90' title='bbox 795 1289 1058 1345; x_wconf 87' lang='lat' dir='ltr'><strong>minimus</strong></span> <span class='ocrx_word' id='word_1_91' title='bbox 1093 1283 1373 1341; x_wconf 75' lang='lat' dir='ltr'><strong>distantia:</strong></span> <span class='ocrx_word' id='word_1_92' title='bbox 1418 1289 1476 1335; x_wconf 91' lang='lat' dir='ltr'><strong>et</strong></span> <span class='ocrx_word' id='word_1_93' title='bbox 1528 1277 1897 1349; x_wconf 85' lang='lat' dir='ltr'><strong>separationis</strong></span> <span class='ocrx_word' id='word_1_94' title='bbox 1932 1292 2070 1348; x_wconf 70' lang='lat' dir='ltr'><strong>pra-</strong></span> 
     </span>
    </p>
   </div>
   <div class='ocr_carea' id='block_1_16' title="bbox 480 1373 2070 1446">
    <p class='ocr_par' dir='ltr' id='par_1_16' title="bbox 480 1373 2070 1446">
     <span class='ocr_line' id='line_1_16' title="bbox 480 1373 2070 1446; baseline -0.014 0"><span class='ocrx_word' id='word_1_95' title='bbox 480 1400 660 1446; x_wconf 78' lang='lat' dir='ltr'><strong>te-xtus</strong></span> <span class='ocrx_word' id='word_1_96' title='bbox 687 1385 891 1442; x_wconf 82' lang='lat' dir='ltr'><strong>valeat.</strong></span> <span class='ocrx_word' id='word_1_97' title='bbox 923 1380 999 1436; x_wconf 91' lang='lat' dir='ltr'><strong>De</strong></span> <span class='ocrx_word' id='word_1_98' title='bbox 1032 1389 1232 1435; x_wconf 82' lang='lat' dir='ltr'><strong>caetero</strong></span> <span class='ocrx_word' id='word_1_99' title='bbox 1273 1376 1358 1430; x_wconf 90' lang='lat' dir='ltr'><strong>vir</strong></span> <span class='ocrx_word' id='word_1_100' title='bbox 1404 1375 1509 1430; x_wconf 89' lang='lat' dir='ltr'><strong>iste</strong></span> <span class='ocrx_word' id='word_1_101' title='bbox 1538 1373 1713 1428; x_wconf 88' lang='lat' dir='ltr'><strong>Deum</strong></span> <span class='ocrx_word' id='word_1_102' title='bbox 1762 1384 1956 1425; x_wconf 85' lang='lat' dir='ltr'><strong>amans</strong></span> <span class='ocrx_word' id='word_1_103' title='bbox 1985 1377 2070 1425; x_wconf 90' lang='lat' dir='ltr'><strong>est</strong></span> 
     </span>
    </p>
   </div>
   <div class='ocr_carea' id='block_1_17' title="bbox 478 1463 2065 1554">
    <p class='ocr_par' dir='ltr' id='par_1_17' title="bbox 478 1463 2065 1554">
     <span class='ocr_line' id='line_1_17' title="bbox 478 1463 2065 1554; baseline -0.013 -14"><span class='ocrx_word' id='word_1_104' title='bbox 478 1496 642 1554; x_wconf 86' lang='lat' dir='ltr'><strong>atque</strong></span> <span class='ocrx_word' id='word_1_105' title='bbox 675 1482 943 1535; x_wconf 92' lang='lat' dir='ltr'><strong>virtutum</strong></span> <span class='ocrx_word' id='word_1_106' title='bbox 978 1471 1163 1543; x_wconf 80' lang='lat' dir='ltr'><strong>opifex</strong></span> <span class='ocrx_word' id='word_1_107' title='bbox 1198 1490 1214 1528; x_wconf 84' lang='lat'><strong>:</strong></span> <span class='ocrx_word' id='word_1_108' title='bbox 1248 1477 1539 1543; x_wconf 77' lang='lat' dir='ltr'><strong>propterea</strong></span> <span class='ocrx_word' id='word_1_109' title='bbox 1567 1466 1722 1522; x_wconf 91' lang='lat' dir='ltr'><strong>omni</strong></span> <span class='ocrx_word' id='word_1_110' title='bbox 1754 1463 2065 1520; x_wconf 80' lang='lat' dir='ltr'><strong>reverentia</strong></span> 
     </span>
    </p>
   </div>
   <div class='ocr_carea' id='block_1_18' title="bbox 477 1559 2064 1632">
    <p class='ocr_par' dir='ltr' id='par_1_18' title="bbox 477 1559 2064 1632">
     <span class='ocr_line' id='line_1_18' title="bbox 477 1559 2064 1632; baseline -0.013 -1"><span class='ocrx_word' id='word_1_111' title='bbox 477 1585 534 1632; x_wconf 91' lang='lat' dir='ltr'><strong>et</strong></span> <span class='ocrx_word' id='word_1_112' title='bbox 585 1576 797 1629; x_wconf 83' lang='lat' dir='ltr'><strong>honore</strong></span> <span class='ocrx_word' id='word_1_113' title='bbox 858 1568 1179 1630; x_wconf 87' lang='lat' dir='ltr'><strong>habendus,</strong></span> <span class='ocrx_word' id='word_1_114' title='bbox 1245 1560 1518 1632; x_wconf 87' lang='lat' dir='ltr'><strong>imprimis</strong></span> <span class='ocrx_word' id='word_1_115' title='bbox 1571 1559 1720 1630; x_wconf 89' lang='lat' dir='ltr'><strong>quod</strong></span> <span class='ocrx_word' id='word_1_116' title='bbox 1774 1567 1900 1611; x_wconf 85' lang='lat' dir='ltr'><strong>ante</strong></span> <span class='ocrx_word' id='word_1_117' title='bbox 1962 1569 2064 1611; x_wconf 86' lang='lat' dir='ltr'><strong>vos</strong></span> 
     </span>
    </p>
   </div>
   <div class='ocr_carea' id='block_1_19' title="bbox 2169 446 3758 520">
    <p class='ocr_par' dir='ltr' id='par_1_19' title="bbox 2169 446 3758 520">
     <span class='ocr_line' id='line_1_19' title="bbox 2169 446 3758 520; baseline -0.004 -14"><span class='ocrx_word' id='word_1_118' title='bbox 2169 451 2268 507; x_wconf 80' lang='grc' dir='ltr'>νῦν</span> <span class='ocrx_word' id='word_1_119' title='bbox 2292 454 2385 505; x_wconf 81' lang='grc' dir='ltr'>ἐπὶ</span> <span class='ocrx_word' id='word_1_120' title='bbox 2408 451 2573 505; x_wconf 79' lang='grc' dir='ltr'>πλέον</span> <span class='ocrx_word' id='word_1_121' title='bbox 2597 450 3024 514; x_wconf 81' lang='grc' dir='ltr'>ἀντιποιεῖσθαι,</span> <span class='ocrx_word' id='word_1_122' title='bbox 3056 448 3197 503; x_wconf 82' lang='grc' dir='ltr'>ὥστε</span> <span class='ocrx_word' id='word_1_123' title='bbox 3225 447 3395 520; x_wconf 86' lang='grc' dir='ltr'>μηδὲν</span> <span class='ocrx_word' id='word_1_124' title='bbox 3424 446 3630 517; x_wconf 77' lang='grc' dir='ltr'>μεταξὺ</span> <span class='ocrx_word' id='word_1_125' title='bbox 3655 446 3758 516; x_wconf 86' lang='grc' dir='ltr'>τῆς</span> 
     </span>
    </p>
   </div>
   <div class='ocr_carea' id='block_1_20' title="bbox 2170 538 3763 616">
    <p class='ocr_par' dir='ltr' id='par_1_20' title="bbox 2170 538 3763 616">
     <span class='ocr_line' id='line_1_20' title="bbox 2170 538 3763 616; baseline -0.006 -17"><span class='ocrx_word' id='word_1_126' title='bbox 2170 544 2329 615; x_wconf 82' lang='grc' dir='ltr'>ὑμῶν</span> <span class='ocrx_word' id='word_1_127' title='bbox 2360 543 2568 616; x_wconf 83' lang='grc' dir='ltr'>ἀρετῆς</span> <span class='ocrx_word' id='word_1_128' title='bbox 2593 543 2690 597; x_wconf 69' lang='grc' dir='ltr'>καὶ</span> <span class='ocrx_word' id='word_1_129' title='bbox 2720 543 2815 596; x_wconf 75' lang='grc' dir='ltr'>τοῦ</span> <span class='ocrx_word' id='word_1_130' title='bbox 2864 542 3268 597; x_wconf 88' lang='grc' dir='ltr'>εὐλαϐεστάτου</span> <span class='ocrx_word' id='word_1_131' title='bbox 3309 539 3430 593; x_wconf 88' lang='grc' dir='ltr'>υίοῦ</span> <span class='ocrx_word' id='word_1_132' title='bbox 3462 540 3641 611; x_wconf 82' lang='grc' dir='ltr'>ήμῶν,</span> <span class='ocrx_word' id='word_1_133' title='bbox 3668 538 3763 591; x_wconf 73' lang='grc' dir='ltr'>καὶ</span> 
     </span>
    </p>
   </div>
   <div class='ocr_carea' id='block_1_21' title="bbox 2173 629 3763 706">
    <p class='ocr_par' dir='ltr' id='par_1_21' title="bbox 2173 629 3763 706">
     <span class='ocr_line' id='line_1_21' title="bbox 2173 629 3763 706; baseline -0.006 -16"><span class='ocrx_word' id='word_1_134' title='bbox 2173 636 2407 706; x_wconf 79' lang='grc' dir='ltr'>ἀδελφοῦ</span> <span class='ocrx_word' id='word_1_135' title='bbox 2462 653 2558 690; x_wconf 91' lang='grc' dir='ltr'><strong>σου</strong></span> <span class='ocrx_word' id='word_1_136' title='bbox 2618 635 2711 688; x_wconf 81' lang='grc' dir='ltr'>τοῦ</span> <span class='ocrx_word' id='word_1_137' title='bbox 2774 634 2945 705; x_wconf 82' lang='grc' dir='ltr'>κυροῦ</span> <span class='ocrx_word' id='word_1_138' title='bbox 2999 632 3276 703; x_wconf 88' lang='grc' dir='ltr'>Εὐθυμίου</span> <span class='ocrx_word' id='word_1_139' title='bbox 3329 630 3629 701; x_wconf 78' lang='grc' dir='ltr'>δυνηθῆναι</span> <span class='ocrx_word' id='word_1_140' title='bbox 3671 629 3763 681; x_wconf 79' lang='grc' dir='ltr'>τὸν</span> 
     </span>
    </p>
   </div>
   <div class='ocr_carea' id='block_1_22' title="bbox 2171 720 3763 800">
    <p class='ocr_par' dir='ltr' id='par_1_22' title="bbox 2171 720 3763 800">
     <span class='ocr_line' id='line_1_22' title="bbox 2171 720 3763 800; baseline -0.004 -19"><span class='ocrx_word' id='word_1_141' title='bbox 2171 728 2412 800; x_wconf 81' lang='grc' dir='ltr'>πονηρὸν</span> <span class='ocrx_word' id='word_1_142' title='bbox 2439 728 2767 800; x_wconf 81' lang='grc' dir='ltr'>ἐπισπεῖραι</span> <span class='ocrx_word' id='word_1_143' title='bbox 2815 727 3056 793; x_wconf 79' lang='grc' dir='ltr'>ζιζάνια,</span> <span class='ocrx_word' id='word_1_144' title='bbox 3109 726 3245 797; x_wconf 79' lang='grc' dir='ltr'>μηδὲ</span> <span class='ocrx_word' id='word_1_145' title='bbox 3275 720 3365 779; x_wconf 76' lang='grc' dir='ltr'><strong>οἷα</strong></span> <span class='ocrx_word' id='word_1_146' title='bbox 3411 723 3557 792; x_wconf 84' lang='grc' dir='ltr'>φιλεῖ</span> <span class='ocrx_word' id='word_1_147' title='bbox 3594 722 3763 775; x_wconf 88' lang='grc' dir='ltr'>πολυ-</span> 
     </span>
    </p>
   </div>
   <div class='ocr_carea' id='block_1_23' title="bbox 2174 813 3763 891">
    <p class='ocr_par' dir='ltr' id='par_1_23' title="bbox 2174 813 3763 891">
     <span class='ocr_line' id='line_1_23' title="bbox 2174 813 3763 891; baseline -0.007 -14"><span class='ocrx_word' id='word_1_148' title='bbox 2174 822 2420 891; x_wconf 85' lang='grc' dir='ltr'>μήχανος</span> <span class='ocrx_word' id='word_1_149' title='bbox 2452 820 2528 875; x_wconf 82' lang='grc' dir='ltr'>ὣν</span> <span class='ocrx_word' id='word_1_150' title='bbox 2560 822 2640 886; x_wconf 86' lang='grc' dir='ltr'><strong>είς</strong></span> <span class='ocrx_word' id='word_1_151' title='bbox 2673 821 2878 875; x_wconf 85' lang='grc' dir='ltr'>κακίαν</span> <span class='ocrx_word' id='word_1_152' title='bbox 2910 820 3008 874; x_wconf 76' lang='grc' dir='ltr'>καὶ</span> <span class='ocrx_word' id='word_1_153' title='bbox 3041 819 3138 874; x_wconf 78' lang='grc' dir='ltr'><strong>ἀπ’</strong></span> <span class='ocrx_word' id='word_1_154' title='bbox 3175 818 3352 889; x_wconf 83' lang='grc' dir='ltr'>ἀρχῆς</span> <span class='ocrx_word' id='word_1_155' title='bbox 3389 814 3593 885; x_wconf 82' lang='grc' dir='ltr'>μεταξὺ</span> <span class='ocrx_word' id='word_1_156' title='bbox 3623 813 3763 867; x_wconf 81' lang='grc' dir='ltr'>Θεοῦ</span> 
     </span>
    </p>
   </div>
   <div class='ocr_carea' id='block_1_24' title="bbox 2173 906 3769 985">
    <p class='ocr_par' dir='ltr' id='par_1_24' title="bbox 2173 906 3769 985">
     <span class='ocr_line' id='line_1_24' title="bbox 2173 906 3769 985; baseline -0.006 -17"><span class='ocrx_word' id='word_1_157' title='bbox 2173 915 2270 968; x_wconf 75' lang='grc' dir='ltr'><strong>καὶ</strong></span> <span class='ocrx_word' id='word_1_158' title='bbox 2298 913 2396 968; x_wconf 82' lang='grc' dir='ltr'><strong>τοῦ</strong></span> <span class='ocrx_word' id='word_1_159' title='bbox 2427 913 2752 985; x_wconf 80' lang='grc' dir='ltr'><strong>πλάσματος</strong></span> <span class='ocrx_word' id='word_1_160' title='bbox 2781 914 2882 983; x_wconf 86' lang='grc' dir='ltr'><strong>τὴν</strong></span> <span class='ocrx_word' id='word_1_161' title='bbox 2922 912 3129 984; x_wconf 77' lang='grc' dir='ltr'>ἔχθραν</span> <span class='ocrx_word' id='word_1_162' title='bbox 3155 906 3509 979; x_wconf 83' lang='grc' dir='ltr'>ἐκϐεϐληκὼς</span> <span class='ocrx_word' id='word_1_163' title='bbox 3549 906 3686 978; x_wconf 77' lang='grc' dir='ltr'>λάθῃ</span> <span class='ocrx_word' id='word_1_164' title='bbox 3711 924 3769 960; x_wconf 89' lang='grc' dir='ltr'><strong>τι</strong></span> 
     </span>
    </p>
   </div>
   <div class='ocr_carea' id='block_1_25' title="bbox 2173 1000 3766 1076">
    <p class='ocr_par' dir='ltr' id='par_1_25' title="bbox 2173 1000 3766 1076">
     <span class='ocr_line' id='line_1_25' title="bbox 2173 1000 3766 1076; baseline -0.004 -17"><span class='ocrx_word' id='word_1_165' title='bbox 2173 1004 2627 1076; x_wconf 86' lang='grc' dir='ltr'>παρεισενεγκὼν</span> <span class='ocrx_word' id='word_1_166' title='bbox 2680 1007 2780 1073; x_wconf 85' lang='grc' dir='ltr'>τῆς</span> <span class='ocrx_word' id='word_1_167' title='bbox 2809 1006 2867 1057; x_wconf 84' lang='grc' dir='ltr'><strong>ἐν</strong></span> <span class='ocrx_word' id='word_1_168' title='bbox 2904 1004 3097 1076; x_wconf 83' lang='grc' dir='ltr'>Κυρίῳ</span> <span class='ocrx_word' id='word_1_169' title='bbox 3131 1004 3387 1072; x_wconf 83' lang='grc' dir='ltr'>ἐνότητος</span> <span class='ocrx_word' id='word_1_170' title='bbox 3413 1000 3509 1055; x_wconf 82' lang='grc' dir='ltr'>καὶ</span> <span class='ocrx_word' id='word_1_171' title='bbox 3539 1002 3766 1069; x_wconf 79' lang='grc' dir='ltr'>ἀγάπης</span> 
     </span>
    </p>
   </div>
   <div class='ocr_carea' id='block_1_26' title="bbox 2180 1091 3769 1169">
    <p class='ocr_par' dir='ltr' id='par_1_26' title="bbox 2180 1091 3769 1169">
     <span class='ocr_line' id='line_1_26' title="bbox 2180 1091 3769 1169; baseline -0.005 -18"><span class='ocrx_word' id='word_1_172' title='bbox 2180 1097 2338 1169; x_wconf 83' lang='grc' dir='ltr'>ὐμῶν</span> <span class='ocrx_word' id='word_1_173' title='bbox 2373 1098 2715 1169; x_wconf 75' lang='grc' dir='ltr'>ἐναντίωμα·</span> <span class='ocrx_word' id='word_1_174' title='bbox 2744 1098 2862 1152; x_wconf 76' lang='grc' dir='ltr'>ἀλλ’</span> <span class='ocrx_word' id='word_1_175' title='bbox 2889 1093 2979 1152; x_wconf 81' lang='grc' dir='ltr'><strong>οία</strong></span> <span class='ocrx_word' id='word_1_176' title='bbox 3022 1095 3157 1150; x_wconf 83' lang='grc' dir='ltr'><strong>Θεοῦ</strong></span> <span class='ocrx_word' id='word_1_177' title='bbox 3200 1094 3493 1165; x_wconf 79' lang='grc' dir='ltr'>ἄνθρωπος</span> <span class='ocrx_word' id='word_1_178' title='bbox 3544 1091 3769 1163; x_wconf 79' lang='grc' dir='ltr'>ἀληθῶς</span> 
     </span>
    </p>
   </div>
   <div class='ocr_carea' id='block_1_27' title="bbox 2170 1183 3770 1259">
    <p class='ocr_par' dir='ltr' id='par_1_27' title="bbox 2170 1183 3770 1259">
     <span class='ocr_line' id='line_1_27' title="bbox 2170 1183 3770 1259; baseline -0.006 -16"><span class='ocrx_word' id='word_1_179' title='bbox 2170 1190 2270 1243; x_wconf 80' lang='grc' dir='ltr'>καὶ</span> <span class='ocrx_word' id='word_1_180' title='bbox 2301 1188 2459 1252; x_wconf 78' lang='grc' dir='ltr'>εἰδὼς</span> <span class='ocrx_word' id='word_1_181' title='bbox 2491 1189 2704 1249; x_wconf 83' lang='grc' dir='ltr'>πάντας</span> <span class='ocrx_word' id='word_1_182' title='bbox 2753 1188 3089 1259; x_wconf 82' lang='grc' dir='ltr'><strong>κερδαίνειν,</strong></span> <span class='ocrx_word' id='word_1_183' title='bbox 3140 1185 3287 1240; x_wconf 77' lang='grc' dir='ltr'>οὔτω</span> <span class='ocrx_word' id='word_1_184' title='bbox 3319 1186 3449 1254; x_wconf 77' lang='grc' dir='ltr'>περὶ</span> <span class='ocrx_word' id='word_1_185' title='bbox 3499 1183 3770 1247; x_wconf 78' lang='grc' dir='ltr'><strong>πλείστην</strong></span> 
     </span>
    </p>
   </div>
   <div class='ocr_carea' id='block_1_28' title="bbox 2170 1276 3769 1353">
    <p class='ocr_par' dir='ltr' id='par_1_28' title="bbox 2170 1276 3769 1353">
     <span class='ocr_line' id='line_1_28' title="bbox 2170 1276 3769 1353; baseline -0.004 -18"><span class='ocrx_word' id='word_1_186' title='bbox 2170 1280 2400 1353; x_wconf 84' lang='grc' dir='ltr'>γνώμην</span> <span class='ocrx_word' id='word_1_187' title='bbox 2435 1280 2733 1347; x_wconf 82' lang='grc' dir='ltr'>ἀναλαϐοὖ,</span> <span class='ocrx_word' id='word_1_188' title='bbox 2756 1279 2899 1335; x_wconf 84' lang='grc' dir='ltr'>ὥστε</span> <span class='ocrx_word' id='word_1_189' title='bbox 2931 1280 3187 1335; x_wconf 82' lang='grc' dir='ltr'>κάκεῖνον</span> <span class='ocrx_word' id='word_1_190' title='bbox 3216 1278 3313 1332; x_wconf 77' lang='grc' dir='ltr'>καὶ</span> <span class='ocrx_word' id='word_1_191' title='bbox 3345 1278 3472 1341; x_wconf 86' lang='grc' dir='ltr'><strong>τούς</strong></span> <span class='ocrx_word' id='word_1_192' title='bbox 3502 1278 3598 1331; x_wconf 85' lang='grc' dir='ltr'>σὺν</span> <span class='ocrx_word' id='word_1_193' title='bbox 3617 1276 3769 1347; x_wconf 84' lang='grc' dir='ltr'>αὐτῷ</span> 
     </span>
    </p>
   </div>
   <div class='ocr_carea' id='block_1_29' title="bbox 2170 1373 3770 1447">
    <p class='ocr_par' dir='ltr' id='par_1_29' title="bbox 2170 1373 3770 1447">
     <span class='ocr_line' id='line_1_29' title="bbox 2170 1373 3770 1447; baseline -0.003 -18"><span class='ocrx_word' id='word_1_194' title='bbox 2170 1375 2459 1445; x_wconf 86' lang='grc' dir='ltr'>κερδάναι,</span> <span class='ocrx_word' id='word_1_195' title='bbox 2493 1375 2592 1430; x_wconf 78' lang='grc' dir='ltr'>καὶ</span> <span class='ocrx_word' id='word_1_196' title='bbox 2624 1374 2900 1447; x_wconf 89' lang='grc' dir='ltr'>μηδεμίαν</span> <span class='ocrx_word' id='word_1_197' title='bbox 2933 1376 2993 1429; x_wconf 90' lang='grc' dir='ltr'><strong>ἐν</strong></span> <span class='ocrx_word' id='word_1_198' title='bbox 3025 1373 3220 1445; x_wconf 81' lang='grc' dir='ltr'>μηδενὶ</span> <span class='ocrx_word' id='word_1_199' title='bbox 3242 1375 3522 1446; x_wconf 86' lang='grc' dir='ltr'>πρόφασιν</span> <span class='ocrx_word' id='word_1_200' title='bbox 3552 1389 3770 1443; x_wconf 83' lang='grc' dir='ltr'>παρεμ-</span> 
     </span>
    </p>
   </div>
   <div class='ocr_carea' id='block_1_30' title="bbox 2173 1466 3771 1538">
    <p class='ocr_par' dir='ltr' id='par_1_30' title="bbox 2173 1466 3771 1538">
     <span class='ocr_line' id='line_1_30' title="bbox 2173 1466 3771 1538; baseline -0.001 -18"><span class='ocrx_word' id='word_1_201' title='bbox 2173 1469 2364 1521; x_wconf 79' lang='grc' dir='ltr'>πεσεῖν</span> <span class='ocrx_word' id='word_1_202' title='bbox 2422 1466 2691 1538; x_wconf 78' lang='grc' dir='ltr'>ὄιαφορᾶς</span> <span class='ocrx_word' id='word_1_203' title='bbox 2737 1466 2837 1521; x_wconf 75' lang='grc' dir='ltr'><strong>καὶ</strong></span> <span class='ocrx_word' id='word_1_204' title='bbox 2887 1467 3267 1532; x_wconf 76' lang='grc' dir='ltr'>διαστάσεως-⁸</span> <span class='ocrx_word' id='word_1_205' title='bbox 3325 1467 3422 1521; x_wconf 80' lang='grc' dir='ltr'>καὶ</span> <span class='ocrx_word' id='word_1_206' title='bbox 3453 1466 3631 1528; x_wconf 87' lang='grc' dir='ltr'>άλλως</span> <span class='ocrx_word' id='word_1_207' title='bbox 3668 1467 3771 1536; x_wconf 87' lang='grc' dir='ltr'><strong>μέν</strong></span> 
     </span>
    </p>
   </div>
   <div class='ocr_carea' id='block_1_31' title="bbox 2178 1558 3772 1632">
    <p class='ocr_par' dir='ltr' id='par_1_31' title="bbox 2178 1558 3772 1632">
     <span class='ocr_line' id='line_1_31' title="bbox 2178 1558 3772 1632; baseline -0.003 -18"><span class='ocrx_word' id='word_1_208' title='bbox 2178 1563 2290 1630; x_wconf 85' lang='grc' dir='ltr'>γὰρ</span> <span class='ocrx_word' id='word_1_209' title='bbox 2322 1563 2350 1614; x_wconf 88' lang='grc' dir='ltr'><strong>ό</strong></span> <span class='ocrx_word' id='word_1_210' title='bbox 2378 1558 2520 1632; x_wconf 79' lang='grc' dir='ltr'>ἀνὴρ</span> <span class='ocrx_word' id='word_1_211' title='bbox 2552 1559 2811 1631; x_wconf 79' lang='grc' dir='ltr'>θεοφιλὴς</span> <span class='ocrx_word' id='word_1_212' title='bbox 2856 1560 2953 1613; x_wconf 80' lang='grc' dir='ltr'>καὶ</span> <span class='ocrx_word' id='word_1_213' title='bbox 3007 1560 3210 1631; x_wconf 84' lang='grc' dir='ltr'>ἀρετῆς</span> <span class='ocrx_word' id='word_1_214' title='bbox 3234 1560 3498 1631; x_wconf 84' lang='grc' dir='ltr'>ἐργάτης.</span> <span class='ocrx_word' id='word_1_215' title='bbox 3549 1558 3663 1613; x_wconf 76' lang='grc' dir='ltr'><strong>Καὶ</strong></span> <span class='ocrx_word' id='word_1_216' title='bbox 3687 1559 3772 1612; x_wconf 85' lang='grc' dir='ltr'>δεῐ</span> 
     </span>
    </p>
   </div>
   <div class='ocr_carea' id='block_1_32' title="bbox 474 1649 2068 1740">
    <p class='ocr_par' dir='ltr' id='par_1_32' title="bbox 474 1649 2068 1740">
     <span class='ocr_line' id='line_1_32' title="bbox 474 1649 2068 1740; baseline -0.014 -17"><span class='ocrx_word' id='word_1_217' title='bbox 474 1667 697 1740; x_wconf 86' lang='lat' dir='ltr'><strong>pietatis</strong></span> <span class='ocrx_word' id='word_1_218' title='bbox 741 1676 923 1735; x_wconf 83' lang='lat' dir='ltr'><strong>praeco</strong></span> <span class='ocrx_word' id='word_1_219' title='bbox 962 1662 1016 1715; x_wconf 92' lang='lat' dir='ltr'><strong>in</strong></span> <span class='ocrx_word' id='word_1_220' title='bbox 1070 1666 1231 1729; x_wconf 79' lang='lat' dir='ltr'><strong>gente</strong></span> <span class='ocrx_word' id='word_1_221' title='bbox 1271 1656 1378 1710; x_wconf 86' lang='lat' dir='ltr'><strong>ista</strong></span> <span class='ocrx_word' id='word_1_222' title='bbox 1430 1652 1669 1709; x_wconf 80' lang='lat' dir='ltr'><strong>surrexit</strong></span> <span class='ocrx_word' id='word_1_223' title='bbox 1706 1659 1761 1705; x_wconf 90' lang='lat' dir='ltr'><strong>et</strong></span> <span class='ocrx_word' id='word_1_224' title='bbox 1804 1649 2068 1704; x_wconf 72' lang='lat' dir='ltr'><strong>doctrinae</strong></span> 
     </span>
    </p>
   </div>
   <div class='ocr_carea' id='block_1_33' title="bbox 2175 1649 3768 1740">
    <p class='ocr_par' dir='ltr' id='par_1_33' title="bbox 2176 1651 3768 1725">
     <span class='ocr_line' id='line_1_33' title="bbox 2176 1651 3768 1725; baseline -0.001 -19"><span class='ocrx_word' id='word_1_225' title='bbox 2176 1653 2276 1706; x_wconf 79' lang='grc' dir='ltr'>καὶ</span> <span class='ocrx_word' id='word_1_226' title='bbox 2302 1652 2393 1707; x_wconf 78' lang='grc' dir='ltr'>διὰ</span> <span class='ocrx_word' id='word_1_227' title='bbox 2408 1651 2572 1706; x_wconf 82' lang='grc' dir='ltr'>τοῦτο</span> <span class='ocrx_word' id='word_1_228' title='bbox 2606 1654 2665 1706; x_wconf 92' lang='grc' dir='ltr'><strong>ἐν</strong></span> <span class='ocrx_word' id='word_1_229' title='bbox 2700 1652 2856 1725; x_wconf 78' lang='grc' dir='ltr'>πάσῃ</span> <span class='ocrx_word' id='word_1_230' title='bbox 2888 1652 3030 1707; x_wconf 82' lang='grc' dir='ltr'>αίδοϊ</span> <span class='ocrx_word' id='word_1_231' title='bbox 3064 1653 3158 1709; x_wconf 76' lang='grc' dir='ltr'>καὶ</span> <span class='ocrx_word' id='word_1_232' title='bbox 3184 1656 3318 1724; x_wconf 81' lang='grc' dir='ltr'>τιμῇ</span> <span class='ocrx_word' id='word_1_233' title='bbox 3370 1653 3528 1722; x_wconf 80' lang='grc' dir='ltr'>ἄγειν</span> <span class='ocrx_word' id='word_1_234' title='bbox 3562 1652 3732 1706; x_wconf 77' lang='grc' dir='ltr'>αὐτόν</span> <span class='ocrx_word' id='word_1_235' title='bbox 3752 1668 3768 1683; x_wconf 74' lang='grc' dir='ltr'>ο</span> 
     </span>
    </p>
   </div>
   <div class='ocr_carea' id='block_1_34' title="bbox 476 1745 2068 1826">
    <p class='ocr_par' dir='ltr' id='par_1_34' title="bbox 476 1747 2064 1826">
     <span class='ocr_line' id='line_1_34' title="bbox 476 1747 2064 1826; baseline -0.013 -10"><span class='ocrx_word' id='word_1_236' title='bbox 476 1761 687 1816; x_wconf 88' lang='lat' dir='ltr'><strong>semina</strong></span> <span class='ocrx_word' id='word_1_237' title='bbox 719 1756 978 1826; x_wconf 85' lang='lat' dir='ltr'><strong>dispersit</strong></span> <span class='ocrx_word' id='word_1_238' title='bbox 1013 1761 1178 1821; x_wconf 87' lang='lat' dir='ltr'><strong>atque</strong></span> <span class='ocrx_word' id='word_1_239' title='bbox 1211 1751 1266 1804; x_wconf 93' lang='lat' dir='ltr'><strong>in</strong></span> <span class='ocrx_word' id='word_1_240' title='bbox 1297 1747 1556 1818; x_wconf 66' lang='lat' dir='ltr'><strong>praesenti</strong></span> <span class='ocrx_word' id='word_1_241' title='bbox 1596 1759 1694 1800; x_wconf 91' lang='lat' dir='ltr'><strong>ceu</strong></span> <span class='ocrx_word' id='word_1_242' title='bbox 1732 1750 2064 1812; x_wconf 87' lang='lat' dir='ltr'><strong>cooperator</strong></span> 
     </span>
    </p>
   </div>
   <div class='ocr_carea' id='block_1_35' title="bbox 2175 1745 3765 1826">
    <p class='ocr_par' dir='ltr' id='par_1_35' title="bbox 2179 1745 3765 1820">
     <span class='ocr_line' id='line_1_35' title="bbox 2179 1745 3765 1820; baseline -0.004 -17"><span class='ocrx_word' id='word_1_243' title='bbox 2179 1749 2418 1819; x_wconf 87' lang='grc' dir='ltr'>μάλιστα</span> <span class='ocrx_word' id='word_1_244' title='bbox 2451 1747 2510 1801; x_wconf 78' lang='grc' dir='ltr'><strong>δέ</strong></span> <span class='ocrx_word' id='word_1_245' title='bbox 2543 1750 2627 1803; x_wconf 79' lang='grc' dir='ltr'>ὅτι</span> <span class='ocrx_word' id='word_1_246' title='bbox 2661 1749 2755 1803; x_wconf 74' lang='grc' dir='ltr'><strong>καὶ</strong></span> <span class='ocrx_word' id='word_1_247' title='bbox 2790 1748 2898 1820; x_wconf 82' lang='grc' dir='ltr'><strong>πρὸ</strong></span> <span class='ocrx_word' id='word_1_248' title='bbox 2933 1748 3085 1819; x_wconf 76' lang='grc' dir='ltr'>ὑμῶν</span> <span class='ocrx_word' id='word_1_249' title='bbox 3116 1746 3300 1819; x_wconf 79' lang='grc' dir='ltr'>κήρυξ</span> <span class='ocrx_word' id='word_1_250' title='bbox 3328 1746 3431 1817; x_wconf 86' lang='grc' dir='ltr'>τῆς</span> <span class='ocrx_word' id='word_1_251' title='bbox 3466 1745 3765 1808; x_wconf 86' lang='grc' dir='ltr'>εὐσεϐείας</span> 
     </span>
    </p>
   </div>
   <div class='ocr_carea' id='block_1_36' title="bbox 474 1839 2067 1921">
    <p class='ocr_par' dir='ltr' id='par_1_36' title="bbox 474 1839 2067 1921">
     <span class='ocr_line' id='line_1_36' title="bbox 474 1839 2067 1921; baseline -0.013 -8"><span class='ocrx_word' id='word_1_252' title='bbox 474 1859 680 1913; x_wconf 85' lang='lat' dir='ltr'><strong>missus</strong></span> <span class='ocrx_word' id='word_1_253' title='bbox 707 1864 792 1910; x_wconf 86' lang='lat' dir='ltr'><strong>est</strong></span> <span class='ocrx_word' id='word_1_254' title='bbox 816 1851 915 1921; x_wconf 84' lang='lat' dir='ltr'><strong>qui</strong></span> <span class='ocrx_word' id='word_1_255' title='bbox 943 1849 1173 1918; x_wconf 88' lang='lat' dir='ltr'><strong>auspice</strong></span> <span class='ocrx_word' id='word_1_256' title='bbox 1204 1845 1315 1900; x_wconf 91' lang='lat' dir='ltr'><strong>Deo</strong></span> <span class='ocrx_word' id='word_1_257' title='bbox 1343 1853 1400 1899; x_wconf 90' lang='lat' dir='ltr'><strong>et</strong></span> <span class='ocrx_word' id='word_1_258' title='bbox 1428 1840 1645 1914; x_wconf 90' lang='lat' dir='ltr'><strong>pondus</strong></span> <span class='ocrx_word' id='word_1_259' title='bbox 1676 1839 1916 1911; x_wconf 91' lang='lat' dir='ltr'><strong>Spiritus</strong></span> <span class='ocrx_word' id='word_1_260' title='bbox 1942 1853 2067 1909; x_wconf 74' lang='lat' dir='ltr'><strong>gra-</strong></span> 
     </span>
    </p>
   </div>
   <div class='ocr_carea' id='block_1_37' title="bbox 478 1932 2057 2008">
    <p class='ocr_par' dir='ltr' id='par_1_37' title="bbox 478 1932 2057 2008">
     <span class='ocr_line' id='line_1_37' title="bbox 478 1932 2057 2008; baseline -0.01 -4"><span class='ocrx_word' id='word_1_261' title='bbox 478 1951 552 2004; x_wconf 88' lang='lat' dir='ltr'><strong>tia</strong></span> <span class='ocrx_word' id='word_1_262' title='bbox 600 1950 850 2002; x_wconf 90' lang='lat' dir='ltr'><strong>laborum</strong></span> <span class='ocrx_word' id='word_1_263' title='bbox 901 1953 1207 1997; x_wconf 83' lang='lat' dir='ltr'><strong>vestrorum</strong></span> <span class='ocrx_word' id='word_1_264' title='bbox 1248 1936 1507 2008; x_wconf 83' lang='lat' dir='ltr'><strong>operibus</strong></span> <span class='ocrx_word' id='word_1_265' title='bbox 1559 1934 1677 1990; x_wconf 89' lang='lat' dir='ltr'><strong>suis</strong></span> <span class='ocrx_word' id='word_1_266' title='bbox 1721 1932 2057 1989; x_wconf 80' lang='lat' dir='ltr'><strong>sublevavit.</strong></span> 
     </span>
    </p>
   </div>
   <div class='ocr_carea' id='block_1_38' title="bbox 477 2024 2064 2105">
    <p class='ocr_par' dir='ltr' id='par_1_38' title="bbox 477 2024 2064 2105">
     <span class='ocr_line' id='line_1_38' title="bbox 477 2024 2064 2105; baseline -0.013 -7"><span class='ocrx_word' id='word_1_267' title='bbox 477 2038 841 2100; x_wconf 82' lang='lat' dir='ltr'><strong>Gaudendum</strong></span> <span class='ocrx_word' id='word_1_268' title='bbox 889 2035 1058 2105; x_wconf 81' lang='lat' dir='ltr'><strong>igitur</strong></span> <span class='ocrx_word' id='word_1_269' title='bbox 1102 2040 1160 2087; x_wconf 86' lang='lat' dir='ltr'><strong>et</strong></span> <span class='ocrx_word' id='word_1_270' title='bbox 1207 2029 1277 2085; x_wconf 83' lang='lat' dir='ltr'><strong>de</strong></span> <span class='ocrx_word' id='word_1_271' title='bbox 1327 2029 1413 2083; x_wconf 86' lang='lat' dir='ltr'><strong>bis</strong></span> <span class='ocrx_word' id='word_1_272' title='bbox 1453 2035 1636 2097; x_wconf 72' lang='lat' dir='ltr'><strong>grates</strong></span> <span class='ocrx_word' id='word_1_273' title='bbox 1667 2025 1780 2080; x_wconf 87' lang='lat' dir='ltr'><strong>Deo</strong></span> <span class='ocrx_word' id='word_1_274' title='bbox 1818 2024 2064 2095; x_wconf 80' lang='lat' dir='ltr'><strong>agendae,</strong></span> 
     </span>
    </p>
   </div>
   <div class='ocr_carea' id='block_1_39' title="bbox 479 2116 2062 2193">
    <p class='ocr_par' dir='ltr' id='par_1_39' title="bbox 479 2116 2062 2193">
     <span class='ocr_line' id='line_1_39' title="bbox 479 2116 2062 2193; baseline -0.013 -3"><span class='ocrx_word' id='word_1_275' title='bbox 479 2135 680 2190; x_wconf 87' lang='lat' dir='ltr'><strong>nedum</strong></span> <span class='ocrx_word' id='word_1_276' title='bbox 729 2128 997 2185; x_wconf 84' lang='lat' dir='ltr'><strong>crucieris</strong></span> <span class='ocrx_word' id='word_1_277' title='bbox 1057 2137 1235 2193; x_wconf 79' lang='lat' dir='ltr'><strong>neque</strong></span> <span class='ocrx_word' id='word_1_278' title='bbox 1290 2119 1519 2190; x_wconf 86' lang='lat' dir='ltr'><strong>patiaris</strong></span> <span class='ocrx_word' id='word_1_279' title='bbox 1581 2117 1713 2188; x_wconf 86' lang='lat' dir='ltr'><strong>quid</strong></span> <span class='ocrx_word' id='word_1_280' title='bbox 1770 2116 2062 2181; x_wconf 84' lang='lat' dir='ltr'><strong>charitate,</strong></span> 
     </span>
    </p>
   </div>
   <div class='ocr_carea' id='block_1_40' title="bbox 477 2216 1428 2299">
    <p class='ocr_par' dir='ltr' id='par_1_40' title="bbox 477 2216 1428 2299">
     <span class='ocr_line' id='line_1_40' title="bbox 477 2216 1428 2299; baseline -0.018 -15"><span class='ocrx_word' id='word_1_281' title='bbox 477 2225 786 2299; x_wconf 73' lang='lat' dir='ltr'><strong>praesertim</strong></span> <span class='ocrx_word' id='word_1_282' title='bbox 813 2220 1084 2292; x_wconf 86' lang='lat' dir='ltr'><strong>Spiritus,</strong></span> <span class='ocrx_word' id='word_1_283' title='bbox 1117 2216 1428 2287; x_wconf 72' lang='lat' dir='ltr'><strong>indignum.</strong></span> 
     </span>
    </p>
   </div>
   <div class='ocr_carea' id='block_1_41' title="bbox 2170 1836 3773 1911">
    <p class='ocr_par' dir='ltr' id='par_1_41' title="bbox 2170 1836 3773 1911">
     <span class='ocr_line' id='line_1_41' title="bbox 2170 1836 3773 1911; baseline -0.003 -17"><span class='ocrx_word' id='word_1_284' title='bbox 2170 1840 2251 1911; x_wconf 78' lang='grc' dir='ltr'>τῷ</span> <span class='ocrx_word' id='word_1_285' title='bbox 2271 1839 2417 1894; x_wconf 67' lang='grc' dir='ltr'>ἔθνει</span> <span class='ocrx_word' id='word_1_286' title='bbox 2464 1840 2679 1909; x_wconf 82' lang='grc' dir='ltr'>γέγονε,</span> <span class='ocrx_word' id='word_1_287' title='bbox 2708 1839 2806 1895; x_wconf 77' lang='grc' dir='ltr'>καὶ</span> <span class='ocrx_word' id='word_1_288' title='bbox 2844 1838 3009 1903; x_wconf 80' lang='grc' dir='ltr'>αὐτὸς</span> <span class='ocrx_word' id='word_1_289' title='bbox 3037 1839 3130 1894; x_wconf 82' lang='grc' dir='ltr'>τὸν</span> <span class='ocrx_word' id='word_1_290' title='bbox 3184 1839 3388 1909; x_wconf 85' lang='grc' dir='ltr'><strong>σπόρον</strong></span> <span class='ocrx_word' id='word_1_291' title='bbox 3436 1836 3773 1893; x_wconf 88' lang='grc' dir='ltr'>κατεϐάλετο</span> 
     </span>
    </p>
   </div>
   <div class='ocr_carea' id='block_1_42' title="bbox 2172 1928 3775 2003">
    <p class='ocr_par' dir='ltr' id='par_1_42' title="bbox 2172 1928 3775 2003">
     <span class='ocr_line' id='line_1_42' title="bbox 2172 1928 3775 2003; baseline -0.007 -14"><span class='ocrx_word' id='word_1_292' title='bbox 2172 1933 2270 2003; x_wconf 85' lang='grc' dir='ltr'>τῆς</span> <span class='ocrx_word' id='word_1_293' title='bbox 2301 1931 2681 1996; x_wconf 85' lang='grc' dir='ltr'>διδασκαλίας,</span> <span class='ocrx_word' id='word_1_294' title='bbox 2720 1933 2814 1986; x_wconf 79' lang='grc' dir='ltr'>καὶ</span> <span class='ocrx_word' id='word_1_295' title='bbox 2851 1931 2949 1986; x_wconf 84' lang='grc' dir='ltr'>νῦν</span> <span class='ocrx_word' id='word_1_296' title='bbox 2973 1930 3255 1987; x_wconf 75' lang='grc' dir='ltr'>ἐπὶτοῦτο</span> <span class='ocrx_word' id='word_1_297' title='bbox 3298 1930 3584 1985; x_wconf 77' lang='grc' dir='ltr'>ἐστείλατο</span> <span class='ocrx_word' id='word_1_298' title='bbox 3631 1928 3775 2000; x_wconf 73' lang='grc' dir='ltr'>πρὸς</span> 
     </span>
    </p>
   </div>
   <div class='ocr_carea' id='block_1_43' title="bbox 2175 2020 3773 2097">
    <p class='ocr_par' dir='ltr' id='par_1_43' title="bbox 2175 2020 3773 2097">
     <span class='ocr_line' id='line_1_43' title="bbox 2175 2020 3773 2097; baseline -0.006 -16"><span class='ocrx_word' id='word_1_299' title='bbox 2175 2026 2320 2097; x_wconf 74' lang='grc' dir='ltr'>ὑμᾶς</span> <span class='ocrx_word' id='word_1_300' title='bbox 2355 2024 2450 2080; x_wconf 81' lang='grc' dir='ltr'>τοῦ</span> <span class='ocrx_word' id='word_1_301' title='bbox 2477 2028 2822 2097; x_wconf 84' lang='grc' dir='ltr'>συνεργάτης</span> <span class='ocrx_word' id='word_1_302' title='bbox 2854 2024 3113 2094; x_wconf 77' lang='grc' dir='ltr'>γενέσθαι</span> <span class='ocrx_word' id='word_1_303' title='bbox 3160 2025 3259 2079; x_wconf 79' lang='grc' dir='ltr'>καὶ</span> <span class='ocrx_word' id='word_1_304' title='bbox 3283 2025 3381 2078; x_wconf 82' lang='grc' dir='ltr'><strong>σὺν</strong></span> <span class='ocrx_word' id='word_1_305' title='bbox 3431 2021 3553 2093; x_wconf 83' lang='grc' dir='ltr'><strong>Θεῷ</strong></span> <span class='ocrx_word' id='word_1_306' title='bbox 3599 2020 3773 2091; x_wconf 92' lang='grc' dir='ltr'>φάναι</span> 
     </span>
    </p>
   </div>
   <div class='ocr_carea' id='block_1_44' title="bbox 2169 2103 3770 2189">
    <p class='ocr_par' dir='ltr' id='par_1_44' title="bbox 2169 2103 3770 2189">
     <span class='ocr_line' id='line_1_44' title="bbox 2169 2103 3770 2189; baseline -0.004 -18"><span class='ocrx_word' id='word_1_307' title='bbox 2169 2120 2237 2188; x_wconf 77' lang='grc' dir='ltr'><strong>τῇ</strong></span> <span class='ocrx_word' id='word_1_308' title='bbox 2280 2103 2541 2189; x_wconf 71' lang='grc' dir='ltr'>κοινωνία</span> <span class='ocrx_word' id='word_1_309' title='bbox 2569 2116 2671 2187; x_wconf 84' lang='grc' dir='ltr'>τῆς</span> <span class='ocrx_word' id='word_1_310' title='bbox 2726 2116 3118 2187; x_wconf 83' lang='grc' dir='ltr'>πνευματικῆς</span> <span class='ocrx_word' id='word_1_311' title='bbox 3164 2116 3431 2188; x_wconf 85' lang='grc' dir='ltr'>ἐργασίας</span> <span class='ocrx_word' id='word_1_312' title='bbox 3459 2111 3770 2185; x_wconf 85' lang='grc' dir='ltr'>ἐπελαφρῦ-</span> 
     </span>
    </p>
   </div>
   <div class='ocr_carea' id='block_1_45' title="bbox 2170 2207 3771 2282">
    <p class='ocr_par' dir='ltr' id='par_1_45' title="bbox 2170 2207 3771 2282">
     <span class='ocr_line' id='line_1_45' title="bbox 2170 2207 3771 2282; baseline -0.006 -16"><span class='ocrx_word' id='word_1_313' title='bbox 2170 2210 2258 2266; x_wconf 89' lang='grc' dir='ltr'><strong>ναί</strong></span> <span class='ocrx_word' id='word_1_314' title='bbox 2284 2228 2368 2266; x_wconf 94' lang='grc' dir='ltr'><strong>σοι</strong></span> <span class='ocrx_word' id='word_1_315' title='bbox 2399 2210 2462 2267; x_wconf 79' lang='grc' dir='ltr'>τὸ</span> <span class='ocrx_word' id='word_1_316' title='bbox 2487 2210 2657 2282; x_wconf 82' lang='grc' dir='ltr'>βάρος</span> <span class='ocrx_word' id='word_1_317' title='bbox 2685 2210 2796 2264; x_wconf 83' lang='grc' dir='ltr'><strong>τῶν</strong></span> <span class='ocrx_word' id='word_1_318' title='bbox 2824 2211 3028 2265; x_wconf 90' lang='grc' dir='ltr'>πόνων.</span> <span class='ocrx_word' id='word_1_319' title='bbox 3086 2210 3316 2281; x_wconf 84' lang='grc' dir='ltr'>Χαίρειν</span> <span class='ocrx_word' id='word_1_320' title='bbox 3343 2208 3437 2263; x_wconf 79' lang='grc' dir='ltr'><strong>οὖν</strong></span> <span class='ocrx_word' id='word_1_321' title='bbox 3466 2209 3562 2262; x_wconf 77' lang='grc' dir='ltr'>ἐπὶ</span> <span class='ocrx_word' id='word_1_322' title='bbox 3587 2207 3771 2272; x_wconf 81' lang='grc' dir='ltr'>τοῦτο,</span> 
     </span>
    </p>
   </div>
   <div class='ocr_carea' id='block_1_46' title="bbox 475 2300 3775 2392">
    <p class='ocr_par' dir='ltr' id='par_1_46' title="bbox 475 2300 3775 2392">
     <span class='ocr_line' id='line_1_46' title="bbox 475 2300 3775 2392; baseline -0.005 -19"><span class='ocrx_word' id='word_1_323' title='bbox 475 2320 637 2392; x_wconf 85' lang='grc' dir='ltr'>χάριν</span> <span class='ocrx_word' id='word_1_324' title='bbox 671 2315 961 2387; x_wconf 78' lang='grc' dir='ltr'>ὁμολογεῖν</span> <span class='ocrx_word' id='word_1_325' title='bbox 990 2313 1111 2367; x_wconf 73' lang='grc' dir='ltr'>δέον</span> <span class='ocrx_word' id='word_1_326' title='bbox 1163 2308 1306 2380; x_wconf 83' lang='grc' dir='ltr'>Θεῷ,</span> <span class='ocrx_word' id='word_1_327' title='bbox 1347 2306 1469 2378; x_wconf 71' lang='grc' dir='ltr'>οὐχὶ</span> <span class='ocrx_word' id='word_1_328' title='bbox 1497 2306 1557 2360; x_wconf 85' lang='grc' dir='ltr'><strong>δέ</strong></span> <span class='ocrx_word' id='word_1_329' title='bbox 1585 2303 1907 2376; x_wconf 78' lang='grc' dir='ltr'>ἀνιαθῆναι,</span> <span class='ocrx_word' id='word_1_330' title='bbox 1933 2303 2058 2357; x_wconf 80' lang='grc' dir='ltr'>οὐδὲ</span> <span class='ocrx_word' id='word_1_331' title='bbox 2092 2307 2289 2361; x_wconf 80' lang='grc' dir='ltr'>παθεῖν</span> <span class='ocrx_word' id='word_1_332' title='bbox 2340 2323 2398 2361; x_wconf 88' lang='grc' dir='ltr'><strong>τι</strong></span> <span class='ocrx_word' id='word_1_333' title='bbox 2466 2305 2692 2371; x_wconf 80' lang='grc' dir='ltr'>ἀνάξιον</span> <span class='ocrx_word' id='word_1_334' title='bbox 2744 2305 2969 2377; x_wconf 81' lang='grc' dir='ltr'>ἀγάπης</span> <span class='ocrx_word' id='word_1_335' title='bbox 3016 2304 3257 2375; x_wconf 86' lang='grc' dir='ltr'>μάλιστα</span> <span class='ocrx_word' id='word_1_336' title='bbox 3312 2306 3412 2376; x_wconf 80' lang='grc' dir='ltr'>τῆς</span> <span class='ocrx_word' id='word_1_337' title='bbox 3440 2302 3537 2358; x_wconf 85' lang='grc' dir='ltr'><strong>τοῦ</strong></span> <span class='ocrx_word' id='word_1_338' title='bbox 3596 2300 3775 2356; x_wconf 88' lang='grc' dir='ltr'>Πνεύ·’</span> 
     </span>
    </p>
   </div>
   <div class='ocr_carea' id='block_1_47' title="bbox 522 2431 675 2469">
    <p class='ocr_par' dir='ltr' id='par_1_47' title="bbox 522 2431 675 2469">
     <span class='ocr_line' id='line_1_47' title="bbox 522 2431 675 2469; baseline -0.013 0"><span class='ocrx_word' id='word_1_339' title='bbox 522 2431 652 2469; x_wconf 80' lang='grc' dir='ltr'>ατος</span> <span class='ocrx_word' id='word_1_340' title='bbox 659 2452 675 2467; x_wconf 78' lang='grc' dir='ltr'><strong><em>ο</em></strong></span> 
     </span>
    </p>
   </div>
   <div class='ocr_carea' id='block_1_48' title="bbox 478 2429 2064 2570">
    <p class='ocr_par' dir='ltr' id='par_1_48' title="bbox 478 2429 2064 2570">
     <span class='ocr_line' id='line_1_48' title="bbox 522 2431 675 2469; baseline -0.013 0"><span class='ocrx_word' id='word_1_341' title='bbox 522 2431 620 2469; x_wconf 87' lang='grc' dir='ltr'><strong>ατο</strong></span> <span class='ocrx_word' id='word_1_342' title='bbox 659 2452 675 2467; x_wconf 77' lang='grc' dir='ltr'><strong><em>ο</em></strong></span> 
     </span>
     <span class='ocr_line' id='line_1_49' title="bbox 478 2429 2064 2570; baseline -0.005 -13"><span class='ocrx_word' id='word_1_343' title='bbox 478 2433 517 2486; x_wconf 71' lang='grc' dir='ltr'><strong>μ</strong></span> <span class='ocrx_word' id='word_1_344' title='bbox 550 2429 678 2557; x_wconf 61' lang='grc' dir='ltr'><strong>Ηοξο</strong></span> <span class='ocrx_word' id='word_1_345' title='bbox 731 2501 918 2558; x_wconf 86' lang='lat' dir='ltr'><strong>scribo</strong></span> <span class='ocrx_word' id='word_1_346' title='bbox 966 2514 1081 2556; x_wconf 88' lang='lat' dir='ltr'><strong>non</strong></span> <span class='ocrx_word' id='word_1_347' title='bbox 1116 2510 1348 2570; x_wconf 83' lang='lat' dir='ltr'><strong>sperans</strong></span> <span class='ocrx_word' id='word_1_348' title='bbox 1399 2504 1583 2554; x_wconf 88' lang='lat' dir='ltr'><strong>tamen</strong></span> <span class='ocrx_word' id='word_1_349' title='bbox 1643 2511 1735 2553; x_wconf 88' lang='lat' dir='ltr'><strong>res</strong></span> <span class='ocrx_word' id='word_1_350' title='bbox 1787 2494 1888 2551; x_wconf 89' lang='lat' dir='ltr'><strong>tibi</strong></span> <span class='ocrx_word' id='word_1_351' title='bbox 1926 2494 2064 2550; x_wconf 86' lang='lat' dir='ltr'><strong>tales</strong></span> 
     </span>
    </p>
   </div>
   <div class='ocr_carea' id='block_1_49' title="bbox 2241 2490 3777 2564">
    <p class='ocr_par' dir='ltr' id='par_1_49' title="bbox 2241 2490 3777 2564">
     <span class='ocr_line' id='line_1_50' title="bbox 2241 2490 3777 2564; baseline -0.003 -18"><span class='ocrx_word' id='word_1_352' title='bbox 2241 2492 2449 2564; x_wconf 80' lang='grc' dir='ltr'>Γράφω</span> <span class='ocrx_word' id='word_1_353' title='bbox 2504 2490 2687 2548; x_wconf 80' lang='grc' dir='ltr'>ταῦτα</span> <span class='ocrx_word' id='word_1_354' title='bbox 2715 2493 2815 2563; x_wconf 87' lang='grc' dir='ltr'><strong>οὐχ</strong></span> <span class='ocrx_word' id='word_1_355' title='bbox 2873 2492 3048 2556; x_wconf 74' lang='grc' dir='ltr'>οὕτως</span> <span class='ocrx_word' id='word_1_356' title='bbox 3102 2490 3340 2556; x_wconf 77' lang='grc' dir='ltr'>ἐλπίζων</span> <span class='ocrx_word' id='word_1_357' title='bbox 3382 2490 3777 2562; x_wconf 88' lang='grc' dir='ltr'>συμϐήσεσθαι</span> 
     </span>
    </p>
   </div>
   <div class='ocr_carea' id='block_1_50' title="bbox 477 2581 2068 2662">
    <p class='ocr_par' dir='ltr' id='par_1_50' title="bbox 477 2589 2063 2662">
     <span class='ocr_line' id='line_1_51' title="bbox 477 2589 2063 2662; baseline -0.006 -11"><span class='ocrx_word' id='word_1_358' title='bbox 477 2604 773 2651; x_wconf 90' lang='lat' dir='ltr'><strong>eventuras</strong></span> <span class='ocrx_word' id='word_1_359' title='bbox 810 2608 960 2662; x_wconf 88' lang='lat' dir='ltr'><strong>esse,</strong></span> <span class='ocrx_word' id='word_1_360' title='bbox 1002 2594 1096 2648; x_wconf 87' lang='lat' dir='ltr'><strong>sed</strong></span> <span class='ocrx_word' id='word_1_361' title='bbox 1135 2600 1433 2657; x_wconf 85' lang='lat' dir='ltr'><strong>versutam,</strong></span> <span class='ocrx_word' id='word_1_362' title='bbox 1469 2590 1690 2660; x_wconf 76' lang='lat' dir='ltr'><strong>maligni</strong></span> <span class='ocrx_word' id='word_1_363' title='bbox 1730 2589 2063 2646; x_wconf 81' lang='lat' dir='ltr'><strong>simultatem</strong></span> 
     </span>
    </p>
   </div>
   <div class='ocr_carea' id='block_1_51' title="bbox 2175 2581 3774 2662">
    <p class='ocr_par' dir='ltr' id='par_1_51' title="bbox 2175 2581 3774 2656">
     <span class='ocr_line' id='line_1_52' title="bbox 2175 2581 3774 2656; baseline -0.002 -18"><span class='ocrx_word' id='word_1_364' title='bbox 2175 2585 2240 2639; x_wconf 80' lang='grc' dir='ltr'>τὰ</span> <span class='ocrx_word' id='word_1_365' title='bbox 2273 2586 2403 2655; x_wconf 79' lang='grc' dir='ltr'>περὶ</span> <span class='ocrx_word' id='word_1_366' title='bbox 2442 2583 2527 2650; x_wconf 85' lang='grc' dir='ltr'>σὲ,</span> <span class='ocrx_word' id='word_1_367' title='bbox 2565 2585 2703 2639; x_wconf 83' lang='grc' dir='ltr'>ἀλλὰ</span> <span class='ocrx_word' id='word_1_368' title='bbox 2726 2587 2829 2656; x_wconf 84' lang='grc' dir='ltr'>τὴν</span> <span class='ocrx_word' id='word_1_369' title='bbox 2877 2583 3218 2656; x_wconf 83' lang='grc' dir='ltr'>πολύτροπον</span> <span class='ocrx_word' id='word_1_370' title='bbox 3266 2582 3619 2654; x_wconf 75' lang='grc' dir='ltr'>ὑφορώμενος</span> <span class='ocrx_word' id='word_1_371' title='bbox 3670 2581 3774 2636; x_wconf 81' lang='grc' dir='ltr'>τοῦ</span> 
     </span>
    </p>
   </div>
   <div class='ocr_carea' id='block_1_52' title="bbox 476 2682 2067 2758">
    <p class='ocr_par' dir='ltr' id='par_1_52' title="bbox 476 2682 2067 2758">
     <span class='ocr_line' id='line_1_53' title="bbox 476 2682 2067 2758; baseline -0.005 -15"><span class='ocrx_word' id='word_1_372' title='bbox 476 2689 936 2758; x_wconf 84' lang='lat' dir='ltr'><strong>perhorrescens;</strong></span> <span class='ocrx_word' id='word_1_373' title='bbox 989 2685 1194 2741; x_wconf 89' lang='lat' dir='ltr'><strong>etenim</strong></span> <span class='ocrx_word' id='word_1_374' title='bbox 1236 2682 1401 2739; x_wconf 84' lang='lat' dir='ltr'><strong>bonis</strong></span> <span class='ocrx_word' id='word_1_375' title='bbox 1452 2684 1640 2740; x_wconf 89' lang='lat' dir='ltr'><strong>favere</strong></span> <span class='ocrx_word' id='word_1_376' title='bbox 1689 2697 1800 2738; x_wconf 89' lang='lat' dir='ltr'><strong>non</strong></span> <span class='ocrx_word' id='word_1_377' title='bbox 1864 2688 2067 2751; x_wconf 83' lang='lat' dir='ltr'><strong>potest,</strong></span> 
     </span>
    </p>
   </div>
   <div class='ocr_carea' id='block_1_53' title="bbox 2174 2672 3778 2750">
    <p class='ocr_par' dir='ltr' id='par_1_53' title="bbox 2174 2672 3778 2750">
     <span class='ocr_line' id='line_1_54' title="bbox 2174 2672 3778 2750; baseline -0.002 -18"><span class='ocrx_word' id='word_1_378' title='bbox 2174 2676 2416 2750; x_wconf 80' lang='grc' dir='ltr'>πονηροῦ</span> <span class='ocrx_word' id='word_1_379' title='bbox 2446 2678 2798 2748; x_wconf 83' lang='grc' dir='ltr'>δυσμένειαν,</span> <span class='ocrx_word' id='word_1_380' title='bbox 2824 2682 2922 2731; x_wconf 77' lang='grc' dir='ltr'><strong>καί</strong></span> <span class='ocrx_word' id='word_1_381' title='bbox 2972 2672 3084 2739; x_wconf 79' lang='grc' dir='ltr'>οἷος</span> <span class='ocrx_word' id='word_1_382' title='bbox 3112 2678 3324 2739; x_wconf 79' lang='grc' dir='ltr'>ἐκεῖνος</span> <span class='ocrx_word' id='word_1_383' title='bbox 3367 2676 3471 2729; x_wconf 88' lang='grc' dir='ltr'><strong>οὐκ</strong></span> <span class='ocrx_word' id='word_1_384' title='bbox 3507 2674 3648 2747; x_wconf 79' lang='grc' dir='ltr'>ἔχων</span> <span class='ocrx_word' id='word_1_385' title='bbox 3676 2675 3778 2728; x_wconf 76' lang='grc' dir='ltr'>ἐπὶ</span> 
     </span>
    </p>
   </div>
   <div class='ocr_carea' id='block_1_54' title="bbox 479 2766 2068 2850">
    <p class='ocr_par' dir='ltr' id='par_1_54' title="bbox 479 2774 2068 2850">
     <span class='ocr_line' id='line_1_55' title="bbox 479 2774 2068 2850; baseline -0.004 -15"><span class='ocrx_word' id='word_1_386' title='bbox 479 2781 577 2835; x_wconf 89' lang='lat' dir='ltr'><strong>sed</strong></span> <span class='ocrx_word' id='word_1_387' title='bbox 612 2788 938 2850; x_wconf 89' lang='lat' dir='ltr'><strong>perpetuum</strong></span> <span class='ocrx_word' id='word_1_388' title='bbox 980 2792 1105 2834; x_wconf 91' lang='lat' dir='ltr'><strong>cum</strong></span> <span class='ocrx_word' id='word_1_389' title='bbox 1149 2778 1219 2832; x_wconf 90' lang='lat' dir='ltr'><strong>iis</strong></span> <span class='ocrx_word' id='word_1_390' title='bbox 1270 2776 1474 2832; x_wconf 88' lang='lat' dir='ltr'><strong>bellum</strong></span> <span class='ocrx_word' id='word_1_391' title='bbox 1525 2776 1668 2846; x_wconf 71' lang='lat' dir='ltr'><strong>gerit</strong></span> <span class='ocrx_word' id='word_1_392' title='bbox 1714 2774 1880 2845; x_wconf 89' lang='lat' dir='ltr'><strong>idque</strong></span> <span class='ocrx_word' id='word_1_393' title='bbox 1926 2787 2068 2829; x_wconf 89' lang='lat' dir='ltr'><strong>nunc</strong></span> 
     </span>
    </p>
   </div>
   <div class='ocr_carea' id='block_1_55' title="bbox 2175 2766 3776 2850">
    <p class='ocr_par' dir='ltr' id='par_1_55' title="bbox 2175 2766 3776 2840">
     <span class='ocr_line' id='line_1_56' title="bbox 2175 2766 3776 2840; baseline -0.002 -17"><span class='ocrx_word' id='word_1_394' title='bbox 2175 2770 2283 2833; x_wconf 83' lang='grc' dir='ltr'>τοῖς</span> <span class='ocrx_word' id='word_1_395' title='bbox 2314 2768 2502 2832; x_wconf 88' lang='grc' dir='ltr'>καλοῖς</span> <span class='ocrx_word' id='word_1_396' title='bbox 2535 2771 2790 2840; x_wconf 78' lang='grc' dir='ltr'>ἠρεμεῖν,</span> <span class='ocrx_word' id='word_1_397' title='bbox 2822 2767 2966 2822; x_wconf 81' lang='grc' dir='ltr'>ἀλλὰ</span> <span class='ocrx_word' id='word_1_398' title='bbox 3001 2768 3088 2823; x_wconf 80' lang='grc' dir='ltr'><strong>διὰ</strong></span> <span class='ocrx_word' id='word_1_399' title='bbox 3125 2767 3330 2831; x_wconf 81' lang='grc' dir='ltr'>παντὸς</span> <span class='ocrx_word' id='word_1_400' title='bbox 3355 2766 3546 2835; x_wconf 84' lang='grc' dir='ltr'>ἀγῶνα</span> <span class='ocrx_word' id='word_1_401' title='bbox 3574 2766 3776 2820; x_wconf 84' lang='grc' dir='ltr'>ποιού-</span> 
     </span>
    </p>
   </div>
   <div class='ocr_carea' id='block_1_56' title="bbox 478 2858 2068 2933">
    <p class='ocr_par' dir='ltr' id='par_1_56' title="bbox 478 2864 2068 2929">
     <span class='ocr_line' id='line_1_57' title="bbox 478 2864 2068 2929; baseline -0.006 -1"><span class='ocrx_word' id='word_1_402' title='bbox 478 2874 721 2928; x_wconf 78' lang='lat' dir='ltr'><strong>maxime</strong></span> <span class='ocrx_word' id='word_1_403' title='bbox 758 2887 885 2929; x_wconf 91' lang='lat' dir='ltr'><strong>cum</strong></span> <span class='ocrx_word' id='word_1_404' title='bbox 935 2880 1147 2925; x_wconf 89' lang='lat' dir='ltr'><strong>tantum</strong></span> <span class='ocrx_word' id='word_1_405' title='bbox 1196 2868 1264 2924; x_wconf 85' lang='lat' dir='ltr'><strong>ad</strong></span> <span class='ocrx_word' id='word_1_406' title='bbox 1317 2868 1603 2924; x_wconf 86' lang='lat' dir='ltr'><strong>hominum</strong></span> <span class='ocrx_word' id='word_1_407' title='bbox 1664 2866 1897 2923; x_wconf 83' lang='lat' dir='ltr'><strong>salutem</strong></span> <span class='ocrx_word' id='word_1_408' title='bbox 1952 2864 2068 2920; x_wconf 81' lang='lat' dir='ltr'><strong>fieri</strong></span> 
     </span>
    </p>
   </div>
   <div class='ocr_carea' id='block_1_57' title="bbox 2175 2858 3775 2933">
    <p class='ocr_par' dir='ltr' id='par_1_57' title="bbox 2175 2858 3775 2933">
     <span class='ocr_line' id='line_1_58' title="bbox 2175 2858 3775 2933; baseline -0.002 -19"><span class='ocrx_word' id='word_1_409' title='bbox 2175 2878 2333 2932; x_wconf 85' lang='grc' dir='ltr'>μενος</span> <span class='ocrx_word' id='word_1_410' title='bbox 2364 2860 2460 2915; x_wconf 86' lang='grc' dir='ltr'>τοῦ</span> <span class='ocrx_word' id='word_1_411' title='bbox 2491 2861 2841 2933; x_wconf 79' lang='grc' dir='ltr'>λυμήνασθαι</span> <span class='ocrx_word' id='word_1_412' title='bbox 2877 2862 3101 2925; x_wconf 87' lang='grc' dir='ltr'>αὐτοῖς·</span> <span class='ocrx_word' id='word_1_413' title='bbox 3165 2859 3404 2931; x_wconf 87' lang='grc' dir='ltr'>μαλίστα</span> <span class='ocrx_word' id='word_1_414' title='bbox 3446 2860 3504 2913; x_wconf 83' lang='grc' dir='ltr'><strong>δέ</strong></span> <span class='ocrx_word' id='word_1_415' title='bbox 3535 2860 3629 2913; x_wconf 76' lang='grc' dir='ltr'>ἐπὶ</span> <span class='ocrx_word' id='word_1_416' title='bbox 3669 2858 3775 2913; x_wconf 81' lang='grc' dir='ltr'><strong>τοῦ</strong></span> 
     </span>
    </p>
   </div>
   <div class='ocr_carea' id='block_1_58' title="bbox 478 2950 2068 3025">
    <p class='ocr_par' dir='ltr' id='par_1_58' title="bbox 478 2959 2068 3022">
     <span class='ocr_line' id='line_1_59' title="bbox 478 2959 2068 3022; baseline -0.006 0"><span class='ocrx_word' id='word_1_417' title='bbox 478 2967 631 3022; x_wconf 86' lang='lat' dir='ltr'><strong>videt</strong></span> <span class='ocrx_word' id='word_1_418' title='bbox 665 2984 678 3021; x_wconf 91' lang='lat'><strong>:</strong></span> <span class='ocrx_word' id='word_1_419' title='bbox 710 2966 778 3021; x_wconf 90' lang='lat' dir='ltr'><strong>ab</strong></span> <span class='ocrx_word' id='word_1_420' title='bbox 835 2964 997 3019; x_wconf 88' lang='lat' dir='ltr'><strong>initio</strong></span> <span class='ocrx_word' id='word_1_421' title='bbox 1059 2962 1205 3019; x_wconf 87' lang='lat' dir='ltr'><strong>enim</strong></span> <span class='ocrx_word' id='word_1_422' title='bbox 1255 2961 1462 3016; x_wconf 90' lang='lat' dir='ltr'><strong>nullam</strong></span> <span class='ocrx_word' id='word_1_423' title='bbox 1518 2960 1712 3014; x_wconf 83' lang='lat' dir='ltr'><strong>habuit</strong></span> <span class='ocrx_word' id='word_1_424' title='bbox 1760 2959 2068 3014; x_wconf 88' lang='lat' dir='ltr'><strong>satietatem</strong></span> 
     </span>
    </p>
   </div>
   <div class='ocr_carea' id='block_1_59' title="bbox 2175 2950 3777 3025">
    <p class='ocr_par' dir='ltr' id='par_1_59' title="bbox 2175 2950 3777 3025">
     <span class='ocr_line' id='line_1_60' title="bbox 2175 2950 3777 3025; baseline 0.001 -21"><span class='ocrx_word' id='word_1_425' title='bbox 2175 2951 2465 3024; x_wconf 82' lang='grc' dir='ltr'>παρόντος,</span> <span class='ocrx_word' id='word_1_426' title='bbox 2526 2952 2695 3006; x_wconf 77' lang='grc' dir='ltr'>ὁπότε</span> <span class='ocrx_word' id='word_1_427' title='bbox 2753 2952 3018 3008; x_wconf 78' lang='grc' dir='ltr'>τοσοῦτον</span> <span class='ocrx_word' id='word_1_428' title='bbox 3086 2952 3426 3025; x_wconf 79' lang='grc' dir='ltr'>κατόρθωμα</span> <span class='ocrx_word' id='word_1_429' title='bbox 3478 2950 3777 3020; x_wconf 83' lang='grc' dir='ltr'>γινόμενον</span> 
     </span>
    </p>
   </div>
   <div class='ocr_carea' id='block_1_60' title="bbox 479 3044 2068 3131">
    <p class='ocr_par' dir='ltr' id='par_1_60' title="bbox 479 3049 2068 3131">
     <span class='ocr_line' id='line_1_61' title="bbox 479 3049 2068 3131; baseline -0.008 -15"><span class='ocrx_word' id='word_1_430' title='bbox 479 3061 764 3116; x_wconf 83' lang='lat' dir='ltr'><strong>hominum</strong></span> <span class='ocrx_word' id='word_1_431' title='bbox 792 3073 964 3131; x_wconf 76' lang='lat' dir='ltr'><strong>genus</strong></span> <span class='ocrx_word' id='word_1_432' title='bbox 995 3057 1049 3111; x_wconf 91' lang='lat' dir='ltr'><strong>in</strong></span> <span class='ocrx_word' id='word_1_433' title='bbox 1079 3055 1442 3127; x_wconf 88' lang='lat' dir='ltr'><strong>perditionem</strong></span> <span class='ocrx_word' id='word_1_434' title='bbox 1478 3049 1804 3122; x_wconf 84' lang='lat' dir='ltr'><strong>projieiendi</strong></span> <span class='ocrx_word' id='word_1_435' title='bbox 1836 3066 1852 3116; x_wconf 93' lang='lat'><strong>;</strong></span> <span class='ocrx_word' id='word_1_436' title='bbox 1885 3049 2068 3105; x_wconf 88' lang='lat' dir='ltr'><strong>studio</strong></span> 
     </span>
    </p>
   </div>
   <div class='ocr_carea' id='block_1_61' title="bbox 2175 3044 3760 3131">
    <p class='ocr_par' dir='ltr' id='par_1_61' title="bbox 2175 3044 3760 3116">
     <span class='ocr_line' id='line_1_62' title="bbox 2175 3044 3760 3116; baseline -0.003 -17"><span class='ocrx_word' id='word_1_437' title='bbox 2175 3044 2380 3115; x_wconf 82' lang='grc' dir='ltr'>καθορᾷ</span> <span class='ocrx_word' id='word_1_438' title='bbox 2403 3044 2499 3100; x_wconf 80' lang='grc' dir='ltr'>καὶ</span> <span class='ocrx_word' id='word_1_439' title='bbox 2527 3044 2807 3116; x_wconf 83' lang='grc' dir='ltr'>σωτηρίαν</span> <span class='ocrx_word' id='word_1_440' title='bbox 2846 3046 2942 3099; x_wconf 83' lang='grc' dir='ltr'>τοῦ</span> <span class='ocrx_word' id='word_1_441' title='bbox 2975 3045 3319 3116; x_wconf 86' lang='grc' dir='ltr'>πλάσματος.</span> <span class='ocrx_word' id='word_1_442' title='bbox 3356 3045 3498 3115; x_wconf 86' lang='grc' dir='ltr'>ὅπερ</span> <span class='ocrx_word' id='word_1_443' title='bbox 3539 3045 3760 3106; x_wconf 83' lang='grc' dir='ltr'>ἐκεῖνος</span> 
     </span>
    </p>
   </div>
   <div class='ocr_carea' id='block_1_62' title="bbox 480 3114 2068 3221">
    <p class='ocr_par' dir='ltr' id='par_1_62' title="bbox 480 3114 2064 3221">
     <span class='ocr_line' id='line_1_63' title="bbox 480 3114 2064 3221; baseline -0.008 -15"><span class='ocrx_word' id='word_1_444' title='bbox 480 3165 765 3221; x_wconf 88' lang='lat' dir='ltr'><strong>nunquam</strong></span> <span class='ocrx_word' id='word_1_445' title='bbox 792 3114 1162 3205; x_wconf 73' lang='lat' dir='ltr'><strong>vsatisfactum</strong></span> <span class='ocrx_word' id='word_1_446' title='bbox 1212 3161 1338 3202; x_wconf 89' lang='lat' dir='ltr'><strong>esse</strong></span> <span class='ocrx_word' id='word_1_447' title='bbox 1388 3143 1623 3215; x_wconf 86' lang='lat' dir='ltr'><strong>putavit,</strong></span> <span class='ocrx_word' id='word_1_448' title='bbox 1672 3157 1775 3198; x_wconf 86' lang='lat' dir='ltr'><strong>nec</strong></span> <span class='ocrx_word' id='word_1_449' title='bbox 1820 3155 2064 3211; x_wconf 87' lang='lat' dir='ltr'><strong>unquam</strong></span> 
     </span>
    </p>
   </div>
   <div class='ocr_carea' id='block_1_63' title="bbox 2175 3114 3772 3221">
    <p class='ocr_par' dir='ltr' id='par_1_63' title="bbox 2175 3114 3772 3209">
     <span class='ocr_line' id='line_1_64' title="bbox 2175 3114 3772 3209; baseline -0.002 -19"><span class='ocrx_word' id='word_1_450' title='bbox 2175 3139 2256 3202; x_wconf 85' lang='grc' dir='ltr'>εις</span> <span class='ocrx_word' id='word_1_451' title='bbox 2280 3114 2564 3192; x_wconf 62' lang='grc' dir='ltr'>ἀπώλειαν</span> <span class='ocrx_word' id='word_1_452' title='bbox 2609 3114 2881 3209; x_wconf 15' lang='grc' dir='ltr'>ἐξῗάρχῆς</span> <span class='ocrx_word' id='word_1_453' title='bbox 2907 3138 3005 3192; x_wconf 75' lang='grc' dir='ltr'>καὶ</span> <span class='ocrx_word' id='word_1_454' title='bbox 3038 3114 3202 3209; x_wconf 54' lang='grc' dir='ltr'>μέχρι</span> <span class='ocrx_word' id='word_1_455' title='bbox 3226 3140 3323 3191; x_wconf 84' lang='grc' dir='ltr'><strong>τοῦ</strong></span> <span class='ocrx_word' id='word_1_456' title='bbox 3347 3135 3442 3189; x_wconf 80' lang='grc' dir='ltr'>νῦν</span> <span class='ocrx_word' id='word_1_457' title='bbox 3488 3136 3593 3188; x_wconf 85' lang='grc' dir='ltr'><strong>οὐκ</strong></span> <span class='ocrx_word' id='word_1_458' title='bbox 3633 3134 3772 3205; x_wconf 65' lang='grc' dir='ltr'>ἔσχε</span> 
     </span>
    </p>
   </div>
   <div class='ocr_carea' id='block_1_64' title="bbox 482 3234 2067 3309">
    <p class='ocr_par' dir='ltr' id='par_1_64' title="bbox 482 3234 2067 3309">
     <span class='ocr_line' id='line_1_65' title="bbox 482 3234 2067 3309; baseline -0.006 -10"><span class='ocrx_word' id='word_1_459' title='bbox 482 3246 616 3300; x_wconf 91' lang='lat' dir='ltr'><strong>huic</strong></span> <span class='ocrx_word' id='word_1_460' title='bbox 665 3243 968 3298; x_wconf 66' lang='lat' dir='ltr'><strong>inimicitia</strong></span> <span class='ocrx_word' id='word_1_461' title='bbox 1028 3241 1193 3296; x_wconf 85' lang='lat' dir='ltr'><strong>finem</strong></span> <span class='ocrx_word' id='word_1_462' title='bbox 1252 3240 1521 3309; x_wconf 86' lang='lat' dir='ltr'><strong>imponet.</strong></span> <span class='ocrx_word' id='word_1_463' title='bbox 1588 3234 1768 3306; x_wconf 82' lang='lat' dir='ltr'><strong>Hujus</strong></span> <span class='ocrx_word' id='word_1_464' title='bbox 1817 3234 2067 3290; x_wconf 80' lang='lat' dir='ltr'><strong>artificiis</strong></span> 
     </span>
    </p>
   </div>
   <div class='ocr_carea' id='block_1_65' title="bbox 480 3330 2068 3406">
    <p class='ocr_par' dir='ltr' id='par_1_65' title="bbox 480 3330 2068 3406">
     <span class='ocr_line' id='line_1_66' title="bbox 480 3330 2068 3406; baseline -0.004 -15"><span class='ocrx_word' id='word_1_465' title='bbox 480 3336 736 3406; x_wconf 75' lang='lat' dir='ltr'><strong>cognitis,</strong></span> <span class='ocrx_word' id='word_1_466' title='bbox 768 3334 843 3388; x_wconf 91' lang='lat' dir='ltr'><strong>mi</strong></span> <span class='ocrx_word' id='word_1_467' title='bbox 885 3334 986 3400; x_wconf 82' lang='lat' dir='ltr'><strong>Illi,</strong></span> <span class='ocrx_word' id='word_1_468' title='bbox 1015 3342 1072 3389; x_wconf 88' lang='lat' dir='ltr'><strong>et</strong></span> <span class='ocrx_word' id='word_1_469' title='bbox 1097 3348 1192 3403; x_wconf 90' lang='lat' dir='ltr'><strong>per</strong></span> <span class='ocrx_word' id='word_1_470' title='bbox 1230 3346 1355 3402; x_wconf 80' lang='lat' dir='ltr'><strong>quae</strong></span> <span class='ocrx_word' id='word_1_471' title='bbox 1401 3330 1727 3400; x_wconf 84' lang='lat' dir='ltr'><strong>scripsimus</strong></span> <span class='ocrx_word' id='word_1_472' title='bbox 1774 3337 1940 3398; x_wconf 89' lang='lat' dir='ltr'><strong>atque</strong></span> <span class='ocrx_word' id='word_1_473' title='bbox 1973 3340 2068 3384; x_wconf 87' lang='lat' dir='ltr'><strong>tua</strong></span> 
     </span>
    </p>
   </div>
   <div class='ocr_carea' id='block_1_66' title="bbox 482 3421 2067 3499">
    <p class='ocr_par' dir='ltr' id='par_1_66' title="bbox 482 3421 2067 3499">
     <span class='ocr_line' id='line_1_67' title="bbox 482 3421 2067 3499; baseline -0.004 -16"><span class='ocrx_word' id='word_1_474' title='bbox 482 3429 655 3499; x_wconf 79' lang='lat' dir='ltr'><strong>ipsius</strong></span> <span class='ocrx_word' id='word_1_475' title='bbox 716 3426 1055 3497; x_wconf 77' lang='lat' dir='ltr'><strong>experientia</strong></span> <span class='ocrx_word' id='word_1_476' title='bbox 1114 3426 1370 3487; x_wconf 89' lang='lat' dir='ltr'><strong>edoctus,</strong></span> <span class='ocrx_word' id='word_1_477' title='bbox 1428 3421 1577 3477; x_wconf 89' lang='lat' dir='ltr'><strong>illius</strong></span> <span class='ocrx_word' id='word_1_478' title='bbox 1632 3421 2067 3477; x_wconf 84' lang='lat' dir='ltr'><strong>machinationes</strong></span> 
     </span>
    </p>
   </div>
   <div class='ocr_carea' id='block_1_67' title="bbox 481 3513 2067 3593">
    <p class='ocr_par' dir='ltr' id='par_1_67' title="bbox 481 3513 2067 3593">
     <span class='ocr_line' id='line_1_68' title="bbox 481 3513 2067 3593; baseline -0.006 -16"><span class='ocrx_word' id='word_1_479' title='bbox 481 3522 717 3588; x_wconf 76' lang='lat' dir='ltr'><strong>videbis,</strong></span> <span class='ocrx_word' id='word_1_480' title='bbox 764 3523 1000 3593; x_wconf 88' lang='lat' dir='ltr'><strong>teipsum</strong></span> <span class='ocrx_word' id='word_1_481' title='bbox 1052 3529 1237 3574; x_wconf 87' lang='lat' dir='ltr'><strong>autem</strong></span> <span class='ocrx_word' id='word_1_482' title='bbox 1266 3518 1532 3573; x_wconf 87' lang='lat' dir='ltr'><strong>honorem</strong></span> <span class='ocrx_word' id='word_1_483' title='bbox 1565 3515 1711 3587; x_wconf 87' lang='lat' dir='ltr'><strong>apud</strong></span> <span class='ocrx_word' id='word_1_484' title='bbox 1745 3513 1916 3570; x_wconf 89' lang='lat' dir='ltr'><strong>Deum</strong></span> <span class='ocrx_word' id='word_1_485' title='bbox 1964 3514 2067 3569; x_wconf 90' lang='lat' dir='ltr'><strong>tibi</strong></span> 
     </span>
    </p>
   </div>
   <div class='ocr_carea' id='block_1_68' title="bbox 481 3608 2066 3683">
    <p class='ocr_par' dir='ltr' id='par_1_68' title="bbox 481 3608 2066 3683">
     <span class='ocr_line' id='line_1_69' title="bbox 481 3608 2066 3683; baseline -0.005 -14"><span class='ocrx_word' id='word_1_486' title='bbox 481 3624 823 3670; x_wconf 86' lang='lat' dir='ltr'><strong>reservatum</strong></span> <span class='ocrx_word' id='word_1_487' title='bbox 855 3610 1127 3683; x_wconf 77' lang='lat' dir='ltr'><strong>gustabis,</strong></span> <span class='ocrx_word' id='word_1_488' title='bbox 1176 3609 1321 3680; x_wconf 89' lang='lat' dir='ltr'><strong>apud</strong></span> <span class='ocrx_word' id='word_1_489' title='bbox 1355 3608 1607 3664; x_wconf 86' lang='lat' dir='ltr'><strong>homines</strong></span> <span class='ocrx_word' id='word_1_490' title='bbox 1657 3614 1840 3662; x_wconf 87' lang='lat' dir='ltr'><strong>autem</strong></span> <span class='ocrx_word' id='word_1_491' title='bbox 1876 3620 2066 3675; x_wconf 83' lang='lat' dir='ltr'><strong>aequos</strong></span> 
     </span>
    </p>
   </div>
   <div class='ocr_carea' id='block_1_69' title="bbox 478 3700 2067 3777">
    <p class='ocr_par' dir='ltr' id='par_1_69' title="bbox 478 3700 2067 3777">
     <span class='ocr_line' id='line_1_70' title="bbox 478 3700 2067 3777; baseline -0.005 -16"><span class='ocrx_word' id='word_1_492' title='bbox 478 3707 694 3777; x_wconf 87' lang='lat' dir='ltr'><strong>judices</strong></span> <span class='ocrx_word' id='word_1_493' title='bbox 724 3705 945 3760; x_wconf 86' lang='lat' dir='ltr'><strong>virtutis</strong></span> <span class='ocrx_word' id='word_1_494' title='bbox 976 3712 1032 3759; x_wconf 88' lang='lat' dir='ltr'><strong>et</strong></span> <span class='ocrx_word' id='word_1_495' title='bbox 1063 3702 1227 3758; x_wconf 87' lang='lat' dir='ltr'><strong>studii</strong></span> <span class='ocrx_word' id='word_1_496' title='bbox 1264 3700 1550 3767; x_wconf 84' lang='lat' dir='ltr'><strong>indefessi,</strong></span> <span class='ocrx_word' id='word_1_497' title='bbox 1582 3700 1765 3771; x_wconf 89' lang='lat' dir='ltr'><strong>justos</strong></span> <span class='ocrx_word' id='word_1_498' title='bbox 1807 3711 2067 3753; x_wconf 85' lang='lat' dir='ltr'><strong>remune-</strong></span> 
     </span>
    </p>
   </div>
   <div class='ocr_carea' id='block_1_70' title="bbox 483 3793 1448 3867">
    <p class='ocr_par' dir='ltr' id='par_1_70' title="bbox 483 3793 1448 3867">
     <span class='ocr_line' id='line_1_71' title="bbox 483 3793 1448 3867; baseline -0.006 -14"><span class='ocrx_word' id='word_1_499' title='bbox 483 3807 697 3853; x_wconf 88' lang='lat' dir='ltr'><strong>ratores</strong></span> <span class='ocrx_word' id='word_1_500' title='bbox 728 3796 851 3867; x_wconf 90' lang='lat' dir='ltr'><strong>jure</strong></span> <span class='ocrx_word' id='word_1_501' title='bbox 876 3804 931 3851; x_wconf 90' lang='lat' dir='ltr'><strong>et</strong></span> <span class='ocrx_word' id='word_1_502' title='bbox 954 3794 1156 3849; x_wconf 89' lang='lat' dir='ltr'><strong>merito</strong></span> <span class='ocrx_word' id='word_1_503' title='bbox 1178 3793 1448 3849; x_wconf 87' lang='lat' dir='ltr'><strong>invenies.</strong></span> 
     </span>
    </p>
   </div>
   <div class='ocr_carea' id='block_1_71' title="bbox 2175 3228 3772 3302">
    <p class='ocr_par' dir='ltr' id='par_1_71' title="bbox 2175 3228 3772 3302">
     <span class='ocr_line' id='line_1_72' title="bbox 2175 3228 3772 3302; baseline 0 -19"><span class='ocrx_word' id='word_1_504' title='bbox 2175 3230 2338 3302; x_wconf 84' lang='grc' dir='ltr'>κόρον</span> <span class='ocrx_word' id='word_1_505' title='bbox 2381 3228 2632 3296; x_wconf 84' lang='grc' dir='ltr'>άνωθῶν,</span> <span class='ocrx_word' id='word_1_506' title='bbox 2664 3229 2787 3283; x_wconf 83' lang='grc' dir='ltr'>οὐδὲ</span> <span class='ocrx_word' id='word_1_507' title='bbox 2819 3232 3026 3293; x_wconf 83' lang='grc' dir='ltr'>πάσαις</span> <span class='ocrx_word' id='word_1_508' title='bbox 3075 3232 3293 3302; x_wconf 82' lang='grc' dir='ltr'>τέχναις</span> <span class='ocrx_word' id='word_1_509' title='bbox 3327 3232 3420 3284; x_wconf 75' lang='grc' dir='ltr'>καὶ</span> <span class='ocrx_word' id='word_1_510' title='bbox 3455 3232 3772 3301; x_wconf 86' lang='grc' dir='ltr'>περινοίαις</span> 
     </span>
    </p>
   </div>
   <div class='ocr_carea' id='block_1_72' title="bbox 2173 3318 3769 3392">
    <p class='ocr_par' dir='ltr' id='par_1_72' title="bbox 2173 3318 3769 3392">
     <span class='ocr_line' id='line_1_73' title="bbox 2173 3318 3769 3392; baseline 0.001 -20"><span class='ocrx_word' id='word_1_511' title='bbox 2173 3318 2267 3372; x_wconf 87' lang='grc' dir='ltr'>τὸν</span> <span class='ocrx_word' id='word_1_512' title='bbox 2296 3319 2690 3390; x_wconf 86' lang='grc' dir='ltr'>μισάνθρωπον</span> <span class='ocrx_word' id='word_1_513' title='bbox 2722 3318 2918 3374; x_wconf 81' lang='grc' dir='ltr'>τοῦτον</span> <span class='ocrx_word' id='word_1_514' title='bbox 2952 3320 3155 3392; x_wconf 84' lang='grc' dir='ltr'>δρόμον</span> <span class='ocrx_word' id='word_1_515' title='bbox 3191 3319 3502 3391; x_wconf 83' lang='grc' dir='ltr'>τιθέμενος.</span> <span class='ocrx_word' id='word_1_516' title='bbox 3532 3322 3769 3386; x_wconf 79' lang='grc' dir='ltr'>Τούτου,</span> 
     </span>
    </p>
   </div>
   <div class='ocr_carea' id='block_1_73' title="bbox 2174 3410 3768 3484">
    <p class='ocr_par' dir='ltr' id='par_1_73' title="bbox 2174 3410 3768 3484">
     <span class='ocr_line' id='line_1_74' title="bbox 2174 3410 3768 3484; baseline 0.001 -20"><span class='ocrx_word' id='word_1_517' title='bbox 2174 3410 2366 3465; x_wconf 83' lang='grc' dir='ltr'>τέκνον</span> <span class='ocrx_word' id='word_1_518' title='bbox 2395 3412 2575 3482; x_wconf 85' lang='grc' dir='ltr'>ήμῶν,</span> <span class='ocrx_word' id='word_1_519' title='bbox 2603 3412 2674 3466; x_wconf 79' lang='grc' dir='ltr'>τὰ</span> <span class='ocrx_word' id='word_1_520' title='bbox 2718 3413 3076 3484; x_wconf 86' lang='grc' dir='ltr'>τεχνάσματα</span> <span class='ocrx_word' id='word_1_521' title='bbox 3124 3414 3517 3484; x_wconf 75' lang='grc' dir='ltr'>ἐπιστάμενος,</span> <span class='ocrx_word' id='word_1_522' title='bbox 3564 3414 3661 3467; x_wconf 78' lang='grc' dir='ltr'>καὶ</span> <span class='ocrx_word' id='word_1_523' title='bbox 3693 3413 3768 3466; x_wconf 80' lang='grc' dir='ltr'>δι’</span> 
     </span>
    </p>
   </div>
   <div class='ocr_carea' id='block_1_74' title="bbox 2177 3498 3769 3581">
    <p class='ocr_par' dir='ltr' id='par_1_74' title="bbox 2177 3498 3769 3581">
     <span class='ocr_line' id='line_1_75' title="bbox 2177 3498 3769 3581; baseline 0.003 -22"><span class='ocrx_word' id='word_1_524' title='bbox 2177 3498 2253 3559; x_wconf 81' lang='grc' dir='ltr'>ὧν</span> <span class='ocrx_word' id='word_1_525' title='bbox 2284 3505 2611 3577; x_wconf 79' lang='grc' dir='ltr'>ἐγράψαμεν</span> <span class='ocrx_word' id='word_1_526' title='bbox 2638 3505 2828 3579; x_wconf 81' lang='grc' dir='ltr'>ὥσπερ</span> <span class='ocrx_word' id='word_1_527' title='bbox 2865 3509 3412 3581; x_wconf 76' lang='grc' dir='ltr'>ὑπομιμνήσκοντες,</span> <span class='ocrx_word' id='word_1_528' title='bbox 3460 3510 3555 3563; x_wconf 72' lang='grc' dir='ltr'>καὶ</span> <span class='ocrx_word' id='word_1_529' title='bbox 3580 3509 3649 3563; x_wconf 78' lang='grc' dir='ltr'>δι’</span> <span class='ocrx_word' id='word_1_530' title='bbox 3687 3505 3769 3563; x_wconf 80' lang='grc' dir='ltr'>ὧν</span> 
     </span>
    </p>
   </div>
   <div class='ocr_carea' id='block_1_75' title="bbox 2172 3601 3773 3676">
    <p class='ocr_par' dir='ltr' id='par_1_75' title="bbox 2172 3601 3773 3676">
     <span class='ocr_line' id='line_1_76' title="bbox 2172 3601 3773 3676; baseline 0 -20"><span class='ocrx_word' id='word_1_531' title='bbox 2172 3602 2337 3666; x_wconf 81' lang='grc' dir='ltr'>αὐτὸς</span> <span class='ocrx_word' id='word_1_532' title='bbox 2361 3601 2756 3672; x_wconf 87' lang='grc' dir='ltr'>ἐπιγινώσκεις</span> <span class='ocrx_word' id='word_1_533' title='bbox 2781 3606 2849 3675; x_wconf 84' lang='grc' dir='ltr'>τῇ</span> <span class='ocrx_word' id='word_1_534' title='bbox 2881 3604 3039 3675; x_wconf 82' lang='grc' dir='ltr'>θεῖκῇ</span> <span class='ocrx_word' id='word_1_535' title='bbox 3066 3603 3457 3676; x_wconf 80' lang='grc' dir='ltr'>συναντιλήψει</span> <span class='ocrx_word' id='word_1_536' title='bbox 3488 3603 3773 3673; x_wconf 85' lang='grc' dir='ltr'>δυναμού-</span> 
     </span>
    </p>
   </div>
   <div class='ocr_carea' id='block_1_76' title="bbox 2180 3695 3764 3769">
    <p class='ocr_par' dir='ltr' id='par_1_76' title="bbox 2180 3695 3764 3769">
     <span class='ocr_line' id='line_1_77' title="bbox 2180 3695 3764 3769; baseline -0.001 -21"><span class='ocrx_word' id='word_1_537' title='bbox 2180 3711 2370 3766; x_wconf 85' lang='grc' dir='ltr'>μενος,</span> <span class='ocrx_word' id='word_1_538' title='bbox 2423 3696 2516 3749; x_wconf 78' lang='grc' dir='ltr'>τὸν</span> <span class='ocrx_word' id='word_1_539' title='bbox 2578 3695 2680 3768; x_wconf 84' lang='grc' dir='ltr'>μὲν</span> <span class='ocrx_word' id='word_1_540' title='bbox 2731 3696 2971 3769; x_wconf 78' lang='grc' dir='ltr'>ὁφλῆσαι</span> <span class='ocrx_word' id='word_1_541' title='bbox 3026 3697 3249 3766; x_wconf 77' lang='grc' dir='ltr'>γέλωτα</span> <span class='ocrx_word' id='word_1_542' title='bbox 3316 3696 3764 3769; x_wconf 84' lang='grc' dir='ltr'>παρασκεύασον,</span> 
     </span>
    </p>
   </div>
   <div class='ocr_carea' id='block_1_77' title="bbox 2175 3792 3762 3867">
    <p class='ocr_par' dir='ltr' id='par_1_77' title="bbox 2175 3792 3762 3867">
     <span class='ocr_line' id='line_1_78' title="bbox 2175 3792 3762 3867; baseline -0.001 -21"><span class='ocrx_word' id='word_1_543' title='bbox 2175 3792 2410 3849; x_wconf 82' lang='grc' dir='ltr'>σεαυτδν</span> <span class='ocrx_word' id='word_1_544' title='bbox 2460 3792 2520 3849; x_wconf 78' lang='grc' dir='ltr'>δὲ</span> <span class='ocrx_word' id='word_1_545' title='bbox 2562 3795 2733 3867; x_wconf 82' lang='grc' dir='ltr'>τιμῆς</span> <span class='ocrx_word' id='word_1_546' title='bbox 2780 3795 2934 3861; x_wconf 73' lang='grc' dir='ltr'>ἄξιον</span> <span class='ocrx_word' id='word_1_547' title='bbox 2965 3798 3062 3850; x_wconf 75' lang='grc' dir='ltr'>καὶ</span> <span class='ocrx_word' id='word_1_548' title='bbox 3108 3796 3269 3867; x_wconf 83' lang='grc' dir='ltr'>δόξης</span> <span class='ocrx_word' id='word_1_549' title='bbox 3309 3798 3462 3866; x_wconf 85' lang='grc' dir='ltr'>παρὰ</span> <span class='ocrx_word' id='word_1_550' title='bbox 3494 3793 3629 3849; x_wconf 82' lang='grc' dir='ltr'><strong>Θεοῦ</strong></span> <span class='ocrx_word' id='word_1_551' title='bbox 3664 3793 3762 3846; x_wconf 74' lang='grc' dir='ltr'>καὶ</span> 
     </span>
    </p>
   </div>
   <div class='ocr_carea' id='block_1_78' title="bbox 481 3886 3767 3962">
    <p class='ocr_par' dir='ltr' id='par_1_78' title="bbox 481 3886 3767 3962">
     <span class='ocr_line' id='line_1_79' title="bbox 481 3886 3767 3962; baseline -0.002 -17"><span class='ocrx_word' id='word_1_552' title='bbox 481 3891 592 3946; x_wconf 83' lang='grc' dir='ltr'><strong>τῶν</strong></span> <span class='ocrx_word' id='word_1_553' title='bbox 616 3890 710 3944; x_wconf 74' lang='grc' dir='ltr'>ἐπὶ</span> <span class='ocrx_word' id='word_1_554' title='bbox 736 3891 852 3951; x_wconf 83' lang='grc' dir='ltr'>τοῖς</span> <span class='ocrx_word' id='word_1_555' title='bbox 896 3886 1164 3950; x_wconf 88' lang='grc' dir='ltr'>τοιούτοις</span> <span class='ocrx_word' id='word_1_556' title='bbox 1208 3886 1641 3958; x_wconf 81' lang='grc' dir='ltr'>κατορθώμασιν</span> <span class='ocrx_word' id='word_1_557' title='bbox 1697 3886 2070 3957; x_wconf 76' lang='grc' dir='ltr'>ὀφειλομένων</span> <span class='ocrx_word' id='word_1_558' title='bbox 2136 3889 2377 3943; x_wconf 83' lang='grc' dir='ltr'>ἐπαίνων</span> <span class='ocrx_word' id='word_1_559' title='bbox 2409 3890 2507 3945; x_wconf 71' lang='grc' dir='ltr'>καὶ</span> <span class='ocrx_word' id='word_1_560' title='bbox 2558 3891 2659 3962; x_wconf 85' lang='grc' dir='ltr'><strong>τῆς</strong></span> <span class='ocrx_word' id='word_1_561' title='bbox 2728 3890 3121 3962; x_wconf 79' lang='grc' dir='ltr'>ἁνακηρύξεως</span> <span class='ocrx_word' id='word_1_562' title='bbox 3184 3891 3336 3960; x_wconf 83' lang='grc' dir='ltr'>παρὰ</span> <span class='ocrx_word' id='word_1_563' title='bbox 3367 3891 3474 3945; x_wconf 85' lang='grc' dir='ltr'><strong>τῶν</strong></span> <span class='ocrx_word' id='word_1_564' title='bbox 3519 3890 3767 3945; x_wconf 85' lang='grc' dir='ltr'>ἐπαινεῖν</span> 
     </span>
    </p>
   </div>
   <div class='ocr_carea' id='block_1_79' title="bbox 482 3979 2494 4056">
    <p class='ocr_par' dir='ltr' id='par_1_79' title="bbox 482 3979 2494 4056">
     <span class='ocr_line' id='line_1_80' title="bbox 482 3979 2494 4056; baseline 0 -16"><span class='ocrx_word' id='word_1_565' title='bbox 482 3984 704 4041; x_wconf 71' lang='grc' dir='ltr'>εἰδότων</span> <span class='ocrx_word' id='word_1_566' title='bbox 726 3981 826 4052; x_wconf 81' lang='grc' dir='ltr'><strong>τὴν</strong></span> <span class='ocrx_word' id='word_1_567' title='bbox 856 3979 1060 4052; x_wconf 79' lang='grc' dir='ltr'>ἀρετὴν</span> <span class='ocrx_word' id='word_1_568' title='bbox 1110 3982 1209 4035; x_wconf 75' lang='grc' dir='ltr'>καὶ</span> <span class='ocrx_word' id='word_1_569' title='bbox 1258 3979 1666 4052; x_wconf 75' lang='grc' dir='ltr'>ἀνακηρύττειν</span> <span class='ocrx_word' id='word_1_570' title='bbox 1717 3980 1819 4049; x_wconf 76' lang='grc' dir='ltr'>τὴν</span> <span class='ocrx_word' id='word_1_571' title='bbox 1864 3983 2072 4052; x_wconf 87' lang='grc' dir='ltr'>ταύτης</span> <span class='ocrx_word' id='word_1_572' title='bbox 2107 3981 2494 4056; x_wconf 84' lang='grc' dir='ltr'>λαμπρότητα.</span> 
     </span>
    </p>
   </div>
   <div class='ocr_carea' id='block_1_80' title="bbox 589 4088 1975 4230">
    <p class='ocr_par' dir='ltr' id='par_1_80' title="bbox 589 4088 1975 4230">
     <span class='ocr_line' id='line_1_81' title="bbox 589 4088 1975 4230; baseline -0.003 -82"><span class='ocrx_word' id='word_1_573' title='bbox 589 4090 878 4149; x_wconf 75' lang='lat' dir='ltr'><strong>CXXXVI.</strong></span> <span class='ocrx_word' id='word_1_574' title='bbox 920 4088 1490 4230; x_wconf 50' lang='lat' dir='ltr'><strong>Stephm;o,‘M_2chaeli</strong></span> <span class='ocrx_word' id='word_1_575' title='bbox 1518 4099 1568 4146; x_wconf 85' lang='lat' dir='ltr'><strong>et</strong></span> <span class='ocrx_word' id='word_1_576' title='bbox 1599 4089 1975 4157; x_wconf 76' lang='lat' dir='ltr'><strong>Constantino,</strong></span> 
     </span>
     <span class='ocr_line' id='line_1_82' title="bbox 1161 4178 1418 4216; baseline 0.008 -2"><span class='ocrx_word' id='word_1_577' title='bbox 1161 4179 1221 4215; x_wconf 89' lang='lat' dir='ltr'><strong>ra</strong></span> <span class='ocrx_word' id='word_1_578' title='bbox 1249 4178 1296 4215; x_wconf 75' lang='grc' dir='ltr'><strong>τι</strong></span> <span class='ocrx_word' id='word_1_579' title='bbox 1336 4179 1418 4216; x_wconf 76' lang='lat' dir='ltr'><strong>us.</strong></span> 
     </span>
    </p>
   </div>
   <div class='ocr_carea' id='block_1_81' title="bbox 1161 4178 1418 4216">
    <p class='ocr_par' dir='ltr' id='par_1_81' title="bbox 1161 4178 1418 4216">
     <span class='ocr_line' id='line_1_83' title="bbox 1161 4178 1418 4216; baseline 0.004 -1"><span class='ocrx_word' id='word_1_580' title='bbox 1161 4178 1418 4216; x_wconf 79' lang='lat' dir='ltr'><strong>ramous.</strong></span> 
     </span>
    </p>
   </div>
   <div class='ocr_carea' id='block_1_82' title="bbox 556 4253 2073 4320">
    <p class='ocr_par' dir='ltr' id='par_1_82' title="bbox 556 4253 2073 4320">
     <span class='ocr_line' id='line_1_84' title="bbox 556 4253 2073 4320; baseline 0.001 -9"><span class='ocrx_word' id='word_1_581' title='bbox 556 4254 777 4311; x_wconf 81' lang='lat' dir='ltr'><strong>Homini</strong></span> <span class='ocrx_word' id='word_1_582' title='bbox 828 4253 1268 4320; x_wconf 85' lang='lat' dir='ltr'><strong>conscientiam,</strong></span> <span class='ocrx_word' id='word_1_583' title='bbox 1313 4256 1555 4309; x_wconf 82' lang='lat' dir='ltr'><strong>maxime</strong></span> <span class='ocrx_word' id='word_1_584' title='bbox 1617 4253 1865 4311; x_wconf 84' lang='lat' dir='ltr'><strong>divinam</strong></span> <span class='ocrx_word' id='word_1_585' title='bbox 1916 4270 2073 4313; x_wconf 85' lang='lat' dir='ltr'><strong>reve-</strong></span> 
     </span>
    </p>
   </div>
   <div class='ocr_carea' id='block_1_83' title="bbox 483 4343 2063 4416">
    <p class='ocr_par' dir='ltr' id='par_1_83' title="bbox 483 4343 2063 4416">
     <span class='ocr_line' id='line_1_85' title="bbox 483 4343 2063 4416; baseline -0.001 -12"><span class='ocrx_word' id='word_1_586' title='bbox 483 4349 649 4411; x_wconf 89' lang='lat' dir='ltr'><strong>renti,</strong></span> <span class='ocrx_word' id='word_1_587' title='bbox 671 4346 930 4401; x_wconf 83' lang='lat' dir='ltr'><strong>facillime</strong></span> <span class='ocrx_word' id='word_1_588' title='bbox 952 4343 1242 4400; x_wconf 84' lang='lat' dir='ltr'><strong>adhibetur</strong></span> <span class='ocrx_word' id='word_1_589' title='bbox 1266 4343 1400 4400; x_wconf 73' lang='lat' dir='ltr'><strong>ﬁdes</strong></span> <span class='ocrx_word' id='word_1_590' title='bbox 1421 4345 1508 4399; x_wconf 89' lang='lat' dir='ltr'><strong>vel</strong></span> <span class='ocrx_word' id='word_1_591' title='bbox 1531 4344 1649 4401; x_wconf 91' lang='lat' dir='ltr'><strong>sine</strong></span> <span class='ocrx_word' id='word_1_592' title='bbox 1670 4346 2063 4416; x_wconf 85' lang='lat' dir='ltr'><strong>jurejurando;</strong></span> 
     </span>
    </p>
   </div>
   <div class='ocr_carea' id='block_1_84' title="bbox 2168 4093 3771 4168">
    <p class='ocr_par' dir='ltr' id='par_1_84' title="bbox 2168 4093 3771 4168">
     <span class='ocr_line' id='line_1_86' title="bbox 2168 4093 3771 4168; baseline 0.001 -17"><span class='ocrx_word' id='word_1_593' title='bbox 2168 4095 2356 4162; x_wconf 70' lang='grc' dir='ltr'>ΡΛςν.</span> <span class='ocrx_word' id='word_1_594' title='bbox 2425 4093 2746 4164; x_wconf 73' lang='grc' dir='ltr'>Στεφάνῳ,</span> <span class='ocrx_word' id='word_1_595' title='bbox 2809 4095 3054 4166; x_wconf 74' lang='grc' dir='ltr'><strong>Μιχαὴλ</strong></span> <span class='ocrx_word' id='word_1_596' title='bbox 3128 4097 3231 4152; x_wconf 81' lang='grc' dir='ltr'><strong>καί</strong></span> <span class='ocrx_word' id='word_1_597' title='bbox 3300 4098 3771 4168; x_wconf 73' lang='grc' dir='ltr'>Κώνσταν-τίνῳ,</span> 
     </span>
    </p>
   </div>
   <div class='ocr_carea' id='block_1_85' title="bbox 2712 4168 3115 4236">
    <p class='ocr_par' dir='ltr' id='par_1_85' title="bbox 2712 4168 3115 4236">
     <span class='ocr_line' id='line_1_87' title="bbox 2712 4168 3115 4236; baseline 0 -12"><span class='ocrx_word' id='word_1_598' title='bbox 2712 4196 2719 4215; x_wconf 69' lang='grc' dir='ltr'><strong>ι</strong></span> <span class='ocrx_word' id='word_1_599' title='bbox 2805 4168 3115 4236; x_wconf 64' lang='grc' dir='ltr'>ἀδελφοῖς.</span> 
     </span>
    </p>
   </div>
   <div class='ocr_carea' id='block_1_86' title="bbox 2255 4259 3770 4333">
    <p class='ocr_par' dir='ltr' id='par_1_86' title="bbox 2255 4259 3770 4333">
     <span class='ocr_line' id='line_1_88' title="bbox 2255 4259 3770 4333; baseline 0.002 -19"><span class='ocrx_word' id='word_1_600' title='bbox 2255 4259 2554 4333; x_wconf 79' lang='grc' dir='ltr'>’Δνθρώπῳ</span> <span class='ocrx_word' id='word_1_601' title='bbox 2612 4259 2832 4314; x_wconf 88' lang='grc' dir='ltr'>σύνεσιν</span> <span class='ocrx_word' id='word_1_602' title='bbox 2881 4260 3119 4332; x_wconf 82' lang='grc' dir='ltr'>τιμῶντι</span> <span class='ocrx_word' id='word_1_603' title='bbox 3167 4262 3264 4315; x_wconf 80' lang='grc' dir='ltr'>καὶ</span> <span class='ocrx_word' id='word_1_604' title='bbox 3315 4261 3553 4333; x_wconf 84' lang='grc' dir='ltr'>μάλιστα</span> <span class='ocrx_word' id='word_1_605' title='bbox 3583 4262 3770 4329; x_wconf 83' lang='grc' dir='ltr'>θείαν,</span> 
     </span>
    </p>
   </div>
   <div class='ocr_carea' id='block_1_87' title="bbox 2170 4355 3773 4429">
    <p class='ocr_par' dir='ltr' id='par_1_87' title="bbox 2170 4355 3773 4429">
     <span class='ocr_line' id='line_1_89' title="bbox 2170 4355 3773 4429; baseline 0.002 -19"><span class='ocrx_word' id='word_1_606' title='bbox 2170 4355 2445 4426; x_wconf 77' lang='grc' dir='ltr'>εὐσταθὴς</span> <span class='ocrx_word' id='word_1_607' title='bbox 2483 4356 2690 4428; x_wconf 84' lang='grc' dir='ltr'>τρόπος</span> <span class='ocrx_word' id='word_1_608' title='bbox 2713 4355 2901 4411; x_wconf 86' lang='grc' dir='ltr'>δίδωσι</span> <span class='ocrx_word' id='word_1_609' title='bbox 2943 4356 3006 4409; x_wconf 80' lang='grc' dir='ltr'>τὸ</span> <span class='ocrx_word' id='word_1_610' title='bbox 3038 4356 3425 4423; x_wconf 83' lang='grc' dir='ltr'>πιστεύεσθαι,</span> <span class='ocrx_word' id='word_1_611' title='bbox 3457 4358 3557 4429; x_wconf 86' lang='grc' dir='ltr'>οὐχ</span> <span class='ocrx_word' id='word_1_612' title='bbox 3589 4358 3621 4429; x_wconf 83' lang='grc' dir='ltr'><strong>ή</strong></span> <span class='ocrx_word' id='word_1_613' title='bbox 3650 4358 3773 4413; x_wconf 84' lang='grc' dir='ltr'><strong>τῶν</strong></span> 
     </span>
    </p>
   </div>
   <div class='ocr_carea' id='block_1_88' title="bbox 486 4436 2068 4541">
    <p class='ocr_par' dir='ltr' id='par_1_88' title="bbox 486 4436 2061 4509">
     <span class='ocr_line' id='line_1_90' title="bbox 486 4436 2061 4509; baseline 0.001 -14"><span class='ocrx_word' id='word_1_614' title='bbox 486 4440 688 4496; x_wconf 84' lang='lat' dir='ltr'><strong>multos</strong></span> <span class='ocrx_word' id='word_1_615' title='bbox 742 4440 891 4495; x_wconf 90' lang='lat' dir='ltr'><strong>enim</strong></span> <span class='ocrx_word' id='word_1_616' title='bbox 924 4438 1087 4495; x_wconf 89' lang='lat' dir='ltr'><strong>docet</strong></span> <span class='ocrx_word' id='word_1_617' title='bbox 1139 4437 1479 4508; x_wconf 81' lang='lat' dir='ltr'><strong>experientia</strong></span> <span class='ocrx_word' id='word_1_618' title='bbox 1520 4436 1664 4495; x_wconf 87' lang='lat' dir='ltr'><strong>datis</strong></span> <span class='ocrx_word' id='word_1_619' title='bbox 1709 4438 2061 4509; x_wconf 88' lang='lat' dir='ltr'><strong>juramentis,</strong></span> 
     </span>
    </p>
   </div>
   <div class='ocr_carea' id='block_1_89' title="bbox 2175 4436 3771 4541">
    <p class='ocr_par' dir='ltr' id='par_1_89' title="bbox 2175 4447 3771 4522">
     <span class='ocr_line' id='line_1_91' title="bbox 2175 4447 3771 4522; baseline 0.003 -22"><span class='ocrx_word' id='word_1_620' title='bbox 2175 4448 2354 4520; x_wconf 83' lang='grc' dir='ltr'>ὅρκων</span> <span class='ocrx_word' id='word_1_621' title='bbox 2411 4447 2750 4520; x_wconf 84' lang='grc' dir='ltr'>παράληψις.</span> <span class='ocrx_word' id='word_1_622' title='bbox 2796 4447 3041 4512; x_wconf 85' lang='grc' dir='ltr'>Πολλοὺς</span> <span class='ocrx_word' id='word_1_623' title='bbox 3082 4447 3193 4519; x_wconf 81' lang='grc' dir='ltr'><strong>γὰρ</strong></span> <span class='ocrx_word' id='word_1_624' title='bbox 3250 4449 3478 4521; x_wconf 82' lang='grc' dir='ltr'>ήλεγξεν</span> <span class='ocrx_word' id='word_1_625' title='bbox 3529 4452 3563 4521; x_wconf 86' lang='grc' dir='ltr'><strong>ή</strong></span> <span class='ocrx_word' id='word_1_626' title='bbox 3598 4452 3771 4522; x_wconf 80' lang='grc' dir='ltr'>πεῖρα</span> 
     </span>
    </p>
   </div>
   <div class='ocr_carea' id='block_1_90' title="bbox 486 4529 2068 4613">
    <p class='ocr_par' dir='ltr' id='par_1_90' title="bbox 486 4529 2068 4604">
     <span class='ocr_line' id='line_1_92' title="bbox 486 4529 2068 4604; baseline 0.001 -17"><span class='ocrx_word' id='word_1_627' title='bbox 486 4547 687 4604; x_wconf 87' lang='lat' dir='ltr'><strong>parum</strong></span> <span class='ocrx_word' id='word_1_628' title='bbox 710 4533 962 4598; x_wconf 87' lang='lat' dir='ltr'><strong>stetisse,</strong></span> <span class='ocrx_word' id='word_1_629' title='bbox 995 4539 1162 4601; x_wconf 86' lang='lat' dir='ltr'><strong>atque</strong></span> <span class='ocrx_word' id='word_1_630' title='bbox 1180 4529 1616 4601; x_wconf 75' lang='lat' dir='ltr'><strong>deceptaﬁducia</strong></span> <span class='ocrx_word' id='word_1_631' title='bbox 1641 4531 1875 4587; x_wconf 85' lang='lat' dir='ltr'><strong>aliorum</strong></span> <span class='ocrx_word' id='word_1_632' title='bbox 1907 4532 2068 4589; x_wconf 78' lang='lat' dir='ltr'><strong>fidem</strong></span> 
     </span>
    </p>
   </div>
   <div class='ocr_carea' id='block_1_91' title="bbox 2175 4529 3773 4613">
    <p class='ocr_par' dir='ltr' id='par_1_91' title="bbox 2178 4537 3773 4613">
     <span class='ocr_line' id='line_1_93' title="bbox 2178 4537 3773 4613; baseline 0.002 -19"><span class='ocrx_word' id='word_1_633' title='bbox 2178 4539 2321 4612; x_wconf 79' lang='grc' dir='ltr'>μετὰ</span> <span class='ocrx_word' id='word_1_634' title='bbox 2374 4539 2488 4595; x_wconf 87' lang='grc' dir='ltr'><strong>τῶν</strong></span> <span class='ocrx_word' id='word_1_635' title='bbox 2530 4540 2713 4613; x_wconf 77' lang='grc' dir='ltr'>ὅρκων</span> <span class='ocrx_word' id='word_1_636' title='bbox 2762 4540 2983 4612; x_wconf 88' lang='grc' dir='ltr'>χείρους</span> <span class='ocrx_word' id='word_1_637' title='bbox 3036 4540 3330 4610; x_wconf 80' lang='grc' dir='ltr'>ὀφθέντας,</span> <span class='ocrx_word' id='word_1_638' title='bbox 3376 4541 3446 4595; x_wconf 84' lang='grc' dir='ltr'><strong>δι’</strong></span> <span class='ocrx_word' id='word_1_639' title='bbox 3481 4537 3556 4599; x_wconf 85' lang='grc' dir='ltr'>ὧν</span> <span class='ocrx_word' id='word_1_640' title='bbox 3604 4543 3773 4613; x_wconf 72' lang='grc' dir='ltr'>ἔσχον</span> 
     </span>
    </p>
   </div>
   <div class='ocr_carea' id='block_1_92' title="bbox 488 4622 2069 4697">
    <p class='ocr_par' dir='ltr' id='par_1_92' title="bbox 488 4622 2069 4697">
     <span class='ocr_line' id='line_1_94' title="bbox 488 4622 2069 4697; baseline 0.002 -18"><span class='ocrx_word' id='word_1_641' title='bbox 488 4626 710 4697; x_wconf 91' lang='lat' dir='ltr'><strong>penitus</strong></span> <span class='ocrx_word' id='word_1_642' title='bbox 741 4626 1017 4683; x_wconf 88' lang='lat' dir='ltr'><strong>delerunt.</strong></span> <span class='ocrx_word' id='word_1_643' title='bbox 1072 4623 1185 4680; x_wconf 81' lang='lat' dir='ltr'><strong>Nos</strong></span> <span class='ocrx_word' id='word_1_644' title='bbox 1214 4622 1461 4695; x_wconf 80' lang='lat' dir='ltr'><strong>quidem,</strong></span> <span class='ocrx_word' id='word_1_645' title='bbox 1484 4624 1560 4679; x_wconf 91' lang='lat' dir='ltr'><strong>mi</strong></span> <span class='ocrx_word' id='word_1_646' title='bbox 1590 4624 1689 4692; x_wconf 80' lang='lat' dir='ltr'><strong>fili,</strong></span> <span class='ocrx_word' id='word_1_647' title='bbox 1731 4635 1783 4680; x_wconf 90' lang='lat' dir='ltr'><strong>te</strong></span> <span class='ocrx_word' id='word_1_648' title='bbox 1816 4641 2069 4682; x_wconf 86' lang='lat' dir='ltr'><strong>veracem</strong></span> 
     </span>
    </p>
   </div>
   <div class='ocr_carea' id='block_1_93' title="bbox 479 4717 2073 4790">
    <p class='ocr_par' dir='ltr' id='par_1_93' title="bbox 479 4717 2073 4790">
     <span class='ocr_line' id='line_1_95' title="bbox 479 4717 2073 4790; baseline 0.003 -18"><span class='ocrx_word' id='word_1_649' title='bbox 479 4718 794 4790; x_wconf 84' lang='lat' dir='ltr'><strong>jndicamus</strong></span> <span class='ocrx_word' id='word_1_650' title='bbox 871 4733 903 4773; x_wconf 91' lang='lat' dir='ltr'><strong>a</strong></span> <span class='ocrx_word' id='word_1_651' title='bbox 949 4732 1064 4789; x_wconf 87' lang='lat' dir='ltr'><strong>quo</strong></span> <span class='ocrx_word' id='word_1_652' title='bbox 1144 4732 1427 4788; x_wconf 86' lang='lat' dir='ltr'><strong>nunquam</strong></span> <span class='ocrx_word' id='word_1_653' title='bbox 1494 4717 1728 4789; x_wconf 88' lang='lat' dir='ltr'><strong>decepti.</strong></span> <span class='ocrx_word' id='word_1_654' title='bbox 1807 4719 2073 4777; x_wconf 79' lang='lat' dir='ltr'><strong>Novimus</strong></span> 
     </span>
    </p>
   </div>
   <div class='ocr_carea' id='block_1_94' title="bbox 485 4810 2076 4882">
    <p class='ocr_par' dir='ltr' id='par_1_94' title="bbox 485 4810 2076 4882">
     <span class='ocr_line' id='line_1_96' title="bbox 485 4810 2076 4882; baseline -0.001 -13"><span class='ocrx_word' id='word_1_655' title='bbox 485 4814 633 4869; x_wconf 87' lang='lat' dir='ltr'><strong>enim</strong></span> <span class='ocrx_word' id='word_1_656' title='bbox 684 4826 871 4868; x_wconf 89' lang='lat' dir='ltr'><strong>mores</strong></span> <span class='ocrx_word' id='word_1_657' title='bbox 940 4818 1070 4866; x_wconf 90' lang='lat' dir='ltr'><strong>tuos</strong></span> <span class='ocrx_word' id='word_1_658' title='bbox 1117 4820 1173 4867; x_wconf 85' lang='lat' dir='ltr'><strong>et</strong></span> <span class='ocrx_word' id='word_1_659' title='bbox 1207 4810 1347 4866; x_wconf 80' lang='lat' dir='ltr'><strong>tuis</strong></span> <span class='ocrx_word' id='word_1_660' title='bbox 1415 4810 1597 4866; x_wconf 90' lang='lat' dir='ltr'><strong>verbis</strong></span> <span class='ocrx_word' id='word_1_661' title='bbox 1662 4812 1841 4882; x_wconf 78' lang='lat' dir='ltr'><strong>magis</strong></span> <span class='ocrx_word' id='word_1_662' title='bbox 1901 4813 2076 4867; x_wconf 87' lang='lat' dir='ltr'><strong>conﬁ-</strong></span> 
     </span>
    </p>
   </div>
   <div class='ocr_carea' id='block_1_95' title="bbox 483 4904 2072 4977">
    <p class='ocr_par' dir='ltr' id='par_1_95' title="bbox 483 4904 2072 4977">
     <span class='ocr_line' id='line_1_97' title="bbox 483 4904 2072 4977; baseline -0.002 -13"><span class='ocrx_word' id='word_1_663' title='bbox 483 4910 667 4965; x_wconf 91' lang='lat' dir='ltr'><strong>dimus</strong></span> <span class='ocrx_word' id='word_1_664' title='bbox 713 4921 878 4977; x_wconf 89' lang='lat' dir='ltr'><strong>quam</strong></span> <span class='ocrx_word' id='word_1_665' title='bbox 903 4907 1288 4976; x_wconf 81' lang='lat' dir='ltr'><strong>plerarumque</strong></span> <span class='ocrx_word' id='word_1_666' title='bbox 1341 4904 1771 4973; x_wconf 86' lang='lat' dir='ltr'><strong>assertionibus,</strong></span> <span class='ocrx_word' id='word_1_667' title='bbox 1815 4910 2072 4977; x_wconf 88' lang='lat' dir='ltr'><strong>quamvis</strong></span> 
     </span>
    </p>
   </div>
   <div class='ocr_carea' id='block_1_96' title="bbox 487 4998 2072 5070">
    <p class='ocr_par' dir='ltr' id='par_1_96' title="bbox 487 4998 2072 5070">
     <span class='ocr_line' id='line_1_98' title="bbox 487 4998 2072 5070; baseline -0.002 -13"><span class='ocrx_word' id='word_1_668' title='bbox 487 5016 617 5057; x_wconf 91' lang='lat' dir='ltr'><strong>cum</strong></span> <span class='ocrx_word' id='word_1_669' title='bbox 663 4998 1031 5069; x_wconf 89' lang='lat' dir='ltr'><strong>jurejurando</strong></span> <span class='ocrx_word' id='word_1_670' title='bbox 1088 4998 1144 5053; x_wconf 90' lang='lat' dir='ltr'><strong>in</strong></span> <span class='ocrx_word' id='word_1_671' title='bbox 1191 4998 1432 5054; x_wconf 91' lang='lat' dir='ltr'><strong>medium</strong></span> <span class='ocrx_word' id='word_1_672' title='bbox 1491 4999 1739 5070; x_wconf 81' lang='lat' dir='ltr'><strong>prolatis.</strong></span> <span class='ocrx_word' id='word_1_673' title='bbox 1782 4999 1972 5070; x_wconf 85' lang='lat' dir='ltr'><strong>itaque</strong></span> <span class='ocrx_word' id='word_1_674' title='bbox 2024 5000 2072 5054; x_wconf 82' lang='lat' dir='ltr'><strong>si</strong></span> 
     </span>
    </p>
   </div>
   <div class='ocr_carea' id='block_1_97' title="bbox 486 5090 2075 5163">
    <p class='ocr_par' dir='ltr' id='par_1_97' title="bbox 486 5090 2075 5163">
     <span class='ocr_line' id='line_1_99' title="bbox 486 5090 2075 5163; baseline -0.001 -15"><span class='ocrx_word' id='word_1_675' title='bbox 486 5109 597 5148; x_wconf 90' lang='lat' dir='ltr'><strong>non</strong></span> <span class='ocrx_word' id='word_1_676' title='bbox 630 5092 896 5155; x_wconf 88' lang='lat' dir='ltr'><strong>fallimur,</strong></span> <span class='ocrx_word' id='word_1_677' title='bbox 925 5091 1131 5163; x_wconf 76' lang='lat' dir='ltr'><strong>gratias</strong></span> <span class='ocrx_word' id='word_1_678' title='bbox 1162 5090 1458 5147; x_wconf 87' lang='lat' dir='ltr'><strong>referimus</strong></span> <span class='ocrx_word' id='word_1_679' title='bbox 1489 5090 1601 5146; x_wconf 88' lang='lat' dir='ltr'><strong>Deo</strong></span> <span class='ocrx_word' id='word_1_680' title='bbox 1633 5109 1648 5147; x_wconf 87' lang='lat'><strong>:</strong></span> <span class='ocrx_word' id='word_1_681' title='bbox 1679 5093 1764 5147; x_wconf 85' lang='lat' dir='ltr'><strong>sin</strong></span> <span class='ocrx_word' id='word_1_682' title='bbox 1797 5107 1885 5147; x_wconf 89' lang='lat' dir='ltr'><strong>res</strong></span> <span class='ocrx_word' id='word_1_683' title='bbox 1912 5092 2075 5147; x_wconf 89' lang='lat' dir='ltr'><strong>aliter</strong></span> 
     </span>
    </p>
   </div>
   <div class='ocr_carea' id='block_1_98' title="bbox 488 5183 2071 5253">
    <p class='ocr_par' dir='ltr' id='par_1_98' title="bbox 488 5183 2071 5253">
     <span class='ocr_line' id='line_1_100' title="bbox 488 5183 2071 5253; baseline -0.001 -13"><span class='ocrx_word' id='word_1_684' title='bbox 488 5199 549 5240; x_wconf 87' lang='lat' dir='ltr'><strong>se</strong></span> <span class='ocrx_word' id='word_1_685' title='bbox 588 5184 809 5251; x_wconf 87' lang='lat' dir='ltr'><strong>habeat,</strong></span> <span class='ocrx_word' id='word_1_686' title='bbox 839 5183 1024 5237; x_wconf 88' lang='lat' dir='ltr'><strong>omnia</strong></span> <span class='ocrx_word' id='word_1_687' title='bbox 1055 5185 1215 5253; x_wconf 75' lang='lat' dir='ltr'><strong>longe</strong></span> <span class='ocrx_word' id='word_1_688' title='bbox 1238 5183 1598 5253; x_wconf 85' lang='lat' dir='ltr'><strong>projiciantur</strong></span> <span class='ocrx_word' id='word_1_689' title='bbox 1618 5198 1719 5239; x_wconf 91' lang='lat' dir='ltr'><strong>nec</strong></span> <span class='ocrx_word' id='word_1_690' title='bbox 1735 5183 1840 5239; x_wconf 89' lang='lat' dir='ltr'><strong>nisi</strong></span> <span class='ocrx_word' id='word_1_691' title='bbox 1860 5184 1917 5237; x_wconf 90' lang='lat' dir='ltr'><strong>in</strong></span> <span class='ocrx_word' id='word_1_692' title='bbox 1940 5198 2071 5253; x_wconf 79' lang='lat' dir='ltr'><strong>pec-</strong></span> 
     </span>
    </p>
   </div>
   <div class='ocr_carea' id='block_1_99' title="bbox 487 5275 2075 5348">
    <p class='ocr_par' dir='ltr' id='par_1_99' title="bbox 487 5275 2075 5348">
     <span class='ocr_line' id='line_1_101' title="bbox 487 5275 2075 5348; baseline 0.001 -16"><span class='ocrx_word' id='word_1_693' title='bbox 487 5285 611 5332; x_wconf 85' lang='lat' dir='ltr'><strong>cata</strong></span> <span class='ocrx_word' id='word_1_694' title='bbox 659 5292 781 5333; x_wconf 89' lang='lat' dir='ltr'><strong>mea</strong></span> <span class='ocrx_word' id='word_1_695' title='bbox 831 5276 1194 5333; x_wconf 86' lang='lat' dir='ltr'><strong>transferatur</strong></span> <span class='ocrx_word' id='word_1_696' title='bbox 1232 5277 1414 5347; x_wconf 88' lang='lat' dir='ltr'><strong>culpa.</strong></span> <span class='ocrx_word' id='word_1_697' title='bbox 1464 5275 1624 5343; x_wconf 85' lang='lat' dir='ltr'><strong>Quod</strong></span> <span class='ocrx_word' id='word_1_698' title='bbox 1681 5276 1879 5333; x_wconf 91' lang='lat' dir='ltr'><strong>deinde</strong></span> <span class='ocrx_word' id='word_1_699' title='bbox 1921 5278 2075 5348; x_wconf 91' lang='lat' dir='ltr'><strong>pacis</strong></span> 
     </span>
    </p>
   </div>
   <div class='ocr_carea' id='block_1_100' title="bbox 490 5365 2073 5432">
    <p class='ocr_par' dir='ltr' id='par_1_100' title="bbox 490 5365 2073 5432">
     <span class='ocr_line' id='line_1_102' title="bbox 490 5365 2073 5432; baseline 0 -10"><span class='ocrx_word' id='word_1_700' title='bbox 490 5367 827 5422; x_wconf 87' lang='lat' dir='ltr'><strong>mentionem</strong></span> <span class='ocrx_word' id='word_1_701' title='bbox 857 5365 1017 5431; x_wconf 89' lang='lat' dir='ltr'><strong>facis,</strong></span> <span class='ocrx_word' id='word_1_702' title='bbox 1045 5367 1151 5421; x_wconf 88' lang='lat' dir='ltr'><strong>hoc</strong></span> <span class='ocrx_word' id='word_1_703' title='bbox 1180 5366 1325 5432; x_wconf 88' lang='lat' dir='ltr'><strong>dico,</strong></span> <span class='ocrx_word' id='word_1_704' title='bbox 1361 5381 1468 5421; x_wconf 90' lang='lat' dir='ltr'><strong>non</strong></span> <span class='ocrx_word' id='word_1_705' title='bbox 1498 5367 1566 5421; x_wconf 92' lang='lat' dir='ltr'><strong>ad</strong></span> <span class='ocrx_word' id='word_1_706' title='bbox 1596 5366 1692 5420; x_wconf 90' lang='lat' dir='ltr'><strong>tibi</strong></span> <span class='ocrx_word' id='word_1_707' title='bbox 1731 5367 2073 5422; x_wconf 84' lang='lat' dir='ltr'><strong>suadendum</strong></span> 
     </span>
    </p>
   </div>
   <div class='ocr_carea' id='block_1_101' title="bbox 490 5458 2072 5527">
    <p class='ocr_par' dir='ltr' id='par_1_101' title="bbox 490 5458 2072 5527">
     <span class='ocr_line' id='line_1_103' title="bbox 490 5458 2072 5527; baseline 0 -14"><span class='ocrx_word' id='word_1_708' title='bbox 490 5474 592 5514; x_wconf 87' lang='lat' dir='ltr'><strong>nec</strong></span> <span class='ocrx_word' id='word_1_709' title='bbox 629 5459 855 5514; x_wconf 89' lang='lat' dir='ltr'><strong>cuilibet</strong></span> <span class='ocrx_word' id='word_1_710' title='bbox 890 5458 980 5513; x_wconf 90' lang='lat' dir='ltr'><strong>alii</strong></span> <span class='ocrx_word' id='word_1_711' title='bbox 1011 5459 1105 5527; x_wconf 90' lang='lat' dir='ltr'><strong>qui</strong></span> <span class='ocrx_word' id='word_1_712' title='bbox 1146 5471 1342 5527; x_wconf 89' lang='lat' dir='ltr'><strong>pacem</strong></span> <span class='ocrx_word' id='word_1_713' title='bbox 1393 5458 1649 5527; x_wconf 88' lang='lat' dir='ltr'><strong>amplecti</strong></span> <span class='ocrx_word' id='word_1_714' title='bbox 1684 5460 1834 5515; x_wconf 89' lang='lat' dir='ltr'><strong>visus</strong></span> <span class='ocrx_word' id='word_1_715' title='bbox 1883 5460 2072 5525; x_wconf 91' lang='lat' dir='ltr'><strong>fuerit,</strong></span> 
     </span>
    </p>
   </div>
   <div class='ocr_carea' id='block_1_102' title="bbox 492 5549 2073 5620">
    <p class='ocr_par' dir='ltr' id='par_1_102' title="bbox 492 5549 2073 5620">
     <span class='ocr_line' id='line_1_104' title="bbox 492 5549 2073 5620; baseline 0.002 -16"><span class='ocrx_word' id='word_1_716' title='bbox 492 5550 589 5604; x_wconf 82' lang='lat' dir='ltr'><strong>sed</strong></span> <span class='ocrx_word' id='word_1_717' title='bbox 639 5550 888 5619; x_wconf 87' lang='lat' dir='ltr'><strong>apertius</strong></span> <span class='ocrx_word' id='word_1_718' title='bbox 935 5550 1007 5605; x_wconf 89' lang='lat' dir='ltr'><strong>ad</strong></span> <span class='ocrx_word' id='word_1_719' title='bbox 1053 5550 1207 5604; x_wconf 87' lang='lat' dir='ltr'><strong>illum</strong></span> <span class='ocrx_word' id='word_1_720' title='bbox 1241 5549 1456 5620; x_wconf 89' lang='lat' dir='ltr'><strong>loquar,</strong></span> <span class='ocrx_word' id='word_1_721' title='bbox 1512 5550 1605 5606; x_wconf 90' lang='lat' dir='ltr'><strong>cui</strong></span> <span class='ocrx_word' id='word_1_722' title='bbox 1655 5552 1842 5607; x_wconf 86' lang='lat' dir='ltr'><strong>omnia</strong></span> <span class='ocrx_word' id='word_1_723' title='bbox 1884 5553 2073 5608; x_wconf 89' lang='lat' dir='ltr'><strong>cordis</strong></span> 
     </span>
    </p>
   </div>
   <div class='ocr_carea' id='block_1_103' title="bbox 493 5643 2073 5709">
    <p class='ocr_par' dir='ltr' id='par_1_103' title="bbox 493 5643 2073 5709">
     <span class='ocr_line' id='line_1_105' title="bbox 493 5643 2073 5709; baseline 0.004 -15"><span class='ocrx_word' id='word_1_724' title='bbox 493 5650 705 5695; x_wconf 79' lang='lat' dir='ltr'><strong>secreta</strong></span> <span class='ocrx_word' id='word_1_725' title='bbox 733 5651 957 5709; x_wconf 87' lang='lat' dir='ltr'><strong>patent;</strong></span> <span class='ocrx_word' id='word_1_726' title='bbox 990 5650 1201 5697; x_wconf 87' lang='lat' dir='ltr'><strong>tantum</strong></span> <span class='ocrx_word' id='word_1_727' title='bbox 1227 5643 1375 5698; x_wconf 89' lang='lat' dir='ltr'><strong>enim</strong></span> <span class='ocrx_word' id='word_1_728' title='bbox 1402 5644 1535 5700; x_wconf 89' lang='lat' dir='ltr'><strong>mihi</strong></span> <span class='ocrx_word' id='word_1_729' title='bbox 1565 5644 1705 5700; x_wconf 91' lang='lat' dir='ltr'><strong>inest</strong></span> <span class='ocrx_word' id='word_1_730' title='bbox 1738 5646 2073 5701; x_wconf 86' lang='lat' dir='ltr'><strong>desiderium</strong></span> 
     </span>
    </p>
   </div>
   <div class='ocr_carea' id='block_1_104' title="bbox 495 5732 2075 5808">
    <p class='ocr_par' dir='ltr' id='par_1_104' title="bbox 495 5732 2075 5808">
     <span class='ocr_line' id='line_1_106' title="bbox 495 5732 2075 5808; baseline 0.006 -21"><span class='ocrx_word' id='word_1_731' title='bbox 495 5732 797 5788; x_wconf 79' lang='lat' dir='ltr'><strong>Ecclesiam</strong></span> <span class='ocrx_word' id='word_1_732' title='bbox 821 5732 917 5793; x_wconf 86' lang='lat' dir='ltr'><strong>Dei</strong></span> <span class='ocrx_word' id='word_1_733' title='bbox 946 5749 1079 5805; x_wconf 81' lang='lat' dir='ltr'><strong>pace</strong></span> <span class='ocrx_word' id='word_1_734' title='bbox 1099 5733 1372 5794; x_wconf 88' lang='lat' dir='ltr'><strong>fruentem</strong></span> <span class='ocrx_word' id='word_1_735' title='bbox 1391 5737 1635 5808; x_wconf 83' lang='lat' dir='ltr'><strong>videndi,</strong></span> <span class='ocrx_word' id='word_1_736' title='bbox 1656 5751 1713 5796; x_wconf 87' lang='lat' dir='ltr'><strong>ut</strong></span> <span class='ocrx_word' id='word_1_737' title='bbox 1732 5740 1777 5795; x_wconf 86' lang='lat' dir='ltr'><strong>si</strong></span> <span class='ocrx_word' id='word_1_738' title='bbox 1797 5738 2075 5798; x_wconf 82' lang='lat' dir='ltr'><strong>desiderio</strong></span> 
     </span>
    </p>
   </div>
   <div class='ocr_carea' id='block_1_105' title="bbox 2175 4632 3768 4701">
    <p class='ocr_par' dir='ltr' id='par_1_105' title="bbox 2175 4632 3768 4701">
     <span class='ocr_line' id='line_1_107' title="bbox 2175 4632 3768 4701; baseline 0.001 -14"><span class='ocrx_word' id='word_1_739' title='bbox 2175 4633 2320 4687; x_wconf 79' lang='grc' dir='ltr'>κατὰ</span> <span class='ocrx_word' id='word_1_740' title='bbox 2339 4632 2449 4687; x_wconf 80' lang='grc' dir='ltr'><strong>τῶν</strong></span> <span class='ocrx_word' id='word_1_741' title='bbox 2480 4634 2897 4687; x_wconf 86' lang='grc' dir='ltr'>πιστευσάντων</span> <span class='ocrx_word' id='word_1_742' title='bbox 2932 4633 3099 4688; x_wconf 79' lang='grc' dir='ltr'>πλέον</span> <span class='ocrx_word' id='word_1_743' title='bbox 3141 4636 3223 4699; x_wconf 87' lang='grc' dir='ltr'><strong>είς</strong></span> <span class='ocrx_word' id='word_1_744' title='bbox 3241 4636 3444 4689; x_wconf 85' lang='grc' dir='ltr'>κακίαν</span> <span class='ocrx_word' id='word_1_745' title='bbox 3485 4636 3768 4701; x_wconf 79' lang='grc' dir='ltr'>ἐπιδείξα-</span> 
     </span>
    </p>
   </div>
   <div class='ocr_carea' id='block_1_106' title="bbox 2176 4724 3767 4799">
    <p class='ocr_par' dir='ltr' id='par_1_106' title="bbox 2176 4724 3767 4799">
     <span class='ocr_line' id='line_1_108' title="bbox 2176 4724 3767 4799; baseline 0.004 -22"><span class='ocrx_word' id='word_1_746' title='bbox 2176 4724 2325 4793; x_wconf 82' lang='grc' dir='ltr'>σθαι,</span> <span class='ocrx_word' id='word_1_747' title='bbox 2353 4725 2389 4796; x_wconf 75' lang='grc' dir='ltr'><strong>ἡ</strong></span> <span class='ocrx_word' id='word_1_748' title='bbox 2419 4725 2468 4778; x_wconf 85' lang='grc' dir='ltr'><strong>εί</strong></span> <span class='ocrx_word' id='word_1_749' title='bbox 2493 4725 2572 4795; x_wconf 75' lang='grc' dir='ltr'>μὴ</span> <span class='ocrx_word' id='word_1_750' title='bbox 2599 4727 3037 4790; x_wconf 85' lang='grc' dir='ltr'>πεπιστευκότες</span> <span class='ocrx_word' id='word_1_751' title='bbox 3088 4726 3373 4797; x_wconf 84' lang='grc' dir='ltr'>ῶφθησαν.</span> <span class='ocrx_word' id='word_1_752' title='bbox 3415 4729 3608 4799; x_wconf 85' lang='grc' dir='ltr'>Ἡμεῖς</span> <span class='ocrx_word' id='word_1_753' title='bbox 3641 4727 3767 4793; x_wconf 81' lang='grc' dir='ltr'>οὖν,</span> 
     </span>
    </p>
   </div>
   <div class='ocr_carea' id='block_1_107' title="bbox 2173 4817 3771 4893">
    <p class='ocr_par' dir='ltr' id='par_1_107' title="bbox 2173 4817 3771 4893">
     <span class='ocr_line' id='line_1_109' title="bbox 2173 4817 3771 4893; baseline 0.002 -23"><span class='ocrx_word' id='word_1_754' title='bbox 2173 4817 2371 4870; x_wconf 79' lang='grc' dir='ltr'>τέκνον</span> <span class='ocrx_word' id='word_1_755' title='bbox 2401 4817 2582 4886; x_wconf 82' lang='grc' dir='ltr'>ήμῶν,</span> <span class='ocrx_word' id='word_1_756' title='bbox 2614 4818 2665 4871; x_wconf 81' lang='grc' dir='ltr'><strong>εί</strong></span> <span class='ocrx_word' id='word_1_757' title='bbox 2701 4818 2776 4888; x_wconf 77' lang='grc' dir='ltr'><strong>μή</strong></span> <span class='ocrx_word' id='word_1_758' title='bbox 2810 4819 3219 4892; x_wconf 77' lang='grc' dir='ltr'>ἐξηπατήμεθα</span> <span class='ocrx_word' id='word_1_759' title='bbox 3258 4821 3360 4875; x_wconf 86' lang='grc' dir='ltr'><strong>οὐκ</strong></span> <span class='ocrx_word' id='word_1_760' title='bbox 3388 4822 3457 4875; x_wconf 76' lang='grc' dir='ltr'>ἂν</span> <span class='ocrx_word' id='word_1_761' title='bbox 3487 4822 3556 4893; x_wconf 84' lang='grc' dir='ltr'>δὴ</span> <span class='ocrx_word' id='word_1_762' title='bbox 3592 4822 3771 4893; x_wconf 79' lang='grc' dir='ltr'>φαίην</span> 
     </span>
    </p>
   </div>
   <div class='ocr_carea' id='block_1_108' title="bbox 2173 4909 3815 4984">
    <p class='ocr_par' dir='ltr' id='par_1_108' title="bbox 2173 4909 3815 4984">
     <span class='ocr_line' id='line_1_110' title="bbox 2173 4909 3815 4984; baseline 0.001 -19"><span class='ocrx_word' id='word_1_763' title='bbox 2173 4910 2284 4965; x_wconf 84' lang='grc' dir='ltr'><strong>τῶν</strong></span> <span class='ocrx_word' id='word_1_764' title='bbox 2311 4909 2611 4983; x_wconf 83' lang='grc' dir='ltr'>εὐσταθείᾳ</span> <span class='ocrx_word' id='word_1_765' title='bbox 2649 4912 2854 4981; x_wconf 91' lang='grc' dir='ltr'>τρόπου</span> <span class='ocrx_word' id='word_1_766' title='bbox 2885 4913 3312 4983; x_wconf 84' lang='grc' dir='ltr'>σεμνυνομένων</span> <span class='ocrx_word' id='word_1_767' title='bbox 3350 4914 3557 4977; x_wconf 85' lang='grc' dir='ltr'>εἰδότες</span> <span class='ocrx_word' id='word_1_768' title='bbox 3592 4915 3769 4984; x_wconf 73' lang='grc' dir='ltr'>ὑμᾶς,</span> <span class='ocrx_word' id='word_1_769' title='bbox 3809 4935 3815 4939; x_wconf 89' lang='grc'>·</span> 
     </span>
    </p>
   </div>
   <div class='ocr_carea' id='block_1_109' title="bbox 2184 5004 3771 5077">
    <p class='ocr_par' dir='ltr' id='par_1_109' title="bbox 2184 5004 3771 5077">
     <span class='ocr_line' id='line_1_111' title="bbox 2184 5004 3771 5077; baseline 0.003 -22"><span class='ocrx_word' id='word_1_770' title='bbox 2184 5004 2275 5056; x_wconf 81' lang='grc' dir='ltr'>ὅτε</span> <span class='ocrx_word' id='word_1_771' title='bbox 2298 5005 2369 5055; x_wconf 81' lang='grc' dir='ltr'>τὰ</span> <span class='ocrx_word' id='word_1_772' title='bbox 2398 5005 2643 5076; x_wconf 79' lang='grc' dir='ltr'>ὑμέτερα</span> <span class='ocrx_word' id='word_1_773' title='bbox 2675 5004 3075 5076; x_wconf 85' lang='grc' dir='ltr'>ἐγινώσκομεν,</span> <span class='ocrx_word' id='word_1_774' title='bbox 3123 5006 3310 5077; x_wconf 77' lang='grc' dir='ltr'>ἐκείνῃ</span> <span class='ocrx_word' id='word_1_775' title='bbox 3370 5008 3573 5077; x_wconf 83' lang='grc' dir='ltr'>μᾶλλον</span> <span class='ocrx_word' id='word_1_776' title='bbox 3612 5007 3771 5059; x_wconf 73' lang='grc' dir='ltr'>τιθέ-</span> 
     </span>
    </p>
   </div>
   <div class='ocr_carea' id='block_1_110' title="bbox 2179 5096 3768 5173">
    <p class='ocr_par' dir='ltr' id='par_1_110' title="bbox 2179 5096 3768 5173">
     <span class='ocr_line' id='line_1_112' title="bbox 2179 5096 3768 5173; baseline 0.004 -25"><span class='ocrx_word' id='word_1_777' title='bbox 2179 5099 2322 5168; x_wconf 89' lang='grc' dir='ltr'>μεθα</span> <span class='ocrx_word' id='word_1_778' title='bbox 2349 5098 2416 5167; x_wconf 82' lang='grc' dir='ltr'>τῇ</span> <span class='ocrx_word' id='word_1_779' title='bbox 2457 5097 2590 5168; x_wconf 85' lang='grc' dir='ltr'>περὶ</span> <span class='ocrx_word' id='word_1_780' title='bbox 2627 5096 2785 5167; x_wconf 84' lang='grc' dir='ltr'>ὐμῶν</span> <span class='ocrx_word' id='word_1_781' title='bbox 2838 5098 3132 5170; x_wconf 82' lang='grc' dir='ltr'>ὑπολήψει,</span> <span class='ocrx_word' id='word_1_782' title='bbox 3163 5100 3287 5171; x_wconf 77' lang='grc' dir='ltr'>ήτῇ</span> <span class='ocrx_word' id='word_1_783' title='bbox 3323 5102 3389 5153; x_wconf 89' lang='grc' dir='ltr'><strong>ἐκ</strong></span> <span class='ocrx_word' id='word_1_784' title='bbox 3434 5099 3546 5154; x_wconf 84' lang='grc' dir='ltr'><strong>τῶν</strong></span> <span class='ocrx_word' id='word_1_785' title='bbox 3579 5101 3768 5173; x_wconf 83' lang='grc' dir='ltr'>ὅρκων</span> 
     </span>
    </p>
   </div>
   <div class='ocr_carea' id='block_1_111' title="bbox 2176 5188 3772 5262">
    <p class='ocr_par' dir='ltr' id='par_1_111' title="bbox 2176 5188 3772 5262">
     <span class='ocr_line' id='line_1_113' title="bbox 2176 5188 3772 5262; baseline 0.003 -21"><span class='ocrx_word' id='word_1_786' title='bbox 2176 5188 2599 5260; x_wconf 72' lang='grc' dir='ltr'>προϐαλλομένη</span> <span class='ocrx_word' id='word_1_787' title='bbox 2632 5189 3020 5262; x_wconf 67' lang='grc' dir='ltr'>πληροφορίᾳ*</span> <span class='ocrx_word' id='word_1_788' title='bbox 3066 5193 3162 5245; x_wconf 74' lang='grc' dir='ltr'>καὶ</span> <span class='ocrx_word' id='word_1_789' title='bbox 3190 5193 3241 5244; x_wconf 87' lang='grc' dir='ltr'><strong>εί</strong></span> <span class='ocrx_word' id='word_1_790' title='bbox 3264 5193 3364 5261; x_wconf 74' lang='grc' dir='ltr'>μὲν</span> <span class='ocrx_word' id='word_1_791' title='bbox 3395 5193 3498 5247; x_wconf 84' lang='grc' dir='ltr'><strong>οὐκ</strong></span> <span class='ocrx_word' id='word_1_792' title='bbox 3540 5193 3772 5245; x_wconf 81' lang='grc' dir='ltr'>ἅπατῶ-</span> 
     </span>
    </p>
   </div>
   <div class='ocr_carea' id='block_1_112' title="bbox 2179 5278 3766 5354">
    <p class='ocr_par' dir='ltr' id='par_1_112' title="bbox 2179 5278 3766 5354">
     <span class='ocr_line' id='line_1_114' title="bbox 2179 5278 3766 5354; baseline 0.003 -23"><span class='ocrx_word' id='word_1_793' title='bbox 2179 5296 2281 5350; x_wconf 83' lang='grc' dir='ltr'><strong>μεν</strong></span> <span class='ocrx_word' id='word_1_794' title='bbox 2300 5278 2377 5350; x_wconf 83' lang='grc' dir='ltr'>τῷ</span> <span class='ocrx_word' id='word_1_795' title='bbox 2400 5278 2519 5350; x_wconf 84' lang='grc' dir='ltr'><strong>Θεῷ</strong></span> <span class='ocrx_word' id='word_1_796' title='bbox 2544 5279 2727 5350; x_wconf 85' lang='grc' dir='ltr'>χάρις.</span> <span class='ocrx_word' id='word_1_797' title='bbox 2788 5281 2850 5333; x_wconf 86' lang='grc' dir='ltr'><strong>Εί</strong></span> <span class='ocrx_word' id='word_1_798' title='bbox 2888 5280 2933 5334; x_wconf 87' lang='grc' dir='ltr'>δ’</span> <span class='ocrx_word' id='word_1_799' title='bbox 2958 5281 3134 5344; x_wconf 78' lang='grc' dir='ltr'>ἄλλως</span> <span class='ocrx_word' id='word_1_800' title='bbox 3176 5281 3315 5352; x_wconf 69' lang='grc' dir='ltr'>ἔχει,</span> <span class='ocrx_word' id='word_1_801' title='bbox 3340 5281 3461 5336; x_wconf 77' lang='grc' dir='ltr'>ἀλλ’</span> <span class='ocrx_word' id='word_1_802' title='bbox 3513 5282 3766 5354; x_wconf 52' lang='lat' dir='ltr'><strong>appease.</strong></span> 
     </span>
    </p>
   </div>
   <div class='ocr_carea' id='block_1_113' title="bbox 2177 5372 3764 5443">
    <p class='ocr_par' dir='ltr' id='par_1_113' title="bbox 2177 5372 3764 5443">
     <span class='ocr_line' id='line_1_115' title="bbox 2177 5372 3764 5443; baseline 0.002 -18"><span class='ocrx_word' id='word_1_803' title='bbox 2177 5372 2341 5425; x_wconf 87' lang='grc' dir='ltr'>τοῦτο</span> <span class='ocrx_word' id='word_1_804' title='bbox 2369 5372 2450 5435; x_wconf 85' lang='grc' dir='ltr'><strong>είς</strong></span> <span class='ocrx_word' id='word_1_805' title='bbox 2478 5372 2702 5443; x_wconf 84' lang='grc' dir='ltr'>τρίϐους</span> <span class='ocrx_word' id='word_1_806' title='bbox 2725 5372 2991 5439; x_wconf 79' lang='grc' dir='ltr'>ἀϐάτους,</span> <span class='ocrx_word' id='word_1_807' title='bbox 3036 5374 3131 5428; x_wconf 76' lang='grc' dir='ltr'>καὶ</span> <span class='ocrx_word' id='word_1_808' title='bbox 3157 5373 3336 5437; x_wconf 82' lang='grc' dir='ltr'>οὕτως</span> <span class='ocrx_word' id='word_1_809' title='bbox 3382 5375 3560 5438; x_wconf 76' lang='grc' dir='ltr'>οὐδεὶς</span> <span class='ocrx_word' id='word_1_810' title='bbox 3601 5375 3764 5439; x_wconf 82' lang='grc' dir='ltr'>ἄλλος</span> 
     </span>
    </p>
   </div>
   <div class='ocr_carea' id='block_1_114' title="bbox 2175 5461 3761 5534">
    <p class='ocr_par' dir='ltr' id='par_1_114' title="bbox 2175 5461 3761 5534">
     <span class='ocr_line' id='line_1_116' title="bbox 2175 5461 3761 5534; baseline 0.001 -21"><span class='ocrx_word' id='word_1_811' title='bbox 2175 5461 2275 5532; x_wconf 77' lang='grc' dir='ltr'>τὴν</span> <span class='ocrx_word' id='word_1_812' title='bbox 2322 5461 2506 5515; x_wconf 81' lang='grc' dir='ltr'>αἰτίαν</span> <span class='ocrx_word' id='word_1_813' title='bbox 2559 5461 2701 5528; x_wconf 68' lang='grc' dir='ltr'>ἕξει,</span> <span class='ocrx_word' id='word_1_814' title='bbox 2736 5462 2857 5516; x_wconf 82' lang='grc' dir='ltr'>ἀλλ’</span> <span class='ocrx_word' id='word_1_815' title='bbox 2908 5464 2992 5524; x_wconf 89' lang='grc' dir='ltr'><strong>είς</strong></span> <span class='ocrx_word' id='word_1_816' title='bbox 3050 5462 3151 5526; x_wconf 77' lang='grc' dir='ltr'><strong>τὰς</strong></span> <span class='ocrx_word' id='word_1_817' title='bbox 3204 5462 3345 5531; x_wconf 80' lang='grc' dir='ltr'>ἐμὰς</span> <span class='ocrx_word' id='word_1_818' title='bbox 3389 5462 3761 5534; x_wconf 81' lang='grc' dir='ltr'>ἀνυσθήσεται</span> 
     </span>
    </p>
   </div>
   <div class='ocr_carea' id='block_1_115' title="bbox 2179 5554 3758 5626">
    <p class='ocr_par' dir='ltr' id='par_1_115' title="bbox 2179 5554 3758 5626">
     <span class='ocr_line' id='line_1_117' title="bbox 2179 5554 3758 5626; baseline 0.001 -18"><span class='ocrx_word' id='word_1_819' title='bbox 2179 5555 2477 5624; x_wconf 81' lang='grc' dir='ltr'>ἁμαρτίας.</span> <span class='ocrx_word' id='word_1_820' title='bbox 2521 5554 2674 5607; x_wconf 82' lang='grc' dir='ltr'>Ἐπεὶ</span> <span class='ocrx_word' id='word_1_821' title='bbox 2699 5555 2756 5608; x_wconf 69' lang='grc' dir='ltr'>δὲ</span> <span class='ocrx_word' id='word_1_822' title='bbox 2790 5556 3017 5626; x_wconf 75' lang='grc' dir='ltr'>εἰρήνης</span> <span class='ocrx_word' id='word_1_823' title='bbox 3048 5555 3352 5625; x_wconf 83' lang='grc' dir='ltr'>ἐμνήσθης,</span> <span class='ocrx_word' id='word_1_824' title='bbox 3379 5555 3559 5609; x_wconf 85' lang='grc' dir='ltr'>ἐκεῖνό</span> <span class='ocrx_word' id='word_1_825' title='bbox 3592 5573 3758 5625; x_wconf 84' lang='grc' dir='ltr'>φημι,</span> 
     </span>
    </p>
   </div>
   <div class='ocr_carea' id='block_1_116' title="bbox 2174 5645 3761 5716">
    <p class='ocr_par' dir='ltr' id='par_1_116' title="bbox 2174 5645 3761 5716">
     <span class='ocr_line' id='line_1_118' title="bbox 2174 5645 3761 5716; baseline 0 -18"><span class='ocrx_word' id='word_1_826' title='bbox 2174 5646 2237 5698; x_wconf 89' lang='grc' dir='ltr'>οὐ</span> <span class='ocrx_word' id='word_1_827' title='bbox 2266 5647 2327 5698; x_wconf 86' lang='grc' dir='ltr'><strong>σέ</strong></span> <span class='ocrx_word' id='word_1_828' title='bbox 2359 5645 2589 5714; x_wconf 83' lang='grc' dir='ltr'>πείθων,</span> <span class='ocrx_word' id='word_1_829' title='bbox 2617 5646 2729 5699; x_wconf 85' lang='grc' dir='ltr'>οὐδ’</span> <span class='ocrx_word' id='word_1_830' title='bbox 2765 5646 2928 5701; x_wconf 73' lang='grc' dir='ltr'>ἄλλον</span> <span class='ocrx_word' id='word_1_831' title='bbox 2957 5646 3050 5699; x_wconf 86' lang='grc' dir='ltr'>τὸν</span> <span class='ocrx_word' id='word_1_832' title='bbox 3079 5646 3133 5699; x_wconf 79' lang='grc' dir='ltr'><strong>εί</strong></span> <span class='ocrx_word' id='word_1_833' title='bbox 3163 5664 3248 5709; x_wconf 89' lang='grc' dir='ltr'><strong>τις</strong></span> <span class='ocrx_word' id='word_1_834' title='bbox 3291 5647 3441 5701; x_wconf 86' lang='grc' dir='ltr'>δοκεῖ</span> <span class='ocrx_word' id='word_1_835' title='bbox 3469 5646 3761 5716; x_wconf 79' lang='grc' dir='ltr'>ὀνομάζειν</span> 
     </span>
    </p>
   </div>
   <div class='ocr_carea' id='block_1_117' title="bbox 2178 5733 3765 5814">
    <p class='ocr_par' dir='ltr' id='par_1_117' title="bbox 2178 5733 3765 5814">
     <span class='ocr_line' id='line_1_119' title="bbox 2178 5733 3765 5814; baseline 0.003 -21"><span class='ocrx_word' id='word_1_836' title='bbox 2178 5741 2424 5812; x_wconf 85' lang='grc' dir='ltr'>εἰρήνην,</span> <span class='ocrx_word' id='word_1_837' title='bbox 2460 5740 2602 5799; x_wconf 79' lang='grc' dir='ltr'>ἀλλὰ</span> <span class='ocrx_word' id='word_1_838' title='bbox 2629 5741 2767 5813; x_wconf 77' lang='grc' dir='ltr'>πρὸς</span> <span class='ocrx_word' id='word_1_839' title='bbox 2792 5742 3001 5797; x_wconf 77' lang='grc' dir='ltr'>ἐκεῖνον</span> <span class='ocrx_word' id='word_1_840' title='bbox 3046 5744 3259 5814; x_wconf 75' lang='grc' dir='ltr'>φανερὰ</span> <span class='ocrx_word' id='word_1_841' title='bbox 3302 5743 3466 5811; x_wconf 57' lang='grc' dir='ltr'>λέγοι,</span> <span class='ocrx_word' id='word_1_842' title='bbox 3505 5733 3559 5807; x_wconf 76' lang='grc' dir='ltr'>ᾧ</span> <span class='ocrx_word' id='word_1_843' title='bbox 3582 5740 3765 5797; x_wconf 59' lang='grc' dir='ltr'>πάντα</span> 
     </span>
    </p>
   </div>
  </div>
