4094 6438
392 366 497 430 3⁵31

1852 363 2266 426 EPISTOLIIS.

3544 368 3650 431 36?

391 459 464 510 τά
485 456 584 524 τῆς
610 456 838 527 καρδίας
869 458 1031 529 ἡμῶν
1062 458 1461 528 πεφανέρωται.
1511 455 1587 520 ὡς
1616 456 1852 526 τοσαύτη
1886 473 1955 524 μο

2086 469 2210 509 meo
2284 452 2618 518 satislieret,
2690 454 2895 508 ultimis
2940 471 3026 510 me
3097 472 3419 525 exponerem
3466 461 3647 515 malis.

390 548 580 618 ἔφεσις
595 545 688 599 τοῦ
711 549 813 619 τὴν
828 548 1158 619 Ἐκκλησίαν
1185 546 1503 619 είρηνεῦσαι
1531 546 1661 603 ίδείν
1686 546 1781 600 τοῦ
1807 546 1966 610 Θεοῦ,

390 641 467 704 ὡς
492 639 721 693 είτοῦτο
735 638 1050 711 ἠκολούθει,
1086 640 1223 711 μηδὲ
1243 639 1344 708 τὴν
1382 641 1462 702 είς
1490 638 1718 706 γέενναν
1742 635 1835 691 τοῦ
1862 654 1967 690 πυ-

392 732 490 799 ρὸς
532 730 990 802 παραιτήσασθαι
1049 731 1220 803 ρίψιν.
1251 731 1367 786 Νῦν
1409 730 1467 783 δὲ
1496 731 1564 803 ἢν
1590 731 1642 785 oi
1666 727 1968 801 ἀπερισκέ-

387 838 546 887 πτως
578 819 938 892 ἐπιζητοῦσιν
995 824 1242 892 εἰρήνην,
1302 821 1459 875 οὐδὲν
1489 820 1677 893 ἔτερόν
1732 822 1903 881 ἐστιν,
1930 817 1966 890 ἢ

387 910 702 984 πρόσληψις
737 913 845 966 τῶν
878 914 953 984 μὴ
985 914 1279 977 συνόντων,
1315 914 1408 968 καὶ
1436 912 1679 984 ἀποϐολὴ
1707 911 1817 966 τῶν
1848 928 1975 964 συν-

385 1004 581 1056 όντων.
616 1001 791 1055 Τοῦτο
819 1001 863 1055 δ’
895 1000 961 1055 ἄν
999 1019 1081 1065 τις
1111 1002 1254 1055 είποι
1277 1001 1473 1055 ἕνωσιν
1507 1002 1604 1055 καὶ
1627 997 1971 1071 εὐφροσύνην

344 1146 349 1153 ς
380 1093 489 1162 τῆς
513 1093 609 1146 τοῦ
640 1092 780 1146 Θεοῦ
844 1093 1198 1164 Ἐκκλησίας,
1227 1092 1346 1148 ἀλλ’
1379 1095 1443 1148 οὐ
1477 1091 1635 1165 ῥῆξιν
1665 1089 1851 1161 πολλῷ
1882 1089 1972 1145 ά).-

380 1184 707 1258 γεινοτὲραν
739 1185 838 1241 καὶ
859 1185 1312 1258 σκυθρωπότητα,
1336 1186 1440 1241 οὐκ
1468 1180 1587 1239 οἶδα
1617 1185 1773 1249 ποίας
1804 1184 1970 1255 ἐσχα-

2079 544 2255 612 Quam
2293 554 2475 600 autem
2514 545 2594 599 illi
2634 560 2826 615 pacem
2862 546 3269 604 inconsiderate
3300 552 3651 622 perquirunt,

2078 636 2215 692 nihil
2234 636 2382 691 aliud
2411 645 2496 692 est
2515 651 2679 707 quam
2701 641 3003 709 assumptio
3019 639 3323 695 absentium
3347 650 3402 697 et
3422 643 3646 711 rejectio
3707 633 3731 705 ί

2077 726 2456 796 praesentium.
2512 724 2649 792 Quis
2683 740 2814 781 vero
2858 726 3174 783 istiusmodi
3201 744 3314 785 rem
3357 739 3648 789 vocaturus

2076 816 2149 871 sit
2178 816 2436 871 unionem
2472 824 2528 871 et
2556 816 2981 886 prosperitatem
3024 817 3284 875 Ecclesiae
3313 820 3447 877 Dei!
3479 822 3647 893 Equi-

2071 907 2194 962 dem
2241 907 2445 962 nullam
2494 907 2654 963 video
2700 919 2983 979 rupturam
3033 910 3124 966 illa
3173 912 3644 982 perniciosiorem,

2069 999 2472 1079 nullamlcujus
2512 1000 2638 1057 ﬁnis
2668 1000 2740 1057 sit
2782 1001 3176 1058 miserabilior.
3208 1004 3377 1061 Vobis
3412 1008 3647 1078 pruden-

2070 1090 2219 1147 tibus
2252 1108 2360 1159 non
2411 1093 2590 1150 solum
2641 1094 2984 1164 apparentia,
3026 1095 3108 1150 uti
3133 1094 3216 1164 ﬁt,
3247 1099 3645 1156 consideranda

2068 1192 2221 1252 sunt,
2254 1187 2351 1242 sed
2380 1196 2433 1242 et
2463 1188 2552 1242 illa
2591 1202 2714 1258 quae
2739 1201 2805 1242 ex
2837 1189 3227 1255 apparentibus
3257 1200 3535 1248 emanant.

378 1283 500 1343 τιᾶς
555 1280 661 1333 οὐκ
700 1274 868 1334 οὖσαν
913 1278 1326 1350 ἑσχατωτέρανς
1370 1279 1493 1351 Χρὴ
1545 1278 1604 1333 δὲ
1661 1278 1958 1349 φρονίμους
2022 1276 2182 1344 ὄντας
2231 1278 2378 1349 ὐμᾶς
2413 1282 2488 1351 μὴ
2547 1281 2708 1351 μόνον
2759 1282 2822 1336 τὸ
2865 1280 2925 1347 ἐξ
2968 1283 3234 1353 ἐπιπολῆς
3271 1286 3401 1367 όρᾷν
3463 1289 3646 1357 φαινό-

383 1392 567 1453 μενον,
619 1372 759 1428 ἀλλὰ
801 1373 894 1426 καὶ
926 1374 1028 1427 ὅσα
1056 1375 1167 1437 τοῖς
1199 1375 1549 1446 φαινομένοις
1588 1372 1949 1440 ἐξακολουθεῖ.

555 1490 730 1547 ΡΔΖ⁹.
783 1491 1052 1560 Ἰτνατίφ
1086 1492 1495 1561 μητροκολίτῃ
1530 1488 1804 1550 Κυζίκου.

461 1607 845 1679 Ἐπιστάμεθα
874 1606 978 1679 τὴν
1013 1590 1292 1679 ὑμετέραν
1334 1607 1691 1678 τελειοτάτην
1720 1605 1959 1671 σύνεσιν,

382 1700 483 1754 καὶ
509 1701 679 1772 χωρὶς
700 1700 803 1770 τῆς
847 1699 1128 1771 ἡμετέρας
1157 1699 1498 1770 προτροπῆς,
1530 1697 1744 1751 οἴκοθεν
1775 1713 1957 1750 κινου-

2171 1484 2482 1541 CXXXVII.
2515 1489 2732 1558 Ignatio
2763 1487 3146 1558 Cyziceuorum
3181 1491 3554 1561 metropolita'.

2138 1596 2422 1654 Summam
2440 1609 2674 1656 vestram
2699 1601 3105 1670 intelligentiam
3132 1604 3382 1658 novimus
3418 1622 3541 1675 quae
3569 1623 3639 1662 ex

2061 1690 2322 1761 ipsamet,
2361 1693 2519 1747 nobis
2570 1709 2676 1748 non
2730 1694 3098 1760 hortantibus,
3126 1696 3262 1751 bene
3308 1700 3486 1754 vultei
3546 1702 3640 1768 qui

397 1791 567 1861 μένην
591 1789 891 1860 συμπαθῶς
917 1789 1064 1859 ἔχειν
1087 1789 1226 1860 πρὸς
1270 1789 1364 1842 τὸν
1390 1789 1737 1859 κατασχόντα
1768 1787 1868 1859 τὴν
1901 1788 1955 1841 ἐν

2062 1790 2204 1852 ante}
2235 1796 2335 1838 vos
2405 1783 2799 1854 Cyzicenorum
2834 1784 3135 1840 Ecclesiam
3194 1786 3369 1854 rexit;
3440 1788 3642 1845 nihilo—

400 1879 622 1950 Κυζίκῳ
652 1879 977 1948 Ἐκκλησίαν
1010 1879 1112 1950 πρὸ
1142 1880 1245 1948 τῆς
1277 1878 1380 1949 σῆς
1419 1879 1720 1948 ὁσιότητος.
1765 1877 1958 1948 Ὅμως

398 1970 457 2024 δὲ
480 1970 558 2022 ὅτι
579 1969 664 2022 καὶ
686 1969 837 2039 ἡμᾶς
865 1966 1101 2033 ἀξιῶσαι
1131 1967 1159 2020 ό
1186 1965 1479 2036 ἅνθρωπος
1495 1963 1748 2035 διενοήθη
1770 1962 1958 2016 ἕνεκεν

386 2064 485 2119 τοῦ
508 2063 706 2135 γράψαι
729 2062 868 2135 πρὸς
891 2061 950 2116 σὲ
997 2061 1157 2137 ὥστε,
1203 2059 1617 2131 ἀνεπηρέαστον
1662 2055 1813 2126 αὐτῷ
1855 2054 1957 2126 τὴν

380 2152 532 2221 ζωὴν
558 2150 702 2208 εἶναι
724 2155 789 2206 ἐκ
818 2153 928 2207 τῶν
974 2151 1277 2223 φιλούντων
1307 2149 1664 2219 ἐπεμϐαίνειν
1695 2148 1819 2211 ταῖς
1864 2147 1958 2200 ἀλ⁴

374 2248 623 2320 λοτρίαις
645 2246 882 2318 θλίψεσι,
919 2245 1023 2317 φεῦ
1053 2245 1156 2315 τῆς
1178 2242 1772 2313 καταδυναστευσάσης
1793 2244 1852 2295 ιν
1877 2239 1956 2310 τῷ

372 2338 712 2410 ἀνθρωπίνῳ
753 2337 901 2406 γένει
934 2335 1135 2398 κακίας
1163 2336 1174 2387 !
1203 2333 1264 2388 τὸ
1302 2333 1482 2403 παρόν
1521 2348 1605 2386 σοι
1641 2329 1953 2400 διεπέμψα-

375 2449 481 2503 μεν
524 2432 799 2503 γράμμα,
857 2432 1044 2484 ἐκεῖνα
1097 2427 1167 2481 δι’
1224 2426 1392 2482 αὐτοῦ
1454 2421 1888 2497 προτρεπόμενοι
1917 2421 1954 2477 ἃ

373 2523 752 2595 προλαϐόντες
782 2522 1013 2591 εἴπομεν
1045 2521 1144 2574 καὶ
1169 2519 1388 2590 φρονεῖς
1429 2517 1526 2571 καὶ
1560 2517 1759 2578 ποιεῖς,
1786 2516 1852 2582 τῇ
1884 2515 1951 2582 σῇ

371 2613 748 2686 φιλανθρώπῳ
778 2612 1099 2683 κινούμενος
1126 2609 1385 2666 διαθέσει.
1421 2607 1700 2679 Ἐστιδὶή
1727 2604 1952 2671 ἀξίωσις

374 2707 445 2776 ήν
477 2704 769 2776 ἠξιώμεθα
788 2704 883 2757 τοῦ
930 2702 1154 2758 καθίσαι
1186 2702 1352 2756 αὐτὸν
1403 2702 1463 2755 ὲν
1495 2700 1574 2771 τῷ
1605 2697 1954 2771 μοναστηρίῳ

371 2795 433 2850 οὗ
456 2792 528 2868 ῆν
552 2798 645 2851 ὅτε
675 2797 776 2865 τῆς
808 2795 1200 2867 μητροπόλεως
1227 2791 1600 2863 άπεκεκίνητο
1628 2790 1943 2861 καθεζόμε-

373 2904 497 2950 ver
552 2888 653 2942 καὶ
699 2883 842 2942 εἶναι
883 2885 1033 2957 αὐτῷ
1062 2886 1158 2939 καὶ
1178 2885 1306 2949 τοὺς
1336 2886 1456 2938 ἐκεῖ
1480 2881 1949 2956 προσεδρεύοντας

370 2984 439 3051 τῇ
463 2980 681 3034 ἐκείνου
710 2980 1109 3049 ἀνακειμένους
1135 2976 1434 3051 θεραπείᾳ,
1473 2976 1567 3030 καὶ
1596 2974 1744 3028 κατὰ
1780 2972 1952 3044 μηδε-

2062 1874 2247 1929 minus
2297 1874 2351 1928 id
2391 1873 2557 1929 homo
2585 1884 2846 1945 precatus
2885 1887 2970 1932 est
3012 1887 3074 1931 ut
3107 1877 3318 1935 litteras
3370 1880 3437 1934 ad
3464 1889 3519 1936 te
3547 1883 3643 1938 da-

2062 1980 2246 2022 remus
2273 1975 2333 2021 ut
2378 1966 2546 2021 vitam
2587 1968 2693 2022 sibi
2734 1968 2918 2023 vivere
2946 1970 3120 2039 possit
3167 1984 3415 2025 securam
3460 1972 3530 2028 ab
3574 1972 3641 2028 iis

2058 2060 2178 2127 qui,
2235 2065 2457 2128 propter
2502 2059 2851 2129 congenitam
2910 2060 3193 2115 hominum
3244 2062 3531 2130 malitiam,
3583 2067 3640 2120 in

2061 2149 2257 2205 alienis
2314 2149 2657 2206 oﬂ'endendis
2707 2151 3066 2206 delectantur.
3123 2153 3422 2210 Pra'sentes
3477 2156 3643 2227 igitur

2057 2240 2254 2297 damus
2306 2242 2514 2298 litteras
2552 2242 2700 2311 licet,
2761 2254 2822 2298 ut
2881 2259 3049 2315 supra
3104 2245 3365 2312 diximus,
3413 2251 3640 2320 proprio

2056 2333 2352 2387 voluntatis
2416 2343 2565 2389 motu
2626 2349 2750 2389 eum
2783 2335 2897 2404 jam
2955 2338 3294 2393 humanitate
3368 2350 3460 2395 tua
3524 2356 3641 2396 am-

2057 2425 2330 2494 plectaris.
2370 2423 2631 2481 Precatur
2659 2442 2877 2497 quoque
2927 2437 2986 2483 ut
3046 2444 3143 2499 per
3200 2446 3287 2485 tne
3336 2433 3439 2502 ipsi
3477 2436 3638 2504 copia

2056 2516 2149 2571 liat
2189 2517 2245 2571 in
2277 2517 2670 2573 monasterium
2706 2518 2970 2574 redeundi
3016 2535 3124 2590 quo
3177 2522 3415 2587 vivebat,
3442 2539 3568 2578 cum
3607 2542 3639 2579 a

2055 2604 2342 2675 metropoli
2409 2617 2813 2678 amoveretur;
2879 2609 3012 2678 petit
3095 2620 3154 2666 ut
3219 2613 3315 2682 qui
3373 2627 3642 2670 monaste-

2052 2698 2138 2753 rio
2174 2708 2229 2754 et
2259 2696 2486 2753 servitio
2517 2707 2784 2767 praesunt,
2826 2699 2883 2753 in
2943 2700 3090 2754 nulla
3129 2717 3190 2756 re
3228 2704 3404 2773 ipsum
3463 2707 3640 2762 Iaces-

2051 2799 2178 2847 sant
2228 2798 2326 2845 aut
2390 2789 2848 2847 olfemlieulorum
2913 2794 3259 2866 occasionem
3319 2797 3638 2863 suscitent;

2052 2883 2323 2954 promittit
2377 2882 2477 2950 (et
2525 2882 2856 2939 conﬁdimus
2906 2887 2997 2953 qui
3053 2885 3343 2957 benignam
3400 2889 3638 2944 hominis

2053 2983 2305 3029 naturam
2339 2974 2640 3045 novimus),
2689 2990 2794 3032 nec
2831 2977 3012 3042 vobis,
3050 2993 3148 3033 nec
3195 2980 3249 3033 in
3304 2983 3636 3038 monasterio

374 3075 507 3143 μίαν
539 3073 725 3126 αίτίαν
750 3071 900 3142 αὐτῷ
932 3070 1191 3141 θλίψεως,
1220 3069 1254 3141 ἦ
1289 3068 1660 3138 στενοχωρίας
1692 3065 1951 3136 ἀφορμὴν

2058 3066 2384 3137 degentibus
2439 3067 2775 3125 incommodi
2799 3071 2930 3141 quid
2959 3087 3058 3128 sua
3092 3073 3252 3143 culpa
3276 3086 3635 3144 eventurum;

371 3166 809 3237 παρεχομένους,
835 3163 1075 3235 μάλιστα
1098 3159 1573 3231 ἐπαγγελλομένου
1594 3156 1784 3225 αὐτοῦ,
1815 3157 1957 3227 ὅπερ

370 3259 471 3312 καὶ
510 3256 883 3328 πεπείσμεθα,
922 3256 984 3309 τὸ
1010 3253 1258 3317 ἐπιεικὲς
1301 3250 1399 3306 τοῦ
1442 3248 1736 3324 ανθρώπου
1768 3249 1957 3317 ιπιγι-

368 3350 701 3416 νώσκοντες,
723 3349 801 3413 ὡς
838 3349 991 3402 οὐδὲν
1022 3346 1146 3402 οὐτε
1179 3346 1311 3416 ύμῖν
1353 3345 1593 3415 ἐπαχθὲς
1629 3345 1763 3414 παρ’
1788 3341 1954 3398 αὐτοῦ

1984 3128 2032 3188 C

2063 3159 2178 3215 imo
2214 3154 2472 3229 majores
2522 3160 2720 3217 anima:
2782 3171 2838 3217 et
2883 3163 3132 3233 corporis
3191 3169 3634 3228 commoditates.

2054 3264 2218 3319 quam
2275 3249 2476 3319 quibus
2536 3251 2594 3306 in
2657 3253 2913 3323 praesenti
2967 3253 3241 3321 fruantur,
3317 3273 3637 3315 accessurus

2054 3357 2204 3400 esse.

366 3412 704 3511 ἀπαντήσει,
737 3412 863 3494 οὐτε
890 3443 1004 3504 τοῖς
1035 3441 1095 3493 ὲν
1132 3412 1232 3510 τῷ-
1257 3412 1605 3509 μοναστηρίῳ
1635 3437 1698 3490 τὸ
1718 3412 1939 3504 *διάγειν
1977 3434 2238 3506 λαχοῦσιν
2261 3452 2276 3468 ν
2312 3436 2452 3490 ἀλλὰ
2511 3437 2714 3507 μᾶλλον
2741 3441 2928 3506 αὐτοῖς
2993 3412 3418 3515 περιγενήσεται
3452 3447 3637 3518 πλέον,

364 3542 400 3607 ἦ
460 3537 590 3591 ὅσον
637 3535 735 3589 νῦν
784 3532 1120 3588 ἀπολαύουσι
1166 3531 1414 3602 ψυχικῆς
1464 3530 1561 3585 καὶ
1613 3532 1939 3599 σωματικῆς
1975 3528 2247 3598 ὠφελείας
2278 3530 2311 3600 ή
2340 3531 2714 3602 περιποίησις.

899 3646 1078 3700 PAH'.
1120 3642 1208 3710 Τῷ
1248 3640 1431 3722 αὐτῷ.

456 3763 762 3836 ’Δνηνέχθη
792 3762 872 3833 τῷ
915 3760 1057 3831 ἁγίῳ
1086 3758 1206 3830 Θεῴ
1233 3757 1557 3829 εὐχαριστία
1582 3758 1736 3829 ἡμῖν,
1766 3756 1954 3826 ὥσπερ

365 3858 523 3922 ἔθος,
552 3855 649 3910 ἐπὶ
664 3858 729 3927 τῇ
756 3854 912 3927 ὐμῶν
954 3851 1200 3923 σωτηρίᾳ
1244 3852 1339 3904 καὶ
1376 3849 1733 3919 συντηρήσει,
1763 3848 1954 3940 τέκνον

363 3950 532 4021 ἡμῶν
563 3947 730 4019 ἱερὸν,
766 3946 861 4002 καὶ
892 3944 1170 4018 εὐχόμεθα
1199 3942 1295 3997 καὶ
1328 3941 1411 3998 ἔτι
1457 3957 1518 3994 σε
1567 3938 1953 4011 διατηρεῖοθαι

361 4041 477 4096 ὑπὸ
501 4041 628 4103 ταῖς
661 4038 836 4102 θείαις
863 4035 1093 4108 πτέρυξι
1124 4032 1527 4103 φυλαττόμενον
1554 4031 1727 4086 κακοῦ
1746 4032 1949 4094 παντὸς

363 4130 588 4200 ἀπαθῆ.
620 4130 703 4182 Τὰ
726 4128 782 4182 δὲ
819 4129 1064 4199 ἡμέτερα
1093 4126 1243 4180 τίιᾶν
1273 4126 1448 4192 εῐπω;
1498 4124 1645 4194 Πλὴν
1677 4121 1835 4176 τοῦτό
1871 4139 1954 4176 σοι

360 4221 631 4294 γνωρίζω
654 4221 794 4292 πρὸς
828 4219 997 4291 μόνην
1024 4219 1122 4289 τὴν
1152 4219 1265 4273 ἅνω
1294 4216 1703 4284 ἁποσαλεύομεν
1744 4214 1951 4284 ἀγαθό-

359 4334 537 4387 τητα,
572 4313 841 4384 κρύπτειν
875 4313 1184 4382 δυναμένην
1209 4311 1279 4365 τά
1310 4310 1492 4383 πλήθη
1522 4308 1631 4363 τῶν
1656 4307 1948 4381 ἁμαρτιῶν

2560 3641 2899 3699 CXXXVIII.
2962 3645 3172 3702 Eidem.

2129 3752 2235 3808 Pro
2280 3755 2455 3810 salute
2501 3764 2557 3810 et
2600 3757 3014 3812 conservatione
3061 3769 3262 3825 vestra,
3295 3763 3364 3815 mi
3416 3763 3515 3829 illi,
3555 3766 3634 3819 uti

2054 3846 2318 3913 solemus,
2368 3846 2482 3919 Deo
2525 3859 2715 3903 sancto
2746 3851 2950 3920 gratias
2980 3852 3194 3919 egimus
3229 3865 3283 3907 et
3317 3854 3495 3924 ipsum
3532 3857 3632 3910 ad-

2054 3954 2341 4008 precamur
2380 3950 2439 3994 ut
2474 3941 2579 3995 sub
2627 3941 2831 3996 divinis
2865 3942 2966 3997 alis
3014 3951 3316 4012 protectum
3372 3960 3421 4000 te
3449 3957 3634 4002 custo-

2057 4031 2169 4085 diat
2202 4032 2272 4086 ab
2309 4031 2461 4086 omni
2495 4031 2639 4086 malo
2700 4032 3060 4088 incolumem.
3121 4037 3259 4103 Quid
3311 4039 3376 4094 dc
3429 4042 3632 4096 nostris

2053 4122 2276 4178 dicam?
2311 4122 2426 4179 Hoc
2457 4139 2624 4179 unum
2657 4124 2752 4179 tibi
2794 4134 2980 4181 notum
3008 4129 3151 4195 volo,
3174 4144 3274 4185 nos
3305 4131 3357 4184 in
3397 4148 3633 4202 superna

2051 4213 2291 4268 bonitate
2341 4215 2634 4281 conlidere,
2667 4231 2790 4286 qua:
2823 4218 2938 4273 sola
2993 4221 3394 4276 multitudinem
3431 4239 3625 4294 pecca-

2050 4311 2230 4358 torum
2264 4315 2573 4360 nostrorum
2604 4307 2777 4376 possit
2801 4308 3077 4378 obtegere,
3109 4312 3251 4367 unde
3271 4316 3427 4369 nobis
3458 4326 3512 4370 et
3546 4326 3630 4371 to-

360 4406 552 4478 ήμῶν,
585 4404 647 4469 ἐξ
675 4396 750 4457 ὧν
785 4404 877 4455 καὶ
907 4403 1039 4473 ήμῖν
1068 4401 1164 4454 καὶ
1191 4400 1353 4454 παντὶ
1389 4398 1470 4471 τῷ
1498 4399 1664 4469 κοινῷ
1699 4398 1941 4469 ἐπεχύθη

2058 4395 2082 4449 Li
2114 4397 2360 4452 societati
2421 4406 2571 4452 tanta
2629 4399 3045 4456 tribulationum
3102 4407 3342 4474 procella
3390 4407 3633 4462 immissa

362 4499 393 4548 ό
421 4494 689 4557 τοσοῦτος
737 4494 902 4564 ζόφος
931 4493 1039 4546 τῶν
1066 4491 1302 4563 θλίψεων
1324 4509 1338 4523 ·
1382 4493 1519 4562 πρὸς
1543 4492 1605 4545 ὃν
1632 4489 1951 4561 ἀπαγορεύ-

2058 4497 2159 4552 est,
2193 4489 2246 4542 in
2297 4505 2402 4559 qua
2444 4489 2680 4548 vivimus
2742 4493 2907 4547 vitam
2956 4510 3065 4549 non
3120 4499 3377 4567 vitalem;
3425 4505 3633 4570 gravati

367 4605 567 4651 σαντες
614 4585 799 4657 ζῶμεν
828 4586 888 4638 οὐ
938 4585 1160 4650 ζῶντες,
1193 4585 1289 4639 καὶ
1334 4583 1686 4657 βαρυνόμεθα
1719 4584 1816 4646 τάς
1850 4580 1947 4635 τοῦ

373 4682 526 4751 ἡλίου
591 4678 832 4750 ὁρῶντες
878 4680 1125 4743 ἀκτῖνας,
1181 4677 1278 4730 καὶ
1340 4676 1480 4747 μετὰ
1527 4678 1638 4729 τῶν
1674 4679 1733 4729 ὲν
1755 4676 1949 4746 τάφοις

380 4771 684 4843 ἀγαπῶμεν
748 4768 957 4840 μᾶλλον
1020 4765 1435 4832 συντάττεσθαι,
1482 4766 1515 4837 ῆ
1557 4765 1665 4819 τῶν
1714 4766 1818 4819 ὐπὸ
1872 4764 1951 4835 τῷ

386 4864 513 4934 ἡλίῳ
540 4863 862 4930 διαγόντων.
916 4860 960 4913 Τ
965 4860 999 4914 ά
1040 4858 1141 4931 μὲν
1173 4859 1421 4930 ἡμέτερα
1441 4856 1689 4912 τοιαῦτα.
1725 4857 1791 4910 Σὲ
1809 4857 1889 4919 δὲ,
1923 4854 1952 4907 ὃ

375 4960 466 5010 καὶ
512 4958 733 5025 φθάσας
784 4950 959 5015 εἶπον,
1013 4952 1102 5020 εἴη
1134 4950 1325 5022 πάσης
1386 4948 1684 5012 κακώσεως
1727 4949 1794 5018 τῇ
1830 4947 1952 5016 θείᾳ

367 5048 780 5122 φρουρούμενον
808 5044 1064 5116 εὐμενείᾳ
1089 5044 1346 5114 ὑπεράνω
1376 5041 1662 5095 διατελεῖν.

616 5187 785 5243 I‘AB'.
821 5185 910 5251 Τῷ
947 5185 1191 5256 ἄρχοντι
1236 5184 1358 5238 τῶν
1384 5182 1713 5252 ἀρχόντων.

436 5328 613 5382 Οὐδὲν
663 5323 948 5387 εὐσεϐείας
1006 5320 1629 5396 περισπουδαστότερον,
1685 5319 1809 5374 οὐδὲ
1860 5320 1941 5389 τῷ

360 5423 532 5476 παντὶ
564 5419 670 5491 βίῳ
698 5416 811 5471 τῶν
830 5414 1136 5486 ἀνθρώπων
1162 5413 1672 5486 σωτηριωδέστερον
1690 5429 1706 5445 ·
1745 5413 1951 5484 ταύτης

360 5516 469 5587 γάρ
513 5507 1053 5584 ἔμπολιτευομένης,
1088 5504 1191 5558 οὐκ
1241 5503 1437 5574 ἄδηλον
1465 5501 1543 5566 ὡς
1579 5502 1946 5572 θεραπεύεται

357 5608 516 5671 Θεὸς.
550 5601 697 5657 Θεοῦ
732 5600 789 5652 δὲ
820 5596 1090 5667 θεραπεία
1118 5597 1297 5650 πάντα
1332 5595 1429 5666 μὲν
1458 5596 1686 5666 χορηγεῖ
1710 5595 1778 5647 τὰ
1808 5593 1950 5646 καλά

353 5704 449 5755 καὶ
486 5693 889 5768 συμφέροντα,
924 5687 1141 5741 πάντων
1177 5686 1235 5739 δὲ
1267 5685 1377 5739 τῶν
1437 5684 1771 5755 ἀσυμφόρων
1814 5686 1948 5737 άπε·

344 5796 541 5851 λαύνει
584 5787 693 5857 τὴν
738 5780 1069 5848 παρουσίαν.
1093 5779 1282 5843 Οὕτως
1310 5780 1404 5832 καὶ
1439 5777 1548 5849 ἰδίᾳ
1577 5778 1814 5840 ἕκαστος
1844 5795 1949 5847 μα-

688 5880 965 5939 Ριτιιοι..
1005 5876 1117 5936 GR.
1155 5876 1303 5937 CXI.

2055 4578 2301 4634 videmus
2325 4580 2510 4636 radios
2533 4582 2665 4637 solis
2686 4593 2739 4636 et
2767 4585 2940 4640 satius
2965 4586 3216 4643 ducimus
3248 4591 3301 4643 in
3365 4595 3634 4661 sepulcris

2057 4663 2380 4740 degentibus
2430 4677 2782 4729 annumerari
2820 4692 2980 4745 quam
3018 4683 3121 4732 sub
3156 4681 3273 4735 sole
3304 4670 3629 4737 viventibus.

2058 4763 2133 4817 En
2166 4776 2349 4821 nostra
2397 4766 2556 4821 sicuti
2606 4779 2773 4831 sunt;
2819 4781 2870 4823 te
2907 4780 3091 4826 autem
3132 4773 3201 4828 ab
3230 4776 3378 4828 omni
3423 4780 3631 4834 malitia

2056 4854 2373 4921 liberatum,
2405 4859 2867 4928 quemadmodum
2903 4862 3011 4929 iam
3041 4863 3184 4929 dixi,
3219 4865 3400 4921 divina
3442 4869 3631 4924 Provi-

2055 4947 2234 5001 dentia
2266 4948 2547 5004 custodiat
2572 4957 2625 5004 et
2656 4956 2942 5021 protegat!

2370 5180 2658 5238 CXXXIX.
2692 5180 2933 5252 ΡῖὶΜίρὶ
2958 5186 3280 5255 principum.

2124 5314 2210 5370 Nil
2261 5317 2459 5386 pietate
2512 5318 2758 5374 sedulius
2793 5321 3218 5390 exquirendum,
3255 5323 3330 5378 nil
3383 5329 3636 5383 humana:

2051 5408 2177 5463 vita:
2202 5408 2517 5464 salutarius.
2572 5406 2644 5463 Ea
2679 5410 2733 5463 in
2788 5412 3064 5481 republica
3094 5424 3367 5481 versante,
3399 5419 3629 5475 manife-

2052 5510 2194 5556 stum
2232 5501 2291 5555 lit
2319 5502 2461 5572 quod
2494 5500 2636 5558 Deus
2657 5503 2853 5559 colitur
2880 5510 2897 5559 ι
2928 5506 3077 5574 atqui
3108 5505 3201 5561 Dei
3241 5508 3419 5563 cultus
3448 5514 3633 5567 omnia

2052 5593 2272 5647 adducit
2310 5593 2449 5647 bona
2478 5595 2895 5665 comtnodaque,
2955 5611 3141 5652 omnes
3193 5611 3369 5652 autem
3420 5615 3636 5659 amovet

2055 5688 2394 5743 calamitates
2416 5704 2429 5739 :
2449 5688 2576 5744 hinc
2605 5689 2831 5745 feliciter
2852 5693 2995 5746 vivet
3015 5701 3067 5747 et
3092 5692 3325 5762 quisque
3352 5697 3629 5765 privatim,

2052 5788 2104 5832 et
2149 5778 2367 5849 domus,
2427 5790 2481 5835 et
2519 5781 2731 5848 civitas,
2772 5782 2960 5851 utique
2988 5790 3042 5836 et
3070 5797 3201 5854 gens
3230 5800 3449 5855 quoque
3493 5789 3637 5846 felici

3171 5877 3239 5939 12
