4094 6420
485 352 595 418 363

1598 355 1907 418 NICOLAI
1949 358 2057 420 ce.
2101 326 2645 425 PATltlAltCHxK

3650 374 3754 439 364

486 471 593 521 vita
617 473 668 522 et
696 466 1083 522 constitutione
1109 466 1339 522 fruetur.
1374 466 1503 531 Quae
1527 481 1650 520 cum
1684 468 1753 520 ita
1782 466 1914 532 sint,
1944 482 2045 535 pro

2173 471 2382 537 καρίως
2422 473 2717 543 βιώσεται,
2755 479 2848 531 καὶ
2875 476 3023 544 οἶκος
3070 483 3164 535 καὶ
3219 485 3393 549 πόλις,
3425 487 3513 540 ναὶ
3563 488 3630 560 δὴ
3656 494 3755 546 καὶ

486 560 656 629 priam
706 558 970 628 plerique,
1007 568 1267 629 tanquam
1325 574 1448 610 vero
1508 561 1672 628 pizim,
1730 569 2073 629 propugnant

484 652 820 721 opinionem,
855 652 1150 717 prmsrrtim
1195 666 1315 703 (‘ttttt
1349 650 1413 703 iis
1444 652 1794 719 prmsumptio
1818 651 2068 703 domina-

484 760 574 818 μιν
609 762 621 798 :
651 744 923 799 terribilis
953 745 1097 796 enim
1158 745 1508 812 praesumptio
1547 751 1649 807 est,
1700 743 1834 796 velle
1879 744 2070 811 dogma

484 837 741 891 inanima
768 835 1071 904 depositum
1096 832 1374 900 cohibere,
1402 834 1660 904 quamvis
1679 838 1817 888 inter
1836 836 2068 889 absurda

479 927 619 982 etad
638 928 997 997 perditionem
1012 925 1262 981 ducentia
1297 926 1589 980 videretur.
1614 926 1849 993 Etenim,
1880 943 2069 998 quem-

478 1021 775 1074 admodum
814 1018 994 1074 videre
1020 1026 1102 1072 est
1138 1016 1190 1071 in
1219 1017 1419 1087 pannis
1441 1018 1860 1088 quibuscunque
1889 1021 1953 1072 ad
1987 1037 2068 1072 rr-

477 1112 788 1182 cipiendum
841 1110 1079 1164 colerem
1125 1110 1358 1175 idoneis,
1396 1119 1456 1163 ut
1493 1124 1523 1164 e
1556 1110 1833 1165 coloribus
1866 1112 2066 1181 quibus

479 1219 699 1272 prorsus
734 1201 925 1256 imbuti
968 1213 1098 1255 sunt
1129 1200 1237 1255 elui
1267 1211 1566 1270 nequeant,
1603 1212 1656 1256 et
1686 1188 1839 1271 prius
1863 1204 2065 1258 dilace-

476 1302 727 1347 rarentur
756 1291 1230 1360 quamtincturam
1251 1291 1585 1361 deponerent
1616 1292 1730 1348 :sic
1753 1294 1805 1347 in
1826 1294 2061 1348 humana

476 1395 668 1437 natura
698 1384 880 1437 videre
909 1391 1012 1449 est,
1037 1393 1097 1436 ut
1123 1384 1301 1447 multi,
1322 1399 1445 1438 cum
1468 1399 1781 1454 perversam
1802 1388 2061 1457 primitus

473 1476 524 1530 in
542 1484 722 1532 mente
738 1483 1054 1544 receperunt
1083 1472 1416 1544 Opinionem,
1438 1476 1610 1530 nolint
1626 1491 1744 1531 eam
1768 1478 2059 1547 dimittere,

470 1575 528 1621 at
548 1582 671 1622 cum
701 1581 763 1620 ea
788 1566 966 1634 potius
999 1566 1163 1620 vitam
1184 1565 1489 1621 dissolvere
1512 1567 1857 1623 mal’ntJloc
1875 1580 2058 1624 autem

466 1662 554 1710 est
579 1652 861 1708 hominum
876 1654 1162 1722 sapientia:
1188 1653 1386 1709 divinae
1410 1657 1833 1725 exsortium,qui
1867 1659 2061 1713 nolunt

467 1746 594 1801 boni
644 1746 912 1800 delectum
965 1747 1224 1816 experiri,
1271 1747 1368 1803 sed
1407 1748 1463 1802 in
1497 1763 1595 1804 sua
1635 1753 2059 1821 praesumptione

2175 558 2328 625 ἔθνος
2356 566 2635 635 μακαρίαν
2656 565 2768 632 ἕξει
2798 568 2898 639 τὴν
2922 569 3201 643 δ.αγωγην
3226 577 3320 627 καὶ
3346 576 3445 643 τὴν
3473 558 3752 634 κατάστα-

2177 670 2281 708 σιν.
2328 656 2534 709 Τούτου
2563 657 2617 711 δὲ
2671 658 2846 723 οὕτως
2891 665 3132 733 ἔχοντος,
3188 668 3596 725 ἀντιποιοῦνται
3655 674 3756 744 μὲν

2173 746 2415 801 πλεῖστοι
2434 749 2535 836 τῆς
2562 751 2773 815 οίκείας
2806 754 2965 825 δόξης
2996 756 3072 820 ὡς
3110 758 3393 825 εὐσεὸοῦς,
3441 764 3540 816 καὶ
3589 764 3755 836 μάλι-

2174 857 2275 893 στα
2295 841 2424 894 ὅταν
2455 835 2558 895 ὦσι
2595 844 2864 917 προλήψει
2899 850 3343 920 κεκρατημένοι·
3373 852 3549 908 δεινὸν
3573 857 3684 927 γὰρ
3713 859 3749 927 ἡ

2173 930 2443 1018 πρόληψις
2473 936 2726 1007 κατέχειν
2766 937 2827 990 τὸ
2871 942 3177 1012 παρατεθὲν
3199 944 3260 996 ὲν
3283 947 3348 1015 τῇ
3378 946 3522 1018 ψυχῇ
3549 948 3751 1018 δόγμα,

2172 1019 2275 1073 κᾶν
2366 1021 2475 1075 τῶν
2516 1024 2888 1081 ἀτοπωτάτων
2916 1029 3010 1083 καὶ
3048 1031 3158 1083 τῶν
3189 1034 3269 1095 είς
3292 1034 3576 1089 ἀπώλειαν
3600 1037 3753 1092 ἀπα-

2172 1113 2406 1179 γὸντων.
2437 1114 2652 1187 ’Ὠσπερ
2672 1118 2782 1189 γὰρ
2811 1119 2903 1172 ἐπὶ
2932 1123 3041 1174 τῶν
3065 1122 3242 1176 ἄλλων
3287 1124 3438 1179 ἔστιν
3475 1127 3623 1195 ίδετν,
3649 1130 3750 1183 ὅσα

2171 1205 2352 1276 βαφῆς
2389 1207 2506 1260 ἐστι
2538 1208 2788 1274 δεκτικὰ,
2822 1214 2908 1267 ὅτι
2946 1215 3118 1269 πολλά
3166 1216 3277 1271 τῶν
3324 1220 3405 1284 εἰς
3442 1220 3605 1290 βάθος
3633 1224 3749 1278 δια-

2165 1297 2372 1350 δύντων
2421 1302 2729 1371 χρωμάτων
2796 1304 3110 1360 ἀνέκπλυτα
3173 1308 3592 1383 διαδείκνυνται,
3650 1317 3748 1371 καὶ

2166 1388 2432 1459 πρότερον
2466 1390 2898 1463 διαρῤἡγνυνται
2934 1395 3140 1465 μᾶλλον
3171 1398 3203 1470 ἢ
3244 1400 3345 1471 τὴν
3394 1400 3575 1474 βαφὴν
3605 1406 3747 1459 ἀποο

2163 1477 2429 1541 τίθενται,
2468 1479 2645 1544 οὕτως
2677 1483 2772 1535 καὶ
2796 1485 2889 1537 ἐπὶ
2916 1488 3014 1556 τῆς
3037 1486 3388 1559 ἀνθρωπίνης
3418 1492 3567 1545 ἐστιν
3609 1495 3744 1548 ίδεῖν

2162 1570 2402 1639 φύσεως,
2433 1572 2510 1636 ὡς
2537 1574 2723 1627 πολλοὶ
2748 1575 2908 1640 δόξαν
2930 1579 3176 1650 πονηρὰν
3207 1583 3267 1634 ἐν
3295 1585 3361 1653 τῇ
3386 1583 3530 1656 ψυχῇ
3559 1602 3748 1657 παρα-

2160 1661 2447 1729 δεξάμενοι
2475 1663 2809 1731 φθάσαντες,
2853 1667 2955 1721 οὐκ
2987 1669 3235 1724 ἐθέλουσι
3292 1674 3499 1745 ταύτην
3530 1678 3749 1732 ἀποϐα-

2161 1752 2297 1816 λεῖν,
2323 1754 2446 1807 οὐδὲ
2478 1754 2573 1808 τοῦ
2594 1757 2898 1825 ’ἀμείνονος
2925 1762 3182 1828 γενέσθαι
3205 1766 3580 1836 φρονήματος,
3608 1769 3749 1824 ἀλλά

416 1902 425 1911 ο
468 1851 791 1905 permanere
851 1839 1209 1902 contendunt,
1237 1848 1331 1895 aut
1378 1840 1475 1909 qui
1528 1843 1756 1897 omnino
1804 1844 2045 1914 ignorant

2164 1844 2368 1913 μᾶλλον
2426 1848 2823 1919 προαιροῦνται
2861 1852 2962 1904 σὺν
3022 1855 3210 1926 ἐκείνῃ
3247 1856 3344 1924 τὴν
3401 1858 3549 1930 ζωὴν
3575 1876 3752 1915 κατα-

465 1944 588 2000 quaa
610 1927 882 1997 Opinanda
922 1930 1335 1987 existimarunt.
1382 1931 1707 2004 Quicunque
1745 1945 1925 1991 autem
1950 1954 2067 1992 ma-

463 2021 554 2095 gni
590 2020 798 2076 faciunt
829 2030 1033 2076 rectam
1090 2022 1160 2078 de
1222 2023 1328 2078 Deo
1371 2024 1685 2095 Opinionem
1725 2026 1945 2093 habere,
1985 2028 2063 2095 lii,

465 2114 718 2184 quamvis
749 2113 988 2184 primum
1016 2113 1226 2184 decepti
1286 2112 1508 2181 fuerint,
1541 2131 1650 2171 non
1682 2117 2065 2174 adhaereutvc-

466 2205 572 2267 teri
628 2221 740 2260 sua:
765 2203 916 2260 falsa:
949 2204 1220 2275 opinioni,
1248 2220 1352 2261 nec
1371 2205 1427 2261 in
1452 2222 1643 2262 errore
1676 2196 2068 2279 propugnando

459 2301 819 2362 delectantur,
841 2306 990 2354 recte
1018 2312 1171 2363 vero,
1201 2298 1358 2367 quasi
1374 2298 1598 2354 luminis
1627 2299 1859 2370 fulgore,
1891 2302 2058 2356 verbo

458 2394 680 2464 pietatis
733 2393 1023 2447 illuminati
1095 2391 1331 2459 animas;
1384 2394 1526 2447 viam
1580 2395 1873 2464 amplexati
1926 2405 2053 2451 sunt

460 2488 588 2543 inde
616 2496 997 2554 monstratam,
1031 2496 1086 2544 et
1109 2488 1305 2544 nebula
1338 2504 1432 2545 eos
1476 2506 1621 2545 nunc
1654 2508 1827 2563 usque
1850 2493 2048 2549 obscu-

457 2582 602 2635 rauti
641 2582 980 2637 exsiliet-unt.

2163 1940 2331 1997 λύειν.
2408 1942 2571 1996 Ἀλλὰ
2630 1945 2789 1998 τοῦτο
2856 1944 2956 2014 μὲν
3012 1946 3122 2001 τῶν
3169 1949 3322 2014 θείας
3367 1953 3755 2024 ἀμοιρούντων

2166 2034 2461 2096 συνέσεως,
2500 2036 2596 2087 καὶ
2652 2035 2727 2107 μὴ
2776 2035 3124 2116 βουλομένων
3179 2041 3500 2112 δοκιμάζειν
3522 2047 3623 2116 τὴν
3648 2047 3749 2100 τοῦ

2164 2125 2333 2179 καλοῦ
2411 2126 2678 2199 ἐκλογὴν,
2762 2128 2904 2183 ἀλλὰ
2972 2113 3440 2199 ’φιλονεικούντων
3509 2113 3586 2208 τῇ⁷
3638 2139 3748 2210 ἰδία

2163 2218 2434 2290 προλήψει
2458 2220 2742 2290 ἐμμένειν,
2787 2222 2819 2292 ἢ
2852 2223 3139 2287 παντελῶς
3177 2226 3254 2297 μὴ
3306 2231 3751 2296 γινωσκόντωνᾶ

2163 2310 2407 2375 δοξάζειν
2432 2310 2758 2379 ἐγνώκασιν.
2790 2313 2948 2367 Ὅσοι
2982 2315 3039 2369 δὲ
3073 2321 3204 2389 περὶ
3231 2319 3428 2373 πολλοῦ
3455 2321 3748 2376 ποιοῦνται

2159 2400 2260 2471 τὴν
2293 2401 2459 2472 ὀρθὴν
2502 2405 2629 2473 περὶ
2683 2402 2820 2458 Θεοῦ
2879 2404 3039 2470 δόξαν
3093 2403 3435 2477 ἔχειν,οὖτοι
3483 2412 3586 2466 κᾶν
3637 2407 3747 2467 «IL:

2162 2495 2701 2565 προκατειλημμένοι
2722 2498 2786 2549 οὐ
2821 2498 3179 2567 πρόσκεινται
3210 2504 3279 2573 τῇ
3313 2503 3523 2575 ἀρχαίᾳ
3564 2522 3745 2558 κακο-

2153 2586 2329 2656 δοξίᾳ,
2391 2587 2500 2640 οὐδ’
2531 2588 2822 2656 ἀγαπῶσιν
2865 2590 3289 2661 ὐπερμάχεσθαι
3332 2596 3435 2663 τῆς
3491 2600 3740 2668 ἀπάτης.

456 2673 573 2727 ἀλλ’
601 2673 802 2737 εὐθέως
839 2674 1093 2746 καθάπερ
1122 2677 1303 2745 φωτὸς
1334 2678 1477 2748 αὐγῇ
1530 2677 1608 2749 τῷ
1651 2678 1794 2748 λόγῳ
1839 2679 1946 2749 τῆς
1984 2678 2270 2740 εὐσεϐείας
2329 2680 2801 2747 καταυγασθέντες
2845 2683 2947 2746 τὰς
3027 2685 3232 2755 ψυχάς.
3307 2688 3604 2759 ἠγάπησαν
3636 2694 3743 2765 τὴν

459 2765 676 2820 ἐκεῖθεν
698 2767 950 2836 ὁδηγίαν,
982 2770 1076 2821 καὶ
1106 2768 1205 2838 τῆς
1258 2770 1395 2833 τέως
1447 2768 1904 2840 ὲπισκοτιζούσης
1952 2769 2152 2832 αὐτοὺς
2175 2769 2545 2841 ἁπεπήδησαν
2570 2771 2794 2840 ἀχλύος.

527 2858 655 2914 llaec
682 2859 800 2927 tibi,
832 2860 902 2913 fili
939 2868 1146 2926 noster,
1179 2877 1276 2931 pro
1304 2861 1532 2917 exordio
1559 2862 1693 2917 dicit
1749 2862 1855 2918 hoc
1903 2862 2041 2916 scri-

456 2960 608 3020 ptum
638 2961 859 3022 promer
893 2961 1108 3006 tuorum
1136 2953 1623 3022 aper-risiariorum
1643 2953 2037 3009 narrationem.

458 3044 496 3095 li
537 3044 684 3096 enim
718 3045 907 3097 dicunt
937 3045 1105 3114 quod,
1131 3046 1275 3115 apud
1297 3061 1393 3101 vos
1438 3047 1707 3102 catholico
1737 3061 1768 3101 e
1797 3046 1904 3101 vita
1942 3047 2039 3101 de-

454 3149 633 3196 ccsso,
662 3135 940 3205 cogitatis,
975 3144 1161 3206 utpote
1193 3137 1371 3208 magni
1397 3138 1569 3193 nostri
1598 3149 1651 3192 et
1684 3153 1715 3192 a
1755 3138 1862 3193 Deo
1883 3153 2041 3193 coro-

2224 2861 2412 2916 Ταῦτά
2443 2879 2547 2927 σοι,
2591 2865 2784 2919 τέκνον
2808 2867 2991 2937 ἡμῶν,
3039 2872 3539 2944 προοιμιαζόμενον
3582 2877 3738 2947 λέγει

2146 2954 2207 3007 τὸ
2229 2956 2469 3025 γράμμα
2497 2954 2587 3009 διὰ
2615 2956 2718 3027 τὴν
2736 2956 2846 3011 τῶν
2879 2958 2988 3012 σῶν
3011 2960 3453 3036 ἁποκρισιαρίων
3483 2968 3740 3039 ἀπαγγε-

2148 3046 2302 3100 λίαν·
2339 3048 2472 3116 φασὶ
2525 3049 2635 3119 γὰρ
2666 3050 2742 3113 ὡς
2788 3051 2883 3123 τοῦ
2946 3052 3072 3107 καθ’
3115 3055 3263 3124 ὑμᾶς
3315 3059 3738 3133 ἐκδημήσαντος

2147 3137 2439 3192 καθολικοῦ
2473 3142 2572 3208 τῆς
2603 3140 2753 3210 ζωῆς
2780 3142 3103 3210 διανοεῖσθε,
3141 3144 3232 3202 οἷα
3261 3144 3326 3221 δῆ
3357 3152 3452 3206 τοῦ
3487 3157 3733 3225 μεγάλου

455 3230 571 3284 nati
639 3229 986 3298 imperatoris
1032 3228 1215 3284 fideles
1272 3207 1672 3299 unanimesque
1734 3230 1919 3297 amici,
1982 3238 2038 3284 et

2148 3229 2238 3285 καὶ
2263 3207 2593 3299 θεοστεφοῦς
2625 3207 2790 3303 ἡμων
2825 3207 3099 3304 βασιλέως
3144 3207 3359 3310 γνήσιοι
3389 3207 3500 3298 καὶ.

454 3321 598 3374 idem
633 3335 754 3374 cum
784 3335 849 3372 eo
885 3320 937 3371 in
963 3322 1220 3374 omnibus
1257 3323 1462 3374 sentire
1508 3321 1760 3386 studiosi,
1819 3320 2038 3388 pontiﬁ-

453 3426 571 3466 (παι
614 3412 954 3467 constituere
1009 3422 1248 3466 vestrum
1299 3413 1535 3481 aliquem
1585 3428 1649 3465 ex
1696 3415 1797 3466 hac
1853 3423 2040 3467 nostra

452 3503 709 3566 ecclesia,
739 3504 827 3571 qui
864 3502 1266 3558 festinationem
1307 3519 1503 3573 capere
1537 3504 1720 3567 debet,
1758 3515 1812 3558 et
1844 3521 1908 3558 ex
1936 3520 2038 3559 uu-

454 3609 607 3651 mero
636 3595 795 3665 deligi
827 3609 1042 3650 sacrum
1070 3609 1193 3649 cum
1243 3596 1411 3651 nobis
1445 3597 1618 3651 altare
1669 3597 2038 3652 circumstan-

452 3688 615 3743 tium.
649 3686 918 3753 Quoniam
956 3687 1123 3758 igitur
1157 3687 1272 3743 haec
1311 3689 1427 3745 tibi.
1461 3704 1587 3743 cum
1629 3701 1825 3744 caetero
1860 3705 1891 3743 a
1931 3688 2037 3743 Deo

452 3783 580 3836 dato
610 3782 817 3843 studio,
855 3782 1028 3852 gratia
1073 3780 1272 3835 tributa
1327 3791 1408 3836 est
1436 3782 1662 3846 (novisti
1693 3781 1839 3836 enim
1872 3792 2036 3852 atque

452 3872 709 3943 intelligis
731 3874 952 3942 quantis
986 3873 1186 3928 divinis
1214 3874 1436 3944 gavisus
1461 3890 1520 3928 es
1556 3875 1858 3937 beneficiis,
1892 3890 2034 3944 quo-

452 3978 573 4015 rum
603 3977 769 4015 unum
810 3977 1031 4031 quoque
1062 3970 1147 4016 est
1187 3963 1353 4027 istud,
1409 3973 1460 4015 te
1486 3962 1646 4017 talem
1702 3965 2032 4018 sententiam

455 4052 762 4117 admittere,
796 4053 1003 4108 scilicet
1040 4068 1167 4108 cum
1209 4063 1398 4110 nostro
1425 4070 1457 4109 a
1495 4053 1603 4109 Deo
1634 4056 1907 4112 custodito
1934 4056 2034 4110 im-

448 4153 697 4213 peratore
733 4160 827 4213 per
854 4146 1037 4200 omnia
1065 4146 1263 4215 uniri);
1299 4148 1400 4202 hoc
1433 4147 1700 4217 reliquum
1729 4158 1834 4214 est,
1857 4152 2035 4203 utlutc

449 4234 681 4289 mittatis
730 4238 907 4289 virum
957 4238 1049 4304 qui
1098 4237 1207 4292 Deo
1238 4249 1537 4301 annuente,
1580 4240 1821 4309 pontifex
1859 4249 2035 4295 vester

449 4324 658 4377 institui
689 4325 870 4385 debet,
908 4335 964 4378 ut
988 4326 1182 4391 dogma
1212 4325 1433 4395 pietatis
1448 4328 1695 4381 exactius
1714 4328 2035 4397 accipiat.ac

451 4431 545 4483 per
575 4424 833 4483 quantam
867 4416 1138 4484 oportebit
1180 4417 1466 4472 nobiscum
1488 4421 2031 4483 \commorationctn,

444 4515 498 4558 et
534 4522 655 4575 (ιυίυ
678 4506 742 4558 ad
780 4507 1032 4572 pietatem
1060 4510 1357 4577 pertinent,
1398 4517 1451 4562 et
1484 4523 1604 4571 qum
1665 4511 1731 4564 ad
1773 4511 2031 4565 ecclesia-

447 4599 640 4653 sticam
674 4599 1122 4654 constitutionem
1169 4601 1480 4667 edoceatur,
1507 4604 1716 4672 sicque,
1768 4620 2026 4658 manuum
2057 4587 2110 4645 D

446 4690 802 4760 impositione
872 4705 1094 4759 unctus,
1140 4695 1207 4747 ad
1254 4701 1490 4748 vestram
1533 4695 2026 4764 spletnlidissimam

442 4784 779 4839 nobilitatem
821 4785 1556 4856 plenitudinemque.vestra:
1605 4777 1888 4858 potestatis
1945 4810 2030 4845 re-

443 4884 706 4927 vertatur.
740 4873 1212 4939 Quemadmodum
1242 4878 1389 4932 cnim
1440 4878 1787 4949 professione
1834 4882 2026 4935 amici-

444 4967 534 5022 tiae
558 4966 912 5038 finitiniuses
935 4977 1120 5022 nostro
1156 4968 1436 5024 Christum
1466 4973 2021 5042 amantiimpcratori,

439 5069 496 5113 et
541 5060 899 5113 sanctissimae
941 5063 1081 5130 apud
1117 5078 1217 5117 nos
1255 5063 1344 5118 Dei
1381 5063 1655 5132 Ecclesiae,
1690 5066 1769 5120 sic
1801 5082 2023 5120 necesse

438 5162 521 5207 est
552 5163 602 5205 te
632 5154 922 5207 finitimum
972 5170 1096 5209 esse
1130 5164 1185 5209 et
1220 5155 1345 5211 ﬁdei
1369 5157 1735 5225 6confessione
1773 5166 1827 5211 et
1854 5174 2018 5213 sensu

436 5246 870 5300 ortliodoxorum
906 5226 1219 5318 dogmatum
1256 5257 1355 5303 :at
1407 5265 1514 5304 non
1548 5249 1704 5320 juxta
1747 5251 1894 5321 quod
1930 5267 2020 5304 us-

436 5353 543 5407 que
570 5354 716 5394 nunc
746 5339 976 5404 exstitit,
1010 5351 1158 5395 tanto
1182 5334 1337 5394 ‘ntalo
1391 5342 1572 5397 nescio
1602 5343 1877 5413 quomodo
1925 5361 2020 5398 su-

436 5429 809 5498 perveniente,
840 5430 1081 5485 amicitia
1110 5431 1330 5501 quidem
1355 5447 1457 5487 nos
1485 5434 1653 5488 videri
1672 5434 2016 5504 conjunctos,

436 5521 558 5576 fidei
590 5531 776 5578 autem
806 5524 1195 5579 communione
1223 5534 1526 5593 separatos.
1555 5525 1628 5581 De
1658 5529 1859 5595 quibus
1919 5545 2017 5583 no-

439 5616 573 5675 stro,
616 5611 814 5667 Pliotio
862 5614 1107 5684 inquam,
1154 5616 1503 5671 sanctissimo
1536 5622 1858 5686 larem-elui:
1910 5639 2013 5675 non

2146 3339 2233 3392 χοι
2265 3323 2429 3389 φίλοι,
2452 3325 2547 3377 καὶ
2578 3326 2904 3395 ὁμοφρονεῖν
2935 3329 3086 3399 αὐτῷ
3129 3333 3187 3383 ἐν
3212 3335 3350 3387 πᾶσι
3401 3338 3738 3404 σπουδάζον·

2143 3432 2252 3477 τες,
2277 3418 2341 3467 ἐκ
2389 3416 2492 3485 τῆς
2549 3418 2786 3471 ἐνταῦθα
2829 3420 3130 3493 ἐκκλησίας
3186 3426 3279 3478 τὸν
3327 3430 3408 3491 είς
3461 3432 3734 3503 ἀρχιερέα

2142 3507 2297 3576 ὑμῶν
2330 3511 2781 3580 καταστήσεσθαι
2829 3514 3096 3582 μέλλοντα
3151 3517 3339 3573 λαϐεῖν
3368 3523 3470 3591 τὴν
3497 3530 3729 3594 προχεί-
3790 3579 3812 3593 ,

2142 3616 2323 3669 ρησιν.
2350 3601 2444 3654 καὶ
2476 3600 2615 3654 Θεοῦ
2651 3603 2870 3675 εὐδοκία
2902 3605 2999 3660 ἕνα
3027 3607 3217 3664 τοῦτον
3239 3613 3731 3680 γινώσκεσθαιτῶν

2143 3691 2240 3744 σὺν
2275 3692 2409 3761 ἡμῖν
2432 3692 2494 3746 τὸ
2526 3680 2683 3760 ἅγιον
2708 3696 3052 3752 κυκλούντων
3087 3700 3496 3777 θυσιαστήριον.
3568 3709 3725 3765 Ἐπεὶ

2138 3782 2235 3836 οὖν
2262 3784 2426 3837 τοῦτό
2456 3802 2541 3839 σοι
2579 3786 2718 3856 μετὰ
2750 3789 2850 3859 τῆς
2877 3791 3047 3862 ἄλλης
3080 3793 3376 3867 δεδομένης
3407 3802 3558 3872 παρὰ
3585 3803 3723 3856 Θεοῦ

2138 3876 2474 3947 φιλοτιμίας,
2505 3878 2599 3933 καὶ
2625 3879 2850 3953 χάριτος
2873 3887 3189 3959 παρεσχέοη
3230 3885 3401 3960 (οἶδας
3428 3893 3535 3965 γὰρ
3566 3911 3729 3949 συνε-

2136 3969 2224 4031 τὸς
2256 3966 2333 4023 ὢν
2362 3970 2494 4042 ὅσης
2532 3972 2859 4045 ἀπήλαυσας
2894 3977 2987 4047 τῆς
3019 3982 3174 4049 παρά
3201 3981 3335 4035 Θεοῦ
3375 3983 3727 4054 εὐεργεσίας,

2136 4054 2205 4133 ἦς
2226 4062 2321 4115 καὶ
2353 4061 2517 4115 τοῦτο
2547 4065 2807 4135 τυγχάνει
2857 4067 2918 4120 τὸ
2948 4067 3213 4145 λογισμὸν
3242 4073 3483 4129 τοιοῦτον
3514 4076 3718 4131 ἀναλα-

2137 4147 2273 4216 ϐεῖν,
2301 4147 2440 4203 ὥστε
2467 4154 2610 4205 κατά
2642 4156 2822 4209 πάντα
2859 4159 3143 4229 ἡνωμένον
3186 4166 3444 4230 γενέσθαι
3488 4167 3566 4237 τῷ
3597 4166 3731 4223 θεο-

2138 4242 2431 4313 φρουρήτῳ
2461 4244 2622 4314 ἡμῶν
2652 4245 2886 4321 βασιλεῖ)
2920 4249 3099 4305 ἐκεῖνό
3149 4255 3298 4309 ἐστιν
3332 4256 3631 4313 ὑπόλοιπον
3661 4264 3734 4316 τὸ

2139 4334 2346 4387 στεῖλαι
2383 4335 2517 4405 πρὸς
2548 4338 2615 4390 τὰ
2651 4339 2890 4395 ἐνταῦθα
2920 4343 3013 4396 τὸν
3038 4344 3174 4399 Θεοῦ
3218 4351 3545 4405 κατανεύσει
3585 4355 3729 4423 μέλ-

2135 4423 2298 4477 λοντα
2340 4427 2421 4490 είς
2473 4429 2736 4499 ἀρχιερέα
2767 4433 2921 4502 ὐμῶν
2954 4439 3319 4509 καταστῆναι,
3351 4441 3493 4496 ὥστε
3528 4448 3624 4498 καὶ
3656 4449 3731 4501 τὸ

2135 4516 2314 4586 δόγμα
2344 4520 2445 4589 τῆς
2479 4522 2765 4587 εὐσεϐείας
2803 4526 3145 4597 παραλαϐεῖν
3177 4533 3601 4605 ἀκριϐέστερον,
3621 4540 3727 4590 καὶ

2135 4608 2223 4662 διὰ
2254 4610 2350 4678 τῆς
2377 4613 2473 4665 σὺν
2496 4616 2628 4682 ἡμῖν
2653 4615 2785 4684 ὅσης
2811 4615 2994 4687 δεήσει
3042 4619 3331 4692 διατριϐῆς
3370 4624 3438 4677 τά
3467 4641 3529 4677 τε
3578 4631 3725 4698 πρὸς

2127 4698 2410 4753 εὐσέϐειαν
2435 4705 2797 4771 συντείνοντα,
2819 4708 2916 4761 καὶ
2947 4708 3084 4779 πρὸς
3115 4711 3216 4782 τὴν
3251 4712 3726 4790 ἐκκλησιαστικὴν

2126 4791 2552 4863 ὲκπαιδευθῆναι
2582 4799 2942 4865 κατάστασιν,
3000 4801 3095 4853 καὶ
3137 4801 3284 4857 οὕτω
3312 4804 3414 4875 τῆς
3454 4809 3712 4880 χειροθε-

2126 4878 2248 4942 σίας
2263 4883 2491 4951 τυχόντα
2510 4884 2645 4953 πρὸς
2672 4886 2772 4955 τὴν
2799 4886 3081 4958 ὑμετέραν
3118 4891 3436 4949 ἐπανελθεῖν
3466 4878 3724 4970 λαμπρο-

2122 4973 2293 5043 τάτην
2353 4975 2634 5042 εὐγένειαν
2694 4980 2790 5033 καὶ
2831 4980 2894 5033 τὸ
2947 4982 3223 5056 πλήρωμα
3279 4986 3381 5055 τῆς
3437 4989 3721 5060 ὑμετέρας

2129 5065 2378 5132 ἐξουσίας
2435 5071 2539 5142 (1).
2595 5072 2804 5144 Ὥσπερ
2842 5075 2952 5147 γὰρ
3001 5079 3067 5149 τῇ
3113 5079 3377 5153 ὁμολογίᾳ
3403 5082 3506 5152 τῆς
3534 5084 3720 5153 φιλίας

2129 5166 2622 5234 προσῳκειωμένος
2677 5166 2950 5239 ὑπάρχεις
2980 5170 3061 5241 τῷ
3095 5189 3154 5224 τε
3177 5173 3510 5248 φιλοχρίστῳ
3552 5177 3719 5247 ήμῶν

2131 5249 2359 5320 βασιλεῖ,
2392 5257 2486 5309 καὶ
2509 5260 2573 5329 τῇ
2594 5258 2718 5312 καθ’
2742 5262 2891 5332 ἡμᾶς
2905 5264 3188 5337 ἁγιωτάτῃ,
3202 5267 3294 5319 τοῦ
3312 5268 3447 5321 Θεοῦ
3481 5269 3720 5341 Ἐκκλη-

2129 5344 2242 5416 σία,
2272 5345 2416 5401 οὕτω
2462 5349 2581 5404 δέον
2624 5354 2747 5406 ἐστὶ
2810 5358 3284 5430 συνοικειούμενον
3335 5358 3598 5417 εἶναικαὶ
3639 5369 3711 5436 τῇ

2126 5438 2223 5507 τῆς
2251 5439 2486 5506 πίστεως
2508 5444 2794 5518 ὁμολογία,
2833 5450 3022 5521 καὶτῷ
3042 5454 3352 5524 φρονήματι
3379 5453 3490 5510 τῶν
3523 5458 3709 5529 ὀρθῶν

2126 5530 2434 5601 δογμάτων.
2492 5537 2652 5592 Ἀλλὰ
2689 5541 2765 5611 μὴ
2814 5541 3068 5613 καθάπερ
3113 5549 3276 5618 μέχρι
3330 5549 3424 5602 τοῦ
3480 5550 3576 5604 νῦν
3608 5550 3712 5604 οὐκ

2127 5621 2242 5677 οἶδα
2288 5628 2434 5690 ὅπως
2463 5630 2556 5682 τοῦ
2607 5634 2852 5687 τοιούτου
2909 5640 3079 5691 κακοῦ
3136 5644 3590 5711 παρεμπεσόντος
3639 5646 3708 5718 τῇ

510 5784 587 5854 (ι)
619 5790 892 5859 Scriptum
931 5797 1244 5869 ἐκκλησίας,
1275 5801 1367 5856 sed
1412 5800 1465 5856 in
1504 5806 1744 5874 margine
1774 5809 2045 5859 Innemlatt

2162 5807 2431 5873 εξουσίας.
