4094 6412
360 359 469 422 305

1832 357 2243 421 EPISTOLIE.

3532 363 3640 428 366

371 488 473 547 μέν
494 469 654 542 φιλίᾳ
670 469 856 524 δοκεῖν
882 471 1274 536 συνάπτεσθαι,
1304 475 1371 545 τῇ
1390 470 1446 525 δὲ
1495 472 1633 525 κατὰ
1660 472 1753 541 τὴν
1774 470 1951 524 πίστιν

2063 486 2280 536 parvum
2341 471 2590 526 incubuit
2640 481 2941 533 certamen,
2999 486 3144 524 nunc
3193 486 3290 540 per
3329 485 3640 538 sermones,

372 557 631 629 κοινωνίᾳ
685 560 1016 618 διίστασθαι.
1060 562 1196 633 Περὶ
1227 556 1288 616 οὖ
1318 564 1413 616 καὶ⁵
1435 562 1515 631 τῷ
1541 562 1819 633 ἡμετέρῳ,
1845 579 1950 631 φας

374 652 475 721 μὲν
495 652 562 721 δὴ
589 651 809 720 Φωτίῳ,
850 652 929 724 τῷ
975 654 1267 724 ἁγιωτάτῳ
1326 653 1642 726 πατριάρχη
1668 654 1729 706 οὐ
1765 654 1961 725 μικρὸς

370 742 527 811 ἀγὼν
550 743 988 814 καταϐέϐληται.
1016 744 1176 800 τοῦτο
1227 745 1329 815 μὲν
1352 745 1553 814 λόγοις,
1596 744 1754 799 τοῦτο
1782 745 1839 798 δὲ
1866 745 1963 799 καὶ

368 833 651 906 ἀποστολῇ
682 835 917 908 ἀνδρῶν,
942 838 992 891 εί
1020 837 1115 891 καὶ
1141 836 1252 891 τῶν
1274 837 1618 907 πραγμάτων
1648 834 1706 889 at!
1735 836 1964 909 περιπέ-

366 943 516 980 τειαι
551 927 649 980 επὶ
680 927 742 982 τὸ
778 929 935 992 τέλος
954 928 1132 982 ὲλθεῖν
1156 928 1255 1001 τὴν
1284 929 1523 1001 σπουδὴν
1553 929 1916 985 ἀπεκώλυσαν
1945 946 1959 961 ο

2061 579 2204 616 nunc
2226 576 2320 632 per
2354 562 2637 617 hominum
2661 562 3000 624 missionem.
3025 563 3279 631 quamvis
3304 565 3642 634 negotiorum

2061 653 2335 722 peripetia
2374 652 2670 722 quominus
2717 652 2785 705 ad
2813 652 2973 706 ﬁnem
3016 652 3327 722 perveniret
3373 652 3492 722 ejus
3518 655 3645 708 dili-

2060 747 2241 814 gentia
2266 745 2671 814 impediret-int.
2709 742 2803 800 Vel
2837 744 2994 810 forte,
3013 744 3162 814 quod
3187 761 3352 816 supra
3372 746 3481 801 disi
3508 763 3645 816 prae-

2063 839 2309 902 veniens,
2376 839 2479 894 hoc
2533 838 2756 908 judiciis
2798 853 2918 908 qua
2962 839 3114 894 novit
3165 838 3219 894 in
3287 840 3398 896 tuis
3448 840 3643 895 diebus

2062 929 2206 986 Deus
2236 941 2576 986 reservatum
2599 942 2706 993 est,
2727 943 2784 984 ut
2812 930 2917 986 hoc
2944 946 3165 1002 quoque
3209 932 3353 988 dono
3381 932 3643 989 divinitus

366 1018 401 1087 ἢ
429 1018 599 1089 τάχα,
628 1019 770 1087 ὅπερ
796 1021 893 1074 καὶ
939 1020 1230 1091 προλαϐὼν
1278 1021 1489 1075 ἄνωθεν
1541 1018 1718 1087 εἷπον,
1769 1020 1959 1077 τούτου

2063 1023 2364 1080 honoratus
2388 1024 2729 1078 monstreris.

364 1108 644 1181 κρίμασιν
704 1106 788 1177 οἷς
848 1108 989 1166 οἶδεν
1025 1114 1212 1178 όΘεὸς
1261 1116 1322 1168 ἐν
1370 1116 1492 1177 ταῖς
1551 1117 1674 1180 σαῖς
1715 1116 1953 1189 ήμέραις
1979 1118 2378 1190 τετηρημένον,
2442 1118 2531 1170 ἵνα
2585 1116 2804 1187 δειχθῇς
2848 1117 2944 1170 καὶ
2970 1115 3143 1188 ταύτῃ
3167 1119 3232 1188 τῇ
3286 1118 3465 1189 δωρεᾷ
3524 1116 3647 1172 θεό-

365 1202 460 1257 θεν
494 1203 977 1275 φιλοτιμούμενος.

443 1298 549 1351 Διά
591 1296 771 1351 ταῦτα
821 1297 1006 1361 καθὼς
1063 1301 1172 1372 πρὸ
1224 1300 1457 1374 βραχέος
1493 1303 1732 1374 εἴρηται,
1773 1305 1960 1358 τέκνον

2140 1303 2455 1374 Propterea,
2490 1303 2630 1357 sicut
2653 1301 2815 1371 paulo
2842 1309 2968 1355 ante
2998 1300 3202 1354 dictum
3235 1311 3335 1363 est,
3368 1301 3649 1358 desidera-

366 1387 531 1458 ήμῶν
564 1387 973 1455 ποθεινότατον,
1007 1393 1089 1456 είς
1110 1393 1374 1463 ’τοιαύτην
1426 1393 1640 1448 ἔννοιαν
1689 1396 1794 1448 ὑπὸ
1822 1395 1960 1449 Θεοῦ

2066 1396 2275 1454 tissime
2306 1396 2377 1450 ﬁli
2421 1406 2626 1461 noster,
2664 1396 2718 1449 in
2752 1395 2843 1450 tali
2864 1396 3134 1450 sententia
3167 1413 3196 1449 a
3224 1396 3331 1449 Deo
3353 1397 3648 1451 conﬁrma-

367 1481 677 1547 καταστάς,
700 1480 776 1552 μὴ
790 1482 1033 1555 άναϐάλῃ
1042 1484 1136 1537 τὸν
1149 1486 1378 1558 ὑπὸτῆς
1400 1487 1500 1555 σῆς
1519 1488 1854 1557 τιμιότητος,
1869 1488 1960 1541 καὶ

2065 1501 2170 1556 tus,
2192 1506 2260 1544 ne
2291 1489 2527 1559 rejicias,
2567 1503 2728 1559 quem
2757 1498 2849 1541 tua
2877 1486 3198 1542 excellentia
3232 1494 3286 1542 et
3319 1498 3510 1542 vestrae
3533 1486 3643 1542 Ec-

366 1572 480 1625 τῶν
510 1572 617 1642 τῆς
661 1573 788 1626 καθ’
816 1573 961 1644 ὑμᾶς
1008 1574 1339 1646 Ἐκκλησίας
1379 1579 1693 1649 προκρίτων
1730 1580 1811 1642 είς
1858 1580 1959 1648 τὴν

2063 1583 2241 1639 clesia:
2275 1580 2554 1652 praepositi
2584 1581 2812 1651 dignum
2847 1579 3120 1636 testiﬁcati
3151 1579 3388 1650 suntqui
3408 1581 3463 1634 in
3482 1572 3643 1635 talem

368 1663 634 1732 τοιαύτην
687 1665 1102 1736 ἀρχιερωσύνην
1163 1670 1615 1739 μαρτυρούμενον
1646 1670 1952 1741 προϐεϐλῆ-

2057 1683 2474 1747 promoveretur
2523 1672 2915 1744 pontiﬁcatum,
2947 1686 3071 1725 eum
3103 1671 3338 1734 mittere,
3375 1680 3431 1725 ut
3453 1678 3507 1725 et
3540 1663 3642 1742 ipsi

382 1754 512 1809 σθαι
541 1756 632 1810 τοῦ
670 1759 1014 1822 ἀποστεῖλαι,
1042 1759 1128 1812 ἵνα
1156 1763 1251 1814 καὶ
1269 1759 1419 1829 αύτῷ
1454 1760 1675 1833 ὑπάρξῃ
1723 1762 1959 1833 προσλα-

2063 1772 2416 1841 contiugatea
2437 1767 2678 1837 recipere
2697 1778 2931 1836 quorum
2950 1773 3220 1831 expertem
3241 1772 3365 1815 etnn
3385 1762 3512 1816 sciri
3537 1777 3643 1817 non

393 1849 510 1901 ϐεῑν
540 1843 612 1904 ὧν
631 1850 689 1902 οὐ
731 1850 897 1920 θέμις
919 1852 1077 1923 ἐνδεῆ
1107 1849 1477 1919 γινώσκεσθαι
1499 1867 1512 1883 ⁸
1574 1853 1671 1913 καὶ
1699 1852 1829 1920 ὑμῖν
1861 1853 1960 1907 σὺν

396 1939 516 2010 Θεῷ
543 1941 699 2012 φάναι
727 1941 817 1996 διὰ
844 1943 947 2013 τῆς
970 1944 1183 1998 ἐκείνου
1217 1944 1616 2018 ἀρχιερατικῆς
1636 1946 1961 2011 ἐπιστασίας

385 2034 479 2086 καὶ
511 2034 541 2103 ή
570 2034 703 2105 πρὸς
761 2034 893 2087 Θεὸν
946 2036 1220 2108 οἰκειότης
1274 2039 1591 2110 ἐγγένηται,
1643 2039 1800 2092 οὐδὲν
1850 2038 1960 2110 γὰρ

374 2124 664 2184 εὐσε”είας
702 2124 838 2194 πρὸς
863 2124 923 2179 τὸ
956 2126 1110 2179 Θεῑον
1136 2128 1454 2200 ἐγγύτερον,
1502 2133 1597 2183 καὶ
1632 2132 1665 2199 ή
1693 2130 1828 2200 πρὸς
1867 2129 1961 2195 τὴν

373 2213 606 2284 ὑψηλὸν,
636 2218 733 2271 καὶ
766 2219 940 2288 μέγαν
970 2219 1130 2289 ἡμῶν
1167 2219 1394 2291 βασιλέα
1441 2219 1582 2274 κατά
1613 2221 1794 2275 πάντα
1838 2222 1957 2275 ἑνό-

369 2325 475 2378 της
500 2312 598 2363 καὶ
618 2311 875 2383 συνᾴδεια
907 2312 1350 2385 άσφαλιξομένη,
1377 2314 1569 2387 ὥσπερ
1599 2318 1668 2388 τῇ
1708 2317 1957 2388 ὑποταγῇ

372 2401 470 2452 καὶ
500 2404 569 2472 τῇ
605 2403 813 2472 σχέσει,
835 2403 981 2459 οὕτω
1015 2406 1111 2459 καὶ
1139 2409 1208 2478 τῇ
1239 2406 1353 2461 τῶν
1390 2407 1634 2463 εὐσεϐῶν
1671 2407 1961 2478 δογμάτων

374 2495 697 2565 συμφωνίᾳ.
731 2497 960 2561 Πάντως
988 2498 1044 2552 δὲ
1082 2499 1182 2551 οὐκ
1227 2498 1617 2568 ἀμφιϐάλλεις,
1637 2499 1715 2564 ὡς
1740 2502 1775 2570 ή
1798 2500 1960 2571 μέχρι

368 2585 471 2637 τοῦ
501 2586 599 2641 νῦν
632 2590 691 2642 ὲν
721 2592 787 2660 τῇ
819 2590 929 2643 τῶν
968 2592 1272 2661 Ἀρμενίων
1301 2593 1553 2661 περὶτῆς
1577 2591 1813 2654 πίστεως
1841 2592 1960 2645 δια-

372 2682 561 2751 φωνία
585 2683 728 2753 πρὸς
761 2685 858 2755 τὴν
882 2684 1001 2738 καθ’
1044 2687 1188 2756 ἡμᾶς
1219 2684 1382 2755 ἁγίαν
1410 2685 1506 2738 τοῦ
1546 2685 1685 2738 Θεοῦ
1729 2685 1962 2755 Ἐκκλη-

2063 1877 2282 1934 aequum
2308 1871 2412 1927 est,
2438 1869 2493 1914 et
2520 1859 2698 1923 vobis,
2754 1855 2867 1911 Deo
2924 1855 3174 1927 juvante,
3227 1868 3322 1922 per
3353 1854 3470 1922 ejus
3511 1868 3644 1921 pon-

2065 1955 2336 2011 tiﬁcialem
2366 1952 2738 2023 praestantiam
2774 1949 2840 2002 ad
2871 1945 3152 2016 Deumque
3183 1943 3642 2014 prepinquitatcm

2064 2051 2334 2119 attingere
2393 2046 2551 2118 (nihil
2599 2045 2745 2098 enim
2792 2041 2964 2110 magis
3012 2038 3306 2093 Divinitati'
3336 2039 3642 2109 proximum

2064 2157 2230 2213 quam
2259 2137 2481 2210 pietas),
2519 2152 2728 2192 necnon
2755 2143 2810 2190 et
2836 2133 3105 2187 ﬁrmatam
3140 2146 3262 2186 cum
3280 2130 3497 2185 excelso
3533 2146 3646 2183 rna-

2065 2246 2282 2303 gnoque
2311 2231 2638 2300 imperatore
2677 2236 2864 2281 nostro
2915 2225 3175 2279 unitatem
3211 2232 3267 2278 et
3304 2222 3644 2278 concordan-

2067 2327 2219 2391 tiam,
2265 2334 2323 2378 ut
2342 2324 2448 2393 jam
2480 2320 2851 2377 submissioue
2894 2325 3171 2386 statuque,
3217 2316 3295 2369 sic
3322 2325 3376 2368 et
3428 2313 3642 2384 piorum

2048 2415 2376 2491 'dogmatum
2417 2420 2708 2468 concentu.
2737 2410 2808 2463 At
2857 2424 3084 2479 prorsus
3126 2400 3247 2459 'non
3271 2407 3481 2459 dubitas
3510 2404 3644 2475 quin

2065 2508 2208 2563 circa
2235 2505 2391 2561 ﬁdem
2406 2504 2747 2560 dissonantia
2765 2501 3025 2558 Ecclesia:
3042 2502 3449 2561 Armeniorum,
3474 2511 3646 2567 usque

2063 2600 2129 2654 ad
2156 2600 2298 2656 diem
2334 2598 2678 2663 hodiernam,
2697 2611 2824 2660 cum
2848 2606 3037 2650 sancta
3061 2600 3246 2648 nostra
3270 2591 3363 2644 Dei
3381 2587 3642 2655 Ecclesia,

2062 2694 2240 2749 aliena
2271 2699 2379 2747 stet
2410 2689 2478 2744 ab
2500 2689 2801 2744 orthodoxa
2838 2686 3225 2757 praedicatione
3242 2681 3646 2752 apostolicaquo

374 2773 501 2826 σίαν
530 2774 789 2847 ἀλλοτρία
812 2778 1119 2849 καθέστηκε
1137 2777 1232 2832 τοῦ
1254 2778 1538 2849 ὀρθοδὸξου
1575 2777 1957 2848 κηρύγματος,

2063 2796 2113 2839 et
2144 2780 2629 2838 divina'doctrina.
2674 2777 2730 2834 Si
2759 2793 2888 2847 ergo
2921 2785 3029 2831 tua:
3070 2776 3352 2850 sapientia!
3381 2786 3514 2828 cura
3558 2780 3646 2825 est

372 2866 600 2936 καὶτῆς
624 2866 1003 2940 Δ(Ξιιτιεοστολικῆς
1052 2871 1144 2924 καὶ
1194 2871 1344 2933 θείας
1392 2869 1768 2932 διδασκαλίας.
1828 2869 1960 2922 liis:

2063 2873 2130 2928 de
2157 2880 2250 2927 tua
2282 2871 2457 2942 ipsius
2487 2878 2541 2925 et
2572 2868 2754 2939 populi
2786 2868 2864 2921 tui
2886 2883 3010 2922 cum
3053 2866 3210 2922 nobis
3244 2866 3452 2920 unitate
3500 2872 3558 2920 et
3587 2864 3642 2919 in

372 2957 471 3011 οῦν
504 2960 664 3029 μέλει
693 2965 758 3032 τῇ
788 2965 855 3032 σῇ
887 2962 1106 3016 συνέσει
1133 2963 1230 3016 καὶ
1257 2965 1388 3033 περὶ
1417 2960 1646 3015 σεαυτοῦ
1689 2961 1787 3014 καὶ
1828 2961 1960 3031 περὶ

2063 2963 2317 3018 omnibus
2347 2961 2661 3027 concordia,
2695 2974 2762 3014 ne
2797 2959 2958 3013 aliter
3008 2972 3159 3027 agas,
3212 2972 3387 3027 ncqtte
3429 2970 3641 3010 moram

374 3048 475 3102 τοῦ
501 3051 706 3105 οἰκείου
736 3052 866 3108 λαοῦ
897 3055 997 3125 τῆς
1034 3056 1166 3126 πρὸς
1195 3057 1347 3125 ἡμᾶς
1369 3053 1646 3119 ὲνὼσεως,
1683 3052 1952 3107 καὶκατὰ

2065 3051 2267 3107 aﬁeras
2299 3051 2366 3106 ad
2395 3065 2520 3105 eum
2549 3048 2866 3103 mittendum
2884 3048 2977 3114 qui
3011 3047 3174 3101 vestri
3214 3044 3485 3117 pontiﬁcis
3511 3045 3642 3099 titu-

374 3144 564 3198 πάντα
588 3149 935 3216 συμφωνίας,
966 3149 1042 3221 μὴ
1078 3150 1253 3213 ἄλλως
1304 3149 1562 3220 ποιήσῃς,
1595 3147 1731 3218 μηδὲ
1762 3145 1960 3218 βραδύ-

2069 3145 2181 3200 luin
2212 3157 2429 3200 sumere
2462 3141 2722 3212 suffragio
2738 3140 3073 3196 sanctissimi
3096 3137 3336 3209 Spiritus
3360 3148 3413 3193 et
3440 3147 3644 3192 sancta:

374 3250 477 3308 ηις
506 3237 645 3305 πρὸς
669 3238 771 3309 τήν
806 3239 1114 3312 ἀποστολὴν
1144 3241 1238 3294 τοῦ
1272 3240 1558 3312 μέλλοντος
1591 3238 1959 3309 χρηματίσειν

2066 3246 2260 3293 νοείτω
2286 3236 2544 3315 Ecclesiae
2572 3235 2740 3290 decus
2765 3248 2890 3290 esse
2926 3233 3108 3288 debet.
3157 3230 3236 3286 Te
3286 3234 3423 3285 bene
3467 3228 3643 3283 valere

375 3326 537 3399 ὑμῶν
566 3330 889 3401 ἀρχιερέως,
936 3332 1105 3403 ψήφῳ
1148 3330 1244 3385 τοῦ
1279 3330 1552 3400 παναγίου
1613 3329 1957 3401 Πνεύματος,

2067 3329 2123 3384 in
2170 3328 2401 3385 Domino
2445 3342 2752 3398 precamur,
2792 3335 2847 3381 et
2871 3326 3053 3381 omnis
3093 3324 3307 3394 injuriae
3331 3334 3385 3377 ct
3424 3336 3645 3393 aggres-

373 3422 476 3473 καὶ
496 3421 599 3491 τὴν
617 3422 738 3476 καθ’
768 3424 912 3494 ὑμᾶς
946 3425 1111 3493 ἀγίαν
1151 3424 1478 3495 Ἐκκλησίαν
1497 3426 1958 3494 κατακοσμήσειν.

2068 3422 2259 3489 sionis,
2294 3430 2402 3475 tam
2432 3436 2464 3475 e
2503 3419 2803 3476 visibilibus
2839 3433 3006 3488 quam
3063 3415 3428 3471 invisibilibus
3472 3412 3647 3468 hostio

274 3509 297 3526 ‘
387 3511 704 3584 Ἐῤῥῶσθαί
726 3531 785 3567 σε
812 3516 872 3567 ὲν
897 3515 1087 3587 Κυρίῳ
1119 3516 1493 3587 ἐπευχόμεθα,
1546 3514 1960 3586 φρουρούμενον

2069 3512 2192 3573 bus,
2212 3520 2486 3566 servatum
2519 3521 2574 3565 et
2600 3510 2936 3582 superiorem
2968 3508 3222 3564 evadere.

372 3601 476 3653 ul
506 3603 907 3678 ὑπερκείμενον
930 3607 1111 3680 πάσης
1144 3610 1408 3681 ἐπηρείας
1438 3610 1531 3662 καὶ
1562 3609 1962 3672 ἐναντιότητος,
2000 3606 2102 3673 ὅση
2125 3623 2188 3659 τε
2245 3597 2562 3675 ὁρωμένων,
2601 3603 2698 3657 καὶ
2751 3602 2852 3672 ὅση
2882 3603 2944 3667 ἐξ
3000 3604 3249 3675 ἀοράτων
3279 3598 3490 3671 ἐχθρῶν
3523 3598 3616 3649 ἔπι

369 3698 609 3753 τίθεται.
2705 3714 2715 3733 ι

368 3814 516 3869 PM'.
550 3814 794 3884 Μιχαὴλ
842 3817 1149 3885 πατρικίφ,
1207 3817 1306 3871 καὶ
1360 3815 1672 3886 στρατηγῷ
1728 3816 1960 3869 Θεσσα-

2176 3799 2337 3857 CXL.
2374 3797 2629 3854 Michaeli
2659 3798 2887 3868 patricio
2910 3807 2958 3851 et
3006 3796 3394 3852 Thessalonica:
3423 3799 3569 3856 duci.

1032 3890 1308 3954 λονίκης.

416 3977 592 4055 ,Περὶ
618 3976 719 4048 τῆς
749 3976 1088 4045 ὑποθέσεω,,
1128 3980 1250 4049 ἥτις
1279 3979 1514 4050 γράφειν
1535 3979 1682 4048 ἡμᾶς
1707 3977 1844 4048 πρὸς
1875 3976 1954 4042 σὲ,

2135 3967 2499 4032 Conﬁdimus,
2535 3966 2609 4019 ﬁli
2651 3964 3027 4025 dilectissime.
3055 3979 3119 4019 ea
3146 3965 3200 4018 in
3233 3966 3479 4034 materia,
3512 3984 3641 4037 qua:

370 4071 571 4125 τέκνον
604 4070 762 4141 ἡμῶν
783 4071 1165 4144 ἠγαπημένον,
1194 4071 1591 4142 προετρέψατο,
1612 4069 1956 4139 πεπείσμεθα

2067 4063 2135 4118 ad
2182 4060 2534 4127 scribendum
2584 4058 2874 4121 incitavit,
2932 4072 3034 4113 nos
3089 4058 3160 4111 ab
3211 4059 3393 4113 anima
3450 4069 3540 4114 tua
3586 4058 3640 4114 id

372 4166 570 4218 ικείνα
622 4162 771 4236 παρὰ
798 4165 898 4236 τῆς
926 4168 1029 4237 σῆς
1079 4165 1274 4237 μαθεῖν
1309 4164 1560 4233 φιλοθέου
1602 4163 1805 4235 ψυχῆς.
1862 4163 1960 4215 ὅσα

2066 4161 2347 4207 mutuatos
2374 4165 2520 4216 esse,
2547 4149 2693 4220 quod
2710 4164 2812 4204 nec
2838 4148 3267 4219 indignationem
3292 4149 3386 4204 Dei
3407 4162 3639 4215 moveat,

376 4259 524 4327 μήτε
554 4255 691 4309 Θεοῦ
728 4257 1109 4327 ἀγανάκτησιν
1134 4260 1296 4321 κινεῖ,
1322 4257 1458 4328 μήτε
1488 4256 1587 4326 τὴν
1617 4256 1777 4325 ἡμῶν
1803 4254 1960 4307 λυπεῖ

2071 4258 2249 4314 neque
2304 4251 2549 4297 nostram
2626 4242 2915 4295 contristet
2982 4241 3386 4306 humilitatem,
3457 4257 3642 4313 neque

379 4348 747 4418 μετριότητα,
804 4351 940 4419 μήτε
984 4348 1077 4401 τὸν
1137 4347 1325 4418 ἄνδρα,
1362 4346 1502 4415 ὑπὲρ
1551 4341 1612 4402 οὗ
1653 4348 1958 4418 γράφομεν,

374 4440 586 4500 ἀδίκως
625 4440 732 4492 ὑπὸ
754 4440 1074 4511 κατάκριμα
1099 4439 1304 4510 τίθησι.
1341 4439 1690 4510 Γινώσκομεν
1719 4440 1830 4509 γάρ
1863 4454 1959 4491 σου

2067 4337 2367 4402 hominem,
2401 4336 2469 4391 de
2498 4350 2608 4405 quo
2640 4335 2958 4403 scribimus,
3016 4334 3085 4389 ad
3143 4334 3403 4403 injustam
3439 4336 3643 4391 cornie-

2064 4429 2397 4483 mnationem
2455 4425 2737 4496 perducat.
2781 4424 3055 4492 Quantam
3094 4426 3241 4480 enim
3301 4426 3353 4480 iu
3380 4428 3639 4482 omnibus

378 4531 484 4600 151;.
494 4547 569 4584 ιτι
602 4529 740 4583 Θεοῦ
763 4531 1112 4602 τελειοτάτην
1134 4533 1192 4585 ἐν
1213 4534 1380 4586 πᾶσιν
1408 4528 1575 4586 οὖσαν
1598 4531 1697 4600 τὴν
1722 4529 1957 4593 σύνεσιν,

2071 4522 2273 4576 habeas
2327 4520 2692 4590 integritatem
2745 4518 2996 4574 novimus
3019 4558 3033 4582 ,
3069 4533 3177 4589 qua
3212 4519 3313 4573 hoc
3354 4519 3407 4573 in
3440 4521 3642 4575 sa'culn

380 4623 448 4675 δι’
488 4626 560 4695 ἣν
600 4623 660 4675 ἐν
687 4624 763 4694 τῷ
788 4625 1016 4695 παρόντι
1052 4623 1332 4694 περίδοξος
1375 4622 1562 4694 ὤφθης
1591 4622 1714 4693 βίῳ,
1749 4622 1841 4675 καὶ
1862 4620 1961 4673 σὺν

388 4716 559 4786 snitu
579 4720 648 4788 τῇ
682 4720 815 4789 τιμῇ
869 4716 1153 4789 ἐπιτεύξῃ.
1194 4718 1334 4789 ὅπερ
1387 4715 1686 4787 εὐχόμεθα,
1735 4715 1962 4785 καὶτῆς

392 4809 452 4860 οὗ
488 4812 650 4879 μόνον
696 4811 1052 4883 προσκαίρως
1116 4808 1531 4880 ἑπιμειδιὼσης,
1567 4806 1706 4861 ἀλλὰ
1737 4807 1832 4860 καὶ
1863 4807 1963 4873 τῆς

395 4904 622 4966 aias-aito;
681 4902 1061 4974 εὐφρανούσης
1111 4919 1172 4955 σε
1222 4902 1403 4970 δόξης.
1454 4900 1712 4955 Μάνθανε
1733 4894 1829 4953 οὖν
1865 4899 1962 4968 τὴν

383 4994 645 5048 ὑπόθεσιν
676 4994 770 5047 καὶ
813 4994 972 5064 δήλου
1005 4994 1160 5063 ήμῖν,
1211 4992 1408 5059 δεσμὸν
1459 4989 1600 5060 ἔχων
1648 4990 1714 5043 ὲκ
1750 4988 1963 5056 Πατρὸς

378 5087 475 5138 καὶ
495 5083 635 5138 Υἱοῦ
661 5085 754 5137 καὶ
776 5084 935 5151 άγίου
959 5081 1099 5136 Πνεύ
1110 5097 1299 5152 ματος,
1325 5081 1428 5134 ὅσα
1456 5075 1964 5149 συνεπιμαρτυροῦ-

378 5194 488 5230 σαν
522 5178 625 5246 τὴν
659 5176 758 5247 σὴν
784 5174 964 5247 ἀληθῆ
1003 5174 1211 5243 γνῶσιν
1251 5173 1383 5241 περὶ
1439 5170 1535 5224 τοῦ
1560 5169 1759 5241 ἀνδρὸς
1781 5167 1868 5235 ὲξε
1882 5166 1965 5221 πί-

375 5284 605 5335 στασαι,
660 5271 756 5322 καὶ
812 5267 981 5338 μηδὲν
1035 5267 1180 5337 μήτε
1232 5266 1372 5335 πρὸς
1426 5263 1589 5334 χάριν
1653 5262 1793 5331 μήτε
1823 5259 1964 5329 πρὸς

375 5359 700 5414 ἐναντίωσιν
730 5359 942 5429 ἔχοντα.
984 5354 1376 5428 Διαθρυλλοῦσί
1397 5370 1542 5416 τινες
1589 5352 1718 5422 περὶ
1747 5350 1962 5405 Παύλου

375 5452 473 5508 τοῦ
519 5452 949 5524 θεοςιλεστάτου
1005 5445 1251 5520 μοναχοῦ
1295 5447 1390 5500 καὶ
1440 5443 1842 5515 πρεσϐυτέρου,
1886 5441 1961 5506 ὡς

381 5547 533 5620 παρά
569 5548 669 5619 τῆς
699 5547 802 5616 σῆς
833 5541 1108 5613 ἀκηκόασι
1136 5539 1412 5609 γλώσσης,
1459 5538 1542 5590 ὅτι
1580 5552 1688 5607 περ
1725 5535 1864 5605 μετὰ
1903 5533 1963 5585 τὸ

373 5641 747 5696 ἐπανελέσθαι
769 5635 873 5705 τὴν
899 5631 1192 5704 μοναδικὴν
1218 5629 1494 5685 πολιτείαν
1517 5630 1584 5698 τῇ
1643 5644 1775 5680 ποτε
1806 5643 1963 5694 γενο-

368 5738 508 5811 μένῃ
578 5729 813 5800 συμϐίῳ
875 5725 1196 5794 πεφώραται
1273 5721 1684 5789 συνενούμενος,
1743 5722 1835 5772 καὶ
1886 5717 1962 5788 μὴ

364 5809 611 5905 φυλάξας
648 5824 759 5894 τήν
808 5816 1077 5884 ὲξαῦτῆς
1110 5818 1403 5886 γινομένην
1459 5813 1741 5865 διάστασιν
1795 5809 1963 5862 καθα-

2064 4615 2394 4669 honoratam
2431 4612 2586 4681 degis
2615 4611 2781 4665 vitam
2813 4618 2868 4663 et
2898 4626 3024 4663 cum
3071 4624 3270 4681 magno
3298 4611 3530 4679 honore,
3560 4613 3639 4667 uti

2065 4717 2374 4773 precamur,
2401 4716 2507 4754 non
2539 4700 2710 4754 solam
2748 4711 3067 4767 praesentem
3113 4710 3166 4755 et
3213 4701 3640 4770 subsequentem

2063 4794 2312 4865 obtinges
2341 4792 2594 4863 gloriam,
2649 4792 2743 4845 sed
2784 4801 2837 4845 et
2879 4805 3295 4858 permansuram
3336 4792 3389 4846 in
3429 4792 3635 4849 futuro.

2064 4886 2345 4941 Materiam
2380 4886 2546 4953 igitur
2595 4883 2802 4945 discas,
2836 4890 2891 4938 et
2930 4882 3023 4953 qui
3061 4883 3221 4938 nobis
3251 4884 3465 4939 vinculo
3504 4900 3639 4941 con-

2058 4979 2286 5049 junctus
2311 4993 2370 5033 es
2405 4977 2458 5031 in
2493 4975 2657 5031 Patre
2687 4983 2743 5030 et
2790 4973 2925 5029 Filio
2952 4984 3008 5030 et
3045 4986 3238 5032 sancto
3274 4975 3502 5048 Spiritu,
3541 4995 3639 5035 no-

2066 5080 2179 5125 tum
2225 5069 2394 5125 facias
2443 5070 2495 5122 in
2528 5077 2791 5138 quantum
2833 5065 2965 5122 dare
3018 5068 3199 5137 possis
3256 5076 3310 5124 et
3353 5070 3640 5126 rescireris

2066 5178 2256 5220 verum
2284 5164 2349 5217 de
2396 5162 2614 5215 homine
2650 5159 3044 5224 testimonium,
3075 5159 3318 5231 nihilque
3358 5178 3533 5234 neque
3558 5166 3639 5220 ira

2065 5273 2243 5326 neque
2294 5256 2477 5311 studio
2531 5252 2804 5323 proferas.
2848 5249 3081 5317 Quidam
3113 5253 3180 5308 de
3210 5254 3375 5311 Paulo
3402 5259 3640 5312 maxime

2062 5350 2154 5420 pio
2186 5347 2460 5402 monacho
2495 5357 2550 5400 et
2572 5344 2888 5414 presbytero
2924 5354 2975 5396 te
2999 5343 3275 5399 dicentem
3308 5361 3370 5400 se
3418 5347 3640 5402 audisse

2064 5446 2338 5500 asserunt,
2389 5437 2535 5504 quod
2595 5436 2706 5501 ille,
2760 5444 2885 5504 post
2929 5445 3241 5504 susceptam
3281 5437 3638 5490 monasticam

2065 5530 2257 5595 vitam,
2292 5528 2669 5599 deprehensus
2698 5525 2864 5581 fuerit
2905 5529 2956 5582 in
3013 5531 3166 5597 prius
3208 5536 3348 5582 noue
3394 5529 3643 5585 mulieris

2066 5622 2417 5687 commercio,
2450 5610 2595 5690 quod
2631 5618 2829 5693 factam
2853 5634 2977 5673 cum
3004 5635 3067 5674 ea
3092 5619 3489 5689 separationem
3532 5638 3640 5675 non

2069 5715 2287 5771 sincere
2343 5713 2690 5778 servaverit,
2753 5728 2927 5781 neque
2980 5711 3265 5781 promissis
3327 5709 3438 5767 Dco
3497 5714 3639 5768 dull!

2070 5804 2175 5859 ﬁde
2201 5805 2303 5857 iter
2346 5805 2577 5857 stctcrit.
2620 5801 2743 5856 lltrc
2798 5803 2940 5856 dicta
2994 5801 3084 5855 ubi
3126 5801 3190 5855 ad
3231 5816 3392 5858 aures
3428 5814 3636 5859 nostrai
