4094 6458
419 399 521 463 367

1524 386 1835 469 NICQLAI
1883 387 1994 447 (ΣΡ.
2033 388 2551 449 PATRIARCl-LE

3582 384 3700 450 368

417 514 805 581 penencrmu,
842 518 913 560 eo
977 503 1153 574 magis
1222 499 1531 556 contristati
1588 508 1643 554 et
1704 498 2007 578 perturbati

2115 502 2239 570 ρὰν,
2268 501 2407 573 μηδὲ
2435 503 2536 575 τήν
2568 501 2905 570 ἐπαγγελίαν
2933 501 3345 572 διασωσάμενος
3375 501 3514 572 πρὸς
3557 499 3697 564 Θεὸν

420 612 634 663 sumus,
659 596 805 667 quod
838 596 1025 662 homo,
1074 592 1301 649 testium
1358 591 1485 658 ﬁde,
1518 589 1586 645 ad
1642 589 2009 645 sacerdotium

421 700 645 748 evectus
673 699 727 745 et
761 687 901 744 inter
926 687 1225 744 sanctuarii
1257 685 1541 741 ministros
1580 683 1857 739 admissus
1897 697 2013 737 ma-

416 785 523 855 jori
548 785 712 840 etiam
744 781 923 837 inhiat
972 779 1245 852 dignitati.
1285 778 1363 833 En
1401 776 1581 848 quoad
1603 775 1883 831 hominem
1917 789 2015 829 no-

403 886 621 932 strum.
654 873 738 930 Tu
772 873 938 944 igitur
963 871 1054 927 illa
1076 870 1238 926 nobis
1267 870 1563 936 rescribas,
1600 883 1724 939 qua:
1753 877 1881 924 ante
1908 876 2016 922 ter-

426 967 583 1023 ribile
606 966 810 1022 Christi
840 963 1106 1029 tribunal,
1140 977 1251 1032 quo
1280 962 1540 1017 denudati
1585 974 1784 1016 omnes
1824 960 2014 1015 adsta-

423 1059 629 1123 bimus,
685 1069 1061 1126 responsurus
1108 1052 1187 1109 sis
1232 1066 1418 1107 coram
1455 1050 1779 1123 angelorum
1807 1051 2016 1106 ordini-

424 1153 529 1208 bus
555 1157 610 1207 et
631 1149 912 1205 hominum
950 1161 1254 1203 concursu.
1275 1146 1350 1202 De
1379 1153 1581 1201 caetero
1613 1144 1795 1200 valeas
1812 1153 1866 1199 et
1891 1157 2017 1199 cus-

424 1246 597 1301 todiat
631 1255 684 1300 te
735 1242 1002 1300 Dominus
1044 1242 1116 1297 ab
1148 1241 1303 1299 omni
1335 1240 1479 1296 malo
1510 1239 1710 1297 visibili
1740 1248 1795 1296 et
1820 1238 2013 1294 invisi-

422 1340 520 1394 bili
550 1348 893 1407 exemptum.

2109 594 2317 666 ἀψευδῆ
2347 595 2445 649 καὶ
2502 593 2818 649 ἀνόθευτον.
2881 591 3093 661 Ταῦτα,
3137 594 3217 657 ὡς
3274 593 3514 665 εἴρηται,
3556 600 3703 662 προς

2109 684 2209 748 τάς
2243 684 2526 757 ἡμετέρας
2570 684 2742 749 ἀκοὰς
2790 684 3018 740 ἐλθόντά
3040 679 3130 739 οἷα
3174 684 3320 748 εἰκὸς
3361 682 3603 753 ἐλύπησέ
3634 698 3703 734 τε

2110 776 2208 829 καὶ
2238 776 2629 849 συνετάραξεν,
2683 778 2767 832 δτι
2818 794 2880 831 τε
2913 778 2945 831 δ
2995 777 3283 849 ἄνθρωπος
3329 776 3458 847 παρ’
3493 773 3706 845 ἐτέρων

2112 870 2430 940 προσώπων
2461 872 2565 943 τὴν
2601 872 2915 944 μαρτυρίαν
2983 870 3412 943 παρασχόμενος
3452 866 3707 939 πρεσϐυ-

2111 963 2298 1034 τερίου
2351 964 2587 1036 ἠξιώθη,
2648 966 2744 1018 καὶ
2790 965 2901 1019 τῶν
2950 962 3415 1034 λειτουργούντων
3438 961 3526 1033 ’τῷ
3558 963 3709 1030 ἁγίῳ

2115 1053 2494 1127 θυσιαστηρίῳ
2524 1050 2607 1120 εἷς
2656 1055 3016 1127 χρηματίζει,
3048 1057 3147 1110 καὶ
3191 1056 3332 1126 πρὸς
3368 1054 3592 1124 μείζονα
3617 1053 3706 1106 ἔτι

2113 1145 2302 1217 ἀφορᾷ
2321 1144 2695 1216 λειτουργίαν.
2735 1146 2923 1217 Ἔχεις
2956 1148 3056 1217 μὲν
3090 1147 3239 1218 παρ’
3269 1146 3427 1217 ἡμῶν
3469 1143 3709 1217 δεδηλω-

2116 1237 2288 1308 μένην
2325 1236 2424 1308 τὴν
2458 1237 2590 1307 περὶ
2622 1237 2715 1290 τοῦ
2758 1236 3051 1307 ἀνθρώπου
3101 1240 3315 1309 φήμην.
3354 1238 3425 1289 Σὺ
3453 1236 3711 1289 δ’ἐκεῖκια

2114 1329 2328 1401 γράψον
2363 1331 2497 1399 ημῖν
2538 1329 2573 1382 ἂ
2608 1332 2703 1382 καὶ
2733 1329 2810 1400 τῷ
2845 1329 3059 1400 φρικτῷ
3089 1329 3297 1402 βήματι
3322 1328 3706 1411 τοῦΧριστου,

423 1436 511 1487 ὅτε
541 1431 746 1494 πάντες
780 1429 932 1502 αύτῷ
970 1430 1182 1499 γυμνοὶ
1247 1426 1744 1500 παραστησόμεθα,
1797 1426 2014 1497 μέλλεις
2069 1423 2414 1508 κατενώπιον
2467 1423 2650 1490 πάσης
2704 1424 2807 1493 τῆς
2867 1420 3172 1492 ἀγγελικῆς
3224 1421 3433 1485 τάξεως
3465 1418 3559 1472 καὶ
3608 1417 3712 1483 τῆς

423 1527 772 1600 ἀνθρωπίνης
802 1524 1207 1595 παραστάσεως
1246 1520 1784 1594 ἀποκρίνασθαι.Τά
1819 1519 2033 1574 δ’ἀλλα
2062 1517 2380 1590 ἐρρωμένον
2439 1532 2499 1569 σε
2548 1514 2781 1586 φυλάξοι
2833 1516 2861 1568 ό
2915 1518 3123 1587 Κύριος
3184 1514 3369 1584 πάσης
3437 1513 3710 1583 ἐπηρείας

422 1620 654 1694 ἀοράτου
675 1637 734 1674 τε
755 1624 852 1674 καὶ
873 1618 1160 1691 όρωμένης
1187 1616 1483 1691 ἀνώτερον.

777 1759 960 1817 CXLI.
1009 1759 1154 1817 Salis
1186 1775 1296 1816 ἀνω
1327 1758 1632 1830 ρτιεροεὶιο.

2251 1748 2437 1802 PMA'.
2483 1745 2567 1812 Τῷ
2599 1744 2916 1817 ἡγουμένῳ
2950 1743 3070 1800 τῶν
3097 1747 3278 1817 ἡλίου
3315 1745 3558 1816 βωμῶν.

492 1895 730 1951 Etiamsi
755 1893 1121 1960 iama,~chare
1149 1892 1249 1955 lili.
1284 1891 1495 1963 jamdiu
1534 1892 1603 1948 de
1633 1890 1849 1947 malitia
1879 1889 2008 1946 mali

2184 1884 2245 1936 Ei
2280 1887 2376 1937 καὶ
2410 1882 2819 1955 προλαὸοὗσαή
2866 1884 3085 1957 πονηρὰ
3121 1886 3280 1957 φήμη
3325 1888 3427 1957 τῆς
3463 1887 3590 1960 περὶ
3618 1887 3705 1951 σὲ,

423 1989 693 2045 adversus
727 1995 779 2044 te
808 1985 1099 2051 daemonis,
1155 2001 1254 2056 per
1283 1986 1500 2040 litteras
1548 1984 1855 2054 divulgata,
1890 1982 2012 2037 ani-

428 2094 575 2135 mam
626 2088 875 2135 nostrain
931 2077 1080 2133 haud
1120 2077 1328 2133 leviter
1375 2076 1708 2148 perculerit,
1766 2085 2008 2131 attamen

427 2182 526 2244 Spe
581 2172 809 2227 meliore
850 2170 1057 2226 inducti
1095 2169 1297 2224 famam
1350 2171 1404 2225 in
1441 2170 1692 2240 regiones
1741 2168 2010 2223 mendacii

426 2263 722 2337 rejeeimus
744 2273 812 2319 et
836 2263 1046 2319 doloris
1092 2263 1357 2318 solatium
1393 2262 1711 2327 habuimus,
1734 2262 1811 2335 .de
1833 2261 1920 2316 die
1956 2261 2010 2315 iu

428 2356 572 2411 diem
607 2363 1014 2425 exspectantes,
1055 2352 1230 2408 donec
1262 2353 1515 2408 valetudo
1549 2362 1639 2407 tua
1672 2351 1832 2407 nobis
1879 2366 2013 2406 cou-

428 2447 644 2501 [lrmata
669 2447 765 2502 sit.
793 2445 937 2513 Quid
981 2454 1165 2500 autem
1192 2447 1244 2500 in
1275 2445 1575 2516 praesenti?
1603 2445 1824 2500 Littera:
1850 2444 2021 2507 dolo-,

427 2551 543 2593 rem
568 2548 828 2607 augentes
883 2545 1318 2606 supervenerunt
1366 2544 1420 2589 et
1474 2534 1781 2590 luculenter
1825 2541 2012 2588 osten-

427 2630 586 2695 dunt,
617 2644 719 2685 nos
746 2642 814 2684 ea
839 2642 1090 2699 sperasse
1114 2643 1177 2683 ac
1201 2627 1417 2697 cupisse
1460 2640 1585 2697 qua;
1621 2626 1773 2696 longe
1817 2641 1849 2680 a
1880 2639 2011 2679 vero

427 2720 747 2787 distabant;
797 2735 908 2791 quo
981 2720 1169 2776 animo
1230 2719 1442 2774 litteras
1476 2718 1807 2788 legerimus,
1865 2718 2015 2787 quod

429 2812 732 2868 iisceribus
762 2813 957 2867 mediis
1009 2812 1384 2882 acceperimus
1419 2809 1619 2866 vulnus
1646 2799 1828 2866 verbis
1863 2809 2008 2863 haud

428 2916 722 2975 possumus
742 2905 1077 2975 exprimere.
1106 2902 1211 2969 Qui
1245 2911 1431 2957 autem
1483 2902 1649 2958 corda
1698 2901 1906 2957 creavit
1957 2910 2013 2956 et

430 2994 600 3063 novit,
630 2996 722 3051 ille
751 2997 933 3051 cordis
957 2995 1131 3050 nostri
1156 2995 1356 3050 vulnus
1397 3003 1453 3049 et
1479 2994 1728 3049 dolorem
1762 2994 2010 3063 inspicit,

429 3088 633 3159 quibus
677 3087 838 3143 malis
887 3086 1036 3140 aliud
1095 3086 1349 3141 invenire
1400 3086 1696 3154 nequimus
1753 3085 2009 3140 solatium

433 3181 539 3234 nisi
571 3188 632 3234 ut
670 3179 799 3233 mali
828 3178 1091 3232 daemonis
1123 3178 1353 3232 insidias
1386 3176 1483 3231 tibi
1525 3185 1766 3231 structas
1797 3176 2013 3246 patien-

2112 1975 2304 2028 τέκνον
2344 1976 2506 2046 ἡμῶν
2537 1976 2711 2041 ὅσιον,
2739 1976 2835 2031 τοῦ
2864 1977 3109 2048 πονηροῦ
3151 1978 3408 2047 δαίμονος
3433 1978 3708 2049 ἐπηρείας

2110 2069 2214 2138 τὴν
2236 2067 2348 2122 τῶν
2375 2070 2727 2141 γραμμάτων
2756 2070 3124 2139 ἀπαγγελίαν,
3171 2071 3376 2143 ἔπληξε
3405 2070 3505 2142 τὴν
3523 2071 3705 2144 ψυχὴν

2111 2161 2271 2232 ήμῶν
2296 2162 2356 2214 οὐ
2400 2163 2665 2234 μετρίως,
2717 2162 2836 2217 ἀλλ’
2873 2164 3025 2235 ὅμως
3071 2163 3256 2218 ἐλπίσι
3305 2166 3702 2237 χρηστοτέραις

2114 2251 2309 2325 ὥσπερ
2351 2255 2815 2327 ἀποπεμπόμενοι
2852 2255 2953 2328 τὴν
2985 2259 3180 2329 φήμην
3216 2258 3358 2327 πρὸς
3393 2257 3493 2327 τὴν
3520 2259 3709 2328 χώραν

2112 2346 2205 2398 τοῦ
2244 2345 2516 2416 ψεύδους,
2548 2348 2775 2418 εἴχομεν
2830 2349 3184 2421 παραμύθιον
3233 2350 3337 2421 τῆς
3372 2349 3587 2420 ὀδύνης,
3620 2348 3712 2400 ἀεὶ

2115 2439 2528 2510 προσδοκῶντες
2580 2440 2681 2513 τὴν
2740 2441 2898 2513 ὑμῶν
2943 2443 3135 2512 ὑγείαν
3169 2442 3547 2514 ἐνωτισθῆναι.
3591 2442 3712 2496 Νῦν

2111 2531 2171 2585 δὲ
2209 2531 2297 2597 τί;
2339 2525 2484 2585 Ἦκε
2539 2532 2610 2586 ea:
2660 2533 2971 2605 γράμματα
3024 2534 3088 2588 τδ
3146 2533 3314 2605 ἄλγος
3374 2533 3708 2599 ἐπαύξοντα,

2113 2624 2298 2679 ἐκεῖνα
2325 2625 2580 2697 φανερῶς
2607 2626 3040 2682 ἀναδιδάσκοντα
3067 2630 3169 2683 ὅσα
3222 2629 3365 2692 τέως
3392 2631 3488 2683 καὶ
3518 2628 3587 2681 δι’
3618 2631 3708 2681 ἐλ-

2114 2717 2287 2783 πίδος,
2331 2719 2426 2771 καὶ
2448 2716 2518 2771 δι’
2553 2718 2719 2791 εὐχῆς
2752 2720 2981 2790 εἴχομεν
3041 2720 3145 2791 τῆς
3172 2720 3433 2792 ἀληθείας
3486 2724 3711 2792 μακρύ-

2111 2809 2323 2863 νεσθαι.
2355 2810 2548 2874 Ὅπως
2577 2813 2675 2881 μὲν
2705 2807 2801 2866 οὖν
2826 2812 3151 2883 διετέθημεν
3176 2800 3604 2884 ¹ἀναλεξάμενοι
3646 2815 3710 2868 τὸ

2115 2904 2378 2975 γράμμα,
2405 2907 2500 2958 καὶ
2537 2901 2650 2959 οἷον
2681 2905 2835 2977 βέλος
2868 2907 2957 2960 διὰ
3025 2907 3210 2978 μέσων
3260 2907 3564 2979 ἐδεξάμεθα
3596 2911 3709 2962 τᾶν

2116 2994 2472 3062 σπλάγχνων,
2538 2996 2903 3065 παραστῆσαι
2955 2995 3054 3065 μὲν
3109 2996 3209 3049 οὐκ
3248 2995 3396 3049 ἐστιν
3464 2997 3709 3062 ίκανδςό

2115 3083 2275 3152 λόγος
2297 3098 2312 3114 ·
2359 3085 2388 3136 ὁ
2410 3085 2465 3137 δὲ
2502 3084 2603 3147 τὰς
2634 3086 2870 3156 καρδίας
2897 3089 2992 3139 καὶ
3027 3086 3243 3150 πλάσας
3273 3089 3370 3141 καὶ
3396 3089 3710 3156 γινώσκων,

2117 3178 2327 3241 ἐκεῖνος
2353 3178 2454 3248 δρᾷ
2483 3178 2577 3231 καὶ
2606 3180 2667 3232 τὸ
2695 3179 2919 3249 τραῦμα
2961 3180 3057 3232 καὶ
3091 3180 3150 3233 τὸ
3183 3181 3324 3250 ἄλγη
3337 3198 3413 3252 μα
3445 3180 3548 3251 τῆς
3569 3197 3710 3250 καρ-

432 3281 514 3326 tcr
540 3269 809 3335 feramus;
851 3268 932 3324 sic
953 3269 1099 3323 enim
1142 3282 1242 3338 pro
1267 3266 1556 3330 laboribus
1574 3267 1942 3336 praesentibus
1965 3277 2011 3321 et

2120 3267 2262 3331 δίας,
2290 3268 2380 3336 ἐφ’
2417 3261 2463 3336 ᾧ
2491 3268 2848 3338 παραμύθιον
2878 3269 3035 3324 οὐδὲν
3059 3268 3249 3341 ἕτερον
3288 3270 3709 3339 ἐξευρίσκομεν,

429 3363 764 3419 cruciatibus
792 3377 986 3433 magna
1007 3361 1177 3417 nosin
1200 3359 1386 3415 futuro
1407 3368 1592 3415 manet
1612 3360 2002 3429 tranquillitas.

2115 3360 2257 3432 πλὴν
2279 3359 2490 3414 ἐκείνου
2530 3361 2699 3431 μόνου
2729 3362 2807 3426 ὡς
2837 3364 2959 3417 ἀντὶ
2994 3363 3092 3433 τῆς
3128 3365 3402 3434 τοσαύτης
3441 3362 3537 3416 τοῦ
3589 3362 3713 3416 δαί-

436 3475 600 3530 μονος
650 3458 945 3525 ἐπιϐουλῆς
984 3456 1086 3528 τῆς
1117 3455 1272 3527 ὑμῶν
1332 3454 1675 3526 εὐχαρίστως
1738 3453 1802 3508 τὸ
1877 3454 2198 3526 συνενεχθὲν
2245 3455 2546 3527 φερούσης,
2611 3457 2785 3528 πολλὴ
2818 3458 2942 3511 ἀντὶ
3025 3458 3137 3512 τῶν
3197 3461 3482 3529 παρόντων
3526 3461 3708 3514 πόνων

432 3557 527 3609 καὶ
589 3554 689 3619 τῆς
762 3551 1017 3605 ἐντεῦθεν
1080 3551 1238 3615 ἀνίας
1290 3551 1324 3622 ή
1379 3548 1598 3604 ἐκεῖθεν
1648 3548 2009 3603 ἀποκείσεται
2046 3549 2234 3616 ἄνεσις
2259 3550 2354 3605 καὶ
2377 3551 2708 3614 ἀνάπαυσις.

501 3646 694 3701 Malus-
737 3646 951 3701 daemon
1007 3643 1074 3699 ab
1123 3645 1281 3699 initio
1318 3643 1480 3698 novis
1531 3656 1748 3712 semper
1788 3641 2003 3697 insidiis

432 3739 783 3810 prosequitur
836 3752 1027 3792 servos
1066 3735 1161 3790 Dei
1194 3752 1210 3791 :
1244 3735 1409 3791 modo
1447 3750 1541 3804 per
1595 3744 2010 3803 cooperatores,

2164 3643 2309 3711 ,Ἀεὶ
2340 3643 2442 3713 μὲν
2479 3644 2589 3714 γὰρ
2623 3645 2651 3697 ό
2676 3643 2771 3696 τοῦ
2803 3643 2998 3712 γένους
3032 3644 3092 3713 ἐξ
3123 3645 3302 3718 ἀρχῆς
3346 3647 3705 3719 ἐπηρεαστὴς

2115 3735 2238 3797 ταῖς
2285 3732 2432 3785 κατά
2477 3731 2590 3786 τῶν
2659 3732 3013 3803 θεραπόντων
3059 3733 3155 3787 τοῦ
3200 3733 3337 3787 Θεοῦ
3386 3733 3703 3799 ἐπιϐουλαῖς

431 3832 651 3886 malitia:
678 3845 792 3887 Sua:
805 3841 1117 3893 consortes,
1139 3828 1373 3884 suscitat
1407 3842 1489 3898 pet
1505 3828 1814 3883 secutiones
1833 3833 1887 3880 et
1915 3839 2011 3896 per

2115 3825 2532 3890 ἐνσκευάζεται,
2562 3828 2660 3879 καὶ
2696 3824 2824 3880 καθ’
2852 3818 2928 3881 ὧν
2959 3827 3061 3897 μὲν
3090 3827 3392 3897 συνεργοὺς
3419 3828 3698 3899 προσλαμ-

430 3923 694 3977 malitiam
762 3922 927 3976 inl'ert
987 3936 1224 3992 pugnam
1284 3930 1477 3975 contra
1531 3921 1702 3974 Deum
1758 3928 2007 3974 amantes

2114 3920 2360 3986 δάνεται,
2393 3918 2487 3983 οὓς
2526 3918 2594 3973 ἂν
2633 3917 2787 3990 εὖροι
2840 3921 2908 3991 τῇ
2951 3920 3117 3974 αὐτοῦ
3170 3920 3341 3995 κακίᾳ
3374 3921 3704 3992 συντρέχον-

426 4029 567 4086 quos
597 4030 628 4069 a
675 4015 783 4068 vita
808 4015 963 4069 beata
995 4013 1246 4082 caeloque
1299 4012 1548 4082 repellit;
1603 4010 1765 4067 modo
1795 4011 2007 4081 absque

2113 4027 2233 4073 τας.
2273 4010 2386 4065 Καὶ
2447 4010 2536 4064 διά
2591 4010 2800 4065 τούτων
2858 4010 2956 4065 νῦν
3013 4012 3117 4083 μὲν
3174 4012 3475 4084 διωγμοὺς,
3514 4013 3611 4067 νῦν
3638 4013 3702 4067 δὲ

429 4106 742 4162 hominibus
787 4108 854 4158 ad
891 4108 1093 4159 malqu
1138 4105 1564 4175 perpetrandum
1634 4104 2009 4173 conspiranti-

2113 4102 2390 4166 κακώσεις
2446 4101 2616 4166 ἀλλας
2695 4104 2978 4173 ἐπιφέρων
3035 4108 3149 4169 τοῖς
3204 4106 3520 4179 εὐαρέστως
3577 4105 3703 4177 Θεῷ

427 4202 530 4254 bus
559 4199 856 4267 etpropz-io
896 4195 1071 4251 Marte
1122 4211 1272 4250 nunc
1311 4196 1530 4250 occulte
1573 4210 1721 4250 nunc
1763 4195 2010 4265 apertius

2113 4193 2413 4249 διαϐιοῦσιν
2453 4194 2642 4261 ἀγῶνα
2670 4196 2909 4248 ποιεῖται
2944 4198 3011 4267 τῇ
3058 4197 3308 4268 μακαρίᾳ⁸
3347 4196 3460 4268 ζωῇ
3490 4197 3704 4251 τούτων

428 4290 629 4345 bellum
690 4287 872 4350 infert,
937 4288 1402 4358 quemadmodum
1478 4288 1533 4342 in
1591 4289 2005 4359 praesentiarum

2113 4286 2441 4356 ἐμποδίζειν.
2463 4285 2580 4339 Νῦν
2608 4286 2663 4340 δὲ
2686 4286 2779 4340 καὶ
2805 4290 2974 4358 χωρὶς
3004 4289 3365 4360 προσλήψεως
3388 4290 3704 4362 ἀνθρώπων

428 4381 684 4435 virtutem
719 4390 868 4433 tuam
906 4394 1200 4449 aggressus
1246 4388 1351 4433 est.
1388 4377 1598 4434 Interea
1630 4380 1832 4435 vulnus
1864 4381 2009 4434 intu~

286 4478 289 4485 '
356 4510 359 4513 -
427 4474 509 4537 lit,
535 4471 703 4540 quod,
748 4471 963 4530 volente
992 4468 1127 4536 Deo,
1159 4479 1254 4524 aut
1277 4471 1343 4524 ad
1362 4470 1680 4524 cicatricem
1709 4471 2008 4541 aliquando

2111 4377 2671 4449 συγκακουργούντων
2696 4378 2868 4449 αὐτῷ,
2887 4379 2977 4431 διὰ
2997 4380 3095 4449 τῆς
3121 4382 3333 4444 οίκείας
3370 4383 3699 4447 ἐπιθέσεως,

2105 4467 2266 4522 τοῦτο
2299 4469 2398 4539 μὲν
2434 4469 2678 4538 ἀφανῶς,
2707 4470 2868 4524 τοῦτο
2896 4471 2954 4524 δὲ
2982 4473 3078 4525 καὶ
3103 4474 3163 4526 ἐν
3190 4473 3267 4545 τῷ
3303 4477 3579 4544 προφανεί
3604 4477 3702 4530 τὸν

425 4565 595 4619 abibit
628 4571 722 4618 aut
761 4563 1003 4618 delntitis
1036 4562 1263 4634 judiciis
1309 4563 1363 4617 in
1394 4561 1747 4617 commodum
1781 4577 2007 4633 percus-

2115 4559 2350 4631 πόλεμον
2378 4562 2771 4631 ἐπιδείκνυται,
2801 4562 2830 4616 ὃ
2870 4564 2966 4617 καὶ
2993 4564 3091 4620 νῦν
3135 4568 3274 4638 πρὸς
3299 4569 3399 4637 τὴν
3424 4568 3701 4636 ὑμετέραν

425 4662 568 4713 soris
631 4658 933 4712 mutabitur
985 4672 1160 4727 usque
1200 4657 1364 4722 dum,
1417 4672 1525 4710 non
1570 4657 1804 4710 multum
1859 4665 2007 4725 post,

426 4750 783 4819 corruptibile
820 4751 924 4804 hoc
972 4764 1173 4817 corpus
1209 4750 1262 4802 in
1295 4747 1700 4803 resurrectione
1723 4747 2008 4818 iustorum

438 4842 631 4895 induat
687 4843 923 4896 divinam
996 4840 1490 4910 incorruptionem.
1557 4839 1835 4893 Maleﬁcus
1913 4854 2012 4892 au-

427 4944 533 4989 tem
593 4924 855 5003 patientia
910 4943 1000 4987 tua
1055 4947 1163 5003 qua
1212 4947 1403 4987 omnes
1453 4931 1625 4986 Deum
1678 4930 2007 5000 gloriﬁcant,

428 5028 809 5081 vulnerabitur
856 5026 911 5079 in
937 5039 1227 5089 aeternum,
1268 5039 1401 5080 suos
1442 5026 1596 5079 solus
1639 5023 1897 5093 portabit!
1916 5023 2012 5077 do-

429 5121 592 5184 lores,
623 5133 726 5173 nec
748 5115 918 5172 ullum
946 5118 1195 5171 dolorum
1230 5117 1474 5170 solamen
1517 5115 1777 5169 inveniet.
1815 5113 2009 5183 llespi-

422 5224 504 5272 ce,
546 5208 616 5260 mi
646 5205 743 5272 illi,
778 5207 844 5260 ad
889 5208 1010 5261 illos
1031 5206 1121 5275 qui
1162 5206 1250 5260 his
1298 5206 1353 5259 in
1386 5206 1550 5260 terris
1589 5205 1847 5268 militant,
1875 5215 2010 5274 quot

420 5311 475 5353 et
499 5310 735 5368 quantas
784 5312 848 5352 ex
892 5298 1144 5353 hostibus
1199 5297 1390 5368 plagas
1447 5298 1500 5351 in
1556 5295 1823 5351 membris
1867 5297 2009 5349 reei-

420 5398 609 5464 piant;
678 5392 783 5446 viri
848 5400 1033 5445 autem
1105 5392 1279 5446 l'ortes
1344 5391 1588 5444 animum
1647 5392 1846 5443 nedum
1917 5390 2015 5441 ah-

415 5488 612 5557 jicizmt
667 5484 919 5554 quiuimo
973 5481 1242 5537 extollunt
1280 5492 1335 5535 et
1382 5482 1638 5535 omnibus
1678 5480 1902 5534 vulnera
1944 5496 2007 5533 ex

420 5577 667 5630 hostibus
776 5572 979 5626 iuliaeta
1083 5571 1397 5624 ostendunt.
1495 5568 1576 5622 Tu
1683 5571 1736 5623 in
1818 5574 2011 5625 coales-

421 5678 530 5720 tem
591 5666 836 5720 militiam
907 5675 1214 5733 coaptatus,
1280 5661 1325 5715 si
1396 5664 1464 5715 ab
1537 5661 1853 5716 adversario
1893 5679 2012 5732 per-

424 5771 623 5815 cussus
684 5756 899 5820 fueris,
958 5773 1022 5812 ex
1088 5755 1356 5811 aerumnis
1421 5754 1848 5811 aestimationem
1911 5757 2005 5810 tibi

422 5847 791 5916 comparabis.
817 5847 944 5903 Ideo
970 5850 1154 5903 animo
1177 5859 1293 5903 esto
1326 5846 1474 5910 thli,
1499 5863 1676 5918 neque
1706 5849 1774 5902 ob
1806 5850 2007 5903 vulnus

2103 4654 2314 4725 ἀρετήν
2346 4656 2771 4725 κατειργάσατο.
2813 4656 2953 4710 Ἀλλ’
3008 4660 3219 4723 ἐκεῖνος
3272 4659 3374 4730 μὲν
3418 4662 3696 4731 ἐπήνεγκε

2110 4740 2354 4810 τραῦμα,
2386 4741 2416 4793 ὃ
2449 4745 2667 4806 πάντως
2697 4744 2729 4814 ἢ
2773 4744 3105 4816 βουλομένου
3153 4748 3290 4802 Θεοῦ
3339 4750 3524 4804 τέλεον
3554 4754 3696 4804 ἀπο-

2113 4831 2613 4905 θεραπευθήσεται,
2645 4835 2679 4904 ἢ
2709 4837 2977 4907 κρίμασιν
3007 4833 3089 4902 οἷς
3113 4840 3405 4896 ἐπίσταται
3432 4845 3527 4896 ἐπὶ
3562 4844 3698 4913 κέρ-

2110 4924 2192 4978 δει
2224 4926 2319 4979 καὶ
2346 4925 2587 4997 ὠφελείᾳ
2618 4927 2714 4981 τοῦ
2752 4929 2815 4981 τὸ
2845 4930 3072 5001 τραῦμα
3125 4933 3387 5002 φέροντος
3412 4935 3689 5007 διαμείνῃ,

2111 5016 2247 5069 ἀλλὰ
2317 5017 2538 5081 πάντως
2596 5022 2717 5090 μετ’
2774 5022 2839 5073 οὺ
2897 5020 3032 5075 πολὺ
3085 5024 3536 5097 ἀπαλλαγήσεται
3595 5026 3695 5080 τοῦ

2113 5109 2358 5177 φθαρτοῦ
2393 5108 2646 5181 σώματος
2672 5113 2730 5165 ἐν
2756 5115 2821 5183 τῇ
2860 5114 3155 5169 ἀναστάσει
3190 5115 3298 5169 τῶν
3335 5117 3562 5171 δικαίων
3595 5119 3696 5191 τὴν

2113 5199 2322 5269 θεοειδῆ
2354 5200 2662 5274 ἀφθαρσίαν
2701 5205 3202 5275 ἀπολαμϐάνοντος.
3245 5206 3485 5272 Ἐκεῖνος
3511 5209 3566 5263 δὲ
3606 5210 3694 5264 διὰ

2112 5294 2209 5365 τῆς
2240 5294 2396 5364 ὑμῶν
2419 5296 2721 5366 ὑπομονῆς,
2755 5298 2815 5352 ἐν
2925 5299 3126 5363 πάντες
3149 5301 3241 5354 τὸν
3281 5301 3489 5373 Κύριον
3518 5303 3693 5371 ἐλαμ-

2113 5387 2449 5458 πρύνθησαν,
2477 5391 3020 5463 τραυματισθήσεται
3053 5394 3134 5457 είς
3163 5393 3254 5446 τὸν
3281 5395 3476 5460 αἰῶνα,
3509 5399 3692 5450 πάντα

2115 5480 2296 5550 φέρων
2330 5484 2428 5542 τὰς
2475 5481 2562 5532 ἐπ’
2598 5482 2747 5552 αὐτῷ
2791 5484 3117 5555 ἀλγηδόνας,
3153 5488 3247 5540 καὶ
3282 5490 3555 5558 μηδεμίαν
3600 5492 3692 5543 εὐ·

2116 5574 2230 5641 ρείν
2258 5574 2558 5643 δυνάμενος
2592 5575 2889 5645 θεραπείαν
2937 5577 3031 5629 τοῦ
3070 5578 3291 5646 ἄλγους.
3338 5582 3691 5652 Ἀποόλέψω-

2116 5680 2236 5733 μεν,
2259 5663 2446 5717 τέκνον
2478 5666 2658 5736 ἡμῶν,
2698 5667 2835 5738 πρὸς
2866 5667 2993 5732 τοὺς
3032 5670 3090 5722 ἐν
3119 5673 3187 5742 γῇ
3220 5664 3691 5745 στρατευομένους

2112 5753 2185 5814 ὡς
2221 5755 2284 5804 ἐκ
2326 5754 2434 5807 τῶν
2477 5755 2772 5842 πολεμίων,
2797 5757 3015 5828 πληγὰς
3043 5761 3101 5812 ἐν
3130 5761 3206 5832 τῷ
3237 5762 3454 5831 σώματι
3497 5767 3694 5835 φέρον-

2111 5862 2225 5910 τες,
2260 5848 2351 5899 καὶ
2384 5846 2493 5899 τῶν
2524 5849 2701 5917 μελῶν
2756 5851 3059 5921 πηρώσεις,
3107 5854 3161 5907 οῖ
3204 5871 3267 5924 γε
3305 5857 3542 5922 ἀνδρεῖοι
3599 5863 3693 5911 καὶ
