4094 6424
365 316 471 379 959

1850 301 2266 376 Εριδτοωῑ.

3538 318 3646 383 370

369 436 634 503 εὐγενεῖς,
665 435 729 489 οὐ
760 436 928 506 μόνον
952 436 1054 490 οὐκ
1082 436 1411 506 ἀθυμοῦσιν,
1442 434 1581 489 ἀλλά
1627 432 1718 487 καὶ
1753 433 1955 504 σεμνύ-

2061 449 2184 489 eum
2235 434 2634 504 abjicias.“lla'c
2675 438 2970 493 scribimtIs
3025 448 3130 493 non
3184 447 3244 493 ut
3294 440 3560 507 deiectum
3594 452 3646 493 te

366 542 569 585 νονται.
604 525 703 578 καὶ
756 526 873 589 τοῖς
930 525 1148 590 πολλοῖς
1191 526 1618 587 ἐπιδείκνυνται,
1670 522 1748 586 ὡς
1788 522 1965 577 ταῦτα

371 618 519 688 παρὰ
540 617 652 671 τῶν
689 618 978 688 πολεμίων
1009 618 1344 688 ὑπέστησαν.
1380 619 1452 673 Σὺ
1506 618 1563 673 δὲ
1618 618 1697 681 εἰς
1730 616 1830 688 τὴν
1869 616 1962 669 οὐ-

367 708 553 778 ράνιον
590 710 889 781 στρατείαν
942 714 1400 782 στρατευόμενος,
1430 707 1550 766 εἶτα
1593 710 1827 781 πληγεὶς
1853 710 1960 763 ὑπὸ

362 799 459 852 τοῦ
492 801 821 865 ἀντιπάλου,
854 802 1004 874 πόνῳ
1051 803 1253 875 μᾶλλον
1298 803 1536 872 ὀφείλεις
1570 802 1957 873 σεμνύνεσθαι.

376 892 543 945 Ἀλλά
582 893 661 964 μη
704 894 1076 950 καταπίπτειν
1119 896 1181 951 τὺ
1237 898 1517 970 φρόνημα,
1562 896 1698 968 μηδὲ
1729 897 1961 968 ἀκηδιᾷν

364 985 462 1038 ἐπὶ
520 988 589 1058 τῇ
656 986 868 1059 πληγῇ.
898 989 942 1042 Γ
947 990 1195 1061 ράφομεν
1257 989 1433 1045 ταῦτα
1482 990 1583 1060 οὐχ
1618 989 1708 1043 ἵνα
1737 1007 1797 1042 σε
1830 989 1962 1043 ἀθυο

366 1077 579 1145 μοῦντα
632 1080 1019 1153 διεγείρωμεν,
1057 1083 1176 1138 ἀλλ’
1209 1082 1416 1148 εἰδότες
1470 1099 1530 1136 σε
1592 1082 1714 1154 θεία
1773 1083 1960 1154 χάριτι

2064 525 2371 595 erigamus;
2422 528 2630 581 scimus
2686 529 2832 581 enim
2875 544 2905 581 a
2968 538 3019 583 te
3083 545 3369 599 generme
3410 528 3643 599 perferri

2063 632 2424 686 quaecumque
2466 620 2902 686 evenerint;sed
2957 631 3015 676 ut
3057 623 3229 693 gratia
3288 619 3383 676 Dei
3446 630 3498 674 et
3553 630 3641 674 Ina

2065 713 2399 769 wlunlatate
2444 724 2735 782 apparens
2787 713 2994 769 inimici
3045 714 3372 770 maleficium
3406 714 3645 783 depelia-

2063 820 2211 862 mus.
2238 807 2516 863 Concedat
2565 807 2725 862 nobis
2774 807 3122 878 omnipotens
3166 806 3304 863 Dens
3340 817 3399 860 ut
3425 806 3478 861 in
3503 820 3643 875 prm-

2065 897 2209 951 senti
2270 897 2473 952 malam
2526 897 2726 953 diaboli
2779 906 2952 952 artem
3017 898 3466 965 confnmlamus,
3531 896 3647 966 ipse

2062 1002 2193 1043 vero
2250 988 2306 1043 in
2351 987 2534 1045 futuro
2562 987 2745 1044 divina
2803 989 3003 1045 virtute
3054 990 3316 1044 contrusus
3360 1004 3514 1044 suam
3546 987 3643 1042 de-

2063 1079 2239 1152 ploret
2294 1082 2688 1154 turpitudinem
2715 1091 2770 1138 et
2795 1099 2829 1138 a
2856 1081 3012 1139 nobis
3053 1083 3361 1137 viventibus
3390 1081 3641 1136 recedat!

362 1172 637 1237 γενναίως
666 1173 730 1227 τὸ
773 1176 1093 1247 συνενεχθὲν
1136 1176 1395 1246 φέροντα,
1426 1177 1519 1230 καὶ
1560 1174 1751 1246 ὥσπερ
1807 1174 1946 1246 μετά
1979 1175 2074 1228 σοῦ
2104 1174 2205 1246 τὴν
2263 1176 2357 1230 τοῦ
2416 1175 2615 1247 ἐχθροῦ
2653 1175 2920 1231 δοκοῦσαν
2964 1176 3235 1247 ἐπήρειαν
3264 1167 3634 1247 διασύροντες.

363 1261 653 1334 Παράσχοι
694 1263 761 1340 δὲ,
784 1265 813 1318 ὁ
839 1265 996 1334 ἅγιος
1020 1267 1151 1331 Θεὸς
1190 1269 1285 1321 καὶ
1317 1267 1413 1321 νῦν
1444 1268 1544 1339 μὲν
1571 1268 1671 1339 τὴν
1707 1267 1969 1338 πονηρὰν
2013 1267 2181 1321 αὐτοῦ
2226 1269 2511 1339 ἐνέργειαν
2579 1267 3065 1339 καταισχυνθῆναι,
3123 1270 3218 1321 καὶ
3250 1270 3331 1332 εἰς
3361 1268 3422 1321 τὸ
3450 1268 3644 1320 ἔπειτα

360 1359 428 1429 τῇ
460 1356 590 1427 θείᾳ
624 1357 863 1427 δυνάμει·
885 1361 1347 1432 κατῃσχυμμὲνον
1385 1363 1476 1414 καὶ
1509 1360 1817 1433 θρηνοῦντα
1847 1362 1947 1432 τὴν
1982 1360 2120 1415 ἰδίαν
2183 1365 2513 1434 κατήφειαν,
2552 1363 2661 1417 ἀπὸ
2724 1363 2905 1435 πάσης
2941 1363 3043 1434 τῆς
3085 1363 3241 1435 ἡμῶν
3284 1361 3640 1433 ἀπεληλαμέ-

361 1470 453 1505 νον
481 1449 628 1506 εἷναι
660 1451 833 1523 ζωῆς.

507 1587 696 1642 PMB‘.
734 1587 1033 1658 Ἀντωνίῳ
1068 1592 1482 1662 μητροπολίτῃ
1520 1592 1816 1665 Σάρδεων.

455 1724 776 1793 ’Δλγοῦντες
822 1725 884 1780 οὐ
928 1726 1145 1797 μικρῶς
1202 1729 1297 1781 καὶ
1348 1729 1798 1801 σπαρασσόμενοι
1856 1733 1955 1804 τὴν

379 1817 558 1889 ψυχὴν
584 1819 668 1873 ἐπὶ
701 1821 825 1878 ταῖς
858 1819 1417 1890 καταλαμϐανούσαις
1445 1821 1521 1887 ὡς
1554 1825 1707 1893 ἡμᾶς
1741 1825 1957 1895 φήμαις

387 1912 518 1982 περὶ
580 1911 671 1979 τῆς
720 1911 881 1983 ὑμῶν
950 1912 1268 1985 ἁγιωσύνης
1329 1914 1775 1987 (κατελάμϐανον
1847 1918 1957 1988 γὰρ

381 2003 768 2076 ἁλλεπὰλληλοι
829 2005 1139 2076 μηνύουσαι
1191 2006 1447 2077 χαλεπῶς
1479 2009 1586 2063 ὑπὸ
1643 2010 1960 2083 ἀῤῥωστίας

374 2094 726 2166 συνέχεσθαι)
764 2109 778 2122 ·
815 2097 1113 2167 ἀλγοῦντες
1147 2099 1239 2155 οὖν
1270 2102 1369 2155 ἐπὶ
1417 2105 1632 2167 τούτοις
1679 2103 1822 2169 λίαν,
1853 2104 1958 2175 ηὐ-

367 2187 795 2259 χαριστήσαμεν
820 2189 899 2260 τῷ
933 2190 1054 2263 Θεῷ
1079 2194 1168 2247 διὰ
1205 2193 1301 2247 τοῦ
1339 2194 1526 2249 κοινοῦ
1568 2195 1728 2267 ἡμῶν
1760 2196 1955 2251 τέκνου

363 2276 464 2331 τοῦ
494 2278 667 2344 Σάϐα,
702 2282 797 2335 καὶ
829 2281 928 2354 τὴν
969 2284 1293 2357 ἀπαλλαγὴν
1319 2287 1414 2354 τῆς
1457 2288 1615 2343 νόσου
1649 2288 1959 2358 ἀναμαθόν-

364 2385 478 2434 τες,
512 2370 613 2422 καὶ
675 2370 737 2423 τὸ
770 2372 959 2444 χάριτι
1009 2374 1145 2428 Θεοῦ
1195 2378 1254 2428 ἐν
1306 2376 1469 2447 ὑγεία
1531 2395 1588 2431 σε
1638 2380 1977 2455 τελειοτάτη

361 2461 637 2517 διατελεῖν
666 2480 681 2493 θ
730 2465 797 2536 ἥν
849 2467 945 2519 καὶ
989 2466 1071 2520 ἔτι
1128 2471 1401 2541 παράσχοι
1438 2471 1467 2522 ὁ
1518 2471 1724 2538 ἀγειιθδῖς¹
1778 2473 1958 2546 ἀμιγῆ

363 2554 553 2625 πάσης
594 2555 848 2629 λυπηρᾶς
885 2559 1184 2626 διαθέσεως
1234 2566 1524 2631 προσεῖναι
1566 2568 1634 2637 τῇ
1669 2569 1736 2638 σῇ
1768 2568 1959 2639 ἀρχιε-

368 2650 616 2725 ρωσύνη,
654 2652 734 2720 εἰς
765 2651 961 2723 ὄφελος
1008 2654 1108 2726 μὲν
1138 2655 1248 2710 τῶν
1287 2658 1393 2712 ὑπὸ
1428 2661 1513 2715 σοὶ
1568 2661 1958 2733 ποιμαίνεσθαι

364 2741 670 2811 λαχόντων,
724 2746 802 2807 είς
863 2745 1206 2817 εὐφροσύνην
1255 2748 1313 2802 δὲ
1366 2750 1666 2822 ἡμετέραν,
1730 2753 1827 2807 καὶ
1879 2755 1958 2819 εἰς

368 2833 527 2888 θείαν
583 2834 765 2904 δόξαν,
805 2832 887 2902 οἷς
932 2839 1025 2893 διά
1078 2841 1187 2895 τῶν
1241 2842 1487 2907 εὐσεϐῶς
1540 2845 1636 2898 καὶ
1688 2844 1958 2917 θεοφιλῶς

368 2924 761 2981 πολιτεύεσθαι
793 2929 1201 3002 παιδευομένων
1228 2932 1318 2986 διὰ
1349 2933 1451 3003 τῆς
1487 2934 1642 3005 ὑμῶν
1676 2936 1959 3006 ὁσιότητος

359 3018 651 3085 δοξάξεται
703 3021 732 3074 ὁ
783 3021 938 3085 Θεός.
976 3024 1089 3078 Καὶ
1133 3025 1305 3080 ταῦτα
1359 3027 1462 3097 μὲν
1521 3027 1719 3093 οὕτως.
1752 3031 1851 3083 Ἓν
1898 3031 1957 3101 δὲ

2256 1591 2461 1647 CXLII.
2499 1594 2728 1649 Antonio
2762 1593 3017 1649 Sardium
3054 1597 3422 1665 melropolitw.

2140 1725 2296 1783 Iiaud
2331 1729 2522 1784 leviter
2549 1729 2829 1787 doluimus
2859 1739 2913 1786 et
2954 1731 3137 1787 anima
3167 1733 3390 1787 contriti
3424 1750 3640 1798 sumus,

2065 1820 2383 1876 rumoribus
2420 1821 2487 1874 de
2521 1821 2835 1877 valetudine
2866 1831 3044 1878 vestra
3079 1823 3282 1879 auditis
3312 1840 3326 1889 ;
3366 1825 3455 1879 alii
3495 1829 3640 1879 enim

2059 1926 2227 1982 super
2252 1913 2389 1967 alios
2435 1912 2820 1983 signiﬁcabant
2867 1921 2921 1969 te
2961 1914 3113 1984 gravi
3159 1915 3352 1969 morbo
3385 1915 3640 1979 detineri,

2058 2015 2114 2058 et
2162 2018 2265 2059 nos
2319 2018 2540 2058 summo
2607 2003 2798 2059 dolore
2845 2003 3173 2060 aliiciebant.
3209 2005 3427 2062 Gratias
3472 2007 3638 2079 igitur

2060 2092 2171 2147 Deo
2204 2093 2491 2149 retulimus
2527 2108 2626 2163 per
2649 2093 2824 2149 tilium
2860 2102 3115 2150 nostrum
3156 2096 3380 2160 Sabam,
3417 2112 3540 2152 cum
3590 2107 3642 2153 te

2061 2185 2253 2240 morbo
2304 2184 2595 2240 liberatum
2649 2199 2774 2241 esse
2831 2187 3243 2257 comperuimus
3302 2198 3356 2243 et
3417 2189 3638 2243 sanilati

2058 2274 2241 2330 divina
2301 2276 2589 2346 clementia
2649 2278 3000 2345 restitutum;
3056 2278 3242 2341 addat,
3302 2295 3642 2349 quaesumus.

2061 2381 2274 2423 summa
2304 2367 2610 2438 benignitas
2639 2377 2696 2421 ut
2723 2369 2848 2423 vita:
2874 2376 2980 2424 tuas
3014 2379 3219 2425 sancta:
3245 2370 3410 2438 huius
3434 2379 3644 2440 tempu-

2061 2459 2138 2513 ris
2171 2459 2556 2515 tribulationes
2586 2475 2694 2515 non
2725 2461 3135 2517 admisceantur
3164 2478 3178 2515 :
3213 2462 3263 2515 id
3311 2465 3457 2517 enim
3509 2480 3641 2517 con—

2059 2551 2213 2607 ducit
2233 2551 2299 2605 ad
2328 2551 2616 2607 utilitatem
2646 2567 2838 2607 eorum
2865 2567 3005 2624 quos
3034 2556 3249 2621 pascis,
3287 2556 3354 2609 ad
3382 2556 3644 2625 gaudium

2062 2654 2311 2699 nostrum
2367 2653 2423 2699 et
2471 2645 2538 2700 ad
2590 2644 2825 2715 gloriam
2868 2644 3003 2710 Dei;
3058 2660 3184 2700 cum
3254 2648 3399 2701 enim
3448 2648 3535 2717 pie
3596 2662 3650 2701 et

2061 2744 2247 2791 sancte
2276 2735 2491 2790 vivendi
2535 2736 2749 2805 regulas
2785 2737 3055 2792 docentur
3085 2738 3356 2799 homines,
3392 2753 3524 2794 sane
3555 2753 3650 2808 per

2062 2829 2420 2884 reverentiam
2476 2839 2712 2883 vestram
2755 2829 3157 2900 glorificabitur
3232 2830 3397 2886 Deus.
3457 2830 3642 2887 Unum

2062 2920 2362 2988 adjiciam:
2397 2921 2445 2975 si
2502 2920 2615 2974 ﬁeri
2668 2931 2868 2990 potest,
2925 2921 2979 2976 in
3014 2920 3320 2976 invisendis
3373 2922 3649 2982 nobisne

2066 3013 2281 3078 tardes;
2325 3014 2399 3068 ita
2442 3029 2544 3067 nos
2587 3014 2820 3068 invicem
2887 3012 3217 3079 videbimus,
3254 3013 3543 3083 prmsentia
3595 3025 3650 3068 et

362 3109 559 3165 λοιπὸν
600 3111 683 3166 ἔτι
722 3113 1026 3186 προσθήσω
1055 3132 1067 3144 '
1121 3117 1214 3187 Μὴ
1264 3116 1561 3192 βραδύνεις,
1606 3122 1656 3175 εί
1707 3121 1955 3188 δυνατὸν,

2061 3107 2479 3162 conversatione
2523 3106 2771 3177 gavisuri
2831 3114 2880 3160 et
2924 3106 3184 3161 miseram
3230 3105 3397 3160 vitam
3446 3103 3646 3161 censue

365 3202 509 3274 πρδς
558 3204 658 3276 τὴν
710 3207 1088 3269 ἑπανέλευσιν,
1126 3209 1269 3264 ὥστε
1317 3210 1554 3283 ὀφθῆναι
1591 3214 1745 3284 ἡμᾶς
1789 3216 1955 3287 ἀλλή-

364 3294 504 3361 λοις,
531 3298 628 3351 καί⁸
669 3298 980 3354 ἀπολαῦσαι
1015 3304 1110 3355 καὶ
1141 3305 1431 3367 συνουσίας
1460 3304 1556 3358 καὶ
1588 3305 1813 3375 ὁμιλίας
1848 3309 1958 3379 πρὸ

361 3386 464 3441 τοῦ
493 3388 597 3462 τὴν
641 3390 804 3460 ἡμῶν
846 3391 1200 3462 ταλαίπωρον
1230 3390 1377 3465 ζωὴν
1412 3394 1519 3447 ὑπὸ
1547 3395 1660 3447 τῶν
1699 3411 1956 3466 σννεχουο

363 3481 480 3535 σῶν
514 3480 755 3553 θλίψεών
789 3501 850 3539 τε
881 3483 978 3539 καὶ
1020 3482 1322 3542 κακώσεων
1349 3486 1756 3559 ἀπαγορεῦσαι.

359 3636 544 3693 I’MI".
593 3639 865 3708 Ἶγνατίῳ
889 3641 1199 3713 μαγίστρῳ
1236 3641 1579 3713 pqr-dcunt
1615 3641 1686 3696 ἐν
1724 3642 1805 3709 τῷ
1846 3660 1952 3713 με·

976 3711 1142 3782 τάλφ
1166 3711 1347 3783 ἀγρῷ.

431 3849 675 3914 Οἴδαμεν
719 3846 820 3918 τὴν
872 3845 1029 3917 ὑμῶν
1086 3847 1271 3902 ἔνθεον
1323 3846 1528 3920 ἀρετὴν
1569 3847 1667 3902 καί.
1719 3849 1788 3902 τὰ
1829 3849 1952 3903 θεῖα

352 3937 701 4009 φρονοῦσαν,
729 3940 826 3992 καὶ
850 3936 1158 4010 ἀνθρώπων
1188 3939 1530 4009 κακουργίαν
1576 3939 1948 4012 βδελυσσομέ-

350 4050 461 4102 νην
482 4049 499 4064 ·
534 4033 633 4086 καὶ
665 4031 753 4086 διὰ
779 4031 940 4086 τοῦτο
973 4028 1056 4097 οἷς
1084 4032 1332 4104 ἔγραψας
1376 4035 1504 4104 περὶ
1539 4033 1640 4104 τῆς
1667 4034 1761 4088 τοῦ
1790 4035 1952 4107 ἐξάρ-

352 4144 455 4196 χου
493 4123 904 4196 πλημμελείας,
929 4124 1092 4198 χάριν
1122 4123 1219 4197 τὴν
1237 4127 1516 4195 ,μεγίστην
1545 4125 1946 4197 ὁμολογοῦμεν.

354 4216 514 4286 Πλὴν
562 4214 709 4277 κατὰ
736 4214 1030 4284 πρόσωπον
1071 4215 1236 4269 αὑτὸν
1269 4215 1608 4287 ἐνεγκόντες,
1634 4219 1730 4270 καὶ
1760 4216 1951 4289 ὥσπερ

354 4305 790 4376 ἁναιδευόμενον
833 4308 1031 4371 ἰδόντες
1086 4306 1356 4380 (μεγάλης
1421 4309 1531 4379 γάρ
1586 4311 1949 4381 συνειδήσεως

351 4399 450 4454 τοῦ
530 4399 742 4452 οἰκείου
811 4398 1156 4471 πταίσματος
1223 4400 1322 4473 τὴν
1365 4400 1661 4471 ὁμολογίαν
1716 4402 1946 4473 δοῦναι),

2062 3197 2224 3253 laturi
2259 3197 2311 3250 in
2339 3198 2494 3253 malis
2518 3206 2572 3252 et
2591 3195 3037 3253 tribulationibus
3060 3211 3180 3266 qua:
3208 3196 3370 3253 nobis
3401 3196 3647 3266 undique

2060 3290 2414 3360 obstrepunt.

2058 3643 2288 3700 CXLIII.
2346 3644 2549 3715 Igmuio
2606 3643 2860 3723 magis-Iro
2916 3642 2989 3723 in.
3049 3655 3240 3723 "regno
3302 3654 3432 3708 agro
3491 3639 3650 3693 vitam

2560 3711 2907 3766 ηιοηοετίεαηι
2938 3711 3167 3764 obeunti.

2128 3851 2350 3908 Insitam
2382 3848 2540 3904 nobis
2571 3848 2826 3903 novimus
2842 3845 3099 3899 virtutem
3129 3843 3387 3897 eximiam
3427 3841 3648 3910 quaadi—

2056 3944 2180 3999 vina
2202 3941 2407 4011 cogitat
2436 3948 2493 3995 et
2518 3939 2815 3994 humanam
2848 3935 3112 3990 malitiam
3142 3933 3491 3989 abominetur
3514 3947 3530 3997 ;
3556 3929 3642 3984 id-

2055 4036 2201 4092 circo
2229 4048 2367 4103 quas
2398 4032 2464 4087 de
2495 4028 2741 4100 praesidis
2805 4027 3092 4083 erroribus
3122 4021 3391 4093 scripsisti
3415 4021 3648 4085 litteras,

2055 4141 2133 4182 eae
2160 4137 2369 4197 magnae
2383 4121 2527 4192 apud
2546 4136 2646 4176 nos
2670 4116 3019 4203 gratitudinis
3036 4130 3202 4170 causa
3224 4111 3650 4179 fuerunt.Quum

2055 4217 2290 4288 igiturin
2320 4216 2517 4272 faciem
2542 4214 2659 4284 ejus
2683 4211 3126 4283 pervenissemus
3149 4216 3206 4263 et
3235 4207 3413 4278 ipsum
3449 4207 3653 4273 imper-

2055 4310 2330 4367 turbatum
2362 4307 2844 4378 couspexissemus
2891 4302 3071 4372 (fortis
3119 4300 3266 4356 cnim
3295 4297 3652 4354 conscientiae

2055 4414 2139 4460 est
2157 4403 2434 4472 prOprium
2459 4399 2710 4463 conﬁteri
2734 4391 3387 4468 peccatum,decrevimus
3406 4390 3650 4444 animum

356 4493 664 4566 ἐκρίναμεν
719 4490 816 4546 καί
883 4492 965 4547 ἔτι
1029 4492 1410 4565 βεϐαιοτέραις
1468 4495 1783 4563 ἀποδείξεσι
1850 4497 1952 4568 τὴν

2060 4493 2182 4564 ejus
2237 4490 2573 4545 [iunioribus
2625 4487 3071 4545 confundendum
3123 4497 3244 4540 esse
3291 4481 3650 4553 argumentis,

362 4587 563 4641 ἑαυτοῦ
595 4585 875 4651 ἔνστασιν,
905 4586 988 4640 ὃτι
1014 4586 1183 4658 μηδὲν
1215 4585 1426 4641 σύνοιδε
1479 4587 1586 4641 τῶν
1618 4590 1750 4660 περὶ
1779 4587 1949 4643 αὐτοῦ

2059 4585 2194 4656 quod
2214 4583 2471 4654 nullaipsi
2492 4583 2832 4654 obiectorum
2851 4577 3183 4635 conscientia
3207 4572 3647 4631 remordebatnr.
3698 4624 3703 4633 ,

361 4677 703 4750 λεγομένων,
729 4677 1222 4751 καταισχυνθῇναι.
1280 4682 1381 4733 Διά
1410 4674 1567 4733 τοῦτο
1608 4682 1658 4733 εἰ
1702 4682 1794 4736 καὶ
1838 4683 1952 4745 τοῖς

2053 4677 2204 4732 llanc
2228 4675 2297 4731 ob
2315 4691 2551 4731 causam.
2569 4674 2676 4730 tuis
2702 4672 2938 4728 convicti
2959 4682 3152 4727 sumus
3176 4663 3505 4725 rationibus;
3526 4662 3650 4732 quis

372 4774 481 4833 σοῖς
517 4769 1076 4843 πεπληροφορήμεθα
1137 4770 1341 4840 λόγοις,
1417 4772 1535 4836 πῶς
1591 4772 1701 4845 γὰρ
1752 4773 1951 4829 οὐκᾶν

2059 4769 2196 4825 enim
2225 4769 2383 4824 tidem
2412 4784 2519 4822 non
2579 4765 2870 4820 habiturus
2904 4763 2975 4818 sit
2996 4758 3204 4816 homini
3226 4755 3321 4828 qui
3348 4755 3522 4827 gratia
3550 4753 3645 4808 Dei

371 4863 921 4936 πληροφορηθείημεν
950 4864 1145 4936 ἀνδρὸς
1172 4865 1309 4919 Θεοῦ
1328 4867 1512 4938 χάριτι
1547 4866 1641 4920 καὶ
1672 4869 1731 4922 ὲν
1753 4869 1820 4939 τῇ
1855 4885 1951 4921 κο-

2059 4869 2106 4917 et
2132 4861 2248 4918 suis
2279 4861 2573 4916 virtutibus
2602 4859 2670 4914 ad
2700 4870 2971 4928 supernos
3022 4850 3268 4908 ascendit
3296 4848 3555 4939 honores,
3585 4852 3645 4898 et

366 4959 534 5029 σμικῇ
562 4958 811 5030 διαγωγῇ
873 4956 1275 5031 διαπρέψαντος
1307 4959 1365 5011 ὲν
1387 4960 1454 5030 τῇ
1506 4957 1769 5014 ἀνωτάτω
1785 4961 1942 5031 τιμῇ,

356 5051 448 5103 καὶ
470 5052 533 5103 ὲν
556 5052 628 5121 τῇ
661 5048 771 5103 τῶν
825 5049 1079 5121 μοναχῶν
1112 5028 1364 5122 πολιτείᾳ
1391 5050 1698 5121 μαρτύριον
1732 5051 1943 5121 ἀποφε-

352 5138 595 5210 ρομένου
650 5139 752 5210 τῆς
789 5139 1100 5205 εὐλαϐείας,
1139 5141 1319 5195 ὁποῖον
1375 5139 1628 5212 προσῆκε
1683 5140 1821 5195 Θεοῦ
1856 5139 1950 5195 θε-

354 5231 643 5301 ράποντας
701 5231 1122 5303 ἀποφέρεσθαις
1195 5231 1343 5303 Πλὴν
1392 5228 1511 5286 ἀλλ’
1566 5230 1657 5286 ἵνα
1717 5232 1794 5303 μὴ
1823 5231 1949 5305 δόξῃ

350 5320 551 5391 ῶσπερ
612 5322 829 5395 ἔφημεν
882 5323 1197 5393 ἀντιλογίας
1247 5324 1327 5379 ἔτι
1382 5323 1684 5395 κεκτῆσθαι
1735 5323 1944 5397 χώραν,

353 5412 532 5468 τανῦν
560 5414 973 5486 ἀναϐαλώμεθα
1000 5416 1102 5488 τὴν
1126 5417 1255 5490 περὶ
1284 5416 1452 5472 αὐτοῦ
1479 5416 1777 5489 καταδίκην
1799 5419 1955 5489 ἐρευ-

352 5503 585 5569 νῶντιςο
604 5503 849 5577 (πάντως
882 5505 941 5559 δὲ
958 5506 1066 5559 ,οὐκ
1087 5506 1154 5560 ἂν
1184 5505 1324 5578 λάθῃ
1354 5504 1615 5578 πονηρία)
1638 5505 1736 5560 καὶ
1758 5504 1949 5571 ἐξετά-

355 5592 546 5661 ζοντες
573 5596 1034 5666 ἐπιμελέστερον,
1067 5599 1156 5653 ἵνα
1185 5597 1529 5669 πανταχόθεν
1558 5597 1702 5651 κατὰ
1724 5597 1946 5667 πρόσωο

2055 4953 2200 5011 inter
2228 4953 2527 5010 menachos
2560 4950 2689 5006 illud
2722 4948 2941 5022 pietatis
2987 4942 3359 5003 testimonium
3407 4938 3639 5000 obtinet,

2054 5062 2167 5117 quo
2213 5062 2401 5104 servos
2451 5044 2546 5101 Dei
2594 5043 2829 5116 gaudere
2877 5037 3171 5098 convenit?
3223 5034 3642 5096 Verumtamen,

2056 5139 2134 5194 uti
2160 5124 2273 5211 jam
2299 5138 2635 5203 diximus,ne
2659 5136 2726 5192 ad
2747 5129 3201 5191 contradictionis
3227 5126 3485 5200 regiones
3513 5121 3645 5177 ell'u-
3694 5174 3695 5177 η

2057 5232 2190 5303 aiat,
2237 5248 2351 5288 rem
2382 5230 2856 5303 procrastinantes
2886 5225 3152 5283 delictum
3182 5222 3304 5296 ejus
3336 5219 3519 5274 denuo
3555 5216 3639 5267 in-

2065 5322 2350 5393 quiremus
2378 5322 2607 5393 (malitia
2638 5337 2744 5376 non
2775 5333 2991 5389 seraper
3025 5315 3236 5386 latcbit)
3259 5354 3274 5379 ,
3309 5319 3365 5367 et
3399 5307 3637 5375 diligen-

2066 5414 2175 5470 tius
2250 5413 2625 5469 scrutabimur
2696 5420 2755 5468 ut
2806 5408 3029 5483 propria
3113 5407 3271 5476 culpa
3351 5396 3497 5455 omni
3576 5408 3655 5469 ex,

2061 5513 2215 5575 parte
2261 5504 2314 5560 in
2372 5504 2612 5561 medium
2671 5502 2908 5576 prolata,
2972 5500 3385 5558 damnationem
3419 5487 3641 5576 subeat,

2058 5574 2134 5665 et,
2182 5597 2310 5654 velit
2352 5596 2510 5663 nolit,
2562 5574 2689 5669 ipse
2727 5594 3012 5652 sententia:
3063 5590 3312 5647 videatur
3360 5574 3640 5639 assentiri.

356 5708 457 5747 πον
482 5693 633 5766 αὖτῷ
663 5695 770 5763 τῆς
798 5694 1010 5757 οἰκείας
1033 5693 1449 5766 παρισταμένης
1521 5691 1798 5764 ἁμαρτίας
1843 5691 2061 5764 δέξηται
2115 5697 2215 5765 τὴν
2274 5694 2640 5766 κατάκρισιν·
2685 5692 2820 5765 πρὸς
2855 5692 2925 5761 ἦν
2958 5686 3062 5743 κᾶν
3109 5683 3394 5756 βούληται.
3436 5674 3543 5731 κᾶν
3567 5668 3644 5743 μὴ

354 5790 639 5865 βούληται,
672 5792 773 5846 καὶ
809 5786 976 5850 αὐτὸς
1002 5786 1193 5862 ὀφθείη
1232 5786 1746 5859 συμψηφιζόμενος.
