4094 6490
408 344 513 414 371

652 459 884 518 cxuv.
917 432 1154 517 Nicolao.
1178 459 1561 530 Lougobardiw
1588 462 1738 516 duci.

483 575 703 632 Gratias
737 575 846 632 Deo
877 575 1111 647 egimus,
1165 576 1238 631 mi
1285 576 1385 641 fili,
1433 575 1582 646 quod
1611 592 1780 648 super
1811 577 2000 632 hostes

420 667 695 738 gloriandi
738 667 834 722 tibi
881 676 1126 737 potestas
1160 667 1232 723 sit
1278 667 1562 730 attributa,
1616 681 1794 736 eoque
1825 667 2002 736 magis

416 761 744 827 referimus,
789 762 936 832 quod
974 771 1162 817 nostra
1225 761 1457 817 humilis
1491 777 1620 832 spes
1679 777 1790 816 non
1848 761 2002 816 irrita

417 854 675 909 evaserit.
724 855 867 909 Ante
892 853 1178 921 praesentia
1207 855 1354 908 enim
1405 869 1573 922 opera
1601 869 1765 924 quam
1787 853 2004 924 egregia

420 945 603 1001 futura
630 955 811 1001 essent
839 954 929 1000 tua
960 944 1199 1000 facinora
1231 947 1584 1015 prazvidimus
1612 954 1666 1000 et
1700 955 1751 1000 te
1773 945 2003 999 invitum

422 1047 588 1109 atque
620 1039 979 1094 reluctantem
1008 1038 1074 1091 ad
1107 1038 1253 1092 illam
1280 1048 1410 1092 tunc
1439 1039 1698 1093 miseram
1732 1054 1876 1092 nunc
1903 1053 2008 1091 att--

423 1140 532 1185 tem
566 1130 738 1199 gratia
775 1130 863 1189 Dei
895 1129 1110 1184 felicem
1143 1130 1416 1199 regionem
1446 1130 1600 1184 abire
1626 1130 1911 1199 coegimus
1939 1127 2009 1182 il-

428 1223 521 1278 lud
552 1222 913 1283 intendentes,
949 1220 1052 1274 alia
1084 1220 1243 1276 edere
1267 1221 1545 1287 facinora;
1595 1222 1767 1276 hacin
1792 1236 1851 1274 re
1878 1236 2012 1273 nun-

424 1327 589 1382 quam
633 1311 897 1380 ancipites
926 1312 1210 1374 haesimus,
1259 1313 1354 1367 sed
1389 1312 1628 1365 firmiter
1662 1311 2012 1381 speravimus

430 1403 668 1457 honores
702 1412 754 1456 et
781 1417 1031 1468 munera,
1066 1418 1188 1471 qua:
1223 1402 1438 1458 sciebat
1467 1404 1633 1466 Dens,
1666 1413 1722 1457 et
1741 1400 2015 1472 cogitabat

428 1496 609 1549 anima
645 1510 761 1549 mea
790 1494 1035 1548 humilis.
1088 1493 1267 1560 Quum
1322 1505 1508 1549 autem
1564 1493 2014 1550 inserutabilibus

422 1586 646 1655 judiciis
676 1602 764 1642 res
807 1603 966 1642 secus
1011 1594 1241 1658 peractae
1271 1585 1403 1650 sint,
1460 1586 1592 1656 quid
1632 1584 1782 1641 aliud
1825 1584 2016 1640 confe-

431 1692 617 1733 remus
650 1692 813 1747 quam
866 1687 1086 1734 nostras
1141 1676 1484 1732 humillimas
1525 1676 1764 1746 preces?
1809 1676 2017 1745 Adpre-

1506 348 1816 409 NICOLAI
1859 350 1969 409 (ΖΡ.
2015 348 2532 409 ΡΑΤΒΙΑΙΚΕΗΛΕ

2018 466 2066 522 Δ

3579 337 3685 402 3ἷῖ

2225 459 2403 518 PMA'.
2438 460 2712 525 Νικολάῳ
2740 459 3055 529 στρατηγῷ
3090 456 3546 529 Λογγιϐαρδιας.

2174 574 2694 647 Εὐχαριστήσαντες
2750 573 2828 645 τῷ
2857 572 3000 643 Θεῷ.
3045 571 3243 646 τέκνον
3286 568 3470 642 ήμῶν,
3499 568 3594 622 ἐπὶ
3624 570 3691 640 τῇ

2104 667 2371 740 δεδομένῃ
2439 683 2523 720 σοι
2591 665 2736 720 κατά
2786 664 2899 718 τῶν
2942 663 3158 736 ἐχθρῶν
3208 664 3307 734 τῆς
3336 661 3494 731 δόξης
3524 659 3693 715 αὐτοῦ

2101 759 2357 828 δυνάμει,
2394 758 2559 812 πλέον
2593 757 3031 828 εὐχαριστοῦμεν
3079 756 3162 809 ὅτι
3196 754 3258 808 οὐ
3303 751 3694 824 κατῄσχύνθη-

2108 868 2208 905 σαν
2238 851 2296 905 αί
2326 851 2486 921 ήμῶν
2515 850 2625 904 τῶν
2681 848 2958 903 ταπεινῶν
3001 847 3241 911 ἐλπίδες.
3286 846 3399 900 Καὶ
3438 845 3549 915 γάρ
3600 842 3697 897 καὶ

2107 943 2216 1011 πρὸ
2245 942 2355 998 τῶν
2383 943 2478 996 νῦν
2512 942 2693 1011 ἔργων
2739 941 2929 1012 ῶσπερ
2989 941 3059 995 τὰ
3110 940 3178 993 σά
3238 936 3697 1009 προεθεωροῦμεν

2108 1034 2603 1104 ἀνδραγαθήματα,
2660 1034 2757 1087 καὶ
2806 1032 2896 1086 διὰ
2934 1031 3088 1085 τοῦτο
3144 1030 3240 1083 καὶ
3290 1027 3699 1096 ἐξεδιασάμεθα

2109 1126 2207 1180 καὶ
2262 1125 2470 1180 ἄκοντά
2521 1142 2580 1178 σε
2637 1126 2731 1179 καὶ
2785 1123 3132 1178 ἀνανεύοντα
3192 1121 3331 1193 πρὸς
3383 1119 3483 1191 τὴν
3516 1119 3701 1174 ἄθλιον

2112 1217 2307 1288 πρώην
2341 1216 2441 1287 μὲν
2470 1215 2652 1270 αὐτῶν
2672 1214 2884 1287 χώραν,
2917 1206 3012 1268 νῦν
3034 1214 3091 1267 δὲ
3130 1213 3315 1285 χάριτι
3346 1210 3483 1265 Θεοῦ
3517 1209 3702 1264 εὐδαί-

2124 1325 2263 1378 μονα
2289 1306 2717 1376 ἀπεστείλαμεν,
2766 1304 3164 1375 ἐνθυμούμενοι
3211 1303 3308 1357 καὶ
3338 1304 3496 1356 αὐτοὶ
3525 1301 3698 1355 ἀντα-

2119 1398 2414 1469 μείψασθαι
2444 1400 2514 1452 τὰ
2549 1397 2617 1450 σὰ
2642 1397 3136 1467 ἀνδραγαθήματα,
3183 1394 3219 1450 Et
3252 1395 3374 1465 οὐχὶ
3418 1393 3704 1457 διστάζον-

2117 1510 2230 1558 τες,
2257 1491 2395 1545 ἀλλὰ
2436 1495 2572 1563 μετὰ
2606 1490 2954 1562 βεδαιώσεως
2986 1491 3229 1560 εῖχομεν,
3254 1490 3350 1542 καὶ
3380 1491 3570 1556 τιμαῖς
3609 1486 3706 1540 καὶ

2117 1585 2349 1655 δωρεαῖς
2379 1585 2533 1647 ὅσαις
2563 1585 2590 1637 ό
2611 1583 2746 1649 Θεὸς
2779 1579 2889 1639 οἶδε
2944 1583 3039 1637 καὶ
3078 1583 3111 1654 ή
3136 1582 3245 1652 ἐμὴ
3275 1580 3510 1651 ταπεινὴ
3558 1579 3707 1651 ψυχὴ

2116 1676 2389 1739 διενοεῖτο.
2467 1677 2619 1729 Ἐπεί⁵
2676 1675 2736 1729 δὲ
2786 1675 3055 1746 κρίμασιν
3104 1672 3324 1743 ἀδήλοις
3387 1671 3708 1742 ἀπήντησεν

430 1784 622 1827 cantur
673 1769 839 1838 igitur
899 1780 958 1824 ut
1024 1770 1268 1824 divinum
1330 1768 1596 1822 auxilium
1649 1781 1929 1836 nunquam
1984 1781 2015 1819 a

2124 1769 2302 1829 ἄλλως
2332 1768 2402 1822 τὰ
2427 1768 2755 1839 πράγματα,
2788 1769 2894 1822 τίνι
2918 1768 3065 1838 ἄλλῳ
3098 1766 3131 1837 ἦ
3157 1769 3224 1838 τῇ
3260 1764 3712 1836 τεταπεινωμὲνῃ

432 1870 486 1915 te
549 1859 833 1924 discedat,
902 1869 963 1914 ut
1024 1860 1113 1914 illa
1181 1874 1458 1928 nunquam
1508 1858 1728 1913 deliciat
1775 1860 2016 1921 claritas,

433 1966 556 2022 qute
607 1958 778 2004 totam
835 1951 1079 2006 illustrat
1131 1953 1414 2006 hominum
1469 1951 1661 2016 vitam,
1718 1965 1915 2006 nomen
1967 1960 2021 2006 et

436 2062 610 2117 genus
634 2054 788 2102 tuum
827 2047 1055 2101 extollat
1103 2055 1315 2101 etcum
1369 2046 1459 2100 illa
1510 2055 1769 2100 aeternam
1803 2061 2022 2116 quoque

436 2148 492 2195 et
522 2139 990 2210 inextinguibilem
1016 2139 1266 2195 obtineas
1296 2138 1625 2194 claritatem.

436 2442 646 2500 CXLV.
690 2441 914 2503 Dilecto,
948 2442 1336 2510 spectatissimo
1368 2440 1640 2509 spirituali
1669 2440 1784 2510 ﬁlio
1814 2439 2021 2495 illustri

913 2514 1149 2581 principi
1182 2511 1505 2581 Amafpht'tc.

512 2627 769 2680 Amorem
795 2626 848 2679 iu
885 2640 984 2679 nos
1037 2635 1188 2678 tuum
1237 2623 1594 2695 singularem,
1626 2623 2023 2680 eﬂ‘usissitnnm

443 2719 498 2773 in
559 2717 878 2777 Ecclesiam,
928 2730 1046 2787 qua?
1105 2715 1266 2770 nobis
1322 2716 1533 2769 credita
1592 2724 1695 2780 est,
1747 2717 2023 2781 studium,

445 2820 502 2864 et
530 2818 688 2864 antea
742 2807 962 2878 quidem
1011 2806 1153 2861 fama
1212 2809 1326 2876 ipsa
1383 2816 1504 2862 tuas
1555 2807 1765 2861 litteras
1797 2822 2029 2876 praever-

2124 1860 2450 1930 δεξιούμεθα
2487 1860 2647 1931 ήμῶν
2687 1863 2863 1933 eam;
2915 1861 3011 1913 καὶ
3054 1856 3402 1930 ἔπευχόμεθά
3450 1875 3533 1911 σοι
3570 1857 3712 1926 μήτε

2120 1954 2221 2026 τὴν
2250 1953 2344 2008 τοῦ
2398 1954 2537 2007 Θεοῦ
2598 1955 2923 2025 συμμαχίαν
2978 1952 3281 2017 ἐπιλιπεῖν,
3333 1951 3475 2020 μήτε
3528 1951 3714 2004 πᾶσαν

2123 2049 2483 2120 φαιδρότητα,
2519 2050 2625 2118 ὅση
2648 2049 2752 2102 τὸν
2785 2047 3132 2120 ἀνθρώπινον
3163 2045 3279 2116 βίον
3305 2040 3416 2098 οἶδε
3471 2042 3704 2114 φαιδρύ-

2123 2158 2267 2210 νειν,
2298 2142 2359 2196 τὸ
2392 2142 2484 2196 σὸν
2509 2141 2683 2213 ὄνομα
2719 2141 2813 2195 καὶ
2846 2140 2908 2194 τὸ
2943 2140 3036 2194 σὺν
3061 2139 3218 2208 γένος
3239 2135 3587 2196 καταλιπεῖν,
3622 2135 3712 2187 καὶ

2123 2233 2220 2285 ἐπὶ
2250 2233 2467 2298 τούτοις
2492 2233 2589 2286 καὶ
2617 2235 2718 2304 τῆς
2757 2232 2978 2285 αἰωνίου
3016 2228 3384 2302 φαιδρότητος
3415 2227 3513 2281 καὶ
3559 2225 3719 2280 ἀσϐέ-

2125 2341 2257 2377 στου
2280 2327 2487 2395 τυχεῖν.

2126 2436 2308 2493 ΡΜΕ⁹.
2346 2438 2436 2503 Τῷ
2486 2439 2853 2509 ἠγαπημένῳ
2902 2436 3276 2509 περιϐλέπτῳ
3323 2432 3711 2509 δτι-ευματικῷ

2223 2509 2413 2578 τέκνῳ
2444 2506 2937 2576 τῷ-ὲνδὸξοτὰτφ
2961 2508 3210 2577 ἄρχοντι
3251 2506 3584 2576 Ἀμάὶφης.

2199 2623 2305 2677 Τὸν
2329 2623 2465 2693 πρὸς
2488 2624 2635 2695 ἡμᾶς
2663 2622 2845 2677 ἔνθεον
2890 2622 3071 2694 ἔρωτα
3120 2622 3223 2693 τῆς
3254 2620 3362 2690 σῆς
3410 2617 3721 2689 εὐγενείας,

2129 2717 2226 2781 καὶ
2255 2718 2355 2788 τὴν
2405 2716 2550 2785 ὑπὲρ
2601 2716 2702 2787 τῆς
2765 2713 3303 2782 καταπιστευθείσης
3342 2715 3478 2782 ἡμῖν
3522 2714 3574 2765 εἰ
3629 2711 3733 2764 καὶ

2129 2809 2372 2878 ἀναξίοις
2405 2809 2512 2864 ὑπὸ
2536 2809 2677 2864 Θεοῦ
2725 2807 3065 2878 Ἐκκλησίας
3116 2806 3421 2862 σπουδαίαν
3454 2803 3733 2875 προαίρε-

447 2911 571 2954 tens
618 2899 915 2959 nuntiarat,
961 2906 1016 2951 et
1051 2912 1195 2951 mute
1248 2912 1328 2951 ea:
1375 2896 1506 2965 ipsa:
1550 2896 1927 2952 amantissime
1958 2896 2021 2952 ad

2133 2920 2241 2966 σιν,
2276 2903 2371 2957 καὶ
2399 2903 2529 2972 πρὶν
2557 2902 2656 2972 μὲν
2710 2901 3146 2971 προανήγγειλεν
3183 2901 3217 2973 ή
3272 2901 3430 2970 φήμη
3473 2897 3735 2968 προφθά-

449 3008 550 3048 nos
602 2990 919 3062 perscripta:
968 2991 1294 3043 retulerunt.
1340 2989 1645 3044 Plurimum
1703 2990 1873 3058 igitur
1933 2989 2021 3043 tibi

2135 3011 2297 3061 σασα,
2314 2992 2411 3047 νῦν
2439 2992 2496 3047 δὲ
2525 2993 2856 3064 τελεώτερον
2882 2992 3338 3063 ἀνεδιδάχθημεν.
3372 2989 3486 3043 Καὶ
3508 2986 3732 3059 πρῶτον

451 3086 556 3138 hoc
582 3083 803 3138 nomine
830 3083 1114 3145 debemus,
1147 3081 1383 3136 solutnri
1420 3097 1697 3151 nunquam
1727 3082 1834 3137 nisi
1863 3083 2021 3141 votis.

2138 3088 2239 3158 μὲν
2299 3086 2670 3159 ἐπηυξάμεθα
2719 3088 2850 3159 ύμῖν
2902 3088 3056 3158 παρὰ
3119 3085 3216 3140 τοῦ
3279 3083 3622 3147 κενώσαντος
3662 3083 3733 3136 τὸ

449 3176 652 3247 quibus
697 3175 877 3228 fausta
931 3173 1028 3227 tibi
1082 3173 1269 3227 omnia
1303 3187 1590 3243 precamur
1636 3188 1667 3227 a
1719 3171 1853 3227 Deo.
1894 3171 2021 3227 Nam

2138 3158 2535 3252 πανάχραντον
2577 3174 2718 3250 αἷμα
2762 3158 2918 3251 ὐπὲρ
2968 3180 3072 3249 τῆς
3159 3159 3498 3248 Ἐκκλησίας
3555 3174 3730 3230 αὐτοῦ

449 3267 718 3338 quidquid
770 3278 973 3321 nostrae
1018 3265 1277 3336 evigilare
1338 3281 1505 3331 curm,
1557 3272 1653 3319 aut
1704 3265 1837 3320 eniti
1890 3268 2021 3320 vires

2133 3271 2372 3343 Χριστοῦ
2400 3271 2497 3325 τοῦ
2524 3271 2660 3326 Θεοῦ
2693 3273 2851 3344 ήμῶν
2881 3273 3229 3345 ἀντιδοθῆναι
3284 3273 3427 3342 ὑπὲρ
3489 3271 3588 3342 τῆς
3615 3288 3734 3325 τοι-

452 3374 693 3429 unquam
746 3369 1045 3429 poterunt;
1076 3367 1130 3412 et
1174 3358 1529 3427 perexiguum
1589 3372 1723 3412 sane
1772 3367 1879 3422 est,
1935 3357 2030 3411 tibi

451 3463 612 3510 antea
643 3455 712 3508 ob
742 3452 1002 3523 praaclara
1038 3461 1127 3507 tua
1160 3452 1212 3506 in
1247 3466 1347 3507 nos
1380 3452 1642 3518 beneficia
1676 3451 2032 3506 obstrictum.

452 3545 737 3618 Negotium
772 3556 926 3601 tuum
962 3546 1030 3600 de
1078 3545 1456 3615 redemptione.
1482 3546 1824 3614 captivorum
1857 3544 2032 3613 expli-

454 3640 668 3695 cuimus
695 3639 875 3710 aliqua
896 3655 960 3693 ex
992 3648 1147 3708 parte
1181 3655 1196 3691 :
1233 3647 1405 3693 totum
1437 3637 1658 3704 confici,
1689 3653 1813 3707 qua:
1846 3653 2029 3691 rerum

453 3747 519 3787 ac
556 3740 861 3800 temporum
918 3729 1206 3794 diliicultas
1259 3735 1369 3793 est,
1431 3727 1575 3781 haud
1632 3742 1766 3782 sane
1829 3727 2029 3796 potuit.

453 3824 665 3888 Aderit,
704 3834 763 3878 ut
807 3838 1117 3893 speramus,
1164 3821 1314 3875 brevi
1354 3836 1550 3875 manus
1600 3820 1837 3887 Domini,
1873 3828 2040 3890 egre-

455 3918 572 3989 gios
607 3918 742 3972 istos
774 3925 1010 3971 conatus
1050 3924 1176 3970 tuos
1223 3922 1543 3982 promotura
1592 3930 1606 3967 :
1648 3929 1815 3984 quam
1861 3927 2039 3983 neque

455 4012 702 4075 Agarena
754 4006 1090 4067 immanitas,
1136 4020 1237 4058 nec
1283 4005 1389 4058 ulla
1442 4004 1672 4057 omnino
1706 4004 1790 4059 vis
1845 4011 2037 4059 contra

457 4098 557 4152 uiti
597 4105 798 4168 potest.
855 4096 937 4151 Tu
968 4100 1154 4162 modo,
1185 4096 1329 4166 quod
1362 4096 1515 4157 facis,
1556 4097 1747 4152 sedulo
1785 4096 2040 4153 incumbe

454 4190 632 4261 operi,
658 4203 711 4244 et
732 4192 783 4245 in
820 4191 874 4245 id
909 4190 1100 4244 libram
1130 4191 1248 4244 auri
1274 4190 1540 4258 expende,
1568 4206 1735 4260 quam
1762 4192 1858 4246 tlbi
1915 4193 2043 4246 mit-

2135 3364 2311 3435 αύτης
2346 3363 2561 3435 ἀγαθῆς
2591 3381 2686 3418 σου
2712 3366 3089 3433 προαιρέσεως
3121 3364 3219 3437 τὴν
3255 3364 3409 3435 παρά
3448 3365 3550 3437 τῆς
3586 3358 3731 3433 ἀγα-

2135 3455 2361 3527 θότητος
2388 3456 2554 3511 αὐτοῦ
2581 3458 2639 3511 ὲν
2680 3459 2847 3512 παντὶ
2890 3458 3072 3530 καιρῷ
3118 3457 3476 3512 ἓιατευόδοσιν
3520 3456 3581 3509 ἐν
3610 3458 3732 3519 τοῖς

2138 3548 2429 3621 ὑμετέροις
2464 3550 2783 3622 πράγμασι,
2844 3553 2938 3605 καὶ
2978 3552 3055 3623 μὴ
3108 3551 3388 3605 ἐπιλιπεῖν
3435 3549 3581 3620 ὑμᾶς
3624 3548 3733 3619 τὴν

2140 3642 2351 3696 ἄνωθεν
2391 3643 2555 3716 χάριν
2591 3643 3076 3715 συγκατορθοῦσαν
3110 3645 3182 3699 τά
3231 3644 3582 3715 συμφέροντα
3634 3645 3732 3697 καὶ

2141 3735 2581 3804 σπουδαζόμενα.
2606 3737 2876 3809 Δεύτερον
2914 3737 2971 3790 δὲ
2995 3738 3091 3791 καὶ
3133 3738 3294 3807 ἡμεῖς
3327 3737 3381 3790 εί
3411 3753 3465 3789 τι
3492 3733 3726 3788 δυνατὸν

2141 3824 2273 3894 παρ’
2305 3824 2518 3878 ἑαυτῶν
2546 3828 2927 3902 συμπράττειν
2951 3829 3010 3881 ἑν
3052 3829 3171 3890 ταῖς
3217 3827 3428 3898 χρείαις
3455 3826 3567 3879 τῶν
3604 3825 3730 3895 ὑμεσ

2141 3916 2319 3986 τέρων
2371 3918 2740 3989 πραγμάτων,
2800 3920 2876 3984 ὡς
2952 3917 3100 3974 ἐστιν
3169 3919 3523 3990 ὀφειλόμενον
3589 3917 3735 3988 ὑπὲρ

2144 4009 2381 4063 τέκνων’
2429 4011 2763 4067 εὐνοούντων
2829 4014 3073 4085 πατράσι
3143 4010 3609 4083 συναγωνίζεσθαι
3669 4014 3735 4065 οὐ

2145 4098 2518 4170 διαλείψομεν,
2558 4100 2652 4154 τὸν
2679 4100 2866 4170 ἀγῶνα
2902 4101 3238 4164 δεικνύντες.
3294 4099 3393 4153 Διά
3425 4098 3585 4152 τοῦτο
3637 4098 3741 4151 καὶ

2146 4191 2205 4243 ὲν
2233 4190 2312 4261 τῷ
2348 4191 2602 4262 παρόντι,
2646 4195 2694 4246 εἰ
2725 4194 2822 4246 καὶ
2859 4192 2935 4265 μὴ
2993 4193 3292 4268 ὀλόκληρον
3353 4193 3529 4263 πέρας
3572 4193 3605 4263 ἡ
3643 4191 3739 4244 αῖ-

459 4284 650 4338 timus.
688 4283 1034 4337 Divinatione
1086 4283 1321 4352 quadam
1351 4282 1607 4353 praesagit
1647 4284 1864 4338 animus
1892 4285 2019 4338 brcv

2146 4299 2305 4353 τησις
2374 4285 2531 4354 ὑμῶν
2578 4284 2743 4339 ἔλαϐε
2807 4288 2938 4359 περὶ
2992 4287 3104 4342 τῶν
3155 4286 3544 4358 αἰχμαλώτων,
3604 4283 3711 4337 ἀλλ

459 4375 581 4429 fore
613 4383 671 4427 ut
706 4374 853 4428 Deus
888 4375 1046 4428 nobis
1097 4374 1335 4443 praebeat
1384 4374 1758 4443 occasionem,
1793 4376 2021 4431 liberati:

2148 4377 2299 4447 ὅμως
2355 4376 2445 4445 ἐφ’
2492 4378 2618 4431 ὅσον
2692 4379 2945 4434 ἐπείθετο
2994 4379 3065 4434 τὰ
3117 4382 3449 4451 πράγματα,
3496 4377 3743 4447 σπουδὴν

462 4466 751 4529 fratribus,
792 4482 1043 4522 summas
1094 4467 1143 4521 ei
1198 4468 1403 4536 gratias
1436 4467 1654 4534 agendi.
1707 4468 2021 4522 lneolumen

2151 4469 2534 4539 ἐποιησάμεθα
2572 4471 2703 4543 περὶ
2733 4472 2833 4542 τῆς
2857 4472 3016 4547 ὑμῶν
3068 4471 3403 4545 ἐξαιτήσεως
3432 4473 3527 4526 καὶ
3575 4472 3745 4540 θερα-

459 4565 518 4612 te
544 4557 818 4622 Christus,
868 4567 1103 4628 tuostgue
1152 4574 1348 4619 omnes
1393 4569 1597 4625 servet,
1633 4559 2021 4630 illaasumquet

2152 4561 2313 4625 πείας
2338 4578 2353 4593 ο
2403 4565 2499 4618 καὶ
2535 4542 2785 4635 γέγονεν,
2821 4569 2870 4621 εἰ
2899 4542 3008 4621 καὶ
3058 4569 3136 4639 μὴ
3168 4542 3381 4622 τὸνπᾶν
3435 4564 3562 4637 μηδ’
3610 4564 3742 4618 ὅσον

464 4648 661 4703 visibili
691 4660 745 4706 et
773 4649 1035 4706 invisibili
1062 4652 1240 4706 hoste.

2151 4654 2518 4726 ὴδουλόμεθα,
2555 4657 2670 4714 ἀλλ’
2692 4659 2818 4713 ὅσον
2843 4661 2979 4724 τέως
3005 4663 3072 4732 τῇ
3119 4661 3281 4731 φύσει
3326 4661 3436 4714 τῶν
3465 4657 3739 4731 πραγμά-

461 4757 570 4797 των
602 4744 723 4808 ταῖς
775 4742 1078 4815 ἡμετέραις
1135 4743 1354 4814 βουλαῖς
1408 4762 1469 4799 τε
1515 4744 1612 4799 καὶ
1683 4745 2038 4815 εἰσηγήσεσιν
2107 4743 2394 4815 ἐξεγένετο
2456 4750 2767 4825 πεισθῆναι.
2807 4751 3242 4824 Ἀπεστείλαμιν
3291 4752 3347 4806 δὲ
3415 4752 3512 4806 καὶ
3574 4752 3742 4821 ἡμεῖς

464 4838 544 4900 εἰς
560 4838 863 4911 ἀνάρρυσιν
877 4837 987 4893 τῶν
1014 4838 1378 4926 αἰχμαλώτων
1400 4842 1626 4913 χρυσίου
1660 4841 1864 4912 λύτραν
1915 4841 2070 4911 μίαν,
2130 4842 2493 4926 ἐπευχόμενοι
2525 4845 2626 4915 τὴν
2652 4847 2834 4908 αὐτῶν
2890 4850 3210 4919 ἐλευθερίαν
3249 4847 3406 4922 παρά
3425 4849 3527 4920 τῆς
3553 4850 3739 4904 πάντα

463 4933 769 5005 δυναμένης
793 4934 947 4997 θείας
970 4923 1177 5007 χειρὸς,
1216 4937 1284 5007 ἢν
1318 4932 1435 4991 οῖδα
1462 4939 1558 4991 καὶ
1596 4939 1905 5007 πέπεισμαι
1929 4937 2012 4991 ὅτι
2048 4922 2530 5011 συνεπικουρήσει,
2568 4943 2662 4997 καὶ
2702 4945 2802 5013 τῆς
2823 4946 2986 4999 ἀθέου
3018 4946 3128 5000 τῶν
3162 4944 3485 5016 ’Δγαρηνῶν
3532 4961 3741 5013 τυραν-

464 5027 607 5090 νίδος
641 5028 770 5089 τοὺς
799 5026 1057 5097 δεσμίους
1111 5029 1580 5102 ἀπολυτρώσεται,
1607 5030 1704 5083 καὶ
1742 5029 1926 5100 κοινῆξ
1955 5031 2310 5103 εὐχαριστίας
2343 5033 2606 5089 ὑπόθεσιν
2636 5035 2879 5107 παρέξειο
2898 5038 2981 5092 σοί
3019 5055 3080 5091 τε
3112 5040 3206 5092 καὶ
3230 5039 3363 5109 ήμῖν
3402 5037 3497 5090 ἐπὶ
3519 5040 3588 5108 τῇ
3625 5034 3739 5089 τῶν

466 5119 828 5192 αἰχμαλώτων
868 5121 1311 5177 ἀποκαταστάσει
1344 5122 1481 5192 πρὸς
1506 5122 1576 5174 τὰ
1616 5124 1812 5188 οἰκεῖα,
1841 5125 2319 5197 εὐχαριστοῦντων
2351 5128 2447 5182 καὶ
2473 5127 2809 5195 δοξαζόντων
2834 5131 2994 5202 ήμῶν
3016 5132 3110 5184 τὸν
3139 5131 3373 5202 Σωτῆρα
3400 5130 3495 5185 καὶ
3521 5130 3747 5184 ἐλευθεο

469 5222 668 5291 ρωτήν,
697 5220 793 5273 καὶ
812 5219 915 5281 οὐκ
934 5217 1088 5273 ὲάσει
1113 5218 1209 5273 ἐπὶ
1238 5217 1374 5272 πολὺ
1404 5220 1470 5289 τῇ
1493 5218 1603 5272 τῶν
1628 5218 1844 5272 ἀσεϐῶν
1873 5221 2156 5290 τυραννίδι
2178 5220 2580 5294 κακουχεῖσθαι
2608 5224 2703 5277 καὶ
2728 5224 3209 5297 ταλαιπωρεῖσθαι
3230 5225 3356 5289 τοὺς
3376 5223 3455 5295 τῷ
3488 5221 3747 5291 παναγίῳ

467 5312 662 5384 αῖματι
687 5314 1186 5385 σεσημειωμένους,
1221 5313 1343 5367 οὐδὲ
1374 5312 1473 5383 τῆς
1538 5312 1681 5383 μετά
1734 5313 1847 5367 τῶν
1893 5315 2176 5384 συγγενῶν
2227 5318 2318 5372 καὶ
2344 5316 2516 5387 φίλων
2563 5317 2712 5388 ζωῆς
2770 5336 2830 5373 τε
2862 5320 2956 5374 καὶ
3029 5317 3413 5388 συνδιαγωγῆς
3469 5314 3748 5388 μακρύνε’

469 5404 619 5463 σθαι.
665 5404 1022 5478 Ἐῥρωμένον
1045 5422 1105 5459 σε
1131 5405 1450 5474 διαφυλάξοι
1477 5406 1506 5458 ὁ
1550 5403 1757 5477 Κύριος
1805 5408 1863 5459 ὲν
1893 5410 2061 5462 πᾶσιν
2127 5410 2353 5473 εὐοδῶν,
2391 5410 2569 5464 πάντα
2604 5411 2675 5464 τὰ
2744 5411 2888 5466 καλά
2938 5412 3049 5469 καὶ.
3085 5412 3442 5483 συμφέροντα
3500 5423 3748 5477 συγκατ-

464 5502 646 5575 ορθῶν
684 5502 780 5558 καὶ
824 5501 1119 5574 διατηρῶν,
1154 5503 1217 5557 σέ
1237 5516 1302 5557 τε
1338 5503 1434 5565 καὶ
1482 5503 1576 5558 τδν
1631 5504 1739 5558 ὑπὸ
1756 5505 1916 5577 χεῖρα
1944 5504 2075 5561 λαὸν
2133 5507 2196 5560 ἐκ
2241 5508 2425 5579 πάσης
2487 5510 2777 5581 όρωμένης
2838 5526 2891 5562 τε
2942 5509 3038 5563 καὶ
3088 5508 3327 5580 ἀοράτου
3380 5506 3492 5559 τῶν
3553 5502 3746 5558 κακῶν

467 5617 625 5663 συνογ
633 5617 718 5668 ης.

747 5690 974 5747 CXLVI.
1015 5692 1360 5750 Constantino
1393 5694 1782 5761 protaucretis.

2334 5691 2429 5745 PM
2440 5688 2528 5757 ς’.
2569 5691 3002 5753 Κωνσταντίνῳ
3030 5688 3533 5757 πρωτασηκρήτῃ.

486 5849 504 5881 Γ,
526 5802 617 5875 Μ
656 5804 955 5872 hominem,
991 5808 1082 5876 qui
1115 5808 1168 5863 in
1201 5809 1491 5864 verborum
1523 5807 1871 5879 simplicitate
1899 5823 2021 5863 acer

2237 5804 2410 5860 Ἀπλᾶ
2470 5804 2666 5873 γράφω
2724 5804 2855 5875 τῖρδς
2912 5803 3203 5876 ἄνθρωπον
3263 5803 3497 5859 συνιδεῖν
3553 5801 3646 5859 καὶ
3677 5802 3734 5856 tv
