4094 6438
403 290 511 357 373
1882 293 2295 393 ΕΡΙὸΤίξΙηΕ.
3566 284 3677 356 3η

405 402 646 476 ἰδιωτείᾳ
694 406 881 476 λόγων
944 410 1124 482 ψυχῆς
1186 411 1415 482 ἄλγημα
1470 412 1731 482 σφοδρόν.
1793 409 1992 477 Ἀκοῆν

2055 406 2229 467 thum
2262 406 2430 462 animi
2471 408 2714 463 dolorem
2767 411 3049 480 perspicit,
3095 413 3421 483 SltltpliCilel‘
3466 409 3672 468 scribo.

401 498 726 569 ἠκούσαμεν
768 501 915 569 μετὰ
934 502 1039 572 τὴν
1071 502 1167 558 τοῦ
1196 503 1462 575 βασιλέως
1491 505 1552 572 ἐξ
1583 503 1742 576 ἡμῶν
1773 500 1992 572 ἀναχώ-

2102 498 2289 554 Fando
2318 500 2650 570 audivi,post
2679 494 2825 573 regis
2856 518 2889 558 a
2918 502 3075 560 nobis
3109 505 3436 569 discessum,
3469 504 3674 561 archie-

404 606 587 661 ρησιν,
620 590 697 654 ὡς
723 593 1172 663 ἁρχιεπίσκοπον
1207 596 1362 666 παρὰ
1391 596 1492 666 τῆς
1540 596 1704 667 ἡμῶν
1745 612 1993 666 χειροτο-

2096 591 2379 661 piscopum
2411 592 2482 648 ab
2514 594 2820 650 humilitate
2846 604 3035 651 nostra
3068 597 3384 651 ordinatum
3444 594 3672 665 (Neapo-

400 680 635 751 νηθέντα
662 684 1064 756 ταπεινότητος
1095 679 1272 758 (οὗτος
1300 688 1359 741 δέ
1381 690 1531 741 ἐστιν
1560 682 1588 743 ὁ
1612 687 1991 755 Νεαπόλεως),

2099 682 2326 736 titanum
2357 683 2504 755 dico)
2538 700 2570 739 a
2600 685 2756 741 vobis
2782 687 3074 758 expulsum
3107 684 3277 742 fuisse
3305 699 3357 741 et
3391 688 3561 742 alium
3606 686 3674 737 ah

398 771 718 837 ὲκδιὼκετε,
755 775 854 829 καὶ
905 780 1154 848 πέμπετε
1207 779 1369 835 ἄλλον
1411 780 1471 834 δν
1522 781 1830 853 ὲσφράγισε
1895 781 1993 835 καὶ

2098 771 2218 841 ipso
2242 773 2516 847 signatum
2566 788 2623 832 et
2666 779 2856 835 eodem
2915 781 3143 836 missum
3185 795 3339 849 mque
3384 778 3671 833 excidisse.

397 862 797 929 ἐξαπέστειλεν
825 869 964 930 ἐκεῖ,
994 872 1022 922 ὁ
1044 872 1140 924 καὶ
1171 873 1253 934 είς
1276 871 1379 942 τὴν
1419 874 1707 944 ἡμετέραν
1752 873 1865 927 τῶν
1894 889 1994 928 τα-

2098 866 2242 920 ldem
2275 869 2341 922 ad
2379 882 2477 924 nos
2533 870 2770 925 humiles
2815 872 3061 942 confugit
3109 871 3355 927 omnium
3407 871 3674 925 maximos

399 972 470 1007 πε
481 955 639 1017 ινῶν,
691 959 789 1013 καὶ
838 961 1061 1016 πάντων
1118 962 1218 1016 ἀνθ
1227 962 1427 1033 ρώπων
1494 964 1992 1036 ἁμαρτωλοτέρων,

2098 968 2415 1028 peccatores
2453 982 2467 1017 :
2499 973 2763 1032 attamen,
2802 965 3005 1035 quibus
3049 965 3167 1035 ipse
3198 963 3482 1021 resciverit
3515 961 3672 1017 Chri-

395 1045 551 1111 ὅμως
608 1046 669 1101 δὲ
720 1047 858 1112 οῖοις
906 1047 1021 1104 οἶδε
1069 1050 1408 1122 κρίμασιντό
1436 1055 1793 1124 συναρμόσας
1843 1054 1996 1124 ἡμᾶς

2097 1062 2215 1106 stus
2243 1054 2465 1123 judiciis
2510 1071 2564 1111 et
2604 1073 2633 1111 a
2661 1057 2816 1112 vobis
2864 1058 3005 1114 haud
3041 1057 3241 1128 ignotis
3274 1073 3396 1113 cum
3431 1054 3674 1110 Ecclesia

397 1135 574 1209 ταύτῃ
618 1139 858 1206 Χριστός
888 1159 1016 1212 μου,
1039 1142 1225 1208 καθὼς
1256 1144 1413 1198 αὐτοὶ
1441 1145 1762 1211 ἐπίστασθε,
1795 1148 1994 1217 εἰσπη-

2100 1149 2193 1203 illa
2253 1166 2354 1206 nos
2386 1153 2673 1224 conjunxit
2707 1165 2761 1211 et
2820 1157 3189 1223 gubernacula
3222 1154 3437 1211 tribuit.
3485 1153 3676 1210 Videte

392 1230 592 1301 δήσας.
626 1232 869 1287 Βλέπετε
894 1235 949 1289 τί
977 1239 1205 1293 ποιεῖτε.
1232 1239 1397 1312 Ὁρᾷς
1423 1240 1543 1304 πῶς
1575 1239 1725 1296 ἁπλᾶ
1752 1242 1953 1312 γράφω
1978 1260 1992 1275 ’

2100 1242 2236 1311 quid
2260 1241 2514 1300 faciatis!
2549 1245 2633 1301 Me
2660 1247 2988 1319 simpliciter
3014 1248 3341 1304 scribentem
3372 1247 3673 1318 perspicis:

395 1326 578 1390 ᾶθῶὁς
601 1329 724 1397 ειμι
774 1328 1118 1399 τῆςαίωνίου
1183 1333 1485 1405 καταδίκης
1538 1334 1724 1404 ὑμῶν’
1784 1336 1994 1404 αἰωνίῳ

2098 1342 2322 1389 aeternae
2394 1337 2772 1395 damnationis
2873 1349 3070 1395 vestrae
3154 1355 3276 1395 sum
3374 1341 3676 1404 innocens;

396 1419 507 1490 γαρ
551 1420 936 1491 κατακρίματι
980 1424 1074 1477 τὸν
1120 1423 1279 1479 τοῦτο
1328 1425 1593 1480 ποιοῦντα
1634 1427 1915 1491 ὑποϐαλῶ,
1944 1429 1993 1480 εί

2096 1436 2302 1482 aeterno
2380 1437 2562 1485 tamen
2636 1432 2848 1503 judicio
2902 1433 3054 1488 illum
3109 1432 3344 1503 subjicio
3414 1441 3675 1501 tanquam

397 1514 495 1565 aui
529 1512 866 1583 ἁμαρτωλός
896 1515 1037 1586 εἰμι,
1072 1518 1369 1589 ἀρχιερεὺς
1397 1519 1473 1574 ὢν
1496 1521 1600 1591 τῆς
1631 1520 1725 1574 τοῦ
1749 1520 1991 1591 Χριστοῦ

2097 1532 2273 1574 reum.
2310 1518 2460 1578 Licet
2492 1524 2637 1578 enim
2682 1534 2939 1595 peccator
2971 1526 3101 1592 sim,
3130 1525 3493 1581 nihilominus
3535 1539 3675 1595 pon-

408 1604 750 1676 Ἐκκλησίας
816 1607 915 1660 καὶ
980 1612 1377 1682 συναρμοσθεὶς
1439 1613 1578 1685 αὐτῇ
1639 1612 1702 1666 ού
1740 1607 1878 1687 βίᾳ,
1926 1614 1989 1666 οὐ

2099 1607 2229 1664 tifex
2266 1611 2521 1668 Ecclesiae
2558 1612 2760 1670 Christi
2805 1616 3021 1682 incedo,
3055 1626 3109 1672 et
3140 1631 3268 1672 eum
3324 1616 3417 1670 illa
3450 1630 3561 1668 non
3602 1614 3678 1680 vi,

402 1695 768 1767 περιδρομαῖς
816 1698 1002 1769 ἐμαῖς,
1063 1702 1124 1756 οὐ
1178 1704 1383 1777 σπουδῇ
1449 1704 1788 1779 ἀνθρωπίνῃ,
1856 1705 1993 1759 ἀλλὰ

2100 1714 2211 1753 non
2243 1701 2568 1762 circuitibus
2618 1708 2778 1775 meis,
2828 1716 2938 1765 nun
2994 1710 3280 1765 hominum
3320 1708 3520 1764 studiis
3550 1723 3682 1763 cou-

408 1786 594 1854 λόγοις
616 1784 693 1852 οἷς
725 1785 871 1843 οῖδεν
897 1791 927 1843 ό
956 1791 1017 1845 τὸ
1050 1792 1207 1862 ἅγιον
1238 1790 1381 1866 αἷμα
1430 1795 1574 1866 ὑπὲρ
1605 1799 1777 1868 αὐτῆς
1807 1798 1979 1854 κενώ-
2019 1803 2025 1857 l

2087 1788 2321 1859 junctus
2351 1810 2498 1857 sum,
2533 1798 2627 1851 sed
2674 1797 2751 1853 iis
2776 1798 3106 1863 rationibus,
3157 1814 3292 1869 quas
3338 1797 3553 1852 noverit
3584 1794 3676 1864 qui

422 1897 524 1944 σας
549 1897 565 1912 ⁸
608 1883 693 1936 καὶ
713 1882 794 1953 τῷ
812 1883 997 1958 ἀλύτῳ
1022 1888 1219 1960 ἐκείνῳ
1245 1890 1435 1962 δεσμῷ
1455 1886 1498 1960 ᾧ
1525 1891 1592 1946 ἂν
1611 1892 1998 1966 ὕποὸαλοῦμεν

2099 1893 2351 1941 sanctum
2381 1902 2548 1957 super
2579 1886 2723 1942 illam
2752 1887 2944 1945 effudit
2985 1891 3332 1961 sanguinem.
3362 1888 3473 1944 lloc
3509 1886 3684 1943 indis-

418 1972 543 2036 τοὺς
564 1972 713 2029 τοῦτο
775 1978 1229 2050 ἐπιχειροῦντας,
1273 1984 1729 2054 παραστήσονται
1782 1985 1862 2058 τῷ
1898 2005 1998 2057 φο-

2098 1977 2316 2034 sohtbili
2347 1979 2566 2037 vinculo
2600 1981 2904 2039 vinciemus
2935 1983 3331 2054 reos;,'stabuut
3358 1992 3489 2038 ante
3520 1983 3685 2038 tribu-

408 2063 557 2135 σερῷ
585 2065 822 2135 βήματι,
848 2071 943 2124 καὶ
974 2070 1086 2140 ἐγὼ
1113 2073 1213 2127 σὺν
1247 2074 1454 2143 αὐτοῖς,
1494 2079 1593 2133 καὶ
1623 2079 1747 2134 τότε
1787 2079 1999 2147 γνωσό-

2097 2070 2189 2125 nal
2239 2071 2504 2128 horribile
2549 2085 2604 2130 et
2649 2091 2774 2129 eum
2818 2075 2926 2130 iiiis
2956 2091 3059 2147 ego
3090 2093 3105 2131 :
3142 2084 3273 2132 tunc
3311 2090 3498 2131 coram
3530 2076 3684 2131 omni

400 2157 549 2225 μεθα
580 2158 816 2214 ἐνώπιον
863 2160 1051 2233 πάσης
1100 2165 1310 2236 σαρκὸς
1340 2167 1435 2221 καὶ
1483 2168 1575 2221 τὸν
1618 2168 1750 2224 ἴδιον
1806 2170 1995 2239 ζῆλον,

2097 2170 2348 2218 creatura
2380 2176 2784 2236 cognoscentur
2824 2179 2879 2224 et
2929 2183 3089 2223 mens
3136 2177 3191 2222 et
3236 2167 3601 2238 eOgitatioues
3630 2176 3684 2221 et

395 2251 494 2302 καὶ
527 2251 593 2305 τὸ
615 2252 897 2325 φρόνημα,
922 2257 1019 2309 καὶ
1046 2257 1148 2329 τὴν
1192 2259 1507 2333 ὲντρέχειαν
1540 2265 1636 2317 καὶ
1673 2262 1780 2335 τὴν
1810 2265 1997 2331 φιλίαν

2096 2256 2363 2327 amicitiae;
2406 2267 2460 2314 et
2511 2260 2841 2326 simultates,
2891 2277 3014 2316 cum
3077 2262 3321 2315 omnium
3381 2276 3480 2317 ora
3525 2261 3680 2316 elau—

393 2348 491 2395 καὶ
527 2343 631 2409 τὰς
662 2346 869 2412 πολλὰς
902 2351 1213 2422 περινοίας,
1239 2352 1512 2419 ὅτανπᾶν
1541 2356 1719 2423 στόμα
1744 2356 1993 2426 ἔμφράσ·

2096 2350 2295 2405 dentur
2344 2359 2400 2407 et
2447 2353 2831 2423 unusquisque
2879 2370 3104 2424 operum
3152 2370 3381 2410 suorqu
3441 2354 3682 2409 retribuv

395 2452 591 2507 σηται.
622 2439 721 2492 καὶ
749 2440 984 2507 ἕκαστος
1058 2444 1199 2499 κατὰ
1227 2448 1295 2500 τὰ
1345 2447 1525 2501 οἰκεῖα
1569 2447 1709 2520 ἔργα
1762 2447 1996 2519 λήψεται

978 2460 984 2503 .'
1058 2444 1199 2499 κατὰ
1227 2448 1295 2500 τὰ
1345 2447 1525 2501 οἰκεῖα
1569 2447 1709 2520 ἔργα
1762 2447 1996 2519 λήψεται
2098 2445 2300 2499 tionem
2341 2444 2595 2516 accipiet.

389 2529 499 2602 τὴν
527 2532 913 2593 ἀνταπόδοσιν.

956 2650 1137 2711 ΡΜΖῑ.
1182 2655 1438 2724 ’Ληδήλςκ

2621 2657 2880 2722 CXLVII.
2922 2660 3153 2716 Incerto.

470 2762 589 2815 Καὶ
637 2764 812 2836 χωρὶς
853 2766 956 2838 τῆς
992 2772 1417 2842 προσπεσούσης
1456 2764 1770 2841 Χὺποθέσεως
1801 2781 1834 2851 ἡ
1865 2782 1997 2851 περὶ

2169 2772 2284 2828 Etsi
2319 2787 2556 2841 praesens
2580 2775 2704 2828 data
2736 2788 2845 2829 non
2886 2773 3086 2830 fuisset
3148 2776 3392 2846 occasio,
3435 2778 3501 2833 de
3540 2792 3687 2833 reve-

393 2854 499 2925 τῆς
534 2856 693 2927 ὑμῶν
717 2859 997 2932 ὁσιότητος
1044 2864 1203 2934 φήμη
1250 2868 1372 2930 ταῖς
1400 2867 1591 2931 ἀκοαῖς
1641 2870 1799 2940 ἡμῶν
1854 2873 1996 2940 φθά-

2099 2863 2274 2918 reutia
2305 2872 2487 2919 tamen
2515 2874 2694 2921 vestra
2716 2864 2784 2920 ad
2812 2881 2976 2922 aures
3010 2875 3227 2923 nostras
3255 2885 3318 2922 ea
3358 2870 3470 2936 jam
3499 2886 3687 2940 perve-

395 2967 569 3012 aaca;
598 2945 687 3006 οἷα
721 2954 870 3018 εἰκὸς
900 2956 1249 3031 ἐπιθυμητὴν
1280 2961 1454 3016 ἐποίει
1482 2961 1583 3034 τὴν
1624 2965 1726 3037 σὴν
1745 2964 1991 3036 ὁμιλίαν,

2099 2963 2253 3010 uerat
2278 2955 2443 3020 fama,
2492 2966 2553 3012 ut
2609 2961 3045 3017 conversationis
3089 2971 3284 3016 vestrae
3328 2963 3685 3028 desiderium,

392 3043 663 3113 ἄνθρωπε
704 3044 802 3100 τοῦ
842 3047 1001 3107 Θεοῦ.
1041 3051 1197 3105 Ἐπεὶ
1237 3053 1293 3106 δὲ
1332 3052 1428 3108 καὶ
1474 3053 1546 3109 τὰ
1569 3056 1674 3126 τῆς
1704 3057 1996 3129 παρούσης

2098 3063 2133 3100 o
2190 3048 2356 3104 homo
2388 3047 2504 3114 Dei,
2534 3060 2770 3106 mentem
2800 3051 3066 3119 subierit;
3118 3069 3243 3109 cum
3300 3065 3481 3111 autem
3547 3073 3686 3127 prae-

394 3136 717 3204 ὖποθέστως
743 3142 1029 3213 συνῆλθεν,
1058 3148 1153 3199 καὶ
1189 3145 1277 3201 διὰ
1320 3147 1528 3220 ταύτην
1567 3149 1643 3215 ὡς
1682 3150 1992 3220 ἀναγκαίαν

2070 3157 2228 3198 ,sens
2277 3142 2653 3212 supervenerit
2682 3145 2927 3213 occasio,
2976 3155 3031 3201 et
3086 3146 3306 3215 quidem
3352 3149 3683 3213 necessaria,

393 3225 594 3296 οὖσαν,
632 3232 810 3288 καὶτὸ
843 3234 1015 3307 μέρος
1062 3239 1416 3309 χαριζόμενοι
1459 3245 1524 3313 τῇ
1568 3242 1835 3317 ἐπιθυμίᾳ
1860 3262 1872 3274 ·
1907 3246 1992 3299 ὅτι

2102 3233 2376 3289 desiderio
2407 3245 2597 3289 nostro
2638 3234 2986 3305 indulgemus
3018 3253 3032 3291 :
3067 3236 3225 3291 aliter
3261 3237 3409 3291 enim
3457 3254 3688 3293 conver-

399 3323 480 3393 μὴ
507 3323 726 3389 ἔξεστιν
761 3327 988 3398 ἑτέρως,
1027 3329 1137 3384 ίδού
1170 3347 1254 3385 σοι
1288 3333 1731 3405 προσομιλοῢμεν
1776 3336 1866 3390 διὰ
1895 3336 1991 3391 τοῦ

2098 3328 2206 3384 sari
2240 3336 2418 3383 tecum
2448 3343 2559 3383 non
2599 3329 2726 3383 licet
2770 3329 2874 3385 nisi
2912 3346 3012 3396 per
3031 3330 3321 3401 epistolas.
3352 3328 3583 3389 ‘Booum
3633 3345 3687 3387 et

398 3416 759 3487 γράμματος.
796 3419 977 3473 Καλον
1014 3421 1115 3489 μὲν
1147 3423 1244 3476 καὶ
1278 3423 1399 3493 Θεῷ
1437 3424 1677 3495 ἀρέσκον
1713 3425 1877 3497 ἔργον
1897 3430 1995 3481 καὶ

2101 3420 2212 3476 Deo
2242 3431 2556 3504 pergratum
2588 3437 2730 3490 opus
2760 3423 2993 3479 intendit
3023 3406 3191 3504 homd
3231 3433 3286 3478 et
3315 3424 3562 3494 perfacit;
3592 3428 3691 3496 qui

396 3510 658 3582 διενοήθη
693 3512 786 3566 καὶ
819 3487 1189 3585 διεπράξατοό
1211 3487 1651 3588 θεοφιλὴς-οὗτος
1683 3487 1991 3594 ἅνθρωπος,

2098 3487 2421 3571 hanc'ad'te
2449 3487 2735 3585 eplstoiam
2764 3515 2943 3571 defert
2967 3534 2981 3571 :
3010 3487 3229 3572 c'rucem
3261 3487 3463 3573 Christi
3495 3487 3687 3573 susce-

394 3603 462 3666 ὃς
519 3604 655 3676 ἥκει
714 3606 900 3678 φέρων
942 3624 1026 3662 σοι
1085 3609 1148 3663 τὸ
1200 3610 1461 3682 γράμμα,
1485 3614 1579 3666 τὸν
1630 3615 1868 3682 σταυρὸν
1896 3615 1993 3668 τοῦ

2096 3609 2175 3679 pit
2204 3618 2257 3663 et
2279 3607 2543 3663 mundum
2569 3607 2862 3679 dereliquit
2889 3608 3075 3664 virtuti
3105 3608 3205 3663 soli
3262 3610 3535 3664 addictus.
3585 3609 3694 3662 Bn-

394 3696 648 3767 Χριστοῦ
696 3700 998 3770 ἀράμενος,
1031 3702 1129 3755 καὶ
1175 3704 1359 3758 πάντα
1392 3703 1569 3757 λιπὼν
1618 3707 1687 3759 τὰ
1712 3707 1772 3761 ὲν
1801 3707 1993 3777 κόσμῳ

2098 3716 2213 3755 nus
2234 3709 2289 3754 tu
2324 3700 2443 3769 ipse
2476 3699 2576 3755 (ias
2608 3699 2683 3753 illi
2730 3700 3034 3754 conductor
3066 3700 3120 3753 in
3153 3700 3236 3753 via
3266 3700 3482 3765 salutis,
3509 3702 3688 3770 qualis

395 3789 499 3843 καὶ
550 3789 706 3857 ἄξιον
742 3790 819 3855 ὡς
849 3792 1067 3863 ἀληθῶς
1109 3797 1209 3867 τῆς
1249 3795 1415 3849 αὐτοῦ
1458 3796 1684 3868 ἀρετῆς.
1715 3797 1896 3862 Καλὸς
1935 3799 1995 3853 δὲ

2097 3794 2165 3847 ab
2183 3792 2339 3847 initio
2368 3801 2425 3847 et
2444 3793 2510 3848 ad
2531 3806 2683 3846 nunc
2700 3806 2877 3861 usque
2903 3791 3045 3846 diem
3076 3791 3357 3857 exstitisti;
3389 3793 3525 3848 illee
3551 3809 3655 3848 con
3683 3822 3691 3830 -

393 3886 497 3938 καὶ
534 3885 703 3948 αὐτὸς
745 3885 938 3959 όδηγὸς
973 3888 1125 3960 αὐτῷ
1161 3890 1396 3958 γέγονας
1439 3891 1535 3944 καὶ
1575 3891 1678 3962 τῆς
1708 3891 1847 3961 πρὸς
1884 3908 1992 3944 σω-

2095 3897 2177 3943 tra
2207 3889 2288 3943 sic
2307 3886 2871 3958 adjutus,revercntia2
2902 3894 3093 3940 vestrae
3113 3898 3343 3954 prorsus
3364 3887 3687 3951 adhaerebit,

389 3977 602 4048 τηρίαν
654 3978 778 4034 ὁδοῦ
808 3980 907 4034 ἀπ’
945 3982 1126 4054 ἀρχῆς
1172 3982 1267 4037 καὶ
1304 3983 1465 4057 μέχρι
1512 3984 1606 4038 τοῦ
1636 3983 1751 4049 νῦν,
1782 3986 1858 4047 ὡς
1896 3985 1993 4039 καὶ

2095 3980 2228 4034 nihil
2258 3979 2519 4050 suscipiet
2567 3978 2671 4033 nisi
2704 3987 2758 4033 tu
2786 3977 3019 4048 jusserls
3049 3977 3263 4032 felicem
3302 3993 3362 4034 se
3409 3979 3691 4035 aestimans

390 4072 570 4136 αὐτὸς
598 4073 921 4144 εὐχαριστεῖ
948 4075 1371 4148 καθηγούμενος
1398 4076 1496 4131 καὶ
1523 4076 1741 4141 δεικνὺς
1766 4079 1855 4133 διὰ
1893 4076 1992 4131 τοῦ

2096 4073 2244 4143 quod
2299 4074 2466 4128 talem
2556 4073 2622 4127 ad
2676 4086 2888 4142 pugnas
2937 4071 3254 4143 spiritualcs
3303 4073 3537 4144 adeptus
3614 4075 3687 4129 sit

390 4166 541 4229 ὅλως
603 4165 940 4239 ἐξηρτῆσθαι
989 4168 1090 4238 τῆς
1147 4170 1246 4238 σῆς
1304 4169 1607 4240 ὁσιότητος,
1666 4171 1762 4224 καὶ
1823 4173 1994 4242 μηδὲν

2095 4176 2480 4240 praeceptorem
2533 4166 2752 4236 qualem
2814 4164 3183 4220 desiderabat.
3243 4164 3376 4220 Nam
3451 4168 3682 4222 salutem

395 4259 703 4330 ἀνέχεσθαι
733 4262 999 4332 πράττειν
1028 4262 1125 4314 σοῦ
1162 4262 1237 4333 μὴ
1279 4262 1621 4327 κελεύοντος,
1657 4264 1734 4327 ὠς
1762 4265 1993 4338 τοιούτῳ

2094 4260 2357 4330 consequi
2388 4273 2499 4314 non
2527 4264 2710 4329 potest
2759 4264 2984 4326 propter
3018 4255 3278 4311 invidiam
3336 4256 3562 4321 diaboli,
3589 4257 3685 4327 qui

394 4354 732 4425 περιέτυχεν
760 4354 995 4427 ἀλείπτῃ
1021 4356 1157 4425 πρὸς
1184 4356 1310 4419 τοὺς
1334 4357 1750 4427 πνευματικοὺς
1773 4359 1993 4427 ἀγῶνας

2097 4365 2286 4409 contra
2319 4353 2550 4407 salutem
2600 4359 2847 4407 nostram
2885 4350 3040 4415 furit,
3075 4340 3425 4404 diiﬁcultates
3451 4348 3696 4405 suscitat:

394 4450 496 4519 οἴῳ
538 4448 760 4512 πάντως
791 4449 1036 4519 ἐντυχεῖν
1057 4447 1281 4519 ηΰχετο.
1318 4450 1433 4503 Καὶ
1470 4445 1540 4521 ἦν
1574 4450 1675 4522 μὲν
1715 4452 1990 4522 σωτήριον

2095 4454 2151 4501 et
2190 4444 2472 4516 profectus
2505 4444 2560 4498 in
2617 4444 2880 4499 virtutum
2931 4443 3121 4498 semita
3170 4442 3417 4512 impedit.
3467 4441 3526 4497 In
3582 4457 3700 4513 quo

401 4509 576 4612 μηδὲν
631 4509 953 4610 ἀπαντῆσαι
994 4509 1164 4610 παρα.
1201 4539 1298 4593 τοῦ
1353 4509 1535 4611 φθόνίρ
1564 4509 1653 4595 ἀεὶ.
1703 4509 1992 4609 κατὰητῆς

2104 4552 2285 4595 autem
2342 4539 2444 4594 fuit
2492 4538 2613 4594 loco
2660 4546 2717 4593 et
2757 4537 3125 4608 principatum
3169 4539 3511 4605 obtinuerat,
3563 4553 3701 4593 eum-

401 4631 687 4704 σωτηρίας
721 4631 879 4702 ἡμῶν
916 4631 1250 4701 μαινομένου
1274 4631 1533 4702 δαίμονος
1570 4632 1833 4699 ἐναντίον,
1858 4633 1995 4704 μηδὲ

2108 4632 2414 4702 gratiarum
2481 4630 2705 4684 actione
2755 4639 2810 4683 et
2857 4629 3263 4698 perseverantia
3312 4643 3439 4698 erga
3494 4626 3692 4683 Salva-

402 4728 600 4798 τραχὺ,
642 4725 775 4796 μηδὲ
806 4724 1142 4795 προκόπτειν
1165 4725 1235 4778 τὰ
1258 4727 1473 4778 ἐκείνου
1502 4725 1823 4796 διαδήματα
1856 4728 1994 4794 προς

2107 4734 2280 4780 torem
2313 4724 2479 4777 Deum
2548 4723 2922 4792 perseveravit
2952 4735 2967 4775 :
3004 4721 3150 4774 hunc
3210 4719 3535 4787 discipulum
3566 4735 3692 4774 eum

409 4820 497 4873 τδν
526 4818 634 4889 τῆς
663 4818 953 4888 ἀσκήσεως
999 4816 1200 4888 δρόμον
1239 4815 1523 4886 ἐμποιοῦν.
1562 4815 1720 4869 Οὕτω
1752 4816 1863 4886 γὰρ
1903 4818 1998 4870 καὶ¹

2105 4833 2273 4890 penes
2324 4826 2378 4873 te
2435 4815 2715 4879 habueris,
2746 4810 3127 4869 convenientia
3188 4809 3448 4866 docebas.
3515 4808 3695 4867 Nobis-

352 4910 363 4923 ’
412 4908 565 4973 αὐτὸς
598 4906 950 4978 εὐχαριστῶν
989 4905 1068 4975 τῷ
1110 4904 1232 4976 Θεῷ
1263 4906 1423 4976 ἡμῶν
1470 4906 1567 4960 καὶ
1605 4905 1822 4979 Σωτῆρι
1857 4925 1966 4978 καρ

2103 4913 2249 4968 enim
2286 4920 2473 4965 notum
2504 4916 2589 4964 est
2623 4907 2703 4962 illi
2737 4921 2839 4977 pro
2869 4904 3267 4976 tranquillitate
3297 4912 3538 4974 etportu
3569 4912 3703 4960 tuto-

400 5000 581 5070 τερῶν
631 4998 881 5063 διετέλει,
918 5001 978 5053 ἐν
1017 4990 1062 5066 ᾧ
1108 4996 1209 5069 τὴν
1243 4998 1420 5068 ἀρχὴν
1459 4999 1774 5070 κατήντησε
1823 4999 1996 5069 τόπῳ,

2105 5012 2459 5075 tempestates
2478 5010 2532 5056 et
2553 5000 2801 5056 turbines
2825 5011 3148 5067 exsurgere,
3173 4995 3293 5052 sive
3322 4997 3587 5053 tollantur
3616 5001 3693 5053 ab

399 5096 499 5149 καὶ
534 5094 702 5156 αὐτὸς
734 5093 877 5164 ἔχων
907 5091 1155 5164 έγγύθενΔ
1190 5091 1284 5145 τὸν
1326 5091 1598 5162 μαθητὴν,
1629 5092 1715 5144 ἀεὶ
1763 5091 1832 5145 τὰ
1878 5093 2000 5144 ἐπι·

2104 5096 2423 5151 hominibus
2453 5094 2548 5164 qui
2585 5090 2811 5162 pacifice
2841 5090 3024 5146 vivere
3050 5090 3325 5155 nesciunt,
3349 5089 3467 5147 sive
3493 5105 3523 5145 a
3540 5092 3693 5146 mulo

398 5153 1083 5251 ϐάλλονταγὲέεπαίδευες.
1130 5153 1286 5238 ’ἒπεῖ
1315 5153 1395 5250 δὲ,
1448 5153 1544 5247 d3;-
1567 5201 1633 5253 γε
1666 5186 1801 5255 ἡμῖν
1827 5182 1999 5252 ὲγνώ-

2104 5191 2388 5251 daemone;
2433 5153 2682 5255 profecto
2711 5191 2765 5236 et
2797 5179 3019 5236 sibimet
3062 5179 3198 5250 ipsis
3225 5188 3276 5234 et
3309 5153 3387 5235 illi
3422 5181 3700 5235 damnqu

402 5281 537 5351 σθη,
564 5281 693 5335 ἀντὶ
724 5280 996 5349 γαλήνης,
1037 5278 1161 5331 ἀντὶ
1190 5277 1414 5348 λιμένος
1454 5274 1659 5342 εὐδίου,
1701 5276 1998 5348 τρικυμίαι

2104 5281 2303 5337 inferre
2362 5285 2594 5334 tentant.
2638 5273 2781 5343 Quid
2832 5272 3185 5329 faciendum?
3232 5273 3373 5329 Num
3419 5274 3691 5328 obstinate

401 5374 507 5429 καὶ
538 5371 799 5433 κλύδονες
832 5370 983 5442 αὐτῷ
1008 5369 1421 5435 ἐπανίστανται,
1453 5370 1547 5424 καὶ
1579 5368 1860 5442 ἄνθρωποι
1886 5368 1997 5423 εἴτε

2103 5371 2648 5432 reluctandum‘iAst
2691 5384 2795 5424 non
2830 5382 3037 5434 meum,
3063 5367 3157 5422 sed
3192 5366 3406 5421 Domini
3484 5380 3694 5431 praece-

403 5467 543 5538 παρ’
599 5465 817 5522 ἑαυτῶν
862 5467 1097 5537 ἠρεμεῖν
1126 5466 1229 5519 οὐκ
1262 5464 1487 5529 ειδότες,
1525 5464 1638 5517 εἴτε
1696 5462 1852 5533 παρὰ
1900 5460 1998 5516 τοῦ

2103 5478 2256 5542 ptum
2278 5477 2362 5521 est
2396 5483 2410 5521 :
2451 5463 2537 5520 «Si
2567 5479 2666 5519 vos
2693 5463 2749 5519 in
2780 5463 2883 5517 hac
2908 5464 3043 5516 urbe
3073 5465 3489 5529 persequuntur,
3518 5455 3697 5526 fugite

401 5559 661 5630 δαίμονος
696 5557 1084 5628 κεκινημένοι,
1101 5554 1196 5610 καὶ
1229 5556 1443 5619 ἑαυτοῖς
1470 5556 1565 5609 καὶ
1589 5553 1764 5624 τούτῳ
1789 5550 1998 5623 βλάὸης

2107 5564 2159 5617 in
2196 5562 2359 5616 aliam
2390 5560 2468 5612 ⁸.»
2531 5557 2637 5612 iiic
2683 5566 2889 5620 autem,
2925 5553 3001 5609 uti
3050 5552 3205 5612 dicit.
3255 5547 3688 5619 persecutionem

403 5652 658 5725 πρόξενοι
694 5652 963 5723 γίνονται,
997 5650 1048 5704 τί
1086 5649 1168 5705 δεῖ
1197 5651 1391 5720 ποιεῖν,
1421 5649 1453 5719 ἢ
1499 5648 1720 5721 πᾲντως
1760 5644 1994 5701 αὐτόθεν

2106 5672 2166 5712 er
2206 5648 2729 5721 illiscztpcritunqui
2761 5662 2948 5719 paeon]
2983 5660 3088 5699 non
3128 5648 3396 5708 amant,et
3425 5652 3690 5711 persecu-

474 5799 495 5830 ³
516 5793 712 5853 Matth.
749 5808 805 5847 Χ.
835 5791 931 5847 23.
