4094 6468
424 285 535 350 375
1307 344 1315 350 .
1533 292 1846 355 NICOLAI
1884 292 1994 353 ΟΡ.

2100 291 2555 357 iTRIARCiLE
3588 290 3696 355 376

424 393 591 452 tionis
623 409 813 467 causa,
849 397 1078 467 invitus,
1109 400 1177 455 ad
1199 402 1368 457 alium
1397 402 1574 459 locum
1608 404 2001 474 transmigrare

2111 403 2523 475 ἁπαναστῆγαι;
2574 408 2689 460 Οὐκ
2729 406 2862 476 ἐμός
2908 408 3055 459 ἐστιν
3118 407 3147 459 ό
3187 404 3366 473 λόγος,
3419 402 3557 457 ἀλλά
3595 401 3695 457 τοῦ

422 490 657 559 cogitur.
722 491 857 547 Cum
905 493 1051 550 votis
1111 495 1221 550 tuis
1282 495 1565 565 impertire
1627 497 1869 568 digneris
1948 498 1999 552 ci

2108 496 2509 567 Κυρίου·‹Ἐάν
2534 499 2809 553 διώκωσιν
2844 499 2989 569 ὑμᾶς
3019 499 3084 551 ἐκ
3106 498 3208 567 τῆς
3235 479 3444 559 πόλεως
3468 495 3693 566 ταύτης,

420 580 680 637 viaticum
709 592 915 640 etcum
944 584 1325 644 benedictione
1372 596 1463 644 tua
1507 589 1721 658 copiam
1760 590 1996 644 abeundi

2107 587 2339 657 φεύγετε
2364 590 2446 653 εἰς
2493 591 2593 662 τὴν
2635 591 3148 662 ἄλλην.»Δαῦκεται
3187 591 3283 645 καὶ
3332 582 3489 652 οὗτος
3542 593 3696 659 παρὰ

418 668 625 738 facias;
679 672 751 727 ita
790 675 934 730 enim
969 676 1213 746 quietus,
1250 676 1361 733 Deo
1390 688 1604 749 gratam
1640 679 1805 733 vitam
1838 690 1997 745 aget;

2108 678 2220 733 τῶν
2258 680 2334 752 μὴ
2382 683 2722 750 ἀγαπώντων
2754 685 3002 757 εἰρήνην,
3037 684 3114 748 ὥς
3153 700 3309 755 φησι,
3346 683 3444 736 καὶ
3498 683 3696 736 διωκό-

419 771 607 826 postea
627 762 811 819 forsan
837 767 1078 824 inveniet
1103 769 1407 835 locum,ubi
1433 770 1614 827 oblata
1636 771 2001 842 perfruiturus

2111 787 2277 840 μενος
2333 776 2587 849 ἀνάγκην
2643 778 2759 849 ἔχει
2801 777 2903 832 κᾶν
2943 777 3017 849 μὴ
3066 777 3328 849 βούληται
3365 775 3502 846 πρὸς
3531 774 3697 830 ἀλλον

418 855 641 925 sitpace
678 868 732 913 et
775 858 982 915 inimici
1029 862 1100 917 ab
1130 861 1258 917 odio
1288 863 1573 929 desistent,
1622 879 1743 918 cum
1788 866 1998 920 nullum

2110 864 2280 920 τόπον
2330 869 2714 939 μεθίστασθαι.
2747 872 2848 936 Δὸς
2877 871 2973 925 οὖν
3000 871 3155 942 αὐτῷ
3198 870 3413 941 ἑφόδιον
3450 869 3554 931 τὰς
3594 867 3697 930 σάς

417 954 737 1009 praetextum
778 947 1016 1004 habeant
1057 951 1332 1017 hominem
1384 953 1726 1023 suspicandi,
1767 953 2000 1024 ejusque

2111 959 2301 1031 εὐχάς,
2330 963 2425 1017 καὶ
2458 965 2765 1038 εὐλογήσας
2796 964 3117 1020 ἀπόστειλον
3140 983 3154 997 ·
3188 966 3275 1019 ἵνα
3318 964 3414 1017 καὶ
3439 961 3605 1026 αὐτὸς
3634 964 3696 1013 ὲν

418 1037 561 1132 inter
592 1040 742 1132 ipsos
773 1039 937 1132 vitam
965 1042 1255 1112 gravandi.
1628 1131 1633 1132 γ
2109 1052 2313 1128 ἠσυχίᾳ
2351 1057 2615 1114 διατελῶν
2648 1037 2918 1126 ἐνταῦθα,
2960 1061 3274 1132 εὐαρέστως
3315 1058 3395 1129 τῷ
3423 1056 3542 1128 Θεῷ
3574 1057 3697 1110 διαο

417 1127 584 1226 ςήσξιί
629 1131 848 1226 Ἐπειδὴ
899 1133 1010 1226 γὰίρ
1058 1133 1288 1207 εὕρηται
1330 1137 1518 1205 τόπος,
1574 1131 1636 1194 οὗ
1675 1139 1777 1212 τὴν
1829 1127 2293 1218 ἐπιζητουμένην
2324 1150 2476 1224 αὐτῷ
2535 1152 2762 1226 εἰρήνην
2791 1127 3141 1220 ἓξειααιά
3172 1127 3465 1216 διώκοντες
3516 1127 3694 1206 αὑτὸν

419 1221 830 1316 ἀπαλλαγέντες
896 1225 993 1277 τοῦ
1068 1227 1354 1294 δοκοῦντος
1418 1232 1729 1302 ἐπαχθοῦς,
1796 1230 1999 1301 μηκέτι
2028 1234 2308 1304 πρόφασιν
2347 1221 2516 1313 ἔχωσι
2712 1221 2922 1299 ἑαυτῶν
2982 1244 3210 1309 ἀταξίας
3239 1244 3342 1316 τὴν
3372 1242 3468 1297 τοῦ
3498 1242 3696 1313 ἀνδρὸς

417 1315 658 1386 ἐπιϐαρῆ
713 1317 789 1381 ὠς
842 1320 1127 1388 νομίζουσι
1181 1322 1281 1376 σὺν
1335 1324 1520 1389 αὐτοῖς
1564 1325 1848 1397 διατριϐὴν
1902 1325 1999 1380 καὶ
2030 1331 2375 1404 κατοίκησιν.

735 1432 1019 1490 CXLVIII.
1059 1435 1347 1509 Euthymio
1383 1440 1662 1496 monac/ta.

489 1546 623 1614 Quae
672 1548 726 1602 in
772 1547 976 1619 Spiritu
1008 1560 1094 1606 est
1142 1553 1386 1610 charitas
1437 1555 1639 1611 nullam
1689 1554 2005 1612 distantiam

419 1640 591 1704 novit,
623 1641 716 1696 sed
747 1643 840 1711 qui
874 1641 979 1697 isto
1006 1645 1224 1699 vinculo
1272 1646 1411 1701 uniti
1445 1657 1593 1711 sunt,
1631 1648 1733 1702 etsi
1770 1650 2005 1717 spatium

415 1732 740 1800 intercedat,
783 1735 957 1803 juncti
1007 1751 1328 1807 permanent
1382 1750 1439 1795 et
1472 1741 1720 1795 beatiﬁca
1751 1739 2010 1796 fruuntur

2455 1453 2640 1508 PMH’.
2668 1456 2945 1525 Εὺθυμίῳ
2988 1457 3331 1525 μονάζοντι.

2189 1562 2255 1616 Ἥ
2288 1563 2381 1617 τοῦ
2407 1564 2722 1636 Πνεύματος
2746 1565 2936 1637 ἀγάπη
2969 1567 3073 1621 οὐκ
3100 1562 3211 1621 οἶδε
3234 1567 3543 1632 διάστασιν,
3572 1566 3695 1620 ἀλλ’

2105 1654 2155 1706 οἱ
2202 1656 2269 1724 τῇ
2320 1654 2515 1708 ἐνώσει
2558 1655 2767 1728 ταύτης
2831 1655 3219 1724 συναφθέντες,
3271 1658 3322 1710 εἰ
3380 1657 3478 1711 καὶ
3526 1657 3696 1733 τόπος

2107 1745 2308 1810 αὐτοὺς
2344 1746 2609 1818 διίστησι,
2636 1749 2892 1818 μένουσιν
2934 1748 3209 1820 ἡνωμένοι
3235 1751 3331 1806 καὶ
3361 1751 3461 1822 τῆς
3510 1770 3694 1824 μακα-

419 1826 647 1882 ιιιίιοιε.
674 1825 784 1881 Nos
817 1827 922 1897 ipsi
950 1844 985 1904 .a
1019 1846 1130 1892 quo
1160 1840 1407 1900 tempore
1466 1833 1518 1887 in
1560 1832 1768 1903 Spiritu
1815 1843 2001 1890 sancto

2113 1836 2235 1907 ρίας
2264 1838 2481 1911 ἐκείνης
2517 1841 2764 1904 ένὼσεως
2808 1840 3196 1905 ἀπολαύοντες.
3230 1844 3343 1897 Καὶ
3370 1845 3532 1915 ἡμεῖς
3581 1846 3696 1898 τοίη

419 1917 555 1971 υιιίιὶ
589 1933 782 1973 sumus
813 1934 938 1974 cum
982 1922 1286 1977 reverentia
1326 1932 1528 1989 vestra,
1568 1940 1633 1981 eo
1667 1930 1839 1995 magis
1870 1942 2002 1982 con-

418 2010 694 2064 nectimur
719 2027 826 2080 quo
857 2012 1036 2083 major
1065 2013 1292 2071 interest
1318 2031 1676 2086 personarum
1700 2020 1956 2075 distantia
1986 2039 1999 2074 :

416 2117 711 2173 corporum
747 2107 892 2160 enim
928 2108 1227 2165 relationes
1257 2125 1412 2165 suam
1444 2128 1510 2168 ex
1545 2113 1851 2169 visibilibus
1877 2114 2007 2169 cha-

418 2196 724 2252 racteribus
775 2200 1192 2256 subsistentiam
1240 2203 1476 2273 habent,
1534 2206 1735 2274 quibus
1783 2206 2001 2273 solutis,

418 2292 535 2359 ipsa
581 2291 771 2347 relatio
822 2294 932 2349 cito
982 2295 1247 2362 solvitur;
1300 2297 1524 2367 spiritus
1572 2307 1752 2354 autem
1799 2300 1999 2355 nedum

416 2384 490 2440 ob
531 2384 860 2453 absentiam,
909 2389 1215 2444 amicorum
1262 2389 1561 2459 desperans
1598 2391 1771 2463 magis
1806 2393 2006 2463 magis—

417 2496 525 2551 que
554 2484 897 2538 connectitur
949 2501 964 2538 :
1025 2499 1126 2540 nos
1160 2499 1322 2555 porro
1353 2483 1520 2540 Deum
1561 2500 1853 2556 precamur
1893 2501 2000 2541 una

415 2575 636 2631 vivendi
705 2578 864 2646 copia
920 2578 1077 2632 detur
1101 2586 1161 2642 et
1207 2577 1382 2634 oculis
1416 2587 1579 2648 atque
1627 2594 1724 2634 ore
1767 2578 2001 2634 invicem

416 2671 798 2726 convcrsandi.
845 2671 924 2726 Ita
957 2673 1099 2727 enim
1135 2681 1188 2728 et
1237 2672 1506 2747 separatis
1554 2671 1713 2728 nobis
1748 2682 1802 2727 ct
1834 2672 2003 2729 unitis

416 2762 1005 2833 gloriticabiturileus,
1051 2765 1146 2834 qui
1196 2779 1298 2820 nos
1342 2765 1559 2820 vinculo
1595 2766 1835 2835 Spiritus
1865 2780 1998 2820 con-

410 2854 615 2924 junxit.
632 2852 790 2909 Vale.
819 2853 929 2910 Nos
952 2856 1171 2927 quidem
1206 2857 1274 2911 de
1303 2856 1467 2913 rebus
1487 2858 1840 2914 terrestribus
1861 2873 2003 2912 nun-

414 2958 577 3012 quam
627 2959 735 2999 non
790 2946 1202 3016 supplicamus;
1235 2955 1290 3003 tu
1325 2957 1507 3003 autem
1541 2963 1638 3017 pro
1696 2947 2003 3004 humilitate

415 3046 598 3092 nostra
631 3052 820 3111 preces
853 3037 1067 3093 fundes.

804 3322 1038 3379 CXLIX.
1083 3322 1431 3379 Thraciarum
1463 3325 1609 3380 duci.

485 3414 619 3481 Qua:
649 3414 743 3470 tibi
774 3414 923 3470 hisce
946 3415 1139 3472 litteris
1165 3417 1486 3480 suademus,
1514 3418 1587 3471 mi
1613 3417 1707 3483 illi,
1734 3432 1798 3473 ea
1818 3419 2003 3476 teahs-

414 3523 522 3581 que
543 3515 731 3564 nostra
749 3498 1121 3564 admonitione
1136 3508 1345 3564 scimus
1377 3507 1648 3564 facturum
1674 3510 1865 3578 fuisse;
1891 3528 2000 3568 non

412 3600 558 3658 enim
613 3601 964 3658 contumeliis
1010 3617 1187 3673 neque
1242 3617 1408 3657 manu
1460 3603 1615 3670 gravi
1679 3604 2003 3661 humiliores

414 3696 558 3751 inter
604 3694 857 3750 subditos
915 3694 1078 3765 afﬂigi
1135 3693 1405 3765 permittit
1434 3694 1675 3752 charitas
1727 3701 1843 3762 tua,
1892 3713 2002 3753 non

412 3788 603 3860 ignara
656 3796 710 3844 te
766 3804 799 3844 a
855 3787 970 3845 Deo
1001 3788 1362 3845 constitutum
1421 3806 1478 3845 et
1522 3789 1590 3847 ad
1634 3793 2002 3865 principatum

409 3889 661 3938 evectum
693 3898 815 3941 esse
861 3890 921 3937 ut
966 3882 1199 3953 injustas
1224 3884 1493 3953 reprimas
1525 3892 1583 3940 et
1623 3899 1892 3956 pauperes
1937 3887 2003 3942 ad

411 3974 726 4034 servitutem
750 3975 1002 4033 redactos
1048 3984 1245 4031 contra
1299 3975 1555 4033 dominos
1606 3978 1858 4034 crudeles
1909 3980 2003 4034 de-

409 4067 627 4125 fendas.
670 4066 794 4123 llaec
824 4075 878 4123 te
908 4077 1192 4124 curantem
1226 4075 1281 4125 et
1327 4070 1589 4140 operibus
1619 4072 2005 4127 «lernonstran-

411 4174 520 4219 tem
570 4162 803 4224 scimus,
851 4162 1071 4216 nemine
1127 4172 1223 4216 aut
1257 4162 1455 4218 litteris
1478 4171 1575 4216 aut
1605 4163 1773 4217 verbo
1800 4163 2006 4217 exhor-

411 4264 584 4323 tante,
615 4265 855 4311 attamen
890 4254 1016 4323 quia
1051 4258 1216 4311 hasce
1245 4254 1456 4309 litteras
1504 4253 1758 4309 deferens
1789 4270 1933 4310 unus
1973 4271 2005 4310 e

410 4351 560 4406 notis
578 4359 662 4404 est
685 4359 740 4405 et
764 4348 995 4403 multum
1030 4347 1345 4417 cmagitavit
1367 4359 1427 4403 ut
1446 4348 1659 4402 litteras
1681 4363 1710 4402 a
1733 4362 1819 4403 me
1846 4362 2003 4403 com-

2108 1948 2204 1985 νυν
2226 1932 2291 2003 τῇ
2321 1931 2564 2004 όσιότητί
2598 1949 2692 1986 σου
2719 1934 2811 2003 ἀφ’
2843 1924 3016 2004 οὗπερ
3040 1936 3106 2006 τῇ
3146 1935 3203 1988 ἐν
3234 1935 3375 2007 ἁγίῳ
3414 1936 3696 2009 Πνεύματι

2111 2022 2488 2095 συνήφθημεν,
2531 2023 2734 2095 μᾶλλον
2763 2025 2823 2079 δὲ
2858 2025 3116 2079 τοσοῦτον
3140 2027 3530 2098 συναπτόμεθα
3564 2031 3690 2081 πλέσ

2107 2134 2187 2180 ον,
2213 2119 2337 2170 ὅσον
2370 2118 2404 2188 ἡ
2434 2116 2726 2188 σωματικὴ
2788 2116 3072 2186 μεσιτεύει
3112 2117 3420 2184 διάστασις.
3466 2118 3531 2173 Ἦ
3592 2120 3690 2189 μὲν

2107 2208 2216 2281 γὰρ
2247 2211 2534 2282 σωματικὴ
2559 2210 2743 2282 σχέσις
2769 2211 2832 2265 ὲκ
2857 2211 2962 2265 τῶν
2989 2211 3287 2282 ὁρωμένων
3315 2213 3691 2284 χαρακτήρων

2107 2302 2221 2374 ἔχει
2250 2303 2352 2375 τὴν
2383 2304 2639 2375 συνοχήν.
2689 2302 2909 2357 Τούτων
2947 2303 3007 2358 δὲ
3058 2302 3135 2376 μὴ
3188 2304 3497 2374 παρόντων,
3549 2306 3694 2358 κατά

2109 2395 2284 2467 βραχὺ
2332 2394 2588 2450 λανθάνει
2643 2383 2995 2468 διαλυομένη’
3037 2397 3071 2467 ἡ
3116 2395 3174 2450 δὲ
3201 2394 3298 2450 τοῦ
3355 2394 3692 2467 πνεύματος,

2106 2489 2296 2560 ἕτερον
2314 2490 2519 2561 τρόπον
2541 2491 2608 2560 τῇ
2640 2489 2751 2544 τῶν
2795 2488 3129 2560 σωματικῶν
3167 2488 3533 2560 ῦπομνήσεων
3562 2488 3697 2542 ἀνα-

2103 2585 2347 2657 χωρήσει
2377 2586 2472 2639 ὲπὶ
2503 2584 2667 2638 πλέον
2699 2584 3089 2652 συσφίγγεταιο
3129 2581 3271 2655 πλὴν
3301 2582 3580 2654 εὐχόμεθα
3606 2583 3692 2654 τῷ

2106 2677 2249 2749 ἁγίῳ
2293 2676 2414 2748 Θεῷ
2478 2675 2574 2732 καὶ
2645 2675 3011 2746 συγγενέσθαι
3073 2675 3349 2747 ἀλλήλοις,
3404 2676 3501 2729 καὶ
3560 2676 3694 2740 θέας

2106 2774 2203 2826 καὶ
2250 2769 2475 2842 ὁμιλίας
2522 2767 2714 2840 κοινῆς
2758 2768 3089 2824 ἀπολαῦσαι·
3133 2767 3222 2823 ἴνα
3272 2767 3348 2839 μὴ
3384 2766 3546 2839 μόνον
3585 2767 3694 2822 διι-

2106 2863 2394 2934 σταμένων
2419 2861 2575 2934 ἡμῶν
2593 2902 2609 2929 ,
2637 2861 2776 2916 ἀλλά
2807 2861 2903 2916 καὶ¹
2936 2861 3209 2917 συνόντων
3230 2859 3527 2933 δοξάζηται
3560 2862 3695 2929 παρ’

2105 2958 2266 3031 ἡμῶν
2297 2958 2327 3011 ὁ
2361 2956 2605 3027 συνάψας
2631 2957 2779 3027 ἡμᾶς
2803 2954 2939 3019 Θεὸς
2966 2954 3045 3026 τῷ
3074 2954 3358 3024 συνδέσμῳ
3389 2951 3487 3007 τοῦ
3519 2953 3696 3007 ﬂueti-

2107 3066 2301 3121 ματος.
2351 3048 2485 3119 Εἶης
2529 3049 2662 3119 ἡμῖν
2692 3047 3030 3120 ἐρρωμένος
3067 3046 3172 3117 ἠδ’
3219 3045 3356 3117 εὐχὴ
3411 3047 3542 3115 περὶ
3592 3044 3694 3098 τοῦ

2025 3165 2074 3230 c
2108 3142 2361 3215 σαρκίον,
2422 3141 2520 3196 καὶ
2574 3141 2671 3208 τῆς
2743 3140 2905 3211 ἡμῶν
2970 3138 3413 3210 ὑπερευχόμενος
3470 3136 3698 3209 μετριό-

2105 3252 2294 3306 τητος.

2336 3323 2520 3382 ΡΜΘ⁹.
2559 3322 2879 3395 Στρατηγῷ
2903 3323 3023 3378 τῶν
3059 3324 3435 3392 Θρᾳκησίων.

2184 3421 2252 3475 "A
2277 3420 2587 3492 γράφομεν,
2610 3417 2804 3471 τέκνον
2822 3416 3007 3486 ἡμῶν,
3034 3415 3259 3485 οἴδαμεν
3286 3414 3372 3468 δτι
3404 3417 3498 3468 καὶ
3517 3415 3694 3486 χωρὶς

2104 3513 2206 3584 τῆς
2231 3513 2508 3586 ἡμετέρας
2532 3511 2709 3574 ποιεῖς
2731 3510 3117 3578 ὑπομνήσεως·
3145 3506 3266 3561 οὐδὲ
3287 3506 3395 3578 γὰρ
3422 3507 3696 3578 ἐπήρειαν

2105 3607 2230 3661 οὐδὲ
2265 3608 2425 3677 χεῖρα
2457 3603 2684 3675 βαρεῖαν
2706 3602 2817 3657 τῶν
2847 3600 3247 3671 ἐπιτιθεμένων
3281 3601 3397 3665 ταῖς
3427 3616 3693 3654 ταπεινο-

2107 3699 2286 3769 τέροις
2320 3701 2353 3769 ἡ
2379 3697 2447 3768 σὴ
2472 3695 2723 3765 φιλοθεῖα
2762 3696 3063 3765 συγχωρεῖ,
3109 3693 3459 3761 γινώσκουσα
3504 3691 3582 3755 ὡς
3609 3691 3694 3754 εἰς

2105 3787 2267 3843 τοῦτο
2298 3787 2451 3856 παρὰ
2478 3784 2615 3839 Θεοῦ
2650 3784 2955 3856 προήχθης,
2975 3782 3072 3837 καὶ
3109 3784 3301 3855 ἄρχειν
3333 3781 3515 3838 ἀλλων
3548 3781 3690 3837 ἐτά-

2107 3883 2268 3955 χθης,
2303 3884 2390 3937 ἵνα
2415 3882 2510 3936 καὶ
2532 3881 2658 3945 τοὺς
2687 3879 2896 3934 ἀδικεῖν
2944 3877 3305 3949 βουλομένους
3328 3875 3690 3948 ἀναστέλλῃς,

2106 3978 2203 4033 καὶ
2230 3977 2357 4040 τοὺς
2399 3977 2480 4038 εἰς
2508 3974 2571 4028 τδ
2615 3971 3046 4053 καταπονεῖσθαι
3073 3970 3163 4025 διὰ
3191 3971 3383 4025 πενίαν
3412 3969 3690 4040 ἑτοίμους,

2104 4069 2195 4124 διὰ
2228 4068 2331 4138 τῆς
2366 4067 2468 4139 σῆς
2500 4066 2755 4139 βοηθείας
2783 4065 2885 4132 τῆς
2909 4063 3137 4118 ἐκείνων
3189 4063 3498 4134 βιαιότητος
3537 4060 3698 4115 λελυ-

2104 4163 2430 4234 τρωμένους
2458 4158 2792 4231 ἀποφαίνῃς.
2823 4156 3012 4211 Ταῦτα
3058 4155 3281 4227 οῐδαμεν
3322 4155 3408 4208 ὅτι
3441 4154 3536 4207 καὶ
3593 4169 3697 4222 μεο

2104 4254 2267 4325 λετᾷς
2312 4253 2409 4307 καὶ
2462 4252 2565 4325 τὴν
2621 4250 2855 4322 μελέτην
2888 4251 2969 4314 εἰς
3026 4248 3189 4318 ἔργον
3246 4248 3535 4320 προάγεις,
3582 4246 3697 4300 κᾶν

2108 4347 2302 4419 μηδείς
2339 4348 2493 4400 ἔστιν
2531 4345 2562 4399 δ
2617 4345 2850 4415 γράφων
2885 4342 2918 4414 ἦ
2973 4342 3302 4414 παραίνεσιν
3337 4339 3690 4409 ποιούμενος-

411 4441 764 4498 mendatitias
827 4439 1163 4494 execlienlia:
1226 4447 1332 4494 tuae
1383 4438 1686 4505 exhiberet,
1738 4438 2000 4509 petitione

2104 4444 2254 4512 ὅμως
2278 4440 2403 4494 ἐπεὶ
2435 4441 2465 4495 ό
2489 4438 2553 4492 τὸ
2572 4437 2809 4511 γράμμα
2871 4434 3118 4505 κομίζων
3165 4429 3245 4498 εἷς
3283 4431 3361 4486 ὢν
3391 4432 3501 4486 τῶν
3551 4433 3692 4502 ἡμῖν

410 4535 531 4605 ejus
554 4535 739 4590 audita
767 4534 975 4588 litteras
1003 4532 1277 4589 dedimus.
1315 4531 1472 4586 liunc
1499 4531 1664 4602 igitur
1682 4530 1880 4586 litteﬁs
1897 4544 1993 4585 no-

2105 4529 2531 4603 γνωριζομένων
2609 4527 2837 4591 πολλαῖς
2911 4524 3235 4589 ἐξεϐιάσατο
3303 4521 3692 4593 παρακλήσεσι

407 4628 544 4685 stris
573 4625 1025 4683 commendamus
1056 4631 1113 4679 et
1159 4634 1210 4678 te
1255 4638 1515 4692 rogamus
1559 4632 1617 4678 ut
1664 4636 1852 4677 curam
1891 4621 1994 4692 ipsi

2101 4624 2240 4695 πρὸς
2268 4623 2329 4677 τὺ
2348 4624 2677 4696 γράμμασιν
2696 4619 2992 4691 ἡμετέροις
3013 4615 3203 4690 ὥσπερ
3231 4615 3496 4685 συστῆναι
3522 4612 3691 4667 αὐτὸν

408 4720 718 4790 impendas,
765 4732 871 4788 qua
919 4731 1113 4773 omnes
1143 4714 1405 4772 fruuntur
1441 4730 1580 4786 quos
1617 4726 1673 4769 tu
1717 4713 1993 4785 protegis;

2100 4715 2240 4787 πρὸς
2287 4717 2388 4786 τὴν
2424 4714 2526 4784 σὴν
2583 4709 2944 4782 μεγαλόδοξον
2993 4708 3294 4780 ὑπεροχὴν,
3347 4705 3691 4777 πληροῦντες

406 4815 596 4869 vivunt
624 4812 771 4868 enim
813 4811 884 4867 ab
927 4812 1075 4866 omni
1106 4809 1310 4880 injuria
1355 4808 1511 4865 liberi
1557 4809 1699 4865 inter
1742 4807 1996 4863 homines

2100 4806 2198 4877 τὴν
2229 4805 2512 4873 ὲξαίτησιν
2550 4801 2744 4866 αὐτοῦ,
2778 4803 2842 4855 τὸ
2868 4802 3109 4873 γράμμα
3138 4799 3509 4870 παρέσχομεν·
3544 4795 3687 4863 ὁμοῦ

405 4906 500 4977 qui
533 4905 765 4961 miseros
790 4901 1066 4959 offendere
1093 4912 1152 4958 et
1185 4902 1381 4958 ledere
1410 4901 1670 4972 gaudent.
1694 4899 1910 4965 Valeas,
1943 4910 1998 4957 et

2100 4914 2155 4949 τε
2189 4895 2279 4951 διὰ
2322 4894 2418 4948 τοῦ
2457 4894 2785 4965 γράμματος
2825 4891 3016 4946 τοῦτον
3049 4889 3434 4953 συνιστῶντες,
3466 4887 3561 4942 καὶ
3580 4886 3691 4940 δεῖ-

406 4998 513 5054 sub
578 4996 828 5052 custodia
893 4993 1106 5051 Domini
1167 4994 1388 5064 negotia
1451 4994 1682 5050 feliciter
1747 5009 1995 5064 peragas,

2100 4990 2189 5055 ξαι
2215 4988 2310 5042 καὶ
2338 4988 2419 5051 εἰς
2449 4986 2611 5041 αὐτὸν
2645 4986 2747 5057 τὴν
2780 4984 2878 5057 σὴν
2914 4982 3246 5056 κηδεμονίαν
3304 4978 3687 5052 παρακαλοῦν·

404 5090 552 5146 viam
588 5090 710 5145 vita:
742 5089 957 5159 planam
1009 5099 1065 5144 el
1106 5088 1331 5144 illasam
1376 5087 1447 5145 ab
1493 5087 1713 5144 invidia!
1758 5088 1994 5145 stimulis

2100 5100 2211 5146 τες,
2249 5075 2318 5153 ἧς
2342 5078 2685 5134 ἀπολαύουσι
2744 5076 2950 5142 πάντες
3002 5079 3050 5130 οἱ
3080 5078 3204 5140 ταῖς
3241 5077 3363 5138 σαῖς
3421 5072 3686 5143 περιοαλ-

405 5182 639 5239 habeas.
2094 5176 2325 5245 πόμενοι
2386 5168 2639 5241 πτέρυξι,
2698 5169 2794 5222 καὶ
2839 5168 3246 5237 ἀνεπηρέαστοι
3284 5163 3685 5233 διασωζόμενοι

405 5276 561 5347 παρά
605 5275 717 5330 τῶν
749 5276 1095 5346 ποιουμένων
1144 5273 1450 5329 ἀπόλαυσιν
1516 5275 1612 5326 καὶ⁸
1639 5272 1853 5343 τρυφὴν
1915 5272 2050 5325 ἰδίαν
2090 5271 2189 5333 τὰς
2224 5267 2334 5321 τῶν
2402 5263 2866 5335 ὲπηρεαζομένων
2927 5259 3329 5332 ταλαιπωρίας.
3395 5254 3681 5328 Ἒρρωμέ-

406 5383 496 5420 νον
542 5383 604 5421 σε
654 5364 978 5435 διαφυλάξοι
1010 5366 1040 5419 ό
1114 5362 1322 5435 Κύριος
1401 5363 1755 5433 εὐοδούμενον
1812 5365 1872 5417 ἐν
1923 5363 2037 5426 τοῖς
2076 5360 2392 5432 πράγμασι,
2448 5356 2545 5411 καὶ
2592 5355 2819 5427 ὁμαλῶς
2861 5354 2955 5408 τὸν
3000 5354 3117 5423 βίον
3188 5349 3680 5422 διαπορευόμενον,

405 5463 498 5516 καὶ
526 5463 623 5516 τοῦ
657 5460 857 5531 φθόνου
890 5458 1002 5512 τῶν
1054 5460 1302 5530 κέντρων
1340 5458 1586 5528 ἄτρωτον
1634 5458 1986 5529 διαμένοντα.

848 5573 954 5628 CL.
997 5573 1268 5629 Philol/reo
1299 5563 1545 5643 patricio.

2492 5576 2615 5629 ΡΝ.
2664 5571 2929 5638 Φιλοθέῳ
2978 5574 3286 5639 πατρικίῳ.

2166 5690 2435 5763 Κληρικοὶ
2462 5689 2564 5758 τῆς
2597 5690 2655 5742 ἐν
2688 5686 2895 5754 Νικαία
2933 5685 3324 5756 μητροπόλεως
3376 5688 3681 5743 κατέλαϐον

2036 5852 2043 5858 ,
2092 5786 2227 5852 πρὸς
2255 5785 2352 5853 τὴν
2390 5780 2548 5853 ἡμῶν
2594 5780 2947 5851 μετριότητα,
3005 5779 3097 5832 καὶ
3142 5781 3309 5850 χωρὶς
3357 5779 3469 5833 τῶν
3505 5781 3680 5850 λόγων

477 5683 591 5739 Viri
636 5688 820 5741 clerici
871 5686 1128 5743 Ecclesia:
1169 5687 1603 5757 metropolitanae
1643 5685 1877 5743 Nicaznze
1922 5686 1989 5741 ad

412 5786 654 5827 nostram
690 5777 1049 5834 humilitatem
1080 5780 1479 5851 confugerunt;
1538 5780 1723 5845 nullis,
1762 5781 1832 5834 mi
1891 5780 1987 5843 fili.
