4094 6440
294 334 388 396 37'!

1781 336 2196 398 EPISTOIJL

3472 326 3578 392 378

291 457 380 511 ἀπ’
398 453 570 525 αὐτῆς
593 453 799 525 ὅψεως,
821 452 1199 525 τέκνονήμῶν,
1233 453 1332 524 τὴν
1358 453 1624 526 σύγχυσιν
1646 457 1742 509 καὶ
1768 455 1871 526 ,τὴν

1992 456 2205 511 vocibus
2236 454 2419 517 editis,
2450 454 2569 509 solo
2619 464 2841 525 aspectu
2905 452 3283 509 confusionem
3328 460 3382 505 et
3417 452 3574 505 dolo-

290 545 477 619 όδύνην
493 547 593 619 τῆς
623 545 841 600 ἑαυτῶν
872 546 1053 617 ψυχῆς
1073 545 1488 614 ἐμφανίζοντες.
1508 547 1665 600 Ἐπεὶ
1694 547 1750 600 δὲ
1782 546 1879 600 λέ·

289 655 406 709 γειν
427 636 769 717 ἀπήρξαντο,
795 637 1057 691 τοσοῦτον
1086 638 1183 691 καὶ¹
1232 638 1264 707 ἡ
1299 636 1412 692 τῶν
1432 636 1610 706 λόγων
1639 636 1876 698 διάθεσις

291 730 553 803 ἐτύγχανε
571 729 880 800 παθητικὴ,
901 730 983 785 δτι
1006 731 1097 785 καὶ
1116 729 1216 799 τὴν
1237 730 1513 802 ἡμετέραν
1529 731 1713 801 ψυχὴν
1742 729 1880 800 πρὶς

1985 563 2097 603 rem
2125 554 2286 602 suum
2318 545 2736 602 manifestantes
2773 563 2789 600 :
2818 561 2945 601 cum
2982 553 3168 600 autem
3221 544 3434 599 dicendi
3468 544 3575 597 ini-

1979 641 2115 695 tium
2154 640 2432 705 fecissent,
2487 654 2603 695 rem
2654 638 2792 695 adeo
2837 637 3095 695 ﬂebiliter
3146 636 3577 708 pronuntiarunt

1983 743 2042 788 ut
2086 733 2331 788 animam
2359 739 2607 789 nostram
2677 732 2746 788 ad
2791 731 3041 787 eamdem
3092 728 3474 786 confusionem
3525 735 3579 783 et

234 856 239 865 -
287 824 383 896 τὴν
405 821 582 895 αὐτὴν
602 822 894 893 σύγχυσιν,
931 823 1025 877 καὶ
1048 822 1148 895 τὴν
1168 822 1363 894 ὀδύνην
1393 823 1756 894 κατέστησεν,
1793 823 1881 877 ἵνα

1992 823 2224 880 ictorem
2273 832 2330 879 et
2403 836 2663 895 angorem
2739 822 3031 878 moverint.
3101 820 3169 876 Et
3220 833 3330 890 quo
3390 818 3572 872 modo.

293 915 367 988 μὴ
390 914 455 970 τὸ
474 913 644 968 πλέον
661 914 936 984 λέγω,τῆς
950 915 1318 986 συνοχῆς.Καὶ
1329 913 1450 978 πῶς
1467 915 1576 986 7&9
1592 917 1693 969 οὐκ
1715 914 1881 986 ἔμελ⁴

290 1011 400 1073 λον,
433 1007 630 1061 τέκνον
682 1006 841 1078 ἐμὸν,
887 1004 1115 1060 τοιαῦτα
1143 1006 1398 1079 πάσχειν,
1439 1007 1529 1061 ὅτε
1574 1006 1883 1077 λειτουργοὶ

288 1100 380 1156 τοῦ
406 1100 572 1170 ἁγίου
586 1098 986 1172 θυσιαστηρίου
1005 1099 1275 1169 πρεσδύτε
1285 1117 1469 1173 ροι,φη
1480 1101 1561 1173 μὶ,
1578 1102 1675 1156 καὶ
1700 1101 1884 1156 διάκοο

290 1210 392 1255 νοι.
415 1192 597 1247 ὁποῖοι
626 1190 674 1244 δ’
699 1188 769 1244 ἂν
793 1192 892 1245 καὶ
919 1184 1093 1263 ὦμεν,
1127 1193 1224 1245 καὶ
1250 1192 1390 1255 οἵαις
1438 1192 1739 1265 ἁμαρτίαις
1760 1193 1882 1245 ἐνε-

293 1285 527 1357 χόμεθα,
579 1284 720 1355 πρὸς
766 1286 1063 1356 στρατείαν
1122 1288 1396 1356 κοσμικὴν
1445 1284 1881 1355 καταλέγονταις

289 1379 498 1438 θεῖσαι,
534 1375 735 1446 Κύριε,
783 1375 880 1429 τοῦ
916 1375 1072 1445 ἀγίου
1098 1376 1486 1448 θυσιαστηρίου
1517 1395 1637 1441 σου,
1678 1379 1774 1432 καὶ
1811 1377 1885 1448 μὴ

292 1468 432 1521 οὕτω
481 1465 577 1520 διὰ
619 1466 723 1530 τὰς
771 1466 1046 1538 ἁμαρτίας
1094 1467 1253 1539 ἡμῶν
1306 1468 1671 1540 ὲξουδενὼσῃς
1712 1469 1883 1536 ἡμᾶς.

304 1557 470 1626 Ὲγὼ,
514 1558 713 1612 τέκνον
774 1557 930 1629 ὲμδν,
995 1558 1085 1613 ὅτε
1123 1561 1237 1623 τοῖς
1268 1558 1421 1629 ἐμοῖς
1469 1559 1572 1612 ὠσὶ
1615 1557 1889 1629 προῆλθον

292 1650 341 1702 οῖ
368 1648 542 1717 λόγοι,
576 1648 753 1710 οὕτως
784 1647 892 1701 ὑπὸ
923 1646 1031 1701 τοῦ-
1076 1647 1288 1711 πάθονς
1316 1649 1555 1720 ὲπάγην,
1592 1648 1689 1703 καὶ
1714 1649 1889 1712 οὕτως

294 1742 419 1805 ὅλος
445 1742 716 1811 ἐγενόμην
738 1740 843 1808 τῆς
872 1738 1213 1811 ἐκπλήξεως,
1261 1739 1405 1795 ὥστε
1436 1744 1517 1806 είς
1553 1741 1872 1813 ἀμηχανίαν

309 1830 761 1903 μὶνκαταστῆναι
797 1831 893 1885 τοῦ
918 1831 1178 1902 γράφειν,
1234 1834 1403 1905 μηδὲν
1431 1834 1489 1887 δὲ
1538 1833 1668 1890 ἄλλο
1714 1836 1889 1888 ποιεῖν
1924 1830 1962 1884 Β

312 1924 349 1995 ἢ
379 1921 673 1987 ταλανίζειν
705 1922 808 1993 μὲν
838 1921 938 1993 τὴν
967 1923 1180 1979 οίκείαν
1216 1923 1385 1998 ζωὴν,
1416 1925 1641 1997 θρηνεῖν
1684 1925 1743 1979 δὲ
1794 1928 1884 1979 καὶ

317 2013 595 2086 ὖδύρεσθαι
642 2014 738 2069 τὸν
786 2015 1037 2088 παρόντα
1084 2014 1301 2088 καιρὸν,
1331 2015 1389 2082 δς
1419 2017 1678 2087 τοιαύτην
1723 2033 1884 2089 περι-

310 2108 534 2162 πέτειαν
577 2109 781 2179 ἤνεγκε
815 2109 928 2163 τῶν
984 2110 1356 2182 πραγμάτων.
1422 2111 1564 2165 ’Δλλ’
1594 2112 1720 2165 Επεὶ
1775 2111 1887 2165 τῶν

297 2199 588 2271 κληρικιῖιν
642 2202 704 2254 αἱ
756 2200 1096 2274 ὀλοφύρσεις
1134 2202 1424 2275 ἀνακοπὴν
1461 2203 1562 2257 οὐκ
1615 2203 1885 2274 ἐδέχοντο,

291 2286 395 2363 eet
427 2293 529 2347 καὶ
560 2292 719 2365 μόλις
766 2293 960 2367 ὥσπερ
1006 2296 1249 2367 ἐμαυτοῦ
1288 2296 1580 2368 ἐγενόμην,
1621 2297 1719 2351 καὶ
1749 2290 1887 2370 πρέ-

290 2407 395 2444 πον
424 2389 736 2461 ἡγησάμην
777 2388 1020 2462 γράμμα
1060 2391 1200 2462 πρὸς
1239 2389 1341 2461 τὴν
1381 2390 1482 2461 σὴν
1520 2391 1886 2463 μεγαλόνοιαν

287 2481 652 2553 διαχαράξαι,
679 2481 749 2536 δι’
776 2475 838 2535 οὖ
865 2482 1301 2553 παρεγγυῶμαι,
1324 2484 1372 2536 εί
1393 2484 1643 2551 δυνατὸν,
1695 2484 1888 2556 φείσα-

290 2575 419 2630 σθαι
449 2574 551 2628 τοῦ
575 2574 879 2646 ίερατείου,
911 2574 1116 2637 μᾶλλον
1138 2576 1195 2630 δὲ
1220 2575 1320 2647 τῆς
1353 2576 1510 2641 Θείας
1543 2576 1883 2647 δοξολογίας.

290 2672 357 2741 ἢν
378 2672 432 2723 εἰ
464 2669 569 2723 καὶ
591 2668 863 2739 διηνεκῶς
889 2668 1003 2741 ἔχει
1046 2671 1511 2743 προσφερομένην
1534 2672 1595 2727 ὲν
1630 2673 1887 2745 οὐρανοῖς

292 2768 320 2818 ό
348 2763 509 2828 Θεδς,
547 2764 702 2834 ὅμως
746 2761 999 2833 βούλεται
1042 2764 1138 2819 καὶ¹
1181 2767 1275 2819 ἐπὶ
1310 2765 1414 2836 γῆς
1474 2765 1683 2837 ταύτην
1711 2752 1887 2835 ἀὐτῷ

296 2857 436 2928 ὑπὲρ
464 2856 780 2927 ἀνθρώπων
809 2856 1246 2929 προσφέρεσθαι.
1281 2858 1343 2912 El
1377 2860 1475 2930 μὲν
1503 2858 1614 2931 7&9
1662 2860 1759 2913 καὶ
1792 2858 1887 2915 ἀλ·-

295 2950 377 3003 ὶοι
410 2949 585 3013 τινὶς,
621 2948 721 3003 καὶ
751 2948 828 3021 μὴ
860 2950 972 3004 τῶν
1014 2950 1078 3003 τὸ
1117 2950 1276 3020 ἅγιον
1309 2951 1659 3008 κυκλούντων
1693 2952 1885 3007 θυσια-

296 3041 525 3112 στήριον
572 3040 846 3112 ὑπῆρχον,
905 3036 1017 3095 οὐδ’
1051 3040 1227 3107 οὕτως
1259 3039 1330 3116 ἦν
1380 3044 1633 3099 ἀνεκτόψ
1663 3043 1725 3098 τὸ
1777 3044 1887 3116 7&9

294 3134 435 3198 δλως
497 3132 798 3205 ἀφιέρωμα
855 3134 958 3206 ἤδη
1022 3150 1076 3188 τι
1125 3137 1502 3208 γεγενημένον
1559 3139 1642 3203 είς
1698 3141 1887 3210 κοινὴν

295 3228 500 3299 χρῆσιν
532 3226 891 3298 μεταφέρειν,
925 3228 1027 3281 οὐκ
1083 3226 1233 3282 ἔστιν
1267 3230 1663 3302 ἀκατάκριτον.
1717 3230 1890 3285 Ὅταν

295 3317 355 3371 δὲ
389 3318 443 3370 οἱ
480 3318 555 3370 τά
585 3317 720 3386 ἅγια
776 3318 968 3389 φέρειν
1003 3317 1463 3386 καταξιωθέντες,
1495 3323 1699 3376 ἐκεῖνοι
1752 3321 1891 3393 πρὸς

1982 917 2057 972 mi
2112 916 2212 982 ﬁli,
2266 925 2580 972 commotus
2627 930 2736 972 non
2790 914 3022 980 fuerim,
3075 927 3202 968 cum
3273 907 3579 966 sanctuarii

1982 1008 2243 1073 ministri,
2277 1007 2778 1073 saccrdotes,‘dico,
2809 1015 2864 1062 et
2895 1005 3136 1070 diaconi,
3169 1012 3223 1059 et
3250 1002 3579 1073 qualescun-

1983 1116 2090 1172 que
2124 1101 2295 1156 simus
2316 1109 2371 1155 et
2426 1099 2868 1171 quibuscumque
2917 1099 3261 1154 detineamur
3317 1092 3578 1166 peccatis,

1985 1192 2231 1249 saeculari
2263 1190 2561 1247 excercitui
2591 1188 3065 1247 annumerentur?
3100 1188 3296 1250 Parce,
3327 1183 3577 1248 Domine,

1986 1283 2301 1340 sanctuario
2337 1291 2457 1348 tuo,
2496 1289 2551 1338 et
2582 1298 2650 1339 ne
2679 1298 2802 1347 nos,
2833 1289 3057 1353 propter
3083 1286 3313 1354 peccata
3354 1283 3578 1337 nostra,

1986 1376 2055 1431 ad
2113 1374 2343 1431 nihilum
2376 1376 2614 1447 redigas.
2664 1374 2788 1432 lstis
2850 1375 3018 1430 rebus
3079 1371 3307 1435 auditis,
3362 1368 3435 1423 mi
3481 1366 3580 1429 ﬁli,

1988 1471 2124 1525 adeo
2154 1477 2463 1525 commotus
2495 1477 2549 1524 et
2579 1476 2963 1524 consternatus
2991 1465 3091 1533 fui,
3124 1476 3184 1521 ut
3209 1477 3403 1518 manus
3441 1459 3579 1516 scri-

1992 1561 2150 1616 bendi
2200 1559 2443 1616 ollleium
2499 1570 2780 1616 recusaret
2826 1568 2884 1615 et
2937 1559 3072 1614 nihil
3123 1555 3272 1612 aliud
3329 1551 3577 1613 fecerim,

1990 1666 2156 1722 quam
2202 1651 2567 1707 miserrimam
2621 1665 2799 1707 meam
2834 1650 3124 1721 deplorare
3165 1650 3353 1711 vitam,
3403 1645 3584 1714 lacry-

1995 1757 2108 1799 mas
2143 1750 2199 1798 et
2223 1743 2459 1813 gemitus
2492 1744 2655 1799 edere
2684 1743 2751 1797 de
2778 1751 3027 1812 tempore
3077 1737 3353 1809 praesenti,
3389 1735 3580 1791 turba-

1994 1852 2115 1891 rum
2150 1835 2332 1908 pleno.
2373 1834 2511 1902 Quia
2561 1843 2742 1891 autem
2795 1834 3120 1890 clericorum
3153 1830 3572 1887 lamentationes

1989 1938 2096 1985 rion
2125 1929 2436 1996 cessabant,
2456 1943 2582 1987 sero
2616 1937 2672 1986 et
2698 1928 2986 1985 diliiculter
3010 1926 3116 1982 mei
3148 1940 3374 1995 compos
3402 1925 3581 1977 factus

1988 2035 2148 2087 sum;
2214 2028 2330 2077 tum
2393 2032 2761 2095 opportunum
2851 2036 2976 2078 esse
3033 2019 3165 2076 duxi
3247 2018 3454 2072 litteras
3517 2012 3585 2068 ad

1987 2117 2365 2174 excellentiam
2412 2128 2561 2175 tuam
2634 2119 2897 2184 scribere,
2964 2117 3302 2189 parciturus,
3362 2114 3407 2169 si
3466 2109 3580 2166 fieri

1989 2214 2184 2283 possit,
2233 2214 2450 2270 clericis
2533 2229 2629 2270 seu
2686 2213 2872 2285 potius
2921 2211 3121 2268 dii-inre
3172 2208 3387 2282 gloriae.
3446 2205 3588 2259 Deus

1988 2307 2133 2361 enim
2172 2307 2296 2363 licet
2342 2307 2608 2362 honorem
2655 2304 2889 2378 hymnis
2917 2305 3160 2360 oblatum
3214 2301 3588 2356 indesinenter

1990 2398 2043 2454 in
2094 2398 2251 2455 cmlis
2323 2398 2528 2464 audiat,
2591 2397 2955 2453 nihilominus
3019 2396 3135 2451 vult
3203 2401 3265 2449 ut
3333 2389 3585 2445 homines

1990 2491 2045 2546 in
2086 2490 2249 2546 terris
2300 2506 2486 2562 parem
2543 2491 2645 2561 ipsi
2697 2469 2964 2546 deferant.
3011 2487 3166 2555 Quod
3201 2485 3246 2542 si
3293 2483 3383 2538 alii
3418 2495 3582 2553 quam

1990 2582 2255 2638 altaribus
2287 2582 2646 2637 inservientes
2679 2582 2734 2635 in
2766 2596 2931 2636 causa
2959 2587 3163 2642 essent,
3210 2576 3396 2631 minus
3453 2587 3584 2637 gra-

1991 2678 2073 2730 vis
2115 2690 2207 2731 res
2261 2673 2405 2729 foret
2455 2690 2470 2728 :
2532 2673 2798 2744 quidquid
2842 2672 2986 2727 enim
3036 2660 3417 2725 consecratum
3459 2662 3584 2718 fue-

1990 2768 2081 2835 rit,
2134 2767 2201 2823 ad
2250 2782 2411 2823 usum
2450 2767 2740 2837 profanum
2788 2763 3073 2820 transferri
3112 2776 3218 2817 non
3267 2759 3415 2814 licet.
3452 2754 3589 2811 Cum

1992 2870 2177 2916 autem
2231 2861 2327 2931 qui
2371 2860 2439 2914 ad
2492 2872 2648 2916 sacra
2696 2854 3099 2929 pertractanda.
3133 2850 3368 2907 ordinati
3435 2858 3585 2912 sunt,

1991 2952 2058 3007 ad
2105 2951 2341 3007 militum
2373 2950 2681 3007 ministeria
2725 2957 3020 3021 coguntur,
3070 2947 3197 3018 quid
3245 2939 3588 2999 dicendum?

1994 3041 2293 3113 Perpende,
2326 3043 2399 3098 mi
2432 3042 2531 3108 fili,
2571 3041 2716 3114 quod
2753 3058 2852 3097 nec
2891 3049 3119 3105 vestem,
3154 3053 3255 3092 nec
3292 3039 3583 3106 argentum

1991 3147 2152 3201 :rsve,
2201 3150 2269 3189 ne
2324 3134 2561 3205 lapidem
2631 3133 2854 3205 quidem
2900 3129 3200 3202 profanare
3256 3127 3404 3189 licet,
3455 3137 3580 3192 quae

1997 3228 2201 3300 templo
2252 3227 2349 3282 Dei
2403 3227 2620 3283 addicta
2660 3234 2826 3288 sunt,
2881 3232 2936 3280 et
2983 3223 3028 3278 si
3070 3221 3198 3292 quis
3251 3216 3588 3273 contrarium

1998 3322 2179 3377 facere
2232 3337 2399 3377 ausus
2453 3319 2640 3384 fuerit,
2687 3316 3095 3375 damnationem
3162 3327 3269 3368 non
3322 3308 3594 3378 aufugiet.

298 3410 708 3481 στρατιωτικάς
754 3409 1103 3482 λειτουργίας
1160 3412 1512 3493 ἀπάγωνται,
1559 3412 1615 3467 τί
1674 3414 1743 3469 ἄν
1804 3432 1890 3478 τις

2000 3414 2157 3481 Quod
2189 3415 2237 3470 si
2269 3430 2359 3471 res
2383 3414 2455 3470 ita
2479 3428 2540 3470 se
2556 3413 2743 3480 habet,
2775 3409 3054 3482 quomodo
3081 3421 3270 3463 revera
3300 3420 3360 3460 se
3401 3403 3587 3467 habet,

296 3501 454 3571 ipsi;
485 3500 718 3566 Σκόπει,
744 3503 939 3554 τέκνον
971 3501 1152 3572 ἡμῶν,
1185 3503 1269 3557 ὅτι
1290 3501 1414 3557 οὔτε
1472 3502 1727 3575 ὕφασμα,
1759 3501 1888 3557 οὔτε

1999 3507 2304 3579 prudentiae
2344 3516 2474 3571 tum,
2506 3519 2627 3578 qua
2654 3504 2825 3577 gratia
2858 3502 2954 3559 Dei
2987 3501 3224 3556 maxima
3269 3506 3373 3564 est,
3416 3494 3594 3550 facto-

293 3595 570 3665 ἄργυρον,
632 3591 759 3646 οὔτε
791 3593 1016 3664 χαλκὸν,
1067 3593 1182 3649 ἀλλ’
1231 3593 1359 3659 οὔτε
1415 3595 1564 3650 λίθον
1624 3597 1733 3670 εἰς’,
1766 3595 1890 3654 ναὸν

2006 3615 2128 3653 rum
2148 3599 2415 3669 judicium
2434 3598 2709 3669 relinquo.

294 3687 693 3760 ἀφωρισμένον
736 3687 898 3754 Θεοῦ,
967 3688 1146 3756 ἔξεστι
1217 3693 1568 3758 καινοποιεῖν,
1614 3691 1727 3746 οὐδ’
1766 3692 1935 3758 είτις
1965 3695 2144 3769 τολμᾷ
2172 3695 2371 3763 ταῦτα,
2422 3694 2725 3765 καταδίκης
2774 3692 3071 3763 ἀνῶτερος.
3107 3689 3173 3744 Εἰ
3197 3687 3264 3758 δὴ
3292 3680 3387 3742 οὖν
3420 3683 3599 3749 οὕτως

294 3784 467 3848 ἐστὶν,
497 3780 699 3853 ὥσπερ
725 3783 819 3835 καὶ
867 3781 1007 3849 ἔστι,
1054 3784 1137 3837 σοὶ
1163 3785 1477 3839 καταὶείπω
1502 3786 1624 3857 θείᾳ
1654 3786 1842 3858 χάριτι
1868 3789 2194 3860 τελειοτάτῳ
2229 3788 2330 3861 τὴν
2364 3788 2587 3843 σύνεσιν
2608 3788 2745 3851 ὄντι,
2779 3786 2840 3840 τὸ
2886 3782 2984 3839 νῦν
3030 3781 3319 3852 γινόμενον
3358 3778 3595 3848 κρίνειν.

372 3876 729 3947 Ἐϐουλόμην
762 3876 823 3930 τὸ
850 3877 1090 3948 γράμμα
1137 3877 1407 3935 ἐκτείνειν
1448 3880 1544 3933 καὶ
1579 3880 1671 3934 διὰ
1713 3880 1890 3934 adsid-

2075 3884 2132 3936 ln
2175 3883 2318 3938 votis
2350 3891 2470 3936 erat
2506 3882 2718 3936 litteras
2763 3880 2930 3934 hasce
2959 3877 3237 3948 longiores
3274 3873 3507 3930 reddere
3544 3881 3601 3928 et

300 3991 399 4027 νων
431 3971 539 4042 τὴν
578 3968 815 4024 ἀτοπίαν
846 3971 942 4023 τοῦ
970 3971 1326 4040 πράγματος,
1379 3974 1477 4025 καὶ
1505 3970 1565 4025 τὸ
1616 3971 1890 4043 ἡμέτερον

2002 3973 2190 4044 fusius
2252 3972 2775 4043 inopportuuitatem
2834 3969 3000 4040 hujus
3053 3970 3131 4023 rei
3173 3968 3602 4023 demonstrando

300 4066 464 4134 ἄλγος
509 4061 866 4136 ἐμφανίζειν.
929 4063 1070 4116 Ἀλλ’
1117 4064 1281 4118 ἱκανά
1329 4064 1398 4117 τὰ
1442 4064 1714 4136 είρημένα
1757 4065 1890 4135 πρὸς

2002 4074 2248 4119 nostrum
2309 4063 2599 4120 ostendere
2644 4064 2923 4129 dolorem;
2980 4060 3075 4117 sed
3120 4060 3263 4114 dicta
3307 4059 3425 4114 haec
3473 4056 3599 4114 suf-

297 4160 392 4231 τὴν
447 4157 556 4229 σὴν
610 4155 841 4227 ἀρετὴν,
894 4155 1019 4227 ἥτις
1077 4156 1183 4211 κᾶν
1243 4158 1434 4228 μηδεὶς
1491 4158 1680 4228 ἔτερος
1734 4159 1890 4232 λέγῃ,

2000 4160 2193 4215 tieiuut
2260 4158 2451 4212 virtuti
2501 4168 2629 4223 tum,
2683 4172 2805 4227 quze
2848 4172 2880 4211 a
2934 4155 3255 4224 semetipsa,
3285 4154 3386 4209 etsi
3418 4151 3603 4209 nullus

293 4255 504 4326 δυνατὴ
559 4252 659 4322 ἀφ’
693 4251 897 4323 ἑαυτῆς
950 4252 1046 4307 καὶ
1096 4252 1342 4307 συνιέναι
1394 4253 1489 4307 καὶ
1535 4253 1729 4318 ἄλλους
1764 4252 1890 4326 περὶ

2002 4255 2346 4319 indicaverit,
2375 4268 2489 4309 rem
2514 4252 2817 4322 intelligere
2853 4262 2906 4309 ct
2948 4252 3071 4307 aliis
3090 4252 3382 4322 explanare
3431 4248 3597 4304 valet.

289 4350 492 4404 τούτου
563 4345 867 4400 διδάσκειν.
933 4342 1202 4400 Τοσοῦτον
1250 4344 1306 4399 δὲ
1357 4344 1519 4416 μόνον
1582 4345 1748 4416 φημὶ,
1809 4346 1890 4400 ὅτι

2005 4349 2120 4406 lloc
2153 4365 2320 4404 unum
2340 4348 2579 4404 additum
2616 4348 2738 4405 volo
2769 4347 2914 4419 quod
2947 4346 3040 4416 qui
3065 4347 3133 4400 ab
3156 4344 3311 4399 initio
3333 4358 3457 4398 cum
3485 4341 3602 4412 pie.

292 4440 356 4505 ὶξ
384 4437 579 4510 ἀρχῆς
608 4433 911 4510 προνόμιον
944 4435 1155 4490 δέδοται
1200 4433 1354 4506 παρὰ
1407 4436 1517 4489 τῶν
1576 4436 1890 4506 κοσμησάν-

2009 4452 2119 4499 tate
2172 4450 2473 4511 regnarunt
2535 4441 2820 4511 privilegio
2879 4440 3089 4496 clerum
3163 4437 3603 4507 metropolitame

302 4548 410 4585 των
442 4528 719 4599 εὐσεϐείᾳ
768 4528 832 4582 τὸ
866 4527 1064 4598 στέφος
1120 4529 1484 4601 μητροπόλει.
1519 4528 1682 4601 χάριν
1709 4529 1818 4583 τῶν
1845 4531 1890 4582 ἐι

2010 4535 2270 4591 Ecclesiae
2301 4549 2595 4609 ornarere,
2650 4535 2704 4590 in
2758 4534 3118 4591 conciliorum
3146 4548 3367 4601 quoque
3399 4531 3601 4586 ibidem

309 4624 445 4694 αὖτῇ
492 4620 935 4693 κεκροτημένων
988 4622 1154 4695 ἱερῶν
1190 4622 1446 4676 συνόδων.
1499 4622 1608 4676 Καὶ
1634 4622 1737 4693 ὅρα
1766 4622 1891 4684 ὅσος

312 4719 341 4767 ὁ
368 4718 579 4788 χρόνος·
614 4715 712 4782 ἀφ’
737 4709 799 4769 οὗ
831 4716 946 4787 γὰρ
976 4714 1203 4787 Χριστῷ
1263 4716 1515 4786 ὑπετάγη
1566 4715 1646 4786 τῷ
1687 4715 1903 4786 βασιλεῖ

317 4810 415 4861 καὶ
435 4809 553 4879 Θεῷ
583 4812 616 4881 ἡ
641 4809 756 4863 τῶν
790 4812 1089 4883 σκήπτρων
1117 4810 1341 4877 ἐξουσία
1362 4809 1523 4864 τοῦτο
1555 4810 1899 4881 παρεσχέθη,

319 4900 403 4972 μὴ
432 4902 523 4955 νῦν
551 4904 692 4975 ὀρθῇ
725 4903 1228 4976 περιυϐριζόμενον
1286 4904 1421 4976 μηδὲ
1470 4920 1903 4975 καταπεφρονη-

316 4994 503 5064 μένον.
561 4997 633 5050 οὐ
663 4996 777 5068 7&9
805 4994 957 5065 ἄξιον
1008 4996 1135 5051 οὔτε
1174 4996 1309 5070 πρὸς
1359 4997 1528 5070 τιμὴν
1562 4997 1900 5068 διαϐαῖνονῆ

306 5087 422 5141 τῶν
454 5088 915 5158 προσταττόντων
941 5087 977 5158 ἢ
1016 5087 1126 5142 τῶν
1148 5087 1511 5158 πληρούντων
1554 5088 1615 5142 τὸ
1653 5088 1893 5159 πρόστα·

299 5198 446 5252 nu.
476 5170 643 5234 τάδ’
698 5179 835 5235 ἄλλα
887 5180 1205 5253 ἐρρωμένον
1260 5196 1320 5233 σε
1373 5179 1693 5250 διαφυλάξοι
1726 5179 1903 5235 exd-

306 5289 422 5342 ριος
460 5275 527 5326 ὲν
588 5273 763 5326 πᾶσιν
794 5271 1225 5344 εὐαρεστοῦντα,
1286 5273 1381 5326 καὶ
1433 5272 1536 5343 τῆς
1569 5273 1699 5343 παρ’
1731 5272 1903 5326 αὑτοῦ

305 5366 590 5438 ἀποδοχῆς
632 5364 790 5431 ἀξιού
798 5382 982 5436 μενον.

668 5501 844 5555 PNA'.
889 5500 1199 5571 Γρηγοριφ
1266 5500 1549 5572 Ἐφέσου.

377 5642 496 5695 Οὐκ
524 5636 644 5696 οἶδα
681 5640 737 5694 τί
805 5638 920 5709 ἐρῶ
949 5638 1044 5691 ἐπὶ
1081 5640 1193 5703 τοῖς
1223 5640 1326 5693 οὐκ
1352 5638 1634 5694 ἐθέλουσιν
1694 5640 1906 5696 ἀνεῖναι

311 5736 670 5807 σπαραγμοῖς
706 5733 811 5804 τὴν
854 5730 1132 5783 ἐπώδυνον
1182 5730 1419 5803 καρδίαν
1457 5733 1636 5803 ἡμῶν.
1685 5734 1763 5787 Οὐ
1795 5734 1905 5805 7&9

315 5826 452 5884 ἔστιν
478 5828 894 5900 ίδεῖειὴμὲραν,
952 5825 1010 5875 ἐν
1037 5817 1069 5895 ᾖ
1104 5823 1177 5898 μὴ
1201 5824 1742 5912 διαξαινόμεθαταῖς
1771 5828 1898 5881 ἐπι-

2005 4628 2317 4684 habitorum
2341 4630 2595 4698 gratiam.
2619 4627 2777 4683 Nunc
2796 4635 2978 4681 autem
3003 4622 3279 4695 perpende
3306 4635 3550 4692 tempora
3579 4639 3596 4676 :

2004 4736 2127 4792 quae
2183 4720 2403 4776 Christo
2491 4719 2603 4790 regi
2680 4733 2746 4773 ac
2801 4716 2913 4771 Deo
2999 4725 3238 4784 ριιιοειειε
3326 4713 3604 4767 :aerurelis

2004 4814 2264 4868 attributa
2316 4821 2402 4867 est
2455 4827 2518 4867 ea
2551 4825 2699 4865 nunc
2751 4808 2807 4863 in
2868 4816 3242 4876 contemptum
3305 4822 3371 4859 ne
3437 4806 3599 4859 abeat

2005 4903 2150 4973 quod
2206 4918 2307 4957 nec
2347 4899 2745 4973 imperantibus
2795 4913 2900 4954 nec
2952 4896 3338 4953 obedientibus
3396 4896 3595 4950 honori

2004 5002 2171 5051 esset.
2213 4995 2287 5051 De
2341 5004 2539 5051 caetero
2578 5001 2629 5049 te
2663 4991 2939 5046 valentem
2987 4989 3261 5046 custodiat
3294 4990 3602 5057 Dominus;

2006 5088 2061 5144 in
2107 5090 2365 5145 omnibus
2427 5088 2527 5159 ipsi
2588 5084 2972 5157 complaceas,
3044 5091 3100 5138 et
3169 5082 3240 5137 ab
3315 5097 3384 5138 eo
3436 5082 3601 5151 recipi

2007 5199 2294 5239 merearis.

2374 5499 2505 5557 CLI.
2547 5498 2800 5571 Gregorio
2835 5496 3026 5567 Ephesi
3050 5500 3313 5569 episcopo.

2089 5642 2227 5711 Quid
2269 5642 2448 5697 dicam
2479 5637 2547 5695 de
2585 5638 2867 5710 perpetuis
2911 5637 3095 5694 cordis
3125 5635 3301 5692 nostri
3326 5635 3593 5692 cruciati-

2010 5736 2158 5793 bus?
2185 5735 2333 5790 nulla
2357 5740 2442 5788 est
2468 5732 2586 5787 dies
2614 5746 2736 5802 quae
2770 5746 2877 5786 non
2902 5743 3077 5786 novos
3130 5724 3321 5785 alferat
3366 5730 3589 5787 dolores

2010 5838 2064 5884 et
2090 5828 2268 5885 denuo
2305 5840 2404 5883 nos
2431 5824 2654 5897 afﬂigat:
2686 5824 2760 5879 ita
2791 5832 2848 5879 ut
2877 5820 3094 5878 credam
3131 5822 3183 5876 in
3216 5836 3300 5879 me
3321 5820 3587 5888 adimpleo
