4094 6454
523 312 629 374 3ἷ9

1632 309 1946 371 ΝιευιΑι
1986 309 2097 368 CP.
2140 303 2652 369 PATRIARCIUE

3685 299 3792 362 380

527 436 640 480 tum
674 425 742 479 iri
771 424 979 481 dictum
1017 443 1031 479 :
1069 425 1299 494 Semper
1337 424 1491 478 mala
1523 425 1880 479 cumulantur
1917 423 2096 479 malis.

2208 419 2529 490 τιθεμέναις
2576 417 2864 487 ἀλγηδόσι,
2924 417 3019 471 καὶ
3071 417 3379 487 πληροῦται
3430 414 3504 478 ὡς
3543 412 3686 467 ἔοικε
3730 415 3793 467 τὸ

432 542 449 551 ~
527 515 782 586 Undique
830 515 1159 571 insidiantur
1209 516 1333 571 vitae
1382 530 1516 571 meae
1557 534 1569 569 :
1616 516 2102 575 malumnondum

525 608 659 664 abiit
688 618 743 664 et
776 609 889 678 jam
932 608 1081 664 aliud
1129 609 1283 679 pejus
1329 618 1512 676 astat;
1561 610 1751 663 nescio
1823 610 2104 679 quomodo

523 702 728 763 dicam,
759 703 805 757 si
841 701 1061 770 quidem
1096 702 1333 757 assuetis
1357 710 1414 756 et
1442 700 1701 756 humanis
1725 702 2104 757 locationibus

527 793 788 846 utendum
815 791 987 858 ;illud
1037 802 1218 846 autem
1264 792 1405 857 seio,
1440 801 1661 862 peccata
1704 802 1898 848 nostra
1943 792 2108 861 hujus

525 882 945 955 intumescentis
977 884 1104 937 mali
1134 898 1352 937 causam
1385 899 1529 939 esse.
1562 884 1720 951 Quod
1753 885 1899 942 enim
1939 900 2103 940 nemo

524 974 669 1030 alius
695 984 1014 1028 eventurum
1037 975 1333 1044 praedicere
1368 975 1624 1039 auderet,
1653 978 1758 1030 hoc
1790 976 1948 1031 nobis
1977 992 2106 1032 eve-

527 1065 645 1130 nit;
681 1065 868 1119 unde?
897 1080 1084 1119 nonne
1112 1065 1308 1120 deﬂuit
1349 1083 1413 1121 ex
1447 1065 1599 1122 fonte
1635 1067 1799 1122 modo
1831 1069 2109 1125 iudicato?

524 1155 896 1211 Conturbator
944 1158 1189 1225 animus,
1247 1159 1319 1213 mi
1352 1160 1451 1226 lili,
1484 1169 1632 1224 tuus,
1673 1170 1726 1215 et
1780 1161 1959 1217 dolori
2012 1171 2107 1219 tuo

525 1255 711 1302 noster
739 1247 981 1302 additur.
1030 1249 1161 1304 Rem
1211 1250 1428 1319 planius
1460 1251 1672 1307 discas.
1710 1253 1813 1318 Qui
1845 1254 1952 1309 huc
1996 1257 2098 1309 ad-

523 1338 676 1393 Venit
720 1338 1011 1410 Dyrrachii
1059 1342 1431 1412 metropolita,
1481 1345 1671 1399 nescio
1714 1360 1823 1414 qua
1873 1362 2038 1403 causa
2074 1365 2107 1403 a

522 1428 646 1484 sinu
677 1428 937 1484 Ecclesia!
969 1431 1225 1487 recedere
1247 1434 1522 1502 decrevit;
1558 1452 1701 1506 saepe
1723 1440 1926 1509 saepius
1953 1440 2104 1496 illum

523 1521 948 1589 hortationibus,
982 1540 1104 1593 quae
1128 1524 1195 1577 tle
1218 1527 1376 1582 labiis
1399 1528 1536 1582 meis
1566 1530 1868 1587 humilibus
1889 1534 2107 1603 prodire

518 1621 771 1682 possunt,
809 1630 841 1669 a
873 1617 1114 1686 pessimo
1158 1619 1376 1689 incepto
1396 1622 1464 1675 ad
1490 1622 1716 1678 meliora
1736 1626 1997 1689 reducere
2012 1644 2109 1683 ex-

519 1711 714 1768 pertus
739 1720 896 1767 sum;
924 1708 1017 1761 sed
1038 1708 1203 1762 verba
1228 1724 1346 1763 mea
1382 1710 1534 1765 irrita
1557 1709 2103 1785 fuerunt.Propterea

521 1793 678 1848 nobis
733 1794 908 1849 visum
952 1806 1038 1853 est
1081 1809 1141 1853 ut
1178 1799 1327 1855 illum
1360 1802 1426 1856 ad
1481 1811 1531 1857 te
1578 1803 1941 1870 mitteremus,
1971 1825 2096 1863 con-

2207 1796 2399 1850 παθὼν
2448 1795 2546 1849 τοῦ
2607 1796 2979 1868 πληρώματος
3033 1798 3135 1868 τῆς

521 1883 606 1939 tisi
627 1885 699 1939 ita
723 1890 1086 1955 pervicaciam
1104 1891 1224 1959 ejus
1242 1892 1296 1948 in
1314 1894 1643 1965 obsequium
1668 1897 1942 1953 abituram
1959 1914 2104 1956 esse.

520 1976 660 2032 lllud
695 1994 823 2035 vero
858 1996 1078 2052 qunque
1110 1999 1222 2053 prae
1257 1986 1433 2043 oculis
1466 1986 1590 2052 fuit,
1627 1989 1770 2057 quod
1806 1990 1882 2046 ibi
1916 2006 2102 2047 mora-

521 2080 701 2134 turus,
733 2073 1009 2142 quotidie,
1047 2075 1124 2129 uti
1156 2078 1432 2147 conjicere
1459 2080 1605 2142 licet,
1639 2094 1736 2136 eos
1765 2081 1971 2137 videbit
2009 2084 2104 2155 qui

518 2161 586 2214 ab
618 2158 863 2218 Ecclesia
889 2165 1231 2231 defecerunt,
1256 2177 1312 2222 et
1327 2168 1398 2222 ob
1420 2169 1471 2223 id
1504 2169 1782 2227 difﬁcilius
1811 2173 2014 2228 redibit
2047 2174 2100 2228 in

519 2252 702 2308 sinum
754 2254 1033 2311 Ecclesiae.
1081 2256 1162 2312 Ad
1201 2274 1300 2315 vos
1359 2271 1541 2315 autem
1595 2263 1802 2317 missus
1860 2265 2101 2335 siquam

516 2359 713 2399 novam
744 2348 813 2400 ab
853 2346 1096 2403 Ecclesia
1132 2351 1424 2407 secedendi
1457 2368 1698 2409 causam
1722 2355 2004 2423 habuerit,
2042 2373 2111 2414 eo

517 2437 746 2495 facilius.
788 2440 869 2496 ab.
901 2458 965 2497 ea
1017 2446 1227 2501 recedet
1252 2485 1269 2511 ,
1315 2447 1534 2515 quando
1569 2449 2108 2517 pontiﬁcatusvestri

516 2537 752 2595 virtutes.
798 2556 1160 2612 cognoscens,
1198 2543 1397 2599 initam
1428 2544 1633 2599 dudum
1670 2544 2099 2600 faiiiiliaritatem

516 2637 571 2682 et
606 2628 881 2687 beneficia,
911 2649 1034 2703 qua:
1088 2636 1141 2688 in
1173 2649 1299 2690 eum
1350 2636 1653 2692 contuleris
1678 2637 2105 2703 reminiscetur;

515 2720 674 2776 aliter
704 2725 848 2778 enim
913 2728 981 2779 ad
1030 2725 1186 2781 Iuda:
1231 2727 1493 2796 laqueum
1541 2728 1716 2784 abibit
1757 2738 1811 2784 et
1861 2729 2100 2796 pessimo

512 2814 763 2882 exeinple
804 2832 834 2869 a
885 2819 1236 2874 consortibus
1279 2820 1408 2875 dato
1448 2819 1749 2876 Ecclesium
1784 2820 2097 2877 deseruisse

514 2901 658 2957 male
685 2903 936 2974 jactabit.

2210 512 2527 585 εἰρημένον,
2559 505 2718 580 ᾧτινι
2775 512 2872 565 καὶ¹
2895 510 3108 582 ἐρρήθη
3142 511 3231 565 ἀεὶ
3265 510 3335 564 τὰ
3364 510 3516 564 κακᾶ
3542 510 3657 571 τοῖς
3689 525 3791 560 κα-

2210 609 2327 670 κοῖς
2369 606 2851 676 ἐπισυναπτόμενα
2897 607 2989 658 τὸν
3016 604 3150 675 ἐμὸν
3212 599 3611 673 περιστοιχίζει
3652 599 3790 670 βίον·

2211 702 2307 755 καὶ.
2362 698 2646 772 παρῆλθεν.
2688 696 2846 752 οὔπω
2898 697 2961 751 τὸ
3024 699 3229 768 χεῖρον,
3289 696 3387 750 καὶ
3439 695 3794 766 παρέστηκεν

2210 792 2397 861 ἕτερον
2423 793 2627 862 χεῖρον,
2659 789 2763 843 οὐκ
2786 784 2904 842 οἶδα
2935 789 2990 843 τί
3027 788 3167 859 πρὸς
3192 787 3363 841 ταῦτα
3402 786 3535 858 ἐρῶ,
3563 785 3683 840 ἀλλ’
3742 786 3799 839 εί

2210 883 2448 943 καὶτοῖς
2480 870 2741 951 συνήθεσι
2773 880 2868 933 καὶ
2916 879 3285 951 ἀνθρωπίνοις
3324 878 3658 949 ἐχρησάμην
3701 877 3794 931 λό-

2210 991 2349 1044 γοις’
2385 974 2527 1045 πλὴν
2578 967 2700 1026 οῖδα
2729 973 2839 1025 τῶν
2872 971 3165 1042 ἁμαρτιῶν
3194 969 3359 1041 ἡμῶν.
3406 964 3550 1022 εἶναι
3577 967 3675 1040 τὴν
3708 969 3797 1021 αι-

2210 1065 2331 1118 τίαν
2365 1065 2463 1134 τῆς
2484 1064 2742 1134 τοιαύτης
2771 1063 2880 1117 τῶν
2913 1063 3170 1135 χαλεπῶν
3223 1060 3546 1124 ἐπιθέσεως.
3580 1060 3658 1112 Τὸ
3679 1058 3792 1139 γὰρ

2208 1154 2245 1213 ἃ
2275 1155 2399 1225 μηδ’
2427 1154 2592 1210 ἄλλου
2624 1154 2771 1218 τινὸς
2818 1154 3180 1227 προλέγοντος
3230 1153 3457 1207 ἐλπίσαι
3505 1150 3790 1221 γενέσθαι,

2207 1246 2382 1300 ταῦτα
2411 1248 2543 1317 ἡμῖν
2569 1246 2835 1316 ἁπαντᾷν,
2889 1245 3054 1298 πόθεν
3095 1242 3340 1310 ἄλλοθεν,
3371 1244 3405 1315 ἢ
3438 1237 3591 1314 ἐξῆς
3636 1238 3794 1296 εἷπον

2208 1338 2385 1402 αἰτίας
2418 1337 2532 1409 ἔχει
2566 1341 2665 1407 τὴν
2720 1338 2969 1406 γένεσινς
3003 1337 3222 1408 Θορυϐῇ
3276 1336 3378 1405 τὴν
3410 1336 3592 1406 ψυχὴν
3629 1334 3790 1400 ἴσως,

2209 1430 2399 1483 τέχναν
2450 1430 2609 1500 ἡμῶν
2644 1429 2963 1500 ἱερώτατον,
3020 1429 3212 1499 ὥσπερ
3270 1429 3793 1498 ἐπικεκαλυμμένης

2210 1520 2547 1593 προσιούσης
2609 1539 2690 1575 σοι
2730 1522 2828 1592 τῆς
2884 1524 3162 1593 ἡμετέρας
3222 1522 3538 1592 ἀλγηδόνος.
3578 1520 3793 1575 Οὐκοῦν

2206 1593 2529 1685 τὸπράγμα
2562 1613 2916 1686 ἐκδηλότερον
2951 1616 3216 1686 μάνθανε.
3265 1616 3324 1669 Ὁ
3348 1615 3442 1669 τοῦ
3472 1615 3787 1688 Δυρραχίου

2212 1705 2622 1777 μητροπολίτης
2658 1708 2725 1759 τὰ
2765 1705 3002 1760 ἐνταῦθα
3043 1705 3395 1772 καταλαϐὼν,
3427 1706 3528 1760 οὐκ
3573 1701 3691 1761 οἶδα
3738 1705 3793 1758 τί

3205 1797 3533 1868 Ἐκκλησίας
3593 1798 3794 1853 ἐαυτὸν

2203 1886 2569 1959 ἀπομερίζειν
2592 1887 2874 1958 ἠγάπησε·
2921 1886 3113 1941 τοῦτον
3159 1887 3481 1950 πλειστάκις
3515 1887 3790 1956 παραινέ-

2204 1994 2376 2043 σεσιν,
2410 1978 2533 2031 ὅσαι
2561 1977 2672 2032 τῶν
2698 1978 2974 2032 ταπεινῶν
2996 1975 3220 2048 χειλέων
3248 1978 3407 2050 ἡμῶν
3443 1979 3600 2048 ἰσχὺν
3632 1977 3794 2048 ἔχου-

2204 2086 2257 2124 σι
2294 2070 2565 2141 προϊέναι,
2594 2070 2698 2140 τῆς
2737 2070 2945 2125 ἀτόπου
2972 2072 3199 2143 γνώμης
3241 2072 3593 2141 μετενεγκεῖν
3634 2071 3788 2123 ἐπει-

2205 2162 2483 2234 ράθημεν,
2507 2162 2624 2217 ἀλλ’
2683 2164 2764 2228 είς
2820 2164 2977 2219 κενὸν
3035 2164 3301 2236 ὤφθημεν
3336 2163 3783 2236 ῥαψῳδήσαντες.

2204 2256 2304 2312 Διά
2333 2255 2491 2310 τοῦτο
2518 2255 2657 2326 πρὸς
2685 2258 2785 2327 τὴν
2818 2256 2973 2328 ὑμῶν
3015 2256 3239 2312 σύνεσιν.
3267 2256 3660 2329 ἐκπεμφθῆναι
3689 2257 3791 2308 αὐ-

2205 2349 2297 2402 τὸν
2332 2347 2498 2402 καλὸν
2531 2344 2673 2401 εἶναι
2701 2350 3065 2420 κεκρίκαμεν,
3116 2349 3436 2414 ἐλπίζοντες
3465 2348 3527 2402 τὸ
3559 2347 3791 2410 ἀπειθὲς

2208 2439 2376 2495 αὐτοῦ
2425 2444 2503 2505 εἰς
2547 2440 2865 2494 εὐπείθειαν
2911 2441 3059 2496 οὕτω
3109 2442 3526 2513 μετενεχθῆναι*
3565 2441 3683 2509 ἅμα
3734 2440 3801 2492 δὲ

2211 2531 2491 2587 καὶτοῦτο
2523 2533 2949 2605 ἐνθυμηθέντες,
2974 2534 3057 2587 ὅτι
3084 2533 3322 2588 ἐνταῦθα
3351 2531 3645 2603 διατρίϐων
3671 2531 3800 2595 ,ὑπὸ

2208 2625 2318 2680 τῶν
2352 2626 2851 2699 ἀποστατησὰντων
2880 2628 2978 2696 τῆς
3018 2625 3348 2696 Ἐκκλησίας
3370 2620 3459 2678 οἷα
3488 2624 3634 2686 είκδς
3662 2622 3801 2680 καθ’

2209 2721 2451 2790 ἑκάστην
2505 2723 2826 2791 είσηγήσεις
2872 2718 3193 2790 λαμϐάνων,
3224 2719 3451 2791 ὕστερον
3485 2719 3808 2790 ὀφθήσεται

2209 2815 2345 2885 πρὶς
2379 2815 2438 2866 τὸ
2467 2816 2534 2884 τῇ
2584 2813 2892 2884 Ἐκκλησία
2920 2813 3263 2882 συναφθῆναι
3308 2811 3803 2883 δυσπειθέστερος.

2206 2907 2350 2977 Πρὸς
2381 2906 2525 2975 ὑμᾶς
2554 2905 2610 2958 δὲ
2644 2905 3148 2977 στελλόμενος,,καὶ
3199 2907 3252 2961 et
3300 2923 3424 2960 τινα
3482 2904 3801 2976 πρόσληψιν

512 2998 644 3068 ἔσχε
697 3000 794 3055 τοῦ
858 3004 958 3073 τῆς
1007 3005 1337 3078 Ἐκκλησίας
1382 3007 1736 3075 ἀποστατεῖν,
1776 3008 1977 3081 ῥᾳδίως
2025 3005 2298 3075 ἁποθήσει
2360 3003 2455 3073 τήν
2499 3019 2560 3055 τε
2612 3002 2779 3073 ἄλλην
2842 3003 3045 3073 ἀρετὴν
3100 3004 3198 3074 τῆς
3234 3000 3335 3071 σῆς
3369 2998 3803 3071 ἀρχιερωσύνης

510 3095 1000 3170 ἐξευλαϐούμενος,
1052 3102 1149 3156 καὶ
1183 3103 1282 3170 τὴν
1309 3103 1369 3170 ἐξ
1407 3104 1588 3175 ἀρχῆς
1637 3103 1961 3177 συνήθειαν,
2002 3102 2102 3157 καὶ
2151 3102 2285 3173 ὅσης
2344 3098 2672 3167 εὐεργεσίας
2710 3096 2863 3168 αὐτῷ
2917 3096 3178 3170 πρόξενος
3231 3097 3423 3164 ἐγένου
3462 3096 3803 3165 ἀναλογιζό-

513 3207 710 3259 μενος,
737 3193 789 3246 ει
821 3194 897 3264 μὴ
930 3194 1041 3267 ἄρα
1076 3196 1217 3268 πρὸς
1265 3196 1367 3251 τὸν.
1391 3198 1490 3252 τοῦ
1529 3198 1703 3253 ’ἰούδα
1739 3197 1959 3269 βρόχον,
2002 3196 2099 3252 καὶ⁵
2126 3196 2180 3250 εῖ
2212 3214 2294 3261 τις
2350 3194 2574 3248 ἐκείνων
2629 3192 2936 3264 παρόμοιος
2988 3193 3306 3256 κατένευσε,
3359 3192 3455 3245 καὶ
3484 3191 3571 3246 διὰ
3626 3190 3813 3249 τοῦτα

516 3285 889 3356 φιλονεικήσει
918 3287 1014 3341 τοῦ
1045 3289 1144 3360 τῆς
1189 3288 1522 3359 Ἐκκλησίας
1558 3290 1752 3344 ἑαυτὸν
1782 3292 2086 3362 ἀποτεμεῖν
2116 3288 2396 3360 σώματος.

1081 3406 1238 3463 CLII.
1270 3405 1531 3491 Incerto.

579 3518 726 3575 Nihil
754 3519 923 3585 aliud,
967 3521 1037 3575 mi
1072 3520 1170 3587 illi,
1204 3522 1269 3576 ad
1297 3530 1347 3576 te
1390 3521 1575 3576 scribo
1608 3521 1703 3591 qui
1750 3521 1977 3592 proprio
2007 3521 2095 3577 im-

512 3614 671 3685 geuio
726 3616 792 3668 ac!
840 3629 1001 3669 omne
1047 3615 1252 3669 bonum
1300 3623 1354 3669 et
1403 3615 1515 3668 Deo
1572 3627 1787 3684 gratum
1851 3616 2091 3682 duceris,

512 3705 618 3761 nisi
670 3713 730 3759 ut
777 3705 1024 3773 epistola:
1072 3706 1236 3776 hujus
1286 3706 1491 3763 latores
1538 3708 1987 3764 commendemus
2028 3725 2093 3765 ac

508 3809 697 3853 notum
731 3798 1001 3854 faciamus
1033 3798 1156 3856 illos
1198 3801 1265 3855 ab
1296 3797 1540 3856 Ecclesia
1573 3797 1670 3856 Dei
1712 3811 1939 3873 propter
1966 3818 2089 3858 ser-

508 3881 761 3959 vitutem’,
792 3893 843 3947 id
874 3903 959 3948 cst
1005 3909 1291 3965 cymarum
1331 3894 1533 3950 tributa
1567 3902 1783 3951 amatos
1811 3910 1956 3951 esse.
2005 3895 2092 3951 ln-

507 3987 817 4057 telligentia:
873 3996 977 4041 tua:
1041 3988 1320 4056 negotium
1364 3999 1446 4042 cst
1526 4003 1586 4042 re
1624 3988 1831 4052 audita,
1864 3989 1983 4044 illos
2026 3990 2094 4044 ab

507 4081 654 4133 omni
682 4079 898 4148 publica
932 4079 1195 4135 servitute
1226 4090 1280 4133 et
1301 4079 1592 4135 vexatione
1613 4079 1876 4136 liberatos
1909 4079 2090 4146 tueri;

507 4169 850 4238 impossibile
880 4178 986 4232 est,
1024 4169 1103 4224 uti
1150 4170 1265 4236 ipse
1316 4169 1481 4231 nosti,
1534 4168 1820 4238 vectigalia
1874 4170 2092 4240 publica

506 4260 718 4315 solvere
751 4267 805 4313 et
840 4257 1037 4312 tributa
1091 4258 1368 4321 conferre,
1411 4258 1482 4312 ah
1519 4258 1763 4313 Ecclesia
1803 4261 2089 4328 imperata.

509 4352 581 4405 De
609 4359 826 4417 caetero,
860 4351 1065 4417 valeas,
1103 4353 1174 4405 mi
1213 4353 1306 4419 (ili,
1340 4360 1394 4405 et
1423 4352 1698 4407 custodiat
1732 4363 1783 4407 te
1818 4352 2088 4411 Dominus

502 4444 609 4498 sub
660 4444 854 4499 umbra
889 4445 1100 4498 alarum
1149 4460 1399 4509 suarum,
1433 4454 1493 4498 ut
1516 4446 1779 4515 lasneram
1810 4454 1863 4501 et
1894 4447 2088 4503 duram

506 4538 629 4592 vita:
658 4538 801 4593 viam
835 4538 1100 4609 perﬁcere
1133 4540 1338 4609 possis.

2752 3403 2925 3462 PNB’;
2957 3402 3213 3471 Ἀδήλῳε

2265 3522 2433 3578 οὐδὲν
2467 3521 2597 3578 ἄλλο
2621 3520 2761 3594 πρδς
2792 3521 2893 3593 τὴν
2915 3520 3071 3591 ὑμῶν
3104 3520 3344 3586 σύνεσιν,
3376 3520 3570 3575 τέκνον
3598 3522 3788 3592 ήμῶν,

2193 3613 2694 3687 αὐτοπαράκλητον
2725 3612 2893 3669 οὖσαν
2949 3612 3089 3686 πρὸς
3125 3613 3186 3666 τὸ
3220 3613 3387 3667 καλὸν
3446 3616 3542 3667 καὶ
3585 3612 3789 3687 θεάρε-

2193 3725 2318 3764 στον
2354 3707 2701 3779 γράφομεν,ῆ
2732 3706 2894 3779 μόνον
2925 3707 3052 3761 ὅσον
3084 3707 3163 3770 είς
3181 3707 3245 3760 τὸ
3272 3707 3626 3779 παραστῆσαι
3652 3709 3791 3769 τοὺς

2190 3801 2695 3873 ἐπικομιζομένους
2751 3798 2814 3854 τὸ
2862 3801 3126 3873 γράμμα,
3184 3802 3282 3855 καὶ
3331 3801 3596 3871 γνωρίσαι
3644 3801 3791 3871 ὑμῖν

2197 3897 2281 3950 ὅτι
2312 3898 2377 3966 τῇ
2416 3895 2512 3949 τοῦ
2565 3896 2703 3949 Θεοῦ
2755 3896 2967 3967 μεγάλῃ
3031 3894 3332 3966 Ἐκκλησία
3363 3893 3502 3966 πρὸς
3549 3895 3646 3965 τὴν
3681 3895 3785 3949 ἀπ’

2196 3990 2373 4060 ἀρχῆς
2431 3988 2840 4060 ἀποταχθεῖσαν
2891 3989 3227 4063 ὑπηρεσίαν,
3268 3988 3507 4059 λέγομεν
3557 3988 3621 4060 δὴ
3681 3989 3794 4059 τὴν

2195 4087 2295 4153 τῆς
2323 4084 2584 4157 κράμϐης
2617 4086 2949 4149 συντέλειαν,
2996 4086 3378 4156 ἀφωρισμέναι
3417 4084 3791 4156 τυγχάνουσι.

2194 4175 2295 4230 Σὺν
2342 4171 2438 4230 οὖν
2477 4178 2595 4230 ἐστι
2639 4178 2737 4231 καὶ
2785 4176 2885 4246 τῆς
2936 4176 3036 4248 σῆς
3068 4177 3342 4248 ἔμφρονος
3369 4180 3597 4247 γνώμης
3619 4176 3801 4231 τοῦτο

2196 4266 2423 4337 μαθόντι
2451 4267 2784 4340 διατηρῆσαι
2815 4269 3014 4333 αὐτοὺς
3058 4269 3288 4340 ἀϐαρεῖς
3325 4271 3427 4341 τῆς
3466 4270 3637 4338 ἄλλης
3681 4271 3795 4324 τοῦ

2189 4360 2454 4431 δημοσίου
2495 4360 2855 4431 περιαγωγῆς
2907 4360 3009 4413 καὶ
3039 4360 3443 4432 περιστάσεως.
3490 4359 3803 4416 Ἀδύνατον

2189 4451 2324 4523 γὰρ,
2359 4451 2438 4515 ὡς
2475 4452 2572 4505 καὶ
2606 4451 2770 4516 αὐτὸς
2817 4451 3204 4519 ἐξεπίστασαι,
3259 4455 3381 4515 ταῖς
3423 4468 3484 4504 τε
3535 4449 3803 4524 λειτουρο

2188 4543 2340 4611 γίαις
2367 4540 2463 4595 τοῦ
2492 4542 2758 4612 δημοσίου
2808 4542 3141 4610 ὑπάγεσθαι,
3187 4545 3284 4597 καὶ
3337 4544 3438 4614 τὴν
3488 4543 3549 4608 ἐξ
3598 4543 3803 4613 ἀρχῆς

504 4633 909 4706 ἀποταχθεῖσαν
938 4636 1125 4700 αὐτοῖς
1158 4638 1216 4690 ἐν
1246 4639 1313 4706 τῇ
1363 4636 1667 4710 Ἐκκλησία
1729 4638 2005 4692 ἐπιτελεῖν
2054 4639 2448 4711 συνεισφοράν.
2520 4639 2602 4693 Τά
2631 4638 2676 4692 δ’
2704 4638 2841 4693 ἄλλα
2893 4640 3209 4712 ἐρρωμένον
3262 4657 3322 4693 σε
3386 4640 3721 4710 διαφυλάξοι
3764 4647 3802 4698 ὁ

504 4728 711 4800 Κύριος
733 4769 749 4795 ,
790 4727 982 4783 τέκνον
1012 4728 1195 4800 ἡμῶν,
1220 4727 1325 4782 ὑπὸ
1351 4730 1418 4802 τῇ
1454 4730 1639 4795 σκέπη
1657 4729 1765 4785 τῶν
1796 4730 2088 4803 πτερύγων
2141 4731 2334 4797 αὐτοῦ,
2375 4731 2476 4800 τὴν
2513 4729 2802 4801 ἀνώμαλον
2859 4732 2955 4785 καὶ
2990 4730 3297 4786 πολύπονον
3353 4731 3450 4785 τοῦ
3509 4733 3628 4804 βίου
3657 4734 3805 4788 (ἰδὲ-δ

501 4823 816 4891 ὲξανύοντα.

661 4943 842 4998 CLIII.
878 4942 1165 4997 Theodosio
1199 4945 1452 4999 monacho
1479 4955 1525 4999 et
1556 4945 1908 5001 Cubicularia.

572 5062 692 5116 Alia
746 5061 815 5115 de
867 5061 1158 5115 monachis
1186 5076 1630 5129 speraverainus.
1677 5076 1742 5116 ac
1771 5077 1891 5131 quin
1924 5062 2080 5117 nobis

502 5167 600 5223 per
642 5152 852 5206 litteras
912 5151 1264 5208 manifestata
1318 5165 1447 5208 sunt
1509 5170 1523 5208 :
1587 5169 1783 5224 nempe
1823 5169 1919 5210 eos
1970 5169 2078 5208 non

501 5260 669 5317 parvo
712 5243 953 5300 fruentes
998 5245 1265 5301 beneﬁcio
1306 5260 1400 5315 per
1441 5249 1805 5301 reverentiam
1837 5255 2077 5302 vestram

500 5338 702 5394 collato
747 5351 1031 5406 nunquam
1066 5343 1174 5391 tua:
1204 5336 1552 5394 liberalitatis
1599 5339 1923 5394 memoriam
1956 5354 2080 5395 esse

501 5431 828 5489 amissuros.
846 5428 937 5483 sed
959 5444 1053 5499 per
1071 5437 1242 5484 totam
1256 5431 1423 5485 vitam
1443 5432 1639 5487 merita
1662 5432 1871 5488 meritis
1894 5448 2087 5503 repen-

499 5533 719 5579 saturos
748 5532 805 5577 et
834 5521 1235 5577 benefactorum
1269 5539 1371 5594 pro
1410 5525 1620 5580 viribus
1650 5526 1704 5580 in
1743 5527 1950 5582 honore
1981 5527 2084 5581 ha-

504 5616 736 5672 bituros.
768 5612 925 5672 Nunc
951 5625 1134 5671 autem
1161 5615 1293 5686 quid
1316 5617 1534 5673 dicam?
1563 5617 1760 5673 Dolore
1785 5633 2082 5688 oppressus

510 5719 632 5758 cum
657 5705 927 5774 Propheta
959 5708 1243 5764 clamabo:
1272 5728 1291 5759 ι
1320 5708 1478 5765 Salva
1504 5725 1611 5776 me,
1659 5708 1908 5776 Domine,
1939 5725 2081 5781 quo—

514 5810 662 5848 niam
697 5796 891 5853 defecit
927 5808 1173 5864 sanctus,
1202 5802 1459 5870 quoniam
1495 5802 1752 5859 veritates
1781 5801 2084 5859 imminuta:

2112 4952 2155 5006 ι)
2222 4946 2390 5000 PNl".
2448 4943 2747 5010 Θεοδοσίῳ
2777 4942 3027 5014 μοναχῷ
3085 4943 3183 4998 καὶ
3239 4945 3754 5016 κουσουκλεισίιρ.

2267 5061 2470 5125 Ἀλλας
2500 5062 2808 5133 ἐτρέφομεν
2837 5060 3061 5124 ἐλπίδας
3103 5060 3197 5112 ἐπὶ
3248 5062 3363 5124 τοῖς
3415 5062 3808 5132 μονάζουσιν,

2190 5158 2223 5229 ἢ
2257 5156 2449 5219 ὁποίας
2483 5154 2581 5209 νῦν
2612 5155 2703 5208 διὰ
2743 5153 2839 5208 τοῦ
2873 5154 3205 5225 γράμματος
3235 5152 3507 5225 ἔγνωμεν.
3557 5155 3645 5218 Ὠς
3686 5160 3807 5212 εἰ..

2189 5250 2284 5313 κδς
2313 5249 2423 5321 γὰρ
2462 5248 2765 5318 ἠλπίζομεν
2795 5247 2896 5301 οὐκ
2927 5247 3118 5315 ὀλίγης
3146 5246 3474 5317 εὐεργεσίας
3524 5247 3801 5302 ἀπολαύ..

2190 5357 2391 5403 σαντας
2428 5340 2627 5403 αὐτοὺς
2657 5338 2816 5410 παρά
2844 5339 2944 5408 τῆς
2975 5338 3130 5409 ὑμῶν
3179 5338 3461 5406 ὁσιότητος
3503 5340 3565 5393 οὐ
3606 5341 3800 5411 μόνον

2184 5430 2361 5495 οὕτως
2389 5432 2448 5486 ἐν
2486 5430 2684 5503 βραχεῖ
2710 5430 2891 5501 καιρῷ
2933 5429 3293 5500 ἐπιλελῆσθαι
3330 5430 3432 5499 τῆς
3493 5431 3592 5502 σῆς
3631 5432 3803 5501 ἀγα..

2185 5523 2288 5594 θῇς
2316 5524 2718 5595 προαιρέσεως,
2765 5522 2906 5577 ἀλλά
2939 5527 3035 5576 καὶ
3074 5522 3168 5576 τδν
3220 5522 3403 5577 πάντα
3434 5523 3551 5593 βίον
3584 5525 3798 5581 διατε-

2183 5618 2368 5672 λέσειν
2437 5614 2956 5686 εὐγνωμονοῠντας,
3009 5615 3104 5667 καὶ
3153 5615 3248 5669 τὸν
3308 5617 3612 5687 εὐεργέτην
3663 5618 3795 5692 ὅση

2182 5710 2415 5781 δύναμις
2445 5707 2875 5774 ἀντιδεξιοῦσθαι
2904 5708 3024 5772 ταῖς
3052 5708 3374 5779 θεραπείαις
3415 5710 3787 5774 σπουδάζειν,

2182 5803 2299 5857 Νῦν
2327 5804 2383 5857 δέ
2416 5801 2470 5857 τί
2513 5802 2701 5868 silum;
2761 5799 3058 5869 Ἐξάγομαι
3118 5802 3224 5873 γὰρ
3273 5802 3377 5857 (me
3411 5802 3507 5872 τῆς
3560 5800 3785 5870 λύπης,
