4094 6416
424 294 527 362 38l

1920 306 2343 367 EPISTOL

3581 312 3687 375 38‘2

422 413 519 465 καὶ
533 392 845 481 φθέγγομαι
864 413 963 466 σὺν
978 412 1059 484 τῷ
1073 416 1352 487 Προφήτῃ·
1369 434 1386 467 ι
1398 416 1582 469 Σῶτόν
1613 435 1678 485 με
1690 419 1996 488 .Κύριε,ὅτι

2101 430 2230 475 sunt
2245 434 2275 474 a
2295 420 2417 475 ﬁliis
2442 420 2928 487 bominum,et‘non
2947 432 3029 478 est
3049 423 3138 493 qui
3159 424 3557 491 faciatbonum,
3578 441 3684 481 non

419 503 744 556 ἐκλέλοιπεν
774 504 946 569 ὅσιος,
971 507 1054 558 ὅτι
1077 506 1440 575 ὠλιγὼθησαν
1489 510 1547 561 αἱ
1576 508 1850 578 ἀλήθειαι,
1893 509 2002 562 ἀπὸ

418 592 536 646 τῶν
565 593 697 646 υἰῶν
723 592 836 646 τῶν
872 595 1198 663 ἀνθρώπων,
1229 599 1327 650 καὶ
1360 600 1462 652 οὐκ
1510 597 1633 673 ’ἐστι
1663 599 1834 652 ποιῶν
1861 613 2002 671 χρη-

417 685 684 755 στότητα,
707 686 810 738 οὐκ
852 686 1001 739 ἔστιν
1031 687 1134 749 ἕως
1166 688 1343 753 ἑνός.»
1367 689 1509 743 Ἀλλ’
1540 691 1740 744 ἐκεῖνοι
1773 691 1873 762 μὲν
1899 692 2003 758 τῆς

415 776 778 847 ἀχαριστίας,
802 778 937 841 ἴσως
971 780 1068 832 καὶ
1095 779 1192 832 νῦν
1222 780 1320 832 τοῦ
1368 781 1595 853 κέρδους
1625 784 2001 856 αίσθήσονται·

415 873 648 935 πάντως
674 870 734 924 δὲ
763 873 814 924 εἰ
842 871 937 925 καὶ
969 874 1044 944 μὴ
1068 872 1185 940 νῦν,
1220 874 1334 927 ἀλλ’
1356 877 1415 928 ὲν
1458 877 1537 947 τῷ
1579 878 1827 948 μέλλοντι
1848 881 2004 932 αἰῶνι

414 962 841 1027 συπετάξονται
881 967 997 1027 τοῖς
1019 966 1416 1036 ἀγνωμονοῦσι.
1461 968 1541 1023 Σίι
1559 969 1637 1035 δὲ,
1670 964 1717 1024 ὦ
1749 970 2004 1041 ἄνθρωπε

410 1056 515 1110 τοῦ
547 1054 795 1126 Θεοῦ,μὴ
825 1055 1046 1124 ἀκηδία,
1075 1058 1210 1127 μηδὲ
1234 1058 1293 1111 τὸ
1321 1059 1527 1129 ὐῂλὸν
1545 1062 1644 1131 τῆς
1665 1062 1904 1127 διανοίας
1926 1063 2006 1134 τῷ

417 1145 595 1200 πάθει
619 1146 1063 1219 καταϐαπτίσῃς,
1092 1148 1313 1219 ἀφορῶν
1338 1151 1475 1221 πρὸς
1496 1152 1594 1223 τὴν
1613 1152 1764 1206 θείαν
1784 1153 2007 1221 ἀντίλη-

409 1241 533 1310 ψιν,
560 1240 690 1311 ἣτις
709 1238 969 1293 οὐδέποτε
1007 1241 1330 1295 καταλείπει
1352 1245 1478 1307 τοὺς
1504 1244 1639 1313 πρὸς
1664 1246 1835 1317 αὐτὴν
1870 1248 2007 1315 ἀφο-

415 1329 659 1400 ρῶντας.
696 1328 861 1383 Ἀλλά
899 1329 1013 1385 τῶν
1025 1332 1127 1400 μὲν
1150 1333 1659 1404 ἀγωμονησάντων
1678 1336 2003 1407 ὑπερεύχου,

413 1423 718 1494 οἰκτείρων
744 1423 843 1492 τῆς
864 1423 1064 1487 κακίας
1087 1425 1287 1490 αὐτοὺς
1307 1425 1383 1488 ὡς
1409 1426 1508 1481 ἀνθ
1517 1445 1700 1498 ρωπος
1723 1428 1817 1483 τοῦ
1844 1429 2004 1483 Θεοῦ·

415 1514 515 1566 ἐπὶ
538 1513 598 1567 δι
626 1513 740 1567 τῶν
788 1514 1171 1585 χρηστοτέρων
1198 1517 1431 1571 ἐλπίδων
1463 1520 1745 1572 πεποιθότι
1774 1519 2005 1591 ἀνάϐηθι

415 1603 691 1676 λογισμῷ⁸
718 1606 935 1670 πάντως
960 1607 1070 1679 γὰρ
1087 1608 1184 1661 σὺν
1210 1611 1277 1679 τῇ
1305 1609 1428 1680 θείᾳ
1452 1611 1710 1681 εὐμενείᾳ
1737 1611 1847 1677 τῶν
1868 1613 2007 1674 τέως

415 1697 740 1751 λυποῦντων
765 1699 868 1769 τὴν
897 1698 1045 1771 ζωὴν
1074 1702 1226 1754 ἔσται
1252 1700 1496 1766 διάλυσις
1524 1705 1675 1772 παρὰ
1706 1703 1801 1757 τοῦ
1840 1704 2006 1774 μηδέ-

428 1788 1039 1859 ποτικαταιςχύνοντος
1065 1790 1206 1843 Θεοῦ
1252 1793 1384 1855 τοὺς
1438 1792 1675 1856 οἰκείους
1733 1792 2003 1864 θεράπον-

2103 523 2187 568 est
2208 527 2380 581 usque
2397 512 2464 567 ad
2490 528 2653 567 unum
2676 514 2718 567 ³.
2742 533 2760 565 ι
2790 514 2867 569 Illi
2892 524 3078 569 autem
3095 526 3148 570 et
3172 516 3608 585 ingratitudinem
3629 525 3685 572 et

2104 601 2290 658 forsan
2318 605 2528 657 lucrum
2557 618 2799 673 praesens
2821 605 3091 671 sentient;
3123 606 3360 673 .utique,
3399 609 3445 660 si
3478 622 3587 662 non
3622 609 3675 662 in

2105 695 2377 767 praesenti,
2407 694 2650 766 profecto
2711 696 2766 750 in
2807 695 2991 752 futuro
3016 697 3216 752 sarculo
3253 698 3478 767 ingratis
3510 714 3687 753 annu-

2108 786 2483 841 merabuntur.
2522 784 2602 839 Tu
2636 800 2785 850 vero,
2816 801 2851 841 o
2883 788 3048 842 homo
3076 786 3191 851 Dei,
3225 802 3326 843 nee
3358 788 3546 843 acedia
3587 803 3688 844 nec

2107 879 2366 933 maestitia
2422 879 2667 933 animum
2724 889 2877 931 tuntn
2931 879 3251 948 deprimas,
3306 882 3373 934 ad
3439 880 3682 934 divinant

2106 978 2288 1025 autem
2316 971 2551 1040 aspicias
2582 969 3103 1036 remunerationem,
3130 988 3251 1042 quae
3267 972 3689 1041 expectantibus

2106 1060 2251 1115 illam
2279 1076 2557 1131 nunquam
2589 1061 2823 1116 deﬁciet.
2869 1060 2975 1117 Pro
3000 1062 3237 1130 ingratis
3266 1063 3519 1119 eﬂ'undas
3561 1079 3688 1133 pre-

2106 1166 2200 1206 ces
2226 1163 2279 1206 et
2318 1166 2443 1207 eum
2480 1154 2556 1208 sis
2605 1153 2770 1208 homo
2815 1153 2934 1220 Dei,
2972 1153 3189 1208 illorum
3233 1155 3458 1209 malitiae
3491 1164 3542 1209 te
3583 1155 3684 1208 mi-

2107 1250 2320 1308 sereat;
2351 1243 2690 1299 conﬁdenter
2714 1245 2781 1298 ad
2811 1259 2962 1314 spem
3011 1245 3297 1301 meliorem
3329 1261 3452 1300 cum
3487 1246 3682 1302 ﬁducia

2107 1333 2350 1404 refugias
2379 1351 2396 1390 :
2427 1336 2612 1389 divina
2650 1336 2797 1390 enim
2828 1338 3164 1408 benignitate
3188 1340 3246 1392 lit
3272 1339 3448 1407 utqui
3487 1343 3590 1393 hac
3626 1338 3680 1392 in

2110 1427 2220 1481 vita
2259 1425 2600 1494 amiguntur,
2625 1441 2654 1480 a
2685 1427 2833 1482 malo
2854 1428 3157 1482 liberentur
3183 1444 3211 1482 a
3239 1429 3345 1484 Deo
3369 1431 3461 1498 qui
3492 1444 3683 1486 servos

2108 1532 2238 1573 suos
2269 1517 2531 1572 confundi
2578 1532 2685 1572 non
2743 1518 2896 1574 sinit.
2935 1518 3093 1587 Quod
3150 1530 3331 1576 autem
3394 1523 3678 1595 hucusque

2110 1624 2210 1665 nos
2241 1624 2348 1663 non
2401 1610 2677 1676 inviseris,
2734 1612 2873 1666 scito
2904 1627 3003 1668 nos
3050 1613 3145 1667 tibi
3195 1614 3472 1671 subiratos
3513 1631 3675 1680 esse;

2110 1710 2243 1771 puto
2271 1709 2324 1756 te
2352 1701 2495 1756 haud
2522 1703 2749 1756 oblitum
2772 1718 2914 1769 esse,
2944 1703 3088 1773 quod
3108 1701 3453 1758 Nativitatem
3476 1704 3675 1761 Christi

2111 1792 2200 1847 Dei
2262 1793 2481 1848 abeunti
2529 1792 2625 1847 tibi
2661 1794 2795 1855 dixi.
2850 1809 2957 1848 non
2991 1795 3094 1849 nisi
3129 1804 3180 1849 te
3222 1804 3488 1864 praesente
3540 1796 3682 1852 cele-

435 1881 787 1951 τας.11ερὶδὲ
821 1883 922 1953 τῆς
982 1883 1139 1955 ὑμῶν
1170 1885 1378 1939 εἰσόδου
1426 1887 1508 1940 ὅτι
1550 1889 1644 1941 καὶ
1693 1889 1855 1960 μέχρι
1908 1888 1996 1941 τοῦ

2101 1886 2316 1939 bratum
2369 1883 2669 1950 iri.-Quod
2719 1900 2847 1939 cum
2901 1884 3106 1940 factum
3149 1902 3259 1941 non
3312 1888 3403 1951 sit,
3442 1902 3574 1942 cave
3612 1902 3680 1943 ne

438 1972 696 2041 πιρόντος
717 1974 779 2025 οὐ
818 1975 1067 2043 γέγονεν,
1123 1976 1231 2029 ἴσθι
1272 1977 1686 2048 λελυπημένους
1734 1981 1886 2049 ἡμᾶς
1912 1979 2004 2032 ἐπὶ

427 2064 533 2117 σοί.
574 2062 738 2136 οἶμαι
774 2068 886 2137 γὰρ
935 2069 1012 2139 μὴ
1080 2069 1430 2142 ἐπιλελῆσθαί
1495 2088 1577 2137 σε,
1646 2073 1729 2125 ὅτι
1769 2072 2003 2147 ,προσεί-

415 2173 617 2226 πευμεν
647 2157 849 2222 ἐξιόντι
878 2177 981 2224 σοι,
1019 2160 1118 2232 τὴν
1143 2163 1406 2234 Γέννησιν
1455 2162 1696 2234 Χριστοῦ
1736 2163 1831 2217 τοῦ
1865 2162 2001 2217 Θεοῦ
2037 2202 2047 2213 .

412 2247 598 2315 ἡμῶν,
628 2247 705 2319 μὴ
737 2252 909 2321 χωρίς
935 2254 1037 2322 τῆς
1075 2252 1196 2323 μεθ’
1234 2255 1395 2325 ἡμῶν
1420 2256 1708 2319 συνουσίας
1732 2255 1995 2313 τελέσειν.

421 2339 583 2393 Ἐπεὶ
614 2341 671 2395 δὲ
698 2344 860 2397 τοῦτο
896 2344 972 2416 μὴ
1000 2345 1216 2414 γέγονε,
1248 2346 1390 2411 τέως
1412 2347 1478 2419 ἢν
1503 2348 1596 2402 νῦν
1634 2349 1693 2403 ὲν
1712 2347 1793 2418 τῷ
1817 2348 2001 2419 γράμο

410 2450 547 2503 ματι
583 2437 936 2507 προθεσμίαν
968 2438 1213 2509 παρέθου
1251 2440 1325 2510 μὴ
1350 2439 1639 2513 διαψεύσῃ·
1674 2440 1801 2495 ἀλλ”
1823 2439 1879 2494 εί
1934 2457 2001 2509 γε

405 2525 490 2595 τῷ
518 2528 750 2596 παρόντι
780 2529 880 2600 βίῳ
918 2530 1039 2603 Θεῷ
1080 2532 1411 2602 κεκριμένον
1457 2534 1577 2585 ἐστὶ
1607 2531 2002 2605 περιφέρεσθαι

408 2621 585 2689 ἡμᾶς,
620 2618 731 2693 τὴν
759 2624 871 2679 τῶν
907 2623 1088 2678 Bule
1122 2624 1315 2695 ἑορτὴν
1348 2621 1452 2696 ἧκε
1502 2626 1600 2679 σὺν
1635 2627 1770 2696 ἡμῖν
1808 2625 2003 2694 ἑορτά-

2101 1978 2243 2048 quod
2278 1977 2346 2032 de
2388 1990 2541 2031 novo'
2562 1978 2836 2045 promittis
2879 1978 3074 2033 falsum
3122 1980 3229 2034 sit!
3279 1978 3432 2045 Quod
3487 1981 3531 2035 si
3573 1979 3679 2035 Deo

2102 2068 2528 2138 beneplacitum,
2550 2068 2714 2123 fuerit
2738 2080 2795 2122 nt
2817 2069 2869 2123 in
2897 2071 3151 2139 praesenti
3185 2070 3294 2124 vita
3327 2070 3675 2125 nusinvicem

2099 2159 2407 2230 amplexuri
2452 2160 2650 2239 simus,
2711 2159 3027 2216 Palmarum
3082 2160 3433 2216 festivitatem
3489 2162 3678 2217 nobis-

2095 2268 2220 2308 eum
2253 2253 2589 2309 celebratum
2632 2253 2846 2308 venias.
2895 2252 3049 2320 Quod
3082 2253 3343 2323 deinceps
3381 2254 3448 2308 de
3488 2268 3675 2307 mena-

2097 2346 2327 2401 chorum
2364 2344 2537 2415 litigio
2566 2346 2699 2400 dicit
2733 2345 2985 2416 epistola,
3019 2346 3143 2401 illos
3178 2346 3471 2400 convenire
3508 2358 3671 2413 opor-

2100 2444 2174 2492 tet
2221 2436 2546 2506 quibuscum
2601 2451 2714 2492 rem
2748 2436 2991 2503 habent;
3055 2447 3168 2493 tum
3215 2437 3360 2492 enim
3416 2445 3512 2491 aut
3566 2434 3672 2505 ipsi

2100 2543 2222 2583 rem
2257 2527 2621 2583 tractabimus
2658 2540 2753 2583 aut
2790 2529 2856 2583 ad
2892 2545 3054 2585 aures
3100 2530 3278 2601 regias
3310 2528 3670 2600 portabimus.

2101 2622 2182 2677 Ita
2208 2638 2341 2678 sane
2369 2621 2583 2679 facilius
2617 2632 3014 2692 componentur
3040 2625 3247 2677 omnia.

411 2727 547 2767 σων.
590 2714 661 2766 ’Δ
709 2715 768 2769 δὲ
835 2717 967 2787 περὶ
1023 2717 1123 2788 τῆς
1167 2717 1327 2787 δίκης
1369 2716 1479 2770 τῶν
1542 2716 1796 2788 μοναχῶν
1850 2715 2195 2786 ὑπεσήμαινε
2233 2713 2297 2767 τδ
2355 2715 2615 2786 γράμμα,
2670 2714 2753 2767 δεῖ
2810 2716 3053 2778 ἐκείνους
3102 2718 3359 2784 παρεῖναι
3441 2714 3562 2786 μεθ’
3599 2706 3675 2766 ὧν

410 2808 600 2880 ἔχουσι
626 2808 805 2876 λόγων
831 2808 1078 2865 δικαίων*
1161 2812 1256 2865 καὶ
1279 2811 1389 2865 εἴτε
1434 2813 1571 2883 ἡμῖν
1625 2812 1893 2883 ἐντυχεῖν,
1942 2812 2053 2865 εἴτε
2080 2808 2479 2882 προσφωνῆσαι
2519 2812 2640 2874 ταῖς
2688 2808 2997 2879 βασιλικαῖς
3053 2811 3247 2874 ἀκοαῖς
3288 2810 3359 2863 τά
3407 2811 3507 2882 τῆς
3542 2812 3673 2864 ὐπο-

410 2906 639 2969 θέσεως.
667 2904 824 2961 Οὕτω
851 2906 960 2977 γάρ
988 2906 1191 2977 μᾶλλον
1219 2908 1404 2980 ῥᾴδιος
1438 2907 1594 2962 ἔσται
1620 2910 1655 2979 ἡ
1701 2908 1813 2961 τῶν
1844 2906 2189 2979 πραγμάτων
2214 2904 2505 2976 διοίκησις.

766 3021 931 3078 ΡΝΔ’.
974 3025 1288 3096 Γρηγορίῳ,
1349 3024 1639 3095 Ἐφέσου.

483 3138 598 3191 Καὶ
623 3136 895 3209 πρότερον
949 3138 1080 3210 περὶ
1119 3140 1219 3210 τῆς
1271 3139 1668 3215 μελετηθείσης
1727 3139 1835 3194 ὑπὸ
1883 3139 1992 3194 τῶν

409 3229 562 3300 ἱμῶν
613 3228 903 3300 ἁμαρτιῶν
938 3231 1321 3303 enascatur,th
1374 3231 1485 3302 γάρ
1538 3249 1607 3302 με
1662 3231 1745 3285 δεῖ
1798 3231 1992 3295 ἄλλους

409 3319 709 3384 αἰτιᾶσθαι,
737 3320 1048 3392 προφανοῦς
1079 3323 1211 3392 ἡμῖν
1241 3322 1343 3393 τῆς
1374 3322 1551 3387 αἰτίας
1575 3322 1743 3393 οὔσης
1761 3324 1800 3395 ς)
1824 3322 1993 3395 typri.-

406 3415 619 3485 ψαμεν,
644 3414 840 3468 τέκνον
874 3415 1031 3485 ἡμῶν
1062 3415 1382 3485 ἱερώτατον,
1417 3417 1492 3481 ὡς
1530 3416 1698 3489 μέχρι
1746 3416 1851 3488 τῆς
1891 3418 1991 3488 ὀρ-

409 3507 524 3577 μῆς
566 3508 666 3560 καὶ
703 3507 874 3577 μόνης
905 3506 969 3560 τὸ
1025 3506 1194 3561 κακὸν
1250 3507 1405 3578 ἔστη,
1446 3508 1590 3562 οὕτω
1631 3508 1734 3578 τῆς
1780 3508 1989 3563 ἀνωθεν

403 3596 749 3666 ἀγαθότητος
827 3595 1404 3668 διοικονομησαμένης,
1482 3599 1577 3652 καὶ
1653 3599 1820 3669 πεῖρά
1913 3615 1996 3662 τις

403 3691 466 3743 οὐ
511 3690 863 3760 προσήγγισε
917 3689 1248 3760 κακότητος.
1299 3688 1418 3742 Νῦν
1463 3689 1519 3743 δὲ
1545 3690 1598 3743 εῐ
1623 3689 1689 3758 γέ
1726 3705 1781 3742 τι
1811 3690 1871 3742 ἂν
1899 3691 1994 3743 ἀν-

399 3785 675 3857 θρωπίνῳ
701 3785 804 3856 βίῳ
846 3784 1074 3855 ἄμεινον
1105 3785 1187 3839 δεῖ
1231 3784 1435 3853 λέγειν,
1488 3785 1627 3848 τέως
1653 3783 1990 3840 ἀποσαλεύο-

402 3895 509 3949 μεν
554 3881 622 3934 ὲν
662 3879 780 3940 τοῖς
818 3877 1094 3948 ἀμείνοσι,
1141 3878 1266 3948 περὶ
1298 3878 1356 3932 δι
1394 3877 1499 3931 τῶν
1547 3878 1826 3947 ἐσομένων
1881 3877 1989 3932 ἀπὸ

396 3970 558 4025 τοῦδε
590 3970 739 4040 πρὸς
784 3969 847 4023 τδ
878 3969 1230 4039 ἀστάθμητον
1280 3969 1530 4040 ἀφορῶσι
1585 3970 1694 4023 τῶν
1742 3969 1990 4040 ματαίων

398 4060 498 4117 τοῦ
533 4061 658 4131 βίον
695 4060 1069 4132 πραγμάτων,
1103 4061 1207 4115 οὐκ
1257 4061 1377 4114 εστι
1411 4061 1591 4129 λόγος.
1649 4061 1797 4131 Πλὴν
1831 4061 1990 4130 εὐχόο

394 4155 547 4225 μεθα
577 4156 633 4209 εἰ
662 4154 761 4208 καὶ
786 4156 1000 4224 ἀχρεῖοι
1022 4153 1117 4207 τοῦ
1169 4152 1514 4217 συνοίσοντας
1557 4154 1647 4206 διά
1680 4155 1789 4205 τῶν
1826 4153 1988 4224 ἱερῶν

390 4245 557 4315 ὑμῶν
586 4243 773 4315 εὐχῶν
808 4246 874 4313 τῇ
903 4243 1051 4313 ψυχῇ
1098 4241 1174 4313 μὴ
1205 4242 1547 4314 διαμαρτεῖν.
1587 4242 1698 4296 Καὶ
1745 4242 1988 4297 εστωσαν

2443 3020 2621 3079 CLIV.
2656 3020 2904 3093 Gregorio
2940 3021 3130 3093 Ephesi
3155 3022 3417 3093 episcopo.

2169 3135 2302 3203 Quae
2338 3136 2492 3206 prius
2520 3135 2588 3191 de
2625 3136 2866 3206 peccatis
2897 3137 3033 3191 meis
3066 3136 3388 3206 scripsimus
3421 3136 3504 3203 (ut
3533 3135 3664 3206 quid

2091 3228 2238 3283 enim
2273 3227 2407 3281 alios
2455 3241 2737 3291 accusem,
2778 3240 2901 3280 cum
2970 3241 3096 3281 vera
3143 3239 3309 3281 causa
3351 3225 3508 3280 nobis
3569 3240 3666 3293 pa-

2096 3318 2262 3387 teat?)
2295 3318 2497 3373 malunt
2542 3333 2715 3382 usque
2748 3318 2816 3372 ad
2842 3318 2983 3373 hanc
3015 3317 3183 3384 diem,
3219 3316 3420 3379 mitili,
3456 3316 3669 3383 longius

2096 3428 2204 3469 non
2246 3411 2555 3482 processit,
2594 3411 2777 3467 diutina
2825 3409 2906 3467 sic
2936 3409 3263 3479 disponente
3321 3408 3587 3473 bonitate,
3612 3414 3668 3461 et

2095 3502 2349 3559 allectum
2403 3501 2612 3555 ttullum
2663 3500 2874 3555 habuit.
2915 3496 3075 3555 Nunc
3105 3498 3152 3554 si
3197 3496 3326 3569 quid
3371 3498 3564 3553 melius
3597 3496 3666 3551 de

2098 3595 2333 3651 humana
2372 3594 2487 3650 vita
2512 3591 2803 3648 dicendum
2830 3600 2934 3656 est,
2982 3592 3132 3646 circa
3163 3589 3389 3644 meliora
3435 3588 3653 3658 quidem

2094 3687 2454 3752 fluctuamur;
2492 3685 2546 3740 in
2597 3683 2798 3740 futuris
2844 3691 3025 3738 autem
3064 3680 3201 3735 nihil
3241 3679 3346 3733 nisi
3389 3678 3657 3732 incertum

2092 3790 2147 3834 et
2175 3793 2372 3832 vanum
2404 3777 2673 3831 videmus.
2711 3774 2885 3830 Unum
2918 3786 3176 3843 rogamus
3201 3771 3304 3825 etsi
3331 3769 3385 3823 itt
3420 3783 3617 3821 vanum
3647 3781 3663 3822 :

2092 3881 2151 3927 ut
2183 3888 2276 3941 per
2304 3880 2525 3926 sanctas
2554 3882 2744 3939 preces
2766 3875 2979 3921 vestras
3017 3864 3201 3918 anima
3248 3877 3365 3916 mea
3398 3861 3656 3914 damnum

2089 3980 2197 4018 non
2231 3963 2428 4031 capiat.
2477 3961 2580 4015 lles
2618 3968 2781 4014 sunto
2826 3957 2945 4011 alia:
3003 3965 3281 4021 utcunque
3325 3961 3490 4018 sunt;
3551 3948 3663 4004 Deo

2090 4055 2433 4126 permittente
2478 4052 2547 4107 de
2592 4051 2657 4105 iis
2695 4065 2802 4104 non
2832 4063 3112 4102 curamus.
3161 4044 3530 4100 Valetudinem
3564 4040 3662 4096 tibi

2088 4154 2380 4204 conservet
2403 4146 2658 4201 Christus
2689 4142 2831 4199 Deus
2873 4152 3093 4204 noster;
3127 4147 3182 4192 tu
3220 4138 3273 4192 in
3300 4136 3504 4192 sanctis
3536 4151 3664 4205 pre-

2088 4242 2246 4297 cibus
2271 4241 2381 4296 tuis
2404 4249 2601 4293 “()8le
2635 4235 2958 4291 humilitatis
2987 4231 3320 4297 lllQ'lllllEl‘lS.

386 4337 560 4392 me
590 4335 716 4387 ποτ’
754 4333 820 4388 ἂν
846 4328 904 4406 ᾖ,
960 4333 1038 4396 ὡς
1069 4332 1223 4387 οὐδὲν
1253 4334 1386 4404 ἡμῖν
1431 4336 1529 4387 σὺν
1585 4332 1705 4403 Θεῷ
1757 4333 1987 4405 μελήσει
2030 4332 2284 4404 περὶτῆς
2339 4330 2515 4383 ιῦτών
2560 4327 2879 4391 διαθέσεως.
2927 4326 3276 4412 ἰἦρρωμένον
3313 4342 3372 4379 σε
3427 4324 3622 4393 διαφυ-

389 4430 549 4498 λάξοι
590 4427 834 4499 Χριστὸς
869 4430 899 4481 ὀ
926 4428 1061 4492 Θεὸς
1103 4428 1264 4500 ἡμῶν
1325 4431 1694 4501 μεμνημένον,
1749 4432 1809 4486 ἐν
1859 4434 1977 4495 ταῖς
2015 4430 2191 4491 ὁσίαις
2226 4429 2416 4499 εὐχαῖς
2442 4428 2539 4497 τῆς
2568 4426 2728 4498 ἡμῶν
2784 4425 3165 4496 μετριότητος.

964 4537 1135 4595 ΡΝΕ’.
1188 4539 1431 4607 Ἀδήλῳ.

472 4657 786 4730 Εὐλογητὸς
816 4656 996 4721 ὀΘεδς
1036 4659 1065 4710 ὀ
1108 4657 1171 4711 τὸ
1220 4657 1382 4726 νέφος
1438 4657 1537 4727 τῆς
1573 4659 1667 4712 ἐπὶ
1698 4659 1780 4711 σοὶ
1808 4657 1987 4730 λύπης

410 4751 558 4820 ἡμῶν
616 4747 999 4816 διασκεδάσας,
1035 4742 1081 4803 ὧ
1111 4747 1369 4820 ἄνθρωπε
1413 4750 1506 4804 τοῦ
1538 4749 1696 4804 Θεοῦ.
1739 4752 1849 4804 Καὶ
1877 4751 1986 4821 γὰρ

412 4844 508 4897 aut
534 4845 633 4913 πρὸ
679 4842 779 4897 τοῦ
839 4843 1167 4914 γράμματος
1211 4844 1244 4913 ἡ
1287 4843 1589 4915 σκυθρωπὴ
1617 4844 1848 4914 ἀγγελία
1884 4846 1986 4915 τῆς

412 4939 514 5006 σῆς
548 4934 865 5009 ἀρρωστίας
890 4934 1170 5006 προσῆλθε
1202 4936 1322 4997 ταῖς
1347 4935 1508 5004 ἡμῶν
1549 4935 1763 5001 ἀκοαῖς,
1811 4936 1881 4990 δι’
1917 4940 1984 5009 ἣν

402 5029 594 5101 καὶτῷ
621 5031 780 5100 νέφει
818 5028 920 5097 τῆς
951 5027 1191 5098 ἀθυμίας
1236 5027 1515 5099 συνείχετο
1545 5028 1702 5099 ἡμῶν
1740 5031 1772 5100 ἡ
1806 5028 1976 5101 ψυχή.

405 5124 570 5178 Ἀλλά
606 5124 773 5193 χάρις
809 5120 886 5192 τῷ
916 5119 1060 5190 ἀγίῳ
1100 5117 1181 5190 τῷ
1231 5117 1350 5190 Θεῷ
1370 5118 1448 5188 τῷ
1476 5118 1572 5173 νῦν
1604 5120 1691 5174 διὰ
1721 5122 1818 5191 τῆς
1847 5127 1982 5192 πάρ-

388 5218 585 5282 eosic;
632 5215 747 5270 τῶν
773 5211 1203 5287 γραμμάτωντά
1218 5213 1559 5284 χρηστότερα
1587 5214 1731 5267 δόντι
1764 5214 1979 5284 μαθεῖν,

391 5313 486 5365 καὶ
532 5309 634 5380 τῆς
681 5310 780 5363 ἐπὶ
836 5306 922 5363 σοὶ
976 5304 1350 5372 ἀπαλλάξαντι
1404 5305 1617 5376 λύπης’
1666 5305 1838 5359 ταῦτα
1880 5305 1983 5376 μὲν

391 5407 523 5475 περὶ
546 5404 645 5459 τοῦ
684 5400 1066 5471 κατασχόντος
1098 5397 1427 5469 νοσήματος.
1467 5398 1601 5468 Περὶ
1636 5398 1693 5451 δὲ
1726 5398 1819 5452 τοῦ
1852 5417 1980 5452 κου-

390 5493 726 5549 σουκλεισίου
761 5488 1047 5563 μηδεμίαν
1094 5488 1128 5557 ή
1162 5488 1229 5557 σὴ
1265 5489 1484 5558 ὁσιότης
1535 5489 1747 5557 φερέτω
1778 5488 1978 5558 θλίψιν.

392 5582 452 5636 ΕΞ
482 5586 585 5657 γὰρ
611 5587 707 5641 καὶ
730 5584 939 5654 γέγονε
982 5576 1237 5647 βασιλικὴ
1269 5577 1565 5647 πρόσταξις
1597 5576 1691 5632 τοῦ
1735 5580 1978 5650 ἐξωσθῆ-

424 5774 446 5806 ²
464 5776 620 5832 Psal.
656 5788 741 5828 ιι.
784 5766 845 5817 ‘3-

2666 4540 2821 4598 CLV.
2861 4539 3097 4594 Incerto.

2158 4656 2482 4713 Benedictus
2512 4654 2660 4710 Deus
2686 4653 2777 4723 qui
2816 4653 3013 4706 nubem
3047 4650 3257 4704 doloris
3308 4649 3476 4703 nostri
3509 4649 3580 4703 ob
3608 4659 3661 4703 te

2083 4748 2418 4819 dissipavit;
2471 4755 2599 4802 ante
2643 4743 2933 4813 epistolam
2996 4749 3184 4803 tuam,
3241 4754 3275 4794 o
3324 4741 3487 4793 homo
3539 4737 3656 4805 Dei,

2082 4843 2238 4900 triste
2284 4842 2536 4897 nuntium
2569 4838 2747 4893 morbi
2778 4836 2856 4892 tui
2883 4836 2951 4891 ad
2979 4851 3138 4890 aures
3166 4841 3380 4888 nostras
3399 4846 3662 4902 perrenc-
3734 4834 3741 4838 ’

2081 4948 2193 5002 rat;
2225 4941 2558 5004 quapropter
2591 4930 2774 4986 anima
2804 4937 2990 4983 nostra
3022 4928 3075 4983 in
3103 4926 3416 4983 mmstitiam
3440 4923 3654 4981 incidit.

2087 5025 2193 5081 Sed
2219 5025 2423 5096 gratias
2463 5025 2572 5079 Dco
2604 5030 2817 5087 sancto,
2852 5021 2943 5091 qtti
2996 5020 3151 5074 nobis
3191 5018 3411 5074 meliora
3442 5032 3655 5071 annuit--

2090 5116 2214 5170 tiari
2246 5124 2301 5169 et
2352 5127 2403 5170 te
2435 5114 2618 5182 ipsum
2668 5112 2885 5167 sanitati
2919 5111 3230 5165 restitutum
3282 5109 3473 5163 voluit.
3528 5105 3653 5163 Haec

2090 5207 2310 5275 quidem
2343 5207 2409 5261 de
2440 5203 2769 5261 valetudine.
2802 5203 2879 5258 De
2912 5202 3248 5258 cubiculario
3281 5212 3462 5256 autem
3495 5216 3650 5255 reve-

2083 5302 2254 5356 rentia
2302 5310 2481 5355 vestra
2535 5316 2602 5356 ne
2630 5299 2700 5355 sit
2744 5299 2977 5355 sollicita
3008 5317 3022 5365 ;
3052 5306 3111 5352 ut
3163 5299 3307 5352 cnim
3340 5296 3652 5351 mandatunt

2085 5396 2289 5465 regium
2316 5394 2539 5465 jusserit
2567 5393 2831 5464 quosdam
2857 5393 3320 5449 cubiculariorum
3354 5386 3652 5459 pellendos.

2081 5488 2214 5541 nihil
2252 5487 2559 5542 istiusmodi
2592 5486 2646 5541 itt
2711 5499 2961 5543 nostrum
3009 5486 3282 5542 decretum
3314 5492 3397 5536 cst
3429 5489 3523 5533 aut
3548 5479 3649 5533 de-

2081 5591 2330 5637 cernetur
2363 5595 2377 5634 :
2414 5580 2467 5635 in
2494 5594 2591 5635 sua
2629 5582 2773 5636 enim
2802 5580 3067 5653 dignitate
3090 5587 3144 5635 et
3174 5588 3400 5632 munere
3428 5587 3646 5643 penna--
