4094 6408
513 275 617 336 3R3

1613 284 1663 345 N
1675 281 1924 343 lCOLAI
1965 278 2076 340 CP.
2119 280 2634 344 PATRIARCH/E
3678 279 3781 341 38i

518 389 688 442 nebit.
722 387 778 443 Si
811 390 977 460 hujus
1022 390 1102 445 rei
1127 390 1314 461 'gratia
1345 393 1675 464 aﬂligeretur
1718 394 1964 449 animus.
1994 388 2100 443 noli

2213 391 2303 445 ναί
2328 409 2483 456 τινας
2528 393 2636 445 τῶν
2677 393 3153 459 κουϐουκ).εισίων,
3186 394 3302 449 ἀλλ’
3342 396 3422 459 είς
3450 394 3544 448 τδν
3566 394 3656 448 σδν
3688 387 3786 447 καὶ

511 481 785 537 sollicitus
824 497 984 557 esse;
1027 484 1158 550 imo,
1190 486 1523 541 concedente
1558 486 1693 547 Deo,
1740 495 1791 538 te
1849 483 1919 537 ab
1952 481 2100 537 omni

2214 482 2482 552 ἡμέτερον
2537 483 2691 537 οὐδὲν
2732 483 2974 537 τοιοῦτον
3000 483 3126 538 οὐτε
3166 486 3409 553 γέγονεν,
3466 486 3593 540 οὔτε
3620 484 3788 554 γενή-

508 568 825 629 inﬁmitate
858 576 1146 630 liberatum
1180 592 1304 634 esse
1332 578 1493 633 nobis
1518 577 1821 633 nuntiahis.

2218 588 2394 627 σεται.
2439 572 2634 628 Ἔσται
2683 574 2740 627 δὲ
2796 572 2987 645 ὥσπερ
3021 576 3128 646 πρὸ
3167 577 3358 631 τούτου
3387 579 3449 630 ὲν
3491 576 3570 647 τῷ
3595 576 3788 643 οἰκείῳ

512 664 693 733 μένων
751 664 1044 736 ἀξιώματι,
1104 668 1199 722 καὶ
1253 670 1350 738 τῆς
1405 669 1550 724 κατὰ
1585 668 1884 739 πρόσωπον
1927 664 2085 735 ἡμῶν
2131 663 2206 735 μὴ
2229 664 2709 737 ἀποστερούμενος
2761 668 3195 737 παραστάσεως·
3263 668 3407 723 ὥστε
3441 671 3495 723 εί
3535 685 3589 721 τι
3617 669 3786 738 χάριν

511 753 706 808 τούτου
761 758 1112 829 παρηνώχλει
1173 762 1240 830 τῇ
1295 764 1363 831 σῇ
1421 761 1568 831 ψυχῇ
1619 759 1886 829 λυπηρὸν,
1934 756 2095 811 τοῦτο
2133 756 2367 824 ἀπόθου,
2423 759 2526 811 καὶ
2567 757 2704 811 Θεοῦ
2744 759 3139 823 κατανεύοντος
3210 760 3312 830 τῆς
3358 759 3571 824 τελείας
3611 757 3791 813 ἀπα).-

511 847 685 918 λαγῆς
713 852 811 923 τῆς
850 854 1161 924 ὰρῤωστίας
1182 855 1365 928 ἡκέτω
1394 855 1466 909 τὰ
1490 855 1811 924 εὐαγγέλια.

891 987 1071 1045 CLVI.
1114 988 1349 1044 Romano
1382 991 1717 1060 imperatori.

585 1124 807 1180 Domine
851 1133 905 1180 et
936 1126 1032 1193 tili,
1084 1127 1385 1197 gloriﬁcate
1441 1129 1495 1183 in
1542 1128 1676 1182 Deo.
1722 1125 1878 1181 Sicut
1942 1121 2099 1192 plaga

514 1231 707 1286 magna
729 1227 784 1271 et
808 1218 1072 1274 acerbum
1098 1219 1336 1275 aﬂereus
1356 1220 1603 1275 dolorem
1629 1219 1734 1275 fuit
1759 1227 1849 1273 tua
1877 1230 1909 1270 a
1936 1211 2099 1269 nobis

512 1309 813 1377 separatio.
849 1312 1101 1365 Attamen
1132 1311 1568 1377 consideremus,
1598 1311 1747 1382 quod
1773 1319 1829 1366 et
1851 1309 1942 1363 hic
1959 1306 2102 1363 sicut

514 1400 569 1454 in
606 1403 820 1459 caeteris
842 1405 1100 1461 omnibus
1118 1420 1179 1460 se
1197 1404 1604 1461 benefactorem
1623 1400 2097 1475 praebueritiDeus.

514 1488 723 1545 Etenim
775 1492 849 1563 si,
901 1495 1046 1564 quod
1111 1494 1250 1560 dixi,
1311 1495 1640 1552 necessitate
1691 1493 1946 1563 contigit,
2005 1488 2095 1546 cui

513 1582 694 1651 potius
742 1586 1110 1654 separationis
1159 1588 1318 1642 dolor
1367 1587 1629 1644 ferendus
1674 1596 1794 1645 erat
1843 1604 1856 1640 :
1899 1584 2091 1647 tibine,

2571 983 2664 1036 PN
2670 987 2724 1051 ς,-
2723 991 2759 1037 ’.
2797 983 2813 1004 '
2826 987 2959 1054 Ρωμ
2973 984 3100 1052 άνῳ
3134 984 3403 1050 βασιλεῖ.

2267 1117 2513 1171 Δέσποτα
2550 1118 2647 1172 καὶ
2688 1117 2880 1172 τέκνον
2919 1120 3315 1191 δεδοξασμένον
3358 1120 3466 1174 ύπό
3512 1121 3672 1188 Θεοῦ,
3706 1122 3791 1187 ὡς

2206 1208 2307 1279 μὲν
2340 1210 2372 1279 ἡ
2404 1208 2590 1280 πληγὴ
2620 1211 2835 1282 μεγάλη
2868 1211 2962 1265 καὶ
3004 1213 3212 1283 πικράν
3255 1214 3501 1284 φέρουσα
3537 1214 3636 1284 τὴν
3663 1214 3794 1267 ὀδύ-

2204 1317 2303 1370 νην
2333 1302 2367 1375 ἢ
2396 1301 2634 1373 ἐκείνην,
2680 1302 2822 1374 ὅπερ
2846 1303 2941 1359 καὶ
2964 1305 3189 1374 γέγονεν
3220 1304 3280 1373 ιε
3315 1305 3476 1377 ἡμῶν
3514 1307 3790 1378 χωρισθῆ-

2207 1409 2339 1445 ναι·
2376 1392 2708 1465 σκεψώμεθα
2756 1394 2872 1461 οὖν,
2901 1396 2986 1450 ὅτι
3026 1397 3122 1451 καὶ
3159 1398 3220 1452 ἐν
3269 1397 3447 1468 τούτῳ
3490 1397 3680 1469 ὥσπερ
3730 1400 3793 1452 εν

2206 1486 2318 1550 τοῖς
2372 1485 2554 1551 ἄλλοις
2604 1487 2971 1558 εὐεργέτησεν
3000 1490 3148 1560 ἡμᾶς
3186 1492 3217 1544 ὁ
3240 1489 3393 1553 Θεός.
3426 1491 3488 1544 Ei
3520 1490 3627 1562 γάρ
3648 1492 3795 1561 ὅπερ

2204 1572 2359 1631 εἷπον
2389 1579 2604 1651 ἀνάγκη
2659 1582 2955 1653 συμϐῆναι,
3009 1582 3132 1637 τίνα
3180 1583 3386 1653 μᾶλλον
3451 1583 3561 1637 ἔδει
3592 1583 3693 1655 τὴν
3725 1586 3797 1637 ὲκ

512 1676 606 1744 qui
655 1677 848 1733 fortior
878 1680 933 1734 in
963 1682 1267 1737 tolerandis
1320 1682 1587 1748 miseriis,
1616 1697 1684 1737 an
1717 1680 1793 1734 illi
1820 1693 1942 1750 qua
1966 1692 2090 1731 mu-

2203 1670 2293 1722 τοῦ
2323 1670 2690 1745 διαχωρισμοῦ
2740 1675 3031 1746 ὑπομεῖναι
3080 1675 3309 1746 ὀδύνην,
3374 1675 3434 1729 σὲ
3482 1676 3574 1730 τὸν
3628 1677 3799 1731 δυνά-

513 1768 667 1823 liebri
715 1769 1008 1841 fragilitate
1032 1775 1257 1829 omnino
1287 1775 1537 1841 cadebat,
1572 1781 1628 1828 et
1663 1771 1867 1828 doloris
1898 1767 2085 1840 gravi-

2198 1778 2360 1832 μενον
2416 1764 2618 1835 μᾶλλον
2666 1766 3074 1839 ὑποφέρεινιτδ
3132 1767 3321 1837 ἄλγος,
3360 1767 3394 1838 ἢ
3442 1767 3661 1837 ἐκείνην
3686 1768 3795 1839 τὴν

517 1868 629 1913 tate
668 1860 934 1930 imposita
985 1861 1174 1935 (quem
1215 1863 1425 1919 utinam
1459 1864 1749 1919 avertisset
1789 1859 1994 1923 Deus!)
2026 1857 2095 1913 de

2203 1852 2283 1906 διὰ
2328 1854 2427 1927 τὴν
2496 1859 2816 1924 γυναικείαν
2868 1858 3158 1914 ἀσθένειαν
3223 1858 3528 1931 μέλλουσαν
3583 1875 3793 1913 παντε-

514 1953 692 2019 seipsa
740 1955 1042 2023 desperans
1097 1964 1153 2011 et
1201 1971 1313 2026 prae
1362 1955 1554 2011 dolore
1620 1955 1675 2008 in
1731 1950 2096 2008 contumelias

2203 1946 2307 2006 λῶς
2348 1946 2622 2015 ὀκλάζειν,
2658 1949 2754 2003 καὶ
2786 1948 2925 2020 πρὸς
2961 1950 3023 2003 τὸ
3066 1950 3231 2023 βάρος
3256 1949 3359 2021 τῆς
3387 1949 3581 2022 ὀδύνης
3625 1948 3793 2021 εἴπερ

515 2050 707 2096 contra
752 2042 921 2097 Deum
955 2052 1010 2099 et
1061 2045 1431 2116 blasphemias
1479 2045 1766 2117 prorupit?
1813 2042 1964 2099 Hanc
1999 2040 2097 2096 tibi

2203 2038 2425 2109 συνέϐη,
2460 2039 2488 2093 ὃ
2518 2038 2593 2111 μὴ
2617 2039 2876 2112 βούληται
2919 2043 2948 2095 ό
2998 2040 3132 2105 Θεὸς
3174 2039 3472 2112 συμϐῆναι,
3506 2041 3790 2102 παντελῶς

514 2136 661 2193 Deus
720 2146 940 2193 creator
985 2147 1038 2195 et
1087 2141 1343 2196 connubii
1403 2150 1598 2198 auctor
1661 2139 2025 2209 conjunxerat.
2080 2152 2095 2189 :

514 2230 720 2300 gratias
757 2245 989 2301 agamus
1044 2247 1144 2300 pro
1196 2232 1478 2288 beneﬁciis
1522 2231 1725 2304 quibus
1764 2229 2100 2301 perfruinrur

512 2322 668 2391 juxta
740 2322 1144 2392 beneplaeitum
1207 2323 1383 2393 ipsius
1429 2341 1445 2391 ;
1520 2338 1709 2381 curam
1762 2324 1926 2376 habet
1976 2312 2100 2375 vitae

454 2451 457 2454 μ
516 2424 717 2467 nostrae
760 2422 814 2467 et
889 2413 1012 2468 vitae
1067 2413 1314 2470 omnium
1359 2414 1700 2470 credentium
1776 2412 1833 2466 iu
1895 2408 2098 2480 ipsum,

514 2521 749 2575 quorum
785 2516 840 2559 tu
886 2505 1049 2560 etiam
1105 2520 1188 2571 es,
1219 2506 1476 2574 domine;
1515 2507 1583 2563 ad
1607 2506 1892 2561 utilitatem
1917 2502 2103 2573 dirigit

515 2599 751 2668 negotia.
800 2598 1144 2667 Ahjiciamus
1202 2614 1357 2670 ergo,
1385 2614 1585 2672 pravas
1668 2598 1999 2669 cupiditates
2048 2602 2102 2651 et

515 2690 795 2746 tristitiam
840 2707 908 2746 ne
967 2707 1068 2762 pro
1098 2693 1341 2762 querelis
1370 2693 1573 2751 nostris
1597 2703 1791 2750 contra
1836 2692 2100 2765 judicium

515 2782 759 2837 divinum
788 2785 1240 2841 condemnemur.
1265 2784 1398 2853 Qua:
1426 2786 1621 2843 beatus
1648 2787 1910 2857 propheta
1937 2785 2101 2841 David

514 2873 582 2927 de
609 2872 720 2928 tilio
762 2888 863 2930 suo
892 2875 1053 2939 dixit,
1124 2877 1293 2946 probe
1353 2877 1520 2941 nosti,
1578 2884 1633 2932 et
1681 2879 1747 2931 de
1808 2877 1913 2932 hoc
1962 2875 2102 2932 scri-

2201 2130 2856 2202 ὲαυτῆςάπογινώσκειν,
2888 2134 2982 2187 καὶ
3010 2133 3177 2204 τυχὸν
3202 2134 3294 2187 καὶ
3328 2135 3407 2197 εἰς
3434 2133 3784 2204 βλασφήμους

2200 2220 2501 2292 λογισμοὺς
2562 2222 2658 2274 καὶ
2708 2223 2899 2290 λόγους
2944 2222 3048 2274 ὐπὸ
3082 2221 3175 2276 τοῦ
3221 2221 3429 2287 πάθους
3460 2222 3791 2291 ἐξάγεσθαις

2202 2312 2531 2378 Συνέζευξεν
2550 2315 2722 2387 αὐτὴν
2743 2317 2771 2368 ὁ
2794 2314 2927 2379 Θεὸς
2948 2315 2977 2367 ὀ
3000 2313 3245 2385 πλάστης
3272 2316 3367 2369 κει)⁸
3392 2315 3794 2386 νυμφαγωγός.

2199 2406 2708 2478 Εὐχαριστήσωμεν
2739 2405 2881 2478 ὑπὲρ
2930 2402 3007 2460 ὧν
3044 2406 3443 2478 άπηλαύσαμεν
3470 2410 3537 2478 τῇ
3577 2407 3795 2459 ἐκείνου

2202 2498 2426 2569 κρίσει·
2475 2497 2623 2568 αὐτῷ
2684 2497 2837 2568 μέλει
2890 2500 3020 2569 περὶ
3073 2500 3173 2569 τῆς
3228 2500 3390 2570 ἡμῶν
3421 2499 3517 2553 καὶ
3561 2499 3670 2552 τῶν
3700 2499 3797 2551 ἐπ’

2204 2590 2356 2662 αὐτῷ
2390 2591 2756 2657 πεποιθότων,
2791 2584 2888 2655 ὧν,
2914 2590 3176 2657 δέσποτα,
3227 2590 3323 2645 καὶ
3363 2590 3527 2654 αὐτὸς
3575 2590 3796 2660 τυγχά-

2205 2701 2317 2747 νεις
2349 2701 2363 2716 ·
2408 2682 2544 2756 πρὸς
2594 2684 2656 2737 τδ
2683 2665 2994 2755 ⁸συμφέρον
3052 2682 3292 2751 διεξάγει
3347 2682 3416 2735 τὰ
3460 2681 3791 2752 πράγματα.

2212 2778 2496 2851 Ῥίψωμεν
2544 2778 2607 2832 τὸ
2654 2776 2851 2845 πάθος,
2884 2775 3290 2848 ἀποϐαλώμεθα
3321 2776 3421 2847 τὴν
3459 2777 3794 2847 κατήφειαν,

2205 2872 2293 2927 ἴνα
2330 2873 2404 2943 μὴ
2431 2871 2623 2943 ὥσπερ
2650 2869 3014 2940 γογγύζοντες
3048 2868 3476 2941 κατακριθῶμεν
3513 2868 3655 2923 κατὰ
3681 2868 3792 2938 τῆς

517 2966 649 3021 here
679 2966 1015 3036 superﬂuum
1068 2969 1325 3034 videtur;
1369 2971 1459 3024 sed
1502 2981 1813 3026 exterorum
1854 2970 2096 3026 virorum

2209 2964 2358 3026 θείας
2379 2963 2638 3036 κρίσεως.
2664 2963 2746 3016 Τά
2771 2962 2870 3033 μὲν
2889 2960 2984 3016 τοῦ
3017 2959 3289 3032 μακαρίου
3321 2960 3604 3031 προφήτου
3627 2959 3800 3012 Δαϐὶδ

517 3059 1029 3129 magnanimitatem
1059 3061 1128 3116 ob
1156 3062 1573 3118 similitudinem
1603 3061 1808 3117 citabo.

588 3425 647 3479 in
716 3426 1091 3483 Romanorum
1155 3429 1429 3499 imperio,
1487 3437 1784 3500 antequam
1841 3428 2101 3486 Christus

521 3516 664 3574 Dr-us
748 3535 863 3575 sua:
926 3521 1181 3589 potestati
1246 3520 1615 3592 subiecisset,
1678 3524 1901 3593 quidam
1967 3523 2102 3578 vixit

520 3608 803 3667 .Emilius.
868 3611 925 3666 Si
1000 3612 1242 3667 hominis
1307 3629 1505 3669 nomen
1569 3623 1624 3671 et
1684 3616 1940 3670 virtutem
2002 3630 2101 3670 co-

518 3718 785 3773 gnoscere
827 3704 908 3758 vis
933 3704 957 3767 ,’
1013 3703 1101 3757 hic
1146 3704 1362 3761 duobus
1403 3706 1530 3761 Iiliis
1583 3708 1773 3762 eodem
1826 3706 1915 3762 die
1948 3722 2100 3761 mor-

520 3795 668 3860 tuis,
731 3798 972 3850 auimam
1029 3795 1221 3851 dolore
1277 3796 1552 3869 perfrangi
1605 3812 1712 3852 non
1771 3798 2100 3866 sivit,|n:c

515 3889 649 3958 quid
670 3888 851 3945 simile
883 3902 1079 3958 passus
1111 3899 1191 3944 est
1227 3890 1373 3959 quod
1410 3890 1770 3959 experiuntur
1793 3890 1828 3943 ii
1857 3890 1946 3960 qui
1981 3905 2102 3945 sese

520 3989 744 4051 propter
807 3988 1056 4036 mortuos
1111 3980 1433 4036 dilacerant.
1496 3979 1639 4049 Quid
1704 3982 1870 4052 igitur
1922 3982 2085 4052 egit?

523 4089 544 4123 ι
585 4070 808 4125 Gratias
876 4085 999 4142 ago,
1053 4072 1213 4136 dixit,
1259 4071 1403 4142 quod
1480 4086 1579 4143 per
1657 4080 1823 4128 omne
1887 4082 2102 4143 tempus

517 4176 630 4230 quo
682 4161 824 4217 Deus
902 4164 1076 4218 voluit
1145 4174 1203 4219 ut
1287 4166 1553 4229 viverent,
1616 4164 1682 4219 de
1748 4181 1814 4220 eo
1885 4167 2102 4238 gavisus

519 4254 621 4309 sim
648 4256 790 4324 quod
847 4270 913 4310 ex
968 4256 1179 4312 semine
1222 4271 1344 4310 meo
1398 4257 1567 4327 geniti
1611 4266 1817 4313 essent.
1867 4258 1972 4313 Sed
2034 4273 2103 4314 ne

2126 3031 2171 3094 θ
2204 3056 2295 3109 ἐπὶ
2329 3055 2407 3126 τῷ
2434 3056 2585 3109 παιδὶ
2620 3053 2807 3119 αὐτοῦ,
2840 3048 2957 3109 οῖδα
3010 3054 3092 3107 ὅτι
3128 3052 3443 3116 ἐπίστασαι,
3480 3054 3577 3107 καὶ
3601 3071 3802 3121 περιτ-

2202 3147 2293 3200 τόν
2324 3148 2442 3200 ἐστι
2491 3147 2620 3219 περὶ
2669 3145 2862 3199 τούτου
2910 3147 3148 3216 γράφειν
3179 3146 3349 3216 ἡμᾶς.
3398 3143 3543 3197 Ἀλλ’
3582 3144 3795 3215 ἑτέρων

2203 3239 2373 3292 τινῶν
2408 3237 2804 3309 μεγαλοψύχων
2832 3237 3043 3309 ἀνδρῶν
3076 3238 3163 3307 ἐφ’
3197 3237 3405 3301 ὁμοίοις
3458 3235 3657 3289 πάθεσι
3702 3253 3797 3306 με·

2204 3331 2546 3401 γαλοψυχίαν
2575 3330 2937 3402 διηγήσομαι.

2286 3423 2540 3491 Ἐγένετό
2566 3441 2651 3487 τις
2697 3425 2755 3476 έν
2779 3425 2844 3492 τῇ
2883 3421 3169 3492 Ῥωμαϊκῇ
3218 3420 3466 3493 πολιτείᾳ
3504 3419 3663 3475 οῦπω
3702 3420 3795 3475 τοῦ

2203 3514 2439 3585 Χριστοῦ
2476 3515 2569 3568 καὶ
2616 3514 2752 3568 Θεοῦ
2804 3515 2963 3585 ἡμῶν
2987 3515 3055 3568 τά
3104 3514 3395 3583 Ῥωμαϊκά
3430 3514 3691 3584 σκῆπτρα
3729 3517 3795 3586 τῇ

2203 3605 2400 3660 ἑαυτοῦ
2428 3605 2798 3672 ὑποτάξαντος
2826 3604 3067 3677 ἐξουσίᾳ,
3102 3605 3216 3660 ἀλλ’
3250 3607 3478 3673 ἐγένετό
3510 3622 3595 3668 τις
3629 3606 3798 3675 Αἰμί-

2203 3699 2337 3763 λιος,
2380 3699 2552 3768 ὀνομα
2591 3698 2668 3769 τῷ
2693 3698 2986 3770 ἀνθρώπῳ,
3019 3699 3073 3753 si
3103 3713 3166 3764 γε
3188 3698 3380 3768 μαθεῖν
3408 3698 3504 3750 καὶ
3535 3698 3632 3769 τὴν
3661 3698 3793 3764 κλῆ-

2206 3806 2292 3843 σιν
2352 3787 2678 3860 ἐπιθυμεῖς·
2731 3788 2829 3842 καὶ
2885 3787 2979 3842 δύο
3027 3789 3234 3848 παίδων
3284 3788 3534 3859 άρῤένων
3560 3788 3698 3841 κατὰ
3729 3788 3791 3839 τὺ

2204 3881 2338 3934 αὐτὸ
2370 3881 2736 3952 τεθνηκότων,
2773 3880 2876 3933 οὐκ
2913 3879 3155 3951 ἐκλάσθη
3206 3878 3306 3952 τὴν
3338 3876 3519 3951 ψυχὴν
3547 3879 3653 3933 ὐπδ
3694 3879 3791 3932 τοῦ

2205 3973 2440 4038 πάθους,
2498 3974 2601 4028 οὐκ
2656 3972 2828 4028 ἔπαθέ
2878 3989 2932 4025 τι
2971 3971 3217 4025 τοιοῦτον
3249 3968 3364 4025 οἷον
3404 3972 3709 4041 πάσχουσιν
3747 3973 3799 4025 oi

2204 4065 2531 4133 κοπτόμενοι
2577 4062 2670 4115 ἐπὶ
2713 4065 2826 4125 τοῖς
2853 4064 3070 4132 νεκροῖς
3094 4080 3109 4094 ο
3143 4062 3280 4116 άλλά
3309 4062 3364 4116 τί
3383 4079 3399 4129 ;
3450 4062 3801 4132 Εὐχαριστῶ,

2205 4156 2330 4226 ἔφη,
2358 4156 2444 4209 ὅτι
2464 4154 2549 4225 ἐφ’
2575 4156 2699 4210 ὅσον
2728 4154 2920 4225 χρόνον
2942 4155 3237 4225 εὐδόκησεν
3271 4156 3302 4208 ὀ
3331 4153 3467 4218 Θεὸς
3495 4156 3584 4207 ἔπ’
3613 4155 3802 4217 αὐτοῖς

2206 4247 2603 4319 εὐφρανθῆναι,
2658 4245 2760 4315 τὴν
2813 4247 3158 4315 εὐφροσύνην
3201 4245 3359 4317 ἔσχον
3388 4245 3472 4314 ἐφ’
3494 4240 3577 4309 οἷς
3604 4248 3667 4299 ἐκ
3701 4246 3799 4298 τοῦ

522 4360 670 4399 nunc
723 4346 941 4415 quidem
992 4347 1266 4417 ingratum
1304 4363 1391 4403 me
1446 4347 1718 4416 prtebebo,
1780 4347 1928 4417 quod
1980 4349 2100 4404 illos

2212 4337 2534 4409 σπέρματός
2555 4354 2659 4408 μου
2691 4336 3069 4405 ἐϐλάστησαν·
3103 4338 3197 4389 καὶ
3214 4336 3312 4389 νῦν
3344 4338 3435 4389 ὅτε
3469 4335 3654 4404 ἔκρινε
3672 4336 3798 4388 τού·-

522 4437 660 4491 mori
714 4439 1075 4493 decreverim
1110 4438 1236 4493 Fuit
1289 4447 1345 4493 et
1386 4440 1526 4493 alius
1580 4440 1662 4495 vir
1710 4441 1851 4495 inter
1878 4440 2100 4496 Gnccos

522 4529 746 4584 illustris
772 4546 934 4597 cuius
966 4530 1137 4596 ﬁlius,
1174 4531 1228 4585 in
1264 4531 1369 4585 alia
1403 4531 1606 4601 degens
1632 4532 1876 4600 regione,
1910 4534 2102 4589 mortis

519 4619 677 4687 falce,
717 4622 877 4679 sicuti
916 4622 1038 4688 ﬂos,
1095 4624 1349 4679 succisus
1386 4633 1506 4689 est;
1546 4633 1816 4680 venerunt
1852 4626 2100 4696 quidam,

503 4730 646 4793 cum
699 4715 866 4781 tristi,
920 4725 982 4770 ut
1009 4716 1300 4781 putabant,
1354 4716 1578 4783 nuntio;
1633 4732 1802 4787 quum
1857 4718 2104 4774 audisset

519 4819 672 4879 pater
704 4811 1107 4883 magnanimus,
1145 4811 1279 4866 nihil
1311 4826 1370 4866 se
1400 4808 1683 4883 indignum
1716 4810 1844 4867 fecit
1868 4853 1882 4878 ,
1916 4824 2105 4882 pectus

520 4917 626 4956 non
662 4903 955 4971 percussit,
976 4905 1249 4975 lacrymas
1276 4920 1384 4959 non
1415 4904 1627 4967 eﬂ‘udit,
1649 4903 1746 4960 sed
1783 4906 1851 4960 ad
1877 4907 2104 4961 nuntios

520 4994 659 5047 dixit
692 5008 708 5047 :
755 5013 774 5046 ι
803 4994 1078 5063 Sciebam,
1101 4997 1290 5065 amici,
1321 4998 1605 5053 mortalem
1639 5013 1669 5053 a
1711 5013 1796 5054 me
1862 4998 2103 5068 genitum

522 5082 710 5140 fuisse.
741 5105 759 5138 ι

593 5246 673 5302 Ita
706 5257 761 5302 tu
785 5263 1027 5320 quoque,
1068 5249 1316 5317 domine,
1336 5265 1399 5307 ea
1432 5250 2104 5321 quamdeditDeusintel-

519 5343 743 5415 ligentia
774 5346 971 5411 stabis,
990 5361 1093 5403 nec
1113 5347 1244 5418 quid
1275 5346 1485 5419 indigni
1509 5347 1711 5403 virtute
1731 5355 1822 5402 tua
1843 5348 2103 5404 commit-

523 5438 633 5503 tesf;
656 5437 869 5493 sciebas
895 5441 1064 5507 enim,
1088 5456 1256 5510 quum
1274 5440 1687 5511 eonjuugereris
1705 5440 1781 5495 illi
1813 5455 1934 5496 cum
1960 5455 2109 5494 mor-

524 5528 622 5582 tali
660 5538 714 5583 te
750 5530 1042 5601 conjungi;
1074 5531 1149 5587 ita
1179 5527 1324 5589 enini
1357 5530 1476 5602 ejus
1502 5546 1693 5588 amore
1730 5546 1860 5603 erga
1885 5541 2106 5587 tesum-

527 5633 749 5685 mouere
799 5621 1094 5690 gaudebas.
1159 5621 1239 5679 Ne
1292 5623 1463 5694 igitur
1510 5638 1661 5680 nunc
1698 5632 1753 5679 te
1801 5639 1999 5694 geras,
2048 5636 2107 5681 ut

532 5711 694 5763 homo
734 5730 762 5765 a
816 5717 922 5769 Deo
955 5715 1279 5785 iujustitiam
1318 5731 1532 5787 passus,
1612 5730 1867 5775 llltBSllllll
1908 5730 1958 5774 et
2012 5723 2109 5774 tri-

2211 4447 2339 4493 τους
2390 4429 2594 4493 λαϐεῖν,
2658 4429 2761 4482 οὐκ
2814 4428 3012 4500 ἔσομαι
3063 4429 3385 4498 ἀχάριστος.
3430 4428 3624 4491 ’Ἄλλος
3659 4429 3801 4498 ἀνὴρ

2208 4520 2477 4590 ἐπίσημος
2511 4521 2571 4573 ὲν
2615 4521 2728 4582 τοῖς
2760 4518 3011 4590 Ἕλλησι.
3047 4518 3256 4573 Τούτου
3300 4521 3428 4581 παῖς
3460 4518 3643 4571 ἄλλοθί
3692 4536 3798 4570 που

2206 4612 2498 4683 διατρίϐων
2533 4614 2600 4683 τῇ
2632 4610 2728 4664 τοῦ
2762 4611 2997 4667 θανάτου
3043 4598 3285 4683 δρεπάνῃ
3308 4610 3494 4682 ὥσπερ
3516 4627 3599 4667 τις
3624 4610 3798 4681 ἐκόπη

2208 4704 2457 4775 βλαστὸς.
2516 4705 2628 4758 Καὶ
2674 4697 2810 4776 ἧκόν
2867 4721 3015 4769 τινες
3071 4704 3148 4768 ὡς
3206 4703 3458 4775 ἐνόμιζον
3521 4704 3800 4775 ὀδυνηράν

2206 4797 2551 4865 ἀπαγγελίαν
2577 4796 2922 4867 κομίζοντες.
2955 4795 3097 4852 Ἀλλ’
3118 4795 3362 4860 ἀκούσας
3382 4799 3409 4850 ὀ
3435 4796 3801 4867 μεγαλόφρων

2207 4889 2413 4960 πατὴρ,
2476 4887 2862 4943 οὐδὲνιέπαθεν
2911 4890 3132 4956 ἀνάξιον
3178 4888 3280 4958 τῆς
3311 4887 3505 4941 ἑαυτοῦ
3549 4886 3756 4959 ἀρετῆς
3783 4904 3797 4916 ·

2206 4981 2307 5035 οὐκ
2365 4979 2627 5051 ἐκόψατο,
2679 4982 2781 5035 οὐκ
2837 4980 3165 5054 ὲθρήνησεν,
3214 4979 3329 5034 ἀλλ’
3363 4979 3470 5051 ἔφη
3503 4979 3640 5051 πρὸς
3666 4982 3799 5043 τοὺς

2206 5071 2671 5141 ἀπαγγείλαντας·
2718 5073 3097 5144 Ἥπιστάμην,
3146 5066 3192 5125 ὦ
3231 5066 3402 5137 οῦτοι,
3459 5073 3543 5126 ὅτι
3601 5070 3801 5142 θνητὸν

2208 5166 2495 5236 ἐγέννησα.

2281 5252 2438 5307 Οὕτω
2465 5253 2560 5306 καὶ⁷
2590 5253 2679 5320 σύ,
2714 5253 2970 5322 δέσποτα,
3019 5255 3085 5325 τῇ
3133 5251 3286 5323 παρά
3336 5251 3475 5306 Θεοῦ
3535 5251 3802 5326 δεδομένῃ

2210 5362 2292 5399 σοι
2347 5345 2609 5418 φρονήσει
2660 5345 3167 5416 συνδιατιθέμενος,
3218 5343 3386 5416 μηδὲν
3429 5345 3648 5413 ἀνάξιον
3693 5345 3797 5417 τῆς

2210 5434 2313 5506 σῆς
2335 5435 2826 5509 μεγαλοφροσύνης
2850 5435 3082 5507 πάσχειν
3123 5434 3449 5507 ὀπομείνῃς,
3486 5435 3602 5488 ἀλλ’
3634 5435 3802 5499 εἰδὼς

2207 5528 2290 5583 ὅτι
2324 5529 2415 5582 ὅτε
2446 5526 2814 5600 συνεξεύχθης
2848 5528 3009 5599 αὐτῇ,
3040 5527 3209 5599 θνητῇ
3238 5527 3625 5600 συνεζεύχθης,
3654 5528 3799 5596 μᾶλ-

2209 5622 2301 5677 λον
2332 5620 2473 5691 ὑπὲρ
2500 5614 2576 5675 ὧν
2612 5623 2751 5693 αὐτῇ
2802 5621 3105 5692 συνέζησας
3135 5623 3368 5692 χρόνων,
3409 5623 3521 5674 καὶ·
3541 5614 3618 5675 ὧν
3647 5619 3798 5689 ἀπή-

2210 5717 2416 5775 λαυσας
2453 5710 2550 5781 τῆς
2580 5711 2797 5783 ἐκείνης
2850 5712 3169 5781 φιλανδρίας
3205 5732 3207 5734 ·
3245 5712 3341 5767 καὶ
3383 5714 3458 5784 μὴ
3481 5711 3573 5765 νῦν
3601 5710 3794 5781 ὥσπερ
