4094 6448
312 421 425 487 385

1804 426 2218 492 EPISTOL/E.

3480 428 3581 495 386

312 533 530 592 ἀδικίαν
581 532 733 603 παρὰ
762 533 906 589 Θεοῦ
953 534 1216 601 ὐποστάς,
1255 536 1400 592 οὕτω
1423 498 1618 608 φαίνου
1655 538 1899 612 κατηφὴς

2007 547 2148 595 stem
2189 557 2204 594 :
2240 539 2445 595 etenim
2477 540 2572 609 qui
2622 538 2802 594 tristia
2835 546 2892 593 et
2923 538 3095 595 animi
3131 542 3438 612 dejectione
3459 558 3580 613 pre-

313 626 413 681 καὶ
444 623 886 696 σκυθρωπάζων.
943 626 1056 681 Καὶ
1085 627 1198 697 γάρ
1231 629 1283 680 oi
1308 629 1591 701 κατηφείᾳ⁵
1616 629 1713 683 καὶ
1762 646 1900 683 σκυ-

310 717 632 791 θρωπότητι
700 717 1211 790 συγκατεχόμενοι,
1267 719 1493 785 πάντως
1549 721 1640 776 διὰ
1691 719 1901 790 ζημίας

307 810 471 881 τινας
501 810 600 864 καὶ
628 808 840 879 βλάϐας
882 809 954 863 τά
990 810 1218 864 τοιαῦτα
1246 812 1570 883 πάσχουσιν.
1603 814 1721 867 Οὐκ
1751 812 1901 866 εστιν

306 897 408 956 οὖν
433 901 690 972 φοόερδν,
730 901 973 956 δέσποτα
1015 904 1110 956 καὶ
1154 904 1349 958 τέκνον
1379 922 1484 975 μου
1514 906 1896 977 ἠγαπημένον,

305 994 371 1046 τὸ
393 993 646 1063 νομίζειν
668 991 1015 1063 ἐζημιῶσθαι
1067 995 1219 1064 ἡμᾶς
1253 994 1360 1049 ὑπὸ
1387 996 1526 1050 Θεοῦ
1559 998 1654 1052 καὶ
1690 997 1900 1069 βλάϐην

303 1085 435 1139 τινὰ
466 1087 601 1154 παρ’
658 1084 828 1139 αὐτοῦ
875 1085 1193 1156 ὑπομεῖναι,
1228 1087 1670 1155 τοῦνδοξάσαντός
1713 1107 1775 1143 σε
1805 1092 1900 1144 καὶ

307 1177 450 1248 πρὸς
483 1176 549 1228 τὸ
606 1174 742 1244 ὕψος
784 1175 887 1244 τῆς
939 1175 1219 1247 βασιλείας
1271 1181 1645 1250 ἀναγαγόντος
1671 1181 1900 1251 καὶτῆς

304 1267 682 1339 κληρονομίας
709 1268 878 1322 αὐτοῦ
911 1269 1011 1339 τῆς
1039 1269 1202 1339 ἀγίας
1242 1271 1511 1343 δεσπότην
1580 1274 1677 1328 καὶ
1710 1273 1900 1345 κύριον

304 1361 762 1430 καταστήσαντος
788 1377 807 1429 ;
840 1360 955 1431 Μὴ,
986 1360 1319 1433 παρακαλῶ,
1354 1364 1555 1434 μηκέτι
1583 1363 1898 1436 θρηνῶμεν,

309 1448 385 1521 μὴ
423 1447 790 1519 όδυρώμεθαι,
843 1449 921 1521 μὴ
979 1448 1079 1520 τὴν
1135 1451 1442 1522 κατήφειαν
1468 1454 1896 1524 περιφέρωμεν·

306 1542 444 1594 ἀλλά
491 1540 701 1611 μᾶλλον
753 1541 1175 1613 εὐχαριστῶμεν
1234 1543 1328 1595 καὶ
1380 1542 1697 1613 δοξάζωμεν
1723 1546 1799 1607 ὼς
1839 1548 1898 1599 ἐν

305 1638 419 1699 τοίς
476 1634 667 1697 ἄλλοις
710 1635 847 1687 πᾶσι
871 1672 887 1700 ,
920 1637 1013 1688 καὶ
1062 1637 1120 1690 ἐν
1169 1636 1346 1709 τούτῳ
1377 1638 1469 1692 τὸν
1497 1635 1559 1703 ἐξ
1587 1640 1762 1709 ἀρχῆς
1804 1642 1897 1694 καὶ

312 1727 478 1797 μέχρι
509 1726 602 1780 τοῦ
656 1728 950 1798 παρόντος,
981 1728 1071 1782 τὸν
1115 1728 1207 1783 σὺν
1243 1730 1618 1802 φαιδρύναντα
1662 1730 1778 1800 βίον
1801 1734 1898 1787 καὶ

315 1818 754 1890 εὐεργετήσαντα
778 1835 794 1850 ⁸
827 1822 923 1874 καὶ
952 1821 1033 1874 ἑτι
1061 1822 1403 1892 πεποίθαμεν
1447 1825 1517 1894 τῇ
1547 1823 1716 1877 αὐτοῦ
1752 1825 1895 1891 ἀγα-

326 1909 515 1983 θότητι
572 1912 662 1976 τὰς
717 1913 1043 1983 εὐεργεσίας
1111 1914 1536 1987 ἑπαυξήσοντα,
1580 1915 1677 1968 ἐὰν
1735 1917 1896 1986 ἡμεῖς

2003 639 2251 696 muntur,
2282 644 2501 698 semper
2522 627 2916 683 detrimentum
2945 636 3000 683 et
3034 628 3238 684 damna
3269 629 3580 700 patiuntur.

2002 721 2205 778 Nonne
2227 736 2316 778 res
2337 719 2710 786 formidanda,
2729 738 2765 776 ο
2781 720 3006 775 domine
3016 729 3076 776 et
3095 719 3172 775 illi
3200 718 3582 789 dilectissime.

2001 814 2048 869 si
2078 820 2303 883 putares
2333 819 2386 867 te
2410 813 2673 866 damnum
2702 809 2980 880 quoddam
3016 824 3087 865 ex
3119 799 3229 865 Deo
3255 809 3459 865 habere
3487 811 3583 881 qui

2003 914 2055 959 te
2092 902 2442 974 gloriﬁcavit,
2486 902 2557 957 ad
2595 901 2874 972 fastigium
2906 901 3059 971 regni
3097 903 3278 957 evexit
3304 910 3359 957 et
3386 903 3440 955 in
3472 903 3584 956 hae-

2004 995 2236 1050 reditate
2273 1003 2465 1050 sancta
2517 1008 2619 1049 sua
2657 992 2943 1049 dominum
3002 1002 3062 1048 et
3124 992 3319 1048 herum
3376 994 3583 1049 consti-

2002 1087 2151 1142 tuit?
2197 1085 2298 1154 Ne,
2352 1101 2543 1156 quaeso
2593 1085 3316 1160 amplius‘ingemiscamus,
3363 1100 3466 1139 nec
3510 1086 3579 1140 de

2000 1188 2148 1236 sorte
2173 1194 2495 1250 queramur,
2540 1194 2720 1248 neque
2753 1178 3034 1233 tristitiam
3078 1177 3539 1233 circumferamus
3567 1196 3581 1239 :

2000 1272 2112 1326 imo
2134 1272 2338 1341 gratias
2370 1279 2425 1324 et
2455 1270 2684 1340 gloriam
2718 1269 3093 1324 retribuamus
3136 1270 3190 1323 in
3227 1270 3312 1324 bis
3351 1270 3492 1324 sicut
3531 1282 3584 1324 et

2001 1364 2055 1418 in
2070 1363 2199 1418 aliis
2220 1364 2351 1427 Deo,
2381 1364 2475 1433 qui
2498 1364 2567 1418 ab
2591 1362 2746 1417 initio
2770 1376 2946 1433 usque
2974 1360 3040 1416 ad
3067 1362 3211 1416 hunc
3236 1361 3379 1417 diem
3413 1367 3579 1415 vitam

2005 1464 2152 1510 tuam
2189 1454 2482 1510 illustravit
2530 1464 2586 1510 et
2622 1454 2903 1508 beneﬁciis
2935 1454 3183 1518 ornavit;
3235 1452 3580 1507 conﬁdamus

1999 1548 2180 1604 adhuc
2202 1549 2465 1604 beneﬁcia
2504 1548 2749 1603 bonitate
2780 1548 2950 1617 ipsius
2988 1547 3041 1601 in
3072 1562 3172 1601 uos
3201 1547 3459 1600 collatum
3491 1546 3579 1609 iri.

2000 1642 2046 1695 si
2062 1641 2557 1710 complacuerimus
2574 1640 2675 1711 ipsi
2693 1647 2748 1695 et
2768 1653 2866 1709 pro
2886 1640 3087 1694 viribus
3109 1638 3583 1694 coluerimulett-

2000 1746 2123 1785 nam
2142 1730 2394 1786 Christus
2410 1730 2553 1786 Deus
2571 1730 2872 1800 noster,qui
2896 1732 3265 1800 supereminet
3284 1730 3410 1785 huic
3427 1730 3582 1784 dolo~

2001 1822 2046 1877 ri
2098 1822 2460 1892 omnibusque
2474 1821 2713 1877 luctibus
2731 1822 2871 1877 tristi
2891 1822 3017 1876 huic
3030 1824 3152 1875 vita:
3166 1821 3582 1885 inhaerentibus,

2003 1914 2372 1969 luereditatem
2403 1913 2588 1984 gaudii
2627 1923 2680 1968 et
2703 1914 2996 1969 hilaritatis
3031 1922 3248 1969 aeternae
3276 1913 3576 1979 concednlI

327 2004 631 2073 εὐαρεστεῖν
688 2004 862 2076 αὐτῷ,
926 2006 1023 2059 καὶ
1075 2006 1220 2061 κατά
1288 2005 1522 2077 δύναμιν
1558 2007 1628 2061 τὰ
1660 2011 1741 2070 εἰς
1815 1990 2114 2079 θεραπείαν
2134 2006 2398 2073 πράττειν
2465 2004 2889 2074 σπουδάσωμεν.
2924 2004 3022 2073 Είη
3047 2004 3104 2057 δὲ
3140 2003 3374 2075 Χριστὸς
3408 2003 3585 2067 όΘεὸς

319 2097 478 2169 ἡμῶν
528 2098 619 2152 καὶ
667 2098 876 2169 ταύτης
927 2098 1188 2171 ὑπεράνω
1223 2101 1326 2171 τῆς
1365 2100 1546 2172 λύπης
1592 2102 1764 2167 τιθεὶς
1805 2103 1901 2157 καὶ
1938 2102 2160 2156 πάντων
2215 2100 2502 2171 λυπηρῶν,
2553 2101 2655 2154 ὅσα
2728 2102 2795 2171 τῇ
2861 2100 3102 2171 όδυνηρᾷ
3133 2100 3306 2169 ταύτῃ
3339 2115 3586 2168 παρακο-
3629 2146 3636 2151 .

306 2192 522 2247 λουθεῖν
553 2190 661 2246 οἶδε
696 2192 834 2262 ζωῇ,
872 2194 969 2247 καὶ
1000 2193 1102 2259 τῆς
1153 2195 1379 2249 αἰωνίου
1434 2197 1610 2266 χαρᾶς
1636 2200 1732 2251 καὶ
1760 2197 2124 2269 φαιδρότητος
2155 2195 2533 2276 παρεχόμενος
2560 2195 2660 2268 τὴν
2691 2195 3081 2266 κληρονομίαν.

667 2305 839 2358 PNZ'.
896 2305 1205 2377 Δημητρίῳ
1268 2306 1547 2367 Κυζῖκοῦ.

373 2417 601 2486 Ὥσπερ
680 2412 747 2487 ἦν
808 2417 1096 2487 προσῆκον
1144 2417 1340 2471 τέκνου
1386 2420 1519 2491 ἡμῖν
1555 2418 1895 2489 ποθουμένου

303 2508 688 2577 ἀναμαθοῦσιν
708 2508 1024 2578 εὐετηρίαν,
1053 2509 1430 2582 ὴόφειλομένη
1459 2511 1537 2582 τῷ
1558 2511 1676 2584 Θεῷ
1707 2515 1902 2584 ἀνηνέ-

301 2602 408 2673 χθη
433 2600 787 2673 εὐχαριστία.
822 2600 1109 2672 Εὖχόμεθα
1138 2602 1194 2656 δὲ
1226 2604 1320 2656 καὶ
1348 2602 1428 2656 ἔτι
1462 2605 1672 2668 παντὸς
1709 2605 1899 2659 λυπεῖν

305 2697 510 2757 είδότος
577 2694 986 2765 ὲναντιὼματος
1041 2694 1317 2767 ἀνώτερον
1355 2697 1758 2772 διατηρείσθω,
1801 2702 1898 2755 καὶ

306 2789 446 2843 κατά
544 2786 719 2857 μηδὲν
800 2786 899 2858 τὴν
987 2787 1142 2857 ὑμῶν
1226 2788 1428 2859 ἀρετὴν
1543 2792 1625 2853 εἰς
1692 2792 1753 2844 τὸ
1829 2793 1898 2845 τὰ

306 2882 486 2933 οἰκεῖα
562 2879 831 2951 πράττειν
923 2878 1287 2948 ἀπείργεσθαι
1321 2922 1336 2946 ,
1415 2881 1532 2936 ἀλλ’
1619 2883 1891 2955 ὑπάρχειν

306 2975 392 3026 ἀεὶ
435 2972 576 3045 πρός
628 2988 690 3024 τε
717 2970 817 3042 τὴν
858 2970 1008 3025 θείαν
1042 2973 1432 3044 εὐαρέστησιν,
1484 2976 1744 3046 καὶπρὸς
1799 2976 1900 3045 τὴν

307 3062 404 3118 τοῦ
465 3067 727 3136 ποιμνίου
779 3064 1101 3135 κατάρτισιν
1126 3066 1544 3137 ἀνεμπόδιστον.
1592 3069 1660 3121 ’Δ
1689 3068 1745 3121 δὲ
1772 3069 1900 3140 περὶ

306 3160 418 3212 τῶν
451 3156 739 3228 κληρικῶν
799 3154 1069 3227 ἔγραψας,
1105 3156 1214 3210 τῶν
1252 3158 1353 3211 οὐκ
1378 3151 1495 3212 οἴδα
1522 3159 1642 3224 πῶς
1668 3160 1807 3217 εἴπω
1830 3160 1898 3226 ea

309 3249 605 3312 ἀσυνεσίας
628 3247 662 3316 ἧ
693 3248 1034 3317 κακουργίας
1079 3249 1156 3319 μὴ
1185 3247 1562 3319 βουληθέντων
1589 3252 1900 3322 ἀπαντῆσαι

309 3342 367 3393 ἐν
395 3342 464 3410 τῇ
513 3338 805 3408 ὡρισμένῃ
860 3338 1063 3409 κρίσει,
1100 3339 1191 3394 διά
1237 3340 1297 3394 τὸ
1324 3342 1400 3412 μὴ
1425 3340 1575 3408 δόξαι
1604 3344 1753 3414 ἡμᾶς
1788 3339 1901 3399 οἷον

308 3430 509 3500 πικρία
541 3429 655 3482 τινὶ
720 3429 1117 3498 ἀντιφέρεσθαι
1167 3430 1308 3502 πρὸς
1345 3433 1445 3503 τὴν
1471 3433 1678 3488 τούτων
1711 3436 1896 3507 πλημ.

310 3522 560 3594 μὲλειαν,
613 3521 797 3584 καλῶς
841 3520 957 3591 ἔχει
1016 3521 1191 3594 βραχύ
1243 3541 1296 3578 τι
1331 3530 1770 3598 προσυπομεῖναι
1805 3529 1900 3582 καὶ

305 3613 736 3686 προτρέψασθαι
794 3613 1014 3678 αὐτοὺς,
1065 3613 1251 3679 καθὼς
1280 3615 1378 3670 ἀπ’
1429 3618 1606 3699 ἀρχῆς
1646 3618 1896 3692 ὥρισται,

2412 2306 2618 2365 CLVII.
2658 2307 2923 2363 Demetrio
2957 2306 3236 2378 Cyziceno.

2075 2426 2165 2483 Uti
2218 2424 2472 2489 decebat,
2526 2425 2713 2480 audita
2745 2424 2840 2479 ﬁlii
2904 2422 3246 2479 dilectissimi
3289 2435 3583 2477 conserva-

2006 2517 2176 2584 tione,
2227 2516 2439 2573 debitas
2493 2515 2601 2571 Deo
2642 2514 2934 2570 retulimus
2962 2515 3186 2584 gratias,
3248 2522 3303 2569 et
3352 2513 3575 2582 insuper

1999 2622 2287 2679 precamur
2328 2616 2388 2662 ut
2449 2608 2517 2663 ab
2570 2606 2722 2669 omni
2772 2606 3063 2669 afﬂictione
3102 2616 3352 2659 servetur
3396 2607 3584 2659 salvus

1999 2713 2053 2756 et
2107 2700 2424 2764 incolumis,
2474 2715 2650 2769 neque
2680 2713 2921 2768 unquam
2956 2700 3127 2751 virtus
3159 2705 3335 2751 vestra
3366 2707 3588 2750 averta-

2003 2803 2090 2847 tur
2130 2794 2198 2847 ad
2231 2791 2453 2862 propria
2492 2790 2707 2859 negotia
2732 2828 2749 2857 ,
2782 2789 2877 2844 sed
2912 2798 3020 2843 tota
3052 2798 3099 2842 et
3133 2804 3349 2857 semper
3370 2788 3435 2841 ad
3466 2802 3585 2841 ser-

1998 2886 2192 2940 vitium
2253 2885 2347 2939 Dei
2385 2894 2545 2954 atque
2587 2883 2654 2937 ad
2688 2884 2866 2953 gregis
2932 2882 3167 2936 salutem
3236 2881 3580 2934 intendatur.

2001 2980 2132 3047 Quae
2166 2980 2231 3032 de
2261 2978 2478 3032 clericis
2518 2994 2545 3028 ιι
2573 2976 2765 3039 andas.
2800 2976 2989 3029 nescio
3027 2986 3208 3028 utrum
3269 2974 3582 3044 ignorantia

1999 3073 2264 3127 resistant
2293 3086 2359 3123 an
2403 3070 2605 3124 malitia
2677 3067 2887 3138 judicio
2940 3067 3216 3131 indicato;
3287 3080 3355 3119 ne
3398 3065 3583 3118 videa-

2004 3179 2127 3218 mur
2181 3170 2365 3218 autem
2420 3163 2587 3216 nimis
2633 3161 2827 3216 acerbe
2856 3174 3045 3214 eorum
3088 3157 3310 3227 insequi
3343 3172 3581 3220 errores,

2000 3256 2206 3310 bonum
2277 3263 2363 3310 est
2403 3263 2466 3308 ut
2515 3253 2792 3307 modicum
2849 3251 3031 3304 adhuc
3086 3258 3488 3319 exspectemus,
3533 3259 3585 3300 et

2000 3346 2144 3402 sicut
2194 3361 2224 3399 a
2254 3344 2525 3415 principio
2554 3344 2835 3398 definitum
2898 3350 3003 3406 est,
3061 3341 3183 3396 illos
3233 3340 3586 3396 adhortemur

2000 3451 2061 3492 ut
2087 3440 2207 3493 loco
2244 3453 2303 3492 se
2338 3447 2556 3491 teneant
2582 3446 2635 3490 et
2668 3436 2827 3507 justo
2859 3434 3072 3503 judicio
3124 3447 3184 3487 se
3232 3433 3581 3487 submittant.

2001 3528 2059 3585 Si
2093 3529 2369 3583 noluerint
2397 3539 2452 3584 et
2474 3527 2706 3597 propriis
2734 3527 3085 3597 perstiterint
3119 3525 3317 3595 agendi
3357 3524 3586 3578 rationi-

2001 3621 2126 3687 bus,
2169 3630 2300 3697 tune
2356 3619 2450 3674 ﬁet
2493 3622 2638 3690 quod
2674 3620 2908 3688 requiris
2938 3637 2952 3673 :
2986 3619 3272 3673 mittentur
3317 3616 3507 3671 litterae
3553 3632 3584 3669 a

305 3681 401 3762 ἐπὶ
593 3709 764 3759 τόπου
811 3706 1251 3777 παραγενέσθαι,
1296 3707 1393 3761 καὶ
1423 3681 1722 3781 τῶδικαίιξ)
1754 3681 1897 3783 λόγω

2005 3687 2192 3768 ιιοὶιίε⁸
2217 3714 2290 3766 ita
2329 3725 2388 3766 ut
2416 3712 2743 3768 absentibus
2769 3712 2878 3765 illis
2912 3711 3187 3781 judicium
3220 3709 3383 3762 finem
3420 3724 3584 3763 suum

304 3800 673 3856 καταθέσθαι.
702 3799 767 3852 Ei
797 3798 855 3852 δὲ
888 3799 963 3869 μὴ
990 3797 1289 3868 βούλοιντο,
1321 3799 1437 3853 ἀλλ’
1459 3801 1538 3854 ἔτι
1560 3804 1659 3873 τῆς
1689 3803 1897 3866 οἰκείας

303 3892 636 3963 ἀντέχονται
671 3892 1067 3961 κακοτροπίας,
1096 3895 1220 3944 τότε
1259 3892 1399 3964 ὅπερ
1426 3893 1688 3962 ἠξίωσας,
1720 3894 1894 3962 ἔσται,

306 3987 397 4037 καὶ
424 3983 679 4054 γράμμα
708 3984 839 4053 παρ’
885 3984 1044 4054 ἡμῶν
1096 3984 1571 4054 ὲκπεμφθήσεται,
1606 3987 1749 4040 ὥστε
1802 3991 1899 4041 καὶ

306 4078 565 4129 ἁπάντων
586 4075 769 4128 αὐτῶν
803 4074 981 4144 πέρας
1030 4074 1353 4140 δπιτεθῆναι
1385 4078 1497 4141 τοῖς
1522 4080 1896 4149 κεκριμένοις.

305 4171 414 4223 Καὶ
438 4170 608 4240 ἡμῖν,
643 4166 842 4235 ἀδελφέ
887 4167 983 4222 καὶ
1015 4168 1206 4222 τέκνον
1238 4167 1301 4221 τὸ
1346 4168 1579 4239 μάλιστα
1607 4172 1896 4242 ἠγαπημέ-

303 4281 391 4318 νον
422 4263 528 4316 xui.
556 4258 813 4329 ἀγαπῶν,
841 4259 910 4313 τά
947 4260 1047 4331 μὲν
1061 4262 1126 4314 ὲκ
1153 4261 1247 4314 τοῦ
1275 4263 1461 4330 γήρως
1488 4264 1583 4316 καὶ
1612 4264 1709 4334 τῆς
1737 4265 1899 4317 ato-05-

296 4360 454 4421 νείας
501 4354 753 4425 ὀδυνηρά
801 4355 1033 4425 ἐπέστη,
1082 4354 1158 4416 ὡς
1216 4356 1370 4408 οὐδὲν
1421 4356 1669 4422 ἔλαττον,
1704 4357 1790 4410 ἵνα.
1824 4359 1900 4430 μὴ

297 4451 448 4517 λέγω
517 4446 731 4518 μᾶλλον
792 4446 1095 4500 ιπίκειται.
1136 4446 1202 4499 Ἥ
1229 4446 1288 4498 δὲ
1327 4447 1437 4500 τῶν
1468 4447 1646 4501 ἄλλων
1679 4448 1782 4501 ὅσα
1812 4450 1902 4504 διὰ

306 4545 402 4607 τὰς
430 4541 724 4613 ἁμαρτίας
755 4540 913 4610 ήμῶν
943 4540 1349 4612 προστιθέμενα
1398 4542 1500 4612 τὴν
1541 4543 1727 4596 ἄθλιον
1755 4542 1917 4612 ζωὴν

312 4628 552 4701 δαπανᾷ,
601 4627 724 4691 πῶς
770 4628 946 4693 ἄλλως
995 4628 1136 4683 εἴπω
1180 4628 1214 4699 ἢ
1272 4629 1459 4684 θεόθεν
1509 4632 1776 4697 κάκωσις,
1803 4635 1904 4687 οὐκ

317 4716 431 4774 οἶδα
477 4723 533 4774 εἰ
582 4720 664 4792 μὴ
688 4721 1029 4790 προστασίας
1057 4717 1139 4784 οἷς
1167 4717 1278 4775 οἶδε
1311 4721 1551 4793 κρίμασι
1575 4724 1845 4795 λαχούσης
1876 4726 1904 4777 ὁ

322 4811 482 4876 τάξας
522 4814 601 4876 εἰς
664 4811 827 4864 τοῦτο
875 4810 1030 4875 Θεὸς,
1076 4813 1214 4866 ἀλλά
1253 4812 1480 4882 καὶτῆς
1510 4815 1570 4868 ὲν
1598 4814 1736 4880 ζῶσι
1782 4834 1905 4870 συν-

2002 3806 2223 3860 habeat.
2255 3802 2427 3859 Nobis
2448 3814 2662 3868 autem,
2698 3802 2871 3856 frater
2902 3811 2955 3855 et
2985 3801 3058 3854 Illi
3096 3813 3359 3870 perquam
3386 3799 3588 3854 dilecte

1998 3907 2055 3951 et
2105 3897 2363 3966 diligens,
2435 3895 2735 3949 senectutis
2794 3902 2852 3948 et
2926 3891 3265 3947 inﬁrmitatis
3320 3890 3588 3946 molestiae

2000 4005 2109 4044 non
2150 3989 2497 4043 mediocriter
2526 3986 2887 4051 incumbunt;
2925 3999 3046 4055 quae
3070 3983 3269 4039 deinde
3291 3983 3516 4037 veniunt
3550 3996 3583 4036 a

2003 4081 2239 4152 peccatis
2264 4079 2884 4142 nostris,vcxationibus
2911 4079 3077 4133 vitam
3110 4084 3356 4131 nostram
3386 4077 3583 4146 replet;

2002 4172 2187 4228 forsan
2222 4185 2444 4233 munus,
2482 4170 2629 4239 quod
2658 4170 2764 4223 sibi
2807 4171 2951 4225 notis
2970 4168 3193 4238 judiciis
3231 4168 3420 4223 tribuit
3444 4167 3588 4225 Deus

2003 4277 2059 4322 et
2097 4267 2238 4320 inter
2268 4265 2531 4318 homines
2571 4262 2919 4318 conversatio
2961 4260 3030 4316 ad
3065 4262 3232 4315 vitam
3262 4262 3589 4330 protrahen-

2002 4358 2127 4414 dam
2158 4357 2495 4411 conducunt.
2531 4354 2698 4425 igitur
2746 4354 2927 4410 redire
2960 4355 3240 4419 nolumus,
3274 4353 3370 4408 sed
3413 4354 3587 4405 niulto

2005 4451 2179 4518 magis
2210 4447 2504 4519 procedere
2537 4456 2592 4501 et
2653 4447 2725 4502 ad
2758 4448 2990 4502 insulam
3042 4446 3300 4517 navigare
3347 4449 3401 4498 in
3469 4447 3589 4498 ani-

2005 4557 2096 4595 mo
2128 4549 2249 4597 est:
2285 4550 2342 4595 et
2374 4542 2533 4595 nobis
2556 4540 2669 4610 jam
2703 4541 2941 4611 objicere
2966 4554 3072 4595 non
3105 4538 3308 4609 poteris
3330 4553 3418 4591 me
3445 4538 3590 4592 circa

2006 4631 2232 4687 fratrem
2250 4642 2306 4687 et
2335 4632 2505 4687 lilium
2532 4632 2924 4686 charissimum
2956 4630 3288 4685 decisionem
3320 4637 3587 4683 mutasse.

2009 4723 2311 4780 Veniemus
2372 4725 2563 4795 igitur,
2637 4722 3101 4794 quemadmodum
3143 4719 3591 4785 mandasti;Dco

2012 4815 2234 4871 volente
2294 4831 2397 4871 nos
2468 4815 2701 4869 invicem
2741 4814 3051 4869 videbimus
3106 4822 3161 4866 et
3208 4811 3262 4866 in
3305 4810 3586 4866 communi

320 4903 669 4973 αναστροφῆς
696 4902 1071 4973 προτρέπεται
1110 4906 1301 4975 φέρειν
1320 4906 1494 4975 ἡμᾶς.
1539 4907 1653 4961 Οὐκ
1683 4907 1899 4963 ἐϐουλό-

2008 4908 2287 4977 colloquio
2329 4907 2759 4963 consolationem
2794 4907 2848 4959 in
2881 4904 3142 4959 aerumnis
3176 4903 3519 4957 inveniemus
3554 4919 3569 4965 ;

322 5009 434 5063 μην
460 4992 553 5048 οὖν
582 4993 872 5059 εἰσελθεῖν,
902 4993 1038 5046 ἀλλά
1062 4993 1263 5064 μᾶλλον
1287 4997 1622 5068 πορρωτέρω
1647 5000 1742 5053 καὶ⁵
1771 5000 1899 5069 πρξις

2009 5009 2063 5055 et
2096 5001 2225 5055 side
2256 5017 2436 5055 rerum
2472 4999 2792 5055 diiﬁcultate
2818 4997 3236 5054 deliberandum
3261 5005 3365 5061 est,
3407 5004 3588 5049 tecum

432 5088 600 5156 νῆσον
623 5087 871 5141 ἀπιέναι.
897 5086 1006 5157 Τῆς
1029 5060 1084 5140 δέ
1114 5089 1292 5158 ὁρμῆς
1317 5060 1641 5159 ἐπεσχέθήν,
1665 5090 1726 5143 οὐ
1744 5060 1899 5161 δυνηξ

2011 5091 2351 5157 deliberabo,
2415 5091 2511 5161 qui
2574 5089 2712 5144 nihil
2768 5089 2998 5159 majoris
3059 5060 3357 5143 existimas
3399 5101 3590 5157 quam,

200 5240 207 5247 ‘
307 5181 423 5244 θεὶς
469 5181 706 5247 ἀξίωσιν
756 5180 987 5249 ἀδελφοῦ
1045 5180 1142 5232 καὶ
1176 5179 1372 5235 τέκνου
1425 5198 1519 5250 μοι
1563 5182 1899 5252 ποθουμένου

2018 5183 2246 5253 auspice
2273 5182 2406 5248 Deo,
2443 5184 2509 5236 de
2537 5180 2702 5236 rebus
2735 5180 2975 5236 honestis
3001 5178 3261 5250 cOgitare.

307 5275 387 5334 si;
406 5272 598 5343 κρίσιν
628 5270 730 5342 τῆς
751 5268 892 5340 ὲμῆς
925 5271 1228 5342 ἀπορρῖψαι
1251 5269 1510 5340 δευτέραν
1537 5271 1869 5344 βουλήσεως.
1895 5273 2334 5343 Είσελευσόμεθα
2362 5273 2456 5327 οὖν
2483 5273 2558 5337 ὡς
2579 5273 2923 5340 ἐπέστειλας,
2945 5268 3062 5342 ἅμα
3083 5270 3181 5326 καὶ
3218 5271 3471 5340 ὀψόμενοι
3497 5266 3591 5321 καὶ

308 5364 447 5420 Θεοῦ
473 5364 735 5425 διδόντος,
768 5363 1118 5433 παράκλησιν
1149 5363 1244 5417 ἐπὶ
1270 5365 1385 5428 τοῖς
1425 5364 1715 5436 συνέχουσι
1751 5369 1817 5438 τῇ
1843 5371 1995 5438 κοινῇ
2025 5366 2311 5440 συνομιλίᾳ
2345 5367 2694 5436 εὑρήσοντες,
2724 5366 2820 5418 καὶ
2876 5363 2930 5416 εἴ
2959 5382 3024 5418 -τι
3056 5363 3139 5417 δεῖ
3191 5362 3319 5435 περὶ
3355 5364 3451 5433 τῆς
3483 5363 3591 5415 τῶν

308 5460 664 5532 πραγμάτων
716 5457 1091 5530 χαλεπότητος
1136 5458 1219 5511 σοι
1258 5458 1338 5530 τῷ
1370 5459 1559 5545 χάριτι
1598 5460 1733 5514 Θεοῦ
1794 5460 1962 5532 μηδὲν
2017 5461 2362 5532 προτιμῶντι
2413 5459 2508 5512 τοῦ
2573 5462 2791 5531 φρονεῖν
2823 5457 3000 5530 ὀρθῶς
3045 5453 3589 5522 συνδιασκεψόμενοι.

313 5578 492 5633 PNH’.
538 5576 981 5640 Κωνσταντίνῳ
1043 5578 1463 5647 μητροπολίτῃ
1531 5578 1899 5646 Λαοδικείας.

2108 5575 2337 5633 CLVIII.
2389 5578 2743 5633 Constantino
2774 5574 3097 5631 Laodicensi
3127 5572 3494 5651 metropolitani.

396 5694 787 5765 Ἐλυπήσαμεν
867 5690 971 5759 τὴν
1023 5689 1180 5759 ὐμῶν
1258 5691 1520 5761 ὁσιότητα
1572 5691 1694 5762 οὐχὶ⁵
1744 5693 1899 5748 τοῦτο

2081 5690 2469 5746 Reverentiam
2527 5700 2763 5744 vestram
2812 5686 3302 5747 cuntristavimus,
3359 5684 3587 5740 minime

317 5779 523 5853 θέμενοι
587 5782 831 5845 σκοπὸν,
886 5778 966 5848 μὴ
1023 5780 1255 5846 γένοιτο,
1308 5781 1418 5835 οὐδ’
1462 5779 1688 5836 ἄλλοθέν
1742 5783 1899 5836 ποθεν

2007 5785 2275 5848 volentes,
2330 5784 2475 5837 absit
2526 5797 2558 5835 a
2615 5780 2815 5835 nobis!
2883 5794 2989 5833 nec
3038 5777 3111 5832 ab
3162 5776 3274 5831 alio
3330 5778 3587 5846 quopiam

310 5874 856 5950 παρακεκινημένοι,
890 5870 971 5938 μὴ
998 5869 1152 5924 τοῦτο
1190 5871 1429 5941 λογίζου,
1480 5874 1669 5926 τέκνον
1720 5872 1899 5943 ἡμῶν,

2008 5875 2243 5938 incitati,
2279 5875 2441 5932 crede
2477 5875 2635 5941 mihi;
2666 5872 2911 5942 lili,'imo
2938 5881 2990 5927 te
3022 5870 3203 5943 ipsum
3245 5879 3300 5926 et
3341 5884 3442 5924 nos
3485 5867 3590 5925 do-
