4094 6424
504 396 611 459 387

1614 396 1912 460 NICOLAI
1956 397 2066 457 (ΣΡ.
2107 396 2615 457 ΡΑΤΒΙΑΒΟΗΑΞ

3652 397 3767 461 388

505 517 619 572 lore
673 519 933 574 liberatos
978 519 1318 581 volebamus.
1374 519 1518 587 quod
1577 517 1801 587 quidam
1847 516 1975 569 hinc
2029 526 2080 567 et

2186 513 2324 567 ἀλλὰ
2355 514 2559 583 μᾶλλον
2593 513 3073 582 ὑπολαμϐάνοντές
3105 514 3165 567 σέ
3203 531 3265 566 τε
3297 514 3392 567 καὶ
3418 514 3565 584 ἡμᾶς
3591 513 3767 567 ἀπαλ-

505 613 634 667 inde
683 614 1161 683 circumragantes
1205 619 1396 667 contra
1446 611 1806 666 reverentiam
1844 617 2080 664 vestram

507 705 939 776 argutiabantur
966 717 1023 760 et
1058 706 1355 762 multorum
1387 720 1553 760 aures
1602 702 1967 759 oﬂ‘endebant.
2010 702 2083 753 lle

507 796 657 853 hisce
680 798 787 851 noli
818 798 1022 853 offendi
1048 809 1103 853 et
1136 798 1344 853 dolere.
1379 796 1521 864 Quid
1568 795 1741 850 mali?
1772 794 1961 850 Gratia
1988 793 2080 846 Βιιί

507 889 729 943 illorum
770 890 1045 945 cavillatio
1078 889 1267 943 virtuti
1311 897 1419 942 tua:
1477 887 1684 941 nullam
1724 884 2082 956 turpitudinis

506 993 691 1036 nctam
721 982 927 1052 intulit,
978 983 1090 1036 imo
1116 982 1217 1052 ipsi
1242 981 1445 1035 malam
1489 980 1595 1035 sibi
1640 991 1821 1034 n0tam
1866 978 2084 1033 inusse-

507 1083 638 1127 runt
668 1084 722 1128 et
765 1075 895 1144 quid
947 1074 1127 1129 simile
1179 1071 1421 1143 perpessi
1456 1078 1587 1126 sunt
1609 1071 1662 1125 ei
1690 1070 1909 1134 accidit,
1936 1068 2082 1139 quod

510 1163 813 1232 saepissime
863 1164 918 1217 in
949 1164 1204 1229 canibus,
1266 1163 1361 1233 qui
1416 1163 1718 1232 projectilia
1775 1162 2081 1216 mittentem

506 1265 828 1307 consectare
851 1269 960 1308 non
990 1254 1546 1320 ralentes,immissos
1564 1252 2074 1320 mordenJapides;

506 1343 579 1397 ita
641 1353 697 1398 et
748 1345 826 1398 illi
883 1360 1040 1399 suam
1085 1345 1150 1399 ad
1189 1346 1327 1400 alios
1371 1360 1597 1401 causam
1635 1344 1943 1400 deferentes
1973 1358 2081 1397 non

504 1433 709 1489 frustra
762 1435 1152 1503 perfectionem
1210 1447 1449 1491 vestram
1520 1436 1718 1490 latratu
1784 1450 1886 1489 suo
1937 1435 2082 1489 iuse-

502 1527 615 1579 cuti
653 1538 806 1580 sunt.
842 1526 898 1581 Si
933 1529 1067 1597 quid
1098 1529 1266 1599 igitur
1318 1530 1605 1597 hucusque
1659 1542 1954 1597 perpessus
2020 1542 2081 1581 es

504 1617 559 1670 in
590 1619 773 1671 anima
810 1626 925 1681 tua,
950 1619 1096 1689 quod
1129 1629 1319 1673 contra
1340 1618 1423 1673 fas
1454 1628 1561 1683 est,
1609 1619 1776 1672 homo
1805 1634 1933 1672 eum
1974 1618 2075 1682 sis,

503 1710 762 1779 projicias
808 1726 1003 1780 praVas
1059 1711 1409 1780 cupiditates.
1458 1711 1503 1765 si
1530 1725 1639 1780 qua
1686 1711 1779 1765 tibi
1818 1709 1984 1765 refert
2023 1721 2081 1765 ut

503 1802 741 1854 animam
771 1813 1016 1856 nostram
1046 1817 1155 1855 non
1188 1805 1504 1868 contristes;
1533 1803 1728 1857 iterum
1760 1803 1903 1856 enim
1934 1803 2078 1867 dico,

504 1907 574 1946 ne
624 1892 938 1948 istiusmodi
986 1895 1360 1965 suspicionem
1390 1895 1595 1950 habeas
1629 1912 1645 1949 :
1680 1911 1785 1949 non
1831 1910 1862 1949 a
1896 1896 2084 1951 nobis-

506 1994 621 2039 met
652 1986 786 2056 ipsis
813 2002 911 2042 nec
942 1987 1010 2041 ab
1040 1987 1153 2041 alio
1183 1987 1403 2042 excitati
1425 2004 1619 2043 sumus
1645 1989 1711 2042 ad
1751 2002 1864 2041 rem
1896 1989 2079 2055 istam,

506 2093 696 2132 verum
732 2080 908 2134 satius
933 2080 1192 2134 duximus
1219 2078 1648 2151 imprudentium
1673 2081 1888 2135 illorum
1915 2081 2083 2137 cleri-

503 2184 693 2225 corum
746 2170 1082 2226 clamoribus
1138 2173 1301 2226 linem
1358 2173 1660 2241 imponere,
1718 2188 1787 2227 ne
1839 2173 1969 2228 hinc
2027 2184 2084 2228 et

512 2262 639 2318 inde
687 2265 1093 2322 circumeuntes
1161 2276 1216 2322 et
1262 2267 1482 2323 virtutis
1542 2277 1649 2322 tua:
1690 2268 1905 2323 nescios
1966 2269 2080 2323 for-

505 2370 605 2409 san
663 2357 732 2411 ad
789 2357 953 2412 falsas
1003 2358 1287 2429 opiniones
1313 2359 1382 2415 de
1420 2368 1513 2414 tua
1572 2361 1849 2429 abrcpluri
1899 2372 2083 2417 essent

506 2448 835 2502 reverentia.
887 2448 958 2502 De
1013 2459 1208 2505 caetero
1239 2451 1445 2515 valeas,
1499 2459 1552 2505 et
1602 2462 1871 2521 quatenus
1916 2453 2082 2507 homo

507 2539 600 2593 Dei
675 2549 838 2609 atque
915 2542 1180 2611 pontifex,
1226 2543 1403 2613 major
1456 2545 1532 2599 sis
1576 2545 1720 2616 \‘ulgi
1780 2546 2082 2616 pulsillani-

502 2632 711 2688 mitatc.

1060 2928 1242 2985 CLIX.
1286 2926 1493 2986 Eidem.

572 3039 761 3107 Quoad
791 3041 1058 3111 judicium
1086 3054 1326 3097 vestrum
1383 3045 1451 3098 de
1480 3047 1788 3112 sacerdote,
1819 3049 1913 3116 qui
1950 3065 2079 3119 pro-

502 3133 618 3201 pria
654 3141 834 3186 motus
861 3134 1088 3188 stultitia
1122 3143 1313 3188 contra
1349 3134 1657 3205 pontificem
1693 3152 1856 3192 suum
1889 3149 2081 3194 contu-

2186 605 2370 670 λάξειν
2409 606 2608 677 λύπης,
2640 607 2725 675 ἐφ’
2765 602 2850 670 οἷς
2880 605 3033 660 ἔνθεν
3064 605 3321 659 κάκεῖθεν
3344 604 3769 677 περιτρέχοντες

2185 698 2236 749 ei
2285 696 2429 750 κατὰ
2477 697 2578 768 τῆς
2624 697 2725 767 σῆς
2763 697 3044 767 ὁσιότητος
3106 694 3500 768 φλυαροῦντες,
3555 695 3771 748 πολλῶν

2184 786 2357 851 ἀκοάς
2390 784 2809 858 παρηνώχλουν.
2837 787 2914 840 Οὐ
2951 786 3059 857 χρὴ
3076 785 3170 839 οὖν
3197 785 3299 857 τὴν
3335 785 3435 857 σὴν
3465 785 3563 839 ἐπὶ
3590 784 3772 856 τούτῳ

2184 878 2388 949 ἀρετὴν
2420 878 2732 934 λυπεῖσθαι.
2779 879 2845 932 Τί
2899 880 3011 951 γὰρ
3048 880 3144 932 καὶ
3174 879 3458 948 ἀπήντησε
3495 877 3768 949 χαλεπόνς

2183 971 2309 1025 οὑδὲ
2351 972 2462 1042 γὰρ
2499 974 2685 1044 χάριτι
2734 972 2871 1026 Θεοῦ
2920 975 2955 1042 ἡ
3005 972 3231 1027 ἐκείνων
3287 971 3530 1043 φλυαρία
3567 972 3772 1043 μῶμον

2182 1087 2309 1123 τινα
2334 1073 2402 1141 τῇ
2440 1071 2506 1139 σῇ
2535 1071 2705 1140 ἀρετῇ
2741 1067 3168 1139 προσετρίψατο,
3198 1066 3315 1120 ἀλλ’
3361 1067 3516 1121 αὐτοὶ
3564 1067 3773 1136 μᾶλλον

2182 1160 2448 1233 ὤφθησαν
2478 1160 2941 1231 κατεγνωσμένοι,
2974 1160 3070 1214 καὶ
3116 1160 3304 1230 ὅμοιόν
3339 1175 3392 1213 τι
3423 1158 3770 1228 πάσχοντες,

2183 1249 2296 1308 οἷον
2334 1252 2601 1317 πολλάκις
2632 1254 2691 1306 ὲν
2736 1254 2853 1315 τοῖς
2900 1252 3062 1307 κυσὶν
3095 1252 3244 1305 ἔστιν
3275 1252 3428 1317 ἰδεῖν,
3455 1250 3506 1304 οἳ
3531 1250 3611 1322 τῷ
3633 1250 3773 1322 βάλ-

2182 1345 2331 1399 λοντι
2370 1344 2727 1416 προσψαῦσαι
2766 1345 2841 1415 μὴ
2887 1344 3204 1416 δυνάμενοι,
3253 1345 3382 1407 τοὺς
3426 1344 3514 1397 ἐπ’
3562 1344 3771 1406 αὐτοὺς

2184 1438 2547 1509 βαλλομένους
2599 1438 2857 1493 δάκνουσι
2904 1438 3108 1501 λίθους.
3146 1436 3336 1503 Οὕτως
3379 1433 3475 1491 οὖν
3517 1439 3768 1492 κάκεῖνοι

2183 1534 2321 1602 πρὸς
2341 1532 2535 1596 ἀλλους
2559 1533 2818 1600 φέροντες
2852 1533 2951 1603 τὴν
2978 1532 3180 1597 αἰτίαν,
3215 1532 3277 1585 οὐ
3312 1530 3454 1585 κατά
3480 1531 3580 1601 τῆς
3606 1529 3768 1600 ὑμῶν

2181 1625 2519 1693 τελειότητος
2544 1625 2669 1694 είκῆ
2695 1626 2790 1678 καὶ
2813 1626 2991 1696 μάτην
3012 1624 3375 1687 ὑλακτοῦντες
3392 1621 3765 1693 ἠλέγχθησανο

2180 1717 2323 1770 ὥστε
2374 1721 2427 1770 εί
2488 1734 2541 1770 τι
2599 1717 2697 1770 καὶ
2726 1718 2823 1770 νῦν
2860 1717 3026 1789 μέχρι
3066 1716 3162 1769 τοῦ
3211 1714 3307 1769 νῦν
3351 1713 3639 1785 ἄνθρωπος
3685 1714 3766 1767 ὣν

2184 1809 2385 1873 ἔπαθες
2431 1808 2533 1878 τὴν
2562 1808 2763 1878 ψυχὴν,
2793 1809 2870 1871 ὡς
2898 1810 3000 1861 οὑκ
3037 1808 3167 1871 ἔδει,
3198 1808 3356 1878 ῥῖψον
3388 1807 3449 1860 τὸ
3484 1806 3680 1870 πάθος,
3713 1810 3771 1860 ετ

2185 1900 2237 1952 τί
2275 1916 2360 1951 σοι
2417 1899 2681 1968 πρόσεστι
2729 1896 2955 1967 φίλτρον
2984 1898 3255 1968 ἡμέτερον
3287 1899 3382 1951 καὶ
3417 1895 3598 1965 λόγος,
3631 1898 3765 1968 περὶ

2184 1990 2279 2043 τοῦ
2314 1990 2389 2061 μὴ
2428 1991 2616 2059 ἀλγεῖν
2650 1989 2750 2060 τὴν
2772 1989 3053 2063 ἡμετέραν
3077 1989 3279 2060 ψυχήν.
3301 1990 3412 2042 Καὶ
3438 1988 3602 2044 πάλιν
3626 1988 3760 2059 γὰρ,

2184 2082 2351 2149 φημὶ,
2397 2078 2472 2149 μὴ
2513 2079 2674 2132 τοῦτο
2705 2080 2788 2142 είς
2851 2078 3127 2150 ὑπόληψιν
3176 2079 3301 2149 ἔχε’
3349 2076 3473 2131 οὕτε
3517 2078 3755 2137 οἴκοθεν.

2182 2170 2308 2224 οὕτε
2343 2172 2472 2243 παρ’
2506 2171 2668 2226 ἄλλου
2693 2173 2840 2236 τινὸς
2875 2172 3013 2243 πρὸς
3057 2172 3218 2225 τοῦτο
3248 2171 3598 2242 ὑπήχθημεν,
3627 2168 3761 2224 ἀλλὰ

2188 2265 2391 2335 μᾶλλον
2418 2264 2737 2335 βουλόμενοι
2764 2265 2864 2329 τὰς
2910 2265 3019 2317 τῶν
3057 2264 3338 2318 ἀσυνέτων
3364 2251 3594 2317 ἐκείνων
3633 2262 3765 2332 κλη-

2187 2357 2361 2425 ρικῶν
2390 2356 2713 2410 ἀποπαῦσαι
2767 2356 3042 2428 κραυγὰς,
3092 2356 3179 2409 ἴνα
3213 2356 3288 2426 μὴ
3337 2354 3571 2409 ἐνταῦθα
3601 2356 3766 2410 κάκεῖ

2185 2448 2667 2519 περιιόντες,τοὺς
2698 2448 2800 2502 οὑκ
2856 2448 3068 2510 εἰδότας
3100 2446 3232 2510 ἴσως
3280 2447 3379 2518 τὴν
3417 2446 3515 2518 σὴν
3559 2446 3766 2517 ἀρετὴν

2184 2540 2320 2610 πρὸς
2375 2540 2675 2613 ὑπολήψεις
2707 2541 2964 2606 ἀναξίους
3021 2543 3119 2593 καὶ
3162 2542 3432 2611 ἀπρεπεῖς
3464 2540 3563 2611 τῆς
3607 2539 3766 2609 ὑμῶν

2182 2634 2460 2702 ὁσιότητος
2486 2632 2898 2703 συναρπάζωσι.
2931 2632 3011 2685 Τά
3040 2631 3085 2683 δ’
3114 2630 3248 2685 ἄλλα
3289 2630 3605 2702 ὲρῤωμένος
3627 2632 3767 2699 ἡμῖν

2184 2725 2325 2795 εἴης,
2381 2726 2477 2779 καὶ
2500 2721 2589 2778 οἷα
2611 2722 2704 2778 τοῦ
2731 2724 2867 2778 Θεοῦ
2898 2724 3183 2793 ἅνθρωπος
3211 2722 3306 2776 καὶ
3324 2721 3637 2792 ἀρχιερεὺς,
3663 2722 3764 2790 τῆς

2182 2816 2291 2870 τῶν
2322 2815 2534 2870 πολλῶν
2568 2816 2936 2888 μικροψυχίας
2966 2815 3257 2888 ἀνώτερος.

2711 2928 2884 2984 ΡΝΘ’.
2916 2929 3005 2997 Τῷ
3041 2930 3224 2996 αὐτῷ.

2265 3045 2389 3100 Ἐπὶ
2414 3047 2528 3108 τοῖς
2562 3044 2913 3115 κεκριμένοις
2972 3045 3101 3113 ὑμῖν
3139 3044 3271 3114 περὶ
3316 3043 3414 3097 τοῦ
3461 3044 3673 3115 ἱερέως,
3703 3042 3766 3096 δν

2182 3137 2464 3209 ἀφροσύνη
2499 3136 2873 3207 διερεθίζουσα
2903 3134 2998 3187 τοῦ
3041 3134 3246 3188 οἰκείου
3279 3134 3579 3206 ἀρχιερέως
3609 3132 3766 3203 ὑϐρι-

504 3226 791 3280 meliosnm
830 3241 888 3280 se
918 3227 1109 3296 gessit,
1137 3241 1262 3281 cum
1297 3226 1446 3281 nulla
1503 3227 1571 3281 dc
1610 3226 1751 3282 facto
1778 3227 1925 3283 adsit
1942 3244 2077 3285 con-

2185 3200 2319 3300 στην
2347 3200 2753 3299 ἀπειργάσατο,
2789 3226 3051 3297 οὐδεμιᾶς
3103 3200 3532 3295 ἀπαντώσης-τῇ
3581 3200 3762 3294 κρίσει

504 3318 759 3371 tradictio
819 3316 1131 3389 (canonum
1184 3318 1334 3371 enim
1390 3317 1439 3371 vi
1491 3318 1905 3388 conﬁrmatur),
1976 3321 2080 3375 hoc

510 3409 955 3464 unum‘additum
987 3412 1264 3474 volumus,
1292 3421 1353 3463 ut
1388 3410 1543 3464 nobis
1579 3410 1783 3464 licitum
1833 3412 1903 3465 sit
1928 3412 2079 3467 beni-

501 3501 746 3572 gniorem
780 3499 1074 3569 quamdam
1121 3501 1309 3555 fovere
1343 3502 1730 3571 cogitationem
1763 3512 1817 3557 et
1844 3506 2080 3557 commi-

506 3596 835 3649 scrationem
859 3595 1154 3664 quandam
1183 3595 1446 3649 exhibere
1471 3611 1601 3663 erga
1655 3596 2075 3666 imprudentem,

506 3688 771 3758 illumque
802 3703 993 3742 rursus
1027 3689 1079 3741 in
1106 3688 1286 3742 locum
1318 3690 1486 3744 ‘suum
1516 3690 1826 3745 restituere.
1864 3690 2077 3747 Etenim

502 3792 724 3850 peccata
781 3780 872 3834 illa
915 3779 1319 3833 irremissibilia
1382 3792 1547 3847 sunt,
1592 3797 1713 3850 quae
1762 3785 2079 3836 sanctuario

501 3873 801 3942 impietatis
859 3883 1048 3927 notam
1084 3873 1329 3927 inurunt.
1380 3874 1435 3927 Si
1471 3883 1651 3927 autem
1684 3890 1746 3928 ea
1787 3892 1907 3944 quae
1954 3891 2081 3945 pro-

500 3972 619 4033 pter
648 3964 954 4018 errantium
1014 3963 1532 4033 pusillaaimitatem
1571 3966 1637 4020 ad
1684 3981 1788 4021 nos
1829 3975 2081 4035 spectant

498 4059 649 4114 soles
696 4061 1007 4112 condonare
1063 4058 1421 4125 voluerimus,
1472 4060 1711 4114 divmam
1776 4060 2081 4129 benignita-

500 4158 612 4204 tem
656 4160 789 4219 puto
834 4150 993 4205 nobis
1050 4166 1160 4203 non
1199 4151 1394 4205 iratam
1435 4150 1553 4205 fore
1583 4169 1598 4207 :
1632 4167 1818 4205 nonne
1851 4153 1965 4220 ipse
1992 4161 2082 4207 est

498 4242 594 4310 qui
623 4240 774 4293 tuitui
811 4241 1087 4295 sacriﬁcio
1129 4242 1564 4296 misericordiam
1601 4241 1860 4311 praefecit,
1893 4243 2080 4298 dicen-

507 4337 578 4385 do
617 4351 630 4386 :
671 4332 1140 4386 «Misericordiam
1179 4335 1303 4387 volo
1332 4343 1386 4388 et
1409 4335 1898 4389 nonsacrilicium?
1931 4336 2076 4390 Prte-

498 4436 717 4494 eeptum
770 4429 873 4479 hoc
935 4425 1067 4478 miln
1102 4426 1318 4479 videtur
1370 4427 1951 4497 egregie'inordinato
1997 4430 2075 4482 illi

500 4514 751 4584 adaptari
778 4524 833 4569 et
858 4515 1295 4570 misericordiam
1326 4532 1393 4571 ex
1423 4519 1607 4572 animo
1636 4526 1816 4573 vestro
1838 4534 2069 4589 proven-
2105 4536 2149 4589 ι)

500 4617 701 4662 turam.
725 4603 825 4661 His
864 4622 965 4677 ego
995 4608 1308 4672 assentior;
1365 4622 1471 4662 non
1503 4609 1648 4663 enim
1688 4610 1813 4677 erit,
1845 4610 1949 4665 nisi
1988 4611 2069 4664 vi-

496 4714 647 4753 scera
679 4714 779 4754 sua
813 4699 1043 4754 omnino
1072 4699 1341 4754 claudens
1383 4700 1796 4764 misericordiae,
1832 4703 1926 4774 qui
1951 4718 2076 4773 pro-

496 4793 643 4865 ximo
679 4790 826 4860 inopi
862 4790 1128 4845 auxilium
1161 4801 1404 4856 recuset.

850 5091 1009 5147 CLX.
1040 5091 1291 5164 Gregorio
1330 5093 1521 5163 Ephesi
1550 5097 1708 5164 rpisc.

569 5206 928 5273 Afﬂictiones,
958 5210 1032 5262 mi
1058 5208 1368 5279 fili,quibus
1400 5208 1641 5264 Ecclesia
1661 5211 1752 5264 Dei
1785 5212 2072 5281 premitur,

497 5316 607 5355 non
640 5302 757 5356 sine
801 5299 970 5354 animi
1019 5299 1210 5354 dolore
1255 5313 1589 5356 noveramus
1626 5303 1780 5371 prius
1829 5319 1993 5373 quam
2044 5319 2074 5358 e

496 5394 691 5449 litteris
723 5394 834 5448 tuis
858 5392 1249 5461 cognovimus;
1288 5409 1477 5448 casum
1528 5404 1584 5449 et
1636 5410 1779 5464 szepe
1814 5411 1929 5449 rem
1980 5397 2074 5450 de-

498 5485 843 5555 pldrantibus
883 5486 1044 5540 nobis
1077 5486 1237 5539 unica
1279 5485 1503 5540 obvenit
1556 5501 1718 5540 causa
1756 5485 2072 5556 probabilis,

498 5588 681 5628 rerum
710 5574 1050 5643 publicarum
1085 5572 1376 5645 fragilitas.
1430 5572 1663 5646 Reliqua
1690 5588 1902 5642 autem,
1952 5595 2074 5649 qua:

502 5666 818 5719 rumoribus
847 5667 1167 5722 circumlata
1212 5670 1456 5723 animum
1489 5682 1638 5724 tuum
1665 5673 2071 5740 perturbarunt,

502 5754 706 5821 aliquid
750 5758 804 5809 in
854 5772 915 5812 se
963 5759 1074 5813 veri
1115 5760 1315 5814 habent
1345 5767 1400 5813 ct
1437 5759 1645 5830 aliquid
1695 5760 1843 5828 falsi,
1896 5775 1955 5818 ut
2018 5764 2072 5819 in

505 5849 670 5897 Iebus
703 5846 959 5904 humanis
993 5852 1216 5909 evenire
1250 5852 1411 5909 solet.
1450 5853 1702 5910 Attamen
1741 5854 1794 5908 in
1838 5855 1923 5909 bis
1972 5857 2073 5911 Illi-

2182 3322 2493 3390 ἀντιλογίας
2520 3320 2768 3391 (κανόνος
2789 3321 2897 3390 γὰρ
2930 3318 3078 3388 ίσχὺῖ
3103 3318 3568 3388 διασφαλίςεται),
3601 3316 3761 3369 τοῦτο

2184 3418 2345 3488 μῦνον
2376 3412 2580 3484 φαμὲν,
2629 3412 2705 3474 ὼς
2753 3410 2928 3474 ἔξεστι
2962 3409 3313 3481 βουλομένοις
3351 3412 3484 3480 ἡμῖν
3515 3411 3762 3463 ἐπιεικε-

2182 3505 2380 3576 στέραν
2439 3507 2565 3557 τινα
2618 3503 2848 3573 γνώμην
2888 3501 3195 3572 συμπαθῶς
3247 3502 3588 3572 κινουμένοις
3625 3503 3761 3573 πρὸς

2179 3596 2272 3649 τὸν
2313 3595 2793 3665 ἁφρονευσάμενον
2825 3592 3215 3658 ἐπιδείξασθαι,
3263 3594 3357 3646 καὶ
3386 3592 3548 3645 πάλιν
3593 3595 3653 3644 ἐν
3684 3592 3760 3661 τῷ

2180 3688 2364 3759 οἰκείῳ
2398 3685 2863 3754 ἀποκαταστῆσαι
2925 3683 3141 3755 βαθμῷ,
3170 3682 3307 3736 διότι
3357 3686 3467 3736 τῶν
3500 3684 3754 3754 ἁμαρτη-

2184 3781 2369 3849 μάτων
2392 3781 2576 3832 ὲκείνα
2608 3776 2883 3839 παντελῶς
2906 3777 3292 3844 ἀσύγγνωστα,
3323 3776 3422 3828 ὅσα
3462 3775 3647 3846 μῶμον
3673 3775 3753 3839 τῷ

2181 3873 2322 3942 ἁγίῳ
2378 3871 2749 3941 θυσιαστηρίῳ
2795 3869 3185 3939 προστρίϐεται
3214 3885 3225 3899 ·
3259 3867 3297 3922 ἀ
3344 3869 3402 3922 δὲ
3440 3869 3578 3939 πρὸς
3609 3870 3756 3936 ἡμᾶς

2167 3966 2240 4031 ’ἐξ
2297 3963 2652 4033 ἀνθρωπίνης
2711 3961 3080 4032 μικροψυχίας
3138 3960 3248 4013 τῶν
3290 3959 3763 4030 πλημμελούντων

2185 4057 2382 4127 μόνους
2408 4056 2534 4127 ὁρᾷ,
2563 4054 2740 4108 ταῦτα
2770 4056 2819 4107 εί
2866 4056 3171 4124 συγχωρεῖν
3218 4052 3568 4123 βουλοίμεθα,
3596 4048 3757 4121 οἶμαι

2178 4148 2278 4219 τὴν
2307 4148 2403 4201 τοῦ
2446 4149 2581 4202 Θεοῦ
2635 4148 2928 4217 εὐμένειαν
2969 4146 3045 4217 μὴ
3078 4150 3405 4218 νεμεσήσειν
3448 4148 3601 4216 ἡμῖν.
3637 4146 3764 4208 Πῶς

2180 4244 2288 4312 γάρ
2319 4243 2376 4304 ὃς
2408 4259 2473 4309 γε
2510 4241 2691 4310 πάσης
2721 4240 2819 4309 τῆς
2861 4240 3017 4305 αὑτῷ
3070 4239 3527 4310 προτφερομένης
3559 4237 3759 4301 θυσίας

2180 4334 2511 4403 ἐπίπροσθεν
2536 4335 2770 4385 ποιεῖται
2787 4331 2878 4383 τὸν
2894 4331 3059 4383 ἔλεον·
3075 4352 3092 4382 ι
3113 4332 3302 4385 Ἕλεον
3321 4330 3764 4400 γάρ,φησὶ,θέλω

2181 4429 2274 4478 καί
2299 4425 2360 4476 οὑ
2386 4423 2579 4476 θυσίαν
2615 4441 2664 4489 ς»
2712 4423 2867 4493 Ἐμοὶ
2930 4418 3025 4476 οὖν
3064 4422 3332 4476 δοκεῖκαὶ
3370 4426 3469 4494 τὴν
3508 4422 3764 4476 παιδείαν

2184 4515 2361 4578 καλῶς
2389 4518 2483 4568 ἐπὶ
2502 4518 2580 4585 τῷ
2621 4515 2999 4585 ἁτακτήσαντι
3048 4514 3357 4585 προελθεῖν,
3392 4515 3486 4566 καὶ
3523 4516 3580 4568 τὸ
3621 4532 3764 4583 συμ-

2183 4610 2355 4671 mils;
2384 4610 2466 4661 ἐτι
2503 4612 2759 4678 κρεῖσσον
2800 4608 2907 4661 ὑπὸ
2948 4608 3047 4678 τῆς
3085 4609 3362 4679 ὑμετέρας
3394 4612 3596 4680 ἀρετῆς
3632 4611 3764 4662 ἐπι-

2178 4701 2486 4772 δειχθῆναι,
2531 4700 2671 4753 ὦστε
2697 4701 2790 4754 καὶ
2822 4702 2958 4770 ἡμῖν
2986 4699 3146 4752 τοῦτο
3170 4701 3439 4765 συνδοκεῖ,
3477 4702 3580 4754 οὑκ
3601 4700 3762 4753 ἔσται

2177 4812 2262 4856 τις
2293 4794 2444 4862 παρά
2477 4794 2586 4845 τῶν
2612 4793 2687 4864 μὴ
2711 4793 3033 4847 παντάπασι
3063 4795 3130 4846 τὰ
3152 4791 3439 4863 σπλάγχνα
3469 4795 3763 4847 κλειόντων

2184 4885 2392 4956 μέμψις
2431 4887 2543 4947 τοῖς
2581 4884 2859 4955 δεομένοις
2880 4883 3194 4951 ἀνθρώποις
3220 4885 3314 4938 καὶ
3348 4887 3537 4949 αὑτοῖς
3570 4887 3760 4959 ὑπάρ-

2178 4995 2334 5047 χουσι
2375 4976 2809 5046 φιλανθρωπίας.

2570 5090 2691 5146 PE'.
2723 5091 3031 5163 Γρηγορίῳ
3089 5091 3364 5161 Ἐφέσου.

2246 5206 2329 5262 Τὰ
2369 5206 2469 5279 μὲν
2503 5208 2641 5263 ἄλλα
2677 5208 2824 5280 πάθη
2851 5211 2974 5275 ὅσα,
3029 5210 3220 5266 τέκνον
3257 5211 3418 5282 ἡμῶν
3459 5212 3626 5284 ἱερὸν,
3655 5212 3762 5276 τὰς

2176 5299 2271 5353 τοῦ
2312 5299 2446 5353 Θεοῦ
2474 5301 2687 5371 συνέχει
2730 5301 3083 5373 Ἐκκλησίας,
3112 5302 3234 5357 οὐδὲ
3268 5303 3399 5376 πρὶν
3424 5304 3758 5375 ἠγνοοῦμεν*

2175 5390 2290 5445 ἀλλ’
2318 5386 2464 5462 εἶχεν
2511 5393 2660 5463 ἡμᾶς
2686 5395 2719 5463 ή
2754 5396 2928 5464 πικρά
2975 5394 3180 5449 τούτων
3208 5396 3435 5464 γνῶσις,
3460 5396 3557 5450 καὶ
3583 5397 3760 5467 χωρὶς

2175 5486 2276 5555 τῆς
2303 5485 2398 5540 τοῦ
2420 5485 2750 5557 γράμματος
2768 5486 3112 5556 ἀπαγγελίας
3130 5501 3144 5516 ’
3178 5489 3272 5541 καὶ
3300 5489 3561 5554 πολλάκις
3578 5488 3762 5543 ταῦτα

2175 5579 2670 5650 ὲκτραγῳδούντων
2732 5581 2892 5651 ἡμῶν
2930 5580 3029 5650 μία
3077 5599 3160 5646 τις
3196 5583 3435 5653 ἀπαντᾷ,
3475 5582 3550 5647 ὡς
3580 5583 3763 5646 δοκεῖ,

2175 5674 2287 5736 τοῖς
2318 5672 2773 5743 ἀποκρινομένοις
2805 5664 3162 5744 εὐπρόσωπος
3179 5675 3330 5728 αίτία
3362 5677 3395 5745 η
3427 5675 3534 5727 τῶν
3558 5674 3762 5726 κοινῶν

2179 5765 2521 5834 πραγμάτων
2564 5762 2860 5817 ἀσθένεια·
2917 5763 2985 5817 τά
3034 5763 3080 5817 δ’
3134 5766 3292 5831 ἄλλα,
3343 5766 3443 5819 ὅσα
3507 5768 3539 5835 ἡ
3592 5765 3763 5835 φήμη

2181 5860 2424 5929 φέρουσα
2464 5856 2692 5927 θόρυϐον
2747 5859 2876 5927 ὑμῖν
2946 5860 3286 5929 ἐνεποίησεν,
3328 5863 3458 5925 ἴσως
3502 5861 3612 5931 ἔχει
3650 5863 3765 5929 μέν
