4094 6426
544 390 650 457 391

1600 393 1910 454 NICOLAI
1955 393 2063 452 (ΣΡ.
2109 390 2621 453 PATlllARClLE

3709 399 3820 459 ενα

533 509 634 579 τῆς
668 507 852 579 φιλίας
905 504 1116 571 σώζων,
1172 505 1419 575 φύλασσε
1479 507 1628 575 παρὰ
1690 503 1907 575 σεαυτῷ
1942 503 2039 557 καὶ
2080 502 2140 556 τὺ
2171 503 2457 577 πρόθυμον
2487 507 2587 578 τῆς
2657 508 3003 579 συμμαχίας.
3061 509 3157 560 καὶ
3189 509 3240 561 εί
3265 523 3328 576 γε
3371 505 3531 576 χρεία
3564 500 3812 562 καλέσαι,

534 602 755 666 πάντως
780 595 872 656 οἷα
924 601 1083 671 φίλος
1145 602 1451 671 εὐγνώμων
1496 601 1557 655 τὸ
1604 600 1941 672 ζητούμενον
1984 599 2343 668 ὲπιτελέσεις,
2376 603 2464 658 ἵνα
2520 604 2614 658 καὶ
2665 606 2724 658 ὲν
2780 603 2957 672 τούτῳ
2988 605 3021 675 ἡ
3052 605 3120 673 σὴ
3161 600 3498 669 δίσίφαίνοιτο
3527 594 3820 671 ἀρετήκαὶ

528 700 592 752 τὸ
621 700 720 770 τῆς
747 699 933 769 φιλίας
964 699 1276 753 ἀνόθευτον.

890 811 1124 868 CLXlll.
1160 811 1421 867 Antiocho
1445 815 1729 870 monacho.

601 926 752 982 Nihil
777 927 927 982 aliud
967 926 1036 982 de
1091 927 1432 984 cubiculario
1481 929 1696 986 litteras
1743 930 1810 985 ad
1858 930 2113 1001 pietatem

539 1030 780 1077 vestram
815 1017 1094 1075 deferente
1122 1018 1328 1086 scribo,
1352 1021 1460 1077 nisi
1488 1029 1632 1092 quod
1663 1022 1767 1093 ipsi
1799 1020 2113 1079 facultatem

532 1116 605 1169 tlo
631 1112 1012 1168 accusationes
1047 1111 1359 1179 recusandi,
1384 1112 1436 1167 id
1471 1115 1616 1184 quod
1642 1123 1749 1169 tua:
1769 1130 1989 1185 quoque
2007 1116 2117 1168 vir-

430 1248 439 1259 .
529 1206 629 1259 tuti
690 1202 949 1258 convenit
1003 1213 1057 1256 et
1082 1203 1312 1270 justitia:
1337 1204 1472 1261 ordo
1502 1207 1757 1275 postulat.
1804 1203 1922 1260 Non
1952 1207 2116 1276 igitur

526 1298 785 1368 injuriam
818 1311 995 1367 neque
1037 1298 1340 1368 turpiorem
1376 1309 1566 1355 actum
1606 1300 1658 1355 in
1697 1315 1823 1355 eum
1856 1301 2115 1355 commit-

524 1396 642 1456 tas;
684 1387 737 1443 id
770 1388 919 1442 enim
968 1403 1073 1444 nec
1113 1389 1330 1446 virtute
1367 1400 1550 1446 vestra
1579 1391 1803 1463 dignum
1842 1392 1983 1448 foret
2016 1408 2115 1448 nec

523 1480 855 1536 conditione
878 1481 1120 1537 hominis
1153 1499 1168 1536 :
1203 1482 1510 1539 monachus
1541 1491 1594 1539 et
1610 1483 1984 1541 cubicularius
2006 1499 2112 1540 non

521 1572 816 1627 hesteruus
851 1582 956 1639 est,
989 1573 1084 1628 sed
1113 1573 1183 1630 ab
1215 1574 1465 1645 antiquo,
1494 1585 1549 1631 et
1579 1575 1686 1630 alia
1707 1576 1822 1646 jam
1857 1577 2112 1633 exercuit

518 1663 846 1730 ministeria,
881 1664 947 1719 ad
981 1681 1104 1737 quae
1146 1667 1443 1722 virtutibus
1472 1667 1717 1740 insignes
1747 1668 1996 1740 deputari
2019 1685 2112 1724 so-

518 1754 651 1808 lent.
694 1753 751 1809 Si
817 1755 984 1826 igitur
1049 1760 1277 1813 humani
1332 1759 1468 1829 quid
1522 1759 1825 1826 admiserit,
1859 1769 1915 1815 et
1961 1760 2109 1831 jusla

516 1849 969 1930 animadverterit
1032 1852 1342 1916 sententia,
1385 1868 1605 1922 prauam
1637 1853 1848 1923 judicio
1905 1854 2113 1927 irroga-

515 1949 626 1996 tam
658 1944 799 2009 luet,
837 1955 893 1999 et
927 1946 972 1999 si
996 1944 1127 2016 quid
1171 1945 1400 2001 abstulit
1433 1945 1916 2016 reddetprofecto;
1953 1948 2113 2004 ultio-

517 2048 641 2087 nem
672 2046 802 2088 vero
828 2043 884 2090 et
923 2035 1060 2090 alias
1092 2052 1285 2107 poenas
1316 2052 1458 2106 quas
1508 2037 1712 2107 saapius
1742 2040 1809 2093 ad
1842 2054 2110 2110 quorum-

2587 811 2749 867 P3P.
2796 813 3085 883 Ἀντιόχῳ
3115 810 3448 882 pomifera.

2290 925 2459 979 Οὐδὲν
2491 925 2685 996 ἓτερον
2717 925 3009 998 γράφομεν
3039 925 3169 997 περὶ
3196 925 3292 979 τοῦ
3324 926 3649 991 κομίζοντος
3681 944 3822 982 κους

2218 1018 2564 1073 ϐουκλεισιου
2592 1021 2732 1092 πρὸς
2773 1020 2876 1091 τὴν
2935 1019 3092 1089 ὑμῶν
3120 1018 3414 1072 εὐλάϐειαν
3456 1019 3520 1072 τὸ
3549 1020 3819 1091 γράμμα,

2216 1113 2250 1185 ἢ
2308 1112 2472 1183 μόνον
2527 1112 2589 1166 τὸ
2648 1112 2837 1167 δοῦναι
2866 1112 3061 1181 λόγους
3107 1109 3256 1182 αὐτῷ
3318 1111 3385 1164 ἂν
3420 1109 3581 1165 τοῦτο
3633 1111 3813 1184 δεήσῃ

2217 1204 2354 1274 πρὸς
2388 1204 2517 1269 τοὺς
2569 1204 2672 1269 τὰς
2721 1205 3014 1275 ὲγκλήσεις
3052 1204 3437 1276 ἔπιφέροντας,
3471 1202 3656 1267 καθώς
3691 1205 3819 1258 ἐστι

2214 1297 2311 1351 καὶ
2340 1300 2408 1369 τῇ
2451 1299 2516 1370 σῇ
2551 1299 2724 1371 ἀρετῇ
2787 1296 3023 1368 πρέπον,
3073 1297 3170 1349 καὶ
3203 1297 3237 1367 ή
3270 1295 3365 1348 τοῦ
3395 1293 3607 1348 δικαίου
3652 1293 3816 1358 τάξις

2216 1388 2485 1456 ἐπιζητεῖ.
2519 1389 2692 1443 Τοῦτο
2725 1390 2784 1443 δέ
2819 1392 2937 1443 ἐστι
2972 1389 3036 1444 τὸ
3064 1389 3234 1463 μηδὲν
3265 1389 3346 1452 είς
3387 1387 3547 1459 ὕϐριν
3582 1387 3706 1457 μηδ’
3730 1390 3818 1450 εἰς

2214 1481 2551 1553 ἀτιμοτέραν
2588 1481 2793 1555 πρᾶξιν
2832 1481 3261 1552 καθιστάμενον,
3312 1480 3622 1550 ἐπαχθῆναι
3655 1478 3816 1548 αὐτῷ

2216 1575 2346 1647 παρ’
2370 1574 2543 1645 ὑμῶν.
2570 1575 2747 1630 Τοῦτο
2777 1574 2885 1647 γὰρ
2917 1574 3040 1628 οὐδὲ
3068 1575 3165 1646 τῆς
3188 1573 3291 1644 σῆς
3317 1573 3470 1639 ἄξιον
3491 1569 3813 1634 εὐλαϐείας,

2215 1668 2345 1733 ἴσως
2374 1667 2497 1722 οὐδὲ
2527 1668 2626 1740 τῆς
2655 1666 2751 1723 τοῦ
2773 1666 3065 1738 ἀνθρώπου
3093 1666 3506 1729 καταστάσεως.
3540 1664 3816 1729 Μονάζων

2213 1760 2331 1832 γὰρ’
2356 1763 2452 1815 καὶ
2480 1761 2932 1826 κουϐουκλείσιος
2961 1762 3023 1816 οὗ
3054 1760 3182 1831 χθὲς
3215 1759 3337 1813 οὐδὲ
3369 1760 3634 1830 σήμερον,
3670 1756 3815 1811 ἀλλά

2214 1851 2385 1905 πάλαι
2420 1854 2514 1906 καὶ
2538 1852 2598 1918 ἐξ
2637 1854 2811 1925 ἀρχῆς
2868 1854 2963 1908 καὶ
3002 1852 3284 1916 διακονίας
3318 1851 3512 1921 ἑτέρας
3555 1852 3815 1919 ἐγκεχει-

2216 1945 2496 2014 ρισμένος,
2539 1947 2596 1999 αἳ
2647 1947 2776 2009 τοὺς
2826 1945 2968 1999 κατὰ
2996 1949 3086 1999 τὸν
3125 1944 3239 2015 βίον
3271 1944 3635 2013 διαφέροντας
3667 1942 3812 2012 πρὶς

2215 2034 2446 2096 ἑαυτοὺς
2485 2034 2871 2089 ἐκκαλοῦνται.
2911 2035 2978 2088 Et
3011 2051 3067 2086 τι
3121 2031 3217 2085 οὖν
3255 2029 3345 2083 οἷα
3380 2030 3451 2083 τὰ
3479 2027 3811 2099 ἀνθρώπινα

511 2122 638 2176 datn
699 2123 1083 2181 confusionem
1118 2128 1361 2183 ostendit
1414 2129 1589 2198 pietas
1638 2137 1842 2190 vestra.
1890 2131 2004 2185 noli
2053 2132 2108 2185 in

2213 2127 2561 2198 παρεσφάλη,
2591 2127 2737 2198 καὶὴ
2769 2124 3213 2189 καταδικάζουσα
3240 2122 3423 2192 ψῆφος
3457 2119 3648 2172 τοῦτον
3674 2119 3796 2187 ὁρᾷ,

509 2229 635 2267 eum
679 2216 946 2287 projicere
981 2236 995 2273 :
1034 2218 1324 2287 superﬂuae
1358 2220 1506 2274 enim
1551 2218 1759 2287 forent,
1793 2222 2106 2294 intelligen-

511 2306 584 2360 tia
614 2316 705 2361 tua
740 2308 978 2379 indigine
1008 2318 1064 2364 et
1094 2310 1304 2365 homini
1331 2311 1482 2367 nullo
1514 2312 1678 2368 modo
1711 2314 1998 2384 adaptatis.
2044 2315 2100 2370 Si

510 2413 619 2465 qua
654 2399 754 2453 tibi
800 2401 1047 2457 curaest
1069 2401 1139 2457 de
1169 2403 1379 2459 honore
1427 2412 1520 2458 tuo
1550 2415 1603 2459 et
1638 2405 1704 2460 de
1738 2406 1959 2461 homine
2006 2407 2099 2477 qui

508 2494 715 2559 alisque
778 2492 977 2562 injuria
1038 2505 1338 2565 praesentes
1396 2494 1573 2551 defert
1624 2497 1836 2553 litteras
1899 2508 1953 2553 et
2034 2497 2102 2553 de

511 2594 701 2638 nostra
736 2585 1141 2655 exhortatione,
1212 2597 1262 2642 te
1302 2588 1502 2643 litteris
1543 2589 1750 2644 nostris
1785 2604 2099 2644 accommo-

509 2672 689 2730 dabis.

2213 2221 2316 2291 τὴν
2367 2221 2465 2291 μὲν
2516 2220 2627 2273 ἀπὸ
2656 2219 2758 2291 τῆς
2794 2217 2979 2288 ψήφου
3024 2215 3231 2287 ζημίαν
3260 2213 3574 2283 ὑποστήτω,
3615 2210 3711 2263 καὶ
3753 2208 3806 2261 εἴ

2210 2312 2360 2376 τινός
2381 2329 2436 2365 τι
2467 2312 2740 2381 ἀφείλετο,
2775 2310 2993 2374 πάντως
3035 2308 3356 2362 ἀποδιδότω.
3415 2302 3700 2376 Ἰἰμωρίαψ
3745 2300 3807 2354 δὲ

2210 2404 2378 2475 ἄλλην
2408 2405 2503 2458 καὶ
2533 2403 2713 2473 ὓϐριν,
2744 2398 2835 2457 οἶοι
2866 2402 3128 2471 πολλάκις
3160 2399 3299 2471 πρὸς
3345 2395 3610 2467 αἰσχύνην
3634 2391 3808 2445 τινῶν

2210 2497 2530 2564 ἐπεδείξατο
2579 2496 2806 2568 ὐμῶνή
2851 2495 3130 2561 εὐλάϐεια,
3184 2492 3363 2563 τούτῳ
3415 2488 3493 2560 μὴ
3530 2502 3806 2558 προστρι-

2207 2588 2385 2659 ψάτω.
2447 2588 2717 2661 Περισσδν
2754 2589 2867 2659 γὰρ
2925 2588 3020 2642 καὶ
3071 2585 3192 2641 οὐδὲ
3218 2587 3319 2657 τῆς
3346 2586 3447 2653 σῆς
3493 2580 3645 2645 ἄξιον
3670 2595 3805 2630 συνο

2211 2687 2402 2750 έσεως,
2436 2683 2561 2737 οὔτε
2590 2683 2680 2737 τὸν
2716 2683 3007 2754 ἄνθρωπον
3040 2678 3268 2736 τοιαῦτα
3324 2677 3558 2746 πάσχειν
3587 2670 3807 2741 ὀφειλό-

509 2788 693 2839 μενον.
729 2746 874 2827 Eiet
929 2773 1023 2829 οὖν
1081 2794 1167 2831 σοι
1222 2778 1378 2848 μέλει
1431 2778 1527 2832 καὶ
1566 2778 1699 2849 περὶ
1748 2778 1976 2850 τῆςησῆς
2028 2778 2352 2852 εὐκοσμίας,
2406 2783 2504 2836 καλ⁸
2563 2782 2696 2853 περὶ
2747 2766 2872 2851 ,τῆς
2923 2779 3257 2852 ἀνυϐρίστου
3325 2774 3464 2845 πρὸς
3512 2771 3573 2824 σὲ
3616 2783 3805 2838 παρα-

504 2868 755 2933 στάσεως
808 2870 904 2925 τοῦ
966 2872 1026 2924 τὸ
1076 2874 1315 2946 γράμμα
1349 2876 1691 2946 κομίζοντος,
1718 2876 2017 2947 προσθήσω
2060 2876 2118 2932 δὲ
2165 2877 2398 2951 καὶτῆς
2453 2879 2615 2950 ἡμῶν
2702 2876 3123 2948 παραινέσεως,
3188 2875 3302 2936 τοῖς
3378 2863 3804 2938 γεγραμμένοις

499 2961 697 3032 ϐφθητι
730 2963 1134 3020 ἐπακολουθῶν.

514 3136 1049 3157 ...ν-Μ...-

1311 3151 1855 3165 *ια-και*

1733 3306 2564 3430 ΝΙΚΟΛΑΟΥ

893 3521 991 3575 ΤΟ
1016 3521 1059 3574 Υ
1124 3523 1619 3579 ΑΓΙΩΤΑΤΟΥ
1660 3527 2256 3595 ’ΠΑΤΡΙΑΡΧΟΥ
2315 3526 3387 3584 ΚΩΝΣΤΔΝΤΙΝΟΥΠΟΛΕΩΣ
3423 3529 3439 3553 ‘

1058 3148 1299 3160 .o—————-

2009 3688 2273 3741 HOIHMA

930 3836 1131 3890 ΠΡΟΣ
1168 3838 1312 3892 ΤΟΝ
1352 3839 1642 3893 ΠΡΩΤΟΝ
1681 3840 1825 3893 ΤΟΥ
1853 3840 2088 3895 ΑΓΙΟΥ
2118 3839 2366 3905 ΟΡΟΥΣ,
2397 3841 2493 3895 ΩΣ
2528 3841 2857 3895 ΤΥΠΙΚΟΝ
2885 3840 3005 3893 AIA
3046 3841 3093 3892 Σ
3102 3837 3371 3893 ΤΟΙΧΟΥ.

1798 4183 2441 4314 NICOLAI

1137 4420 1629 4482 SANCTISSIMI
1673 4421 2189 4482 PATRIARCHE
2234 4422 3138 4485 CONSTANTINOPOLITANI

2055 4585 2224 4637 OPUS

774 4729 886 4791 ΑΙ)
926 4729 1524 4794 ΡΒΛΕΡΟΞΙΤΗΜ
1554 4730 1809 4792 SACRI
1851 4731 2109 4794 ΜΟΝΤΑ

2255 4732 2367 4794 UT
2414 4730 2715 4797 TYPUM
2752 4734 2854 4797 IN
2888 4733 3214 4798 0RDINE
3260 4736 3503 4799 ΥΙΤᾹΞ.

1645 4897 1766 4962 (MM
1792 4900 1973 4963 Seript.
2002 4907 2103 4950 vet.
2145 4907 2264 4950 tom.
2312 4899 2392 4959 IX,
2420 4914 2469 4963 p.
2495 4899 2629 4963 611.)

2116 5074 2185 5085 ,-

557 5199 613 5254 1.
653 5198 813 5269 Saepe
870 5213 960 5255 me
1022 5197 1339 5269 compulisti
1382 5197 1765 5270 adegistique,
1815 5201 1933 5267 ﬁli,
1990 5201 2109 5272 vel,

2251 5210 2324 5259 α’.
2361 5205 2629 5271 Πολλάκις
2686 5224 2755 5279 με
2806 5209 3033 5276 ὲϐίασας
3061 5212 3158 5267 καὶ
3205 5211 3520 5280 ἑξέθλιψας,
3553 5215 3774 5283 τέκνον,

483 5292 672 5362 potius
708 5290 945 5345 multum
976 5290 1304 5346 adhortatus
1338 5301 1393 5346 et
1420 5293 1748 5364 deprecatus
1783 5309 1863 5359 es,
1896 5301 1952 5347 ut
1975 5293 2073 5347 tibi

2213 5296 2392 5351 ιᾶλλον
2430 5299 2491 5352 δὲ
2532 5302 2921 5372 παρεκάλεσας
2960 5306 3054 5358 καὶ
3102 5304 3343 5375 ἠξίωσας
3390 5306 3643 5371 πλεῖστα,
3678 5310 3781 5361 εὐ-

486 5387 682 5442 hreves
732 5383 1037 5454 facilesque
1068 5384 1285 5441 litteras
1332 5386 1634 5442 scriberem
1659 5426 1674 5451 ,
1725 5386 1929 5455 quibus
1960 5387 2077 5441 edi-

2213 5388 2451 5443 ’ύνοπτον
2490 5392 2588 5445 καὶ
2625 5392 2894 5464 σύντομον
2922 5395 3110 5449 δέλτον
3163 5398 3370 5467 μικράν
3404 5415 3485 5451 σοι
3536 5399 3774 5469 γράψαι,

484 5472 642 5534 scere
667 5491 859 5547 posses
887 5475 1021 5544 quid
1053 5476 1152 5533 tibi
1178 5477 1250 5533 sit
1271 5478 1540 5550 agendum
1562 5477 1950 5547 quomodoque
1971 5478 2078 5534 vita

2214 5478 2248 5532 ι’
2281 5476 2350 5553 ἧς
2398 5481 2602 5554 δυνήσῃ
2637 5483 2732 5538 τοῦ
2772 5485 2968 5555 μαθεῖν
3010 5504 3063 5540 τι
3103 5489 3331 5557 ποιῆσαι
3378 5488 3638 5559 ὀφείλεις,
3673 5494 3777 5544 καὶ

482 5578 575 5626 tua
607 5586 781 5641 usque
807 5570 863 5624 in
888 5570 1053 5626 liuent
1086 5580 1234 5628 recte
1265 5572 1510 5643 degenda
1539 5572 1634 5636 sit,
1678 5580 1736 5625 ut
1789 5571 1858 5625 ad
1886 5571 2077 5627 dexte-

2213 5572 2296 5637 εῶς
2326 5573 2418 5626 τὸν
2444 5573 2564 5644 βίον
2599 5593 2694 5630 σου
2730 5576 2911 5642 καλῶς
2951 5578 3147 5644 δείξεις
3174 5580 3277 5643 ἕως
3311 5581 3522 5647 τέλους,
3556 5583 3643 5635 ἵνα
3669 5585 3771 5635 καὶ

480 5673 598 5712 ram
641 5669 785 5714 stare
815 5661 1198 5731 consequaris.
1254 5661 1390 5719 Rem
1428 5677 1562 5718 vero
1604 5672 1869 5732 reputans
1905 5679 2072 5733 supra

2213 5665 2273 5736 ἧς
2309 5668 2375 5719 ὲκ
2409 5667 2603 5735 δεξιῶν
2652 5671 2894 5735 στάσεως
2931 5674 3220 5745 ἐπιτύχῃς.
3248 5674 3410 5728 Ἀλλά
3435 5677 3495 5729 τὸ
3529 5679 3771 5747 πρᾶγμα

479 5748 627 5803 vites
657 5763 803 5813 esse,
838 5767 948 5807 non
977 5752 1153 5808 solum
1195 5754 1333 5809 mihi
1391 5754 1664 5809 sermonis
1722 5754 1913 5824 ignaro
1952 5769 2071 5808 0m-

2213 5758 2375 5810 ννοῶν
2404 5759 2546 5830 ὑπὲρ
2577 5761 2811 5833 δύναμιν
2843 5759 3008 5827 εἶναι,
3041 5765 3104 5818 οὐ
3151 5767 3313 5836 μόνον
3340 5767 3398 5821 δὲ
3426 5768 3487 5821 τὸ
3517 5767 3638 5821 κατ’
3663 5770 3769 5836 ἐμὲ

482 5837 680 5910 nisque
727 5841 960 5900 actionis
985 5854 1040 5901 et
1079 5844 1307 5902 theoriae
1336 5846 1573 5919 experti,
1619 5843 1714 5901 sed
1746 5852 1800 5900 et
1832 5844 1937 5900 illis
1972 5846 2065 5917 qui

2213 5849 2364 5922 ἰιὼτῃ
2404 5853 2480 5921 τῷ
2502 5852 2652 5922 λόγῳ
2686 5858 2779 5909 καὶ
2818 5856 3079 5929 ἀμετὸχῳ
3122 5859 3375 5930 πράξεως
3409 5863 3505 5914 καὶ
3533 5860 3768 5933 θεωρίας
