4094 6430
411 314 522 379 393

1647 304 1747 366 DE
1784 305 1962 366 VITA
2001 301 2462 364 MONASTICA.

3556 306 3666 370 39‘

411 431 619 499 πάσης,
648 424 789 480 ἀλλὰ
808 423 905 479 καὶ
942 426 1056 490 τοῖς
1086 419 1488 496 γραμματικὴν
1521 418 1618 474 καὶ
1641 417 1844 488 πολλὴν
1874 419 1993 470 πεῖ-

2097 413 2410 471 litterarum
2441 429 2693 485 magnam
2729 414 2935 471 habent
2986 417 3404 487 experientiam,
3433 420 3670 477 habiles-

409 539 516 592 ραν
541 518 790 591 σχοῦσιν,
816 518 1161 590 ἐμπράκτως
1198 514 1319 570 οὖσι
1340 513 1449 566 τῶν
1472 510 1652 566 καλῶν
1680 511 1777 565 καὶ
1806 511 1988 580 πάσης

406 610 668 681 Θεωρίας,
692 615 788 662 καὶ
808 607 974 677 ἔργον
995 606 1375 662 άδιάπαυστον
1396 601 1584 672 σχοῦσι
1606 598 1836 654 τοιαῦτα
1854 597 1991 668 γράο

285 683 297 690 ’
406 719 535 771 φειν
558 718 575 732 ο
607 700 705 756 καὶ
734 699 826 754 διὰ
873 690 1037 752 τοῦτο
1084 694 1350 749 ἔσπευδον
1376 693 1439 746 τὸ
1477 692 1644 763 βάρος
1687 688 1990 761 άποῤῥίψαι

404 797 505 848 ἀπ’
539 792 809 864 ἐμαυτοῦ,
839 791 916 853 ὡς
943 790 1186 859 εἴρηται,
1225 783 1301 856 μὴ
1329 783 1630 853 δυνάμενος
1661 781 1834 836 τοῦτο.
1876 780 1993 834 Ἐν-

404 884 605 939 τεῦθεν
627 883 816 938 λοιπὸν
858 883 1094 953 ἄρξομαι
1116 879 1216 951 τὴν
1241 876 1501 933 ὑπόθεσιν
1524 874 1750 946 ταύτην,
1776 872 1993 944 ἀρωγὸν

411 976 861 1048 προϐαλλόμενος
887 974 988 1043 τῆς
1021 974 1158 1043 ἐμῆς
1184 970 1496 1034 ἀσθενείας,
1535 966 1827 1030 ἰδιωτείας,
1855 964 1993 1034 μᾶλ-

404 1072 501 1123 λον
531 1070 590 1123 δὲ
637 1071 733 1122 καὶ
781 1067 984 1136 πολλῆς
1017 1065 1331 1135 ἀγροικίας,
1363 1062 1458 1116 τὸν
1493 1062 1667 1127 Λόγον
1715 1057 1811 1111 τοῦ
1854 1054 1991 1110 Θεοῦ

402 1162 625 1231 [ἰατρὸς
672 1160 765 1213 τὸν
808 1157 1087 1227 Δεσπότην
1125 1158 1367 1230 Χριστόν
1422 1171 1549 1224 μου,
1585 1150 1848 1214 ὡσαύτως
1897 1151 1993 1203 καὶ

397 1253 504 1322 τὴν
558 1251 821 1304 θεοτόκον
875 1249 1163 1302 δέσποιναν
1207 1244 1450 1317 Μαρίαν,
1502 1243 1752 1305 καὶτοὺς
1803 1240 1992 1309 ἁγίους

401 1343 661 1406 ἅπαντας
723 1338 1201 1410 προσκαλούμενος
1263 1336 1545 1408 πρέσϐεις,
1601 1333 1777 1405 ἀρχὴν
1840 1331 1991 1385 ἐνθεν

399 1432 752 1503 ποιούμενος,
785 1430 908 1484 ὅθεν
936 1429 1201 1501 ἄρχεσθαι
1232 1427 1413 1499 θέμις.

475 1523 545 1590 β’.
600 1522 841 1594 ὀφείλει
879 1523 988 1584 πᾶς
1037 1521 1371 1591 Χριστιανὸς
1403 1516 1791 1589 τὸνθεμέλιον
1845 1515 1991 1587 ἔχειν

398 1619 506 1689 τὴν
541 1616 731 1669 πίστιν
759 1614 860 1685 τὴν
887 1611 1182 1667 ἀνόθευτον
1213 1614 1278 1666 ὲκ
1299 1610 1551 1682 καθαρᾶς
1584 1610 1830 1680 καρδίας,
1863 1608 1995 1676 ἁγά·

404 1728 518 1781 πην
542 1726 605 1761 τε
644 1706 781 1779 πρὸς
810 1707 905 1761 τὸν
952 1704 1087 1759 Θεὸν
1113 1703 1173 1768 ἐξ
1221 1703 1351 1774 δλης
1386 1703 1488 1772 τῆς
1527 1701 1732 1773 ἰσχύος,
1769 1702 1833 1767 ἐξ
1861 1702 1993 1773 ὅλης

2089 521 2199 576 que
2231 516 2361 562 sunt
2389 507 2456 562 ad
2487 521 2650 563 omne
2677 506 2880 562 bonum
2911 521 3247 579 omnemque
3278 511 3578 581 tlteoriam,
3604 528 3669 568 ac

2093 596 2462 653 indesinenter
2493 597 2630 652 talia
2664 596 2911 653 scribere
2937 598 3140 667 solent,
3169 599 3294 655 ideo
3309 616 3473 668 onus;
3498 604 3667 674 quod,

2092 698 2156 743 ut
2199 689 2335 754 dixi,
2378 697 2596 760 portare
2621 689 2939 758 nequibam,
2964 705 2994 745 a
3018 705 3109 746 me
3138 693 3406 762 repellere
3432 694 3667 751 nitebar.

2093 779 2373 836 Caeterum
2408 780 2523 851 jam
2563 795 2713 836 nunc
2746 782 3088 851 propositum
3119 784 3424 854 aggrediar,
3473 784 3527 839 in
3569 801 3673 840 att-

2096 868 2288 923 xilium
2317 883 2453 923 meae
2491 868 2786 925 debilitatis
2824 872 2911 925 vel
2951 872 3136 941 potius
3167 873 3492 941 ignorantiae
3533 876 3673 929 tnul-

2095 969 2274 1031 neque
2333 960 2665 1017 rusticitatis
2730 958 2973 1017 Verbum
3015 963 3110 1020 Dei
3147 963 3327 1020 Patris
3384 964 3669 1022 Christum

2094 1056 2386 1111 Dominum
2423 1072 2604 1112 meum
2654 1057 2995 1126 accersiens,
3030 1061 3349 1130 pariterque
3380 1060 3669 1118 Dominam

2093 1147 2371 1217 deiparam
2408 1146 2636 1203 Mariam
2669 1156 2724 1203 et
2761 1163 2957 1204 omnes
3000 1158 3229 1206 sanctos
3261 1153 3540 1208 advocans
3568 1154 3671 1208 atl-

2086 1237 2300 1308 jutores
2333 1238 2489 1295 initio
2521 1239 2665 1295 unde
2688 1239 2900 1311 justum
2937 1251 3056 1296 erat
3091 1241 3260 1315 incipi
3283 1246 3596 1316 desumpto.

2162 1514 2220 1571 2.
2248 1516 2422 1572 Debet
2474 1517 2656 1588 quivis
2708 1529 3046 1577 unrtsttanus
3080 1520 3284 1580 habere
3325 1540 3424 1594 pro
3478 1525 3646 1583 funda

2094 1615 2282 1664 mento
2323 1609 2483 1664 [idem
2515 1610 2583 1666 de
2623 1612 2790 1667 corde
2820 1627 2959 1682 puro
2988 1613 3284 1679 sinceram,
3320 1616 3673 1672 charitatent-

2097 1715 2204 1772 que
2229 1716 2359 1771 erga
2383 1700 2554 1758 Deum
2590 1718 2658 1759 ex
2688 1706 2816 1761 totis
2859 1706 3091 1775 viribus,
3123 1724 3189 1764 ex
3230 1718 3344 1765 tota
3374 1720 3575 1779 mente,
3606 1728 3673 1767 ex

410 1769 649 1867 διανοίας
676 1769 740 1856 τε
762 1769 871 1855 καὶ
907 1800 969 1865 ἐξ
990 1799 1120 1871 ὅλης
1151 1769 1368 1868 ψυχῆς·
1425 1769 1687 1859 ὡσαύτως
1724 1796 1821 1850 καὶ
1853 1769 1990 1866 πλτί-

2097 1803 2207 1848 tota
2231 1792 2440 1860 anima,
2466 1802 2520 1849 et
2538 1795 2854 1865 proximum
2880 1806 3138 1868 tanquam
3166 1799 3404 1869 seipsttm
3431 1769 3665 1856 habere:

420 1899 533 1950 σὶον
581 1897 651 1957 t'o;
707 1895 902 1948 ἑαυτὸν
967 1892 1142 1956 οὓτως
1174 1890 1382 1962 ἔχειν’
1433 1908 1453 1942 ι
1502 1889 1591 1943 Ἐν
1633 1887 1861 1948 ταύταις
1893 1888 1989 1943 οὖν

422 1992 541 2051 ταῖς
590 1987 865 2050 ἐντολαῖς,
904 1985 980 2050 ὡς
1025 1985 1129 2055 ἔφη
1177 1986 1205 2038 ό
1250 1982 1549 2051 Δεσπότης,
1596 1980 1717 2043 ὅλος
1760 1982 1788 2034 ὁ
1829 1981 1992 2049 νόμος

416 2084 682 2151 κρέμαται
729 2079 825 2132 καὶ
853 2078 904 2131 οἱ
954 2076 1229 2148 προφῆται
1272 2076 1514 2137 πάντεςο
1551 2090 1571 2125 ι
1601 2102 1673 2116 -υ-
1706 2093 1724 2125 ι
1770 2073 1846 2126 Oti
1894 2089 1992 2151 cpe-

404 2146 641 2236 νεύσεις,
696 2169 759 2222 οὐ
809 2146 1140 2239 μοιχεύσεις,
1195 2166 1258 2219 οὐ
1285 2163 1850 2234 ψευδομαρτυρήσεις,
1877 2146 1993 2216 ἀλλ’

405 2260 529 2313 οὐδὲ
552 2260 923 2330 ἐπιορκήσεις,
947 2257 1162 2328 ἀληθῶς
1184 2256 1241 2310 δὲ
1289 2255 1530 2325 ὀμόσεις,
1555 2254 1841 2317 ἀποδιδοὺς
1868 2257 1993 2317 τοὺς

400 2354 603 2424 ὅρκους
646 2371 741 2407 σου
776 2352 967 2422 Κυρίῳ
1003 2350 1081 2422 τῷ
1135 2349 1255 2420 Θεῷ
1297 2365 1392 2402 σου
1414 2364 1431 2379 ο
1461 2348 1579 2403 ἀλλ’
1624 2347 1746 2400 οὐδὲ
1775 2347 1994 2417 κλέψεις

397 2446 546 2509 ὅλως
575 2462 642 2514 γε
679 2445 714 2516 ἢ
766 2444 859 2498 καὶ
901 2442 1088 2507 ἁπλῶς
1122 2440 1464 2513 πορνεύσεις.
1491 2457 1511 2492 ι
1574 2437 1758 2492 Ταῦτα
1806 2442 1834 2493 ὸ
1884 2456 1992 2492 πα-

398 2537 552 2603 λαιὸς
613 2537 769 2605 δόμος
812 2535 1118 2588 ἐντέλλεται
1151 2537 1245 2587 καὶ
1276 2533 1500 2603 γράφει.

473 2638 550 2700 γ’.
593 2631 658 2683 ’0
684 2628 743 2683 δὶ
773 2627 1010 2698 Χριστὸς
1038 2628 1136 2682 καὶ
1169 2625 1450 2696 Δεσπότης
1481 2625 1594 2681 τῶν
1623 2626 1786 2690 ὅλων,
1818 2626 1847 2679 ό
1878 2626 1994 2679 [Ιαο

403 2723 569 2787 λαιᾶς
593 2724 693 2775 καὶ⁵
720 2722 819 2792 τῆς
867 2720 1079 2789 Καινῆς
1106 2719 1312 2790 Κύριος
1338 2718 1638 2789 Διαθήκης,
1685 2717 1870 2784 πλεῖον
1895 2715 1994 2787 τὴν

406 2818 706 2891 ἀκρίϐειαν
736 2815 882 2887 ἔχειν
919 2816 1069 2885 ἡμᾶς
1097 2813 1337 2868 διδάσκει
1367 2811 1427 2865 τὸ
1459 2812 1533 2881 μὴ
1571 2810 1801 2881 ὀμνύναι
1862 2809 1997 2880 άλη-

409 2909 521 2971 θῶς
547 2908 583 2978 ἢ
617 2923 744 2960 τινα
776 2908 940 2976 ὅρκον
967 2906 1170 2973 λέγειν.
1194 2902 1389 2956 Ἔσται
1409 2902 1467 2955 δὲ
1498 2901 1660 2970 μόνον
1685 2900 1744 2953 ἐν
1774 2900 1906 2971 ἡμῖν
1930 2900 1994 2953 τὸ

412 2999 550 3065 Ναὶ,
580 2999 695 3063 ναὶ,
728 2996 908 3050 καὶτὸ
932 2993 1030 3062 Οὓ,
1063 2993 1122 3048 οὗ
1147 3009 1161 3024 ·
1197 2994 1260 3046 τὸ
1288 2992 1343 3046 δέ
1372 3008 1435 3061 γε
1485 2991 1692 3044 τούτων
1734 2990 1992 3061 περισσὸν

2104 1903 2124 1935 t
2162 1885 2219 1937 ιιι
2247 1883 2511 1967 Ιιίεήειιίῐη
2562 1886 2859 1952 mandatis,
2898 1896 2956 1941 ut
2999 1889 3077 1943 ait
3122 1888 3407 1954 Dominus,
3437 1898 3547 1945 tota
3588 1891 3671 1946 lex

2095 1974 2297 2045 pendet
2323 1984 2379 2030 et
2410 1989 2602 2031 omnes
2633 1977 2911 2047 propheta:
2945 1979 2999 2032 ἰ
3037 1997 3056 2031 ι
3093 2010 3162 2020 —
3196 1998 3215 2032 ι
3251 1979 3370 2036 Νοη
3404 1982 3624 2038 occides
3657 2000 3671 2047 ;

2094 2066 2214 2122 Non
2248 2068 2613 2124 maecltaberis
2639 2087 2654 2137 ;
2684 2068 2803 2125 Non
2837 2070 3034 2125 falsum
3067 2072 3217 2129 dices
3253 2075 3628 2130 testimonium
3656 2093 3670 2139 ;

2094 2163 2212 2220 Non
2247 2166 2575 2236 perittrabis,
2626 2167 2722 2222 sed
2759 2167 2975 2238 jurabis
3025 2170 3180 2240 juxta
3210 2173 3513 2239 veritatem,
3549 2173 3673 2227 retl-

2095 2257 2233 2314 dens
2268 2259 2497 2315 Domino
2534 2260 2644 2316 Deo
2672 2270 2765 2314 tuo
2792 2261 3101 2331 juramenta
3135 2274 3262 2330 tua;
3287 2264 3400 2318 Non
3444 2265 3672 2328 furtum,
3760 2268 3763 2269 ⁷

2096 2363 2272 2418 neque
2299 2350 2465 2405 ullam
2494 2350 2720 2405 omnino
2756 2350 3174 2410 fornicationem
3212 2355 3385 2411 iacies
3407 2356 3452 2410 '.
3491 2375 3511 2409 ι
3548 2355 3674 2412 Haec

2096 2440 2181 2495 lex
2212 2441 2436 2512 antiqua
2462 2441 2619 2511 jubet
2645 2452 2699 2498 et
2729 2444 3053 2514 praescribit.

2180 2630 2235 2685 5.
2263 2629 2516 2687 Christus
2548 2632 3027 2696 atttem,<omnittm
3071 2631 3353 2699 Dominus,
3405 2651 3492 2691 cut
3524 2648 3677 2705 paret

2100 2719 2262 2777 Vetus
2287 2719 2614 2791 Novumque
2641 2721 3080 2787 Testamentum,
3104 2726 3372 2796 majorem
3399 2729 3672 2797 justitiam

2093 2809 2254 2865 nobis
2278 2810 2660 2877 exercendam,
2700 2827 2802 2867 nec
2836 2812 3135 2880 jurandttm
3184 2831 3286 2871 nec
3315 2819 3483 2873 ullum
3515 2822 3675 2891 jura-

2094 2910 2338 2956 mentttm
2382 2903 2691 2958 faciendum
2725 2904 2909 2959 docet.
2965 2906 3084 2959 Erit
3134 2916 3350 2964 tantum
3386 2911 3443 2967 in
3491 2914 3673 2977 nobis,

2096 2993 2215 3060 Est,
2237 3001 2435 3060 est,et,
2467 2991 2607 3057 Non,
2643 3010 2791 3061 non;
2818 2997 2964 3064 quod
2994 3007 3173 3053 autem
3195 2999 3281 3055 his
3307 3002 3540 3072 amplius
3570 3017 3675 3069 est,

407 3093 529 3146 ἔστι
548 3089 649 3145 τοῦ
690 3088 963 3143 διαϐόλου.
1007 3087 1067 3140 '0
1096 3086 1208 3157 γὰρ
1255 3084 1421 3154 νόμος
1451 3082 1679 3137 ἐκόλασε
1711 3082 1817 3136 τῶν
1848 3084 1994 3153 πρά-

2098 3100 2128 3139 a
2157 3085 2377 3140 diabolo
2406 3094 2509 3140 est.
2538 3084 2751 3140 Etenim
2778 3085 2889 3141 Lex
2922 3091 3198 3144 actionum
3234 3092 3398 3147 linem
3423 3097 3675 3168 corrigit,

410 3181 553 3248 ξεων
595 3179 660 3232 τὸ
716 3177 895 3242 τέλος,
931 3176 1049 3230 ἀλλ’
1081 3178 1110 3230 ὁ
1159 3175 1350 3246 Σωτὴρ
1412 3175 1573 3245 ἡμῶν
1624 3173 1861 3244 Χριστὸς
1893 3174 1993 3237 τὰς

407 3270 589 3339 ἀρχὰς
631 3268 835 3338 μᾶλλον
881 3266 1070 3321 πλέον.
1111 3283 1130 3317 ι
1187 3266 1247 3318 '0
1295 3263 1406 3334 γὰρ
1452 3264 1730 3335 ἐμϐλέψας
1773 3264 1997 3333 γυναικὶ⁸

412 3363 553 3433 πρὸς
612 3361 675 3415 τὸ
736 3360 1074 3430 ἐπιθυμῆσαι
1157 3358 1261 3429 ἤδη
1344 3356 1667 3427 ἐμοίχευσεν
1722 3357 1895 3427 αὐτὴν
1937 3359 1996 3410 ὲν

409 3457 478 3525 τῇ
527 3453 695 3507 αὑτοῦ
741 3452 959 3523 καρδίᾳ.
988 3469 1007 3502 ι
1084 3450 1267 3512 Ὀλως
1314 3447 1373 3501 δὲ
1417 3450 1493 3519 μὴ
1546 3449 1867 3516 ἀντιστῆναι
1917 3448 1997 3519 τῷ

410 3547 643 3621 πονηρῷ
689 3545 972 3600 διδάσκειο
1012 3543 1128 3598 ἀλλ’
1165 3542 1616 3612 ἀγγαρευόμενόν
1651 3558 1773 3594 τινα
1817 3540 1996 3611 μίλιον

410 3644 490 3709 ἓν,
515 3641 612 3695 δύο
661 3639 899 3708 ὑπάγειν
950 3637 1072 3707 μετ’
1103 3634 1272 3689 αὐτοῦ
1292 3649 1308 3665 ο
1350 3633 1426 3703 μὴ
1478 3633 1784 3700 ἀντιλέγειν
1818 3632 1955 3695 δλως
1978 3647 1992 3663 ·

408 3734 491 3806 τῷ
523 3733 827 3801 πλήσσοντι
854 3729 957 3799 τὴν
994 3727 1181 3794 δεξιάν
1220 3724 1450 3794 σιαγόνα
1480 3722 1738 3795 ὀργίλως,
1772 3722 1997 3793 ἡμέρως

406 3843 470 3880 τε
521 3825 621 3877 καὶ
676 3820 970 3893 προσηνῶς
1021 3819 1118 3873 καὶ
1163 3817 1265 3890 τὴν
1311 3817 1482 3885 ἀλλην
1540 3815 1805 3886 παρέχειν
1829 3831 1844 3847 ·
1904 3815 1997 3867 καὶ⁸

406 3916 626 3982 ἁπλῶς,
678 3914 732 3966 εἴ
755 3930 810 3966 τι
844 3907 939 3966 οὖν
964 3910 1196 3972 ἕκαστος
1248 3907 1517 3978 πάσχοιεν
1566 3908 1632 3960 ὲκ
1666 3904 1759 3959 τοῦ
1803 3907 1996 3970 πέλας,

406 4009 606 4079 ὕϐρεις
638 4004 781 4074 ὁμοῦ
809 4003 904 4057 καὶ
947 4003 1220 4073 μάστιγας
1247 3999 1543 4069 ὺπομένειν
1574 3996 1840 4070 γενναίως
1862 4013 1878 4030 ·
1919 3996 1999 4067 τῷ

408 4101 629 4154 θέλοντι
663 4095 919 4168 κριθῆναι
956 4094 1014 4147 δὲ
1047 4095 1142 4147 καὶ
1173 4090 1361 4145 λαϐεῖν
1403 4090 1498 4143 τὸν
1544 4090 1772 4160 χιτῶνα,
1814 4088 1997 4142 δοῦναι

408 4194 507 4247 καὶ
537 4190 602 4243 τὸ
636 4190 855 4258 ἱμάτιον
883 4184 913 4239 ό
948 4185 1231 4255 Δεσπότης
1260 4183 1474 4236 κελεύει
1493 4197 1507 4210 ·
1542 4182 1638 4234 καὶ
1668 4180 1723 4233 εἴ
1748 4198 1798 4233 τι
1834 4180 1998 4234 πάθοι

406 4286 607 4353 ἔτερος
636 4281 809 4334 κακὸν
835 4280 901 4332 ἐκ
918 4267 1023 4331 ’ποῦ’
1037 4277 1288 4347 πλησίον,
1315 4271 1434 4328 εἶτα
1457 4276 1550 4327 καὶ
1568 4272 1800 4344 ὀργισθῇ
1825 4273 1996 4342 αὐτῷ,

408 4378 543 4447 εἰκῇ
570 4371 827 4444 ὠργίσθη
861 4370 1058 4435 τούτῳ.
1090 4368 1181 4440 Τῷ
1210 4365 1457 4422 αἰτοῦντί
1489 4383 1548 4420 σε
1595 4366 1796 4420 διδόναι
1827 4382 2000 4437 προσ-

2097 3176 2348 3233 Cltristtts
2374 3188 2553 3233 autem
2587 3177 2837 3235 Salvator
2874 3193 3064 3236 noster
3090 3183 3262 3238 multo
3300 3188 3477 3257 magis
3514 3204 3679 3244 exor-

2096 3269 2207 3324 dia.
2240 3300 2312 3311 —-—
2337 3270 2472 3324 Nam
2503 3289 2523 3322 ι
2569 3273 2662 3341 qui
2691 3272 2827 3327 vidit
2860 3273 3144 3329 mulierem
3174 3277 3239 3331 ad
3280 3281 3679 3350 concupiscen-

2094 3361 2224 3416 dum
2242 3375 2362 3416 eam
2388 3360 2501 3431 jam
2530 3363 2838 3419 moechatus
2868 3373 2952 3419 est
2968 3381 3093 3420 cum
3119 3367 3252 3422 eain
3280 3371 3451 3426 corde
3481 3375 3673 3428 suo’.»

2095 3453 2330 3509 Prorsus
2360 3471 2468 3509 non
2522 3458 2891 3512 resistendum
2952 3459 3098 3515 malo
3149 3461 3359 3529 docet‘,
3397 3465 3508 3519 imo
3554 3484 3677 3522 cum

2095 3560 2160 3600 eo
2199 3545 2291 3615 qui
2339 3546 2489 3600 mille
2523 3563 2723 3617 passus
2781 3551 3106 3620 angariavit,
3142 3551 3252 3606 alia
3280 3553 3392 3609 duo
3432 3557 3677 3611 subeun-

2095 3635 2164 3690 da
2184 3637 2229 3699 ⁵,
2274 3638 2503 3692 omnino
2547 3654 2654 3692 non
2715 3642 3241 3711 contradicendutn;
3294 3661 3408 3715 prae
3444 3648 3525 3702 ira
3561 3665 3680 3703 ma-

2095 3727 2281 3782 xillam
2312 3729 2559 3784 dextram
2585 3733 2944 3800 percutiente,
2996 3734 3269 3789 submisse
3298 3748 3351 3791 et
3396 3754 3679 3795 mansuete

2097 3821 2442 3889 praebendam
2475 3830 2532 3876 et
2583 3822 2895 3883 alteram‘;
2930 3830 2985 3877 et
3030 3824 3077 3878 si
3112 3826 3237 3894 quis
3273 3827 3418 3883 aliud
3463 3833 3594 3899 quid
3648 3850 3679 3886 a

2098 3912 2408 3981 propinquo
2436 3912 2700 3982 patiatur,
2734 3913 2966 3983 injurias
3005 3930 3069 3970 ac
3130 3919 3361 3973 verbera
3412 3922 3680 3988 patienter

2100 4003 2379 4057 toleranda
2433 4003 2634 4058 volenti
2691 4004 3021 4059 contendere
3051 4004 3266 4075 judicio
3326 4016 3383 4062 et
3437 4011 3678 4066 tunicam

2099 4096 2315 4161 tollere,
2350 4099 2479 4151 dare
2509 4104 2565 4151 et
2596 4096 2820 4167 pallium
2858 4095 3125 4153 Dominus
3151 4099 3350 4167 jubet"
3376 4117 3390 4167 ;
3419 4102 3522 4156 etsi
3549 4106 3681 4173 quid

2100 4186 2228 4242 ntali
2253 4201 2282 4239 a
2317 4186 2566 4255 proximo
2610 4186 2750 4239 alter
2800 4185 3110 4254 pertulerit,
3148 4186 3460 4257 deindeque
3490 4204 3682 4246 contra

2101 4279 2254 4335 illum
2286 4278 2600 4333 mstuaterit
2625 4279 2729 4344 ira,
2755 4276 2957 4333 frustra
2982 4290 3173 4334 contra
3203 4280 3352 4333 illum
3387 4282 3458 4335 sit
3487 4283 3680 4349 iratus;

2089 4390 2136 4432 Δ
2165 4384 2217 4430 te
2244 4374 2473 4443 petenti,
2503 4371 2736 4425 libenter
2765 4372 2897 4425 dare
2931 4375 3159 4438 statuit;
3190 4381 3249 4427 et
3281 4389 3310 4427 a
3342 4382 3395 4428 te
3445 4379 3682 4431 mutuari

403 4471 602 4523 τάττει
633 4463 1008 4536 ἀπραγμόνως
1028 4478 1044 4493 ·
1069 4460 1164 4514 τὸν
1190 4459 1415 4514 θέλοντα
1432 4458 1785 4522 δανείσασθαι
1845 4458 1994 4511 κενὸν

2109 4466 2404 4531 volentem,
2436 4479 2545 4519 non
2577 4464 2853 4519 remittere
2883 4479 3119 4519 vacuum
3142 4465 3183 4517 ⁸.
3207 4465 3436 4535 Diligere
3463 4477 3682 4524 nostros

412 4562 491 4633 μὴ
542 4558 941 4631 ἀποστρέφειν.
985 4555 1231 4624 ’Δγαπᾷν
1278 4553 1404 4616 τοὺς
1452 4552 1681 4623 ἐχθροὺς
1719 4550 1880 4622 ἡμῶν
1914 4552 2002 4605 ὲν-

411 4653 670 4707 τὲλλεται
694 4649 773 4712 ὠς
819 4647 1030 4717 φίλους,
1060 4646 1158 4699 ttat
1190 4644 1593 4714 ὑπερεύχεσθαι
1631 4642 1849 4696 πάντων
1891 4642 2001 4697 τῶν

417 4744 889 4818 ἒπηρεαζόντων·
959 4738 1392 4810 καταρωμένους
1461 4736 1740 4803 εὐλογεῖν,
1816 4734 1999 4798 καλῶς

422 4842 592 4891 ποιεῖν
631 4833 954 4906 μισοῦντας.
987 4833 1099 4886 Καὶ
1124 4830 1289 4884 πάλιν
1319 4830 1448 4900 περὶ
1485 4831 1795 4900 προσευχῆς
1824 4826 2001 4889 οὕτως

431 4932 566 5001 ἡμᾶς
598 4929 888 4991 διδάσκει,
941 4925 1029 4979 ἴνα
1063 4924 1140 4996 μὴ
1194 4921 1655 4994 προσευχώμεθα,
1704 4919 1896 4991 ὥσπερ
1943 4920 1994 4972 οἱ

420 5024 738 5094 ὑποκριταὶ,
768 5019 905 5092 μηδὲ
931 5017 1053 5090 μεθ’
1082 5013 1433 5087 ὑποκρίσεως
1456 5012 1556 5083 τὴν
1586 5013 1843 5084 νηστείαν
1873 5027 1994 5064 ποις

408 5117 629 5181 οῦντες,
661 5115 759 5167 καὶ
802 5109 1125 5182 σκυθρωποὶ
1151 5108 1432 5177 γινόμενοι
1472 5106 1543 5160 τά
1574 5105 1844 5177 πρόσωπα
1875 5122 1998 5176 μει-

405 5211 628 5274 οῦντες,
677 5205 774 5260 τοῦ
823 5207 899 5277 μὴ
930 5205 1025 5257 ἐπὶ
1068 5201 1171 5273 τῆς
1217 5201 1324 5271 γῆς
1355 5201 1490 5271 ἡμῖν
1543 5200 1852 5271 θησαυροὺς
1905 5197 2000 5270 θη-

2105 4556 2362 4611 inimicos
2409 4556 2551 4610 sicut
2608 4555 2815 4609 amicos
2841 4555 2998 4626 jubet
3044 4563 3101 4607 et
3131 4568 3291 4607 orare
3336 4569 3437 4623 pro
3469 4558 3682 4610 cunctis

2103 4665 2205 4706 nos
2235 4649 2727 4720 persequentibus;
2780 4646 3108 4702 benedicere
3143 4647 3604 4704 tnaledicentiltus
3630 4662 3684 4704 et
3721 4627 3731 4638 ’

2102 4747 2172 4801 iis
2199 4748 2292 4806 qui
2323 4760 2427 4801 nos
2488 4745 2722 4799 oderunt
2762 4741 3145 4796 benefacere”.
3212 4739 3450 4794 Rursum
3504 4754 3558 4797 et
3612 4744 3681 4797 de

2103 4839 2353 4892 oratione
2385 4838 2467 4893 sic
2501 4851 2601 4891 nos
2642 4834 2856 4898 edocet,
2890 4841 2951 4886 ut
2981 4849 3089 4887 non
3126 4847 3349 4888 oremus
3399 4833 3545 4888 sicut
3585 4834 3682 4906 Ity-

2105 4930 2348 5000 pocritae.
2405 4944 2583 4997 neque
2621 4941 2746 4994 cutn
2801 4925 3076 4994 hypocrisi
3120 4924 3459 4995 jejunemtts,
3498 4928 3683 4983 tristes

2106 5022 2268 5090 facti,
2299 5031 2542 5076 nostram
2571 5018 2959 5073 contrahentes
2986 5016 3184 5073 facient
3206 5020 3247 5048 "’
3271 5037 3286 5083 ;
3318 5035 3496 5090 neque
3521 5037 3683 5093 super

2109 5125 2311 5170 terram
2347 5115 2634 5168 thesauros
2666 5111 2826 5166 nobis
2863 5109 3679 5169 tltesaurizemtts“.Decimum

2112 5223 2243 5262 vero
2282 5214 2651 5277 praeceptum,
2709 5201 2982 5257 neminem
3013 5200 3264 5270 judicare
3318 5220 3419 5258 nos
3472 5213 3695 5266 monet,

410 5301 723 5373 σαυρίζειν.
748 5297 861 5367 Τῆς
888 5296 950 5349 δὲ
970 5295 1207 5364 δεκάτης
1235 5293 1459 5362 ἐντολῆς
1486 5291 1661 5356 οὕτως
1682 5292 1827 5361 ἔχει·
1860 5291 1994 5344 Τινὰ

2109 5310 2168 5354 ιιι
2204 5315 2312 5352 non
2336 5295 2729 5367 judicetnus".
2762 5293 2962 5349 Deinde
2988 5292 3260 5348 volentem
3291 5293 3678 5363 perfectionem

413 5394 498 5466 μὴ
546 5393 781 5464 κρίνειν,
816 5389 1045 5460 ἔφησεν,
1090 5388 1177 5442 ἴνα
1232 5387 1309 5459 μὴ
1365 5388 1666 5460 κριθῶμεν.
1716 5382 1848 5441 Εἶτα
1902 5386 1994 5440 καὶ

2112 5391 2407 5457 attingere,
2437 5386 2624 5441 omnia
2669 5398 2792 5454 quae
2826 5381 3068 5453 possidet
3116 5384 3351 5438 vendere
3400 5385 3577 5445 docet,
3628 5393 3681 5434 et
3724 5426 3727 5427 ν

407 5486 552 5558 πρὸς
600 5484 694 5537 τὸν
750 5480 978 5536 θέλοντα
1026 5480 1111 5543 είς
1169 5478 1490 5551 τελειότητα
1540 5480 1744 5550 φθάσαι
1796 5479 1994 5534 πωλεῖν

2108 5497 2232 5537 cum
2266 5479 2416 5536 omni
2443 5479 2561 5534 zelo
2591 5477 2724 5532 dare
2756 5474 3125 5547 pauperibur;
3173 5477 3477 5544 exindeque
3521 5473 3680 5528 babi-

486 5611 502 5642 ¹
525 5607 722 5665 Matth.
759 5621 899 5673 χχιι,
928 5602 1019 5677 40.
1098 5602 1318 5677 ξΕίξοό.
1350 5623 1444 5671 xx,
1485 5605 1697 5675 £546;
1728 5606 1886 5662 Deut.
1920 5622 1975 5672 ν,

2101 5621 2264 5675 eqq.;
2331 5604 2525 5659 Matth.
2558 5619 2613 5667 ν,
2647 5601 2719 5677 δῇ
2750 5614 2905 5677 seqq.
3033 5597 3054 5627 ³
3084 5597 3301 5677 ibitl._v,
3546 5596 3681 5677 ibid.

407 5679 499 5737 59.
573 5680 756 5733 σίιιίιι.
788 5666 896 5730 tt.’
958 5676 1139 5732 ‘ibid.
1165 5675 1257 5730 59.
1332 5678 1352 5711 ι
1381 5666 1515 5735 ibid.
1546 5677 1638 5735 to.
1682 5666 1899 5735 “ibid.
1931 5666 1994 5733 ιιι

408 5749 498 5813 21.
577 5752 623 5786 ⁸³
647 5748 847 5805 Matth.
876 5762 972 5813 vn,
1007 5746 1060 5811 l,
1093 5747 1152 5801 2.

2100 5666 2313 5756 "'i'bid.
2342 5677 2413 5732 44
2441 5666 2607 5744 seqq.
2680 5672 2722 5705 ⁸ο
2746 5666 2941 5728 Μείίὶι.
2977 5683 3053 5734 vr,
3082 5668 3140 5735 5,
3176 5666 3265 5721 14.
3343 5667 3385 5698 “
3410 5667 3546 5725 ibid.
3583 5667 3683 5724 i9-

728 5843 1008 5908 PATttOL.
1050 5842 1166 5905 Gtt.
1214 5842 1371 5907 CXI.
3163 5830 3237 5892 13
