4094 6406
418 248 542 312 ’395

1565 238 1882 301 NICOLAI
1920 239 2031 301 CP.
2070 241 2583 303 PATRIARCHXE

3572 240 3686 305 396

433 370 618 415 turum
658 356 711 410 in
777 355 934 411 caelis
984 354 1305 409 thesaurum
1352 360 1405 406 et
1461 351 1787 423 gloriam";
1820 352 2009 421 sicque

2125 354 2353 410 Βιδάσκει
2385 357 2603 410 ἅπαντα
2640 353 2709 407 τά
2743 353 3060 425 ὑπάρχοντα
3088 352 3300 415 τούτου,
3333 349 3431 405 καὶ
3471 351 3690 406 ἐπιδοῦ-

432 453 712 521 suscipere
742 463 961 504 crueem
995 446 1115 516 ejus
1151 453 1472 501 sectatores.
1503 442 1627 499 Haec
1653 444 1868 499 cuidem
1901 444 2006 499 Do-

433 547 616 601 minus
648 544 701 597 in
726 541 1056 613 Evangeliis.

501 828 556 882 ι.
597 826 768 881 Divus
829 823 1128 895 Apostolus
1188 826 1243 875 et
1292 831 1524 888 magnus
1580 828 1761 886 praeco
1803 812 2011 869 Paulus

435 934 624 975 verum
667 918 1043 973 Christianum
1103 921 1159 969 et
1204 912 1417 967 tidelem
1471 909 1527 964 in
1576 907 1858 972 omnibus,
1918 904 2011 976 qui

436 1010 681 1081 possidet
729 1006 1125 1063 inhabitantem
1183 1002 1235 1056 in
1287 1016 1348 1057 se
1406 998 1670 1070 Spiritum
1735 1006 2009 1058 sanctum,

438 1101 629 1159 docuit
657 1101 738 1155 sic
771 1113 899 1154 vere
939 1096 1257 1165 praedicans
1290 1110 1303 1147 :
1355 1090 1590 1148 Fructus
1641 1089 1884 1159 Spiritus
1929 1097 2012 1143 est

434 1196 615 1265 primo
645 1192 910 1255 Charitas,
951 1188 1210 1259 gaudium
1235 1226 1250 1251 ,
1279 1201 1406 1256 pax,
1443 1183 1726 1254 patientia,
1764 1179 2014 1251 benigni-

431 1293 542 1349 tas,
586 1282 822 1347 bonitas,
861 1279 1249 1343 mansuetudo,
1269 1290 1396 1330 vera
1424 1275 1558 1329 ﬁdes
1585 1283 1639 1329 et
1673 1272 1730 1327 in
1757 1271 2015 1328 omnibus

434 1375 737 1432 moderatio
755 1374 820 1427 ιδ.
855 1373 920 1427 Et
948 1373 1078 1427 alibi
1129 1384 1351 1425 rursum
1380 1371 1496 1423 ait:
1539 1384 1558 1418 ι
1592 1364 1771 1421 Nolite
1803 1378 2011 1424 errare,

435 1470 658 1531 fratres,
697 1480 875 1536 neque
906 1463 1165 1529 adulteri,
1195 1475 1375 1531 neque
1404 1458 1792 1522 fornicatores,
1837 1469 2017 1523 neque

336 1556 350 1572 ⁸
436 1560 807 1617 masculorum
860 1554 1274 1617 concubitores,
1307 1567 1484 1621 neque
1518 1560 1787 1620 raptores,
1830 1561 2012 1617 neque

426 1650 716 1714 maledici,
743 1663 921 1718 neque
953 1646 1169 1713 molles,
1219 1658 1395 1714 neque
1441 1644 1615 1708 fures,
1645 1656 1822 1709 neque
1848 1638 2014 1703 ebrii,

424 1758 611 1813 neque
647 1740 859 1812 injustl,
914 1751 1092 1809 neque
1144 1734 1296 1789 avari
1356 1747 1585 1805 regnum
1610 1731 1720 1787 Dei
1754 1729 2016 1800 possideo

424 1834 571 1889 .buut
589 1831 652 1887 ".
678 1849 702 1883 ο

508 2018 563 2074 5.
595 2015 702 2072 Sed
723 2028 885 2085 super
906 2012 995 2069 bis
1014 2010 1254 2080 aliisque
1270 2006 1551 2072 omnibus,
1566 2005 1684 2062 haec
1704 2009 2016 2060 veneranda

436 2110 612 2169 divini
678 2103 1025 2177 baptismatis
1092 2098 1392 2166 confessio,
1451 2098 1519 2152 de
1584 2112 1694 2167 qua
1744 2094 1895 2166 parvi
1964 2102 2019 2149 et

439 2200 621 2275 magni
649 2200 703 2254 in
739 2197 939 2254 smculo
971 2195 1157 2249 futuro
1186 2191 1449 2245 rationem
1484 2186 1969 2244 sumusreddituri
1998 2200 2014 2250 ;

443 2306 647 2347 omnes
678 2288 825 2343 enim
856 2285 1097 2350 diabolo,
1124 2281 1450 2350 cunctisque
1489 2279 1747 2349 operibus
1774 2276 1915 2346 ejus,
1965 2283 2021 2330 et

439 2382 590 2439 omni
638 2379 861 2436 servitio
919 2374 1179 2444 onmique
1207 2387 1417 2443 pompae
1442 2371 1587 2442 ejus,
1620 2369 1760 2423 trina
1801 2366 2020 2423 confes—

443 2477 623 2540 sione,
650 2469 1123 2526 ahrenuntiamus.
1174 2466 1241 2520 Et
1272 2464 1579 2536 Spiritualia
1613 2462 1832 2532 quidem
1890 2460 2020 2514 vitia

441 2569 523 2622 sic
557 2571 957 2619 numerantur:
992 2559 1169 2629 primo
1211 2557 1494 2627 superbia,
1537 2554 1765 2618 invidia,
1808 2552 2017 2619 odium,

446 2658 752 2719 iracundia,
792 2651 1122 2708 irrationalis
1161 2651 1264 2713 ira,
1290 2650 1449 2715 livor,
1480 2647 1787 2702 inordinata
1805 2644 2019 2700 deside-

440 2751 547 2816 ria,
583 2745 1029 2806 incunvenientes
1063 2740 1535 2807 ratiocinationes,
1587 2738 1882 2808 injustitia,
1924 2750 2020 2789 ca-

440 2842 673 2901 lumnia,
730 2838 905 2903 zelus,
953 2835 1208 2899 avaritia,
1243 2832 1472 2896 furtum,
1512 2831 1773 2893 ebrietas,
1804 2828 2017 2899 rapina,

444 2933 733 3001 omnisque
764 2927 1001 2999 pigritia.
1026 2924 1147 2978 llaec
1182 2932 1310 2979 sunt
1336 2937 1497 2993 opera
1527 2921 1733 2976 diaboli
1761 2920 2023 2992 spiritua-

2110 467 2198 503 ναι
2226 451 2339 512 τοῖς
2384 451 2624 519 πτωχοῖς
2657 449 2754 502 σὺν
2810 446 3096 518 προθυμία
3142 446 3295 516 πάσῃ
3320 461 3333 475 ·
3363 444 3508 510 ἕξειν
3548 443 3593 498 δ’
3621 445 3688 498 ὲκ

2108 540 2304 594 τούτου
2334 539 2612 610 θησαυρὸν
2640 541 2698 592 ὲν
2741 539 2995 611 οὐρανοῖς
3022 539 3119 592 καὶ
3150 537 3331 601 δόξαν,
3371 538 3469 590 καὶ
3511 535 3692 599 οῦτως

2111 632 2290 703 αἴρειν
2325 632 2419 684 τὸν
2450 630 2687 703 σταυρδν
2720 630 2870 702 αύτῷ
2898 628 3345 691 ἀκολουθοῦντας.
3379 629 3491 681 Καὶ
3513 626 3695 681 ταῦτα
3774 624 3786 635 ’

2102 725 2214 795 μὲν
2248 726 2276 778 ό
2305 723 2510 795 Κύριος
2538 724 2598 777 έν
2634 724 2750 789 τοῖς
2785 720 3159 789 Εὑαγγελίοις.

2181 815 2247 872 δ’.
2295 817 2356 870 '0
2384 817 2443 870 δὲ
2476 816 2619 878 θεῖος
2654 813 2981 877 ’Δπόστολος
3006 813 3102 866 καὶ
3134 815 3307 884 μέγας
3334 809 3515 882 κήρυξ
3542 809 3691 863 Παῦ-

2113 910 2203 973 λος
2234 909 2329 963 τδν
2378 906 2557 979 ἀληθῆ
2588 907 2919 978 Χριστιανὸν
2954 906 3053 958 καὶ
3087 905 3279 958 πιστὸν
3308 903 3449 957 κατά
3488 902 3691 963 πάντα,

2113 1000 2209 1054 τὸν
2237 998 2556 1053 ἐνοικοῦντα
2589 997 2786 1068 ἔχοντα
2810 996 2873 1051 τὸ
2898 994 3167 1063 ποινά-γιον
3201 991 3429 1065 Πνεῦμα
3452 990 3694 1057 ἐδίδαξεν

2112 1095 2190 1159 ὡς
2243 1090 2462 1159 ἀληθῶς
2516 1090 2900 1161 φθεγξάμενος
2942 1087 3164 1142 τοιάδεο
3214 1086 3272 1140 Ὅ
3320 1085 3542 1157 -καρπδς
3594 1083 3692 1138 τοῦ

2102 1188 2441 1257 ηΠνεύματος
2483 1187 2677 1259 πρώτη
2722 1185 2913 1256 ἀγάπη
2952 1182 3129 1246 πέλει,
3157 1182 3325 1254 χαρὰ,
3372 1181 3564 1251 εἰρήνη
3594 1181 3696 1232 σὺν

2116 1284 2303 1346 αὐτοῖς
2349 1281 2448 1335 καὶ
2484 1283 2518 1348 ἡ
2572 1278 2950 1351 μακροθυμία,
3004 1275 3266 1338 ὡσαύτως
3299 1275 3333 1345 ἡ
3386 1271 3700 1344 χρηστότης

2116 1378 2212 1430 καὶ
2266 1377 2299 1445 ἡ
2355 1373 2709 1444 ἀγαθωσύνη,
2769 1371 3039 1440 πραότης,
3092 1368 3276 1431 πίστις
3333 1362 3542 1436 ἀληθὴς
3593 1365 3699 1418 καὶ

2118 1468 2419 1539 ἐγκράτεια
2474 1466 2749 1521 ἁπάντων.
2804 1464 2916 1517 Καὶ
2977 1459 3214 1531 ἀλλαχοῦ
3269 1459 3432 1513 πάλιν
3491 1457 3658 1528 φησίν
3680 1471 3696 1488 ·

2106 1581 2146 1615 4
2170 1562 2437 1629 ’Δδελφοὶ,
2472 1560 2551 1630 μὴ
2574 1556 2859 1612 πλανᾶσθε
2880 1569 2896 1585 ⁶
2935 1552 3061 1607 οὔτε
3100 1553 3303 1623 μοιχοὶ,
3328 1551 3453 1605 οὔτε
3482 1551 3699 1621 πόρνοι,

2120 1654 2244 1709 οὔτε
2272 1652 2679 1722 ἀρσενοκοῖται,
2706 1648 2807 1720 οὐχ
2844 1647 3114 1716 ἅρπαγες,
3148 1644 3210 1697 οὐ
3236 1641 3490 1712 λοίδοροι,
3523 1640 3556 1711 ἦ
3587 1657 3692 1713 μα-

2118 1748 2302 1813 λακοὶ,
2334 1746 2368 1816 ἢ
2404 1744 2674 1799 κλέπται·
2706 1742 2768 1795 οὐ
2802 1738 3051 1811 μέθυσοι,
3077 1738 3178 1792 οὐκ
3209 1737 3404 1801 ἄδικοι,
3430 1733 3543 1789 ἀλλ’
3574 1732 3700 1786 οὐδὲ

2116 1838 2469 1901 πλεονέκται,
2500 1832 2786 1906 βασιλείαν
2824 1831 2925 1903 τὴν
2958 1831 3054 1885 τοῦ
3100 1827 3239 1884 Θεοῦ
3283 1827 3346 1883 οὐ
3392 1824 3467 1898 μὴ
3498 1824 3703 1897 κληρο-

2118 1929 2443 2001 νομήσουσι.
2472 1945 2492 1978 ι

2189 2018 2255 2075 ε’.
2295 2018 2460 2074 Ἀλλά
2509 2017 2617 2089 πρὸ
2666 2018 2871 2071 τούτων
2905 2015 3123 2071 πάντων
3152 2013 3209 2067 δὲ
3249 2012 3347 2066 καὶ
3380 2011 3489 2066 τῶν
3520 2009 3701 2066 ἄλλων

2123 2112 2386 2167 ἁπάντων
2434 2110 2534 2178 τὴν
2560 2108 2654 2163 τοῦ
2697 2109 2846 2163 θείου
2881 2106 3261 2178 βαπτίσματος
3291 2105 3530 2176 φρικτὴν
3568 2105 3695 2174 όμο-

2120 2202 2331 2272 λογίαν,
2357 2201 2426 2273 ὴν
2452 2200 2806 2255 ἀπαιτεῖσθαι
2824 2198 3091 2268 μέλλομεν
3118 2195 3306 2267 μικροί
3329 2211 3389 2248 τε
3408 2196 3502 2248 καὶ
3525 2195 3699 2265 μεγά-

2120 2292 2205 2346 λοι
2250 2294 2308 2346 ὲν
2342 2290 2592 2361 μέλλοντι
2639 2289 2817 2344 αἰῶνι.
2866 2289 2975 2341 Καὶ
3013 2288 3121 2357 γὰρ
3157 2284 3589 2353 ἀποτασσόμεθα
3617 2281 3700 2352 τῷ

2122 2384 2355 2455 διαϐόλῳ
2375 2384 2599 2447 πάντες,
2615 2381 2842 2444 καὶτοῖς
2864 2380 3047 2449 ἔργοις
3072 2378 3236 2433 αὐτοῦ
3262 2378 3416 2440 πᾶσι,
3436 2376 3531 2430 καὶ
3552 2375 3700 2447 πάσῃ

2123 2476 2353 2548 λατρεία
2387 2477 2485 2529 καὶ
2508 2478 2662 2545 πασῃ
2698 2477 2765 2545 τῇ
2799 2475 2995 2544 πομπῇ
3026 2472 3193 2526 αὑτοῦ
3236 2471 3473 2541 τρισσῶς
3509 2469 3705 2540 ὁμολορ

2124 2569 2365 2639 γοῦντες.
2398 2568 2510 2621 Καὶ
2550 2568 2621 2620 τά
2679 2566 2777 2638 μὲν
2817 2565 3025 2635 ψυχικά
3053 2562 3202 2633 πάθη
3252 2560 3703 2633 ἀπαριθμοῦνται

2123 2661 2323 2724 οὕτως·
2350 2660 2567 2731 πρῶτον
2592 2660 2993 2730 ὑπερηφανεία,
3012 2655 3205 2725 φθόνος
3235 2653 3372 2724 ὁμοῦ
3403 2656 3496 2707 καὶ
3522 2655 3701 2722 μῖσος,

2124 2753 2461 2826 παράλογος,
2497 2754 2592 2806 καὶ
2624 2753 2721 2804 σὺν
2750 2751 2938 2814 αύτοίς
2967 2753 2995 2803 ό
3038 2749 3255 2816 φθόνος,
3278 2746 3544 2816 ἐπιθυμία
3570 2747 3700 2801 ἀτο-

2115 2862 2246 2911 πος,
2284 2844 2476 2914 θυμὸς,
2502 2843 2645 2915 ὀργὴ
2659 2845 2923 2912 ἀπρεπεῖς
2945 2841 3194 2912 λογισμοί
3212 2856 3269 2895 τε
3286 2881 3300 2903 ,
3316 2839 3577 2909 λοιδορία,
3602 2854 3703 2890 και

2121 2935 2397 3004 τάκρισις,
2431 2933 2609 3004 ζῆλος,
2648 2932 2951 2997 πλεονεξία,
2980 2932 3196 3002 κλεψία,
3238 2930 3403 3001 μέθη,
3430 2930 3700 3000 ἀρπαγὴ,

445 3028 537 3080 lia.
570 3021 823 3079 Carnalia
857 3025 1037 3072 autem
1072 3016 1274 3086 pariter
1303 3016 1382 3069 sic
1407 3021 1765 3068 numerantur
1798 3030 1813 3067 :
1843 3010 2022 3066 molli-

2125 3026 2222 3079 καὶ
2251 3025 2452 3096 ἀκηδία
2495 3027 2676 3079 πᾶσα’
2702 3024 2877 3079 ταῦτά
2904 3029 3011 3079 είσι
3052 3024 3123 3078 τὰ
3160 3023 3367 3095 ψυχικά
3421 3022 3559 3093 ἔργα
3605 3020 3704 3075 τοῦ

446 3118 570 3182 ties,
626 3111 936 3175 foruicatio,
998 3108 1353 3173 adulterium,
1400 3096 1778 3161 masculorum
1805 3118 2019 3173 puero-

443 3223 680 3277 rumque
711 3218 914 3259 vesana
946 3201 1413 3270 concupiscentia,
1459 3199 1667 3267 triplex
1719 3196 2022 3252 bestialitas

440 3315 508 3355 ac
557 3296 919 3359 volucrilitas,
976 3304 1032 3348 et
1076 3293 1376 3364 cujuslibet
1429 3291 1764 3362 impuritatis
1815 3289 2019 3345 studia.

440 3392 636 3448 Cultus
667 3404 795 3444 vero
825 3388 1062 3450 Satanae,
1096 3397 1156 3440 ut
1215 3386 1291 3441 ita
1345 3386 1549 3453 dicam,
1602 3392 1734 3439 est:
1785 3381 2022 3443 Credere

445 3485 838 3546 divinationes,
897 3494 1183 3535 recurrere
1219 3478 1286 3532 ad
1345 3493 1569 3548 magos,
1626 3477 1932 3547 astrologos
1969 3482 2025 3529 et

446 3577 898 3635 necromanticos
951 3575 1243 3638 invocare,
1299 3572 1538 3626 amuleta
1588 3580 1644 3625 et
1686 3568 2023 3641 phylacteria

445 3674 746 3742 suscipere,
772 3678 945 3734 vates,
977 3676 1032 3721 et
1055 3664 1499 3729 hurdeomantas,
1520 3663 1790 3718 daemonia
1816 3662 2024 3716 haben-

434 3775 551 3828 .tes,
577 3774 837 3832 augures,
880 3758 1176 3825 omniaque
1204 3767 1541 3825 paganorum
1606 3759 1661 3806 et
1718 3750 2021 3806 inﬁdelium

446 3856 626 3912 studia
657 3853 964 3907 admittere.
1004 3847 1130 3902 Haac
1181 3846 1364 3901 omnia
1405 3845 1615 3900 cultum
1647 3843 1849 3899 diaboli
1888 3858 2025 3896 con-

444 3948 702 4002 stituunt.
762 3939 1061 3994 Dicendum
1112 3952 1242 4007 ergo
1292 3945 1543 4006 superest
1574 3949 1698 4005 qua:
1727 3934 1798 3988 sit
1828 3947 2025 4002 pompa

445 4037 661 4092 Satanae
696 4049 711 4086 :
745 4029 1025 4100 tragoediae
1050 4037 1281 4082 etomne
1301 4028 1448 4081 aliud
1473 4040 1737 4096 organum
1768 4024 2021 4090 luxuriae,

449 4141 732 4185 taurorum
771 4136 1169 4190 servorumque
1219 4117 1541 4181 certamina,
1612 4128 1776 4186 atque
1827 4117 2027 4187 hippo-

447 4219 648 4274 dromi.
682 4216 809 4269 [Lee
859 4215 914 4267 in
954 4213 1139 4267 divino
1201 4209 1421 4263 lavacro
1467 4208 1766 4262 aberninati
1830 4224 2024 4265 sumus

448 4325 668 4381 unaque
731 4307 990 4362 Satanam
1030 4303 1205 4385 ‘vclut
1271 4302 1489 4357 illormn
1551 4299 1913 4372 magistrum,
1972 4312 2026 4356 et

2130 3116 2406 3171 διαϐόλου.
2423 3116 2701 3180 Ὡσαύτως
2723 3116 2792 3169 τά
2818 3119 3110 3187 σωματικά
3143 3115 3587 3187 ἀπαριθμοῦνται
3614 3112 3709 3169 ob-

2129 3226 2262 3275 τως*
2291 3209 2558 3280 μαλακία,
2583 3210 2810 3280 πορνεία
2841 3225 2903 3265 τε
2933 3210 3030 3265 καὶ
3063 3212 3251 3281 μοιχία
3281 3212 3376 3264 σὺν
3412 3209 3647 3272 τούτοις,
3669 3209 3706 3277 ἡ

2130 3300 2509 3373 ἀρῤενομανία
2541 3318 2600 3354 τε
2634 3302 2731 3355 καὶ⁵
2777 3303 2811 3372 ἡ
2843 3301 3230 3372 παιδοφθορία,
3265 3300 3602 3371 κτηνοδατία
3649 3317 3711 3354 τε

2128 3394 2331 3466 τριπλῆ
2363 3396 2458 3449 καὶ
2489 3396 2523 3465 ἡ
2553 3395 2917 3462 πτηνοόατία,
2934 3394 3034 3449 καὶ
3064 3398 3135 3449 τὰ
3161 3392 3585 3464 ἐπιτηδεύματα⁴
3603 3392 3713 3449 πά-

2134 3504 2234 3558 σης
2252 3486 2618 3558 ἀκαθαρσίας.
2632 3486 2701 3540 Ἦ
2720 3486 2779 3540 δὲ
2794 3487 3020 3558 λατρεία
3048 3486 3144 3539 τοῦ
3162 3484 3486 3551 Σατανᾶ,ὠς
3506 3486 3707 3553 είπεῖν,

2129 3578 2278 3633 ἐστιν
2301 3578 2439 3651 αὕτη
2462 3595 2480 3611 ·
2514 3581 2575 3632 τὸ
2618 3578 2898 3632 πιστεύειν
2935 3578 3294 3650 μαντεύματα
3336 3580 3432 3632 κατ⁹
3456 3579 3569 3641 τοῖς
3598 3578 3705 3648 μά·

2131 3688 2249 3741 τοις
2274 3671 2659 3742 προστρέχειν,
2686 3669 2815 3733 τοὺς
2843 3669 3218 3740 ἀστρονόμους
3248 3668 3580 3739 προσκαλεῖν
3610 3667 3703 3721 καὶ

2129 3765 2258 3828 τοὺς
2314 3763 2724 3833 νεφοδιώκταςο
2762 3763 2824 3816 τὸ
2878 3761 3128 3834 φυλακτά
3178 3762 3577 3833 προσδέχεσθαι
3608 3760 3701 3813 καὶ

2130 3855 2200 3909 τὰ
2231 3855 2513 3923 περίαπτά
2557 3871 2640 3920 τε,
2673 3853 2932 3925 γοητείας
2980 3854 3393 3924 παραδέχεσθαι
3436 3854 3533 3908 καὶ
3578 3854 3708 3915 τοὺς

2132 3947 2626 4018 κριθαρομάντεις,
2679 3946 2809 4010 τοὺς
2851 3945 3078 4016 ἔχοντας
3115 3948 3239 4006 τοὺς
3274 3946 3557 4016 δαίμονας,
3613 3946 3711 3998 καὶ

2130 4039 2260 4103 τοὺς
2310 4039 2732 4110 όρνεοσκόπους,
2760 4039 2857 4093 καὶ
2900 4040 3052 4093 ἀπαν
3090 4038 3437 4110 ἐπιτήδευμα
3478 4036 3711 4091 ἐθνικῶν

2130 4131 2230 4186 καὶ
2268 4131 2544 4185 ἀπίστων·
2581 4129 2757 4184 ταῦτα
2803 4130 3031 4202 λατρεία
3061 4130 3276 4199 πέφυκε
3324 4130 3419 4183 τοῦ
3453 4128 3708 4185 διαϐόλου

2136 4226 2338 4278 πάντα.
2384 4224 2651 4278 Λείπεται
2697 4218 2792 4277 οὖν
2836 4223 3029 4277 λοιπὸν
3080 4225 3259 4276 είπεῖν
3308 4223 3452 4292 τίςὴ
3510 4221 3710 4292 πομπὴ

2133 4317 2355 4371 Σατανᾶ
2387 4315 2646 4385 ὑπάρχει.
2695 4314 2958 4383 Μάτζεφε
3008 4315 3419 4385 τραγῳδήματα
3463 4316 3557 4368 καὶ
3599 4315 3712 4368 πᾶν

450 4403 670 4457 Christo
713 4414 908 4454 sumus
940 4396 1189 4465 obligati,
1215 4394 1282 4447 ad
1334 4402 1481 4448 recte
1534 4393 1637 4461 ipsi
1668 4394 2022 4458 credendum,

2133 4408 2368 4479 ὄργανον
2395 4408 2549 4475 ἄλλο,
2571 4405 2769 4461 ταυλία
2803 4407 2897 4460 καὶ
2926 4405 3189 4477 ζατρίκια
3222 4408 3319 4461 καὶ
3369 4407 3425 4459 αί
3451 4404 3715 4474 ἱπποδρο-

450 4492 982 4559 ευειοιιλοιιιιυιιιιιιιθ
1013 4493 1278 4557 praecepta
1309 4485 1398 4539 Dei
1448 4493 1501 4539 et
1550 4483 1875 4550 Salvatoris,
1904 4501 2027 4555 quae

450 4600 578 4639 cum
609 4584 725 4640 suis
752 4580 1015 4651 apostolis
1057 4577 1430 4633 conversaudo
1484 4579 1691 4644 docuit,
1721 4579 2025 4633 abhorren-

450 4681 580 4733 dum
612 4677 828 4745 quidem
866 4690 896 4726 a
945 4672 1101 4726 malis
1135 4671 1278 4725 velut
1316 4670 1574 4739 operibus
1602 4671 1828 4734 diaboli,
1862 4678 2027 4740 atque

452 4768 831 4826 inhaerendum
884 4765 1042 4820 bouis
1107 4770 1181 4838 ut~
1252 4762 1467 4815 Domini
1535 4762 1828 4817 mandatis.
1880 4761 2021 4828 Quid

454 4863 667 4921 multa?
696 4862 831 4916 lluic
860 4860 980 4913 Viue
1030 4858 1290 4913 divinitus
1338 4867 1553 4913 statutae
1598 4856 1901 4911 conditioni
1926 4855 2023 4910 ad-

452 4956 579 5012 dicti
604 4954 757 5025 parvi
792 4960 847 5007 et
878 4952 1083 5021 magni,
1113 4952 1352 5021 episcopi
1381 4961 1435 5005 et
1464 4966 1640 5019 rcges,
1665 4950 1919 5002 monachi
1969 4957 2025 5003 et

451 5047 670 5119 plebeii,
710 5051 989 5115 magnatcs
1017 5050 1071 5097 et
1099 5057 1387 5113 pauperes,
1446 5044 1736 5110 omnisque
1788 5041 2028 5095 lidelium

342 5203 348 5210 ,
455 5137 748 5192 multitudo
778 5136 1063 5206 _rationem
1101 5135 1328 5189 reddere
1373 5133 1657 5187 debemus.
1687 5129 1815 5186 Ihec
1846 5141 2027 5186 autem

434 5240 573 5303 ‘quae
629 5231 824 5301 scripsi
862 5244 973 5283 non
1014 5239 1144 5283 sunt
1192 5228 1414 5298 propria
1470 5226 1895 5289 mmuchorum,
1929 5226 2025 5280 sed

454 5327 700 5381 omnium
733 5323 974 5379 lidclium
1002 5320 1316 5391 Christique
1358 5320 1557 5390 gregis.

2141 4500 2301 4572 μίαι·
2357 4499 2533 4554 ταῦτα
2563 4498 2925 4567 ἀπευξάμεθα
2967 4500 3025 4553 ἑν
3070 4501 3149 4568 τῷ
3188 4497 3397 4569 λουτρῷ
3448 4496 3528 4567 τῷ
3557 4497 3713 4566 θείῳ,

2136 4593 2233 4648 καὶ
2265 4595 2361 4648 σὺν
2393 4593 2576 4656 αὐτοῖς
2605 4592 2699 4645 τὸν
2748 4592 2992 4647 Σατανᾶν
3016 4591 3093 4653 ὡς
3130 4590 3451 4645 διδάσκαλον
3481 4587 3710 4652 τούτων,

2138 4684 2233 4738 καὶ
2282 4683 2661 4752 συνετάγημεν
2707 4681 2953 4752 Χριστῷ,
2992 4681 3170 4752 ὀρθῶς
3213 4680 3364 4751 αύτῷ
3407 4680 3712 4742 πιστεύειν,

2138 4774 2432 4842 φυλάττειν
2480 4789 2541 4826 τε
2595 4773 2927 4843 πρόσταγμα
2976 4772 3073 4825 τοῦ
3117 4770 3256 4824 Θεοῦ
3288 4771 3383 4825 καὶ
3431 4768 3713 4838 Σωτῆρος,

2139 4856 2287 4929 ειπερ
2319 4858 2572 4913 ἐδίδασκε
2628 4860 2805 4916 συνὼν
2850 4863 2966 4924 τοῖς
2995 4861 3161 4915 αὐτοῦ
3217 4859 3564 4921 ἀποστόλοις,
3602 4857 3716 4909 τῶν

2140 4952 2243 5021 μὲν
2269 4953 2457 5007 κακῶν
2510 4954 2815 5025 ἀπέχεσθαι
2848 4955 2923 5019 ὡς
2970 4953 3150 5024 ἔργων
3194 4951 3475 5014 διαϐόλου,
3514 4951 3622 5003 τῶν
3656 4948 3716 5002 δὲ

2138 5045 2320 5099 καλῶν
2354 5046 2679 5118 ἀντέχεσθαι
2721 5047 2795 5113 ὡς
2833 5047 3067 5101 ἐντολῶν
3099 5044 3327 5117 Κυρίου.
3355 5044 3573 5113 Ταύτην
3605 5041 3717 5095 λοι-

2138 5137 2261 5202 πὺν,
2287 5139 2363 5203 ὡς
2387 5140 2630 5211 εἴρηται,
2665 5141 2765 5211 τὴν
2796 5141 3067 5209 συνταγὴν
3105 5141 3203 5209 τὴν
3259 5138 3409 5192 θείαν
3458 5152 3716 5207 προσαπ-

2135 5230 2409 5285 αιτεῖσθαι
2449 5232 2716 5303 μέλλομεν
2761 5233 2951 5304 μικροί
2981 5251 3041 5286 τε
3082 5233 3460 5303 καὶημεγέιλοι,
3489 5232 3716 5285 ἐπίσκο-

2134 5338 2225 5375 ποι
2258 5323 2352 5376 καὶ
2386 5321 2649 5393 βασιλεῖς,
2687 5326 2912 5396 μοναχοὶ
2941 5326 3039 5379 καὶ
3076 5323 3322 5395 μιγάδες,
3368 5322 3629 5393 ἄρχοντές
3654 5337 3713 5373 τε

454 5417 549 5470 καὶ
589 5418 843 5487 πένητες,
902 5414 998 5467 καὶ
1032 5414 1142 5477 πᾶς
1188 5412 1397 5466 πιστῶν
1432 5413 1461 5463 ό
1505 5411 1700 5482 δῆμος.
1752 5408 1940 5465 Ταῦτα
1975 5413 2031 5465 δὲ
2070 5412 2214 5486 ἅπερ
2281 5416 2515 5489 ἔγραψα,
2568 5419 2670 5473 οὐκ
2734 5420 2840 5474 εἰσὶ
2887 5417 3256 5490 μοναζόντων,
3303 5415 3441 5472 ἀλλὰ
3489 5417 3711 5471 πάντων

450 5510 558 5563 τῶν
582 5507 788 5562 πιστῶν
804 5501 912 5560 ’καὶ
940 5504 1178 5576 Χριστοῦ
1209 5504 1308 5573 τῆς
1337 5504 1605 5575 μερίδοςα

559 5672 604 5703 ¹³
627 5670 816 5728 Matth.
854 5684 967 5738 ιιι,
998 5668 1088 5726 El.
1171 5669 1210 5699 “
1236 5669 1413 5726 Galat.
1456 5685 1506 5738 ν,
1534 5669 1624 5723 '22.
1707 5668 1794 5723 ιιι
1826 5667 1957 5724 Cor.
1985 5683 2063 5736 Vt,
2097 5668 2152 5723 9.
