4094 6432
364 316 464 380 397

1604 304 1706 365 DE
1746 300 1926 366 VITA
1960 292 2420 362 MONASTICA.

3518 302 3625 363 εει

440 432 518 493 ς’.
549 425 673 478 Τῶν
734 423 990 495 μωαχῶν
1045 422 1124 486 δὲ,
1171 422 1248 486 ὼς
1288 417 1449 491 ἔφην,
1508 417 1667 482 ἄλλος
1712 417 1951 489 ὑπάρχει

2122 412 2177 467 6.
2211 410 2604 468 Monachorum
2630 425 2762 466 vero
2788 410 2928 467 sicut
2956 411 3090 478 dixi,
3123 413 3259 470 alius
3293 423 3375 471 est
3409 411 3626 472 vivendi

368 520 512 592 βίος,
549 518 684 571 διότι
738 518 1132 589 ἀπηρνήσαντο
1170 514 1262 569 τὸν
1296 515 1475 568 πάντα
1528 511 1737 580 κόσμον
1775 503 1946 573 οὗτοι,

367 609 469 662 καὶ
506 607 725 678 ξχουσιν
775 605 1069 677 ἀκρίδειαν
1104 603 1350 674 φοδεράν
1392 603 1488 656 καὶ
1528 599 1799 672 μεγάλην.
1839 599 1952 652 Καὶ

366 700 485 771 γὰρ
534 698 677 769 μετὰ
735 696 852 752 τῶν
906 696 1116 752 ἄνωθεν
1182 694 1506 767 γραφέντων
1597 690 1954 759 ὲνταλμάτων

370 792 604 846 πλείονα
627 790 731 860 τὴν
753 788 1044 858 ἀκρίδειαν
1067 784 1574 858 προσαπαιτοῢνται
1595 776 1763 849 οὗτοι,
1791 781 1958 851 ἀκτη·

374 883 627 957 μοσύνην
657 880 921 949 παντελῆ,
950 879 1250 952 παρθενίαν
1293 880 1375 940 είς
1403 876 1596 944 ἄκρον,
1625 871 1954 944 ἐγκράτειαν

365 994 434 1029 τε
464 974 579 1029 τῶν
618 971 813 1027 παθῶν
856 969 993 1042 ὁμοῦ
1023 969 1119 1024 καὶ
1149 968 1258 1023 τῶν
1295 967 1625 1040 βρωμάτων,
1666 964 1954 1033 αἰσθήσεις

364 1066 798 1138 χαλιναγωγεῖν,
832 1063 945 1117 τῶν
983 1060 1172 1133 κακῶν
1211 1077 1265 1114 τι
1297 1061 1373 1130 μὴ
1409 1058 1698 1129 πράττειν,
1734 1055 1950 1126 ὅρασιν,

367 1160 675 1226 ὅσφρησιν,
714 1153 885 1224 ἁφὴν,
927 1151 1118 1223 ἀκοὴν,
1160 1151 1260 1205 καὶ
1283 1148 1383 1221 τὴν
1421 1151 1611 1215 γεῦσιν
1635 1163 1653 1180 ⁸
1680 1147 1781 1218 τὴν
1814 1144 1957 1216 ψαλ-

371 1248 593 1321 μῳδίαν
616 1248 900 1301 ἄπαυστον
936 1244 1033 1298 καὶ
1061 1240 1265 1312 πολλὴν
1296 1239 1631 1311 ἀγρυπνίαν,
1664 1239 1957 1311 χαμευνεῖν

368 1340 473 1394 καὶ
519 1337 835 1408 ξηροσιτεῖν
876 1333 972 1389 καὶ
1007 1332 1270 1388 ἀλουσίαν
1315 1331 1483 1401 ἔχειν.
1536 1328 1958 1384 Συνδιαιτᾶσθαι

370 1429 635 1499 γυναιξὶν
665 1428 700 1500 ἢ
744 1427 883 1487 ὅλως
912 1427 1065 1496 σχεῖν
1122 1423 1311 1493 φιλίαν
1345 1422 1684 1495 ἀπαγορεύει
1722 1425 1752 1477 ὅ
1779 1421 1959 1477 κανὼν

370 1526 490 1585 τοῖς
532 1521 791 1591 μοναχοῖς
835 1517 1081 1581 τελείως,
1126 1517 1334 1588 μᾶλλον
1363 1515 1422 1570 δὲ
1459 1516 1556 1569 καὶ
1604 1513 1960 1586 προσομιλεῖν

372 1616 409 1686 ἢ
432 1614 575 1675 ὅλως
602 1610 936 1676 συνοδεύειν,
969 1609 1155 1665 παιδία
1179 1626 1239 1664 τε
1286 1609 1363 1679 μὴ
1393 1607 1718 1679 προσίεσθαι
1762 1607 1796 1679 ἦ
1823 1608 1959 1672 ὅλως

378 1703 731 1767 συνδυάζειν,
778 1699 1103 1763 καταλαλεῖν
1167 1698 1200 1767 ἢ
1245 1698 1529 1770 λοιδορεῖν,
1559 1697 1593 1769 ἢ
1631 1697 1767 1761 ὅλως
1792 1712 1962 1750 κατα-

383 1796 611 1861 κρίνειν,
646 1794 784 1846 πᾶσι
820 1794 1038 1854 πιστοῖς
1074 1788 1416 1844 κεκώλυται*
1452 1789 1607 1857 πόσῳ
1649 1805 1714 1858 γε
1762 1786 1963 1859 μᾶλλον

318 1888 341 1905 ’
390 1892 633 1953 antiret.“
670 1886 987 1959 ὀμνύναιῆ
1014 1886 1331 1957 περιορκεῖν
1357 1884 1736 1953 ἀπηγόρευται
1762 1884 1963 1953 πάντη.

397 1979 726 2048 Φιλάργυρον
754 1975 791 2048 ἢ
843 1976 1108 2047 φίλαυτον
1156 1976 1219 2029 ού
1248 1975 1330 2028 δεῖ
1381 1974 1618 2044 μοναχὸν
1667 1970 1836 2026 εῐναι·
1870 1973 1966 2026 καὶ

397 2073 484 2124 ἵνα
511 2070 558 2121 τί
585 2067 889 2138 φιλολογῶν
921 2067 1014 2121 τὸν
1037 2066 1230 2137 καιρὸν
1257 2066 1567 2132 ἀναλίσκω;
1599 2066 1662 2119 Ei
1687 2063 1966 2136 βασιλείας

381 2155 635 2226 οὐρανῶν
691 2155 974 2226 ἐπιτυχεῖν
1018 2154 1248 2219 ἐθέλοις,
1285 2154 1531 2224 ἁπόσχου
1582 2154 1805 2209 πάντων
1855 2154 1965 2208 τῶν

379 2248 601 2314 κακῶν,
637 2250 733 2304 καὶ
762 2246 870 2303 τῶν
907 2249 1092 2302 καλῶν
1121 2249 1351 2318 ἀντέχου
1378 2264 1395 2293 °.
1429 2247 1692 2303 ἀδύνατον
1725 2249 1835 2320 γὰρ
1865 2247 1964 2302 πέρ

378 2357 527 2408 quae
557 2341 657 2394 καὶ
678 2340 943 2411 δυσχερὲς
975 2340 1057 2402 είς
1100 2340 1247 2394 ἅπαν
1275 2339 1558 2410 φιλήδονον
1589 2338 1904 2410 ὑπάρχοντα
1932 2339 1964 2409 ἧ

375 2432 667 2498 κενόδοξον
719 2432 858 2497 ὅλως
898 2432 1178 2502 ἐπιτυχεῖν
1224 2416 1332 2501 τῆς
1379 2430 1614 2502 ἀληθοῦς
1663 2430 1812 2501 ξωῆς
1865 2430 1968 2501 τῆς

374 2521 635 2578 αἰωνίου.

452 2612 528 2680 ζ’.
560 2613 674 2668 Καὶ
716 2612 893 2669 ταῦτα
947 2612 1047 2687 μέν
1103 2631 1188 2671 σοι
1231 2614 1448 2688 ἔγραψα
1493 2614 1560 2670 ἐκ
1603 2614 1711 2670 τῶν
1755 2613 1967 2669 πολλῶν

377 2708 565 2775 ὀλίγα.
600 2708 674 2761 Σὺ
698 2707 809 2779 γὰρ
837 2707 1132 2762 ἐπίστασαι
1151 2708 1335 2771 καλῶς
1359 2709 1458 2779 τὴν
1484 2707 1622 2780 ἐμὴν
1651 2707 1963 2776 ἀγροικίαν.

381 2802 500 2855 Καὶ
527 2800 639 2870 γὰρ
674 2799 838 2853 πάλιν
885 2800 1183 2871 ἐπείγομαι
1222 2802 1302 2865 είς
1342 2800 1601 2854 ὑπόθεσιν
1645 2800 1834 2870 ἄλλην,
1870 2801 1965 2869 δη-

381 2888 686 2957 λοποιῆσαι
706 2889 968 2960 ἀμυδρῶς
993 2889 1112 2954 πῶς
1142 2890 1385 2959 ὀφείλεις
1411 2889 1638 2958 διάγειν,
1664 2892 1746 2954 εἰς
1775 2890 1963 2959 εὐχὴν,

382 2981 466 3042 είς
501 2980 835 3050 ἐγκράτειαν
854 2980 950 3033 καὶ
981 2980 1158 3051 ἀληθῆ
1203 2981 1483 3048 νηστείαν,
1528 2979 1610 3033 ἔτι
1639 2981 1698 3034 δὲ
1727 2981 1963 3048 δίαιταν,

382 3071 563 3141 φημὶ,
594 3072 785 3134 ἁπλῶς
812 3072 912 3126 τοῦ
943 3072 1066 3126 ὅλου
1089 3072 1308 3142 χρόνου,
1355 3071 1529 3143 ἀρχὴν
1552 3072 1648 3126 τοῦ
1685 3072 1844 3141 λόγου
1866 3062 1969 3127 ’θέ-

389 3181 556 3236 μενος
602 3166 684 3228 si;
734 3164 912 3238 ἀρχὴν
950 3166 1051 3236 τῆς
1115 3164 1413 3218 ίνδείκτουο
1469 3164 1593 3219 ὅθεν
1651 3166 1745 3219 καὶ
1790 3164 1964 3219 δεῖσε

388 3254 643 3326 φυλακὴν
669 3254 815 3325 ἔχειν
840 3258 899 3309 ὲν
924 3258 992 3327 τῇ
1035 3255 1278 3327 νηστείᾳ.
1310 3255 1404 3328 Μὴ
1435 3254 1693 3324 νηστείαν
1721 3255 1779 3309 δὲ
1808 3256 1968 3311 ποίαν

387 3348 539 3417 φημὶ
558 3347 670 3400 τῶν
691 3347 920 3417 ἡμερῶν
945 3347 1055 3401 τῶν
1071 3347 1186 3412 δύο,
1212 3347 1448 3418 τετράδα
1466 3349 1564 3402 καὶ
1589 3346 1970 3419 παρασκευὴν,

382 3438 468 3504 ὡς
487 3439 542 3491 οῖ
566 3439 711 3493 Πατέ
721 3455 813 3511 ρες
831 3439 1092 3509 ἔφασκον,
1124 3438 1325 3511 ἰχθύων
1344 3456 1404 3493 τε
1425 3438 1755 3510 ἀπέχεσθαι,
1787 3438 1970 3492 ἐλαίου

388 3548 453 3584 τε
487 3531 584 3584 καὶ
607 3530 777 3598 οἴνου,
803 3530 1149 3603 ξηροφαγίαν
1168 3531 1390 3595 λύοντες
1418 3530 1565 3599 suae
1589 3532 1647 3586 ὲν
1673 3532 1739 3603 τῇ
1767 3530 1935 3603 ἐνάτῃ
1953 3546 1970 3561 ·

389 3622 537 3678 ἀλλά
573 3639 641 3691 γε
689 3625 755 3677 σὺ
799 3622 876 3687 ὡς
911 3622 1146 3695 ἀσθενὴς
1197 3622 1329 3694 οϊνῳ
1379 3622 1546 3694 ὀλίγῳ
1578 3624 1784 3696 χρήσῃ.
1817 3623 1882 3676 Ei
1916 3623 1976 3677 δὲ

389 3716 493 3770 καὶ
518 3714 718 3769 τούτου
747 3713 988 3786 δυνηθῇς
1035 3714 1342 3785 ἀπέχεσθαι
1368 3714 1468 3786 τὴν
1490 3715 1710 3787 χρῆσιν,
1751 3714 1976 3769 πλείονα

392 3811 539 3879 σχῇς
581 3806 858 3875 ὠφέλειαν
877 3806 977 3877 τὴν
1006 3806 1228 3877 ἐντολὴν
1262 3805 1580 3877 πληρώσας.
1606 3808 1669 3860 Oi
1704 3807 1841 3861 θεῖοι
1864 3806 1975 3878 γὰρ

388 3899 692 3956 ἀπόστολοι
730 3899 790 3953 ἐν
818 3897 1046 3959 ταύταις
1083 3900 1206 3962 ταῖς
1241 3899 1496 3969 ἡμέραις,
1527 3897 1664 3953 ἀλλά
1707 3914 1774 3965 γε
1808 3899 1903 3951 καὶ
1928 3898 1976 3950 οί

391 3989 519 4062 μετ’
560 3989 765 4051 αὐτοὺς
814 3987 1066 4057 θεοφόροι
1110 3988 1355 4058 Πατέρες
1400 3987 1687 4059 ἀκρίϐειαν
1732 3987 1978 4058 ὁρίζουσι

390 4082 644 4153 φοϐερὰν
688 4082 786 4134 καὶ
834 4081 1101 4152 μεγάλην,
1142 4080 1294 4151 ἄρτῳ
1322 4079 1420 4133 καὶ
1468 4081 1615 4151 μόνῳ
1655 4080 1977 4153 τρέφεσθαι,

388 4178 482 4233 ἀλί
514 4194 579 4230 τε
614 4176 710 4229 καὶ
741 4174 1018 4246 λαχάνοις,
1047 4176 1144 4228 καὶ
1165 4175 1229 4228 τδ
1262 4175 1414 4245 πόμα
1443 4191 1507 4244 γε
1537 4174 1801 4238 ὡσαύτως
1835 4173 1980 4248 ὕδωρ

389 4270 493 4325 καὶ
527 4270 697 4340 μόνον
726 4266 901 4334 Errat,
933 4269 985 4321 εἰ
1011 4268 1086 4339 μή
1122 4283 1226 4322 που
1257 4265 1324 4320 δι’
1352 4266 1642 4323 ἀσθένειάν
1666 4285 1747 4332 τις
1783 4268 1982 4322 ἀδυνά-

387 4382 503 4429 τως
535 4362 678 4434 ἔχει,
705 4361 834 4431 οῐνῳ
863 4360 1031 4432 ὀλίγῳ
1074 4359 1361 4431 χρώμενος
1385 4360 1476 4414 διὰ
1499 4360 1599 4431 τὴν
1642 4361 1979 4432 ἀρρωστίαν.

2052 505 2291 569 mod-us,
2342 504 2614 575 siquidem
2657 512 2827 559 totum
2877 505 2933 558 hi
3005 506 3262 560 mundum
3304 510 3624 578 repudiave~

2055 605 2207 660 runt,
2234 601 2289 648 et
2314 592 2612 647 verendam
2660 607 2726 647 ac
2770 608 3022 661 magnam
3071 595 3442 651 austeritatem
3473 612 3630 653 exer-

2055 693 2202 741 cent.
2237 684 2441 739 Prmter
2463 684 2611 738 enim
2641 685 2901 739 mandata
2933 685 3165 755 desuper
3195 687 3419 757 scripta,
3455 690 3628 759 major

2055 778 2128 831 ab
2150 776 2284 845 ipsis
2314 774 2577 846 perfectio
2606 776 2937 847 requiretur,
2963 777 3284 832 omnimoda
3316 793 3630 850 paupertas.

2056 867 2343 937 virginitas
2373 866 2606 937 integra,
2639 866 2957 937 passionum
2992 868 3493 939 alimentorumque
3517 886 3634 925 mo-

2060 957 2292 1023 deratio,
2325 971 2589 1012 sensuum
2622 957 3129 1026 refrenatio,visus,
3156 958 3412 1026 olfactus,
3433 966 3632 1019 tactus.

2058 1049 2279 1105 auditus
2309 1059 2365 1105 et
2410 1060 2625 1120 gustus,
2671 1064 2702 1105 a
2736 1051 2899 1107 malis
2956 1053 3249 1119 custodia;
3291 1054 3635 1110 incessabilis

2058 1139 2386 1209 psalmodia,
2425 1141 2623 1210 vigiliae
2664 1143 2868 1208 multae,
2901 1143 3051 1198 humi
3081 1144 3327 1211 cubatio,
3365 1148 3638 1215 xeropha-

2059 1229 2170 1301 δὴ,
2206 1246 2411 1303 corpus
2451 1233 2688 1298 illotum,
2713 1250 2839 1290 cum
2873 1236 3195 1292 mulieribus
3241 1240 3519 1294 convivari
3550 1240 3636 1295 vel

2059 1323 2285 1379 omnino
2315 1334 2499 1382 tenere
2535 1326 2832 1381 amicitiam
2873 1329 3058 1399 regula
3092 1330 3381 1386 monachis
3405 1345 3635 1401 prorsus

2061 1416 2357 1485 interdicit,
2419 1419 2622 1475 nedum
2678 1419 3048 1491 frequentare,
3081 1425 3168 1478 vel
3226 1424 3334 1479 iter
3384 1439 3509 1480 cum
3554 1427 3636 1482 eis

2062 1524 2246 1579 agere,
2286 1525 2597 1583 puerosque
2618 1514 2761 1583 apud
2796 1528 2858 1570 se
2891 1515 3240 1571 introducere
3280 1524 3377 1571 aut
3405 1517 3635 1573 omnino

2062 1601 2293 1673 singulis
2323 1617 2446 1658 cum
2482 1605 2714 1675 singulis
2762 1606 2997 1667 sociari.
3050 1607 3444 1672 contradicere,
3503 1622 3638 1664 eon-

2066 1692 2255 1748 viciari
2284 1694 2367 1749 vel
2414 1696 2666 1752 censuris
2719 1695 2987 1752 lacessere
3019 1697 3352 1768 quibuslibet
3384 1700 3636 1757 fidelibus

2068 1794 2334 1842 velatur:
2377 1797 2589 1857 quanto
2623 1791 2798 1859 magis
2840 1790 2990 1847 illis?
3032 1791 3233 1847 Jurare
3272 1793 3355 1847 vel
3390 1794 3640 1864 peierare

2066 1877 2229 1946 plane
2259 1878 2602 1947 prohibetur.
2667 1881 2891 1952 Argenti
2934 1883 3018 1938 vel
3060 1884 3145 1938 sui
3192 1893 3469 1939 amantem
3519 1900 3640 1941 esse

2066 1969 2396 2024 monachum
2458 1985 2568 2025 non
2640 1971 2788 2026 licet.
2860 1972 2969 2030 Sed
3023 1976 3214 2045 utquid
3280 1976 3641 2034 discurrendo

2069 2069 2286 2132 tempus
2314 2063 2679 2118 consumam?
2708 2064 2765 2120 Si
2813 2081 3039 2137 regnum
3075 2069 3339 2124 ccelorum
3396 2070 3645 2126 obtinere

2067 2154 2252 2223 cupis,
2283 2153 2354 2208 ab
2371 2155 2629 2214 omnibus
2658 2159 2820 2214 malis
2849 2159 3082 2223 abstine,
3111 2170 3165 2215 et
3192 2163 3412 2216 cunctis
3441 2164 3644 2222 inhazre

2067 2242 2247 2299 bonis.
2299 2243 2538 2303 Prorsus
2597 2248 2745 2304 enim
2791 2257 2879 2306 est
2923 2248 3137 2305 didicile
3176 2251 3261 2307 vel
3312 2252 3646 2322 impossibile

2069 2335 2365 2406 voluptatis
2396 2346 2491 2393 aut
2519 2341 2706 2411 gloriae
2751 2342 3011 2412 cupidum
3043 2357 3227 2399 veram
3273 2352 3646 2418 aeternamque

2070 2424 2235 2478 vitam
2261 2426 2517 2497 adipisci.

2145 2608 2351 2669 ’λυπέο
2410 2612 2628 2684 quidem
2660 2630 2724 2671 ex
2760 2616 2975 2674 multis
3025 2630 3200 2689 pauca
3257 2620 3353 2678 tibi
3401 2624 3645 2693 scripsi:

2077 2703 2190 2759 scis
2213 2704 2362 2759 enim
2401 2720 2575 2761 meam
2609 2708 3041 2778 simplicitatem.
3085 2711 3359 2768 Praeterea
3380 2717 3451 2770 ad
3496 2718 3646 2774 aliud

2081 2793 2334 2863 impellor
2368 2800 2709 2867 propositum
2738 2840 2753 2864 ,
2820 2800 3218 2872 aliquantisper
3271 2804 3649 2865 demonstrare

2070 2886 2347 2952 quomodo
2367 2888 2531 2942 vitam
2558 2889 2847 2945 instituere
2862 2891 3085 2957 debeas,
3109 2895 3291 2963 quoad
3319 2898 3646 2965 orationem,

2072 2977 2531 3045 temperantiam,
2569 2993 2874 3050 verumque
2924 2981 3217 3051 jejunium,
3277 2993 3441 3057 atque
3483 2990 3647 3045 etiam

1993 3100 2040 3163 Ο
2070 3067 2317 3163 quolibet
2374 3076 2621 3163 tempore
2654 3070 3086 3140 observantiam,
3118 3074 3336 3134 initium
3378 3083 3651 3137 sermoni;

2073 3173 2236 3214 orsus
2268 3159 2336 3215 de
2366 3160 2637 3232 principio
2677 3164 3029 3235 obligatiouis
3054 3183 3072 3221 :
3098 3170 3246 3223 unde
3281 3178 3334 3224 te
3372 3184 3557 3227 curam
3594 3175 3649 3230 iu

2069 3246 2284 3321 jejunio
2307 3259 2513 3319 ponere
2551 3260 2789 3321 oportet,
2811 3270 2921 3309 non
2953 3256 3022 3310 de
3064 3256 3173 3313 hoc
3214 3258 3425 3328 jejunio
3455 3260 3653 3333 loquor

2075 3345 2310 3403 duarum
2362 3351 2602 3418 dierum,
2647 3362 2847 3424 quarta
2881 3366 2936 3409 et
2982 3370 3302 3427 parasceve,
3347 3368 3408 3415 ut
3459 3360 3655 3419 Patres

2073 3432 2353 3501 dicebant,
2415 3438 2660 3507 piscibus
2710 3441 3100 3499 abstinendum
3147 3461 3271 3502 esse
3309 3448 3543 3519 oleoque
3590 3466 3658 3506 ac

2077 3524 2231 3593 vino,
2255 3529 2644 3602 xerophagiam
2695 3534 3079 3601 permittentes
3107 3543 3278 3591 semel
3331 3539 3400 3594 ad
3429 3555 3656 3596 nouam.

2078 3616 2163 3674 Tu
2185 3628 2384 3687 tamen,
2414 3632 2472 3676 ut
2513 3623 2739 3690 debilis,
2774 3639 2950 3694 pauco
2998 3627 3129 3681 vino
3180 3630 3371 3684 uteris.
3422 3631 3479 3684 Si
3527 3648 3656 3687 vero

2078 3710 2239 3767 istius
2272 3713 2396 3767 usui
2457 3722 2612 3783 potes
2664 3716 3001 3782 renuntiare,
3036 3719 3295 3787 majorem
3345 3720 3654 3788 utilitatem,

2080 3811 2298 3859 servato
2338 3817 2646 3878 praecepto,
2683 3810 2974 3880 percipies.
3013 3811 3131 3866 Diri
3164 3813 3307 3867 enim
3341 3817 3571 3884 apostoli
3603 3819 3657 3872 in

2080 3895 2200 3949 istis
2251 3895 2467 3961 diebus,
2500 3906 2710 3968 etpost
2764 3901 2912 3970 ipsos
2952 3902 3288 3959 sanctissimi
3325 3905 3538 3971 Patres,
3600 3907 3657 3963 in

2082 3987 2187 4044 hoc
2248 4005 2503 4062 magnam
2561 3994 3049 4067 venerantiumque
3137 3997 3525 4067 perfectionem
3588 4007 3664 4059 si-

2082 4088 2255 4145 stunt,
2288 4083 2407 4138 solo
2442 4099 2583 4154 pane
2624 4101 2750 4142 cum
2806 4088 2925 4145 sale
2984 4090 3460 4162 leguminibusque
3492 4098 3659 4159 vesci.

2042 4231 2047 4236 ,
2085 4172 2341 4230 similiter
2370 4191 2471 4246 pro
2498 4184 2629 4247 potu
2688 4179 2860 4236 solam
2909 4194 3109 4249 aquam
3145 4181 3368 4246 habere,
3402 4183 3506 4240 nisi
3538 4188 3663 4256 quis

2085 4275 2306 4335 propter
2345 4267 2681 4343 debilitatem
2730 4286 2838 4324 non
2883 4271 3091 4337 valeat;
3140 4272 3231 4328 hic
3285 4274 3431 4328 enim
3486 4286 3664 4343 pauco

2085 4354 2213 4410 vino
2253 4366 2475 4426 propter
2523 4358 2898 4413 infirmitatem
2933 4368 3143 4415 utatur.
3195 4362 3425 4418 (laeteris
3455 4372 3659 4429 autem,

388 4450 519 4505 Τῶν
547 4451 607 4505 δὲ
639 4449 863 4519 λοιπῶν,
890 4449 965 4512 ὡς
985 4448 1261 4519 γέγραφα,
1285 4449 1529 4521 ἀπόσχου
1552 4448 1787 4520 πάμπαν
1814 4450 1969 4516 ὅλως,

2082 4455 2141 4501 ιιι
2163 4449 2384 4518 scripsi,
2415 4466 2647 4520 prorsus
2679 4454 2985 4520 abstineas,
3017 4455 3120 4510 nisi
3157 4471 3264 4526 qua
3290 4456 3539 4511 debilitas
3572 4469 3666 4512 aut

390 4544 442 4595 εῖ
471 4542 553 4614 μή
591 4539 697 4594 πού
728 4558 815 4605 τις
854 4540 1110 4595 ἀσθένεια
1143 4540 1427 4613 ἢάφορμὴ
1464 4542 1707 4607 ἐπέλθοι,
1741 4543 1858 4598 ἀλλ’
1884 4542 1978 4598 οὖν

393 4637 429 4706 η
457 4635 560 4704 οὐχ
602 4633 681 4693 ὡς
713 4631 929 4704 ἔτυχεν,
975 4632 1091 4687 ἀλλ’
1142 4631 1420 4702 ἀναγκαία
1450 4634 1617 4688 πάνυ.
1663 4636 1777 4689 Kal.
1801 4635 1978 4688 ταῦτα

400 4728 656 4796 γέγραφα
685 4725 874 4788 ἁπλῶς
908 4725 1039 4794 περὶ
1070 4724 1268 4788 παντὸς
1300 4725 1396 4778 τοῦ
1427 4724 1643 4797 χρόνου.
1672 4726 1824 4798 Δῦτη
1854 4725 1911 4779 δὲ
1944 4727 1979 4798 ἡ

408 4818 663 4888 ἀκρίϐεια
694 4817 806 4871 τῶν
854 4817 1121 4887 νηστειῶν
1166 4817 1235 4888 ἢν
1281 4816 1503 4889 γράφω,
1531 4818 1592 4872 ού
1641 4818 1778 4890 πρὸς
1832 4820 1981 4889 ἡμᾶς

412 4912 533 4974 τοὺς
577 4911 854 4985 μοναχοὺς
910 4911 1233 4983 ἐγράφησαν
1265 4912 1363 4968 καὶ
1418 4912 1606 4982 μόνον,
1655 4912 1790 4965 ἀλλὰ
1845 4913 1985 4985 πρὸς

407 5002 612 5066 πάντας
633 5004 767 5070 τοὺς
794 5003 1023 5065 πιστοὺς
1047 5004 1140 5055 καὶ
1172 5002 1413 5074 Χριστοῦ
1438 5003 1536 5074 τῆς
1567 5001 1808 5074 μερίδος.
1838 5004 1985 5069 Πρδς

398 5097 548 5168 ἡμᾶς
577 5096 641 5149 δὲ
677 5096 807 5160 τοὺς
835 5098 1107 5167 μοναχοὺς
1142 5099 1191 5151 οἱ
1216 5098 1364 5164 ἅγιοι
1395 5095 1638 5164 Πατέρες
1672 5093 1988 5164 μονοσιτίαν

393 5187 708 5257 γράφουσιν
748 5186 896 5258 ἔχειν
925 5187 985 5242 τὸ
1020 5189 1144 5242 καθ’
1174 5189 1414 5260 ἡμέραν,
1450 5186 1708 5239 Σάὅδατα
1740 5187 1837 5239 καὶ
1875 5186 1989 5238 Κυ-

398 5284 569 5353 ριακῇ
594 5279 692 5334 τοῦ
721 5281 797 5353 μὴ
824 5280 1110 5352 νηστεύειν
1138 5282 1298 5346 ὅλως.
1327 5281 1445 5334 Νῦν
1478 5274 1572 5334 οὖν
1599 5279 1785 5334 λοιπὸν
1806 5277 1987 5348 ἀπάρ-

396 5373 567 5445 ξομαι
599 5375 695 5428 τοῦ
736 5374 973 5445 γράφειν
1001 5369 1104 5429 ὧδε
1143 5374 1327 5430 πάλιν.

472 5465 547 5537 η’.
581 5466 696 5532 Τὰς
728 5467 926 5536 ἑορτὰς
962 5466 1029 5530 ἃς
1061 5467 1294 5538 λέγομεν
1321 5465 1659 5531 Δεσποτικάς
1704 5465 1757 5519 oi
1792 5464 1994 5528 πάντες

400 5558 501 5611 καὶ
529 5558 735 5628 λύομεν
769 5560 831 5611 ὲν
867 5557 1042 5611 ἅπασι
1076 5560 1156 5621 είς
1203 5556 1408 5629 βρῶσίν
1442 5573 1501 5612 τε
1536 5557 1632 5610 καὶ
1666 5557 1848 5610 πόσιν.
1883 5554 1995 5607 Καὶ

405 5649 751 5720 πωτιθέσθω
806 5651 1076 5720 πρότερον
1122 5650 1380 5721 γέννησις
1426 5650 1525 5721 τῆς
1577 5648 1859 5720 Παρθένου
1898 5650 1994 5700 καὶ

404 5742 667 5797 θεοτόκου
699 5740 923 5812 ἀληθῶς
950 5741 1050 5811 τῆς
1069 5742 1348 5811 πανάγνου
1371 5740 1667 5813 Δεσποίνης
1687 5756 1701 5771 ·
1736 5739 1996 5803 ὡσαύτως

2081 4537 2185 4592 alia
2214 4554 2407 4607 causa,
2448 4559 2560 4597 non
2605 4556 2783 4600 autem
2820 4546 3239 4616 qualiscunque,
3294 4547 3388 4601 sed
3435 4549 3664 4602 omnino

2083 4633 2415 4700 necessaria,
2453 4637 2826 4705 superveniat.
2863 4636 2992 4691 Haec
3019 4646 3201 4691 autem
3244 4638 3402 4706 plane
3431 4638 3497 4692 de
3525 4654 3667 4708 quo-

2084 4724 2215 4778 libet
2237 4734 2481 4796 tempore
2518 4728 2733 4797 scripsi.
2760 4727 2864 4782 Ista
2897 4742 3022 4782 vero
3041 4727 3372 4797 jejttuiorunt
3399 4729 3667 4797 perfectio

2086 4816 2154 4872 de
2171 4833 2275 4889 qua
2297 4819 2513 4888 loquor,
2546 4835 2650 4873 non
2684 4820 2749 4873 ad
2769 4835 2867 4873 nos
2885 4828 3092 4873 tantum
3108 4818 3408 4873 monachos
3435 4819 3662 4881 directa,

2088 4915 2176 4961 est
2215 4896 2312 4963 sed
2337 4909 2407 4964 ad
2433 4923 2626 4963 omnes
2654 4908 2857 4962 Christi
2885 4907 3091 4963 ﬁdeles.
3118 4908 3230 4963 Nos
3261 4919 3441 4962 autem
3479 4924 3671 4964 mena.

2094 4995 2232 5053 chos
2271 4999 2446 5054 sancti
2481 4998 2672 5053 Patres
2698 4998 2945 5053 scribunt
3001 5012 3167 5052 unam
3215 4998 3414 5054 habere
3456 5014 3669 5055 coenam

2093 5091 2362 5156 quotidie,
2383 5089 2733 5147 uouSautem
2764 5092 2975 5147 abbatis
3004 5100 3059 5145 et
3089 5089 3369 5146 Dominica
3394 5090 3665 5164 jejunarc.

2091 5182 2299 5238 Caetera
2329 5198 2474 5238 nunc
2501 5182 2752 5253 incipiam
2782 5183 3059 5239 memoriae
3089 5184 3320 5241 tradere.

2166 5463 2220 5516 8.
2252 5460 2600 5517 Festivitates
2636 5475 2775 5530 quas
2822 5475 3083 5516 vocamus
3099 5459 3431 5522 Dominicas,
3458 5469 3675 5526 semper

2098 5556 2339 5611 adesum
2370 5581 2381 5589 -
2407 5562 2460 5610 et
2498 5563 2686 5625 potum
2734 5554 3002 5610 habemus
3047 5554 3278 5608 solutas.
3316 5549 3676 5617 Prmponatnr

2100 5650 2280 5719 primo
2311 5644 2581 5701 Nativitas
2613 5644 2855 5717 Virginis
2881 5653 2937 5701 et
2988 5659 3118 5700 vere
3150 5643 3412 5711 Deiparae,
3439 5644 3675 5697 sanctis-

2102 5742 2255 5800 simae
2291 5738 2572 5806 Domina;
2606 5738 2858 5795 similiter
2886 5739 3032 5793 illius
3067 5736 3134 5790 ad
3166 5735 3428 5795 templum
3463 5734 3676 5789 Domini
