4094 6404
451 272 559 335 399

1598 270 1908 332 meum]
1950 224 2065 331 cr.
2106 255 2627 330 PATnIAch/e

3620 263 3725 325 400

453 382 836 454 praesentatio;
864 392 1054 454 postea
1085 381 1301 438 Domini
1319 381 1422 436 mei
1446 380 1716 437 Nativitas
1738 381 2039 439 secundum

2148 381 2349 446 εἴσοδος
2380 383 2552 453 αὐτῆς
2586 381 2668 443 εἰς
2693 377 2820 434 ναὸν
2843 376 2937 431 τοῦ
2961 378 3167 450 Κυρίου
3195 396 3207 409 ·
3239 376 3475 447 λοιπὸνή
3508 376 3600 430 τοῦ
3633 380 3753 464 Δεῖ

451 494 716 547 carnem;
754 478 1125 535 rursusillius
1167 488 1389 549 propter
1419 493 1521 534 nos
1583 478 1829 549 perditos
1866 477 2034 546 bapti-

454 570 706 636 smus,ad
738 570 1114 625 renovandum
1136 584 1235 625 nos
1261 570 1312 623 in
1335 568 1596 625 Jordanis
1621 566 1865 636 fluentis;
1883 570 2032 641 ejus—

452 660 571 713 dem
607 659 666 712 in
699 666 950 713 sanctum
976 658 1238 728 templum
1263 658 1809 728 praasentatio,quam
1840 671 2033 713 omnes

452 749 753 804 Oecursum
777 749 991 804 Domini
1017 764 1294 805 vocamus.
1317 749 1468 803 Adde
1481 764 1644 819 super
1669 749 1891 804 'l'habor
1917 749 2035 804 vul-

456 850 544 893 tus
563 839 1019 895 illuminationetn
1047 856 1061 893 :
1086 839 1164 893 sic
1179 838 1543 909 enimlChristi
1586 839 1828 893 divinam
1850 838 2033 895 trans;

458 929 837 1000 ligurationem
872 929 1127 984 dicimus.
1161 928 1527 984 Immaculata:
1579 930 1674 984 Dei
1718 930 1909 986 Matris
1948 946 2037 986 se-

457 1025 694 1078 cundum
716 1036 935 1077 carnem
958 1020 1244 1086 Dormitio,
1274 1021 1502 1076 illustris
1542 1021 1916 1095 mirabilisque
1936 1023 2039 1077 mi-

459 1115 656 1185 gratio,
690 1123 818 1168 ante
854 1128 1017 1183 quam
1048 1112 1324 1183 jejunium
1360 1112 1625 1168 canonice
1662 1123 2036 1169 consecratur.

458 1205 792 1275 Principium
809 1213 862 1259 et
882 1204 1044 1258 tinem
1074 1203 1398 1257 veneranda:
1455 1201 1765 1269 divinaque
1790 1202 2040 1273 Deiparaz

459 1297 754 1367 Matrisque
799 1295 1012 1351 Domini
1088 1293 1416 1351 festivitates
1466 1304 1874 1364 sumpserunt:
1931 1295 2039 1348 ini-

458 1390 596 1445 tium
631 1388 794 1443 habet
822 1386 1115 1454 Nativitas,
1180 1384 1665 1455 ﬁnemlDormitio.
1723 1384 1819 1440 His
1849 1386 2042 1456 adjun-

459 1490 659 1552 gantur
712 1480 821 1536 duo
893 1479 1259 1535 Prmcursoris
1307 1478 1470 1545 festa,
1509 1478 1629 1549 ejus
1705 1478 2041 1535 honorabilis

460 1576 800 1644 illustrisque
830 1573 1113 1639 nativitas,
1162 1581 1329 1643 atque
1359 1572 1548 1642 iniqua
1576 1572 1777 1642 capitis
1806 1572 2041 1626 obtrun-

460 1670 626 1725 catio.
656 1667 868 1735 Quibus
894 1666 1121 1737 adjicies
1141 1664 1276 1721 festa
1306 1666 1617 1721 divinorum
1642 1665 2039 1734 apostolorum,

2147 476 2354 529 σπότου
2388 492 2490 543 μου
2528 474 2784 543 γέννησίς
2827 471 2972 524 κατὰ
3010 468 3227 541 σάρκα·
3262 473 3294 540 ή
3339 471 3532 523 τούτου
3564 468 3727 523 πάλιν

2146 569 2402 638 βάπτισις
2430 568 2498 621 δι’
2525 568 2676 636 ἡμᾶς
2722 565 2848 629 τώς
2885 562 3218 634 φθαρέντας,
3251 562 3605 618 ἀνακαινίσαι
3639 561 3732 613 θέ-

2145 663 2329 725 λοντος
2355 663 2413 715 ἐν
2440 660 2678 730 ῥείθροις
2716 659 2987 731 Ἰορδάνου
3012 674 3027 690 ·
3060 660 3095 728 ἡ
3130 656 3324 711 τούτου
3354 652 3615 718 είσένεξις
3648 654 3730 714 είς

2147 752 2274 806 ναόν
2297 769 2358 805 τε
2385 751 2477 804 τὸν
2496 746 2659 815 θεῖον,
2684 751 2751 822 ἢν
2772 750 2971 813 πάντες
2997 747 3343 819 ὀνομάζομεν
3368 744 3732 810 ’Υπαπαντὴν

2145 846 2354 917 Κυρίου
2382 861 2396 876 ο
2448 845 2546 898 σὺν
2584 843 2812 905 ταύταις
2838 844 2871 913 ή
2894 844 2954 894 ὲν
2989 841 3067 914 τῷ
3106 840 3308 911 Θαὸὼρ
3333 838 3593 910 ἔλλαμψις
3626 836 3727 889 τοῦ

2146 935 2464 1007 προσώπουο
2490 933 2747 1006 ⁸Χριστοῦ
2794 934 2903 1004 γὰρ
2944 933 3123 997 οὕτως
3155 932 3392 1002 λέγομεν
3443 928 3726 1000 μεταμόρ-

2147 1045 2321 1098 φωσιν
2353 1026 2526 1081 θείαν.
2556 1028 2668 1098 Τῆς
2699 1026 3047 1097 παναμώμου
3083 1025 3177 1079 καὶ
3209 1020 3434 1096 Μητρὸς
3455 1019 3552 1075 τοῦ
3584 1017 3727 1071 Θεσῦ

2145 1115 2291 1171 κατά
2324 1118 2582 1187 σάρκαή
2614 1116 2878 1184 κοίμησις
2903 1130 2917 1145 ·
2950 1117 2984 1186 ἡ
3025 1114 3236 1178 ἔνδοξος
3268 1113 3363 1166 καὶ
3409 1110 3533 1181 ξένη
3562 1110 3730 1177 ἐκδη-

2150 1208 2283 1279 μία,
2310 1210 2368 1261 ὲν
2406 1204 2697 1282 ᾗνηστεία
2745 1207 2854 1277 πρὸ
2903 1207 3074 1277 αὐτῆς
3123 1204 3427 1267 κανονικῶς
3467 1202 3730 1260 τελεῖται.

2147 1298 2325 1371 ἀρχὴν
2347 1300 2441 1352 καὶ
2459 1299 2615 1363 τέλος
2636 1299 2925 1369 εῐληφασιν
2953 1298 3010 1352 ai
3039 1297 3296 1367 πάντιμοι
3331 1294 3430 1349 καὶ
3457 1294 3601 1348 θεῖαι
3628 1290 3735 1362 τῆς

2146 1392 2413 1446 Θεοτόκου
2481 1393 2671 1463 ἑορταὶ
2698 1396 2798 1447 καὶ
2833 1390 3071 1461 Μητρὸς,
3122 1389 3219 1444 τοῦ
3248 1385 3456 1459 Κυρίου
3510 1401 3527 1418 ·
3557 1385 3736 1456 ἀρχὴν

2148 1483 2307 1554 ἔσχεν
2339 1485 2374 1554 ή
2397 1482 2676 1554 γέννησις,
2708 1485 2741 1553 ή
2769 1485 3032 1553 κοίμησις
3060 1481 3122 1535 τὸ
3141 1482 3314 1545 τέλος.
3348 1477 3736 1552 Προσκείσθω-

2152 1594 2252 1629 σαν
2278 1576 2475 1640 αύταῖς
2497 1576 2685 1630 λοιπὸν
2718 1575 2904 1630 αἱ-δύο
2937 1574 3032 1628 τοῦ
3076 1573 3424 1645 Προδρόμου,
3460 1574 3492 1643 ή
3533 1570 3735 1639 γέννη-

2152 1686 2236 1732 σις
2267 1671 2300 1740 ή
2334 1670 2606 1739 πάντιμος
2637 1669 2733 1722 καὶ
2777 1667 3083 1743 παράδοξος
3115 1667 3306 1732 ὅντως,
3353 1666 3456 1735 τῆς
3483 1663 3736 1732 κεφαλῆς

461 1761 618 1815 Pauli
645 1759 914 1830 praeconis
940 1765 997 1812 et
1049 1755 1326 1828 θοι-γριιωί
1377 1753 1522 1810 Petri
1572 1755 1688 1825 :lin
1745 1756 1828 1810 his
1879 1756 2042 1826 igitur

2148 1763 2178 1832 ή
2212 1763 2421 1831 ὲκτομὴ
2448 1762 2512 1832 ἣν
2547 1761 2755 1830 ὑπέστη
2806 1761 3031 1823 ἀδίκως.
3078 1758 3468 1827 Ἐπισυνάψεις
3512 1748 3605 1809 οὖν
3638 1755 3736 1807 αὐ-

461 1852 640 1916 festis,
665 1851 865 1921 quibus
917 1849 1160 1904 occurrit
1212 1855 1409 1918 quarta
1468 1847 1548 1900 vel
1606 1856 1761 1902 sexta
1792 1846 1934 1913 dies,
1987 1846 2035 1901 si

462 1944 717 1998 relaxare
748 1940 1259 2011 lihet,pulmcntum
1284 1940 1573 2009 oleumque
1604 1939 1783 1995 solum
1823 1938 2044 1994 adhibe.

466 2035 527 2089 Si
559 2035 641 2090 vis
665 2044 718 2089 et
746 2047 1086 2099 caseum,me
1117 2032 1580 2102 judice,quatuor
1614 2040 1825 2086 tantum
1867 2046 2050 2087 come—

463 2129 560 2182 des
612 2126 1027 2190 festivitatibus,
1089 2124 1389 2179 Nativltate
1435 2122 1665 2189 Christi,
1713 2120 2046 2192 Epiphania,

463 2218 921 2284 Praesentatione,
944 2228 996 2273 et
1016 2216 1544 2289 Transﬁguratione.
1560 2214 1618 2270 ln
1636 2214 2050 2285 caateris,pisci-

464 2313 570 2366 bus
601 2319 657 2365 et
682 2310 812 2364 vino
840 2316 1132 2365 contentus
1160 2321 1300 2365 ceto.
1324 2306 1443 2362 Non
1472 2315 1655 2362 autem
1685 2306 1929 2376 regulam
1954 2315 2051 2360 aut

467 2402 643 2472 legem
716 2401 1030 2467 statuimus,
1085 2408 1181 2456 aut
1269 2399 1423 2471 juxta
1501 2409 1744 2455 tenorem
1820 2396 2047 2453 Patrum

462 2493 680 2564 loquor,
710 2494 803 2549 sed
834 2492 1136 2550 secundum
1172 2491 1506 2548 debilitatem
1536 2499 1782 2547 nostram
1839 2491 2047 2547 scribo.

2146 1856 2271 1916 ταῖς
2300 1851 2600 1908 τῶν⁸θείων
2641 1853 2986 1916 ἀποστόλων,
3016 1851 3232 1905 Παύλου
3267 1847 3414 1920 φημὶ
3435 1845 3533 1900 τοῦ
3560 1846 3740 1915 κήρυ-

2149 1965 2265 2009 κος,
2301 1947 2399 1999 καὶ
2450 1945 2545 1999 τοῦ
2599 1944 2906 2016 κορυφαίου
2950 1943 3184 2014 Πέτρου.
3230 1940 3321 1996 Ἐν
3368 1938 3595 2002 ταύταις
3640 1934 3739 1991 οὖν

2147 2042 2272 2103 ταῖς
2305 2039 2525 2108 ἑορταῖς
2574 2039 2626 2091 εί
2664 2038 2883 2109 μέλλεις
2915 2036 3234 2102 καταλύειν,
3273 2036 3331 2089 ἒν
3374 2030 3464 2097 αἶς
3495 2032 3734 2102 ὑπάρχει

2148 2134 2183 2202 ή
2207 2132 2410 2202 τετρὰς
2456 2130 2567 2185 τῶν
2607 2129 2835 2202 ἡμερῶν
2876 2130 2909 2201 ἢ
2952 2130 3113 2199 ἕκτη,
3141 2128 3371 2200 ὀψάριον
3412 2126 3508 2180 καὶ
3553 2122 3730 2177 ἔλαιον

2148 2223 2392 2279 κατάλυε
2419 2226 2516 2278 καὶ
2548 2224 2731 2295 μόνον.
2760 2224 2828 2278 Ei
2854 2223 2911 2277 δέ
2930 2239 3004 2293 »γε
3038 2222 3219 2286 θέλεις
3241 2221 3337 2275 καὶ
3364 2218 3550 2288 τυρὸν,
3579 2215 3735 2269 οὐδέν

2154 2336 2246 2389 μοι
2289 2318 2572 2391 διαφέρειν
2602 2320 2661 2373 ὲν
2712 2319 2909 2390 μόναις
2932 2317 3028 2372 καὶ
3072 2319 3197 2380 ταῖς
3231 2315 3531 2385 τέσσαρσιν
3558 2310 3736 2372 οὕτως

2151 2407 2488 2481 ὲστιαθὴσῃ·
2541 2408 2599 2462 έν
2646 2425 2709 2462 τε
2761 2407 3017 2478 γεννήσει
3069 2404 3161 2460 τοῦ
3199 2401 3443 2475 Χριστοῦ
3487 2400 3581 2454 καὶ
3621 2399 3736 2452 τῶν

2152 2497 2503 2566 Θεοφανίων·
2541 2499 2635 2553 καὶ
2671 2497 2777 2570 μὴν
2803 2498 2899 2552 καὶ
2928 2499 2996 2569 τῇ
3039 2497 3364 2568 Ὑπαπαντῇ
3405 2495 3503 2547 σὺν
3530 2494 3599 2563 τῇ
3635 2507 3738 2558 με·

459 2585 820 2656 ταμορφώσει
842 2603 856 2616 ·
884 2588 980 2640 καὶ
1008 2587 1130 2649 ταῖς
1159 2585 1380 2649 λοιπαῖς
1407 2582 1714 2657 ἀρκέσθητι
1740 2585 1821 2649 είς
1851 2584 2044 2655 ἰχθύας
2080 2589 2177 2643 καὶ
2225 2586 2391 2645 οἶνον.
2441 2591 2585 2645 ’Δλλ’
2646 2592 2723 2656 ὠς
2754 2590 2816 2644 ού
2866 2590 3265 2657 κανονίζοντες,
3340 2586 3464 2640 οὐδὲ
3504 2582 3736 2654 νομοθε-

460 2676 703 2744 τοῦντες,
734 2679 855 2733 οὐδὲ
883 2680 1018 2751 πρὸς
1048 2680 1148 2751 τήν
1182 2677 1471 2748 ἀκρίϐειαν
1539 2678 1638 2750 τὴν
1673 2677 1783 2732 τῶν
1848 2679 2111 2753 Πατέρων
2148 2684 2314 2754 λέγω,
2366 2684 2506 2741 ἀλλά
2574 2684 2711 2756 πρὸς
2762 2686 2863 2757 τὴν
2930 2682 3225 2737 ἀσθένειαν
3284 2680 3385 2752 τήν
3445 2677 3733 2750 ἡμετέραν

460 2770 681 2843 γράφω.

532 2867 588 2921 9.
614 2866 852 2921 (ἐπιετιιε
886 2873 1067 2920 autem
1118 2862 1447 2919 festivitates
1504 2864 1560 2919 in
1613 2863 1817 2933 quibus
1868 2866 2042 2919 otium

458 2968 563 3022 est,
587 2958 848 3014 horarum
880 2964 934 3012 et
956 2959 1161 3026 operis,
1191 2968 1245 3011 et
1274 2970 1399 3027 quae
1439 2955 1550 3011 sint
1582 2957 1722 3022 ista},
1762 2957 1895 3014 mihi
1925 2957 2039 3027 jam

458 3060 545 3106 est
597 3047 1026 3120 computandum
1080 3065 1096 3103 :

460 3141 667 3197 Christi
695 3140 1063 3204 consortium,
1117 3139 1484 3206 admirabilis,
1520 3139 1851 3199 honoranda
1898 3140 2041 3196 divi-

462 3249 641 3304 naque
670 3232 967 3300 duodecas,
1022 3241 1075 3287 et
1126 3232 1351 3289 fortium
1404 3228 1711 3304 martyrum
1740 3275 1756 3299 ,
1804 3242 2041 3305 querum

463 3326 738 3397 praecipua
783 3335 867 3381 est
900 3323 1187 3391 memoria,
1246 3340 1467 3396 unaque
1499 3325 1824 3397 pontiﬁcum
1854 3341 2046 3383 sacro-

464 3431 696 3486 rumque
728 3427 1029 3487 martyrum
1064 3416 1466 3471 monachorum
1519 3415 1614 3488 qui
1661 3416 1874 3473 caeteris
1906 3430 2042 3486 pra:-

462 3510 687 3574 cellunt,
714 3520 934 3564 caterva
961 3522 976 3561 :
1002 3507 1056 3562 in
1078 3508 1164 3564 his
1199 3507 1364 3579 igitur
1394 3507 1553 3563 festis
1577 3507 2038 3578 solvejejunium;

464 3601 532 3655 ad
560 3614 716 3656 esum
749 3599 927 3655 solum
952 3599 1159 3664 oleum,
1188 3607 1243 3653 et
1272 3599 1457 3652 vinum
1484 3598 1551 3653 ad
1596 3605 1783 3668 potum
1819 3597 2041 3663 adhibe,

463 3691 558 3747 sed
607 3690 743 3745 nihil
805 3688 954 3745 aliud
1008 3689 1064 3743 in
1126 3689 1213 3742 his
1256 3688 1451 3744 diebus
1505 3688 1706 3751 deliba,
1764 3687 1868 3741 nisi
1925 3686 2042 3741 sola

467 3782 918 3839 Annuntiationis
975 3780 1276 3836 festivitate
1336 3799 1352 3836 :
1414 3780 1794 3835 venerandam
1862 3786 2055 3843 autem.

470 3876 954 3945 honorandamque
1001 3890 1257 3946 magnam
1321 3873 1744 3939 hebdomadam,
1785 3886 1907 3942 quae
1942 3871 2046 3926 Do-

467 3967 603 4022 mini
630 3966 970 4022 salutiferam
1015 3966 1330 4035 passionem
1376 3964 1561 4029 habet,
1632 3963 1785 4019 velut
1836 3962 2042 4017 nullam

466 4060 653 4125 aliam,
681 4060 761 4114 sic
784 4068 834 4113 te
862 4064 1078 4127 oportet
1126 4057 1442 4121 observare,
1494 4056 1780 4125 semelque
1832 4064 2045 4110 tantum

467 4153 524 4203 in
573 4150 678 4204 hac
718 4147 1062 4203 hebdomada
1114 4148 1401 4213 relaxare,
1470 4148 1517 4203 si
1570 4148 1625 4203 in
1682 4163 1791 4203 una
1832 4147 2044 4202 dierum

468 4240 767 4296 reativitatc
803 4239 1081 4305 occurrit;
1142 4238 1491 4295 festivitatem
1521 4251 1703 4295 autem
1742 4239 1888 4294 illam
1924 4238 2047 4293 dico

465 4347 587 4403 qua)
645 4340 809 4401 caput
867 4332 1153 4397 omnium,
1212 4331 1265 4386 in
1326 4348 1433 4402 qua
1496 4331 1739 4402 Virginis
1799 4331 2046 4403 Deiparze

2223 2863 2289 2918 θ’.
2330 2863 2441 2926 Τὰς
2487 2862 2543 2917 δὲ
2592 2864 2784 2925 λοιπὰς
2822 2863 2932 2916 τῶν
2972 2863 3178 2933 ἑορτῶν
3223 2854 3311 2925 αἶς
3356 2861 3506 2914 ἐστιν
3542 2862 3733 2932 ἀργία.

2150 2955 2355 3026 ἀργίαν
2380 2955 2437 3009 δὲ
2466 2956 2629 3011 ποίαν
2658 2955 2802 3026 φημὶ
2830 2954 2936 3009 τῶν
2963 2953 3122 3024 ὡρῶν
3151 2954 3244 3008 καὶ
3277 2953 3373 3006 τού
3404 2952 3567 3022 ἔργου
3591 2968 3604 2980 ·
3637 2951 3733 3004 καὶ

1150 3048 1532 3118 apostolorum
1582 3059 1943 3119 augustorum
1989 3059 2042 3106 et

2148 3048 2295 3114 τίνες
2329 3048 2389 3103 δὲ
2437 3049 2802 3121 ὑπάρχουσιν,
2840 3046 3246 3119 ἀπαριθμῶμαι
3291 3047 3419 3117 ἤδη.
3447 3044 3570 3099 Τῶν
3598 3045 3736 3099 ἀπο-

2148 3140 2354 3195 στόλων
2391 3140 2504 3195 τῶν
2533 3139 2750 3193 σεπτῶν
2789 3140 2885 3193 καὶ
2918 3136 3143 3209 μυστῶν
3166 3136 3262 3190 τοῦ
3297 3134 3533 3206 Κυρίου,
3565 3136 3599 3204 ή
3630 3135 3735 3188 δωο

2144 3234 2309 3299 δεκὰς
2339 3235 2374 3306 ή
2417 3231 2713 3303 θαυμαστὴ
2743 3231 2840 3285 καὶ
2873 3232 3144 3301 πάντιμος
3186 3228 3282 3282 καὶ
3323 3228 3466 3296 θεία,
3499 3228 3595 3281 καὶ
3620 3228 3736 3281 civ

2149 3322 2450 3397 μαρτύρων
2478 3321 2590 3376 τῶν
2637 3321 2907 3393 στεῤῥῶν,
2938 3312 3015 3374 ὧν
3036 3319 3237 3390 ἐξόχως
3269 3318 3326 3371 αί
3359 3318 3594 3389 μνῆμαι,
3631 3317 3733 3371 σὺν

2144 3418 2359 3483 τούτοις
2400 3417 2511 3471 τῶν
2550 3415 2838 3489 ίεραρχῶν-
2872 3413 2967 3468 καὶ
3003 3410 3422 3484 ίερομαρτύρων
3470 3410 3731 3480 ἀσκητῶν

2147 3513 2180 3582 ἡ
2219 3511 2493 3583 ὁμήγυρις
2530 3509 2876 3579 προεχόντων
2895 3505 3004 3561 τῶν
3025 3504 3222 3560 ἄλλων.
3265 3504 3356 3557 Ἐν
3376 3502 3607 3567 ταύταις
3635 3498 3732 3557 οὖν

2146 3604 2270 3665 ταῖς
2299 3601 2516 3671 ἑορταῖς
2548 3598 2710 3652 ἔκλυε
2745 3598 2846 3667 τήν
2867 3594 3141 3667 ςνηστείαν
3164 3609 3181 3627 ο
3215 3594 3297 3657 είς
3320 3592 3529 3664 βρῶσιν
3568 3595 3730 3665 μόνον

2147 3697 2330 3752 ἔλαιον
2363 3696 2463 3750 καὶ
2508 3697 2588 3758 είς
2625 3694 2727 3766 τήν
2764 3693 2925 3747 πόσιν
2950 3686 3118 3755 οἶνον,
3143 3689 3272 3746 ἄλλο
3297 3689 3354 3743 δέ
3392 3706 3446 3744 τι
3491 3690 3566 3761 μή
3594 3687 3726 3758 ἅψαι

2147 3791 2207 3844 ὲν
2242 3788 2470 3851 ταύταις
2502 3787 2623 3847 ταῖς
2651 3784 2911 3855 ήμέραις,
2950 3783 3000 3836 εί
3049 3780 3126 3852 μὴ
3164 3779 3259 3835 τοῦ
3311 3778 3723 3850 Εύαγγελισμοῦ

2147 3880 2247 3953 τὴν
2278 3880 2475 3951 ἑορτὴν
2510 3880 2606 3930 καὶ
2638 3877 2833 3948 μόνην.
2865 3876 2979 3944 Τήν
3010 3874 3066 3927 δὲ
3094 3873 3301 3946 σεπτήν
3341 3872 3434 3927 καὶ
3462 3873 3731 3941 πάντιμον

2152 3970 2400 4043 μεγάλην
2448 3968 2740 4039 ἐόδομάδα,
2777 3967 2854 4031 ὡς
2883 3964 2980 4021 τοῦ
3023 3964 3231 4035 Κυρίου
3264 3963 3497 4034 ἔχουσαν
3532 3962 3593 4016 τὺ
3627 3978 3734 4015 σω-

2150 4065 2341 4134 τήριον
2364 4061 2559 4125 πάθος,
2587 4059 2763 4123 οὕτως
2797 4075 2858 4110 σε
2882 4059 2965 4112 δεῖ
2991 4057 3333 4126 φυλάξασθαι
3371 4057 3447 4121 ὡς
3471 4055 3733 4127 οὐδεμίαν

2148 4156 2342 4225 ἀλλην
2371 4153 2521 4218 ἅπαξ
2547 4153 2642 4206 καὶ
2667 4152 2831 4223 μόνον
2859 4150 3019 4204 λῦσαι
3045 4150 3126 4203 δεῖ
3152 4153 3217 4221 τῇ
3246 4149 3499 4221 ἐόδομάδι
3531 4149 3731 4221 ταύτῃ,

2152 4249 2200 4303 εί
2228 4251 2285 4301 ἐν
2318 4248 2420 4319 μιᾷ
2448 4246 2556 4300 τῶν
2582 4244 2808 4317 ήμερῶν
2841 4245 3000 4315 ἑορτῇ
3047 4245 3378 4315 ἀπαντήσει.
3423 4244 3653 4315 Ἐορτὴν
3675 4245 3735 4297 δὲ

2153 4341 2316 4395 ποίαν
2350 4340 2513 4411 φημὶ,
2557 4338 2655 4409 τήν
2693 4336 2938 4407 κεφαλήν
2971 4337 3252 4403 ἁπάντων,
3296 4339 3354 4389 ὲν
3448 4338 3475 4389 ό
3499 4339 3737 4406 εὐαγγε-

464 4424 771 4478 celebratur
815 4423 1197 4492 Annuntiatio;
1258 4434 1570 4479 nontamen
1598 4424 1795 4492 pisces,
1828 4430 1889 4477 ut
1916 4423 2042 4491 qui-

2151 4433 2346 4504 λισμὸς
2392 4433 2493 4501 τῆς
2543 4431 2809 4485 Θεοτόκου
2864 4430 3081 4501 Κόρης·
3118 4430 3233 4483 ἀλλ’
3282 4430 3383 4482 οὐκ
3422 4429 3614 4500 ίχθύας
3656 4428 3735 4493 ὣς

462 4521 614 4583 dam,
645 4517 975 4581 adhibendo,
1038 4515 1132 4572 sed
1187 4518 1366 4573 oleum
1426 4526 1482 4571 et
1544 4517 1752 4570 vinum.
1807 4513 2045 4569 Caateras

466 4621 648 4666 autem
710 4611 828 4666 dies
880 4625 1350 4681 supervacaneum
1428 4618 1512 4664 est
1577 4608 1901 4679 designare;
1961 4606 2048 4661 vel

463 4704 665 4774 patius,
691 4705 735 4759 si
773 4712 951 4772 potes,
991 4703 1207 4757 duabus
1238 4700 1404 4756 simul
1429 4699 1727 4769 adjunctis,
1752 4713 2047 4769 paraseeve

458 4810 512 4853 et
571 4796 810 4852 Sahbato
838 4796 1046 4864 absque
1104 4795 1230 4851 cibo
1292 4807 1639 4862 permaneas,
1674 4805 1851 4863 usque
1912 4792 2044 4846 dum

459 4904 618 4945 sacra
644 4887 867 4958 liturgia
898 4886 1061 4941 ﬁnem
1095 4886 1292 4941 habeat
1323 4895 1377 4939 et
1427 4894 1558 4939 tunc
1589 4898 1812 4939 vescere
1841 4883 2048 4953 gratias

456 4997 624 5048 agens
693 4981 946 5034 Domino.
1004 4977 1144 5034 Ecce
1197 4976 1516 5047 supervenit
1565 4976 1683 5032 dies
1727 4976 2045 5040 adoranda,

462 5070 673 5127 Christi
730 5070 1094 5135 resurrectio,
1126 5066 1366 5123 ﬁdelium
1416 5068 1603 5124 laetitia
1643 5090 1656 5123 :
1719 5069 2047 5136 procult-ans

464 5163 613 5218 enim
646 5172 878 5219 mortem
914 5172 976 5215 ut
1009 5161 1153 5215 Deus
1178 5169 1233 5215 et
1265 5161 1553 5226 Dominus,
1609 5163 1852 5216 surrexit
1888 5162 2045 5215 tertia

463 5257 551 5309 die
604 5256 749 5311 sicut
806 5256 936 5310 olim
996 5254 1345 5323 prmdixerat.
1397 5255 1547 5309 Exue
1598 5256 1768 5325 igitur
1826 5264 1881 5311 et
1931 5256 2047 5323 ipse

455 5346 753 5416 lugubrem
787 5355 995 5401 vestem
1020 5355 1073 5400 et
1101 5345 1369 5416 jejunium
1402 5363 1555 5403 cessa
1586 5366 1598 5403 :
1643 5357 1860 5404 nonest
1894 5349 2039 5403 enim

455 5435 750 5508 jejunium,
800 5439 897 5493 sed
941 5438 1231 5495 exsultatio
1277 5441 1652 5511 gaudiumque
1703 5442 1851 5512 quod
1892 5456 2039 5497 nunc

457 5532 743 5587 nionachis
769 5532 1050 5588 camenit.

529 5623 618 5678 10.
645 5623 758 5680 Hoc
780 5624 833 5679 in
870 5625 991 5681 loco
1020 5627 1225 5697 aliquid
1257 5644 1322 5682 ex
1356 5630 1789 5699 sapientissimis
1819 5632 2035 5688 aureis-

2148 4542 2318 4590 τινες,
2378 4524 2494 4578 ἀλλ’
2534 4523 2717 4577 ἔλαιον
2766 4523 2861 4576 καὶ
2916 4518 3082 4579 οἶνον.
3129 4521 3240 4585 Τάς
3286 4521 3342 4575 δὲ
3388 4521 3582 4585 λοιπὰς
3620 4522 3734 4576 τῶν

2155 4618 2382 4691 ἡμερῶν
2446 4618 2721 4688 παρέλκον
2771 4617 2890 4670 ἐστὶ
2930 4616 3189 4688 γράφειν.
3221 4617 3441 4671 Μᾶλλον
3477 4617 3577 4685 μὲν
3615 4616 3732 4683 οὖν,

2149 4712 2198 4764 εί
2224 4711 2472 4773 δύνασαι,
2523 4709 2620 4773 τὰς
2651 4708 2746 4762 δύο
2794 4724 2885 4777 μοι
2913 4708 3180 4779 συνάψας,
3233 4704 3595 4779 παρασκευὴν
3638 4710 3733 4761 καὶ

2149 4801 2431 4857 Σάὸὄατον
2453 4800 2639 4863 άσιτος
2664 4799 3101 4871 διαμείνῃς,ιὲως
3125 4798 3277 4861 τέλος
3306 4799 3525 4867 δέξηται
3549 4800 3580 4869 ή
3615 4799 3733 4853 θεία

2149 4893 2487 4964 λειτουργία,
2512 4892 2609 4946 καὶ
2634 4890 2807 4955 οὕτως
2833 4890 3115 4964 ἐστιάθητι
3146 4890 3491 4961 εὐχαριστῶν
3516 4888 3729 4959 Κυρίορ.

2162 4988 2296 5041 Ἰδοὺ
2346 4986 2535 5042 λοιπὸν
2579 4986 2889 5057 ἐφέστηκεν
2935 4986 3119 5055 ἡμέρα
3160 4984 3520 5055 λατροφόρος,
3568 4987 3601 5054 ή
3634 4983 3731 5037 τιιῦ

2150 5080 2389 5152 Χριστοῦ
2431 5080 2777 5144 ’Λνάστασις,
2821 5077 3036 5131 πιστῶν
3080 5079 3113 5147 ή
3165 5077 3473 5146 εὐφροσύνη
3500 5094 3513 5107 ·
3557 5077 3731 5144 πατήρ

2152 5188 2252 5236 σας
2298 5171 2407 5242 γάρ
2456 5170 2548 5224 τὸν
2595 5169 2825 5223 θάνατον
2856 5169 2932 5233 ὡς
2963 5168 3095 5231 Θεὸς
3131 5169 3225 5223 καὶ
3264 5168 3568 5237 Δεσπότης,
3606 5165 3733 5232 ἐξα.

2148 5268 2312 5333 νέστη
2356 5265 2679 5337 τριήμερος,
2714 5262 2907 5333 ὥσπερ
2947 5261 3117 5316 πάλαι
3169 5264 3451 5331 προεῖπεν.
3496 5259 3729 5312 Ἀπόθου

2147 5358 2328 5412 τοίνυν
2360 5357 2454 5409 καὶ
2485 5356 2651 5420 αὐτὸς
2685 5357 2777 5411 τὸν
2816 5355 3062 5426 πενθήρη
3105 5354 3333 5425 χιτῶνα,
3367 5353 3466 5407 καὶ
3503 5351 3602 5421 τὴν
3633 5367 3723 5419 νη-

2148 5451 2332 5503 στείαν
2358 5449 2644 5519 σχόλασον.
2672 5450 2788 5503 Οὐκ
2819 5448 2938 5501 ἔστι
2964 5449 3073 5521 γὰρ
3096 5448 3342 5518 νηστεία,
3377 5444 3491 5499 ἀλλ’
3528 5446 3721 5516 εὐφρο-

2148 5538 2281 5610 σύνη
2311 5541 2407 5592 καὶ
2431 5541 2577 5609 χαρὰ
2612 5540 2689 5602 ὡς
2717 5542 2973 5610 μοναχοῖς
3008 5538 3259 5610 ἁρμόζει.

2221 5632 2272 5689 ι’.
2322 5636 2595 5691 Ἐνταῦθα
2623 5635 2678 5689 δὲ
2702 5635 2998 5705 γενόμενος
3030 5631 3295 5705 βούλομαί
3317 5650 3371 5687 τι
3403 5630 3725 5704 προσθεῖναι

460 5728 566 5780 que
594 5715 973 5778 Chrvsostomi
1013 5722 1364 5777 sermonibus
1404 5737 1701 5792 excerpere
1733 5724 1855 5781 volo
1888 5726 2029 5781 :etsi

2148 5728 2207 5782 ἑκ
2228 5726 2336 5781 τῶν
2370 5727 2667 5793 πανσόφων
2702 5729 2798 5781 καὶ
2827 5726 3044 5793 γρυπῶν
3082 5727 3257 5792 λόγων
3284 5723 3380 5781 τοῦ
3409 5723 3724 5781 Χουσοστό-
