4094 6398
373 394 481 459 401

1618 400 1716 461 DE
1755 401 1935 463 VlTA
1970 398 2310 462 MONASTI
2321 400 2439 463 CA.

3533 405 3649 463 402

382 518 515 571 μου.
554 504 792 569 Ἐκεῖνος
824 504 934 575 γάρ
963 505 1267 576 ἐφθέγξατο
1294 507 1373 572 είς
1398 507 1497 563 ἕνα
1520 508 1726 563 τούτων
1750 510 1925 573 οὑτως
1950 525 1960 541 ·

2072 513 2137 567 ad
2199 512 2430 567 istorum
2487 526 2657 567 unum
2719 510 2994 568 clamabat
3035 511 3393 569 :Vencrandi
3447 511 3640 583 ieiunii

376 593 447 646 Εἰ
502 594 598 648 καὶ
629 595 913 666 παρῆλθεν
950 599 980 650 ό
1020 599 1211 669 καιρὸς
1239 600 1340 668 τῆς
1385 599 1656 671 παντίμου
1686 602 1961 672 νηστείας,

370 683 499 737 ἀλλ’
527 685 561 753 ἡ
603 684 775 752 αὑτῆς
808 684 1051 753 ὠφέλεια
1080 689 1141 739 ἐν
1169 688 1304 757 ἡμῖν
1332 687 1421 741 ἀεὶ
1450 687 1623 741 ἔστω·
1648 687 1774 743 ὅθεν
1806 688 1965 757 κὰγώ

372 791 464 827 σοι
498 775 787 847 παραινῶν
814 771 926 829 ὧδέ
961 796 1078 841 πως
1111 781 1330 849 γράφω·
1360 780 1421 832 ΕΞ
1452 781 1593 849 τάχα
1627 782 1720 836 καὶ⁸
1756 782 1966 852 παρῆλ-

370 866 472 919 θεν
503 868 533 920 ὁ
577 868 680 937 τῆς
712 869 968 939 νηστείας
1004 870 1217 941 χρόνος,
1248 871 1387 924 ἀλλὰ
1412 873 1510 943 τῆς
1545 872 1872 944 ἐγκρατείας
1901 891 1965 942 γε

368 957 740 1027 παρέδραμεν
778 957 889 1011 οὐδ’
917 958 1076 1025 ὅλως,
1122 960 1218 1013 καὶ
1247 961 1330 1013 δεῖ
1371 979 1430 1014 σε
1468 961 1675 1034 ταύτην
1704 963 1965 1033 ἀσφαλῶς

364 1048 449 1111 ὡς
468 1046 695 1117 τιθηνὸν
725 1047 974 1119 κατέχειν
994 1064 1009 1080 ·
1054 1051 1159 1103 κᾶν
1187 1051 1372 1125 διέλθῃ
1408 1053 1439 1123 ὴ
1491 1054 1732 1125 ἑϐδομὰς
1758 1057 1858 1126 τῆς
1885 1056 1960 1108 δι’

369 1138 739 1210 ἀκινησίμου,
793 1143 1239 1211 μονοπροσώπως
1289 1144 1528 1212 φύλαττε
1575 1148 1811 1217 τετράδα
1866 1150 1963 1202 καὶ

368 1229 478 1303 τὴν
514 1230 708 1300 ἕκτην.
741 1231 925 1302 Τυροῦ
955 1233 1165 1305 ἀπέχου
1195 1236 1290 1289 καὶ
1322 1236 1459 1304 ὠοῦ,
1491 1240 1588 1293 καὶ
1614 1240 1725 1293 τῶν
1755 1240 1962 1296 λοιπῶν

376 1320 612 1393 μηκέτι,
673 1321 791 1374 ἀλλ’
843 1321 934 1374 ἔσο
990 1322 1085 1377 νῦν
1135 1326 1427 1397 ἐλεύθερος
1461 1329 1520 1381 ἐν
1568 1329 1797 1393 ταύταις
1838 1331 1960 1395 ταῖς

370 1415 653 1487 ἡμέραις’
684 1414 913 1484 νηστεία
941 1415 1052 1485 γὰρ
1081 1417 1141 1469 οὑ
1188 1416 1502 1488 γέγραπται
1539 1420 1665 1473 οὐδὲ
1709 1421 1963 1489 γονυκλι-

370 1510 496 1562 σέαο
540 1506 755 1571 ταύτας
788 1507 900 1579 γάρ
931 1509 1032 1572 τὰς
1067 1512 1410 1580 πεντήκοντα
1435 1513 1484 1564 οἱ
1531 1511 1679 1582 ἆγιοι
1715 1514 1963 1584 Πατέρες

370 1598 812 1662 ἀνακυκλοῦντες
875 1599 1086 1671 ἔφησαν
1149 1597 1364 1672 ἡμέραν
1423 1598 1563 1656 εἶναι
1625 1602 1774 1674 μίαν.
1824 1605 1962 1676 Περὶ⁵

374 1694 584 1748 τούτων
627 1693 687 1747 δὲ
732 1693 921 1747 λοιπὸν
971 1694 1273 1764 ἀρκέσθητι
1319 1696 1595 1763 ἐνταῦθα.
1633 1698 1808 1764 ’Δγὼν
1853 1699 1962 1770 γάρ

386 1802 479 1855 μοι
506 1784 778 1838 ἐπίκειται
813 1784 978 1839 πάλιν
1018 1784 1271 1839 ἐντεῦθεν
1305 1786 1486 1854 ἄλλος,
1518 1790 1575 1843 αί
1609 1789 1704 1841 δύο
1750 1791 1961 1842 Τεσσα-

393 1873 653 1943 pauos-tul.
676 1873 1123 1944 κατελείφθησαν
1175 1874 1350 1939 οὕτως
1372 1893 1385 1907 ’
1441 1877 1643 1945 μᾶλλον
1675 1881 1769 1932 καὶ
1800 1882 1834 1951 ή
1868 1879 1963 1934 τὸν

390 1961 675 2031 αὖγουστον
706 1960 1009 2033 τελουμένη
1034 1965 1282 2034 νηστεία,
1311 1966 1377 2037 ἢν
1407 1968 1593 2022 πολλοὶ
1626 1964 1959 2039 ἁϐροδίαιτοι

379 2054 726 2107 διαϐάλλουσι
751 2054 987 2124 πάμπαν
1019 2072 1032 2086 ⁶
1072 2059 1167 2110 καὶ
1196 2075 1260 2111 πε
1272 2059 1324 2129 pl.
1351 2061 1561 2115 τούτων
1583 2062 1664 2115 δεῖ
1684 2066 1861 2116 εἰπεῖν
1885 2066 1961 2129 ὼς

368 2148 601 2202 δυνατὸν
653 2148 926 2218 ὑπᾶρχεν
977 2148 1072 2203 καὶ
1127 2151 1393 2223 πρότερον
1437 2154 1773 2226 δηλώσωμεν
1828 2160 1960 2228 περὶ

366 2239 484 2294 τῶν
534 2241 776 2311 Χριστοῦ
819 2242 1050 2309 γεννῶν.
1084 2245 1411 2314 Παράδοσιν“
1442 2245 1711 2318 ἐλάϐομεν
1757 2250 1823 2302 ἐκ
1850 2251 1959 2306 τῶν

363 2331 616 2387 ἔκπαλαι
682 2334 893 2403 χρόνων
930 2335 991 2387 ἐν
1022 2335 1195 2408 ταύτῃ
1243 2339 1308 2408 τῇ
1346 2344 1765 2413 τεσσαρακοστῇ
1801 2359 1960 2412 μονο-

362 2429 555 2483 σιτίαν
611 2427 781 2498 ἔχειν,
825 2429 942 2483 ἀλλ’
989 2429 1100 2484 οὐδ’
1153 2426 1353 2502 ἰχθύων
1410 2433 1684 2490 ἅπτεσθαι
1729 2438 1787 2490 ὲν
1837 2440 1960 2502 ταῖς

359 2520 555 2591 τρισὶν
581 2519 847 2594 ἡμέραις,
880 2519 1167 2588 δευτέραν,
1200 2521 1418 2591 τρίτην.
1451 2523 1613 2591 Λέγω
1632 2523 1696 2596 δὴ
1734 2527 1831 2579 σὺν
1862 2528 1963 2580 αὖ..

361 2616 488 2677 ταῖς
512 2612 611 2666 καὶ
644 2610 746 2681 τὴν
770 2616 831 2674 ε’,
857 2610 1093 2680 τετράδα
1115 2613 1210 2665 καὶ
1237 2614 1621 2684 παρασκευὴν,
1644 2615 1745 2669 οὑκ
1776 2615 1956 2671 ἔλαιον

363 2705 471 2760 ειὺκ
496 2699 644 2759 οἶνον
670 2704 939 2775 Σαϐϐάτῳ
970 2706 1065 2759 καὶ
1099 2703 1351 2777 κυριακῇ
1383 2706 1688 2777 λαμϐάνειν
1717 2708 1953 2773 πάντως.

365 2799 484 2852 Καὶ
518 2796 641 2861 ἃλις
669 2795 775 2868 ’μὲν
816 2799 945 2867 περὶ
985 2797 1157 2869 αὑτῆς
1183 2811 1197 2827 ο
1228 2797 1290 2850 οὑ
1322 2796 1433 2869 γὰρ
1473 2798 1558 2851 δεῖ
1605 2798 1767 2853 πλέον
1818 2801 1960 2870 γρά-

367 2909 521 2962 φειν.

448 2982 542 3041 ια’.
592 2984 836 3056 Ἀνάγκη
864 2984 1043 3038 τοίνυν
1059 2983 1293 3038 διελθεῖν
1323 2984 1454 3056 περὶ
1475 2984 1586 3037 τῶν
1603 2983 1954 3041 τελευταίων.

370 3075 648 3147 Συνήθεια
691 3076 1040 3147 κεκράτηκεν
1070 3077 1127 3128 ὲν
1156 3076 1279 3139 ταῖς
1312 3076 1594 3145 νηστείαις
1622 3076 1850 3139 ταύταις
1874 3076 1957 3140 δὶς

2068 614 2280 671 tempus
2307 604 2409 660 etsi
2433 602 2715 674 prmteriit,
2748 604 2896 660 illius
2934 602 3140 659 utilitas
3162 604 3215 657 in
3247 605 3400 659 nobis
3423 620 3643 676 semper

2066 705 2304 751 maneat.
2335 695 2485 752 Unde
2503 706 2557 751 et
2576 712 2675 768 ego
2704 697 2958 752 similiter
2978 698 3276 753 adhortans
3297 697 3390 752 tibi
3420 699 3599 754 scribo
3624 719 3638 753 :

2066 791 2113 842 si
2171 787 2309 842 forte
2343 789 2611 857 praeteriit
2668 788 2865 859 ieiunii
2926 797 3179 859 tempus,
3240 799 3478 843 attamen
3532 795 3640 844 non

2065 879 2294 935 omnino
2321 880 2697 950 temperantiae
2723 880 2943 935 transiit
2998 897 3013 935 :
3058 881 3202 935 hanc
3233 889 3285 935 te
3331 895 3546 949 semper
3584 890 3647 934 ut

2065 970 2331 1024 nutricem
2393 978 2609 1040 oportet
2658 984 3005 1025 conservare.
3057 970 3173 1026 Etsi
3258 971 3396 1024 abiit
3431 970 3642 1024 hebdo-

2065 1061 2225 1115 maila
2265 1061 2459 1132 ieiunii
2504 1063 2556 1139 in
2597 1063 2854 1118 absoluto
2908 1062 3024 1117 otio
3068 1061 3433 1116 nihilominus
3481 1076 3645 1132 quar-

2067 1158 2173 1205 tam
2240 1160 2295 1205 et
2348 1160 2555 1206 sextam
2613 1154 2757 1207 diem
2806 1151 3018 1207 custodi
3065 1169 3080 1205 :
3151 1167 3181 1204 a
3236 1166 3397 1206 caseo
3439 1160 3491 1206 et
3541 1166 3646 1205 ovo

2064 1244 2297 1310 abstine,
2324 1258 2422 1299 nec
2456 1255 2635 1300 tamen
2685 1261 2714 1299 a
2741 1246 2989 1313 caeteris;
3020 1260 3145 1299 nam
3204 1245 3258 1298 in
3317 1244 3403 1299 his
3451 1243 3645 1297 diebus

2066 1334 2200 1390 liber
2254 1344 2395 1391 esto.
2453 1336 2569 1392 Non
2653 1338 2797 1391 enim
2858 1336 3127 1407 ieiunium
3185 1351 3283 1389 nec
3340 1334 3645 1405 genuﬂexin

2064 1428 2487 1497 praescribitur:
2529 1429 2650 1484 illas
2713 1430 2857 1483 enim
2910 1429 3301 1499 quinquaginta
3354 1428 3512 1489 dies,
3589 1427 3642 1479 in

2065 1521 2250 1576 orbem
2303 1521 2651 1585 reducentes,
2699 1521 2877 1576 sancti
2931 1522 3120 1576 Patres
3170 1536 3335 1576 unam
3392 1519 3621 1573 diserun

2064 1627 2186 1668 esse
2211 1613 2353 1668 diem
2395 1631 2413 1667 :
2445 1622 2703 1669 caeterum
2757 1629 2923 1696 super
2952 1613 3038 1669 his
3067 1614 3339 1681 satisjam
3372 1612 3636 1666 diximus.

2065 1707 2224 1762 Aliud
2264 1707 2408 1760 enim
2436 1706 2776 1776 propositum
2821 1721 2908 1761 me
2939 1715 3143 1769 manet.
3179 1708 3301 1760 dua:
3329 1705 3645 1775 Quadragc-

2066 1797 2219 1848 simtu
2254 1809 2375 1863 qua:
2426 1794 2506 1850 sic
2545 1793 2677 1847 mihi
2711 1794 3054 1863 superfuere,
3093 1794 3397 1862 praesertim
3458 1804 3641 1847 autem

2068 1896 2450 1945 consecratum
2483 1891 2537 1943 in
2590 1897 2824 1961 augusto
2861 1888 3157 1958 jejunium,
3191 1889 3335 1956 quod
3370 1888 3521 1940 multi
3551 1887 3646 1941 de-
3727 1892 3731 1896 '

2068 1980 2232 2036 licate
2280 1983 2525 2036 viventes
2578 1966 2809 2052 prorsus
2883 1981 3162 2051 reiiciunt.
3219 1982 3292 2035 De
3344 1980 3429 2034 bis
3479 1981 3642 2033 etiam

2068 2070 2297 2125 facultas
2378 2072 2724 2127 attribuenda
2778 2074 2903 2128 erit.
2992 2071 3236 2125 Primum
3318 2072 3385 2127 de
3442 2071 3644 2126 Christi

2065 2160 2351 2218 Natalibus
2377 2165 2905 2234 argumentabimur.
2947 2162 3022 2218 Ex
3061 2165 3257 2233 priscis
3306 2164 3652 2233 temporibus

2066 2253 2410 2309 traditionem
2436 2255 2752 2325 accepimus
2784 2257 2837 2308 in
2878 2255 2977 2310 hac
3001 2253 3439 2328 Quadragesima
3477 2268 3643 2307 unam

2066 2341 2270 2398 habere
2295 2358 2532 2408 scenam,
2590 2345 2838 2415 piscibus
2868 2359 2975 2399 non
3009 2343 3153 2398 vesci
3189 2343 3274 2397 his
3319 2342 3643 2398 tribus-die-

2065 2433 2166 2490 bus
2196 2474 2212 2496 ,
2242 2436 2481 2490 secunda
2506 2476 2520 2499 ,
2557 2438 2717 2492 tertia
2778 2445 2831 2491 et
2884 2437 3111 2507 quinta;
3149 2437 3351 2506 quibus
3405 2435 3649 2505 adiungo

2065 2534 2341 2594 quartam,
2386 2536 2709 2598 sextamque
2735 2514 2921 2595 diem;
2968 2529 3148 2585 oleum
3196 2537 3251 2583 et
3286 2527 3471 2583 vinum
3511 2526 3649 2582 Sab-

2065 2619 2193 2673 bato
2250 2628 2304 2673 et
2335 2619 2617 2675 Dominica
2663 2635 2892 2690 prorsus
2955 2637 3064 2675 non
3128 2636 3367 2676 sumere.
3423 2621 3500 2675 De
3540 2620 3651 2675 hac

2066 2718 2250 2764 autem
2283 2710 2418 2765 satis
2446 2727 2460 2763 :
2494 2710 2630 2765 nihil
2661 2710 2807 2766 enim
2832 2711 2945 2779 iam
2973 2694 3323 2767 scribendum
3378 2719 3571 2765 restat.

2138 2994 2229 3051 Η.
2280 2991 2520 3051 Necesse
2570 2986 2737 3066 igitur
2784 3002 2882 3049 est
2920 2993 2986 3048 ad
3027 3003 3326 3049 extremam
3390 2994 3655 3074 devenire

2076 3083 2587 3154 Quadragesimam.
2620 3082 2678 3140 In
2711 3083 2796 3139 his
2849 3083 3077 3153 ieiuniis
3113 3097 3233 3138 mos
3282 3084 3513 3138 invaluit
3560 3085 3645 3139 bis

367 3170 473 3239 τῆς
518 3168 739 3240 ἡμέρας
785 3167 1010 3236 ἐσθίειν,
1051 3168 1153 3222 οὑκ
1183 3164 1283 3222 οἷδ’
1317 3168 1856 3239 ὅθενλαμϐάνοντες,
1878 3165 1959 3223 οἳ·

2067 3175 2121 3231 in
2169 3176 2259 3232 die
2319 3176 2598 3242 vescendi,
2639 3192 2804 3246 quem
2841 3179 2986 3232 unde
3038 3178 3376 3248 sumpserint
3436 3180 3643 3244 nescio,

374 3279 476 3331 μαι
496 3260 557 3314 δὲ
584 3260 673 3313 διὰ
692 3259 785 3313 τὸν
816 3259 1008 3330 καιρὸν
1038 3258 1170 3314 ὄντα
1187 3258 1440 3330 καυσώδη
1462 3260 1604 3315 τότε.
1643 3259 1783 3314 Ἀλλ’
1801 3261 1864 3314 οὑ
1889 3263 1954 3333 τῇ

2066 3280 2198 3342 puto
2230 3271 2360 3342 quia
2407 3282 2538 3328 tunc
2585 3281 2800 3342 tempus
2848 3271 3131 3328 fervidum
3193 3282 3295 3327 est.
3330 3271 3435 3328 Sed
3485 3275 3645 3330 nobis

373 3354 645 3426 συνηθείᾳ
664 3355 747 3407 δεῖ
771 3354 1067 3424 προσέχειν
1097 3354 1243 3424 ἡμᾶς
1273 3353 1430 3418 ὅλως,
1475 3354 1595 3407 οὐδὲ
1627 3355 1687 3407 τὸ
1718 3355 1833 3419 πῶς
1861 3356 1954 3410 καὶ

368 3450 461 3501 διὰ
487 3447 545 3500 τί
570 3448 875 3517 πράττεται
901 3447 1021 3499 τόδε
1045 3446 1246 3513 λέγειν,
1274 3445 1389 3507 ἀλλ’
1417 3448 1647 3518 ὲριευνᾷν
1676 3448 1772 3501 καὶ
1800 3450 1955 3521 ἀκρι-

370 3539 507 3594 ϐοῦν
554 3538 683 3600 τοὺς
715 3538 908 3606 λόγους
961 3537 1069 3591 τῶν
1110 3538 1374 3608 Πατέρων
1418 3541 1510 3592 καὶ
1546 3540 1674 3603 τοὺς
1723 3544 1958 3606 κανόνας

367 3632 481 3685 τῶν
543 3630 728 3700 σοφῶν
765 3632 860 3683 καὶ
915 3628 1077 3683 θείων
1104 3628 1441 3695 ἀποστόλων,
1497 3630 1564 3683 δι’
1606 3625 1683 3685 ὧν
1725 3634 1820 3687 καὶ
1868 3634 1959 3688 τὸν

372 3722 652 3793 ἡμέτερον
678 3720 853 3785 οὕτως
885 3720 998 3791 βίον
1027 3719 1337 3792 ῥυθμίζειν.
1366 3721 1558 3792 Ὅμως
1589 3723 1638 3775 εί
1666 3722 1765 3794 τὴν
1799 3723 1962 3795 ἀκρί-

320 3829 334 3838 ·
369 3816 533 3867 ϐειαν
583 3814 678 3865 καὶ
732 3811 941 3866 τούτων
991 3810 1138 3882 ἔχειν
1188 3811 1384 3876 θέλεις,
1436 3812 1675 3883 ζήτησον
1731 3812 1962 3868 δπισθεν

374 3903 581 3972 μικρὸν
610 3903 669 3954 ἐν
697 3904 764 3972 τῇ
814 3901 924 3956 τῶν
959 3902 1201 3973 Χριστοῦ
1228 3903 1459 3971 γεννῶν,
1499 3904 1663 3957 κάκεῖ
1705 3904 1962 3976 εὑρήσεις

370 3996 398 4048 ὃ
431 3998 652 4067 ζητεῖς,
688 3996 781 4048 καὶ
817 3995 956 4066 ὅπερ
989 3994 1194 4066 βούλει,
1225 3996 1459 4065 πρᾶττε.

442 4094 538 4164 ιβ’.
584 4091 850 4145 Ἐνταῦθα
888 4070 1199 4161 ἐϐουλόμην
1230 4090 1327 4144 νῦν
1358 4090 1717 4147 καταπαῦσαι
1747 4092 1838 4145 τὸν
1870 4090 1959 4145 λόο

368 4205 492 4255 γον,
527 4185 668 4241 ἀλλά
693 4183 784 4255 βία
820 4202 912 4256 μοι
942 4184 1210 4255 πρόσεστι
1243 4184 1419 4254 μικρά
1459 4200 1583 4238 τινα
1613 4183 1958 4255 προσθεῖναι.

366 4282 603 4335 Δέδοικα
639 4279 699 4333 δὲ
752 4279 827 4349 μὴ
860 4277 1123 4349 φορτικὸς
1171 4276 1434 4348 φανῶμαί
1481 4293 1564 4330 σοι
1601 4279 1660 4331 ἐν
1703 4276 1917 4338 τούτοις
1940 4290 1956 4307 ·

368 4372 736 4444 γονυκλισίας
762 4372 842 4425 δεῖ
868 4373 1047 4426 ποιεῖν
1076 4372 1258 4433 πάντα
1291 4370 1384 4424 τὸν
1416 4371 1611 4441 χρόνον
1632 4369 1775 4433 ὅλον,
1809 4371 1858 4423 εί
1884 4371 1958 4441 μή

369 4486 475 4522 που
512 4466 672 4539 τύχοι
706 4467 869 4536 ἑορτὴ
900 4465 1159 4536 νηστείας
1187 4464 1262 4533 μὴ
1310 4462 1596 4534 παρούσης
1630 4464 1690 4515 ὲν
1728 4456 1763 4536 ᾖ
1791 4463 1960 4531 ἀργία

2068 3377 2296 3432 prorsus
2327 3378 2435 3417 non
2484 3372 2570 3418 est
2626 3362 3008 3418 consuetudini
3065 3363 3491 3428 attendendum,
3548 3379 3647 3417 nec

2066 3454 2345 3525 quomodo
2386 3466 2480 3510 aut
2536 3470 2637 3510 cur
2692 3453 2837 3509 istud
2887 3461 3082 3522 agatur
3136 3451 3448 3516 dicendum.
3507 3452 3649 3508 bene

2068 3561 2198 3600 vero
2225 3545 2585 3602 scrutandum
2624 3561 2687 3602 ac
2713 3546 3131 3617 disquirendum
3184 3545 3510 3599 documenta
3542 3545 3648 3598 Pa-

2068 3647 2236 3704 trum,
2263 3654 2474 3695 necnon
2518 3639 2829 3709 sapientum
2859 3638 3220 3704 divorumque
3262 3636 3645 3704 apostolorum

2068 3741 2330 3795 canones,
2351 3727 2552 3798 quibus
2581 3729 2687 3782 vita
2734 3736 2925 3783 nostra
2965 3726 3301 3782 instituenda
3336 3736 3438 3782 est.
3488 3727 3648 3781 Atta-

2068 3837 2193 3878 men
2237 3821 2286 3877 si
2334 3822 2423 3878 vis
2462 3822 2678 3877 illorum
2728 3821 2926 3875 habere
2969 3830 3282 3874 accuratam
3340 3820 3645 3881 notionem,

2068 3912 2290 3984 require
2318 3914 2481 3983 paulo
2504 3912 2758 3983 superius
2790 3913 2844 3967 in
2876 3913 3090 3985 ieiunio
3128 3912 3331 3967 Christi
3354 3912 3642 3975 natalium,

2069 4006 2252 4075 ibique
2274 4009 2420 4077 quod
2444 4008 2643 4076 qltaeris
2670 4006 2934 4072 invenies,
2975 4017 3030 4062 et
3058 4006 3199 4076 quod
3235 4006 3317 4060 vis
3343 4021 3463 4076 age.

2137 4099 2225 4154 12.
2260 4098 2359 4154 llic
2386 4099 2633 4154 volebam
2670 4100 2826 4153 linire
2858 4114 3190 4159 sermonem.
3223 4099 3315 4154 sed
3345 4096 3648 4153 necessitas

2067 4205 2155 4245 me
2174 4191 2320 4260 cogit
2355 4206 2527 4261 pauca
2592 4191 3020 4261 superadiicere.
3052 4190 3243 4244 Timeo
3285 4205 3413 4243 vero
3448 4204 3516 4243 ne
3547 4190 3644 4243 tibi

2069 4281 2255 4337 videar
2283 4281 2337 4335 in
2364 4281 2484 4338 istis
2525 4296 2816 4336 onerosus.
2843 4281 3004 4335 Omni
3037 4291 3279 4350 tempore
3305 4280 3647 4349 genullexio-

2067 4389 2166 4429 nes
2222 4383 2437 4442 oportet
2492 4374 2693 4439 facere,
2756 4372 2857 4429 nisi
2923 4373 3272 4442 superveniat
3336 4372 3642 4435 festivitas,

2071 4472 2280 4521 semoto
2302 4465 2530 4535 jejunio,
2564 4481 2670 4535 qua
2731 4468 2790 4520 tit
2846 4467 3102 4519 horarum
3141 4467 3432 4533 operisque
3461 4479 3647 4518 cessa-

370 4562 583 4628 γίνεται
620 4559 733 4612 τῶν
769 4558 929 4630 ὡρῶν
965 4559 1058 4612 καὶ
1100 4557 1192 4611 τοῦ
1242 4556 1429 4627 ἔργου.
1462 4556 1554 4626 Μὴ
1590 4555 1839 4626 φοϐηθῇς
1868 4558 1959 4608 τὸν

2072 4560 2167 4613 tio.
2203 4558 2502 4614 Numerum
2552 4573 2617 4612 ne
2678 4558 2960 4620 formides,
3011 4556 3377 4626 paucissimas
3425 4564 3552 4610 est:
3591 4555 3645 4643 in

379 4652 635 4721 ἀριθμὸν,
682 4650 964 4715 ὀλιγοστὸς
997 4650 1260 4720 ὑπάρχει.
1290 4648 1515 4701 Δώδεκα
1545 4646 1762 4717 μέλλεις
1805 4646 1960 4718 ἀριθ·

389 4748 502 4813 μεῖν
534 4746 595 4799 ὲν
622 4745 746 4807 ταῖς
774 4743 952 4805 λιταῖς
992 4741 1229 4813 ἡμέραις
1248 4756 1262 4771 ⁸
1293 4740 1392 4803 τὰς
1426 4740 1485 4794 δέ
1531 4757 1596 4808 γε
1623 4757 1960 4810 τεσσαρακο-

394 4837 514 4897 ssi;
539 4835 807 4908 ψηφίζειν
850 4834 1154 4890 δεκαπέντε
1217 4835 1277 4886 ἐν
1305 4835 1372 4904 τῇ
1404 4831 1515 4885 τῶν
1554 4833 1796 4902 Χριστοῦ
1837 4849 1961 4900 γεν-

387 4926 490 4978 νῶν
514 4931 609 4982 καὶ
655 4928 768 4980 τῶν
801 4926 896 4981 δύο
931 4925 1137 4980 λοιπῶν
1183 4941 1288 4980 σοι.
1322 4924 1435 4993 Τὴν
1474 4922 1519 4976 δ’
1556 4924 1725 4994 ἄλλην
1756 4939 1959 4978 τεσσα-

379 5022 657 5092 ρακοστὴν
686 5014 757 5092 ἧς
781 5021 815 5091 ἡ
850 5018 1042 5090 κλῆσις
1083 5017 1296 5088 μεγάλη
1342 5015 1727 5080 διπλασιάζειν
1753 5016 1958 5078 ταύτας

374 5132 461 5181 γε,
496 5116 666 5182 εῖπερ
700 5113 793 5165 καὶ
813 5113 915 5165 οὑκ
936 5108 1214 5175 ὀκλάζεις.
1240 5110 1303 5163 El
1333 5108 1390 5162 δὲ
1421 5106 1562 5179 βαρύ
1590 5124 1676 5161 σοι
1705 5107 1960 5176 φαίνεται

371 5207 469 5257 τοῦ
519 5207 842 5274 ἐκμετρεῖν,
872 5204 980 5271 κᾶν
1005 5202 1106 5263 τὰς
1150 5202 1326 5256 εῖκοσι
1372 5200 1646 5272 τέσσαρας
1673 5199 1960 5270 πλήρωσον

372 5301 501 5367 δέκα
544 5297 733 5367 λόγου.
774 5298 849 5351 Uti
900 5297 1006 5365 μὴν
1049 5295 1199 5361 άπαξ
1227 5295 1261 5365 ἢ
1313 5294 1569 5365 δεύτερον
1606 5294 1710 5363 τῆς
1745 5293 1961 5363 ἡμέρας

374 5391 655 5453 τελέσεις*
695 5389 811 5444 ἀλλ’
847 5387 924 5451 ὡς
963 5386 1201 5452 ἐδίδαξεν
1230 5388 1379 5458 ἡμᾶς
1412 5385 1577 5439 Δαϐὶδ
1609 5388 1637 5438 ὁ
1672 5384 1961 5454 θεοπάτωρ

375 5482 514 5535 θεὸν
548 5482 725 5535 αἰνεῖν
753 5479 1130 5551 προτρέπεται
1179 5478 1412 5542 ἑπτάκις
1443 5479 1544 5548 τῆς
1571 5476 1963 5548 ἡμέρας.ιΨη·-

380 5574 543 5643 φίσας
571 5573 665 5627 οὖν
714 5573 793 5635 ὡς
823 5572 1083 5642 νουνεχὴς
1128 5571 1383 5642 εὑρήσεις
1425 5570 1563 5640 ὅπερ
1612 5569 1776 5636 λέγω.
1829 5567 1962 5620 ’Λπὸ

382 5668 560 5737 φωτὸς
588 5665 936 5737 ἁπάρξομαι,
972 5665 1068 5717 καὶ
1098 5664 1245 5733 λήξω
1287 5665 1366 5726 εἰς
1392 5664 1454 5716 τὸ
1499 5662 1691 5724 σκότος
1713 5678 1726 5692 ο
1761 5660 1962 5731 ὄρθρος

383 5760 475 5814 καὶ
503 5758 695 5833 πρώτη
723 5757 888 5828 τρίτη
912 5773 971 5810 τε
1001 5757 1137 5828 ἕκτη
1169 5760 1266 5810 καὶ
1290 5758 1480 5829 ἐνάτη,
1510 5753 1798 5826 ὲσπερινὸν
1830 5753 1963 5809 ἁπό-

382 5850 595 5908 δειπνον
627 5853 728 5908 σὺν
760 5850 840 5918 τῷ
875 5852 1235 5918 μεσονυκτίῳ.

2067 4652 2261 4706 diebus
2315 4649 2662 4719 simplicibus
2717 4647 3005 4703 duodecim
3066 4661 3360 4700 numerare
3436 4646 3644 4709 debes,

2066 4741 2383 4812 quindecim
2437 4751 2615 4795 autem
2686 4741 2739 4793 in
2784 4737 3255 4807 Quadragesimis,
3327 4736 3381 4788 in
3431 4736 3644 4805 ieiunio

2066 4834 2275 4890 Christi
2297 4834 2561 4889 natalium
2593 4841 2647 4885 et
2672 4831 2909 4885 duorum
2941 4844 3063 4900 qua:
3099 4827 3196 4883 tibi
3223 4835 3539 4896 supersunt.
3586 4830 3641 4880 In

2066 4929 2167 4982 hac
2220 4937 2402 4981 autem
2447 4924 2551 4977 alia
2600 4920 3063 4990 Quadragesima,
3108 4917 3271 4988 cujus
3319 4926 3403 4972 est
3449 4932 3641 4986 magna

2064 5019 2384 5086 deStinatio,
2409 5018 2532 5072 illas
2553 5014 2841 5085 duplicare
2880 5012 3069 5078 debes,
3119 5010 3222 5067 etsi
3259 5024 3369 5065 non
3410 5010 3642 5082 genibus

2064 5109 2218 5165 [lexis
2250 5124 2495 5164 maneas.
2535 5106 2602 5161 Et
2632 5106 2677 5161 si
2724 5106 2818 5159 tibi
2851 5103 3103 5159 videatur
3132 5102 3316 5175 gravis
3363 5112 3641 5172 computu-

2065 5203 2164 5266 tio,
2199 5216 2292 5257 eas
2341 5199 2532 5270 viginti
2568 5207 2803 5268 quatuor
2831 5195 3069 5266 adimple
3120 5197 3239 5251 sine
3268 5197 3635 5257 harsitatione,

2064 5309 2175 5351 non
2238 5303 2418 5347 tamen
2454 5290 2621 5345 semel
2665 5297 2759 5342 aut
2809 5288 2894 5343 bis
2926 5289 2981 5341 in
3031 5288 3120 5343 die
3172 5288 3504 5359 eomplebis;
3542 5287 3635 5339 sed

2060 5388 2216 5457 juxta
2244 5385 2386 5456 quod
2445 5397 2544 5437 nos
2580 5381 2765 5437 docuit
2806 5381 3063 5450 Deiputer
3098 5380 3265 5435 David
3317 5380 3410 5447 qui
3464 5377 3631 5459 Deum

2065 5477 2283 5532 laudare
2319 5475 2515 5544 septies
2544 5472 2595 5526 in
2632 5473 2775 5528 diem
2810 5472 3080 5526 hortatur.
3113 5470 3378 5526 Judicnns
3419 5476 3475 5520 ut
3509 5481 3639 5533 pru~

2065 5569 2221 5630 deus,
2268 5564 2513 5619 invenies
2569 5564 2712 5633 quod
2752 5561 2875 5616 dico
2926 5580 2941 5618 ι
2986 5560 3030 5613 Α
3080 5561 3200 5614 lucc
3253 5555 3535 5624 incipiam,
3583 5564 3636 5607 et

2066 5652 2368 5731 prosequar
2419 5672 2591 5726 usque
2648 5655 2714 5710 ad
2765 5656 3015 5710 tenebras
3051 5671 3064 5705 ι
3100 5665 3298 5707 aurora
3325 5691 3341 5714 ,
3402 5662 3575 5716 pruna
3617 5686 3631 5703 .

2070 5752 2250 5817 tertia,
2273 5762 2446 5817 sexta,
2488 5749 2652 5815 noua}
2680 5762 2904 5819 vespera
2941 5755 3062 5817 post
3100 5758 3313 5802 uenam
3358 5751 3411 5798 et
3456 5738 3637 5795 media

2068 5859 2194 5899 ιιοι.
