4094 6404
404 325 411 331 ’
453 375 561 442 ιοει

522 497 612 554 i3.
641 494 824 552 Unum
854 509 1026 567 porro
1070 497 1293 554 tandem
1335 499 1591 570 adjiciam
1628 494 2029 560 necessarium,
2056 490 2112 553 Δ

453 594 508 641 et
569 586 673 641 hoc
728 587 1007 655 posterius
1056 586 1369 644 elueidasse
1431 602 1520 643 me
1586 602 1658 643 ne
1696 585 2029 643 crimineris.

451 677 620 732 istam
653 675 880 731 intendo
910 676 1306 734 hebdomadam
1331 687 1459 734 ante
1474 692 1697 734 carnem
1737 675 2031 732 tollendam

453 780 619 833 quam
679 767 1137 837 cognominamus
1210 767 1506 822 Arteiborii
1580 766 1977 824 hebdomadam
2011 780 2031 820 :

454 858 703 929 plerique
757 859 967 914 moreui
1003 859 1247 929 jucunde
1298 858 1560 931 epulandi
1615 865 2030 922 contraxerunt,

457 951 601 1005 male
628 957 882 1019 putantes
914 952 1059 1020 quod
1095 951 1359 1006 mundani
1384 966 1606 1007 carnem
1629 963 1868 1015 sumere,
1890 948 2037 1004 sicut

458 1042 715 1098 monachi
750 1058 993 1110 caseum,
1029 1052 1284 1114 possunt,
1332 1053 1390 1099 et
1436 1044 1510 1099 ita
1540 1042 1823 1099 facientes.
1875 1040 1933 1096 Si
1968 1042 2036 1098 de

457 1135 605 1189 tribu
637 1135 859 1203 quidem
889 1136 1278 1193 Armeniorum
1326 1136 1720 1192 descenderent
1756 1134 2038 1190 haeresim-

455 1241 563 1292 que
608 1226 900 1283 Arteiborii
953 1236 1251 1295 tenerent,
1303 1229 1442 1285 bene
1498 1227 1741 1284 facerent
1814 1240 2033 1282 onmem

456 1318 728 1374 solventes
787 1319 1153 1389 suspicionem
1197 1320 1342 1391 ;qui
1394 1329 1578 1377 autem
1630 1320 1698 1375 ab
1755 1318 1873 1375 avis
1905 1326 2038 1374 sunt

455 1410 643 1466 ﬁdeles
673 1410 986 1477 orthodoxi,
1010 1410 1214 1467 frustra
1244 1412 1372 1482 quid
1404 1420 1708 1482 praetexunt
1755 1411 2035 1467 solventes

452 1503 746 1573 jejunium.
771 1502 852 1559 Illi
887 1505 1038 1561 enim
1087 1515 1196 1563 tota
1226 1506 1565 1562 bebdomada
1603 1505 1875 1577 jejunant,
1917 1504 2036 1562 solo

454 1608 595 1662 pane
624 1609 751 1648 cum
792 1608 934 1664 aqua
962 1595 1189 1665 saleque
1222 1603 1510 1652 vescentes
1547 1611 1563 1650 :
1599 1611 1700 1654 nos
1742 1603 1924 1653 autem
1966 1595 2038 1650 ab

462 1686 583 1752 ipsa
629 1686 875 1741 secunda
905 1685 997 1742 die
1027 1677 1313 1742 solvimus:
1344 1685 1463 1743 Hoc
1500 1686 1620 1755 ipso
1645 1696 1901 1743 caeterum
1937 1701 2037 1742 nos

456 1791 581 1832 cum
613 1777 733 1834 istis
763 1791 873 1832 non
902 1778 1312 1834 communicare
1340 1779 1685 1837 ostendimus
1707 1792 1724 1845 ;
1745 1785 1801 1835 et
1820 1777 2034 1834 (rustra

456 1867 802 1936 prmtendunt
830 1867 887 1923 hi
933 1866 1330 1935 Arteiborium,
1524 1852 1529 1857 ’

1510 1951 1537 1983 κ

528 2055 618 2113 14.
657 2054 794 2111 Cum
840 2065 1022 2113 autem
1066 2069 1167 2111 nos
1221 2055 1470 2126 quaedam
1523 2056 1749 2127 parvula
1805 2057 2036 2129 quaestio

457 2147 653 2211 latuit,
704 2148 772 2202 ad
833 2163 953 2203 eam
1033 2147 1439 2204 dilucidandam
1504 2148 1596 2206 hic
1651 2150 1835 2207 venio.
1871 2150 2030 2205 Casei

457 2240 796 2297 hebdomada
848 2240 1027 2298 soluta
1085 2250 1310 2307 manet,
1364 2256 1487 2297 eum
1564 2251 1759 2312 quarta
1817 2257 2033 2298 necnon

455 2341 608 2390 sexta
672 2334 789 2390 die.
851 2334 921 2389 Et
963 2334 1109 2390 unde
1167 2333 1310 2402 hoc,
1369 2333 1556 2391 forsan
1605 2334 1753 2391 dicet
1800 2333 2032 2404 aliquis,

457 2427 662 2483 factum
724 2435 809 2484 est
857 2429 1257 2485 manifestum?
1312 2428 1598 2497 Jacobitae,
1644 2428 1788 2483 sicut
1819 2428 2033 2490 dicunt,

456 2519 604 2573 hanc
634 2519 1035 2577 hebdomadam
1067 2531 1127 2578 ut
1157 2508 1564 2578 sacrosanctam
1599 2535 1664 2575 ac
1685 2519 2033 2590 purissimam

455 2609 757 2675 celebrant,
782 2613 902 2667 solo
930 2627 1072 2682 pane
1100 2623 1155 2669 et
1176 2628 1319 2684 aqua
1344 2621 1560 2669 utentes
1593 2624 1690 2668 :et
1732 2612 1858 2667 ideo
1907 2626 2038 2667 vere

457 2704 791 2759 honorabilis
866 2703 1240 2776 Nicephorus,
1290 2704 1842 2775 Constantinopoleos
1912 2718 2034 2758 ma-

458 2809 601 2864 gnus
634 2792 898 2864 pontifex,
916 2796 1001 2851 his
1024 2795 1219 2851 diebus
1239 2795 1487 2852 solvendi
1518 2795 1782 2851 canonice
1807 2793 2038 2849 tradidit

455 2905 638 2956 nsum,
699 2890 766 2943 ad
822 2885 1120 2944 evertenda
1152 2887 1408 2954 dogmata
1460 2886 1692 2940 duarum
1727 2884 2032 2952 hmreseon,

452 2980 668 3045 Jacobi,
727 2979 950 3050 inquam
985 3016 1004 3043 ,
1065 2984 1121 3033 et
1154 2976 1580 3044 Quadritarum.
1632 2975 1842 3031 Exinde
1885 2976 2037 3032 venit

456 3064 924 3127 monasteriorum
952 3068 1311 3135 consuetudo,
1348 3070 1500 3125 ﬁnita
1533 3082 1678 3124 nona
1721 3070 2037 3139 hymnoque

1189 377 1501 441 NICOLAI
1539 379 1648 440 cp.
1682 362 2201 440 PATRIARCHIE
2222 372 2321 436 DE
2350 373 2532 436 VITA
2558 373 3017 437 MONASTICA.

3610 366 3720 434 ιθι

2207 491 2300 561 ιγ’.
2337 493 2462 548 Ἔτι
2505 493 2808 566 προσθήσω
2836 487 2931 548 οῦν
2958 487 3147 545 λοιπὸν
3177 487 3277 545 σὺν
3303 486 3518 553 τούτοις
3541 488 3718 559 ἀναγ-

2137 584 2318 648 καῖον,
2368 584 2466 638 καὶ
2512 587 2588 656 μὴ
2644 582 2886 655 μεμφθῶ
2935 583 3014 646 ὡς
3056 580 3291 651 ὕστερον
3335 578 3498 635 τοῦτο
3520 579 3720 635 διασα-

2135 674 2339 747 φήσας.
2377 676 2482 731 Ἦν
2531 674 2802 745 ἑϐδομάδα
2842 672 2988 743 λέγω
3014 672 3110 728 οῦν
3137 671 3240 744 τὴν
3290 670 3401 743 πρὸ
3443 671 3543 742 τῆς
3572 673 3718 725 ἀπο-

2136 767 2324 837 κρέου,
2353 766 2455 839 τὴν
2485 767 2583 822 καὶ
2610 765 3025 837 ἐπονομάζομεν
3048 764 3151 837 τὴν
3173 762 3270 818 τοῦ
3306 762 3719 834 ’Δρτζιϐουρίου

2137 859 2461 914 οἱπλεῖστοι
2508 859 2629 924 ἔθος
2660 859 2857 915 ἔλαϐον
2891 858 3065 921 ἀδεῶς
3104 856 3400 912 καταλύειν
3424 873 3440 887 ’
3478 855 3719 926 τετράδα

2138 952 2234 1006 καὶ
2264 953 2627 1024 παρασκευὴν
2650 954 2700 1006 οῖ
2729 952 2990 1022 κοσμικοὶ
3010 950 3074 1004 τὸ
3100 950 3292 1020 κρέας.
3324 947 3591 1010 ὡσαύτως
3620 947 3718 1001 καὶ

2136 1043 2189 1096 oi
2223 1044 2451 1113 μοναχοὶ
2497 1042 2665 1112 τυροῦ
2712 1041 3176 1113 μεταλαμϐάνειν,
3227 1037 3419 1101 κακῶς
3470 1035 3720 1100 νοοῦντες

2137 1134 2355 1205 άληθῶς
2385 1136 2480 1189 καὶ
2508 1135 2841 1206 πράττοντες
2866 1133 3091 1204 ὁμοίως.
3123 1132 3190 1188 Ei
3228 1132 3328 1204 μὲν
3368 1130 3543 1201 φυλῆς
3582 1147 3721 1187 κατ-

2138 1228 2365 1297 άγονται
2413 1230 2479 1282 ἐκ
2516 1227 2619 1297 τῆς
2655 1227 2767 1281 τῶν
2818 1224 3146 1297 ’Δρμενίων,
3177 1225 3275 1279 καὶ
3318 1219 3464 1294 εἶχον
3495 1223 3591 1278 καὶ
3618 1222 3720 1294 τὴν

2137 1319 2351 1390 αἵρεσιν
2378 1317 2478 1388 τὴν
2495 1318 2591 1371 τοῦ
2622 1317 3056 1390 Ἀρτζιϐουρίου,
3097 1316 3281 1380 καλῶς
3320 1315 3537 1370 ποιοῦσι
3565 1315 3723 1371 λύον-

2137 1429 2230 1476 τες
2252 1412 2478 1468 ἃπασαν
2506 1411 2745 1481 ὑποψίαν
2763 1427 2778 1442 ·
2802 1411 2851 1465 εἰ
2873 1410 2931 1465 δέ
2969 1409 3155 1465 πιστοὶ
3181 1407 3453 1482 ὀρθόδοξοί
3481 1411 3589 1464 εἰσι
3622 1410 3721 1464 καὶ

2141 1505 2206 1558 ἐκ
2240 1504 2546 1575 προγόνων,
2580 1503 2661 1566 είς
2694 1501 2873 1571 μάτην
2898 1500 3333 1570 προφασίζονται
3363 1499 3585 1563 λύοντες
3615 1501 3721 1570 τὴν

2139 1594 2417 1664 νηστείαν.
2470 1596 2702 1648 Ἐκεῖνοι
2734 1593 2845 1665 γὰρ
2876 1590 3235 1663 νηστεύουσιν
3273 1592 3402 1662 ὃλην
3432 1591 3537 1663 τὴν
3564 1591 3722 1646 ἐϐδο-

2141 1686 2310 1757 μάδα,
2339 1688 2493 1758 ἄρτῳ
2527 1686 2676 1757 μόνῳ
2694 1684 3044 1756 τρεφόμενοι,
3072 1683 3227 1737 ὕδατι
3253 1682 3412 1737 ἅλατι
3430 1700 3522 1737 τε·
3557 1685 3723 1754 ἡμεῖς

2141 1778 2198 1832 δέ
2225 1778 2576 1848 καταλύομεν
2626 1777 2724 1833 ἀπ’
2754 1776 2928 1846 αὐτῆς
2973 1776 3074 1847 τῆς
3101 1775 3384 1848 δευτέρας.
3417 1775 3621 1831 Λοιπὸν
3650 1777 3720 1831 ἐκ

2063 1841 2114 1902 Β
2138 1869 2333 1925 τούτου
2389 1870 2683 1940 δείκνυμεν
2729 1870 2804 1941 μὴ
2839 1869 3234 1934 κοινωνοῦντες
3265 1868 3565 1934 τοιούτοιςο
3623 1871 3720 1923 καὶ

2141 1963 2322 2033 μάτην
2346 1962 2778 2033 προφασίζονται
2807 1957 2954 2019 οὗτοι
2984 1962 3077 2017 τὸν
3121 1960 3556 2033 Ἀρτζιϐούριον.

2211 2056 2293 2110 ιδ’.
2339 2054 2496 2109 Ἐπεὶ
2535 2055 2595 2109 δὲ
2637 2055 2834 2111 ἔλαθεν
2877 2057 3028 2128 ἡμᾶς
3071 2054 3332 2120 ὑπόθεσις
3389 2054 3568 2127 μικρά
3610 2072 3713 2120 τις,

2136 2149 2471 2220 διασαφῆσαι
2519 2148 2753 2219 ἔρχομαι
2799 2150 2897 2204 καὶ
2944 2149 3075 2220 περὶ
3116 2149 3321 2220 ταύτης
3368 2147 3564 2212 οὑτως.
3608 2148 3719 2217 Τῆς

2138 2241 2367 2311 τυρινῆς
2398 2240 2432 2309 ἡ
2470 2238 2710 2308 ἑϐδομὰς
2736 2238 3014 2309 λελυμένη
3037 2239 3298 2310 ὑπάρχει,
3324 2239 3420 2293 καὶ
3447 2240 3482 2310 η
3522 2238 3722 2308 τετρὰς

2137 2331 2246 2386 τῶν
2275 2330 2519 2404 ἡμερῶν,
2553 2326 2820 2395 ὡσαύτως
2849 2330 2947 2385 καὶ
2984 2332 3017 2401 ή
3064 2330 3224 2402 ἐκτη.
3262 2329 3379 2385 Καὶ
3424 2330 3589 2384 πόθεν
3617 2329 3719 2398 δῆ-

2137 2424 2230 2479 λον
2257 2424 2506 2493 πέφυκεν
2535 2421 2718 2488 τοῦτο,
2764 2423 2893 2493 εἴπῃ
2937 2438 3022 2486 τις
3062 2421 3233 2490 ἴσως;
3278 2421 3611 2487 Ἰακωϐῖται,
3641 2419 3725 2484 ῶς

2139 2532 2298 2584 φασι,
2319 2513 2420 2585 τὴν
2453 2513 2727 2584 ἑϐδομάδα
2749 2517 2956 2587 ταύτην
2980 2515 3241 2583 όλόαγνον
3264 2512 3598 2582 φυλάσσουσι
3625 2513 3725 2565 xa'l.

2140 2606 2389 2679 καθαρὰν
2435 2606 2679 2672 τελείως,
2722 2606 2891 2677 ἄρτου
2934 2605 3100 2676 μόνου
3133 2607 3424 2675 γευόμενοι
3464 2605 3559 2657 καὶ
3584 2604 3724 2658 ῦδα·

2137 2719 2230 2767 τος
2256 2700 2461 2773 ὁμοίως
2483 2716 2500 2732 ο
2527 2700 2624 2754 καὶ
2650 2699 2741 2753 διὰ
2773 2698 2935 2753 τοῦτο
2966 2700 2995 2753 ὁ
3023 2697 3188 2760 καλὸς
3212 2698 3291 2769 τῷ
3314 2697 3431 2751 ὄντι
3464 2696 3724 2768 Νικηφόο

2144 2813 2233 2867 ρος
2255 2797 2284 2849 ὁ
2317 2792 2946 2854 Κωνσταντινουπόλεως
2983 2793 3012 2845 ό
3044 2791 3224 2862 μέγας
3264 2790 3526 2861 ίεράρχης
3555 2805 3726 2843 κανο-

2140 2886 2306 2949 νικῶς
2336 2884 2627 2954 παρέδωκε
2658 2883 2752 2937 τοῦ
2784 2883 3076 2936 καταλύειν
3107 2881 3357 2948 ταύταις,
3386 2880 3727 2952 ἀνατρέπων

2139 2980 2208 3032 τὰ
2237 2977 2488 3048 δόγματα
2508 2975 2774 3046 αἱρέσεων
2800 2975 2909 3030 τῶν
2927 2975 3044 3040 δύο,
3065 2974 3159 3028 τοῦ
3201 2974 3467 3029 Ἰακώϐου
3491 2990 3552 3026 τε
3574 2973 3725 3043 φημέ⁹

2142 3069 2241 3125 σὺν
2272 3069 2368 3123 καὶ
2409 3070 2524 3132 τοῖς
2564 3066 2938 3139 Τετραδίταις.
2964 3068 3127 3123 Ὅθεν
3156 3067 3226 3122 τά
3261 3069 3599 3137 μοναστήρια
3626 3065 3725 3119 οὕ-

455 3175 696 3232 msperae
723 3159 891 3224 dicto,
929 3168 1056 3214 tunc
1081 3159 1301 3215 demum
1329 3159 1396 3214 ad
1424 3172 1771 3214 communem
1794 3170 2036 3212 mensam

2141 3180 2252 3226 τως
2294 3162 2511 3232 ἔχουσιν
2559 3160 2705 3227 ἔθος,
2751 3159 2852 3230 τὴν
2897 3160 3128 3230 ἐννάτην
3177 3158 3575 3231 πληρώσαντες
3624 3158 3726 3214 καὶ

455 3258 523 3311 ad
557 3269 713 3312 esum
741 3252 907 3319 casei,
935 3252 1164 3322 piscium
1191 3261 1245 3308 et
1268 3259 1456 3322 potum
1482 3251 1594 3306 vini
1626 3249 1981 3306 conveniendi
2018 3266 2035 3316 ;

458 3362 565 3401 nos
632 3359 763 3400 vero
819 3344 965 3414 quod
998 3342 1218 3414 quidem
1245 3343 1510 3414 scriptum
1544 3341 1872 3407 invenimus,
1906 3341 2041 3396 scri-

459 3439 675 3509 psimus
712 3452 728 3491 :
759 3437 806 3493 si
842 3437 966 3507 quis
1006 3444 1186 3493 autem
1213 3450 1321 3492 non
1344 3434 1539 3504 recipit
1577 3448 1679 3489 nec
1702 3432 1876 3489 credit
1911 3431 2037 3499 ista,

456 3532 600 3586 sicut
636 3529 752 3585 vult
805 3538 860 3583 et
915 3527 1058 3584 sicut
1115 3527 1191 3582 illi
1248 3528 1449 3597 placet,
1508 3526 1688 3583 abeat.
1763 3524 2037 3595 Adjiciam

460 3638 641 3680 tamen
672 3625 816 3679 aliud
886 3623 1031 3678 circa
1091 3621 1320 3676 alteram
1375 3618 1804 3685 hebdomadam,
1870 3632 2034 3688 quam

457 3717 703 3775 omnium
743 3717 1069 3772 Sanctorum
1123 3713 1575 3786 cognominamus
1623 3727 1788 3783 quam
1815 3712 2038 3783 quidam

459 3815 604 3869 mala
647 3813 963 3884 conjectura
1026 3811 1298 3881 planaque
1362 3810 1696 3879 ignorantia,
1761 3824 1870 3863 non
1917 3823 2038 3865 esse

459 3908 695 3964 solutam
729 3906 1073 3961 existimant.
1110 3902 1224 3985 ini
1261 3902 1408 3958 enim
1456 3902 1690 3973 apostoli
1719 3911 1775 3957 et
1816 3902 2040 3973 legisla-

460 4009 604 4053 tores
634 3997 876 4052 omnium
913 4010 1029 4049 eam
1064 4009 1185 4050 esse
1243 3994 1477 4049 solutam
1524 3994 1894 4064 scripserunt.
1928 3993 2037 4050 Sed

348 4132 349 4135 η
460 4092 602 4145 t‘orte
636 4087 1030 4143 Gnosticorum
1084 4086 1282 4154 aliquis
1333 4087 1672 4142 contradieet
1705 4125 1721 4150 ,
1774 4086 1867 4141 ubi
1930 4088 2037 4142 hoc

461 4178 884 4235 memoraverim
935 4176 1188 4246 discipuli
1224 4176 1407 4242 verbi,
1441 4177 1785 4246 deposcens;
1847 4178 2038 4234 sedulo

462 4279 738 4327 scrutetur
766 4276 821 4323 et
849 4267 953 4323 hoc
986 4277 1136 4322 certe
1165 4267 1407 4321 inveniet
1438 4284 1453 4321 :
1486 4282 1595 4321 non
1623 4281 1854 4337 possum
1884 4267 2034 4323 enim

460 4370 660 4417 cuncta
696 4362 981 4432 speciatim
1013 4359 1312 4429 explicare.
1345 4357 1450 4424 Qui
1508 4373 1639 4414 vero
1695 4357 2034 4430 Scripturam

2143 3253 2314 3326 ὕμνον
2345 3255 2445 3322 τῆς
2478 3253 2741 3324 ἑσπέρας,
2775 3249 2950 3316 οὕτως
2980 3252 3323 3322 εἰσέρχονται
3349 3250 3535 3304 λοιπὸν
3564 3253 3623 3304 ἐν
3652 3251 3722 3320 τῇ

2140 3349 2296 3419 κοινῇ
2336 3346 2609 3418 τραπέζῃ,
2641 3345 2808 3417 τυροῦ
2856 3344 3373 3415 μεταλαμϐάνοντες
3422 3342 3623 3413 ἰχθύων
3658 3360 3724 3396 τε

2141 3440 2241 3495 καὶ
2287 3440 2461 3494 οἴνου.
2490 3439 2603 3493 Kal.
2640 3440 2803 3508 ἡμεῖς
2853 3437 2955 3509 μέν
2987 3434 3313 3508 ἐγράψαμεν
3355 3433 3433 3499 ὡς
3476 3432 3727 3503 εὓρομεν

2140 3532 2437 3603 ἐγγράφως
2464 3547 2480 3566 ο
2522 3532 2571 3585 εί
2619 3530 2677 3584 δέ
2720 3546 2809 3593 τις
2854 3530 2917 3583 οὑ
2968 3528 3256 3599 προσίεται
3301 3525 3422 3580 οὐδὲ
3473 3523 3723 3579 πιστεύει

2139 3625 2334 3690 ταῦτα,
2361 3622 2621 3688 ὡς’θέλει
2668 3622 2764 3677 καὶ
2811 3621 2887 3685 ὡς
2936 3619 3210 3692 βούλεται,
3266 3617 3440 3682 οὕτως
3480 3617 3576 3672 καὶ
3619 3633 3717 3670 πο·

2144 3717 2411 3788 ρευέσθω.
2456 3715 2760 3788 Προσθήσω
2792 3713 2971 3767 τοίνυν
3018 3713 3210 3784 ἕτερον
3242 3709 3310 3764 δι’
3358 3709 3527 3781 ἄλλην
3564 3707 3714 3761 ἐϐδο-

2142 3810 2308 3882 μάδα,
2336 3810 2405 3880 ἢν
2437 3809 2534 3862 καὶ
2574 3806 2993 3878 ἐπονομάζομεν
3033 3802 3134 3876 τὴν
3183 3802 3296 3856 τῶν
3339 3802 3540 3870 ’Δγίων
3581 3800 3713 3854 πάνυ

2138 3920 2248 3959 των
2272 3916 2289 3934 ο
2348 3901 2496 3964 τινὲς
2543 3898 3028 3969 ὑπολαμϐάνοντες
3079 3895 3154 3968 μὴ
3205 3891 3350 3949 εἶναι
3394 3891 3718 3964 λελυμένην,

2140 3997 2331 4060 κακῶς
2363 3992 2803 4059 ὑποτοπάζοντες
2834 3992 2931 4045 καὶ
2959 3991 3096 4054 ὅλως
3118 3987 3468 4058 ἀγνοοῦντες.
3497 3988 3563 4041 οι
3587 3986 3723 4039 θεῖοι

2140 4091 2251 4161 γὰρ
2280 4086 2576 4143 ἀπόστολοι
2603 4085 2700 4140 καὶ
2730 4084 3024 4155 νομοθέται
3055 4062 3274 4136 πάντων
3302 4081 3399 4135 καὶ
3432 4079 3561 4149 περὶ
3584 4080 3721 4132 ταύ-

2137 4200 2238 4254 της
2270 4180 2520 4253 εγραψαν
2554 4179 2650 4233 τοῦ
2702 4173 2847 4232 εῖναι
2894 4176 3220 4248 λελυμένην.
3268 4173 3410 4228 Ἀλλ’
3451 4172 3583 4232 ἴσως
3626 4174 3723 4226 ἀν-

2149 4275 2499 4347 τιφθέγξοιτό
2523 4291 2609 4339 τις
2636 4272 2746 4326 τῶν
2783 4269 3271 4340 γνωστικωτὲρων,
3311 4267 3409 4322 καὶ
3443 4265 3556 4321 Ποῦ
3586 4266 3721 4318 ταύ-

2141 4388 2239 4441 της
2255 4368 2609 4439 ἐμνήσθησαν
2637 4367 2687 4421 oi
2713 4365 2955 4436 μαθηταὶ
2982 4364 3075 4417 τοῦ
3098 4362 3272 4431 Λόγου
3297 4377 3314 4428 ;
3348 4362 3723 4433 Ἐρευνησάτο·

458 4457 692 4528 impigre
719 4464 1061 4521 scrutantur,
1104 4450 1401 4524 perfectam
1428 4469 1494 4509 ex
1540 4467 1603 4509 ea
1631 4455 2032 4511 convictionem

2142 4459 2391 4533 ἀκριϐῶς
2428 4459 2526 4513 καὶ
2555 4459 2774 4519 πάντως
2816 4455 2954 4527 εὕρῃ
2987 4452 3190 4523 τοῦτο·
3224 4452 3473 4507 ἀδυνατῶ
3518 4451 3628 4522 γὰρ
3666 4454 3723 4506 ἐν

458 4550 773 4621 acquirunt.

533 4836 620 4890 15.
656 4833 785 4888 Hmc
839 4831 1007 4902 igitur
1065 4830 1210 4885 inter
1243 4829 1418 4884 multa
1457 4818 1555 4883 tibi
1589 4844 1764 4899 pauca
1811 4828 2032 4901 scripsi.

467 4928 755 4983 Testilicor
802 4932 982 4978 autem
1012 4932 1066 4977 et
1122 4922 1410 4978 certiorem
1464 4931 1517 4978 te
1561 4922 1705 4985 volo,
1762 4923 1936 4993 quod,
1985 4922 2034 4977 si

462 5019 654 5073 talium
681 5016 922 5072 videaris
956 5022 1166 5079 custos,
1196 5015 1508 5070 cautionem
1539 5014 1849 5083 interpono,
1884 4998 2036 5069 'stare

459 5111 529 5166 ad
557 5110 836 5166 dexteram
864 5109 1191 5175 Salvatoris,
1226 5119 1280 5163 et
1336 5124 1462 5163 cum
1494 5108 1614 5177 ipso
1655 5122 1873 5176 unaque
1907 5122 2034 5161 cum

461 5202 719 5257 omnibus
771 5201 1023 5264 sanctis,
1085 5199 1410 5256 haereditare
1462 5215 1689 5268 regnum
1771 5199 2034 5252 caelorum

459 5306 831 5364 aeternamque
887 5293 1053 5348 vitam
1143 5292 1410 5348 obtinere.
1468 5292 1606 5346 Ecce
1656 5305 1822 5360 ergo,
1905 5289 1977 5344 ﬁli
2016 5331 2031 5356 ,

456 5390 777 5461 petitionem
830 5397 977 5442 tuam
1045 5400 1145 5455 pro
1205 5368 1425 5440 'viribus
1483 5393 1537 5440 et
1595 5383 1851 5440 facultate
1911 5400 2033 5439 mea

458 5480 724 5552 complevi
750 5498 765 5535 :
792 5489 848 5534 tu
902 5481 1016 5534 scis
1046 5478 1194 5534 enim
1240 5492 1330 5531 me
1354 5491 1585 5546 prorsus
1628 5475 1947 5531 illiteratum
1978 5484 2034 5530 et

459 5575 528 5627 nd
582 5573 713 5627 talia
769 5569 1060 5626 scribenda
1106 5568 1271 5638 plane
1321 5567 1537 5623 rudem.
1596 5566 1653 5621 Si
1685 5567 1829 5637 quod
1874 5566 2033 5636 juxta

460 5662 611 5716 vires
636 5664 717 5725 tit,
754 5660 866 5716 Deo
901 5669 1117 5730 gratum
1155 5668 1266 5722 est,
1330 5658 1517 5728 accipe
1546 5666 1601 5713 et
1650 5667 1709 5713 tu
1770 5666 2029 5728 tanquam

459 5752 663 5808 bonum
700 5753 875 5807 solam
907 5752 1289 5809 intentionem.
1322 5750 1421 5807 Hic
1472 5752 1689 5807 tandem
1748 5752 2031 5822 proposito

461 5843 812 5915 sermonique
868 5843 1030 5901 ﬁnem
1088 5845 1424 5917 imponinus.
1487 5845 1543 5901 Si
1585 5845 1680 5902 tibi
1743 5845 1852 5902 sint
1916 5846 2031 5902 haec

2068 4526 2117 4583 θ
2147 4554 2205 4606 λε
2218 4526 2332 4623 πτῷ
2363 4553 2542 4606 πάντα
2569 4526 2969 4607 ἀναδιδάσκειν.
3000 4548 3067 4602 Oi
3091 4548 3148 4603 δέ
3178 4545 3610 4618 φιλοπονώτερον
3622 4547 3722 4613 τὴν

2148 4646 2377 4718 Γραφὴν
2423 4642 2754 4715 ἐρευνῶντες
2796 4641 3174 4713 πληροφορίαν
3234 4639 3495 4694 λαϐοῦσιν
3532 4637 3593 4704 ἐξ
3618 4640 3719 4692 a6-

2148 4741 2247 4811 τῆς
2273 4741 2375 4809 τὴν
2407 4737 2644 4793 τελείαν.

2221 4837 2303 4887 ιε’.
2336 4829 2525 4883 Ταῦτά
2550 4846 2633 4883 σοι
2653 4826 2829 4881 τοίνυν
2854 4826 3072 4897 ἔγραψα
3093 4829 3158 4880 ἐκ
3182 4827 3294 4880 τῶν
3316 4826 3526 4881 πολλῶν
3545 4825 3705 4894 ὀλίγα

2160 4920 2303 4976 Ἀλλ’
2333 4920 2428 4974 οὑν
2471 4919 2920 4993 διαμαρτύρομαι
2957 4921 3052 4973 καὶ
3086 4919 3294 4989 βεϐαιῶ
3343 4937 3425 4973 σοι
3453 4922 3633 4983 τοῦτο,
3676 4920 3721 4972 εἴ

2146 5014 2355 5069 τούτων
2384 5012 2565 5083 φύλαξ
2606 5029 2669 5066 τε
2698 5015 2898 5081 φανῇς,
2931 5011 3218 5082 ἐγγυῶμαι
3254 5030 3337 5066 σοι
3367 5011 3564 5075 ταῦτα,
3597 5010 3719 5064 στά-

2149 5123 2286 5171 σεως
2311 5107 2412 5176 τῆς
2440 5107 2504 5160 ἐκ
2526 5105 2717 5171 δεξιῶν
2747 5104 2846 5159 τοῦ
2881 5106 3132 5175 Σωτῆρος
3170 5107 3357 5175 τυχεῖν
3387 5122 3468 5170 σε,
3500 5105 3596 5157 καὶ
3627 5104 3723 5158 σὺν

2147 5197 2298 5267 αύτῷ
2352 5198 2714 5267 κληρονομεῖν
2744 5197 2841 5250 καὶ
2895 5198 3030 5251 πᾶσι
3078 5198 3191 5258 τοῖς
3218 5196 3399 5264 ἁγίοις
3447 5194 3723 5265 βασιλείαν

2144 5288 2255 5341 τῶν
2303 5286 2554 5358 οὐρανῶν
2592 5287 2688 5340 καὶ
2739 5286 2887 5357 ζωὴν
2944 5288 3046 5355 τὴν
3106 5287 3321 5356 ἀγήρω.
3362 5287 3494 5341 Ἰδοὺ
3542 5286 3724 5339 τοίνυν

2146 5379 2491 5450 πεπλήρωκα
2534 5375 2633 5447 τὴν
2686 5377 2904 5448 αἴτησιν
2948 5394 3070 5443 σου,
3121 5377 3334 5441 τέκνον,
3376 5376 3452 5439 ὡς
3502 5374 3724 5442 ἐφικτὸν

2144 5470 2356 5542 ὑπῆρχέ
2416 5486 2507 5539 μοι
2549 5469 2644 5522 καὶ
2693 5467 2979 5539 δυνάμεως
3029 5464 3198 5538 εἶχον.
3249 5467 3323 5520 Σὺ
3378 5467 3489 5538 γὰρ
3539 5466 3722 5531 καλῶς

2144 5563 2436 5617 ἐπίστασαι
2461 5561 2524 5615 τὸ
2555 5561 2791 5631 πάμπαν
2824 5559 3066 5630 ἄμουσόν
3102 5576 3205 5628 μου
3237 5558 3333 5613 καὶ
3353 5560 3491 5623 ὅλως
3526 5559 3721 5612 ἰδιωτι-

2142 5655 2238 5708 κὸν
2270 5654 2407 5724 πρὸς
2439 5653 2501 5707 τὺ
2541 5653 2769 5708 τοιαῦτα
2801 5653 3061 5725 γράφειν.
3092 5654 3155 5705 Εἰ
3184 5651 3241 5705 δὲ
3290 5651 3353 5705 τὸ
3383 5653 3525 5704 κατὰ
3563 5650 3720 5704 δύνα.

2143 5768 2236 5821 μιν
2264 5750 2418 5821 φίλον
2442 5748 2562 5821 Θεῷ
2592 5750 2856 5821 ὑπάρχει,
2877 5746 3028 5811 δέξαι
3058 5746 3155 5801 καὶ
3187 5746 3251 5802 σὺ
3292 5746 3369 5809 ῶς
3388 5744 3595 5814 ἀγαθὸν
3618 5744 3720 5812 τὴν

2139 5845 2461 5918 προαίρεσιν
2515 5843 2704 5915 μόνην.
2761 5842 3029 5898 Ἐνταῦθα
3074 5842 3343 5913 σταίημεν
3384 5838 3568 5894 λοιπὸν
3616 5837 3717 5891 τοῦ
