4094 6398
403 349 515 413 405
1821 349 2268 415 ANONYMUS.’
3567 351 3676 417 406

403 455 612 512 σκοποῦ
644 456 741 510 καὶ
784 454 883 510 τού
927 456 1108 525 λόγου.
1143 455 1205 510 El
1248 455 1349 526 μὲν
1383 455 1690 511 ἀποδεκτέα
1736 474 1842 520 σοι,
1875 458 1998 532 Θεῷ

2105 459 2482 531 aceeptabilia,
2512 460 2565 514 in
2605 459 2708 515 hoc
2756 459 2866 515 Deo
2919 460 3127 532 gratias
3175 479 3189 516 :
3222 462 3267 518 si
3303 476 3435 518 vero
3470 463 3672 532 saepius

403 551 568 621 χάρις
596 552 654 602 ὲν
680 549 862 621 τούτῳ
887 565 900 581 ·
946 552 994 602 εί
1025 549 1081 604 δὲ
1110 549 1372 614 πολλάκις
1403 551 1663 622 φορτικὰ,
1697 550 1774 614 ὡς
1808 549 1988 621 βούλει

2105 567 2353 619 onerosa,
2379 555 2444 607 de
2466 560 2663 608 czetero
2687 553 2829 608 sicut
2861 553 2941 608 vis
2971 568 3091 624 age.
3125 553 3460 609 Cunctorum
3487 562 3671 609 autem

402 646 591 699 λοιπὸν
621 648 859 716 πρᾶττε.
915 647 974 700 '0
1005 647 1062 701 δὲ
1091 647 1201 700 τῶν
1232 649 1452 701 πάντων
1482 648 1691 718 Κύριος
1736 647 1833 700 καὶ
1856 646 1993 710 θεὸς

2105 647 2366 702 Dominus
2401 655 2457 702 et
2486 645 2632 702 Deus
2663 647 3009 718 omnipotens
3034 649 3128 718 qui
3156 662 3255 718 pro
3280 648 3547 703 charitate
3573 663 3671 703 sua

403 740 504 794 καὶ
535 741 816 808 Δεσπότης
847 742 876 792 6
910 739 1079 793 θέλων
1114 739 1326 802 πάντας
1369 737 1641 802 σώζεσθαι
1675 739 1766 793 διὰ
1805 739 1995 808 φιλαν-

2105 738 2218 793 vult
2250 753 2443 794 omnes
2476 737 2542 792 ad
2575 738 2807 794 salutem
2847 740 3056 804 venire,
3091 740 3206 809 ipse
3254 751 3305 794 te
3331 739 3674 795 confirmabit

401 831 681 902 θρωπίαν.
719 831 886 894 αὐτὸς
925 833 1022 886 καλ⁵
1055 832 1116 885 σὲ
1149 829 1394 904 στηρίξει
1434 833 1492 884 ἐν
1531 831 1873 904 ἀγαθοεργίᾳ
1901 830 1996 886 τοῦ

2105 831 2152 886 ἱιι
2173 833 2488 901 operatione
2506 830 2630 886 boni
2651 833 2716 886 ad
2739 833 3151 904 exsequendum
3183 833 3356 902 ipsius
3384 844 3674 903 praecepta,

399 924 706 995 πληρωτὴν
748 923 1005 990 γενέσθαι
1053 940 1112 976 σε
1147 923 1256 977 τῶν
1299 924 1464 978 αὑτοῦ
1496 924 1872 995 ὲνταλμάτων,
1903 925 1999 979 καί¹

2105 932 2161 979 ιιι
2192 925 2290 980 tias
2322 926 2472 996 regni
2504 924 2768 980 caelorum
2834 927 3006 981 haeres
3066 926 3120 982 in
3165 923 3386 980 Christo
3442 924 3675 979 Domino

401 1013 692 1082 βασιλείας
739 1015 988 1085 οὐρανῶν
1038 1015 1272 1083 ὀφθῆναι
1311 1017 1652 1086 κληρονόμον
1693 1020 1750 1070 ὲν
1776 1017 1999 1088 Χριστῷ

2105 1033 2243 1081 meo,
2276 1017 2360 1071 cui
2413 1018 2586 1089 gloria
2616 1026 2670 1073 et
2701 1025 2944 1089 potestas
2989 1017 3044 1072 in
3101 1019 3302 1074 secula
3348 1018 3675 1078 saeculorum

397 1103 483 1173 τῷ
523 1104 717 1174 Κυρίῳ
756 1121 883 1174 μου,
929 1098 972 1173 ᾧ
1017 1106 1050 1176 ἡ
1100 1105 1228 1172 δόξα
1278 1105 1371 1159 καὶ
1418 1106 1618 1178 κράτος
1663 1107 1742 1171 είς
1792 1107 1997 1170 αἰῶνας

2105 1117 2152 1165 et
2189 1109 2354 1165 ultra.
2382 1113 2576 1166 Amen.

398 1194 625 1251 αίὼνων
661 1213 721 1248 τε
751 1199 845 1248 καὶ
872 1198 966 1250 ἐπὶ
1003 1197 1242 1253 αἰώνων.
1290 1199 1489 1272 Ἀμήν.

441 1363 454 1376 .
477 1291 569 1376 Ea:
600 1293 1449 1376 codice.collegiiCrazcormnin
1485 1299 1628 1376 alma
1667 1301 1794 1376 urbe
1833 1301 2167 1376 desumptum
2209 1319 2371 1376 a_me
2409 1303 2510 1371 fuit
2560 1303 2855 1376 prafcedens
2893 1301 3222 1376 opusculum.
3244 1299 3319 1376 In
3349 1301 3458 1376 alio
3502 1309 3677 1376 autem

397 1363 649 1444 ejusdem
678 1363 899 1444 (lollegii
933 1363 1109 1444 codice
1160 1369 1684 1444 nonnullaanaloga
1730 1363 2716 1444 deprehendebam._Postq'uaim'enim
2762 1372 2827 1425 de
2858 1363 3024 1444 tribus
3078 1372 3300 1440 jejuniis
3357 1371 3678 1425 solemnibus

398 1443 589 1488 actum
618 1435 745 1503 fuit,
784 1446 908 1488 ante
937 1435 1167 1498 Pascha,
1199 1449 1320 1492 ante
1347 1438 1593 1508 Deipara:
1618 1435 1934 1505 transitum,
1965 1451 2016 1498 et
2049 1453 2172 1497 ante
2207 1435 2432 1496 Natalia
2464 1443 2701 1509 Domini,
2734 1444 2808 1496 sic
2833 1443 3005 1511 pergit
3044 1435 3232 1496 auctor
3275 1457 3571 1512 anonynms
3607 1457 3625 1494 :

476 1529 566 1582 Τὰ
594 1529 760 1599 ὃμοια
790 1530 986 1584 τούτου
1026 1532 1119 1585 καὶ
1157 1533 1416 1606 Ἰωάννης
1458 1536 1486 1588 6
1514 1535 1752 1600 Νικαίας
1791 1554 1997 1609 μητρο·

2171 1537 2311 1592 Huic
2339 1537 2538 1592 similia
2569 1537 2808 1592 Joannes
2825 1550 3044 1607 quoque
3086 1535 3300 1590 Nicaeus
3330 1535 3677 1605 metropolita

410 1620 642 1689 πολίτης
670 1620 838 1688 φησὶν
887 1623 948 1675 ἐν
987 1623 1054 1694 τῇ
1095 1623 1232 1693 πρὸς
1278 1626 1370 1680 τὸν
1400 1627 1690 1681 καθολικδν
1716 1628 1825 1682 τῶν
1868 1629 1997 1701 Ἀρ-

2105 1627 2236 1683 dixit
2263 1629 2317 1682 in
2342 1626 2570 1696 epistola
2597 1628 2662 1682 ad
2696 1629 2994 1682 concilium
3029 1626 3416 1682 Armeniorum
3451 1627 3676 1696 scripta.

415 1711 616 1807 μενίων
663 1713 942 1784 γραφείσῃ
981 1715 1262 1788 ἐπιστολῇ.
1309 1717 1369 1772 '0
1425 1717 1482 1774 δὲ
1523 1720 1828 1788 ἀγιὼτατος
1891 1738 1998 1774 πα-

2105 1721 2498 1777 Sanctissimus
2552 1727 2737 1775 autem
2767 1719 3080 1790 patriarcha
3123 1718 3678 1788 Constantinopoleos

418 1805 681 1875 τριάρχης
758 1805 1395 1874 Κωνσταντινουπόλεως
1465 1811 1658 1882 κύριος
1727 1812 1998 1875 Νικόλαος

2105 1816 2356 1873 dominus
2380 1813 2664 1879 Nicolaus,
2698 1813 2908 1883 synodo
2933 1811 3252 1882 praesidens,
3311 1811 3679 1880 interrogatus

430 1899 698 1968 ἠρωτήθη,
741 1899 838 1952 ἐπὶ
871 1902 1090 1956 συνόδου
1129 1904 1550 1976 προκαθήμενος
1582 1904 1735 1975 παρὰ
1770 1905 1880 1958 τῶν
1908 1923 2002 1976 μο-

428 1993 598 2063 ναχῶν
629 1995 726 2048 τοῦ
763 1993 951 2064 Ἀγίου
995 1998 1180 2070 ὅρους,
1209 2000 1257 2052 εἰ
1289 1999 1395 2072 χρὴ
1434 1999 1718 2072 νηστεύειν
1743 2002 2002 2070 νηστείαν

419 2086 528 2155 ςηοὸ
555 2086 656 2153 τῆς
678 2089 998 2159 κοιμήσεως
1034 2090 1134 2162 τῆς
1165 2092 1524 2162 πανυμνήτου
1567 2091 1834 2147 Θεοτόκου
1857 2107 1874 2123 ο
1905 2095 2004 2146 καί.

410 2179 679 2246 ἐξέδωκεν
700 2181 874 2244 οὕτως
903 2184 1218 2256 ἐγγράφως.
1241 2184 1390 2256 Αὕτη
1415 2183 1483 2258 ἦν
1496 2187 1723 2256 νηστεία
1737 2189 2003 2257 πρότερον

409 2274 472 2325 ἐν
493 2273 574 2342 τῷ
611 2275 792 2345 καιρῷ
820 2275 998 2348 τούτῳ
1018 2277 1113 2330 τοῦ
1151 2278 1486 2348 Αὐγούστου,
1509 2279 1774 2352 μετετέθη
1806 2279 1862 2334 δὲ
1913 2279 2004 2334 διὰ

405 2366 474 2418 τὸ
501 2367 888 2436 παραπίπτειν
934 2372 1058 2433 ταῖς
1089 2371 1232 2424 κατὰ
1272 2371 1368 2425 τὸν
1403 2373 1598 2444 καιρὸν
1640 2373 1830 2428 τοῦτον
1859 2389 2008 2443 γινο-

411 2461 613 2529 μέναις
635 2461 881 2526 ἐθνικαῖς
901 2463 1207 2534 νηστείαις.
1236 2464 1382 2537 Πλὴν
1408 2468 1502 2520 καὶ
1524 2467 1604 2522 ἔτι
1627 2467 1726 2540 τὴν
1746 2468 2005 2539 νηστείαν

409 2553 628 2624 ταύτην
654 2555 1007 2626 φυλάσσομεν
1050 2559 1143 2610 καὶ
1189 2559 1558 2630 νηστεύομεν·
1595 2559 1737 2614 ὥστε
1774 2563 1838 2614 ἐκ
1863 2559 2006 2638 ,τού-

411 2661 514 2699 του
559 2646 722 2716 δῆλόν
751 2649 890 2714 ἔστι,
923 2648 1108 2714 καθὼς
1153 2650 1386 2722 ἔφημεν,
1427 2654 1512 2707 ὅτι
1552 2655 1651 2724 μία
1691 2649 1760 2726 ἦν
1795 2656 2006 2724 ήπᾶσα

411 2739 648 2808 νηστεία
681 2740 888 2810 ήῇμετὰ
911 2743 1011 2813 τὴν
1047 2743 1178 2813 μίαν
1208 2744 1307 2816 τῆς
1341 2751 1384 2801 ν’
1423 2745 1692 2817 ἐσδομάδα
1746 2747 1876 2817 ἄχρι
1905 2747 2007 2818 τῆς

414 2833 755 2902 Κοιμήσεως
786 2833 1192 2904 τῆς²Θεοτόκου
1219 2853 1232 2866 ·
1270 2837 1374 2890 ὑπὸ
1404 2837 1460 2892 δὲ
1485 2838 1592 2891 τῶν
1625 2839 1796 2908 ἁγίων
1833 2837 2008 2893 Πατέ-

419 2941 533 2995 ρων
567 2926 658 2979 διὰ
684 2927 1004 2998 οἰκονομίαν
1031 2928 1294 2998 ἐξεκόπη.
1341 2929 1625 3002 Ἐτυπώθη
1659 2932 1716 2985 δὲ
1753 2932 1881 3003 ἄχρι
1905 2931 2008 3002 τῆς

417 3020 616 3090 ἑορτῆς
631 3020 743 3074 τῶν
774 3017 977 3090 Ἀγίων
1016 3021 1359 3077 ’Λποστόλων
1383 3025 1668 3094 νηστεύειν
1691 3041 1702 3056 ·
1721 3022 2009 3090 εἰθόῠτως

2099 1919 2183 1964 est
2213 1924 2243 1963 a
2271 1907 2556 1964 monachis
2601 1906 2754 1962 Sacri
2791 1907 2993 1962 montis
3039 1921 3168 1960 num
3204 1912 3331 1960 ante
3382 1903 3682 1959 Dormitio-

2102 2016 2227 2057 nem
2253 2000 2584 2056 venerabilis
2622 1999 2866 2070 Deiparze
2913 2001 2983 2055 sit
3039 1997 3422 2070 jejunandum.
3475 1997 3542 2052 Et
3599 1994 3681 2053 sic

2105 2095 2329 2150 tradidit
2363 2094 2630 2164 scriptum
2661 2111 2676 2148 :
2731 2091 2848 2148 Hoc
2872 2092 3146 2164 jejunium
3173 2093 3411 2162 primum
3431 2099 3549 2146 erat
3574 2089 3681 2144 hoc

2104 2189 2341 2260 Augusti
2369 2197 2634 2258 tempore,
2666 2185 2759 2242 sed
2787 2195 3010 2257 propter
3036 2185 3319 2255 gentilium
3344 2182 3551 2254 jejunia
3581 2183 3684 2239 hoc

2106 2286 2352 2351 tempore
2377 2280 2722 2335 occurrentia
2777 2279 3100 2335 translatum
3142 2285 3246 2334 est.
3297 2275 3550 2333 Attamen
3579 2277 3685 2333 hoc

2100 2369 2372 2444 jejunium
2403 2371 2763 2428 observamus
2795 2371 2974 2427 adhuc
3025 2379 3080 2426 et
3130 2370 3489 2440 jejunamus;
3540 2367 3686 2423 unde

2107 2463 2463 2520 manifestum
2496 2472 2724 2535 apparet
2772 2462 2938 2532 quod,
2973 2470 3034 2518 ut
3063 2463 3326 2526 diximus,
3371 2475 3540 2516 unum
3568 2466 3688 2515 erat

2106 2569 2336 2623 prorsus
2373 2553 2648 2624 jejunium
2700 2561 2828 2623 post
2879 2568 3042 2607 unam
3082 2551 3441 2608 Pentecostes
3480 2551 3688 2607 hebdo-

2108 2645 2324 2702 madam
2367 2661 2540 2716 usque
2595 2646 2662 2702 ad
2720 2645 3118 2700 Dormitionem
3177 2646 3472 2716 Deiparae;
3523 2643 3616 2700 sed
3656 2657 3688 2696 a

2109 2739 2316 2793 sanctis
2367 2722 2620 2792 Patribus
2663 2752 2762 2806 per
2825 2735 3188 2791 oeconomiam
3230 2745 3496 2792 resectum
3540 2733 3688 2790 fuit:

2108 2839 2377 2888 statutum
2437 2839 2618 2885 tamen
2671 2838 2754 2884 est
2785 2845 2961 2900 usque
3002 2829 3071 2884 ad
3121 2827 3320 2883 festum
3350 2827 3682 2882 Sanctorum

2109 2922 2497 2993 Apostolorum
2516 2921 2818 2993 jejunium;
2846 2920 3043 2977 deinde
3062 2920 3388 2975 cessandum
3412 2935 3427 2985 ;
3448 2918 3681 2988 posthac

2107 3015 2467 3086 jej'unandum
2522 3015 2589 3070 ab
2635 3014 2792 3070 initio
2844 3013 3076 3083 Augusti
3130 3026 3306 3082 usque
3341 3011 3408 3065 ad
3444 3010 3688 3079 Deiparae

417 3110 698 3164 ἐπιλύειν·
739 3110 934 3165 ἔπειτα
986 3113 1083 3168 ἀπ’
1130 3115 1306 3185 ἀρχῆς
1355 3115 1669 3186 Αὐγούστου
1724 3118 2006 3187 νηστεύειν

2115 3106 2530 3173 Dormitionem,
2581 3115 2636 3161 et
2666 3106 2848 3162 denuo
2883 3120 3006 3162 esse
3042 3104 3389 3160 solvendum.
3419 3102 3560 3169 Quid
3589 3102 3693 3173 igie-

419 3202 554 3275 ἄχρι
577 3205 679 3273 τῆς
705 3205 1042 3277 Κοιμήσεως
1068 3186 1168 3278 τῆς
1212 3208 1480 3262 Θεοτόκου
1504 3227 1522 3245 ο
1568 3210 1661 3263 καὶ
1700 3186 1863 3266 πάλιν
1891 3211 2006 3266 δια-

2114 3211 2204 3256 ιιιι·
2227 3200 2406 3256 facere
2430 3200 2766 3255 debebamus
2816 3199 2860 3256 si
2917 3199 3021 3254 hoc
3056 3213 3164 3253 non
3213 3209 3522 3253 resecantes
3549 3195 3691 3266 jeju-

419 3296 595 3350 λύειν.
613 3295 682 3350 Τί
706 3294 802 3351 οὖν
824 3297 1125 3370 ἐμέλλομεν
1151 3303 1346 3369 ποιεῖν,
1379 3303 1432 3378 εί
1460 3303 1770 3368 ἀδιακόπως
1798 3304 2005 3378 ταύτην

2115 3291 2428 3347 nabamus?
2473 3289 2551 3346 Ex
2575 3290 2954 3361 apostolorum
3007 3296 3063 3344 et
3094 3288 3532 3358 patriarcharum
3579 3296 3693 3342 tra-

420 3388 836 3459 ἔνηστεύομεν;
886 3391 1070 3461 Ἔχεις
1119 3388 1213 3447 οὖν
1255 3395 1283 3447 6
1327 3371 1687 3466 ὰμᾷιὸάλλων
1724 3400 1857 3470 περὶ
1902 3371 2006 3453 τῶν

2110 3384 2414 3442 ditionibus
2460 3386 2604 3438 circa
2656 3382 2784 3436 talia
2812 3381 3022 3452 jejunia
3061 3381 3440 3436 testimonium
3489 3377 3696 3449 ponde-

422 3479 686 3534 τοιούτων
718 3482 987 3552 νηστειῶν
1046 3484 1149 3556 τὴν
1191 3487 1498 3557 μαρτυρίαν
1532 3490 1597 3542 ὲκ
1637 3489 1747 3543 τῶν
1777 3489 2006 3544 ἀποστο-

2113 3492 2238 3534 rare
2264 3487 2427 3546 potes-
2461 3495 2475 3532 :
2514 3484 2773 3532 caeterum
2826 3491 2935 3530 non
2968 3476 3180 3541 haesita,
3217 3490 3287 3530 ne
3319 3474 3465 3530 sicut
3507 3481 3694 3529 trans-

422 3573 598 3628 λικῶν
642 3575 740 3628 καὶ
781 3577 1204 3649 πατριαρχικῶν
1251 3581 1603 3652 παραδόσεων
1629 3598 1644 3613 ⁶
1683 3583 1777 3638 καὶ
1827 3583 2006 3638 λοιπὸν

2115 3585 2337 3641 gressor
2361 3569 2671 3625 divinarum
2702 3568 3178 3640 praeseriptionum
3212 3563 3623 3622 condemneris.

429 3667 506 3736 μὴ
535 3667 839 3737 ἁμφίϐαλε,
873 3670 959 3723 ἵνα
983 3669 1060 3743 μὴ
1086 3671 1430 3745 κατακριθῇς
1453 3672 1529 3738 ὡς
1555 3674 1882 3746 παραϐάτης
1908 3675 2020 3730 τῶν

425 3760 595 3814 θείων
627 3761 931 3829 διατάξεων
962 3763 1061 3835 (1).

499 3903 811 3973 (“Confer
861 3922 926 3962 ea
976 3923 1100 3979 qua:
1128 3908 1400 3964 habentur
1457 3909 1602 3980 apud
1650 3908 2003 3975 Cotelerium.

2108 3947 2123 3963 .
2155 3908 2220 3962 E.
2256 3907 2346 3973 6.,
2378 3916 2417 3964 ι.
2453 3905 2516 3974 ιι,
2545 3921 2601 3977 p.
2633 3904 2757 3972 495,
2794 3910 2914 3959 ett.
2942 3901 3030 3970 ιιι,
3061 3915 3117 3971 p.
3188 3898 3314 3953 ist.

1689 4226 1863 4274 ANNO
1893 4227 2116 4275 DOMINI
2147 4228 2421 4274 CMXXIX.

1401 4411 1697 4595 AN
1709 4410 1997 4594 ON
2010 4409 2682 4592 YMUS.

1870 4785 2264 4847 MONITUM.

1462 4957 1610 5022 (Aug.
1637 4955 1734 5005 MAI
1773 4956 1822 5004 in
1851 4954 2025 5017 Spicil.
2051 4955 2192 5004 Rom.
2222 4961 2338 5004 tom.
2367 4951 2424 5014 V,
2447 4965 2495 5014 p.
2520 4949 2654 5010 598.)

511 5107 579 5162 In
609 5107 816 5163 duobus
847 5107 1171 5176 bombycinis
1202 5105 1532 5161 bibliotheca:
1574 5105 1842 5161 Vaticana:
1877 5105 2171 5170 codicibus,
2195 5104 2377 5161 Ottob.
2411 5103 2500 5168 77,
2535 5101 2580 5171 ι’.
2602 5099 2694 5164 2‘2,
2718 5108 2767 5153 et
2809 5098 2931 5153 Vat.
2959 5096 3119 5160 H35,
3154 5097 3196 5166 f.
3231 5099 3354 5151 item
3399 5099 3470 5153 23
3527 5100 3705 5170 (cujus

434 5216 620 5253 recens
656 5198 1018 5268 apographum
1049 5208 1125 5251 est
1153 5198 1209 5250 in
1245 5196 1366 5251 Vat.
1400 5197 1561 5259 7H5,
1593 5195 1636 5265 f.
1674 5196 1824 5266 5⁸50.)
1860 5197 2178 5265 deprehendi
2204 5193 2450 5250 Graecum
2489 5190 2778 5259 ponti/Scite
2809 5188 3052 5241 historia:
3093 5187 3472 5258 fragmentum,
3499 5205 3616 5241 cum
3651 5205 3711 5241 eo

435 5287 702 5356 perbrevi,
737 5303 893 5358 queat
922 5287 1134 5354 scripsi,
1171 5286 1328 5339 titulo
1356 5287 1490 5354 Περὶ
1522 5285 1630 5338 τῶν
1667 5285 1876 5339 Πὰπων
1911 5286 2006 5338 ἀπὶ

2105 5283 2148 5338 »ὖ
2174 5279 2436 5353 χρονικοῦ
2475 5280 2550 5333 De
2579 5275 2750 5346 Papis
2785 5291 2850 5330 ex
2884 5275 3178 5329 chronico.
3213 5273 3375 5342 Papw
3402 5277 3632 5344 quidem,
3662 5282 3713 5327 et

436 5379 709 5431 interdum
738 5376 1029 5442 antipapw,
1059 5373 1156 5428 hoc
1195 5374 1494 5444 fragmento
1525 5374 2040 5444 comprehenduntur
2094 5373 2368 5434 tredecim,
2401 5387 2432 5422 a
2465 5367 2722 5422 Formosa
2782 5366 2850 5418 ad
2911 5366 3183 5420 obtrusum
3224 5363 3486 5417 Joannem
3524 5365 3714 5440 decimi

442 5480 824 5518 successorem.
863 5461 1103 5529 (Videsis
1143 5461 1791 5527 Bernardum'Cuidonis,
1836 5479 1889 5532 p.
1929 5461 2222 5532 ﬁlii-529.2.)
2274 5458 2561 5524 Quodnam
2609 5471 2728 5509 vero
2768 5453 2926 5522 fuerit
2969 5453 3105 5506 illud
3137 5451 3710 5513 Grarcumchronicon,

441 5562 581 5608 unde
605 5554 700 5606 hoc
722 5552 1186 5620 ἁποσπασμάτιον
1217 5560 1486 5619 sumptum
1517 5565 1616 5617 est,
1655 5565 1838 5606 neuter
1859 5552 2024 5606 codex
2058 5553 2408 5608 dentonstrat,
2429 5549 2554 5616 quia
2575 5543 2827 5596 nimirum
2863 5544 2913 5594 in
2934 5553 3154 5609 utroque
3184 5538 3420 5592 miscella
3447 5541 3714 5607 congeries

449 5652 524 5697 est
584 5641 920 5694 diversarum
975 5657 1171 5704 rerum,
1237 5656 1354 5709 qua:
1385 5640 1452 5693 ad
1497 5642 1696 5694 dictant
1731 5641 2018 5694 chronicon
2074 5638 2219 5693 nullo
2272 5637 2426 5691 modo
2475 5634 2757 5704 pertinent.
2804 5628 3077 5698 Reliquum
3127 5629 3288 5698 igitur
3320 5628 3446 5678 mihi
3480 5637 3620 5692 erat,
3657 5636 3714 5680 ut

453 5731 541 5782 'ioc
570 5730 960 5800 fragmentum,
1019 5727 1211 5781 bonum
1251 5744 1378 5782 sane
1453 5739 1610 5798 atque
1657 5730 1968 5801 pretiosum,
2011 5731 2138 5800 quia
2185 5731 2235 5782 in
2289 5727 2511 5782 obscura
2545 5739 2632 5777 seu
2659 5729 2796 5775 certe
2824 5715 3130 5772 turbulenta
3161 5716 3452 5786 ponti/ida:
3477 5717 3715 5771 historia:

452 5827 606 5887 parte
637 5820 908 5881 uersatur,
944 5813 1028 5868 hic
1055 5815 1338 5872 lectoribus
1379 5816 1699 5873 exhiberem.
