4094 6456
399 361 505 428 407
1850 355 2202 416 ΑΝΟΝΥΜΙ
3546 350 3649 414 ιοε

876 487 2052 516 W

1227 642 1635 756 ΠΕΡΙ
1742 639 2079 754 ΤΩΝ
2193 638 2825 756 ΠΑΠΩΝ

1652 858 1792 913 ΑΠΟ
1830 856 1968 911 ΤΟΥ
2013 856 2396 913 ΧΡΟΝΙΚΟΥ.

1107 1190 1289 1304 DE
1385 1188 1787 1302 PAPlS
1878 1189 2067 1366 sx
2149 1187 2934 1306 CHBONICO.

469 1529 769 1607 Eormosus
812 1526 1103 1598 episcopus
1167 1523 1409 1594 primum
1465 1522 1569 1578 fuit
1619 1523 2030 1588 Portuensis,l

2153 1527 2430 1598 Φόρμοσος
2455 1523 2753 1587 ἐπίσκοπος
2784 1517 2852 1594 ἦν
2875 1522 2937 1574 τδ
2963 1521 3229 1592 πρότερον
3258 1519 3669 1591 Πορτουένσης,

400 1619 594 1675 deinde
636 1617 816 1672 factus
874 1626 958 1671 est
1016 1615 1203 1682 Papa,
1264 1624 1318 1667 et
1390 1612 1677 1682 occupavit
1722 1613 1978 1668 thronum

2097 1620 2313 1692 5στερον
2342 1618 2536 1688 γέγονε
2573 1617 2784 1681 πάπας,
2824 1615 2916 1669 καὶ
2941 1611 3010 1686 ἦν
3038 1614 3316 1685 ἐγκρατὴς
3341 1613 3436 1668 τοῦ
3468 1613 3663 1685 θρόνου

401 1725 575 1766 annos
616 1709 880 1779 quinque,
929 1721 1148 1762 menses
1192 1719 1313 1760 sex.
1344 1705 1447 1759 lllo
1496 1713 1735 1770 mortuo,
1770 1704 1981 1758 vacavit

2097 1713 2309 1782 κρόνους
2333 1716 2399 1776 ε’,
2439 1709 2617 1780 μῆνας
2638 1706 2716 1774 ς’.
2754 1707 3188 1778 Τελευτήσαντος
3236 1705 3293 1759 δὲ
3319 1705 3485 1760 αὐτοῦ
3535 1705 3670 1775 ἐχή-

404 1803 647 1859 Ecclesia
682 1800 874 1856 diebus
903 1801 1037 1855 satis
1068 1799 1274 1853 multis.
1303 1797 1414 1854 lste
1446 1798 1661 1867 pictura
1694 1795 1984 1851 renovavit

2097 1820 2244 1872 pauev
2288 1803 2323 1872 ἡ
2371 1799 2669 1871 Ἐκκλησία
2706 1800 2919 1869 ἡμέρας
2976 1798 3191 1861 ἱκανάς.
3219 1791 3391 1861 Οὗτος
3445 1799 3537 1851 διὰ
3561 1796 3672 1857 ζω-

403 1888 576 1948 totam
610 1892 899 1948 ecclesiam
932 1891 1074 1946 beati
1106 1888 1251 1945 Petri
1283 1885 1981 1958 apostolorumprincipis.

405 1987 517 2042 Iste
546 1985 676 2039 olim
714 1999 806 2053 per
840 1990 1044 2038 metum
1079 1995 1229 2051 papae
1258 1978 1485 2035 Joannis
1513 1977 1729 2049 fugiens
1772 1975 1983 2047 episco-

304 2122 307 2125 η
407 2085 596 2147 patum
649 2074 1007 2129 Portuensem
1060 2071 1387 2141 dereliquit;
1442 2078 1495 2124 et
1543 2067 1762 2139 quando
1791 2067 1983 2137 iussus

404 2168 586 2224 redire
615 2166 815 2233 noluit,
850 2165 1349 2221 anathematizatus
1393 2172 1496 2218 est.
1547 2161 1652 2216 Sed
1686 2159 1883 2216 deinde
1927 2160 1983 2215 in

406 2258 635 2313 Galliam
696 2257 776 2328 Iad
835 2256 1036 2327 Papam
1095 2271 1221 2311 cum
1292 2254 1518 2326 ivisset,
1581 2252 1652 2308 ad
1717 2252 1983 2307 laicorum

410 2350 660 2408 ordinem
710 2350 780 2406 ab
818 2350 940 2419 ejus
992 2347 1252 2403 tribunali
1287 2346 1531 2418 deiectus
1576 2354 1680 2401 est.
1717 2344 1984 2400 Praeterea

402 2426 613 2513 iuravit.
639 2455 925 2510 nunquam
958 2438 1190 2495 Romam
1233 2439 1459 2507 intrare,
1499 2452 1677 2508 neque
1711 2437 1778 2493 ad
1824 2452 1984 2491 suum

404 2535 785 2604 episcopatum
817 2532 1043 2587 reverti.
1079 2530 1280 2586 Deinde
1309 2545 1440 2586 vero
1472 2546 1503 2585 a
1547 2529 1796 2585 Mariano
1823 2526 1990 2583 Joan-

404 2626 494 2681 nis
524 2638 846 2681 successore
874 2624 1075 2695 prioris
1099 2622 1396 2694 jurament‘i
1429 2622 1705 2679 contraria
1735 2621 1985 2692 adeptus,

403 2731 516 2772 non
557 2716 736 2772 solum
770 2716 1002 2771 Romam
1039 2730 1293 2771 reversus
1323 2722 1432 2780 est,
1463 2712 1559 2769 sed
1591 2713 1781 2768 Romae
1808 2712 1985 2782 ipsius

405 2820 686 2861 summum
730 2804 1108 2877 pontiﬁcatum
1158 2804 1417 2874 accepit:
1452 2804 1574 2858 ideo
1624 2804 1720 2858 illo
1764 2810 1984 2857 mortuo

406 2911 639 2966 magnus
699 2897 970 2953 tumultus
1019 2895 1196 2952 factus
1244 2906 1351 2962 est,
1400 2904 1459 2950 ut
1516 2896 1572 2950 in
1632 2894 1989 2965 sequentibus

409 2988 748 3045 ostendetur.

907 3140 931 3173 ν

480 3268 796 3325 Bonifacius
831 3281 970 3339 papa
1019 3267 1267 3340 regnavit
1296 3266 1412 3323 dies
1435 3264 1537 3333 {5;
1579 3274 1694 3322 erat
1739 3265 1831 3321 ille
1873 3282 1970 3321 na.

409 3362 562 3418 tione
593 3360 898 3417 Tuscanus.

488 3455 649 3510 Hunc
731 3455 934 3526 excipit
1043 3455 1385 3525 Stephanus;
1468 3471 1741 3513 summum
1854 3470 1993 3526 pon-

423 3547 692 3604 tillcatum
749 3548 924 3602 tenuit
979 3561 1184 3602 annum
1245 3562 1414 3601 unum
1459 3557 1513 3602 et
1590 3562 1810 3603 menses
1856 3555 1988 3602 tres.

2083 1893 2326 1966 γραφίας
2363 1893 2675 1947 ἀνεκαίνισε
2726 1891 2825 1960 τὴν
2882 1890 3012 1960 ὃλην
3076 1888 3381 1958 ἐκκλησίαν
3430 1889 3526 1942 τοῦ
3560 1907 3671 1959 μα-

2086 1986 2282 2059 καρίου
2341 1986 2551 2055 Πέτρου
2612 1981 2708 2038 τοῦ
2768 1981 3072 2053 κορυφαίου
3136 1981 3248 2034 τῶν
3323 1980 3667 2034 ἀποστόλων.

2086 2074 2253 2144 Οὗτός
2270 2095 2403 2132 ποτε
2427 2077 2516 2130 διὰ
2538 2076 2630 2129 τὸν
2661 2075 2824 2144 φόὸον
2849 2074 2944 2128 τοῦ
2970 2073 3132 2127 πάπα
3174 2070 3424 2126 Ἰωάννου
3447 2070 3667 2139 φεύγων

2085 2177 2187 2245 τὴν
2241 2172 2546 2242 ἐπισκοπὴν
2599 2169 2978 2241 Πορτουένσην
3032 2167 3293 2221 κατέλιπε
3316 2181 3329 2195 ·
3391 2164 3488 2219 καὶ
3545 2165 3672 2218 ἐπεὶ

2087 2263 2533 2334 ἀνακαλούμενος
2586 2260 2832 2315 ἀνελθεῖν
2883 2261 2986 2313 οὐκ
3035 2258 3341 2328 ἠθέλησεν,
3397 2257 3673 2325 ἀνεθεμα-

2086 2357 2247 2427 τίσθη
2269 2372 2284 2389 ⁸
2330 2353 2473 2410 Ἀλλ’
2500 2352 2729 2424 ὕστερον
2757 2352 2839 2415 είς
2876 2349 2976 2422 τὴν
3009 2347 3245 2403 Γαλλίαν
3272 2348 3408 2418 πρὸς
3435 2347 3527 2402 τὸν
3559 2345 3673 2399 πά-

2090 2467 2200 2505 παν
2238 2446 2411 2503 ἐλθὼν
2441 2447 2549 2509 ἕως
2589 2446 2672 2508 είς
2718 2442 2916 2515 λαῖκὴν
2949 2440 3106 2507 τάξιν
3157 2440 3268 2496 ἀπὸ
3311 2439 3407 2493 τοῦ
3458 2437 3673 2511 βαθμοῦ

2090 2538 2256 2597 αὐτοῦ
2304 2535 2697 2606 κατεϐισάσθη.
2740 2534 2865 2587 Ἐπὶ
2908 2532 3120 2595 τούτοις
3158 2531 3340 2601 ὤμοσε
3394 2532 3535 2600 μήτε
3570 2527 3672 2600 τὴν

2103 2630 2324 2702 Ῥώμην
2388 2627 2669 2692 εἰσελθεῖν,
2734 2626 2872 2696 μήτε
2924 2624 3005 2686 είς
3032 2622 3136 2690 τὴν
3193 2620 3388 2674 ἐαυτοῦ
3444 2620 3673 2673 ἐπισκο-

2092 2724 2200 2795 πὴν
2253 2720 2680 2792 ἐπαναδραμεῖν.
2717 2717 2986 2787 ’Υστερον
3039 2714 3096 2767 δὲ
3130 2713 3238 2767 ἀπὸ
3286 2712 3530 2783 Μαρίνου
3573 2711 3675 2765 τοῦ

2091 2814 2476 2887 διαδεξαμένου
2526 2814 2619 2866 τὸν
2677 2809 2934 2879 Ἰωάννην
2982 2807 3201 2863 ἐναντία
3251 2800 3364 2860 τοῦ’
3400 2804 3674 2876 προτέρου

2094 2913 2260 2981 ὅρκου
2290 2890 2743 2976 διαπραξάμενος
2767 2902 2827 2955 οὐ
2871 2903 3032 2972 μόνον
3064 2899 3164 2969 τῆς
3203 2898 3426 2969 Ῥώμης
3476 2897 3672 2966 ἐπέϐη,

2093 3001 2229 3057 ἁλλά
2258 3000 2352 3054 καὶ
2396 2998 2617 3067 Ῥώμης
2648 2995 2819 3066 αὐτῆς
2849 2994 2947 3065 τὴν
2978 2991 3394 3064 ἀρχιερωσύνην
3426 2991 3672 3054 ἐδέξατο.

2094 3096 2187 3148 At?)
2212 3091 2511 3156 τεθνεῶτος
2533 3089 2699 3143 αὑτοῦ
2729 3087 2942 3159 μεγάλη
2973 3085 3195 3157 ὄχλησις
3226 3085 3474 3154 γέγονεν,
3507 3083 3585 3146 ὡς
3615 3085 3677 3136 ἐν

2093 3191 2208 3251 τοῖς
2235 3184 2531 3255 ἑπομένοις
2565 3180 2961 3252 δηλωθήσεται.

2165 3280 2485 3350 Βονιφάτιος
2516 3275 2705 3338 πάπας
2746 3269 2914 3345 ἧρξεν
2941 3270 3157 3342 ἡμέρας
3185 3275 3246 3323 ιε’
3266 3285 3281 3301 ο
3314 3263 3382 3339 ἦν
3413 3259 3572 3334 οὗτος
3598 3265 3681 3335 τῷ

2096 3375 2245 3445 γένει
2280 3373 2379 3443 μὲν
2406 3369 2741 3430 Τουσκάνος.
3138 3428 3149 3436 ἢ

2170 3465 2487 3535 Διαδέχεται
2516 3460 2680 3516 αὐτὸν
2719 3459 2993 3529 Στέφανος
3013 3473 3027 3489 ο
3060 3453 3460 3527 ἀρχιεράτευσε
3500 3452 3559 3506 δὲ
3582 3444 3679 3505 οὗ·

2098 3578 2190 3624 τος
2218 3559 2412 3630 χρόνον
2436 3575 2472 3612 α
2518 3556 2613 3609 καλ⁸
2655 3555 2827 3624 μῆνας
2858 3550 2930 3621 Υ.
2960 3550 3136 3605 Αὐτοῦ
3170 3550 3227 3604 δὲ
3252 3549 3680 3617 τελευτήσαντος

361 3712 369 3720 ι
414 3639 517 3694 lll'o
563 3647 784 3695 mortuo
818 3641 1049 3694 vacavit
1086 3638 1330 3695 Ecclesia
1379 3637 1572 3695 diebus
1604 3639 1821 3705 tribus;
1873 3645 1995 3694 erat

2098 3654 2395 3723 ἐχήρευσεν
2441 3650 2474 3719 ἡ
2520 3647 2817 3716 Ἐκκλησία
2863 3645 3146 3714 ἡμέραςγ
3171 3659 3187 3674 σ
3216 3637 3284 3712 ἦν
3319 3640 3377 3693 δὲ
3408 3638 3487 3709 τῷ
3531 3639 3678 3705 γένει

419 3741 602 3789 autem
653 3734 937 3789 Romanus
988 3747 1208 3804 genere.
1266 3732 1417 3788 Idem
1465 3748 1495 3788 a
1546 3733 1814 3788 Formosa
1858 3744 1995 3801 papa

2110 3745 2382 3808 Ῥωμαῖος
2411 3742 2510 3808 (1).
2539 3733 2707 3802 Οὗτος
2732 3739 2841 3792 ἀπὸ
2877 3736 3160 3808 Φορμόσου
3190 3735 3348 3789 πάπα
3379 3732 3676 3792 ἐπίσκοπος

418 3825 713 3894 cpiscopus
746 3825 1035 3880 ordinatus
1066 3822 1246 3879 fuerat
1278 3823 1434 3879 urbis
1480 3822 1729 3887 Ananiae,
1780 3830 1835 3877 et
1864 3821 1998 3877 For-

2101 3834 2491 3903 προεχειρίσθη
2534 3829 2745 3892 πόλεως
2786 3826 3093 3890 Ἀνανείας,
3128 3823 3349 3878 καὶτὸν
3400 3823 3677 3893 Φόρμοσον

419 3932 637 3974 mosum
691 3933 888 3989 papam
944 3926 1265 3987 persecutus
1303 3926 1408 3982 est,
1452 3925 1507 3971 et
1560 3930 1754 3971 omnes
1805 3916 1874 3970 ah
1933 3930 1998 3970 eo
2104 3928 2294 3980 πάπαν
2339 3923 2551 3989 ἐδίωξε,
2588 3922 2682 3976 καὶ
2730 3921 2914 3982 πάσας
2955 3918 3057 3981 τὰς
3092 3916 3225 3987 παρ’
3278 3914 3442 3968 αὑτοῦ
3489 3913 3686 3985 προδι-

417 4010 700 4066 institutas
767 4010 1062 4079 dignitates
1131 4009 1372 4064 amoveri
1432 4007 1717 4077 judicavit.
1800 4007 1996 4061 Fertur

2106 4014 2402 4076 ϐασθείσας
2448 4012 2633 4077 τάξεις
2679 4009 2982 4080 διωχθῆναι
3028 4008 3287 4077 διέκρινε.
3338 4006 3567 4077 Φέρεται
3624 4005 3686 4059 δὲ

419 4101 586 4156 etiam
620 4101 911 4171 scriptum,
942 4101 1094 4155 illum
1128 4115 1332 4170 corpus
1371 4099 1618 4155 Formosi
1660 4099 1716 4153 in
1759 4099 2000 4154 concilio

2105 4105 2204 4159 καὶ
2248 4106 2638 4174 γεγραμμένον
2677 4104 2760 4155 ὅτι
2798 4100 2964 4163 αὐτὸς
2992 4098 3170 4153 καὶτὸ
3215 4098 3373 4168 σῶμα
3400 4099 3686 4169 ξῐσορμόσου

413 4193 608 4263 jacens
665 4194 964 4263 pontiﬁcali
1029 4192 1171 4249 stola
1218 4193 1472 4257 exuisse,
1524 4201 1577 4247 et
1638 4192 1819 4246 laicali
1853 4202 2030 4246 vcstet

2103 4200 2164 4251 ἐν
2193 4197 2272 4267 τῷ
2304 4196 2621 4267 συμϐουλίῳ
2643 4193 2900 4264 κείμενον
2933 4191 3030 4262 τὴν
3061 4188 3455 4261 ἀρχιερατικὴν
3491 4187 3689 4258 στολὴν

418 4284 687 4348 induisse,
736 4287 1133 4354 ac‘postquam
1182 4298 1378 4339 manus
1427 4284 1548 4354 eius
1589 4285 1830 4338 dexterae
1859 4282 1999 4337 duos

419 4373 623 4444 digitos
656 4382 1018 4444 amputasset,
1054 4373 1109 4428 in
1135 4373 1361 4429 ﬂuvium
1394 4373 1593 4444 conjici
1630 4374 1887 4444 jussisse.

494 4559 821 4616 Theodorus
848 4574 987 4631 papa
1018 4567 1180 4631 gente
1210 4558 1533 4625 Romanus;
1597 4558 1689 4615 ille
1722 4557 2000 4614 contraria

419 4668 578 4725 papa:
607 4653 891 4722 Stephano
914 4654 1183 4720 sentiens,
1216 4651 1459 4708 restituit
1488 4666 1681 4709 omnes
1710 4650 2004 4724 dignitates

423 4763 455 4804 a
485 4747 754 4803 Formoso
784 4756 1017 4802 creatas.

496 4838 739 4896 Joannes
768 4853 910 4910 papa
944 4838 1204 4893 thronum
1237 4836 1472 4893 obtinuit
1494 4852 1670 4894 annos
1696 4836 1858 4901 duos,
1887 4834 2005 4891 dies

422 4932 692 5002 quinque.
758 4930 858 4984 Ille
917 4936 1108 4984 contra
1163 4927 1445 4984 Romanos
1500 4927 1763 4993 bellavit;
1825 4935 1881 4980 et
1936 4926 2004 4980 ad

423 5023 750 5078 validiorem
802 5022 1107 5077 faciendam
1164 5021 1619 5078 restaurationem
1672 5019 2003 5089 dignitatum

425 5116 704 5180 Formosi,
758 5116 1029 5186 synodum
1075 5114 1143 5168 Ἠ
1173 5114 1557 5184 episcoporum
1615 5112 1669 5164 in
1709 5112 1843 5165 urbe
1893 5109 2007 5163 Ra-

428 5221 609 5263 venna
649 5206 1026 5277 congregavit,
1058 5206 1149 5261 ubi
1186 5206 1454 5276 synodum
1499 5219 1662 5273 quam
1698 5203 2010 5273 Stephanus

418 5316 563 5373 papa
594 5308 787 5356 contra
817 5298 1146 5356 Formosum
1184 5300 1411 5364 iecerat,
1445 5297 1778 5367 reprobavit.

496 5555 575 5627 (l)
610 5554 691 5627 En
724 5564 782 5627 ut
814 5553 1036 5627 Graecus
1085 5551 1554 5627 chronographus,
1577 5566 1650 5627 ex
1692 5565 2013 5627 successore

424 5621 695 5695 Stephani
728 5624 978 5681 Romano
1013 5623 1180 5695 (apud
1206 5621 1319 5679 nos“
1361 5638 1417 5692 p.
1448 5621 1596 5695 ιιι)
1627 5624 1861 5695 patriam
1894 5623 2014 5677 Ste-

428 5693 593 5763 phani
620 5694 804 5758 eilicit,
836 5693 1040 5749 omisso
1075 5694 1324 5749 Romano
1351 5693 1626 5763 pontitice,
1657 5693 1751 5761 qui
1787 5701 1870 5747 est
1895 5707 2014 5746 ma-

431 5763 664 5821 nifestus
712 5763 886 5821 error.
915 5764 1222 5829 Caeteroqui
1255 5766 1310 5821 in
1345 5762 1551 5820 caeteris
1579 5764 1732 5819 valde
1771 5764 2019 5834 mire-rure

2102 4291 2345 4356 ἐξέδυσε,
2373 4291 2468 4344 καὶ
2517 4288 2713 4360 λαῖκὴν
2746 4287 2987 4351 ἐνέδυσε,
3031 4285 3130 4337 καὶ
3156 4285 3281 4348 τοὺς
3313 4282 3359 4351 β’
3383 4279 3689 4344 δακτύλους

2103 4384 2204 4454 τῆς
2248 4382 2428 4449 δεξιᾶς
2466 4380 2630 4435 αὐτοῦ
2677 4379 2861 4451 χειρὸς
2907 4379 3214 4449 ἀποκόψας,
3242 4381 3300 4433 ἐν
3340 4376 3418 4448 τῷ
3451 4374 3694 4445 ⁸ποταμῷ

2107 4476 2331 4547 ῥιφῆναι
2369 4472 2692 4544 προσέταξε.

2174 4566 2454 4638 θεόδωρος
2482 4566 2674 4627 πάντας
2701 4565 2780 4634 τῷ
2811 4564 2963 4634 γένει
3000 4563 3275 4635 Ῥωμαῖος
3301 4578 3318 4597 ο
3355 4554 3515 4625 οὗτος
3539 4563 3693 4616 ἐναν-

2105 4658 2196 4712 τία
2224 4658 2305 4727 τῷ
2335 4657 2496 4729 πάπᾳ
2527 4655 2786 4727 Στεφάνῳ
2812 4656 3028 4726 φρονῶν
3065 4653 3477 4727 ἀποκατήλλαξε
3507 4652 3692 4718 πάσας

2105 4752 2205 4816 τὰς
2229 4750 2411 4816 τάξεις
2444 4753 2547 4814 τὰς
2575 4749 2686 4805 ἀπὸ
2715 4751 3023 4820 Φορμόσου.

2193 4846 2449 4913 Ἰωάννης
2490 4844 2678 4907 πάπας
2725 4846 2959 4914 κατέσχε
2988 4846 3082 4896 τὸν
3126 4842 3319 4913 θρόνον
3360 4842 3585 4912 χρόνους
3620 4839 3690 4909 β’,

2108 4937 2328 5010 ἡμέρας
2376 4934 2418 4990 ε’
2467 4935 2570 5007 (Ξ).
2620 4929 2791 5000 Οὗτος
2838 4937 3148 5008 ἐμαχέσατο
3206 4932 3534 5002 Ῥωμαίοιςο
3594 4934 3694 4985 καὶ

2109 5031 2249 5102 πρὸς
2275 5031 2337 5083 τὸ
2390 5030 2618 5099 ποιῆσαι
2651 5028 3005 5100 βεϐαιοτέραν
3044 5028 3144 5099 τὴν
3189 5024 3539 5096 καταλλαγὴν
3581 5024 3694 5077 τῶν

2109 5122 2219 5175 ἀπὸ
2244 5121 2527 5189 Φορμόσου
2562 5120 2791 5186 τάξεων,
2829 5120 3045 5173 σύνοδον
3084 5118 3161 5172 οδ¹
3188 5118 3509 5171 ἐπισκόπων
3540 5119 3691 5198 ius?)

2107 5213 2260 5265 πόλει
2290 5212 2561 5284 Ῥαϐέννῃ
2594 5210 2976 5282 συνήθροισεν,
3013 5213 3149 5266 ὅπου
3169 5211 3270 5281 τὴν
3295 5209 3533 5274 σύνοδον,
3568 5209 3635 5275 ἢν
3664 5211 3695 5258 ὁ

2108 5304 2384 5373 Στέφανος
2416 5305 2607 5367 πάπας
2637 5302 2782 5358 κατά
2814 5303 3101 5375 Φορμόσου
3134 5302 3463 5372 πεποίηκεν,
3491 5296 3695 5354 ἀπεδο-

2111 5396 2336 5467 κίμασε.

2122 5554 2375 5626 congruit
2405 5569 2531 5610 cum
2580 5554 2776 5611 Latina
2810 5552 3072 5610 Bernardi
3097 5553 3329 5611 historia
3351 5552 3575 5611 Graecus
3607 5551 3696 5613 hic

2125 5641 2455 5696 anonymus.

2195 5694 2607 5768 (2)‘Bernardus
2628 5696 2815 5755 scribit
2842 5695 2958 5764 XV,
2996 5710 3108 5752 non
3136 5696 3197 5753 V.
