4094 6404
333 408 446 473 409

1470 417 1944 476 FRAGMENTA
1983 417 2418 479 HISTORICA.

3403 387 3416 396 ’
3477 411 3583 478 tto

407 517 716 582 Βενέδικτος
750 520 941 584 πάπας
975 519 1052 592 τῷ
1073 521 1219 588 γένει
1252 523 1523 592 Ῥωμαῖος
1551 525 1903 578 ἐπισκοπεύει

2085 527 2412 583 Benedictus
2452 541 2590 597 papa
2645 536 2845 597 genere
2882 526 3168 583 Romanus
3201 525 3580 596 pontiﬁcatum

331 613 564 682 χρόνους
593 610 666 678 γ’,
704 612 888 682 μῆνας
931 611 977 682 β’
997 629 1010 642 ·
1045 613 1137 666 καὶ
1164 611 1303 682 μετὰ
1322 613 1422 682 τὴν
1449 615 1708 686 τελευτὴν
1740 615 1905 670 αὑτοῦ

331 702 556 774 χηρεύει
581 703 616 773 ὴ
657 702 955 772 Ἐκκλησία
1005 704 1293 770 Ῥωμαίων
1318 703 1535 774 ἡμέρας
1560 713 1634 770 ς’.

406 797 561 850 Δὲων
583 795 801 865 ἡμέρας
850 794 902 865 μ’
928 813 942 826 ο
968 795 1154 849 τοῦτον
1199 796 1258 849 δὲ
1290 797 1430 867 μετὰ
1459 798 1560 862 τὰς
1611 799 1909 870 εἰρημένας

331 886 551 956 ἡμέρας
578 887 690 940 ἀπὸ
735 889 834 957 τῆς
865 888 1069 954 τάξεως
1095 887 1263 942 αὐτοῦ
1296 890 1672 961 Χριστοφόρος
1713 893 1742 943 ό
1775 907 1910 963 πρε-

330 977 601 1048 σὸύτερος
645 978 812 1032 αὑτοῦ
885 980 1249 1053 ἀπωσάμενος
1297 981 1378 1046 εἰς
1423 981 1670 1051 φυλακὴν
1721 980 1905 1048 ἔϐαλε,

330 1071 430 1125 καὶ
459 1071 640 1134 οὕτως
673 1072 894 1142 ἥρπασε
928 1072 1027 1144 τὴν
1075 1073 1390 1144 προεδρίαν.
1439 1073 1602 1127 Ἀλλὰ
1631 1074 1725 1127 καὶ
1753 1069 1907 1137 οὗτος

330 1165 473 1233 μετὰ
507 1162 555 1228 ζ’
580 1167 758 1234 μῆνας
782 1166 883 1232 τῆς
932 1165 1106 1236 ἀρχῆς
1147 1166 1253 1220 ὑπὸ
1293 1166 1521 1236 Σεργίου
1563 1163 1778 1237 ὲξώσθη
1811 1163 1909 1219 τοῦ

327 1255 549 1327 θρόνου,
581 1257 680 1310 καὶ
714 1257 794 1320 εἰς
821 1256 1067 1328 φυλακὴν
1100 1256 1480 1328 παραδίδοται.
1756 1329 1763 1333 ν

395 1348 780 1420 Χριστοφόρος
815 1349 994 1419 μῆνας
1029 1349 1076 1414 ζ’
1099 1366 1116 1382 ο
1150 1343 1304 1415 οὗτος
1345 1351 1403 1405 δὲ
1449 1350 1544 1403 τοῦ
1581 1350 1794 1420 θρόνου,
1829 1350 1905 1414 ὡς

323 1441 566 1511 εἴρηται,
594 1441 876 1506 ἀπωσθεὶς
908 1444 1099 1511 γέγονε
1130 1444 1362 1514 μοναχός
1391 1444 1490 1515 (3).

396 1633 628 1702 Σέργιος
675 1632 704 1683 6
743 1629 986 1683 καθελὼν
1013 1630 1390 1702 Χριστοφόρον
1439 1630 1598 1702 ἄρχει
1633 1613 1732 1700 τῆς
1776 1630 1903 1684 Ἐκ-

329 1727 558 1796 κλησὶας
591 1723 844 1793 (χρόνους
893 1721 958 1792 ζ’)
1001 1723 1176 1792 μῆνας
1214 1728 1282 1789 γ’,
1331 1724 1542 1792 ἡμέρας
1576 1721 1705 1786 atq"
1749 1722 1906 1791 ἐσχό-

335 1819 467 1869 hos
494 1816 663 1869 δὲκαὶ
705 1815 735 1866 6
771 1813 960 1884 θρόνος
1000 1813 1215 1884 ἡμέρας
1246 1820 1344 1868 κε’,
1382 1813 1586 1865 Τούτου
1625 1811 1702 1881 τῷ
1725 1810 1904 1879 καιρῷ

345 1914 378 1980 ἠ
415 1907 664 1977 ικκλησία
713 1907 810 1959 τοῦ
857 1905 1172 1976 Δατεράνου
1214 1904 1526 1975 διεφθάρη,
1595 1904 1663 1975 ἢν
1720 1906 1903 1958 πᾶσαν

343 2004 448 2056 ἀπὸ
477 2001 728 2070 θεμελίων
765 1999 792 2052 ὁ
823 1999 1117 2070 εἰρημένος
1159 2000 1379 2052 ἁνανεοῖ
1423 1999 1631 2060 πὰπας.

331 2095 554 2163 Σέργιος
600 2091 850 2152 διάκονος
897 2088 974 2143 ὢν
1020 2089 1188 2144 πάλαι
1253 2091 1347 2142 καὶ
1395 2089 1672 2154 ἐπίδοξος,
1722 2087 1816 2140 ἐπὶ
1846 2087 1905 2140 τὸ

326 2183 756 2254 ἀρχιερατεῦσαι
795 2180 1041 2250 Ῥώμης,
1077 2181 1181 2234 ὑπὸ
1220 2181 1504 2252 Φορμόσου
1555 2179 1903 2250 ἐκκρούεται,

323 2276 774 2346 ἀντεισαχθέντος
800 2274 1032 2328 ἐκείνου.
1070 2274 1227 2328 Μετὰ
1257 2275 1358 2343 τὴν
1387 2273 1646 2341 τελευτὴν
1672 2273 1903 2338 ἐκείνου,

319 2372 413 2425 τοῦ
459 2371 844 2440 Χριστοφόρου
879 2368 974 2422 τὸν
1014 2368 1204 2439 θρόνον
1251 2367 1530 2433 λαϐόντος,
1581 2361 1734 2431 οὗτος
1767 2370 1903 2422 ἀπέ-

318 2467 530 2534 ὃραμεν
566 2463 649 2525 εἰς
678 2461 804 2524 τοὺς
834 2461 1144 2531 Φράγγους,
1172 2461 1268 2514 καὶ
1303 2463 1370 2532 τῇ
1412 2461 1638 2532 βοηθείᾳ
1681 2461 1905 2516 ἐκείνων

317 2555 648 2629 ὀχυρωθεὶς,
709 2555 800 2610 καὶ
839 2554 935 2608 τοῦ
972 2554 1166 2626 θρόνου
1219 2553 1642 2625 ἐπειλημμένος,
1672 2556 1762 2609 τὸν
1805 2557 1905 2626 μὲν

319 2651 703 2723 Χριστοφόρον
735 2649 915 2714 ζῶντα
961 2650 1055 2702 τοῦ
1084 2647 1275 2719 θρόνου
1309 2649 1639 2717 καταγαγὼν
1688 2649 1904 2720 φυλακῇ

320 2745 733 2815 παραδίδωσιν·
801 2743 1146 2812 ἀμυνόμενος
1193 2743 1252 2796 δὲ
1321 2743 1417 2795 καὶ
1462 2744 1743 2813 Φόρμοσον
1802 2741 1903 2812 ἤδη

319 2834 758 2904 τετελευτηκότα
799 2834 898 2903 τῆς
944 2833 1113 2886 πάλαι
1160 2832 1484 2902 διαφθορᾶς,
1519 2832 1616 2885 καὶ
1673 2831 1905 2886 ὲκδικῶν

327 2929 516 2984 ἑαυτὸν
544 2931 648 3000 τῆς
675 2928 1026 2993 ἐκπτώσεως,
1058 2929 1242 2996 ἐξάγει
1278 2928 1374 2981 τοῦ
1403 2928 1576 2996 τάφου
1599 2927 1904 2998 Φόρμοσον,

335 3026 428 3078 καὶ
459 3026 516 3077 ιν
547 3024 729 3095 θρόνῳ
770 3022 1030 3095 ἰερατικῷ
1061 3022 1354 3094 ἱερατικῶς
1390 3022 1738 3092 ἐνδεδυμένον
1766 3023 1906 3074 dmo-

335 3117 726 3187 κεφαλισθῆναι
755 3115 1080 3186 προσέταξε,
1112 3117 1206 3168 καὶ
1241 3116 1323 3177 εἰς
1353 3115 1444 3166 τὸν
1479 3114 1703 3185 Τίϐεριν
1733 3115 1904 3185 ἀπορ-

1724 1991 1846 2059 ὗτος
1876 1997 1904 2048 6
1948 2063 1957 2072 _

2009 617 2256 671 exercuit
2299 632 2473 673 annos
2529 625 2640 672 tres
2671 632 2908 684 menses,
2965 616 3138 682 duos;
3197 624 3254 672 et
3299 624 3422 686 post
3467 617 3584 683 ejus

2009 719 2240 764 mortem
2281 708 2493 763 vacavit
2525 706 2896 764 Romanorum
2931 706 3178 764 Ecclesia
3221 705 3415 761 diebus
3465 721 3581 762 sex.

2080 801 2189 855 Leo
2219 801 2338 855 dies
2385 801 2752 871 quadraginta
2811 800 3091 872 regnavit;
3149 809 3204 855 et
3250 809 3374 870 post
3406 801 3582 856 dictos

2006 893 2125 948 dies
2160 893 2311 946 illum
2332 909 2364 947 a
2393 893 2658 964 dignitate
2682 891 3112 961 Chrislophorus
3141 891 3264 961 ejus
3295 887 3583 962 presbyter

2007 993 2266 1034 amovens
2295 980 2350 1034 in
2378 980 2688 1036 custodiam
2717 977 2925 1048 injecit.
2967 988 3021 1034 et
3059 981 3131 1036 ita
3173 980 3579 1050 praesidentium

2007 1070 2209 1139 rapuit.
2277 1071 2386 1126 Sed
2438 1071 2543 1128 iste
2600 1080 2726 1141 post
2787 1085 3008 1125 menses
3063 1079 3270 1139 septem
3336 1072 3485 1139 regni
3550 1086 3579 1124 a

2010 1159 2202 1232 Sergio
2257 1162 2454 1219 throno
2511 1162 2767 1232 depulsus
2821 1169 2904 1215 est
2956 1170 3012 1215 et
3066 1160 3120 1215 in
3168 1175 3444 1216 carcerem
3495 1162 3548 1214 in

2005 1253 2214 1308 clusus.

2081 1345 2513 1415 Christophorus
2571 1347 2852 1402 mensibus
2905 1353 3152 1414 septem;
3221 1345 3312 1400 ille
3389 1354 3575 1399 autem

2008 1437 2227 1503 throno,
2289 1447 2346 1492 ut
2398 1440 2603 1494 dictum
2651 1448 2760 1505 est,
2818 1439 3080 1508 depulsus
3147 1437 3454 1492 monachus
3498 1437 3578 1491 fa-

2007 1538 2129 1584 ctus
2161 1539 2269 1585 est.

2078 1635 2301 1706 Sergius
2343 1635 2746 1706 Christophoro
2799 1637 3100 1693 succedens
3153 1637 3426 1708 gubernat
3476 1635 3582 1691 Ec-

2007 1725 2226 1781 clesiam
2269 1725 2462 1795 (annos
2500 1725 2730 1794 septem)
2781 1741 3002 1782 menses
3053 1737 3184 1788 tres.
3235 1726 3352 1781 dies
3389 1742 3482 1781 sex
3526 1737 3582 1781 et

2009 1818 2220 1889 viginti.
2265 1817 2488 1872 Vacavit
2538 1827 2720 1872 autem
2777 1819 2936 1873 sedes
2983 1818 3179 1873 diebus
3229 1819 3476 1890 quinque
3527 1828 3581 1873 et

2007 1910 2217 1981 viginti.
2257 1909 2408 1965 lllius
2441 1918 2684 1979 tempore
2735 1910 2964 1964 ecclesia
3012 1909 3268 1965 Laterani
3301 1912 3578 1965 destructa

2005 2011 2111 2066 est,
2148 2018 2312 2073 quam
2349 2009 2517 2057 totam
2566 2017 2595 2055 a
2639 2002 3012 2056 fundamentis
3037 2001 3215 2058 dictus
3254 2002 3398 2071 Papa
3430 2018 3582 2056 reno-

2006 2091 2171 2146 vavit.
2234 2092 2339 2146 lste
2386 2091 2610 2158 Sergius
2665 2092 2930 2147 diaconus
2979 2108 3103 2147 cum
3153 2100 3296 2147 esset
3345 2094 3474 2147 olim
3527 2102 3584 2147 et

2006 2183 2260 2247 illustris,
2293 2183 2360 2237 ad
2393 2183 2750 2238 obtinendum
2781 2182 3087 2237 Romanum
3117 2183 3518 2252 pontiﬁcatum,
3552 2200 3584 2238 a

2006 2271 2269 2328 Formoso
2314 2281 2646 2336 removetur,
2707 2273 2826 2342 ipso
2873 2274 3052 2327 iltl'lllll
3110 2274 3229 2341 ejus
3286 2274 3580 2327 subeunte.

2004 2364 2135 2419 Post
2160 2375 2392 2420 mortem
2427 2365 2704 2428 Formosi,
2751 2363 3151 2432 Christophoro
3196 2366 3454 2420 thronum
3487 2381 3584 2419 oc-

2004 2468 2280 2527 cupante,
2339 2459 2440 2513 iste
2500 2459 2730 2513 secessit
2787 2459 2852 2512 ad
2909 2455 3203 2520 Francos,
3259 2469 3312 2512 et
3379 2458 3585 2512 auxilio

2004 2565 2193 2604 eorum
2242 2551 2458 2619 adjutus
2490 2559 2544 2604 et
2590 2551 2788 2604 throno
2837 2550 3066 2618 potitus,
3120 2551 3583 2620 Christophornm

2006 2641 2224 2708 quidem
2289 2641 2472 2692 vivum
2525 2653 2557 2694 e
2615 2641 2814 2694 throno
2867 2639 3132 2708 dejiciens
3191 2641 3244 2693 in
3307 2655 3584 2694 carcerem

2007 2731 2280 2794 includit;
2315 2731 2643 2786 Formosum
2673 2741 2854 2785 autem
2877 2730 2990 2800 jam
3028 2740 3300 2785 mortuum
3335 2732 3402 2786 de
3432 2733 3588 2786 clade

2005 2839 2170 2893 quam
2216 2823 2345 2877 olim
2383 2823 2627 2877 subierat
2659 2822 2918 2892 puniens,
2975 2831 3029 2878 et
3080 2824 3261 2892 ipsum
3306 2826 3378 2876 ob
3427 2839 3584 2878 suam

2006 2915 2382 2984 cxpulsionem
2435 2915 2833 2977 condemnatis,
2873 2930 2903 2968 e
2950 2914 3205 2984 sepulcro
3257 2913 3582 2969 Formosum

2006 3006 2248 3062 extrahit
2277 3016 2332 3061 et
2363 3007 2417 3059 in
2473 3006 2676 3060 throno
2716 3005 3018 3074 pontiﬁcali
3063 3005 3322 3059 vestitum
3363 3004 3586 3071 pontili-

2007 3098 2198 3153 caliter
2227 3097 2406 3167 capite
2445 3097 2688 3152 truncari
2715 3097 2884 3166 jussit
2905 3105 2959 3152 et
2989 3097 3042 3151 in
3088 3095 3334 3151 Tiberim
3367 3095 3586 3165 projici,

325 3210 572 3280 ῥιφῆναι,
610 3211 705 3262 καὶ
761 3209 943 3271 πάσας
993 3207 1093 3270 τὰς
1141 3206 1236 3260 ὑπ’
1281 3206 1450 3261 αὑτοῦ
1495 3206 1903 3276 καθεσταμένας

2011 3204 2316 3260 omnesque
2366 3189 2435 3246 ab
2487 3204 2555 3244 eo
2600 3190 2930 3246 constitutas
2975 3189 3268 3258 dignitates
3319 3189 3587 3244 amoveri.

320 3301 507 3366 τάξεις
535 3299 945 3370 ἀποϐληθῆναι.
977 3299 1213 3368 Λέγεται
1240 3298 1298 3353 δὲ
1334 3301 1454 3370 μετ’
1480 3301 1540 3353 οὐ
1578 3300 1713 3353 πολὺ
1749 3299 1903 3370 παρὰ

2012 3283 2221 3339 Dicitur
2247 3299 2376 3339 vero
2409 3299 2516 3339 non
2551 3283 2725 3336 multo
2761 3290 2884 3352 post
2923 3288 2964 3336 a'
2987 3281 3356 3352 piscatoribus
3385 3281 3584 3336 invcn«

320 3396 522 3450 ἀλιέων
582 3393 890 3465 εὑρημένον
934 3393 1237 3462 Φόρμοσον,
1277 3395 1371 3444 καὶ
1411 3393 1470 3444 ὲν
1516 3394 1580 3462 τῇ
1635 3393 1904 3463 ἐκκλησίᾳ

318 3489 416 3542 τοῦ
447 3487 729 3558 μακαρίου
777 3485 986 3554 Πέτρου
1018 3483 1265 3547 τεθέντα,
1300 3485 1534 3554 ὀφθῆναι
1577 3485 1795 3547 εἰκόνας
1825 3503 1906 3538 τι-

317 3585 428 3636 νῶν
470 3583 651 3646 ἁγίων
680 3579 1092 3651 προσκυνούσας
1127 3579 1219 3631 καὶ
1253 3578 1490 3646 ἐντίμως
1519 3578 1902 3647 ὑπαγορευού-

320 3692 422 3739 σας
456 3674 652 3736 αὑτὸν,
675 3672 771 3724 καὶ
800 3671 962 3724 τοῦτο
991 3670 1150 3738 δῆλον
1182 3667 1396 3732 πολλοῖς
1429 3669 1644 3736 γέγονε.

389 3766 554 3820 Μετὰ
607 3763 835 3831 Σέργιον
893 3762 1246 3822 Ἀναστάσιος
1301 3759 1714 3830 ἀρχιερατεύει,
1748 3761 1906 3828 γένος

317 3856 421 3923 μὲν
461 3853 762 3921 Ῥωμαῖος,
815 3853 1013 3922 κρατεί
1053 3850 1111 3903 δὲ
1157 3850 1257 3918 τῆς
1303 3849 1631 3919 Ἐκκλησίας
1678 3851 1906 3920 χρόνους

317 3944 410 3996 δύο
440 3944 540 3996 καὶ
577 3945 757 4010 μῆνας
798 3940 910 4004 δύο,
946 3937 1062 3994 εἶτα
1105 3938 1365 4010 τελευτᾷ’
1404 3939 1628 4009 χηρεύει
1662 3939 1718 3992 δὲ
1753 3940 1848 3992 καὶ
1876 3941 1904 3992 6

317 4038 507 4109 θρόνος
542 4036 758 4105 ἡμέρας
790 4034 873 4100 ἓξ.

386 4131 553 4185 Μετὰ
597 4127 955 4180 Ἀναστάσιον
1008 4125 1237 4186 Λοῦνδος
1292 4125 1438 4193 γένει
1484 4122 1756 4192 Ῥωμαῖος
1809 4125 1903 4178 καὶ

313 4223 478 4284 αὐτὸς
531 4221 724 4281 πὰπας
750 4219 961 4286 γίνεται
997 4218 1172 4289 μῆνας
1202 4217 1262 4282 ἓξ
1287 4235 1300 4249 ·
1351 4216 1604 4286 σχολάζει
1649 4217 1833 4270 δὲ.καὶ
1867 4219 1898 4289 ἡ

322 4316 536 4384 Ἐκκλη
551 4314 639 4365 σία
675 4312 886 4382 ἡμέρας
915 4308 1027 4374 κς’.

382 4407 552 4461 Μετὰ
597 4401 790 4455 τοῦτον
830 4399 1215 4472 ἀρχιερατεύει
1259 4401 1510 4468 Ἰωάννης
1558 4403 1784 4472 χρόνους
1809 4407 1897 4468 ιγ’,

320 4497 496 4564 μῆνας
527 4491 596 4563 β’,
622 4491 836 4561 ἡμέρας
877 4491 950 4559 γ’.
993 4488 1158 4554 Οὗτος
1191 4493 1305 4554 υἱὸς
1347 4493 1571 4560 Σεργίου
1615 4493 1773 4547 πάπα
1809 4495 1902 4546 καὶ

2006 3384 2122 3430 tum
2146 3371 2469 3428 Formosum
2495 3384 2547 3428 et
2571 3371 2623 3426 in
2653 3371 2887 3427 ecclesia
2931 3370 3083 3426 beati
3111 3369 3260 3426 Petri
3279 3371 3584 3440 depositum

2007 3481 2149 3531 esse,
2198 3473 2331 3520 tunc
2359 3465 2502 3520 visas
2534 3479 2658 3520 esse
2699 3463 2966 3534 imagines
2997 3463 3308 3533 aliquorum
3364 3471 3586 3518 sancto-

2008 3574 2131 3614 rum
2161 3559 2456 3614 adorantes
2501 3557 2654 3611 illum
2687 3568 2741 3612 et
2775 3571 2899 3612 cum
2946 3557 3158 3611 honore
3199 3555 3544 3624 alloquentes
3570 3591 3585 3617 .

2007 3663 2060 3705 et
2093 3653 2194 3705 hoc
2223 3665 2411 3704 coram
2444 3649 2628 3704 multis
2656 3648 2928 3703 evenisse.

2079 3741 2210 3797 Post
2253 3742 2501 3811 Sergium
2554 3728 2876 3796 Anastasius
2927 3752 3202 3794 summum
3248 3736 3584 3805 pontiﬁcium

2007 3834 2234 3903 adeptus
2282 3843 2385 3899 est,
2433 3847 2634 3902 genere
2667 3832 2972 3894 llomanns,
3009 3829 3260 3899 regitque
3287 3827 3582 3882 Ecelesiani

2010 3943 2183 3984 annos
2245 3927 2406 3991 duos,
2456 3935 2510 3980 et
2561 3940 2779 3980 menses
2842 3924 3016 3990 duos;
3066 3923 3263 3978 deinde
3327 3923 3584 3981 moritur,

2008 4034 2165 4078 vacat
2195 4031 2374 4076 autem
2408 4021 2643 4074 thronus
2674 4018 2867 4074 diebus
2902 4033 3020 4072 sex.

2079 4114 2207 4169 Post
2237 4114 2592 4169 Anastasium
2632 4112 2858 4166 Lundus
2901 4124 3100 4180 genere
3137 4108 3421 4164 Romanus
3450 4124 3584 4178 papa

2008 4211 2067 4264 lit
2108 4209 2389 4264 mensibus
2418 4222 2537 4268 sex.
2570 4214 2728 4260 vacat
2757 4218 2885 4258 vero
2921 4201 3162 4259 Ecclesia
3193 4203 3385 4257 diebus
3413 4217 3505 4256 sex
3537 4213 3589 4255 et

2008 4301 2220 4372 viginti.

2077 4402 2210 4457 Post
2258 4418 2382 4457 eum
2435 4399 2813 4472 pontiﬁcatum
2865 4408 3084 4454 exercet
3127 4395 3366 4452 Joannes
3412 4411 3590 4449 annos

2011 4497 2312 4560 tredecim,
2382 4510 2598 4550 menses
2655 4493 2796 4548 duos
2839 4500 2894 4546 et
2936 4492 3053 4546 dies
3099 4501 3230 4544 tres.
3280 4487 3386 4544 Iste
3445 4489 3590 4541 (ilius

321 4591 623 4648 ἒπίσκοπος
672 4583 966 4653 Ῥαεέννης
996 4585 1070 4647 ὼς
1096 4583 1198 4653 μέν
1220 4602 1302 4637 τοι
1329 4587 1611 4656 ἐπιόήτωρ
1643 4587 1741 4654 τῆς
1783 4587 1903 4640 Ἐκ-

2013 4589 2186 4659 Sergii
2243 4603 2394 4658 papae
2433 4597 2487 4641 et
2538 4587 2828 4656 episcopus
2873 4582 3169 4644 Ravennae,
3223 4591 3282 4634 ut
3330 4580 3590 4635 Ecclesiae

327 4679 557 4748 κλησίας
605 4677 816 4729 ἐκεῖθεν
862 4675 956 4729 καὶ
986 4675 1093 4728 ἀπὸ
1143 4675 1342 4738 παντὸς
1387 4675 1480 4728 τοῦ
1529 4676 1659 4730 λαοῦ
1714 4676 1807 4729 τοῦ
1843 4679 1901 4732 ἐν

341 4770 598 4843 Ῥαϐέννῃ
632 4767 977 4822 ὲκόἀλλεται.
1009 4767 1212 4823 Τούτου
1241 4769 1306 4839 τῇ
1357 4768 1518 4840 βουλῇ
1555 4771 1649 4824 καὶ
1679 4773 1745 4842 τῇ
1776 4771 1902 4842 βοη-

336 4865 457 4934 θείᾳ
495 4865 543 4916 οἱ
594 4862 910 4932 Σαρακηνοὶ
951 4861 1000 4913 οἰ
1057 4860 1406 4930 κυριεύοντες
1455 4861 1685 4925 Ἰταλίας
1735 4864 1903 4932 ἐγγὺς

341 4957 558 5026 Ῥώμης
603 4957 893 5026 ἥττηνται.
944 4948 1079 5006 Εἶτα
1125 4952 1286 5024 αὐτὸς
1321 4954 1348 5006 6
1394 4953 1584 5016 πάπας
1647 4953 1903 5025 Ἰωάννης

318 5051 461 5120 μετά
513 5049 845 5118 Μαρκίωνος
908 5044 1228 5113 Ἀλόερίκου
1285 5045 1621 5109 εἰσελθόντες
1670 5047 1750 5112 εἰς
1803 5047 1903 5117 τὴν

321 5143 628 5199 Ἀπουλίαν
662 5140 804 5194 κατὰ
852 5137 1185 5209 Σαρακηνῶν
1236 5140 1387 5210 παρὰ
1425 5140 1771 5211 Γαριλιανδν,
1807 5143 1903 5195 καὶ

312 5236 732 5308 συμϐάλλοντες
764 5233 879 5296 τοῖς
923 5232 1260 5303 Σαρακηνοῖς
1304 5231 1564 5303 ἐνίκησαν
1608 5234 1703 5288 καὶ
1741 5233 1902 5287 πάλιν

311 5330 518 5392 αὐτοὺς
554 5326 697 5380 κατὰ
730 5323 957 5395 κράτος.
989 5319 1121 5376 Εἶτα
1153 5324 1492 5388 εἰσελθόντες
1518 5325 1575 5377 ἐν
1609 5327 1674 5396 τῇ
1712 5325 1900 5395 Ῥώμῃ

306 5424 465 5493 περὶ
497 5419 702 5481 παντὸς
751 5416 850 5471 τοῦ
881 5415 1014 5470 λαοῦ
1049 5416 1106 5468 ἐν
1132 5417 1281 5487 χαρᾷ
1328 5418 1422 5470 καὶ
1458 5420 1591 5488 τιμῇ
1642 5418 1901 5488 προσεδέ-

308 5516 560 5584 χθησαν·
614 5509 735 5564 ἀλλ’
785 5507 1019 5570 ὕστερον
1052 5507 1354 5574 διαφωνίας
1407 5509 1797 5579 ἐπισυμὸἀσης
1843 5513 1902 5563 ἐν

308 5606 670 5675 ἀμφοτέροις,
703 5606 733 5656 6
775 5600 1048 5670 Μαρκίων
1085 5599 1370 5662 ἐξωθεῖται
1405 5602 1502 5670 τῆς
1541 5602 1770 5668 πόλεως,
1809 5605 1902 5656 καὶ

309 5699 631 5752 καστέλλιὸν
675 5711 728 5747 τι
776 5693 953 5764 ὖνομα
983 5693 1157 5759 "Opta
1207 5697 1507 5766 κρατήσας,
1553 5697 1670 5748 ἐκεῖ
1707 5698 1900 5749 ἑαυτὸν

2012 4682 2178 4752 hujus
2226 4689 2522 4749 usurpator
2551 4679 2618 4732 ab
2660 4675 2811 4731 omni
2852 4672 3202 4729 Ravennensi
3231 4673 3386 4739 plebe
3431 4671 3583 4736 ejici-

2009 4784 2120 4828 tur.
2179 4772 2311 4842 Ejus
2374 4770 2604 4826 consilio
2649 4779 2704 4822 et
2749 4782 2850 4837 ope
2905 4765 3164 4820 Saraceni
3232 4763 3326 4831 qui
3379 4761 3585 4814 Italiam

2009 4865 2332 4922 obtinebant
2397 4865 2543 4918 circa
2608 4859 2840 4913 Romam
2905 4856 3103 4912 devicti
3164 4863 3312 4910 sunt.
3385 4851 3588 4907 Deinde

2006 4959 2123 5030 ipse
2155 4973 2291 5028 papa
2333 4953 2572 5012 Joannes
2616 4962 2673 5007 et
2701 4949 2946 5006 marchio
2998 4949 3279 5003 Albericus
3315 4945 3588 5002 intrantes

2007 5052 2061 5106 in
2092 5050 2347 5121 Apuliam
2383 5057 2574 5104 contra
2607 5045 2917 5100 Saracenos
2945 5041 3101 5113 juxta
3129 5039 3498 5100 Garilianum,
3534 5050 3588 5093 ct

2007 5159 2131 5200 cum
2168 5142 2252 5197 eis
2284 5157 2477 5196 manus
2504 5141 2911 5194 committentes
2938 5134 3136 5189 iterum
3163 5147 3258 5187 eos
3287 5131 3416 5185 totis
3460 5147 3584 5184 eum

2003 5237 2220 5291 viribus
2275 5234 2556 5289 fuderunt.
2611 5229 2810 5285 Postea
2858 5226 3090 5281 Romam
3165 5224 3456 5280 redeuntes
3518 5224 3588 5274 ab

2005 5329 2154 5385 omni
2202 5329 2404 5398 populo
2459 5327 2512 5378 in
2562 5323 2759 5394 gaudio
2791 5331 2846 5375 et
2892 5321 3104 5374 honore
3157 5317 3370 5386 excepti
3419 5325 3584 5376 sum;

2007 5413 2100 5477 Sed
2143 5420 2341 5474 deinde
2371 5416 2647 5472 discordia
2683 5415 2824 5468 inter
2861 5413 2984 5466 illos
3030 5419 3306 5480 surgente,
3339 5404 3584 5460 marehiu

2007 5514 2076 5568 ab
2109 5513 2244 5568 urbe
2273 5511 2586 5580 expellitur,
2611 5517 2666 5562 et
2691 5506 2916 5561 castello
2937 5503 3067 5559 Orta
3096 5501 3318 5556 nomine
3351 5497 3583 5564 potitus,

2008 5607 2116 5661 illic
2153 5621 2213 5660 se
2253 5605 2480 5668 detinet,
2535 5601 2702 5655 mittit
2743 5609 2922 5653 autem
2960 5598 3163 5665 legatos
3201 5592 3266 5646 ad
3304 5588 3581 5656 llungros,

2008 5707 2066 5752 ut
2099 5695 2322 5750 veniant
2369 5701 2423 5746 et
2471 5690 2786 5763 possideant
2817 5689 3190 5743 [tertianorum
3237 5689 3450 5742 terras;
3489 5676 3585 5744 qui

386 5856 457 5928 (5)
484 5854 790 5928 Utramque
831 5854 1202 5911 narrationem
1235 5854 1301 5910 de
1333 5870 1548 5911 carcere
1578 5865 1629 5910 et
1658 5853 1723 5910 de
1760 5851 2088 5910 monachatu
2153 5847 2535 5920 Christopltori
2565 5845 2728 5904 refert
2761 5845 2924 5902 etiam
2958 5841 3286 5900 Bernardus.
