4094 6416
523 387 670 452 4Tb

1565 386 1854 447 BASILII
1895 387 2480 452 NEOPATRENSIS
2518 393 2762 455 EPISC.

3696 393 3805 460 412

525 503 802 559 venientes
847 515 1064 556 omnem
1114 499 1376 556 Tusciam
1407 501 1834 571 perlustrarunt,
1869 513 1924 557 et
1959 519 2096 573 pue-

2217 507 2499 560 Βιανὲπαυε
2520 523 2537 541 ο
2572 509 2786 578 πέμπει
2814 507 2872 562 δὲ
2899 510 2993 563 καὶ
3023 509 3282 580 πρέσϐεις
3312 509 3446 580 πρὸς
3475 508 3796 580 Οῦγγρους,

526 610 617 649 ros
665 609 730 646 ac
787 593 1075 656 mulieres,
1139 605 1193 646 et
1247 592 1514 661 quidquid
1567 590 1788 646 auferre
1833 602 2108 662 poterant,

529 685 806 753 capientes
852 685 906 738 in
949 682 1297 754 Hungariam
1329 679 1698 752 abduxerunt.
1722 685 1848 739 ldeo
1878 684 2112 740 Romani

531 780 616 833 bis
657 779 886 846 permoti
917 777 1122 831 dictum
1177 777 1552 830 marcliionem
1589 777 1928 831 occiderunt.
1963 777 2114 830 llun-

534 869 650 938 εισι-ἰ
687 870 850 939 igitur
883 877 1066 937 postea
1103 884 1246 922 anno
1277 882 1498 936 quoque
1528 883 1624 936 per
1657 869 1875 938 longum
1899 880 2114 938 tempus

531 963 836 1016 latrociniis
877 962 1155 1016 Ronianos
1200 962 1337 1014 male
1370 962 1698 1015 tractabant.
1735 959 1980 1017 Joannes
2022 978 2116 1016 au-

535 1064 646 1108 tem
681 1055 858 1108 dictus
889 1070 1026 1124 papa
1069 1070 1098 1109 a
1132 1054 1404 1108 militibus
1448 1054 1906 1122 comprehensus,
1962 1063 2014 1110 et
2057 1055 2110 1109 in

534 1147 837 1199 custodiam
877 1147 1131 1214 injectus,
1168 1146 1239 1200 ibi
1278 1145 1494 1199 tandem
1541 1154 1832 1202 mactatur.

2226 598 2315 652 ἵνα
2353 599 2561 653 ἔλθοιεν
2597 599 2703 653 ’καὶ
2737 601 3050 670 κτήσωνται
3097 600 3196 671 τὴν
3234 604 3339 670 γῆν
3383 601 3708 670 Ῥωμαίων·
3754 603 3810 656 οἳ
3900 624 3907 629 ·

2221 690 2474 753 ἐλθόντες
2501 692 2685 745 πᾶσαν
2711 691 2812 762 τὴν
2848 691 3120 744 Τουσκίαν
3154 691 3523 760 κατέδραμον,
3557 692 3653 745 καὶ
3680 696 3812 746 παῖ·

2219 783 2317 846 δας
2341 786 2438 838 καὶ
2469 788 2762 854 γυναῖκας,
2799 787 2890 839 καὶ
2921 787 2973 840 εί
2998 802 3050 838 τι
3077 787 3263 857 ἕτερον
3293 787 3485 856 φέρειν
3514 785 3808 854 ἠδύναντο,

2221 873 2479 939 λαϐόντες
2512 880 2594 940 εἰς
2626 878 2908 949 Οὐγγρίαν
2961 880 3271 949 ἀπήγαγον.
3318 879 3410 930 Διὸ
3454 878 3505 930 oi.
3545 879 3818 947 Ῥωμαῖοι

2212 968 2588 1037 ταραχθέντες
2637 971 2730 1023 ἐπὶ
2778 969 2955 1041 τούτῳ
3002 970 3094 1022 τὸν
3145 971 3440 1041 εἰρημένον
3495 970 3816 1039 Μαρκίωνα

2218 1060 2596 1132 διεχρήσαντο.
2652 1064 2715 1115 Οἱ
2746 1063 2848 1133 μέν
2893 1079 2977 1115 τοι
3030 1061 3273 1132 Οΰγγροι
3307 1061 3540 1131 ὕστερον
3589 1062 3815 1129 ἑκάστῳ

2217 1149 2331 1202 ἔτει
2365 1155 2506 1204 κατά
2524 1152 2752 1214 πολλοὺς
2774 1152 2830 1204 δὲ
2857 1152 3086 1222 χρόνους
3107 1151 3468 1223 λῃστεύοντες
3499 1149 3814 1219 Ῥωμαίους

533 1235 722 1298 κακῶς
765 1235 1004 1289 διέθεντο
1030 1253 1044 1268 ·
1101 1237 1358 1307 Ἰωάννης
1405 1236 1464 1289 δὲ
1516 1239 1544 1290 ὁ
1593 1239 1887 1313 εἰρημένος
1930 1239 2147 1305 πάπας,
2190 1239 2296 1294 ὑπὸ
2326 1243 2678 1312 στρατιωτῶν
2721 1242 3070 1314 συλληφθεὶς,
3114 1245 3211 1296 καὶ
3272 1244 3352 1306 είς
3392 1241 3641 1309 φυλακὴν
3675 1239 3818 1311 βλη-

534 1326 667 1405 θεὶς,
687 1329 805 1381 ἐκεῖ
829 1327 1055 1399 ὕστερον
1084 1328 1478 1398 διαφθείρεται.

612 1419 973 1473 Substituitur
1018 1420 1072 1473 in
1121 1421 1240 1489 ejus
1291 1421 1468 1476 locum
1515 1421 1652 1475 alter
1678 1418 1959 1486 Joannes;
1990 1437 2113 1476 cum

535 1524 664 1560 vero
711 1509 850 1562 irale
936 1511 1297 1579 principatum
1367 1512 1641 1576 obtinuit,
1693 1528 1814 1565 mox
1874 1512 2120 1581 deiectus

533 1605 650 1660 est;
689 1597 760 1652 ob
786 1614 902 1652 eam
932 1615 1044 1654 rem
1079 1599 1131 1653 in
1180 1601 1422 1670 catalogo
1453 1605 1769 1672 pontilicuni
1807 1620 1914 1656 non
1947 1619 2120 1674 appom

535 1686 706 1740 nitur.

2309 1419 2721 1490 Ἀντεισάγεται
2764 1423 2824 1476 δὲ
2879 1425 2962 1486 εἰς
3011 1423 3103 1475 τδν
3153 1423 3343 1476 τούτου
3397 1422 3566 1476 τόπον
3619 1423 3818 1495 ἕτερος

2236 1513 2530 1583 Ἰωάννης·
2565 1515 2687 1567 ἐπεὶ
2717 1515 2773 1568 δὲ
2822 1516 3011 1576 κακῶς
3045 1514 3144 1585 τὴν
3175 1517 3352 1586 ἀρχὴν
3385 1516 3657 1585 εἰσῆλθεν,
3707 1517 3818 1571 αὑ-

2223 1605 2352 1657 τίκα
2379 1605 2437 1658 δὲ
2464 1605 2558 1659 καὶ
2582 1605 2848 1676 ἐξεϐλήθη
2872 1621 2885 1634 °
2909 1606 3000 1660 διὰ
3020 1606 3182 1659 τοῦτο
3203 1611 3297 1660 καὶ
3326 1610 3386 1660 ἐν
3412 1607 3491 1677 τῷ
3515 1607 3816 1679 καταλόγῳ

2221 1696 2334 1749 τῶν
2365 1696 2674 1768 ἀρχιερέων
2712 1699 2773 1751 οὐ
2807 1697 3040 1752 τίθεται.

547 1883 3784 1938 “mw

1805 2090 1978 2135 ANNO
2019 2090 2246 2137 DOMINI
2288 2092 2538 2138 CMXXX.

669 2290 686 2296 ί
779 2245 1128 2380 ΤΟΥ
1227 2242 2589 2386 ΜΑΚΑΡΙΩΤΑΤΟΥ
2680 2248 3574 2390 ΒΑΣΙΛΕΙΟΥ

1552 2484 2107 2541 ΜΗΤΡΟΠΟΛΙΤΟΥ
2145 2485 2334 2541 ΝΕΩΝ
2390 2485 2673 2540 ΠΑΤΡΩΝ
2711 2485 2788 2558 (ί)

1083 2643 1486 2698 ΠΡΟΛΟΓΟΣ
1529 2646 1670 2699 ΤΗΣ
1705 2647 2142 2702 ΕΡΜΗΝΕἾΑΣ
2183 2646 2324 2703 ΤΩΝ
2349 2647 2574 2700 APION
2600 2647 2694 2701 IB’
2729 2647 3129 2702 ΠΡΟΦΗΤΩΝ
3161 2646 3260 2719 (Ξ).

1208 3003 2311 3164 BEATISSIMI
2423 3006 3133 3234 BASILII

1630 3295 2144 3356 HETROPOLITIE
2186 3298 2719 3356 NEOPATRENSIS

896 3476 1304 3540 PROLOGUS
1345 3477 2106 3541 INTEBPRETATIONIS
2150 3477 2625 3542 SANCTORUM
2673 3477 2791 3540 XII
2832 3477 3450 3540 PROPHETARUM.

1589 3638 1707 3702 (MAI
1739 3630 1875 3689 Nova
1911 3640 2042 3692 Bibl.
2074 3643 2208 3692 Patr.
2243 3647 2363 3692 tom.
2390 3640 2500 3704 VII,
2541 3656 2591 3705 p.
2613 3641 2746 3706 540.)

605 3969 658 4025 l.
693 3965 825 4034 Quae
854 3966 1073 4038 quidem
1110 3965 1297 4023 divina
1332 3970 1502 4036 gratia
1555 3984 1793 4041 superne
1841 3986 1939 4042 per
1976 3971 2114 4028 divi-

2294 3969 2365 4027 α’.
2409 3971 2477 4025 Ἀ
2523 3970 2621 4042 μὲν
2667 3969 2701 4040 ή
2743 3968 2865 4023 θεία
2919 3971 3083 4040 χάρις
3136 3967 3346 4024 ἀνωθεν
3405 3971 3815 4044 φρυκτωροῦσσ

532 4076 663 4115 num
695 4061 958 4129 Spiritum
981 4059 1270 4116 cﬁundens
1295 4061 1345 4114 in
1377 4060 1526 4116 bisce
1548 4061 1832 4132 inspiratis
1863 4079 1892 4118 a
1924 4064 2033 4120 Deo
2063 4074 2114 4121 et

2224 4065 2354 4133 θείῳ
2420 4063 2700 4132 Πνεύματι
2765 4062 2943 4116 τοῖσδε
3003 4064 3063 4115 ὲν
3146 4066 3258 4128 τοῖς
3335 4064 3658 4137 Θεολήπτοις
3718 4071 3814 4120 καὶ

532 4151 870 4206 beatissimis
894 4153 1176 4220 prophetis
1228 4154 1734 4220 praemanifestavit,
1783 4157 1901 4226 ipsa
1931 4170 2116 4212 autem

534 4257 727 4297 rursus
757 4257 880 4296 vere
905 4243 1088 4296 divina
1120 4243 1213 4296 Dei
1241 4244 1293 4296 in
1321 4255 1513 4299 saneto
1559 4246 1766 4315 Spiritu
1793 4250 1964 4318 gratia
2010 4265 2115 4304 no-

532 4339 619 4394 bis
659 4338 983 4404 humilibus,
1045 4339 1280 4394 illucens
1308 4339 1528 4408 aperuit
1581 4340 1764 4406 divina
1828 4341 2112 4412 mysteria,

534 4444 646 4484 non
670 4429 998 4484 cessandum
1034 4431 1251 4484 videtur
1274 4431 1422 4484 clara
1452 4431 1909 4500 interpretatione
1939 4435 2116 4503 expli-

533 4535 678 4575 care.
731 4519 890 4587 Quod
948 4523 1095 4577 enim
1149 4521 1384 4591 simplici
1419 4532 1686 4593 quantum
1729 4525 1784 4579 in
1837 4527 1999 4582 nobis
2030 4535 2116 4583 est

535 4627 811 4676 sermone.
851 4614 931 4668 vel
965 4623 1025 4668 ut
1057 4615 1238 4671 verius
1269 4616 1580 4686 loquamur,
1623 4618 1767 4686 quod
1799 4619 2116 4688 operatione

532 4705 734 4760 Christi
760 4705 851 4760 Dei
876 4713 930 4761 et
953 4707 1079 4760 boni
1099 4707 1398 4763 Salvatoris
1419 4709 1594 4764 nostri
1620 4710 1806 4765 datum
1831 4719 1912 4766 est
1934 4711 2113 4780 nobis,

531 4815 655 4853 cum
679 4800 1014 4869 gratitudine
1037 4801 1393 4870 excipientes,
1414 4801 1531 4857 haec
1554 4803 1892 4872 interpretati
1921 4820 2113 4860 sumus

532 4901 587 4942 et
613 4891 992 4958 exposuimus,
1030 4890 1096 4945 ad
1118 4892 1576 4949 abundantiorem
1606 4894 1892 4948 scientiam
1927 4904 1981 4949 et
2019 4911 2115 4950 co-

532 4981 827 5050 gnitionem
879 4998 1068 5039 eorum
1116 4986 1211 5056 qui
1245 4986 1390 5040 circa
1425 5001 1522 5040 nos
1561 4985 1814 5056 legerint.
1848 4985 1985 5042 Nam
2014 4987 2115 5042 ob-

530 5089 692 5129 scura
737 5090 861 5130 cum
883 5077 994 5131 sint
1017 5085 1070 5133 et
1092 5087 1301 5148 operta,
1322 5079 1468 5133 velut
1489 5080 1828 5135 cernentium
1856 5080 1995 5135 male
2015 5096 2113 5136 ex-

532 5162 764 5230 planata
802 5167 1182 5233 cogitationes,
1214 5177 1269 5222 et
1291 5168 1914 5239 mtiltisinintelligibilia
1945 5171 2113 5225 simul

461 5302 464 5305 .
529 5263 583 5305 et
614 5254 1190 5326 incomprehensibilia
1231 5268 1490 5329 tanquam
1547 5276 1576 5315 a
1613 5261 1796 5316 divina
1845 5270 2112 5332 potestate

2225 4158 2677 4230 μακαριωτάτοις
2722 4154 3008 4226 προῦφηνε
3060 4158 3396 4228 προφήταις,
3452 4159 3590 4229 αὑτὴ
3660 4160 3719 4214 δὲ
3779 4163 3817 4225 ἡ

2221 4253 2392 4314 ὅντως
2445 4251 2542 4306 καὶ
2595 4245 2664 4306 αὖ
2715 4251 2839 4305 θεία
2881 4250 3019 4304 Θεοῦ
3056 4252 3115 4304 ὲν
3155 4251 3300 4322 ἁγίῳ
3336 4252 3615 4322 Πνεύματι
3653 4253 3817 4324 χάρις

2183 4349 2357 4419 ’ἡμῖν
2407 4347 2523 4407 τοῖς
2577 4345 2858 4405 ταπεινοῖς
2907 4343 3272 4412 ὲπιλάμψασα
3337 4344 3639 4414 διεσάφησε
3692 4347 3814 4400 θεῖα

2225 4438 2540 4510 μυστήρια.
2602 4437 2702 4490 οὐκ
2747 4434 3008 4504 ὀκνητέον
3069 4435 3296 4502 γέγονεν
3350 4438 3431 4498 είς
3481 4439 3807 4508 τούμφανὲς

2217 4527 2660 4601 ἐνσημήνασθαι.
2719 4527 2884 4580 Ὅσον
2938 4527 3048 4597 γὰρ
3109 4528 3346 4588 τδκαίγ
3395 4529 3544 4599 ἡμᾶς
3599 4531 3814 4603 μετρίῳ

2217 4623 2382 4693 λόγῳ,
2420 4621 2621 4692 μᾶλλον
2651 4620 2709 4673 δὲ
2736 4619 2973 4689 τάληθὲς
3003 4621 3204 4685 εἰπεῖν,
3237 4621 3362 4674 ὅσον
3391 4623 3468 4692 ζτῇ
3512 4622 3814 4693 συνεργείᾳ

2215 4712 2457 4786 Χριστοῦ
2476 4713 2569 4766 τοῦ
2601 4710 2736 4766 Θεοῦ
2767 4713 2862 4767 καὶ
2897 4711 3104 4780 ἀγαθοῦ
3148 4713 3404 4783 Σωτῆρος
3453 4713 3610 4782 ἡμῶν
3645 4713 3806 4784 ἐδόθη

2216 4809 2375 4878 ἡμῖν,
2412 4807 2470 4858 ὲν
2504 4805 2801 4873 ἐπιγνώσει
2843 4803 3126 4870 λαϐόντες,
3159 4803 3331 4858 ταῦτα
3374 4805 3468 4858 καὶ
3521 4804 3808 4875 ἡρμηνεῦ-

2219 4916 2394 4968 σαμεν
2428 4899 2521 4952 καὶ
2545 4897 2906 4966 τεθείκαμεν,
2931 4897 3012 4962 είς
3037 4897 3438 4968 περισσοτέραν
3477 4897 3682 4966 εἴδησιν
3707 4896 3806 4949 καὶ

2215 4989 2419 5059 γνῶσιν
2474 4989 2586 5042 τῶν
2627 4989 2755 5042 καθ’
2790 4991 2942 5061 ἡμᾶς
2989 4987 3414 5058 ἐντευξομένων.
3479 4988 3804 5058 Ἀσυμφανῆ

2215 5085 2325 5154 γὰρ
2378 5068 2511 5136 δντα
2555 5083 2650 5136 καὶ
2680 5069 2888 5152 ἀσαφῆ,
2921 5080 2998 5145 ὡς
3038 5080 3160 5134 λίαν
3194 5081 3250 5134 δὲ
3278 5081 3665 5151 δυστέκμαρτα
3695 5082 3805 5135 τῶν

2217 5172 2524 5244 βλεπόντων
2553 5174 2622 5226 τὰ
2649 5175 2927 5245 νοήματα,
2964 5174 3061 5226 καὶ
3104 5174 3218 5236 τοῖς
3257 5172 3474 5235 πολλοῖς
3518 5172 3806 5242 δύσληπτα

2214 5266 2303 5318 ὅτε
2334 5267 2429 5319 καὶ
2475 5266 2736 5336 ἀκίχητα,
2783 5264 2973 5335 ὥσπερ
3032 5265 3138 5318 ὑπὸ
3185 5263 3334 5326 θείας
3379 5265 3686 5334 δυνάμεως,
3727 5261 3806 5325 ὡς

528 5355 670 5417 orta,
703 5357 765 5403 ut
803 5364 992 5406 verum
1045 5355 1272 5409 omnino
1316 5365 1401 5409 est
1451 5356 1596 5426 quod
1642 5356 1850 5410 dictum
1894 5365 1999 5420 est,
2037 5356 2112 5410 ita

2220 5355 2454 5425 ἀτρεκὲς
2506 5358 2569 5411 τὸ
2617 5357 2934 5428 λεγόμενον,
2963 5354 3136 5420 οὕτως
3166 5355 3532 5428 ὲνηχηθέντες
3571 5354 3806 5420 ἄνωθεν,

601 5503 859 5580 (l)__A_nte
897 5507 1044 5561 hunc
1088 5507 1372 5576 prologum
1407 5508 1668 5562 scribitur
1701 5509 1961 5580 anonymi
2008 5511 2115 5565 hoc

529 5577 715 5630 Basilii
744 5575 1133 5646 Neopatreusis
1166 5592 1307 5646 opus
1333 5580 1774 5635 connuemlantis
1803 5575 2112 5634 admonitio

531 5648 758 5720 praevia,
793 5663 914 5720 quae
947 5648 1137 5715 incipit
1175 5664 1191 5720 ς
1324 5648 1649 5716 ὑπερούσιος
1699 5651 1790 5702 καὶ
1834 5651 2110 5720 ἀνενδεὴς.

605 5712 680 5789 (f2)
729 5712 826 5768 De_
857 5712 1369 5789 bocsanctissimo
1422 5712 1678 5789 episeopo
1731 5722 1970 5773 nondum
2016 5712 2114 5774 nos

537 5781 834 5859 quidquam
871 5786 1072 5859 liquide
1097 5781 1500 5859 comperimus—.7
1524 5781 1731 5842 Etenim
1766 5806 1940 5859 neque
1964 5805 1992 5843 a
2015 5791 2116 5844 Lc-

541 5850 728 5907 quinio
753 5850 850 5903 0r.
881 5850 973 5910 cli.
1005 5854 1069 5908 Τ.
1105 5855 1170 5912 ll.
1203 5850 1254 5924 [ἱ.
1294 5857 1419 5924 177,
1458 5858 1582 5926 178,
1631 5860 1684 5913 in
1716 5850 1986 5930 episcopis
2015 5877 2114 5918 no-

2216 5525 2407 5582 yarum
2439 5511 2721 5565 Patrarum
2758 5509 3239 5582 (Tliessalicarnm;
3277 5526 3531 5580 ponitur;
3563 5527 3734 5580 neque
3771 5529 3804 5568 a

2219 5580 2436 5636 Labbeo
2473 5582 2525 5635 in
2557 5583 2735 5650 primo
2768 5580 3026 5650 apparatu
3067 5581 3437 5637 Conciliorum
3473 5584 3614 5636 inter
3647 5583 3798 5636 Basi-

2217 5652 2320 5720 lius
2376 5649 2665 5720 episcopos
2718 5661 3049 5708 reccnsetur.
3113 5649 3499 5706 Verumtamen
3547 5651 3799 5719 Lequinii

2219 5718 2530 5791 Labbeique
2557 5718 2811 5790 catalogi,
2841 5736 3005 5789 quam
3035 5721 3144 5775 sint
3182 5723 3480 5791 imperfecti
3509 5764 3524 5788 ,
3552 5718 3801 5791 quotidie

2220 5793 2627 5859 cognoscimus,
2658 5793 2786 5844 dum
2815 5807 2880 5844 ex
2915 5792 3071 5848 novis
3107 5794 3477 5849 monumentis
3533 5807 3671 5848 nova
3694 5807 3797 5847 no-

2221 5863 2369 5916 mina
2403 5863 2608 5932 passim
2662 5862 2904 5918 elucent.
