4094 6402
377 396 493 464 413

1515 417 1600 480 ΙΝ
1638 421 2094 486 PROPHETAS
2139 429 2338 493 MINO
2348 433 2515 496 RES.

3547 439 3654 505 ιιι

376 512 477 567 καὶ
510 511 593 581 τῷ
622 511 743 568 ὄντι
779 514 956 572 τεκεῖν
983 518 1190 590 νοερῶς
1230 521 1654 596 ἐπιτραπέντες,
1687 530 1786 583 καλ⁸
1831 531 1952 600 ὀρι-

2067 548 2295 606 superne
2318 541 2497 596 edocti
2523 550 2578 598 et
2613 545 2796 616 reipsa
2846 547 3128 620 sapienter
3174 550 3327 620 loqui
3371 554 3654 610 conﬁden-

373 602 601 668 σθέντες
630 605 768 676 πρὸς
801 607 961 673 Θεοῦ,
999 611 1174 666 ταῦτα
1204 615 1287 678 εἰς
1319 615 1602 687 προῦπτον
1637 619 1961 692 λευκότερον

372 694 816 766 ἑσαφηνίσαμεν.
853 700 917 754 Οί
947 701 1056 773 γὰρ
1083 703 1192 774 πρὸ
1213 705 1372 775 ἡμῶν
1401 708 1668 765 θειότατοι
1712 714 1806 767 καὶ
1838 713 1961 770 θεο-

373 787 538 858 φόροι
569 789 837 862 Πατέρες,
889 794 948 848 ἐν
980 797 1292 867 καταλήψει
1347 799 1502 854 ταῦτ’
1551 802 1805 874 ἔχοντες,
1861 809 1962 878 οὐχ

371 877 598 933 ἅπαντα
641 879 1080 952 διηρμήνευσαν,
1131 887 1282 944 ἔστιν
1341 893 1542 960 εἰπεῖν,
1585 895 1732 966 nam
1772 898 1864 952 διὰ
1898 877 1961 952 τό

371 971 732 1041 πολυπληθὲς
774 975 888 1029 τῶν
932 978 1220 1049 νοημάτων
1253 983 1324 1038 τὰ
1347 986 1522 1040 πολλὰ
1555 991 1958 1059 παρεάσαντες,

373 1063 412 1135 ἦ
435 1064 522 1118 ὅτι
554 1064 677 1119 θεία
731 1085 820 1132 τις
863 1069 956 1123 καὶ
980 1073 1120 1142 πρὸς
1139 1073 1202 1129 τὸ
1230 1076 1409 1148 τέρμα
1435 1079 1589 1133 τοῦδε
1623 1083 1720 1136 τοῦ
1751 1085 1958 1153 κόσμου

369 1157 732 1227 ταμιεύσασα
786 1163 1060 1233 τετήρηκε
1112 1165 1236 1220 θεία
1289 1169 1472 1240 χάρις,
1529 1173 1617 1227 διὰ
1663 1175 1725 1227 τὸ
1757 1176 1854 1230 καὶ
1893 1179 1961 1231 τὰ

370 1246 500 1299 καθ’
533 1248 682 1318 ἡμᾶς
706 1250 807 1321 ήδη
839 1251 1012 1323 πέρας
1061 1253 1228 1324 ἔχειν,
1262 1259 1361 1313 καὶ
1409 1261 1546 1332 πρδς
1577 1265 1752 1320 αίῶνα
1781 1267 1960 1321 νεύειν

367 1341 466 1392 τὸν
491 1342 890 1412 ἐπερχόμενον.
918 1346 1054 1400 Οὐδὲ
1081 1348 1193 1421 γὰρ
1222 1351 1344 1423 εἰκῇ
1393 1353 1486 1408 τὸν
1517 1355 1750 1425 τυχόντα
1797 1359 1960 1416 πόνον

367 1431 470 1484 καὶ
494 1431 699 1502 ἱδρῶτα
754 1436 905 1490 τόνδε
939 1439 1032 1492 τὸν
1059 1441 1389 1516 ὀνησιφόρον
1411 1447 1852 1520 κατεϐαλόμεθα,
1877 1454 1962 1518 εἰς

364 1524 516 1595 ἀέρα
547 1527 712 1597 μόνον
736 1529 829 1588 τὸν
858 1532 982 1586 νοῦν
1005 1535 1277 1606 δέροντες.

438 1618 510 1687 β’.
549 1619 690 1675 Ἀλλ’
711 1623 902 1695 ἐπειδὴ
921 1627 1186 1699 ἑωρῶμεν
1202 1630 1329 1694 τοὺς
1342 1633 1661 1705 ἀλιτηρῖους
1677 1634 1963 1708 Ἐϐραίους

378 1712 520 1778 μετὰ
545 1713 820 1776 τοσαύτας
845 1719 1094 1784 παιδείας
1124 1721 1221 1776 καὶ
1260 1722 1659 1791 ὲξωκείλαντας
1685 1728 1780 1782 τοῦ
1819 1731 1963 1798 ἀγα-

382 1803 501 1871 θοῦ,
535 1807 628 1860 καὶ
651 1806 734 1860 ἔτι
760 1809 1196 1882 τληπαθοῦντας,
1223 1821 1320 1871 καὶ
1352 1817 1497 1872 πάνυ
1529 1835 1592 1887 γε
1625 1821 1964 1892 κερτομοῦν-

389 1912 508 1961 τας,
561 1898 975 1974 ἀθυροστόμους
1026 1923 1086 1960 τε
1131 1907 1583 1981 βρενθυομένους,
1625 1915 1720 1968 καὶ
1762 1915 1816 1968 εἴ
1857 1933 1960 1970 που

391 1989 591 2057 τύχοιεν
618 1994 748 2056 τοὺς
792 1994 1192 2068 ἀφελεστέρους
1247 2003 1660 2073 φινακίζοντας,
1703 2008 1798 2061 καὶ
1848 2009 1962 2062 δει-

384 2080 487 2143 νῶς
521 2082 1002 2156 διατεινομένους,
1054 2093 1152 2145 καὶ
1204 2094 1628 2164 ἀντιλέγοντας,
1686 2099 1762 2163 ὡς
1809 2092 1962 2153 οὔπω

376 2172 500 2224 κατ’
531 2176 732 2239 αὐτοὺς
781 2179 810 2232 6
834 2181 1074 2252 Χριστὸς
1102 2177 1231 2256 ἧκε,
1274 2189 1740 2260 προσδεχομένους
1774 2209 1834 2246 τε
1866 2193 1962 2246 καὶ

374 2268 827 2337 καραδοκοῦντας
863 2275 944 2338 είς
980 2275 1189 2344 μάταια
1231 2277 1326 2333 τὸν
1377 2280 1750 2353 Ἀντίχριστον
1775 2286 1962 2349 αὐτοῖς

373 2358 601 2415 ἔσεσθαι
629 2364 689 2416 τὸ
723 2364 918 2420 δοκοῦν
944 2367 1038 2421 τὸν
1091 2369 1328 2441 δυσσεϐῆ
1378 2375 1473 2427 καὶ
1518 2376 1721 2431 πλάνον
1742 2394 1756 2409 ο
1791 2378 1962 2434 πολλὰ

371 2450 431 2506 δὲ
460 2454 556 2508 καὶ
610 2454 746 2511 ἄλλα
800 2457 1084 2530 δεινότερα
1129 2462 1273 2517 κατὰ
1316 2465 1416 2535 τῆς
1466 2466 1773 2538 ἀμωμήτου
1803 2470 1962 2541 ήμῶν

375 2546 487 2602 τῶν
510 2549 856 2620 Χριστιανῶν
877 2552 1115 2618 πίστεως
1137 2554 1479 2628 βλασφήμως
1511 2562 1962 2632 ὲρεσχελοῦντας,

378 2639 476 2696 καὶ
527 2641 612 2702 είς
663 2643 829 2704 κενὰς
878 2642 1105 2707 ἐλπίδας
1158 2649 1460 2719 κεχηνότας
1509 2651 1636 2716 τοὺς
1692 2653 1960 2724 ἄφρονας,

378 2732 518 2785 ἀλλὰ
569 2734 665 2787 καὶ
730 2735 840 2789 τῶν
898 2737 1022 2791 κατ’
1060 2740 1262 2804 αὐτοὺς
1303 2743 1520 2796 ἀσεϐῶν
1569 2746 1863 2815 αἱρετικῶν
1893 2750 1962 2804 τὰ
2000 2746 2004 2750 ’

382 2823 682 2894 βλάσφημα
723 2827 969 2897 στόματα
999 2832 1117 2900 μετ’
1139 2832 1320 2887 αὐτῶν
1353 2834 1460 2888 τῶν
1485 2837 1689 2904 ὁμοίων
1723 2841 1788 2909 τῇ
1823 2840 1962 2894 Θεοῦ

384 2918 680 2990 συνεργείᾳ
703 2921 985 2990 ἐμφράξαι
1012 2922 1350 2992 βουλόμενοι,
1385 2927 1480 2979 καὶ
1497 2927 1690 2996 δεῖξαι,
1713 2931 1809 2984 καὶ
1841 2935 1964 2986 πεῖ·

381 3025 496 3072 σαι,
544 3009 617 3072 ὡς
650 3007 753 3082 ἧκε
806 3013 1042 3083 Χριστὸς
1089 3016 1186 3069 καὶ
1234 3015 1405 3070 ἔπαθε
1441 3023 1784 3090 σαρκοφόρος
1811 3025 1963 3092 γενό-

383 3118 566 3167 μενος,
596 3103 691 3156 καὶ
723 3103 955 3175 τέθνηκε
994 3108 1086 3162 καὶ
1109 3110 1336 3182 ἀνέστη,
1371 3112 1466 3166 καὶ
1506 3114 1786 3186 ἀνελήφθη
1825 3118 1961 3188 πρδς

380 3195 472 3248 τὸν
505 3196 730 3266 Πατέρα
775 3199 857 3262 εἰς
906 3201 1170 3270 οὐρανοὺς
1222 3205 1358 3274 μετὰ
1394 3205 1670 3275 σώματος,
1705 3210 1800 3263 καὶ
1842 3211 1961 3281 ἥξει

381 3289 547 3342 πάλιν
574 3291 604 3343 6
633 3289 796 3354 αὐτὸς
829 3291 904 3354 ὡς
941 3291 1294 3364 θεάνθρωπος
1321 3295 1399 3348 ὣν
1452 3299 1591 3368 μετὰ
1615 3302 1714 3370 τῆς
1748 3301 1964 3373 ἀφθάρ-

377 3397 477 3434 του
526 3383 730 3454 σαρκὸς
786 3385 954 3440 αὐτοῦ
985 3403 1000 3418 ο
1039 3388 1135 3440 καὶ
1193 3389 1279 3442 ὅτι
1317 3383 1477 3454 οὗτός
1529 3394 1680 3445 ἐστιν
1711 3394 1738 3445 6
1780 3395 1912 3459 Θεὸς
1936 3396 1967 3449 6

379 3477 575 3539 ἀΐδιος.
637 3476 820 3532 Ταῦτα
895 3480 1070 3548 δεῖξαι
1146 3483 1463 3554 βουλόμενοι
1515 3487 1596 3551 είς
1669 3489 1967 3543 κατάλυσιν

379 3571 492 3624 τῶν
555 3571 795 3636 ἀσεϐῶν,
851 3574 947 3628 καὶ
1004 3577 1086 3640 εἱς
1139 3578 1484 3632 ἀνακαίνισιν
1541 3579 1652 3633 τῶν
1701 3581 1964 3649 εὐσεϐῶν,

377 3662 454 3724 ὡς
503 3662 566 3715 ὲν
645 3665 954 3734 προφήταις
1010 3666 1313 3736 ὁμοφώνως
1375 3671 1719 3741 δηλούμενα,
1795 3674 1966 3729 ταῦτα

375 3753 753 3826 διεξήλθομεν,
789 3758 900 3812 πᾶν
950 3759 1130 3830 νόημα
1181 3763 1280 3832 τῆς
1329 3763 1492 3832 ἁγίας
1545 3765 1772 3834 Γραφῆς
1825 3768 1967 3821 κατὰ

377 3847 600 3902 Παῦλον
666 3849 756 3901 τὸν
811 3851 985 3919 μέγαν
1031 3852 1332 3908 ἀπόστολον
1402 3855 1492 3907 ἐπ’
1546 3855 1784 3928 ὠφελείᾳ
1857 3860 1967 3913 τῶν

377 3937 692 3991 ἀκουόντων
739 3941 1027 4011 εἰρημένον
1057 3943 1136 4005 εἰς
1170 3943 1405 4014 Χριστὸν
1439 3947 1964 4017 αἰχμαλωτίζοντες.

451 4032 530 4100 γ’.
557 4033 670 4088 Καί
696 4029 786 4104 μοι
808 4035 899 4089 τὸν
935 4036 1060 4089 νοῦν
1083 4037 1325 4102 εὐσεϐῶς
1358 4041 1694 4111 ὲπιστήσατε
1724 4043 1840 4097 ὅσοι
1869 4047 1966 4115 τῆς

383 4127 672 4198 μακαρίας
716 4127 866 4198 ζωῆς
917 4134 977 4184 ἐν
1033 4131 1250 4201 μεθέξει
1308 4133 1566 4202 γενέσθαι
1621 4138 1864 4207 ἐφίεσθε,
1897 4140 1966 4193 ἵν’

379 4220 535 4292 (ante
590 4220 712 4284 πῶς
764 4215 909 4276 οἶδεν
949 4225 1007 4276 ὲν
1050 4225 1267 4295 ὀργάνῳ
1315 4228 1559 4298 πενιχρῷ
1585 4229 1828 4300 ταπεινῷ
1874 4231 1968 4284 καὶ

380 4310 610 4381 σμικρῷ
641 4313 668 4363 ό
695 4312 829 4376 Θεὸς
883 4313 1067 4366 λαλεῖν
1098 4315 1168 4368 τὰ
1213 4315 1377 4368 αὐτοῦ
1399 4330 1413 4344 ⁶
1469 4317 1660 4387 μηδεὶς
1688 4318 1967 4388 ἀντίλογος

381 4405 548 4468 ἔστω,
603 4404 980 4476 φιλόχριστοι*
1036 4408 1134 4477 οὐχ
1196 4407 1471 4480 ἡμέτερον
1515 4409 1575 4462 τὸ
1625 4411 1832 4482 δρᾶμα,
1871 4413 1968 4467 τοῦ

383 4493 523 4549 Θεοῦ
557 4495 671 4567 γὰρ
703 4497 736 4566 ἡ
780 4497 961 4566 χάρις,
990 4497 1080 4551 ἵνα
1111 4498 1260 4570 δείξῃ
1307 4499 1389 4553 ὅτι
1443 4500 1511 4553 τὰ
1565 4501 1968 4574 ἐξουθενημένα

2063 639 2170 694 tes,
2199 640 2253 686 et
2296 648 2362 687 ex
2394 633 2507 690 Deo
2532 637 2877 706 deﬁnientes,
2915 643 3031 698 haec
3063 642 3116 698 in
3149 643 3513 714 limpidiorem
3538 649 3655 703 cla-

2061 721 2276 777 ritatem
2313 730 2724 796 proposuimus.
2762 731 2866 797 Qui
2898 735 3042 788 enim
3087 744 3215 790 ante
3249 752 3350 792 nos
3413 741 3656 796 sanctis-

2062 812 2184 868 simi
2247 824 2303 870 et
2335 816 2506 872 divini
2549 819 2738 877 Patres
2760 825 2956 880 horum
2992 828 3413 898 intelligentiam
3451 832 3658 886 habue-

2063 909 2211 966 runt,
2245 918 2353 958 non
2394 908 2582 962 omnia
2617 908 2960 982 interpretati
2996 926 3148 983 sunt,
3191 917 3243 971 id
3275 927 3379 979 est.
3410 920 3492 974 vel
3526 922 3655 989 quia

2062 992 2454 1047 sententiarum
2520 998 2921 1055 multitudinem
2980 1005 3302 1076 plerumque
3351 1011 3656 1077 praetermi-

2061 1093 2274 1147 serunt,
2345 1086 2428 1142 vel
2486 1091 2618 1158 quia
2666 1092 2853 1149 divina
2915 1097 3165 1166 quaedam
3211 1097 3265 1152 in
3317 1101 3504 1153 mundi
3536 1100 3654 1169 ejus

2061 1174 2354 1230 terminum
2390 1191 2665 1248 seponens
2700 1183 2875 1252 gratia
2922 1189 3270 1254 reservavit,
3320 1189 3484 1247 rebus
3532 1207 3656 1261 quae

2061 1261 2207 1318 circa
2231 1279 2334 1320 nos
2363 1279 2492 1324 sunt
2520 1271 2681 1326 linem
2728 1289 2857 1329 mox
2903 1276 3258 1344 habentibus,
3308 1289 3363 1335 et
3392 1282 3457 1335 ad
3503 1283 3653 1336 futu-

2062 1369 2182 1409 rum
2229 1359 2484 1415 saeculum
2516 1364 2888 1424 tendentibus.
2928 1366 3047 1426 Non
3083 1372 3230 1426 enim
3278 1382 3480 1430 temere
3513 1392 3653 1446 prte-

2059 1453 2273 1503 sentem
2317 1451 2558 1508 laborem
2589 1465 2645 1510 et
2689 1459 2920 1516 sudores
2977 1461 3113 1517 istos
3157 1465 3426 1521 salutares
3456 1482 3652 1524 susce.

2061 1539 2263 1609 pimus,
2295 1542 2349 1597 in
2381 1559 2561 1601 aerem
2602 1557 2810 1604 tantum
2858 1565 3093 1609 mentem
3129 1555 3482 1626 dissipantes.

2131 1631 2188 1685 Ξ.
2225 1633 2329 1688 Sed
2359 1637 2617 1704 quoniam
2653 1640 2892 1698 vidimus
2946 1643 3188 1701 nefarios
3237 1647 3499 1705 Hebraeos
3528 1660 3652 1722 post

2063 1729 2174 1775 tam
2200 1722 2403 1780 multas
2437 1727 2831 1796 castigationes
2860 1747 3082 1790 aversos
3103 1749 3132 1788 a
3165 1735 3332 1801 bono,
3365 1740 3496 1794 etin
3533 1740 3650 1809 ipsa

2064 1814 2242 1869 adhuc
2267 1830 2429 1885 poena
2464 1819 2700 1875 multum
2753 1822 3108 1890 insultantes,
3154 1825 3455 1898 linguaque
3486 1828 3651 1884 ell‘re-

1993 1893 2038 1954 B
2065 1915 2193 1960 nata
2223 1908 2627 1977 superbientes,
2666 1921 2722 1966 et
2751 1913 2799 1967 si
2841 1915 2933 1983 qui
2970 1917 3320 1971 occurrerint
3353 1918 3654 1972 modestio-

2072 2011 2172 2075 res.
2217 2001 2569 2068 pertinaciter
2620 2004 2949 2070 obstinatos,
2982 2009 3445 2074 contradicentes,
3493 2012 3655 2081 quasi

2069 2092 2310 2146 nondum
2338 2095 2596 2152 Christus
2653 2099 2794 2168 apud
2845 2100 2970 2155 illos
3014 2102 3247 2169 venerit,
3275 2113 3557 2171 sperantes
3602 2113 3656 2158 et

2068 2195 2450 2256 exspectantes
2479 2191 2533 2243 in
2578 2202 2781 2246 vanum
2824 2193 3226 2250 Antichristum
3263 2196 3372 2252 illis
3408 2197 3654 2254 futurum

2069 2291 2214 2341 esse,
2243 2293 2353 2348 quo
2378 2280 2652 2337 videbitur
2675 2284 2879 2353 impius
2909 2297 2962 2340 et
2987 2287 3220 2341 mendax
3259 2305 3274 2354 ;
3311 2290 3477 2344 multa
3513 2306 3657 2361 quo-

2071 2385 2176 2440 que
2207 2371 2316 2426 alia
2339 2373 2580 2429 truciora
2615 2375 2672 2430 in
2718 2387 2964 2433 nostram
3005 2377 3444 2435 Christianorum
3472 2383 3656 2438 incor-

2071 2473 2285 2534 ruptam
2329 2466 2488 2522 ﬁdetn
2533 2483 2659 2523 cum
2714 2469 3074 2541 blasphemiis
3124 2474 3464 2544 cavillantes,
3512 2487 3565 2532 et
3600 2477 3655 2531 in

2070 2571 2222 2626 spem
2253 2559 2470 2614 inanem
2502 2569 2562 2615 ut
2590 2562 2789 2617 stultos
2819 2563 3058 2629 hiantes,
3086 2565 3340 2621 volumus
3366 2569 3656 2637 impiorum

2069 2649 2213 2704 inter
2242 2649 2454 2706 illos‘et
2479 2645 2864 2709 haereticorum
2897 2656 3330 2726 blasphemantia
3365 2673 3461 2714 ora
3493 2661 3660 2730 ipsis-

2071 2751 2180 2795 met
2223 2741 2502 2799 similibus
2534 2745 2842 2802 rationibus
2871 2745 2982 2803 Deo
3017 2748 3316 2819 adiuvante
3341 2752 3656 2817 occludere,

2070 2835 2359 2889 ostendere
2387 2844 2443 2889 et
2471 2838 2821 2904 persuadere,
2865 2839 3146 2895 Christum
3208 2843 3320 2912 jam
3357 2845 3574 2900 venisse
3604 2857 3660 2901 et

2071 2939 2291 2993 passum
2324 2942 2447 2982 esse
2477 2930 2529 2983 in
2561 2944 2728 2984 carne
2777 2933 3005 2999 factum,
3062 2945 3343 2990 mortuum
3388 2951 3510 2992 esse
3530 2977 3546 3002 ,
3574 2955 3658 2993 re-

2071 3019 2402 3083 surrexisse,
2467 3023 2784 3078 ascendisse
2841 3025 2910 3080 ad
2967 3023 3183 3080 Patrem
3233 3028 3286 3080 in
3319 3029 3485 3084 coelos
3529 3046 3653 3085 cum

2071 3122 2300 3178 corpore
2354 3125 2476 3175 suo,
2525 3122 2582 3167 et
2636 3125 2926 3170 venturum
2967 3133 3090 3173 esse
3145 3119 3342 3174 iterum
3399 3123 3652 3176 eumdem

2071 3200 2242 3256 Deut‘n
2295 3203 2457 3258 simul
2513 3214 2568 3260 et
2602 3207 2878 3263 hominem
2935 3225 3058 3264 cum
3111 3225 3210 3265 sua
3251 3213 3655 3283 incorruptibili

2069 3309 2258 3359 carne,
2285 3297 2517 3351 ethunc
2563 3297 2735 3352 Deum
2778 3315 2901 3356 esse
2953 3314 3218 3358 aeternum
3251 3320 3265 3357 :
3295 3306 3412 3359 haec
3463 3315 3656 3362 osten-

2071 3385 2208 3440 dere
2240 3387 2486 3442 volentes
2521 3389 2575 3442 in
2605 3390 3041 3448 destructionem
3085 3395 3376 3464 impiorum
3419 3407 3658 3452 etrcno-

2069 3478 2344 3533 vationem
2385 3481 2621 3549 piorum,
2648 3491 2704 3537 ut
2734 3483 2877 3554 apud
2915 3487 3214 3556 prophetas
3251 3488 3497 3542 unanimi
3526 3505 3661 3541 con-

2069 3586 2234 3626 sensu
2274 3572 2645 3630 manifestata.
2683 3575 2810 3632 llaec
2837 3580 3218 3648 exposuimus,
3263 3595 3483 3633 omnem
3524 3596 3659 3633 san»

2068 3673 2170 3719 cla:
2217 3664 2519 3734 Scriptum
2573 3670 2900 3724 sententiam
2926 3671 3084 3741 juxta
3135 3673 3362 3726 Paulum
3397 3689 3656 3743 magnum

2069 3756 2396 3824 Apostolum
2431 3759 2472 3824 ¹,
2513 3759 2581 3814 ad
2636 3762 2926 3816 utilitatem
2989 3765 3328 3819 audientium
3387 3764 3656 3831 prolatam

2079 3849 2134 3902 in
2169 3851 2448 3906 Christum
2473 3854 2835 3923 captivantes.

2139 4041 2193 4095 5.
2215 4040 2538 4112 Μὶιιίςίςὶιυτ
2554 4053 2786 4098 mentem
2811 4043 2896 4112 pie
2921 4044 3191 4110 adhibete,
3209 4055 3475 4117 quotquot
3491 4047 3661 4104 beatae

2070 4134 2192 4188 vitae
2217 4144 2500 4189 consortes
2527 4135 2640 4190 ﬁeri
2671 4137 2892 4205 cupitis,
2937 4146 2994 4191 ut
3019 4138 3246 4194 videatis
3278 4144 3554 4209 quomodo
3589 4144 3643 4194 in

2071 4241 2280 4297 organo
2302 4226 2489 4292 debili,
2523 4228 2712 4281 humili
2745 4238 2798 4283 et
2825 4245 2993 4299 parvo
3024 4231 3246 4286 sciverit
3269 4231 3410 4287 Deus
3430 4249 3525 4289 sua
3548 4235 3662 4288 clo-

2071 4324 2164 4390 qui
2201 4336 2216 4385 ;
2248 4321 2432 4374 nullus
2488 4322 2851 4386 ccutradicat,
2917 4322 3125 4377 Christi
3189 4336 3464 4380 amatores
3495 4344 3510 4381 :
3548 4342 3660 4382 non

2071 4425 2319 4468 nostrum
2347 4423 2430 4468 est
2467 4428 2646 4482 Opus;
2683 4415 2774 4468 Dei
2821 4416 2966 4470 enim
3008 4418 3181 4487 gratia
3209 4428 3316 4482 est,
3377 4426 3436 4472 ut
3471 4428 3660 4474 osten-

2070 4507 2233 4561 datur
2262 4507 2686 4576 contemptibilia
2704 4517 2755 4561 et
2775 4508 3000 4563 humilia
3023 4525 3052 4562 a
3099 4509 3208 4564 Deo
3244 4511 3421 4566 electa
3450 4527 3570 4566 esse
3592 4511 3662 4564 ad

391 4589 482 4640 καὶ
539 4588 611 4640 τὰ
666 4588 901 4642 ταπεινὰ
929 4589 1214 4654 ἐξελέξατο
1257 4593 1286 4644 6
1325 4591 1480 4658 Θεδς,
1510 4592 1600 4646 ἵνα
1627 4596 1965 4667 καταισχύνῃ

2073 4599 2519 4655 confundendum
2555 4599 2715 4654 fortia
2747 4603 2790 4654 '.
2822 4600 2923 4666 Qui
2958 4602 3106 4655 enim
3153 4617 3254 4672 ego
3284 4617 3427 4665 sum,
3459 4620 3667 4672 parvus

390 4681 457 4734 τὰ
487 4682 708 4752 ἰσχυρά.
751 4681 848 4745 Τίς
893 4681 1002 4753 γὰρ
1059 4680 1172 4750 ἐγὼ
1209 4686 1238 4737 6
1281 4686 1479 4755 μικρὸς
1507 4687 1599 4739 κα)⁵
1632 4689 1846 4759 πτωχὸς
1871 4693 1968 4744 καὶ

381 4773 712 4844 ἁμαρτωλὸς
756 4773 1066 4845 ἄνθρωπος,
1102 4775 1190 4828 ἵνα
1234 4778 1302 4830 τὰ
1345 4778 1488 4832 αὐτὰ
1527 4780 1608 4843 εἰς
1639 4780 1766 4833 νοῦν
1791 4781 1974 4836 λαϐὼν

391 4867 505 4924 τοῖς
550 4865 688 4938 ἐμοῦ
745 4866 1019 4936 ἐξείποιμι
1070 4869 1416 4937 κρείττοσιν;
1474 4871 1599 4924 ὅθεν
1635 4871 1848 4926 εἰσεσθε
1881 4876 1977 4929 καὶ

393 4954 564 5024 αὖθις,
615 4960 719 5014 οὐκ
755 4960 814 5024 ἐξ
849 4960 1008 5030 ἐμοῦ,
1063 4960 1200 5016 ἀλλὰ
1231 4961 1370 5015 Θεοῦ
1415 4962 1477 5016 τὸ
1523 4963 1716 5034 δῶρον.
1752 4965 1844 5035 Μὴ
1883 4965 1978 5019 οὖν

388 5052 476 5106 διὰ
506 5052 564 5106 τὸ
597 5051 850 5116 ἐλλειπὲς
882 5054 976 5106 καὶ
1002 5052 1064 5105 οὐ
1090 5053 1266 5124 πάντη
1322 5054 1671 5125 καταληπτὸν
1705 5056 1804 5126 τὴν
1837 5059 1979 5126 ἀγα-

384 5145 488 5214 θὴν
512 5144 720 5214 ταύτην
750 5145 959 5216 εἰδησίν
982 5162 1066 5208 τις
1103 5146 1500 5217 ἐκμυκτηριετ·
1523 5148 1658 5201 Θεοῦ
1709 5151 1816 5217 γάρ
1845 5152 1961 5202 ἔστι

385 5239 555 5307 μόνου
606 5240 668 5291 τὸ
720 5239 829 5292 πᾶν
872 5238 1190 5304 ἀπταίστως
1264 5241 1809 5310 καταλαμϐάνεσθαι.
1877 5245 1971 5297 Διὸ

379 5329 645 5396 δυσωπῶ,
709 5331 1013 5402 σκοπητέον
1057 5329 1198 5384 ἔστω
1249 5333 1362 5396 τοῖς
1389 5331 1684 5402 φιλοθέοις,
1732 5335 1806 5406 μὴ
1852 5339 1970 5400 τοῖς

385 5421 656 5482 ἐναντίοις
681 5438 731 5472 τι
762 5422 869 5474 τῶν
898 5422 1079 5475 καλῶν
1111 5423 1399 5494 προέσθαι,
1432 5425 1570 5479 ἀλλὰ
1620 5427 1884 5496 νουνεχῶς
1910 5445 1970 5481 τε

385 5514 488 5566 καὶ
524 5515 968 5584 ὲπιστημονικῶς
1000 5517 1058 5568 ἰν
1091 5517 1349 5588 ἀκριϐείᾳ
1382 5518 1558 5572 ταῦτα
1603 5520 1969 5589 διαλέγεσθαι,

391 5607 472 5677 μὴ
536 5606 942 5676 παροδευτικῶς
996 5608 1130 5677 μηδὲ
1193 5609 1537 5678 φιλονείκως,
1601 5615 1694 5683 ἀφ’
1739 5609 1800 5670 οὐ
1847 5616 1970 5670 οὐδὲ

389 5696 678 5768 λυσιτελὴς
715 5700 748 5768 ἠ
778 5698 1041 5767 ὠφέλεια,
1076 5699 1211 5754 ἀλλὰ
1241 5702 1502 5770 φιλοθέως
1543 5706 1636 5760 καὶ
1668 5723 1971 5778 πνευματι-

480 5863 494 5893 ¹
527 5861 548 5917 l
581 5861 724 5918 Tim.
761 5872 844 5924 ιιι,
882 5858 967 5913 l6.
1045 5863 1062 5892 ²
1096 5858 1266 5917 lCor.
1303 5877 1341 5926 ι,
1369 5861 1457 5917 27.

2076 4705 2130 4749 et
2187 4693 2470 4748 mendicus
2506 4701 2560 4747 et
2589 4701 2840 4757 peccator
2868 4692 3054 4756 homo,
3095 4701 3154 4746 ut
3177 4694 3364 4748 eadem
3389 4694 3442 4747 in
3477 4705 3662 4749 mente

2074 4785 2415 4856 perspiciens
2439 4784 2760 4840 melioribus
2806 4800 2893 4839 me
2937 4786 3231 4839 enarrem?
3259 4784 3439 4851 Quare
3473 4786 3665 4841 sciatis

2075 4879 2298 4944 iterum,
2352 4878 2404 4934 id
2455 4894 2562 4932 non
2608 4894 2672 4932 ex
2714 4894 2800 4932 me
2829 4893 2972 4944 esse,
3030 4878 3124 4932 sed
3165 4877 3258 4932 Dei
3320 4878 3550 4933 donum.
3583 4879 3664 4934 Ne

2079 4972 2245 5042 igitur
2274 4980 2500 5041 propter
2525 4970 2797 5026 defectum
2829 4979 2926 5024 aut
2955 4968 3420 5035 insumcientiam,
3456 4971 3659 5024 bonam

2081 5064 2226 5118 hanc
2275 5063 2584 5118 doctrinam
2626 5064 2826 5134 aliquis
2859 5065 3126 5119 irrideat:
3163 5063 3256 5117 Dei
3303 5064 3448 5118 enim
3489 5063 3662 5118 solius

2079 5165 2163 5211 est
2221 5165 2392 5210 totum
2437 5154 2794 5211 infallibiliter
2840 5155 3326 5225 comprehendere.
3379 5155 3502 5210 Ideo
3534 5169 3664 5223 rogo

2035 5284 2043 5294 ι
2080 5257 2138 5302 ut
2166 5247 2290 5302 talis
2329 5248 2401 5301 sit
2436 5247 2526 5301 Dei
2583 5248 2778 5305 amicis
2816 5264 3038 5317 scopus,
3065 5264 3131 5302 ne
3163 5248 3311 5302 velut.
3360 5245 3661 5301 adversarii

2082 5339 2288 5407 aliquid
2353 5339 2478 5393 boni
2526 5340 2964 5409 prmtermittant,
3021 5342 3114 5394 sed
3145 5349 3205 5394 ut
3261 5339 3554 5408 prudenter
3608 5343 3664 5389 et

2081 5433 2360 5502 sapienter
2392 5447 2516 5485 cum
2543 5431 2821 5502 diligentia
2867 5431 2984 5486 haec
3015 5439 3288 5496 tractent;
3334 5445 3438 5482 non
3465 5441 3663 5496 prope-

2079 5525 2255 5581 rando
2316 5541 2494 5595 neque
2561 5525 2903 5599 aemulando,
2964 5525 3110 5579 unde
3175 5522 3324 5576 nulla
3397 5518 3663 5574 salutaris

2083 5618 2292 5673 utilitas
2335 5617 2533 5682 oritur,
2582 5616 2675 5672 sed
2717 5631 2842 5670 cum
2883 5615 2977 5672 Dei
3023 5629 3208 5670 amore
3237 5621 3290 5669 et
3347 5611 3401 5666 in
3449 5610 3660 5680 Spiritu

2081 5726 2209 5767 cum
2234 5709 2499 5767 modestia
2524 5711 2640 5769 haec
2666 5709 2913 5781 accipite,
2941 5718 2994 5766 et
3020 5709 3316 5780 explorate,
3347 5716 3406 5763 ιιι
3434 5719 3528 5762 vos
3555 5718 3662 5759 tua-
