4094 6398
522 391 630 454 415

1268 394 1562 457 BASILII
1604 392 1983 459 NEOPATR.
2020 395 2141 458 ΕΡ.
2182 396 2267 477 ΙΝ
2305 393 2758 458 PROPHETAS
2797 395 2966 455 MIN.

3596 452 3604 460 ,
3670 385 3773 449 “6

511 504 605 573 jus
651 501 866 556 lucrum
920 501 1185 567 eﬂiciatis,
1235 512 1289 556 ct
1337 504 1430 573 qui
1497 503 1763 559 docentur
1810 503 2089 559 meliorem

2202 505 2305 569 κῶς
2336 505 2396 558 ἐν
2430 505 2705 577 ἐπιεικείᾳ
2750 502 2927 558 ταῦτα
2949 498 3369 570 ϐιαλαμδάνετε,
3417 497 3513 552 καὶ
3562 498 3773 567 διεξέρ-

519 593 810 646 utilitatem
832 592 1151 660 percipiant.
1173 592 1332 647 Certe
1357 595 1586 648 multum
1611 594 1881 663 imprimis
1904 610 2092 648 curam

519 682 778 735 eximiam
812 681 1134 737 adhibentes
1158 721 1173 746 ,
1202 693 1256 738 et
1300 700 1422 754 quae
1452 701 1517 738 ex
1562 700 1621 739 sc
1666 687 2095 756 iuterpretabilia

517 781 647 826 sunt
674 772 818 841 apud
864 775 1156 844 prophetas
1188 791 1218 829 a
1270 776 1378 830 Deo
1415 777 1736 845 iuspiratos,
1767 788 1821 833 ct
1851 795 1974 848 quae
2005 795 2097 835 oc-

517 864 739 919 casione
786 881 965 920 rerum
1009 869 1381 936 quarumlibet
1446 870 1723 926 intellectu
1764 870 1910 927 facili
1949 874 2093 929 dicta

517 954 680 1007 verba
719 955 774 1008 in
831 954 1186 1012 fundamento
1241 974 1386 1023 esse,
1432 972 1492 1015 ut
1544 962 1701 1017 decet
1736 1004 1752 1031 ,
1808 964 2094 1022 sinamus:

518 1061 640 1112 quae
694 1061 824 1099 vero
872 1056 1003 1101 sunt
1057 1047 1292 1105 difﬁcilis
1343 1051 1741 1123 intelligentiae,
1799 1057 2097 1128 multisque

516 1136 750 1191 obscura
784 1144 839 1191 et
863 1153 1057 1207 parum
1080 1142 1395 1210 explanata,
1426 1146 1589 1200 etiam
1613 1155 1796 1202 autem
1818 1157 1875 1204 et
1897 1159 2099 1219 myste-

515 1225 598 1281 ria
633 1242 755 1295 qua:
787 1229 1019 1284 tendunt
1049 1234 1116 1286 ad
1144 1233 1384 1289 divinam
1411 1237 1610 1292 Christi
1644 1242 2094 1308 incarnationem,

519 1328 575 1372 ut
596 1333 786 1373 eorum
812 1320 1195 1378 obscuriurum
1221 1325 1633 1398 intelligentiam
1672 1331 2094 1398 illustraremus,

519 1410 900 1479 multipliciter
929 1423 984 1467 et
1036 1415 1227 1471 multis
1261 1419 1439 1474 modis
1491 1421 1547 1475 in
1602 1421 1692 1477 illa
1754 1425 2096 1493 explananda

516 1500 694 1557 solum
744 1503 1120 1573 incubuimus,
1186 1510 1481 1567 multarum
1531 1517 1925 1572 sententiarum
1986 1518 2095 1573 vim

516 1603 899 1664 congerentes,
921 1607 975 1653 et
993 1599 1047 1654 in
1074 1603 1552 1660 conllrmationem
1578 1608 1852 1662 dictorum
1876 1619 2099 1681 propter

518 1684 824 1747 invidentes
870 1698 925 1743 et
955 1689 1159 1746 invidia
1208 1696 1676 1764 contradicentes,
1710 1699 2028 1756 testimonia
2065 1717 2098 1757 ο

516 1777 705 1832 multis
743 1791 1026 1851 assumpta
1075 1784 1417 1852 adducimus,
1455 1790 1727 1848 stabilitas
1766 1800 1824 1847 et
1864 1793 1951 1863 pie
2000 1795 2099 1849 ob-

2196 594 2376 666 χεσθε,
2401 596 2483 658 είς
2510 595 2574 648 τὸ
2601 595 2697 647 καὶ
2720 595 2866 664 ὑμᾶς
2893 609 2947 645 τι
2977 591 3140 645 πλέον
3167 589 3475 658 κερδανεῖν,
3504 587 3601 641 καὶ
3644 590 3772 649 τοὺς

2199 687 2675 757 μαθητευομὲνους
2728 679 2910 747 καλῶς
2948 684 3300 752 ὠφελεῖσθαι.
3368 681 3588 752 Ἀμέλει
3644 682 3775 751 περὶ

2197 778 2396 833 πολλοῦ
2428 779 2662 846 μάλιστα
2695 777 2929 847 σπουδὴν
2960 775 3175 845 ἀγαθὴν
3214 774 3513 845 τιθέμενοι,
3540 775 3642 827 ὅσα
3673 772 3774 842 μὲν

2197 871 2614 941 αὐθερμήνευτα
2644 872 2756 932 τοῖς
2787 868 3065 938 θεοσόφοις
3094 867 3403 937 προφήταις
3423 881 3437 896 ⁸
3467 865 3568 918 ὅσα
3599 863 3657 917 δὲ
3693 863 3776 918 εἰς

2196 979 2359 1017 τινων
2391 963 2578 1026 ἀπλῶς
2636 960 2982 1033 πραγμάτων
3015 958 3145 1013 ὅντα
3194 956 3467 1027 εὔληπτον
3502 956 3775 1024 πρόφασιν

2200 1058 2422 1127 ῥήματα
2447 1054 2526 1124 τῷ
2553 1055 2791 1125 θεμελίῳ
2844 1049 2986 1108 εἶναι
3028 1051 3106 1115 ὡς
3158 1050 3460 1120 προσῆκεν,
3497 1048 3774 1115 ὲάσαμενυ

2197 1149 2299 1202 ὅσα
2327 1149 2384 1202 δὲ
2407 1150 2485 1211 είς
2517 1146 2816 1217 ἀσυμφανῆ
2867 1144 2968 1216 τὴν
3003 1145 3318 1214 διάγνωσιν,
3368 1143 3461 1196 καὶ
3494 1144 3608 1204 τοῖς
3640 1141 3778 1195 πολ-

2198 1241 2310 1303 λοῖς
2325 1240 2535 1310 ἀσαφῆ,
2562 1240 2660 1293 καὶ
2671 1238 3066 1309 δυοτέκμαρτα
3092 1238 3241 1301 ὄντα,
3269 1236 3350 1290 ἔτι
3369 1235 3427 1289 δὲ
3449 1241 3543 1289 καὶ
3569 1236 3650 1298 εἰς
3676 1233 3777 1304 τὴν

2199 1330 2341 1385 κατά
2371 1331 2550 1400 σάρκα
2582 1329 2734 1382 θείαν
2762 1318 3099 1398 ὀίκονομίαν
3135 1326 3371 1398 Χριστοῦ
3427 1325 3778 1379 συντείνοντα

2204 1426 2499 1494 μυστήρια,
2522 1422 2615 1477 ἅτε
2638 1422 2704 1492 δὴ
2740 1423 2836 1491 ars
2865 1423 2974 1475 τῶν
3012 1420 3400 1491 λαφυροτέρων
3436 1419 3535 1488 τὴν
3566 1419 3781 1473 ἔννοιαν

2202 1514 2627 1586 ἐμφανίζοντες,
2668 1513 2990 1586 πολυμερῶς
3044 1531 3103 1566 τε
3169 1516 3265 1567 καὶ
3310 1513 3669 1584 πολυτρόπως
3723 1513 3782 1565 ὲν

2201 1612 2328 1679 τῇδε
2357 1607 2694 1677 διασαφῆσαι
2728 1607 2886 1676 μόνον
2932 1606 3192 1676 ἐθέμεθα,
3244 1605 3455 1659 πολλῶν
3487 1604 3784 1674 νοημάτων

2203 1701 2559 1773 ἀθροίσαντες
2590 1699 2844 1770 δύναμιν,
2886 1700 2981 1754 καὶ
3029 1703 3111 1763 εἰς
3142 1698 3436 1769 βεϐαίωσιν
3461 1698 3570 1751 τῶν
3590 1697 3787 1750 λαλουο

2206 1793 2389 1863 μένων
2437 1791 2527 1846 διὰ
2584 1791 2813 1854 πολλοὺς
2852 1791 2983 1853 τοὺς
3016 1790 3413 1861 βασκαίνοντας
3446 1789 3544 1843 καὶ
3571 1789 3790 1843 ἀντιλέ-

520 1868 764 1926 firmatas
790 1870 1274 1944 interpretationes
1305 1880 1649 1948 colligentes,
1692 1895 1746 1938 et
1775 1900 1839 1939 ex
1869 1887 2097 1958 antiquo

2202 1902 2394 1953 γοντας
2418 1884 2621 1953 φθόνῳ,
2644 1883 2744 1946 τάς
2785 1885 2850 1937 ὲκ
2875 1882 3095 1936 πολλῶν
3114 1881 3422 1954 μαρτυρίας
3445 1880 3789 1951 χρησάμενοι

518 1962 725 2027 Moyse,
765 1965 875 2020 filio
912 1967 1082 2036 Nave,
1118 1970 1244 2038 Job,
1294 1972 1461 2029 David
1501 1985 1555 2030 et
1603 1976 1917 2045 Salomone,
1951 1990 2005 2035 et
2034 1996 2101 2036 ex

520 2059 838 2125 apostolicis
874 2071 928 2116 et
974 2065 1308 2134 evangelicis
1353 2066 1593 2126 oraculis
1623 2073 1914 2128 concordia
1947 2074 2100 2129 testi-

520 2154 703 2207 monia
738 2155 1105 2223 proferentes.

2209 1978 2670 2050 προτεθείκαμεν,
2694 1977 3099 2049 ὲρηρεισμένας
3126 1977 3221 2030 καὶ
3237 1975 3479 2039 εὐσεϐῶς
3502 1974 3784 2047 ἡδρασμὲο

2207 2087 2304 2134 νας
2331 2072 2429 2133 τὰς
2460 2067 2762 2141 ἑρμηνείας
2811 2067 3199 2133 συντάξαντες,
3234 2066 3299 2121 ἐκ
3325 2083 3387 2120 τε
3427 2064 3521 2120 τοῦ
3549 2065 3776 2119 παλαιοῦ

2204 2164 2484 2225 Μωῦσέως
2510 2178 2570 2215 τε
2601 2162 2698 2215 καὶ
2724 2161 2820 2214 τοῦ
2853 2161 3011 2230 Ναυῆ
3041 2160 3223 2230 γόνου,
3265 2160 3384 2213 Ἰὼϐ
3413 2176 3494 2224 τε,
3534 2158 3697 2213 Δαδὶδ
3719 2174 3781 2211 τε

521 2240 613 2293 καὶ
648 2242 1013 2313 Σολομῶντος,
1049 2249 1425 2306 ἀποστολικῶν
1448 2270 1507 2307 τε
1529 2255 1627 2307 καὶ
1656 2254 2033 2324 εὐαγγελικῶν
2057 2254 2448 2325 θεσπισμάτων
2474 2254 2575 2318 τὰς
2622 2254 2952 2323 συμφώνους
2989 2253 3278 2322 ὁμολογίας
3331 2252 3782 2322 παρατιθέμενον

589 2332 645 2387 4.
680 2333 829 2390 llanc
860 2337 1024 2406 igitur
1053 2341 1224 2395 aciem
1258 2345 1543 2412 habentes,
1576 2359 1652 2413 et,
1690 2359 1748 2402 ut
1783 2351 1967 2406 verius
2005 2350 2094 2404 di-

520 2440 664 2490 cam,
696 2426 839 2483 hanc
866 2430 1267 2501 defensionem,
1293 2454 1360 2492 ne
1385 2439 1696 2506 timeamus,
1725 2442 2092 2499 dilectissimi.

519 2518 743 2573 auribus
777 2521 1067 2590 impiorum
1105 2527 1354 2581 intonare
1380 2568 1395 2594 ,
1427 2547 1615 2585 eorum
1647 2534 1934 2588 stultitiam
1965 2550 2097 2589 con-

522 2607 836 2680 fundamus,
863 2624 918 2671 et
946 2606 1189 2674 nitamur
1219 2636 1316 2678 cos
1372 2627 1644 2680 monendo
1690 2628 1863 2697 magis
1890 2628 2094 2699 alloqui

521 2712 577 2759 ct
605 2705 672 2758 ad
705 2704 985 2763 Christum
1024 2710 1318 2768 adducere.
1365 2715 1442 2769 ita
1475 2718 1622 2771 enim
1655 2719 1747 2788 qui
1784 2721 2098 2778 innumeras
2131 2723 2141 2732 ’

523 2807 711 2865 gentes
744 2798 797 2853 in
848 2802 1168 2858 servitutem
1206 2805 1456 2876 redigunt
1509 2810 1717 2864 strenui
1756 2811 1976 2876 milites,
2013 2814 2098 2867 in-

519 2890 838 2969 strumentis
863 2892 1075 2950 bellicis
1092 2903 1146 2949 et
1166 2896 1361 2966 gladiis
1380 2900 1587 2965 usi,eos
1609 2902 1827 2970 quidem
1852 2905 2098 2974 capiunt,

519 2987 575 3032 ct
599 2981 770 3049 spolia
804 2995 1084 3042 stupentes
1118 2990 1358 3058 praemiis
1411 3002 1768 3058 exornantur,
1793 2995 2099 3065 subjectos-

2272 2346 2334 2404 δ’.
2367 2346 2636 2401 Τοσοῦτον
2656 2343 2751 2400 οὖν
2786 2345 3005 2416 ἔχοντες
3040 2345 3442 2415 συνασπισμὸν,
3477 2344 3678 2415 μᾶλλον
3729 2346 3789 2398 δὲ

2201 2440 2434 2510 τάληθὲς
2467 2441 2646 2492 εἰπεῖν
2670 2436 3114 2509 ὑπερασπισμὸν,
3166 2437 3242 2507 μὴ
3268 2436 3615 2507 ὸκνήσωμεν,
3657 2438 3792 2505 ἀγα-

2203 2532 2390 2603 πητοὶ,
2426 2532 2535 2584 τῶν
2560 2530 2774 2585 ἀσεϐῶν
2826 2529 3264 2600 καταϐροντῆσαι
3320 2528 3389 2582 τὰ
3415 2524 3530 2582 ὦτα
3561 2545 3575 2559 ·
3604 2529 3791 2598 πάσης

2204 2620 2461 2689 εὐηθείας
2494 2619 2675 2673 αὐτῶν
2729 2619 3113 2688 καταγνῶμεν,
3165 2618 3258 2672 καὶ
3308 2618 3635 2689 σπεύσωμεν
3662 2635 3795 2671 νου-

2207 2712 2570 2782 θετικώτερον
2594 2712 2791 2775 αὐτοὺς
2819 2711 3118 2777 διαλαϐεῖν,
3164 2711 3257 2765 καὶ
3296 2713 3379 2773 εις
3407 2711 3641 2783 Χριστὸν
3660 2713 3793 2764 επι-

2207 2804 2544 2877 σπάσασθαι.
2566 2803 2724 2857 Οὕτω
2756 2803 2864 2874 γάρ
2891 2805 2941 2857 οἱ
2968 2803 3463 2875 αἰχμαλωτίζοντες
3492 2802 3620 2873 ἔθνη
3655 2803 3790 2858 ἀλό-

2204 2911 2368 2963 γιστα
2416 2894 2656 2965 ἀνδρεῖοι
2691 2897 2996 2966 στρατηγοὶ
3031 2896 3207 2960 ὄντες,
3255 2896 3508 2966 ὀργάνοις
3533 2897 3791 2966 ἀμυντη-

2208 2985 2343 3055 ρίοις
2370 2986 2464 3040 καὶ
2489 2984 2672 3055 ξίφεσι
2716 2987 3013 3058 χρώμενοι.
3053 2987 3148 3041 καὶ
3179 2985 3275 3049 οὓς
3321 2987 3420 3057 μιν
3457 2987 3796 3058 λαφυραγω-

520 3082 630 3138 quo
679 3072 780 3127 sibi
845 3086 1128 3133 servantes
1172 3080 1238 3136 ad
1284 3096 1466 3152 regem
1531 3084 1739 3141 ducunt
1762 3098 1815 3142 et
1841 3087 2099 3146 laudibus

2203 3076 2452 3145 γοῦντες,
2480 3078 2653 3131 σκύλα
2665 3094 2723 3130 τε
2746 3076 3117 3148 λαμόἀνοντες
3140 3078 3267 3142 τοὺς
3295 3078 3487 3144 δλϐους
3513 3080 3793 3133 ἐπικτῶν-

524 3159 903 3231 honorantur;
937 3167 1290 3228 adversantes
1315 3182 1498 3230 autem
1523 3215 1538 3241 ,
1566 3176 1652 3236 vel
1675 3192 1818 3235 sevo
1843 3186 1898 3236 et
1932 3181 2100 3250 perti-

522 3253 731 3309 naciter
759 3268 1061 3326 pugnantes
1091 3262 1207 3319 cito
1239 3265 1550 3324 destruunt.
1577 3268 1725 3326 idem
1760 3280 1815 3327 et
1856 3288 1957 3328 nos
1985 3273 2099 3341 jam

522 3342 811 3434 faciemus,
836 3351 1038 3407 bellum
1062 3356 1351 3424 spirituale
1373 3359 1426 3414 in
1461 3361 1807 3419 adversarios
1821 3381 2097 3434 geremus.

521 3432 795 3492 Habemus
824 3456 973 3499 arma
994 3460 1101 3501 aere
1124 3447 1312 3504 divino
1337 3449 1623 3520 fabricata,
1649 3432 1923 3511 sexdecim
1971 3474 2100 3514 san-

525 3535 612 3577 eta
692 3526 1056 3587 instrumenta
1121 3535 1313 3593 bellica
1380 3553 1576 3609 praeter
1625 3546 1773 3600 mille
1854 3548 2099 3620 clypeos,

521 3626 699 3684 scuta,
733 3621 964 3690 gladios,
995 3625 1244 3696 lanceas,
1288 3634 1518 3702 sagittas
1554 3645 1608 3690 et
1655 3639 1797 3704 tela,
1831 3650 1885 3695 et
1911 3653 2101 3699 contra

529 3707 652 3764 illos
700 3711 951 3780 pluribus
999 3718 1122 3772 aliis
1165 3730 1404 3790 utemur,
1461 3726 1730 3796 imprimis
1775 3741 1856 3786 ter
1890 3733 2101 3802 fulgen-

522 3810 631 3875 tem
679 3811 734 3856 et
766 3807 980 3862 unicam
1030 3811 1208 3867 lucem
1252 3815 1305 3868 in
1359 3818 1619 3873 auxilium
1666 3822 1949 3890 habentes,
1980 3827 2101 3884 illos

518 3895 766 3965 captivos
798 3913 1057 3968 agemus:
1100 3920 1240 3975 quos
1270 3907 1486 3977 quidem
1524 3913 1656 3967 mihi
1703 3917 1889 3971 animo
1924 3918 2102 3985 subji-

428 4006 451 4021 ι
518 3987 727 4043 cientes
754 4004 812 4043 se
845 3992 1164 4065 viderimus,
1202 3999 1287 4054 his
1318 4015 1627 4070 pareamus,
1668 4023 1845 4076 neque
1889 4025 1985 4078 per
2012 4026 2101 4064 ar-

519 4079 826 4143 rogantiam
856 4085 1257 4151 proculcemus,
1287 4105 1320 4143 ο
1350 4090 1650 4147 fortissime
1680 4094 1772 4150 Dei
1802 4100 2098 4165 exercitus;

520 4169 615 4221 sed
654 4170 935 4237 rapiamus
973 4176 1134 4231 vitam
1170 4180 1365 4236 anima:
1407 4183 1667 4241 dantibus
1704 4190 1904 4253 verbis,
1952 4199 2006 4245 et
2032 4192 2100 4246 ad

521 4257 721 4313 Christi
755 4262 1140 4321 universorum
1185 4270 1347 4342 Regis
1377 4275 1544 4344 pedes
1582 4266 1973 4334 suhtnitt'amus
1998 4321 2012 4345 ,
2040 4290 2100 4337 ut

2203 3185 2317 3234 ται,
2350 3171 2478 3234 τοὺς
2516 3170 2935 3236 ὕποκύπτοντας
2980 3173 3068 3241 ἔφ’
3106 3172 3337 3234 ἑαυτοὺς
3383 3173 3788 3243 λαμϐάνοντες,
3860 3190 3868 3196 ·

2204 3265 2398 3331 ἄγουσι
2430 3262 2511 3333 τῷ
2534 3263 2765 3334 βασιλεῖ,
2794 3265 2890 3319 καὶ
2911 3265 3191 3320 ὲπαινετοὶ
3215 3265 3589 3337 καθεστήκασι
3614 3281 3630 3297 ’
3655 3266 3791 3330 τοὺς

2204 3355 2663 3418 ἀντιστατοῦντας
2707 3355 2789 3421 δὲ,
2821 3354 2855 3427 ἢ
2892 3355 2986 3410 καὶ
3014 3356 3221 3418 ,κακῶς
3250 3356 3345 3408 καὶ
3384 3355 3575 3420 δεινῶς
3608 3373 3788 3426 μαχο-

2207 3448 2406 3519 μένους
2467 3447 2664 3502 θᾶττον
2721 3446 3097 3522 ἀναιροῦντες.
3126 3446 3298 3501 Τοῦτο
3336 3449 3433 3502 καὶ
3479 3448 3641 3518 ἡμεῖς
3679 3448 3784 3519 ἢδη

2205 3540 2542 3609 ποιήσομεν,’
2587 3538 2827 3610 πόλεμον
2882 3537 3263 3609 πνευματικὸν
3329 3540 3444 3602 τοῖς
3486 3538 3785 3603 ἀντιδίκοις

2204 3633 2611 3703 ἐπιδειξόμεθα.
2646 3635 2885 3704 Ἔχομεν
2918 3634 2986 3689 τὰ
3038 3634 3179 3688 ὅπλα
3205 3633 3277 3687 τά
3300 3633 3682 3705 θεοχάλκευτα,
3715 3634 3780 3698 ἒξ

2205 3727 2300 3779 καὶ
2344 3725 2474 3779 δέκα
2518 3726 2650 3795 am
2675 3728 2993 3799 άμυντήρια
3023 3728 3166 3797 ὑπὲρ
3215 3728 3486 3800 μυριάδας
3525 3726 3772 3788 ἀσπίδας,

2203 3816 2298 3869 καὶ
2329 3815 2554 3887 θυρεοὺς
2604 3816 2861 3884 φάσγανά
2908 3834 2967 3870 τι
3020 3819 3115 3870 καὶ
3142 3816 3346 3888 δόρατα
3388 3817 3480 3870 καὶ
3520 3814 3646 3881 τάξι
3683 3815 3782 3868 καὶ

2188 3906 2366 3981 βέλη·
2395 3908 2489 3961 καλ¹
2548 3906 2685 3979 πρὸς
2739 3907 2940 3970 αὐτοὺς
2977 3908 3072 3962 καὶ
3111 3907 3293 3972 ἄλλοις
3334 3907 3548 3961 πλείοσι
3578 3907 3785 3977 χρησό-

2207 4002 2351 4071 μεθα
2372 4016 2384 4031 ο
2415 4001 2615 4071 μᾶλλον
2660 4001 2717 4055 δὲ
2752 4002 2815 4054 τὺ
2843 4000 3153 4073 τριλαμπὲς
3182 4002 3277 4054 καὶ
3308 4002 3511 4054 ἑνιαῖον
3547 4000 3665 4070 φῶς
3699 4002 3788 4064 εἰς

2206 4094 2525 4165 συμμαχίαν
2584 4093 2821 4165 ἔχοντες,
2882 4095 3083 4158 αὐτοὺς
3141 4094 3637 4166 προνομεύσομεΨ
3688 4091 3790 4156 οὓς

2208 4187 2305 4258 μὲν
2330 4184 2702 4257 ὴπιογνώμως
2729 4186 3121 4256 ὑποκύψαντας
3171 4187 3400 4255 ἴδοιμεν,
3437 4184 3789 4255 φεισῶμεθα,

2209 4278 2282 4350 μὴ
2307 4279 2589 4350 ἀνελῶμεν
2638 4280 2905 4353 ἀκρασίᾳ,
2939 4279 2984 4333 ὦ
3025 4282 3409 4352 ἀνδρειότατον
3447 4281 3593 4333 θεῖον
3618 4278 3796 4349 στράα

521 4352 588 4406 ab
612 4368 679 4406 eo
708 4355 1153 4427 honoriﬁcemur,
1181 4375 1235 4418 et
1259 4364 1402 4421 ineo
1421 4368 1717 4423 salvcmur.
1737 4373 1887 4436 Quos
1913 4380 2094 4428 autem

2205 4390 2414 4444 τευμα·
2442 4372 2699 4444 λάϐωμεν
2727 4374 2787 4428 δι
2812 4352 3289 4445 ζωοψυχοσῶμως,
3331 4374 3428 4429 και
3454 4373 3680 4446 Χριστῷ
3706 4374 3795 4444 τῷ

521 4453 886 4512 repugnantes
929 4449 1263 4516 viderimus,
1322 4472 1502 4527 neque
1557 4459 1694 4514 bene
1757 4461 2093 4529 obedientes,

521 4533 899 4602 destruaiuus,
935 4543 1209 4602 emdamus
1264 4564 1380 4612 eos,
1432 4562 1491 4605 ut
1541 4550 1868 4611 Madianitas
1915 4556 2101 4613 divino

523 4624 762 4719 Spiritus
779 4632 979 4701 gladio.
1008 4634 1261 4695 Nitamur
1280 4658 1410 4713 ergo
1434 4655 1701 4713 quantum
1729 4648 1783 4700 in
1811 4649 1968 4705 nobis
1992 4663 2095 4719 est,

519 4716 884 4787 dilectissimi,
932 4740 1127 4797 capere
1148 4729 1235 4800 pie
1286 4733 1523 4801 praedam
1582 4734 1691 4790 Deo
1716 4736 2016 4804 jucundam
2047 4716 2103 4796 et

521 4819 732 4879 gratam
769 4816 983 4874 animas
1016 4834 1205 4876 eorum
1259 4823 1353 4893 qui
1413 4826 1717 4884 salvantur.
1764 4828 1863 4885 Sin
1915 4844 2099 4887 autem

520 4901 572 4957 id
604 4904 674 4959 ab
704 4904 827 4963 aliis
863 4919 922 4965 ut
965 4911 1369 4971 infructuosum
1397 4916 1716 4988 despicitur,
1747 4933 1802 4978 et
1827 4938 1933 4978 non
1969 4939 2102 4994 pos-

518 4994 677 5050 sibile
706 5008 791 5053 est
832 5015 1028 5071 capere
1059 5004 1262 5077 aliquid
1304 5024 1371 5064 ex
1423 5010 1505 5066 his
1532 5011 1624 5081 qui
1674 5014 1869 5070 nolunt
1901 5018 1951 5070 in
1987 5015 2099 5072 Deo

520 5087 745 5155 saIVari,
778 5103 1018 5151 attamen
1056 5115 1156 5154 nos
1188 5100 1338 5170 ipsos
1366 5117 1759 5162 conservemus
1792 5107 1844 5163 iu
1873 5107 1979 5163 fide
2008 5110 2096 5163 di-

521 5183 646 5237 vina
672 5182 962 5253 loquendo,
984 5198 1037 5243 et
1069 5191 1155 5259 pie
1190 5204 1243 5247 et
1272 5195 1477 5250 utiliter
1500 5199 1769 5265 vivamus,
1807 5211 1865 5255 ut
1894 5212 2097 5256 aeterna

520 5274 662 5327 bona
709 5276 1081 5345 adipiscamur
1120 5281 1173 5335 in
1212 5283 1434 5341 Christo
1460 5285 1591 5342 Jesu
1622 5286 1850 5346 Doi'uino
1884 5300 2095 5348 nostro.

517 5361 693 5418 llabct
721 5376 903 5422 autem
936 5370 1017 5425 sic
1040 5374 1334 5443 expositio.
1362 5377 1601 5434 Tcxtura
1626 5382 1807 5437 omnis
1838 5398 1961 5437 cum
2013 5383 2100 5437 in-

518 5458 905 5545 terpretatione
949 5461 1010 5515 41
1052 5483 1065 5521 :
1112 5484 1130 5517 ι
1178 5467 1243 5522 Et
1288 5470 1427 5526 dixit
1481 5471 1750 5531 Dominus
1804 5473 2095 5538 ad,Osec:

520 5548 687 5604 Sume
718 5552 813 5605 tibi
845 5555 1129 5613 mulierem
1162 5560 1205 5626 ³,
1246 5581 1263 5613 ι
1296 5576 1407 5619 etc.

2202 4464 2544 4535 παμϐασιλεῖ
2571 4465 2791 4535 άξωμεν
2824 4464 2930 4519 ὑπὸ
2951 4466 3140 4532 πόδας,
3176 4466 3265 4520 ἵνα
3300 4465 3396 4539 καὶ
3435 4464 3797 4535 δοξασθῶμεν

2201 4555 2296 4610 ὑπ’
2326 4556 2518 4621 αὑτοῦ,
2546 4557 2640 4610 καὶ
2677 4556 2766 4609 ἐπ’
2789 4555 2941 4628 αὐτῷ
2973 4558 3373 4626 σωθησώμεθα.
3405 4556 3511 4619 Οὓς
3540 4557 3597 4610 δὲ
3633 4558 3797 4609 ἀντι-

2203 4647 2515 4718 μαχοῦντας
2552 4646 2777 4718 ἴδοιμεν,
2814 4649 2913 4702 καὶ
2938 4648 3015 4720 μὴ
3063 4649 3391 4715 δπείκοντας
3416 4650 3621 4713 καλῶς,
3653 4649 3789 4702 ἀνέο

2201 4738 2404 4811 λωμεν,
2433 4738 2763 4810 πατάξωμεν
2800 4739 3021 4803 αὐτοὺς.
3044 4741 3119 4804 ῶς
3138 4743 3230 4795 καὶ
3259 4743 3383 4805 τοὺς
3417 4740 3793 4805 Μαδιαναίους

2202 4835 2269 4903 τῇ
2311 4832 2434 4901 θείᾳ
2474 4832 2798 4903 παραξιφίδι
2842 4831 2937 4886 τοῦ
2988 4833 3325 4903 Πνεῦματος.
3379 4834 3791 4903 Σπουδάσωμεν

2202 4916 2313 4980 οὖν.
2357 4925 2418 4977 τὸ
2489 4925 2712 4995 μᾶλλον,
2773 4924 3074 4997 ἀγαπητοὶ,
3149 4926 3243 4980 τοῦ
3291 4927 3559 4999 θηρεῦσαι
3600 4929 3784 4999 θήραν

2202 5014 2446 5080 εὐσεϐῶς
2488 5015 2567 5086 τῷ
2614 5014 2735 5086 Θεῷ
2790 5017 3084 5088 εὐάρεστον
3106 5016 3204 5071 καὶ
3243 5018 3510 5087 ἐράσμιον
3539 5019 3637 5080 τὰς
3668 5018 3786 5072 τῶν

2204 5110 2529 5181 σωζομένων
2558 5110 2757 5182 ψυχάς.
2791 5113 2852 5164 Εἰ
2884 5111 2941 5166 δέ
2987 5129 3045 5180 γε
3070 5112 3229 5165 τοῦτο
3259 5113 3572 5178 ἀλυσιτελὲς
3595 5113 3787 5176 ἄλλοις

2200 5204 2477 5274 παροφθῇ,
2538 5209 2632 5258 καὶ
2676 5206 2778 5274 οὐχ
2831 5199 2941 5257 οἷόν
2990 5205 3052 5258 τέ
3094 5208 3209 5258 ἐστι
3238 5207 3425 5261 λαδεῖν
3467 5225 3519 5260 τι
3561 5208 3667 5260 τῶν
3703 5207 3783 5277 μδ]

2201 5295 2543 5365 βουλομένων
2597 5294 2872 5358 σώζεσθαι
2917 5298 3010 5349 ἐπὶ
3064 5297 3185 5368 θεῷ
3211 5314 3225 5328 ο
3255 5298 3361 5352 κᾶν
3391 5300 3620 5361 ἑαυτοὺς
3647 5296 3783 5365 γοῦν

2200 5390 2633 5460 συντηρήσωμεν
2672 5392 2739 5460 τῇ
2771 5388 2892 5460 θείᾳ
2939 5390 3126 5442 -πίστει
3168 5391 3531 5460 φραξάμενοι,
3563 5390 3656 5443 καὶ
3686 5390 3784 5440 εὑ-

2202 5482 2374 5545 σεϐῶς
2413 5482 2507 5535 καὶ
2563 5482 2815 5553 χρηστῶς
2878 5480 3354 5552 πολιτευσώμτεθα,
3391 5483 3481 5536 ἵνα
3519 5485 3616 5535 καὶ
3666 5481 3780 5533 τῶν

2200 5571 2432 5625 αἰωνίων
2476 5571 2701 5640 ἀγαθῶν
2726 5570 3079 5641 ὲπιτύχωμεν
3123 5575 3181 5620 δυ
3224 5573 3448 5644 Χριστῷ
3493 5571 3669 5645 Ἰηροῦ
3699 5571 3780 5641 τῷ

520 5643 711 5741 Ιξιυρίφ
732 5648 909 5718 ἡμῶν.
957 5653 1112 5724 Ἔχει
1152 5657 1208 5709 δὲ
1260 5659 1436 5723 οὕτως
1480 5663 1511 5732 ἠ
1543 5652 1794 5733 δήλωσις.
1848 5664 1921 5719 Τὸ
1995 5664 2129 5731 ὕφος
2169 5666 2315 5721 ἅπαν
2365 5666 2506 5737 μετά
2546 5664 2843 5739 ἑρμηνείας
2880 5665 2989 5738 μα’.
3027 5686 3045 5721 ι
3112 5670 3223 5724 Καὶ
3258 5643 3381 5725 εἶπε
3411 5643 3619 5741 Κύριος
3643 5666 3781 5737 πρὸς

533 5737 695 5810 Ὠσηέ
720 5755 735 5771 ’
767 5743 914 5796 Λάϐε
940 5748 1151 5820 σεαυτῷ
1176 5755 1431 5819 γυναῖκα,
1463 5773 1483 5807 ι
1524 5773 1577 5811 κ,
1607 5774 1657 5811 τ.
1690 5757 1741 5812 λ.

598 5859 619 5891 ³
649 5860 787 5917 Osce
815 5879 852 5923 ι,
887 5866 944 5920 3.
