4094 6412
333 234 399 299 21
1463 238 1561 299 DE
1601 240 1961 302 CONSILIO
2002 241 2307 302 NICEENO
2348 244 2393 303 ῐ.

3462 250 3562 315 429

298 352 472 419 τειλε,
528 350 685 422 δίκην
728 350 1070 424 Ἑωσφόρου,
1104 355 1521 419 Κωνσταντϊνος
1560 358 1588 411 ό
1630 358 1878 429 φιλοχρι-

1988 366 2220 414 exortus
2282 368 2367 414 est
2426 358 2633 413 Christi
2694 364 3114 419 amantissimus
3173 364 3563 423 Constantinus

295 445 577 511 στότατος,
609 447 639 500 ὁ
676 444 775 515 τῆς
809 446 1103 516 ὀρθοδόξου
1154 447 1435 513 πολιτείας
1481 451 1744 521 ἀρχηγὸς,
1784 453 1875 505 καὶ

291 537 391 606 τῆς
436 534 672 605 ἀμώμου
728 536 972 601 πίστεως
1024 539 1332 603 πρόϐολος·
1391 540 1450 604 ὃς
1504 540 1623 611 ἅμα
1675 543 1755 612 τῷ
1806 542 1878 596 τὰ

292 626 558 696 σκῆπτρα
605 628 670 679 ἐκ
709 628 820 681 τῶν
874 629 1178 699 Ἐσπερίων
1232 632 1328 684 ἐπὶ⁹
1380 631 1482 704 τὴν
1532 633 1652 686 Ἕω
1706 650 1877 704 μετα-

288 719 547 789 ποιῆσαι,
579 719 659 787 τῷ
714 718 848 789 θείῳ
888 722 1031 789 φωτὶ
1058 722 1160 793 τὴν
1199 722 1384 794 ψυχὴν
1426 724 1874 795 καταυγάξεται·

285 812 383 864 καὶ
422 814 491 882 τῇ
534 810 788 883 εὐσεϐείᾳ
816 814 920 882 τὴν
964 814 1210 868 διάνοιαν
1243 815 1616 886 ἀλειψάμενος
1655 818 1874 888 πρῶτον

282 903 480 971 ἀγῶνα
536 906 674 973 πρὸς
720 904 812 956 τὸν
857 903 1106 959 διάϐολον
1152 905 1493 961 ἀποδύεται·
1541 909 1640 964 καὶ
1688 910 1876 981 τίθησι

284 995 434 1047 κατὰ
457 992 627 1046 τόπον
661 993 1007 1064 Χριστιανῶν
1052 995 1369 1067 ἐλευθερίας
1415 998 1837 1069 προγράμματα
1862 1016 1877 1032 ο

284 1085 407 1140 λύει
453 1086 558 1154 τὴν
604 1086 671 1138 ἐκ
703 1084 813 1138 τῶν
848 1086 1069 1156 ἀνόμων
1117 1090 1231 1150 τοῖς
1264 1095 1481 1153 πιστοῖς
1514 1091 1875 1162 ἐνσκήψασαν

284 1177 601 1245 κατήφειαν
624 1192 639 1207 ·
667 1176 1000 1231 καταϐάλλει
1027 1178 1138 1231 τῶν
1161 1179 1399 1233 εἰδώλων
1426 1182 1496 1234 τὰ
1519 1181 1840 1252 σεϐάσματα
1858 1200 1873 1216 ’

286 1265 620 1335 θριαμϐεύει
644 1266 738 1319 τοῦ
765 1266 994 1336 ψεύδους
1020 1270 1082 1322 τὸ
1101 1270 1455 1341 ἀνύπαρκτον
1480 1287 1496 1304 ·
1526 1277 1757 1344 φανεροῖ
1776 1275 1876 1344 τῆς

289 1356 553 1427 ἀληθείας
590 1357 654 1409 τὸ
687 1358 987 1428 κήρυγμαο
1023 1361 1350 1428 μεταδίδωσι
1376 1363 1547 1433 τιμῆς
1590 1368 1687 1417 καὶ
1734 1367 1878 1438 παῤ-

294 1450 488 1518 ρησίας
538 1452 656 1511 τοῖς
696 1452 1024 1521 τετιμηκόσι
1052 1453 1148 1508 τὸν
1180 1453 1389 1524 Κύριον
1414 1470 1428 1487 ·
1460 1456 1877 1528 ἀναῤῥώννυται

295 1541 527 1610 σώματα
563 1541 775 1594 πιστῶν
824 1544 1195 1613 κεκακωμένα
1244 1548 1370 1610 ταῖς
1410 1547 1676 1617 μάστιξι·
1713 1567 1877 1620 στρε-

294 1632 489 1686 ϐλώσει
524 1634 619 1686 καὶ
654 1632 895 1704 ἐξορίαις
933 1635 1331 1693 ὑποϐάλλονται
1389 1641 1440 1692 οἱ
1484 1644 1876 1712 προσκείμενοι

294 1725 531 1794 δαίμοσι.
555 1725 666 1778 Καὶ
688 1721 757 1796 ἦν
786 1726 915 1780 ἰδεῖν
938 1728 1048 1782 τῶν
1082 1746 1141 1783 τε
1173 1730 1384 1785 πιστῶν
1406 1732 1473 1786 ἐκ
1503 1732 1597 1787 τοῦ
1625 1735 1871 1806 διωγμοῦ

302 1815 397 1885 τὴν
436 1818 731 1887 ἀνάκλησιν
754 1859 770 1885 ,
806 1820 904 1873 καὶ
935 1819 1045 1875 τῶν
1076 1822 1140 1875 ἐκ
1170 1824 1271 1893 τῆς
1293 1823 1624 1896 δαιμονικῆς
1662 1827 1873 1897 πλάνης

306 1911 408 1979 τὴν
437 1910 709 1981 ἀνάνηψιν,
744 1912 942 1981 ὁμοίαν
971 1914 1243 1987 ἁγγελικῇ
1265 1919 1630 1989 χοροστασίᾳ,
1651 1919 1875 1973 πάντων

317 2002 374 2055 ὲν
402 2003 674 2073 παρρησίᾳ
702 2003 1140 2073 δοξολογούντων
1164 2008 1256 2062 τὸν
1289 2009 1519 2081 Κύριον.

369 2189 634 2263 Ἔχαιρεν
676 2187 776 2245 οὖν
806 2194 835 2244 ό
864 2191 1192 2258 πιστότατος
1223 2192 1482 2265 βασιλεὺς
1512 2195 1610 2249 ἐπὶ
1641 2197 1709 2266 τῇ
1737 2196 1872 2251 καθ-

282 2283 511 2355 ιημέραν
582 2282 875 2355 προσθήκῃ
908 2283 1020 2338 τῶν
1062 2286 1434 2355 Χριστιανῶν,
1478 2286 1778 2354 συμϐαλὼν
1818 2290 1877 2345 ἐν

286 2376 356 2444 τῇ
392 2373 611 2445 διανοίᾳ.
642 2374 808 2428 αὑτοῦ
860 2375 1011 2438 θείας
1041 2372 1185 2430 εἶναι
1213 2379 1274 2429 τὸ
1295 2378 1405 2431 πᾶν
1437 2378 1746 2449 ἐνεργείας,
1773 2380 1877 2450 τῆς

280 2467 343 2517 ἐν
365 2465 545 2535 ὀλίγῳ
597 2466 659 2519 τδ
720 2467 965 2537 ὑπήκοον
990 2467 1142 2539 αὑτῷ
1194 2468 1332 2538 πρὸς
1377 2470 1478 2540 τὴν
1528 2469 1626 2523 τοῦ
1662 2471 1874 2542 Κυρίου

293 2557 483 2627 Ἰησοῦ
523 2559 768 2629 Χριστοῦ
821 2558 1202 2631 ἐλκυσαμένης
1250 2561 1571 2631 ἐπίγνωσιν.
1607 2558 1733 2619 Οἷον
1766 2562 1879 2634 γὰρ

272 2653 517 2705 κάκεῖνο
549 2654 668 2715 τοῖς
699 2652 945 2722 φθάσασι
985 2654 1332 2725 συνέδραμε;
1369 2655 1492 2710 Τῶν
1534 2656 1645 2727 γὰρ
1685 2673 1875 2727 παρα-

278 2743 569 2815 κειμένων
620 2745 813 2811 ἐθνῶν,
858 2743 956 2798 ἅτε
1005 2746 1073 2801 τὰ
1131 2747 1376 2802 σπονδῶν
1422 2747 1537 2819 [γρ.
1568 2749 1876 2817 άσπόνδων,

280 2838 363 2893 εει
399 2852 466 2891 ea:
494 2835 622 2906 Lip.
650 2838 717 2892 τὰ
749 2837 994 2891 σπονδῶν
1027 2838 1102 2909 μὴ
1139 2836 1404 2910 ἐχόντων]
1431 2842 1544 2904 τοῖς
1570 2841 1680 2912 πρὸ
1705 2841 1873 2895 αὐτοῦ

282 2930 585 3001 βασιλεῦσι
633 2929 1115 2999 ἐπανισταμένων,
1146 2931 1243 2983 καὶ
1275 2930 1383 2984 τῶν
1415 2932 1699 3000 ἐμφυλίων
1745 2932 1879 2986 στά-

1981 454 2298 523 imperator,
2332 453 2651 506 orthodoxae
2706 454 3021 524 reipublicae
3059 467 3253 512 auctor
3307 472 3373 512 ae
3415 459 3553 528 prin-

1981 561 2112 615 ceps
2145 545 2245 617 (Ξ),
2281 556 2334 600 et
2370 545 2664 615 inculpata:
2698 547 2819 602 fidei
2868 556 3246 618 propugnator
3281 566 3294 601 :
3330 550 3377 603 is
3405 551 3564 604 simul

1980 647 2146 707 atque
2177 648 2392 708 sceptra
2427 655 2491 694 ex
2524 639 2824 695 Occidente
2870 640 2923 694 in
2958 638 3236 696 Orientem
3268 643 3565 709 transtulit,

1980 730 2164 786 divina
2242 731 2368 786 luce
2434 732 2620 786 animo
2686 732 3074 802 perfunditur;
3150 734 3565 804 instructusque

1979 825 2217 894 pietate,
2278 824 2516 893 primum
2584 824 2850 879 adversus
2936 824 3214 879 diabolum
3285 837 3564 882 certamen

1980 916 2235 980 instituit,
2261 926 2425 985 atque
2449 915 2666 985 publica
2699 930 2798 984 pro
2821 915 3264 970 Christianorum
3288 915 3563 982 libertate,

1978 1010 2156 1065 edicta
2192 1008 2467 1079 proponit.
2498 1008 2673 1074 Quam
2717 1007 2870 1077 impii
2901 1008 3215 1063 molestiam
3245 1008 3567 1079 ingerebant

1982 1101 2280 1167 ﬁdelibus,
2355 1100 2612 1170 depellit;
2696 1099 2931 1155 destruit
2984 1100 3254 1154 idolorum
3316 1100 3564 1166 cultum;

1980 1194 2200 1249 inanem
2261 1192 2385 1248 falsi
2441 1193 2859 1248 consistentiam
2887 1192 2965 1261 (3)
3008 1191 3278 1254 traducit;
3319 1192 3567 1246 veritatis

1979 1284 2424 1355 praedicationem
2470 1284 2527 1338 in
2585 1283 2765 1351 palam
2823 1282 2988 1347 facit;
3053 1297 3148 1337 eos
3196 1283 3290 1351 qui
3333 1282 3567 1338 Domino

1982 1377 2245 1431 honorem
2277 1375 2701 1446 impendissent,
2735 1375 2945 1430 honore
2981 1389 3046 1429 ac
3087 1375 3346 1428 libertate
3377 1374 3564 1429 allicit.

1980 1469 2381 1531 Instaurantur,
2433 1483 2497 1522 ac
2538 1469 2685 1523 vires
2734 1468 3008 1537 recipiunt
3056 1466 3199 1520 male
3242 1465 3564 1521 verberibus

1982 1558 2305 1616 aﬂectorum
2356 1560 2594 1613 fidelium
2643 1574 2874 1629 corpora
2910 1559 3196 1613 tormentis
3246 1558 3323 1628 (4)
3382 1566 3436 1612 et
3464 1573 3562 1611 ex-

1980 1652 2121 1708 siliis
2184 1652 2580 1721 subjiciuntur,
2621 1652 2713 1721 qui
2766 1653 3107 1707 daamonibus
3162 1651 3343 1706 devoti
3372 1650 3559 1705 adhae-

1978 1753 2164 1798 rerent
2193 1761 2207 1799 :
2242 1758 2307 1797 ac
2340 1744 2527 1799 videre
2570 1753 2709 1809 erat,
2735 1759 2860 1799 cum
2895 1744 3080 1798 ﬁdeles
3122 1759 3150 1797 a
3181 1743 3562 1813 persecutione

1975 1834 2179 1889 liberos
2212 1833 2371 1895 etlici,
2418 1844 2530 1888 tum
2557 1850 2675 1899 eos,
2714 1835 2807 1905 qui
2834 1849 3024 1889 errore
3046 1834 3357 1889 daemonum
3392 1834 3565 1902 impli-

1975 1929 2080 1982 cati
2106 1927 2360 1991 fuissent,
2389 1928 2457 1982 ad
2489 1928 2699 1999 frugem
2736 1928 3017 1983 meliorem
3052 1928 3288 1983 reverti:
3327 1942 3448 1996 quae
3473 1940 3567 1981 res

1976 2020 2239 2090 angelica?
2283 2020 2497 2076 choreae
2525 2022 2766 2090 speciem
2803 2021 3099 2090 quamdam
3133 2018 3392 2089 pra-terre
3420 2018 3567 2073 vide-

1976 2111 2160 2177 batur,
2194 2126 2320 2166 cum
2352 2111 2523 2166 Deum
2561 2126 2755 2166 omnes
2780 2111 2953 2167 libere
2991 2112 3384 2181 glarilicarent.

2049 2200 2237 2271 itaque
2286 2202 2572 2257 laetabatur
2624 2202 2980 2258 fidelissimus
3034 2203 3333 2271 imperator
3375 2200 3562 2271 quoti-

1977 2290 2143 2346 diano
2200 2291 2640 2347 Christianorum
2699 2301 3017 2362 augmento,
3052 2308 3236 2347 secum
3276 2292 3461 2347 animo
3486 2307 3564 2346 re-

1976 2392 2201 2454 putans,
2242 2384 2296 2438 id
2326 2392 2501 2438 totum
2534 2385 2734 2439 divinae
2765 2385 3106 2454 operationis
3151 2400 3295 2445 esse,
3338 2400 3461 2454 quas
3485 2385 3565 2440 sic

1977 2478 2175 2549 exiguo
2198 2485 2468 2547 tempore,
2512 2478 2788 2546 subjectos
2838 2479 2905 2533 ad
2948 2478 3160 2533 Domini
3196 2478 3324 2533 Jesu
3357 2477 3563 2531 Christi

1977 2569 2312 2637 agnitionem
2365 2570 2649 2625 traxisset.
2708 2570 2920 2624 Etenim
2979 2570 3108 2639 quid
3163 2569 3434 2636 ejusmodi
3496 2569 3566 2623 iis

1977 2663 2253 2728 convenit,
2299 2663 2392 2732 qui
2442 2656 2885 2732 praecesserunt?
2935 2663 3075 2717 Cum
3131 2662 3275 2717 enim
3320 2660 3566 2715 finitima:

1979 2761 2187 2824 gentes,
2220 2753 2367 2808 velut
2386 2753 2626 2823 perfidae,
2661 2753 2928 2808 adversus
2960 2754 3172 2822 priores
3202 2754 3564 2821 imperatores

1979 2846 2176 2901 crebro
2216 2845 2564 2909 rebellarent,
2602 2860 2701 2899 nec
2729 2845 3066 2899 seditionum
3098 2844 3338 2898 civilium
3370 2842 3566 2897 tumul-

1980 2946 2090 3003 tus,
2125 2938 2354 2993 alternis
2407 2938 2668 3004 cwdibus,
2704 2938 2950 3006 requiem
3016 2938 3181 2991 ullam
3231 2935 3561 3006 praeberent,

289 3040 445 3075 σεων
491 3023 613 3086 ταῖς
660 3022 1082 3093 ἀλληλοφονίαις
1115 3024 1195 3094 μὴ
1241 3023 1639 3095 παρεχομένων
1685 3026 1875 3090 αὐτοῖς

1983 3031 2075 3085 ubi
2111 3046 2240 3085 mox
2278 3028 2676 3084 Constantinus
2729 3044 2826 3100 per
2875 3028 3178 3082 Salvatoris
3228 3025 3399 3081 nostri
3433 3026 3562 3082 Jesu

288 3114 406 3183 τὴν
432 3113 762 3181 ἀνάπαυσιν,
796 3115 962 3185 ἡνίκα
1004 3115 1419 3179 Κωνσταντίνος
1447 3117 1539 3171 διὰ
1560 3116 1656 3170 τοῦ
1685 3119 1877 3189 Σωτῆ-

284 3226 399 3280 ρος
448 3209 607 3280 ἡμῶν
669 3209 913 3280 Χριστοῦ
980 3211 1044 3263 τὸ
1092 3211 1191 3279 τῆς
1248 3210 1528 3281 βασιλείας
1587 3212 1879 3279 ἀνεδέξατο

276 3305 528 3377 κράτος,
572 3304 740 3367 εὐθὺς
796 3304 873 3367 ὡς
914 3306 979 3357 ἐκ
1015 3304 1473 3374 προστάγματος,
1512 3306 1606 3360 καὶ
1646 3307 1716 3362 τὰ
1767 3307 1879 3361 τῶν

280 3397 466 3451 ἐθνῶν
496 3396 654 3450 δεινὰ
683 3397 1064 3464 κατελὼφησε,
1099 3397 1195 3451 καὶ
1229 3397 1291 3450 τὸ
1313 3398 1559 3467 ὑπήκοον
1579 3400 1681 3467 τὴν
1721 3399 1880 3470 είρὴ-

280 3506 392 3559 νην
430 3489 751 3557 ἠσπάσατο.
785 3487 847 3540 '0
878 3487 936 3540 δέ
963 3486 1260 3558 μισόκαλος
1289 3488 1485 3559 ἐχθρὸς
1516 3489 1639 3543 οὐδὲ
1668 3494 1878 3558 ταύτην

270 3582 497 3652 ἤνεγκε
534 3580 639 3651 τὴν
664 3581 758 3633 ἐπὶ
802 3579 871 3633 τὰ
913 3579 1203 3651 κρείττονα
1254 3580 1363 3632 τῶν
1407 3580 1719 3651 ἀνθρώπων
1752 3582 1875 3636 ἐπί-

281 3688 537 3742 γνωσιν
578 3671 697 3725 ἀλλ’
730 3670 922 3741 ὥσπερ
976 3672 1147 3726 πάλαι
1190 3671 1271 3742 τῷ
1326 3674 1745 3745 πρωτοπλάστῳ
1776 3675 1876 3745 τῆς

282 3769 501 3822 ἀπόνου
566 3766 717 3835 ζωῆς
763 3766 1113 3837 διεφθόνησε,
1158 3768 1254 3821 καὶ
1300 3766 1391 3821 διὰ
1445 3768 1539 3821 τοῦ
1587 3768 1771 3838 ὄφεως
1808 3772 1876 3840 τῇ

287 3864 427 3933 ἀκοῇ
460 3862 571 3930 τὴν
610 3861 903 3931 παρακοὴν
936 3860 1038 3928 τῆς
1081 3859 1303 3929 ἐντολῆς
1335 3860 1651 3932 ἐνέσπειρεν
1676 3901 1693 3928 ,
1734 3862 1881 3915 οὕτω

300 3956 393 4006 καὶ
413 3956 547 4007 τότε
581 3952 926 4022 σπαραχθεὶς
959 3954 1056 4006 ἐπὶ
1081 3956 1147 4023 τῇ
1176 3953 1286 4006 τῶν
1328 3953 1387 4018 ἐξ
1416 3954 1879 4026 είδωλολατρείας

299 4047 425 4116 πρὸς
475 4045 621 4098 Θεὸν
673 4047 1009 4116 ἐπιστροφῇ,
1066 4045 1276 4115 ἐγείρει
1323 4044 1544 4114 πνεῦμα
1598 4046 1880 4111 Πύθωνος.

299 4140 522 4209 Ἄρειος
548 4137 607 4190 δὲ
631 4130 699 4207 ἦν
737 4130 891 4199 οὗτος
916 4151 933 4167 ο
972 4137 1303 4207 Χριστιανὸς
1344 4138 1446 4206 μὲν
1473 4139 1573 4207 τὴν
1605 4156 1882 4211 προσηγο-

295 4232 445 4300 ρίαν,
487 4228 700 4297 καὶτῷ
732 4226 1114 4297 πρεσϐυτερίῳ
1158 4225 1260 4295 τῆς
1303 4225 1707 4296 Ἀλεξανδρέων
1750 4228 1880 4282 Ἐκο

294 4322 534 4393 κλησίας
566 4319 1029 4388 καταλεγόμενος
1058 4318 1161 4387 τήν
1199 4334 1259 4370 τε
1287 4318 1397 4371 τῶν
1428 4318 1590 4372 θείων
1619 4319 1659 4371 Γ
1666 4320 1879 4390 ραφῶν,

1980 3119 2188 3177 Christi
2223 3123 2457 3192 gratiam
2510 3121 2806 3191 imperium
2856 3124 3118 3188 suscepit,
3176 3135 3274 3175 ceu
3314 3119 3565 3190 jussione

1979 3212 2187 3276 divina,
2242 3222 2355 3266 tum
2398 3211 2541 3266 mala
2569 3219 2877 3277 cessarunt,
2907 3210 2951 3266 si
2989 3226 3094 3280 qua
3140 3221 3297 3265 erant
3330 3227 3359 3264 a
3391 3211 3568 3280 genti-

1979 3303 2105 3366 bus,
2144 3303 2457 3373 subditi‘que
2502 3303 2690 3373 pepuli
2726 3317 2915 3371 pacem
2951 3302 3190 3372 amplexi
3221 3312 3369 3357 sunt.
3397 3300 3565 3355 Crete.

1979 3408 2105 3448 rum
2152 3393 2281 3447 boni
2317 3407 2445 3446 osor
2493 3391 2691 3455 hostis,
2720 3406 2896 3459 neque
2951 3406 3072 3445 eam
3108 3390 3392 3445 hominum
3438 3404 3568 3461 pro-

1977 3485 2283 3540 vectionem
2331 3484 2398 3537 ad
2451 3483 2732 3537 meliorem
2765 3483 3134 3553 cognitionem
3169 3482 3312 3536 ferre
3340 3483 3562 3551 potuit;

1979 3578 2112 3648 quin
2148 3578 2170 3608 ¹
2202 3577 2336 3643 imo,
2373 3575 2521 3631 velut
2569 3575 2699 3629 olim
2759 3576 3000 3644 primum
3055 3574 3277 3629 condito
3345 3574 3565 3627 homini

1977 3679 2147 3734 vitam
2200 3678 2449 3734 laborum
2503 3678 2776 3733 vacuitate
2806 3676 3024 3732 felicem
3079 3676 3300 3740 invidit,
3335 3675 3567 3744 ejusque

1977 3783 2074 3838 per
2113 3776 2447 3837 serpentem,
2478 3776 2538 3822 ut
2584 3782 2654 3823 ne
2701 3775 2974 3834 praecepto
3020 3766 3288 3828 obediret,
3334 3765 3565 3820 auribus

1981 3863 2175 3916 insevit
2205 3865 2260 3927 ²;
2296 3865 2379 3915 sic
2420 3875 2639 3929 quoque
2666 3873 2761 3929 per
2794 3860 2843 3912 id
2881 3869 3117 3928 tempus,
3146 3860 3563 3913 idololatrarum

1980 3958 2045 4010 ad
2079 3955 2246 4008 Deum
2269 3953 2628 4008 conversione
2660 3952 3026 4015 exulceratus,
3053 3949 3282 4005 suscitat
3310 3951 3561 4020 spiritum

1980 4048 2265 4120 Pythonis.
2342 4044 2470 4100 Fuit
2525 4044 2573 4098 is
2635 4043 2799 4098 Arius
2855 4057 2870 4095 :
2929 4042 3274 4098 Christianus
3340 4042 3562 4112 quidem

1980 4141 2232 4205 nomine,
2301 4153 2365 4193 ac
2434 4136 2691 4191 Ecclesia:
2767 4134 3157 4188 Alexandrinae
3228 4136 3566 4206 presbyteris

1981 4234 2252 4297 allectus;
2307 4230 2397 4285 cui
2465 4229 2878 4297 Scripturarum
2934 4227 3244 4282 divinarum
3276 4228 3566 4297 uintcrprc-

1982 4324 2118 4380 tatio
2190 4323 2386 4378 fuisset
2440 4323 2718 4387 mandata,
2790 4329 2954 4390 atque
3000 4319 3204 4372 utinam
3275 4335 3381 4373 non
3428 4318 3566 4375 fuis-

297 4417 367 4479 ib;
419 4416 536 4467 οῦκ
575 4412 807 4481 ὄφελον,
863 4410 1298 4481 πεπιστευμένος
1347 4411 1660 4481 ὑφήγησινο
1722 4430 1878 4466 κενου

1989 4424 2109 4482 set,
2148 4416 2297 4471 inani
2325 4415 2489 4468 homo
2552 4414 2726 4485 gloria
2759 4452 2773 4477 ,
2817 4426 2883 4467 ac
2933 4412 3199 4478 avaritia,
3250 4412 3421 4481 patris
3482 4414 3566 4466 sui

305 4506 451 4578 δοξίᾳ
486 4523 548 4558 τε
597 4506 697 4558 καὶ
748 4502 1107 4573 φιλαργυρίᾳ,
1135 4505 1250 4565 τοῖς
1298 4504 1484 4566 ὅπλοις
1529 4504 1623 4558 τοῦ
1672 4505 1885 4575 πατρὸς

315 4599 470 4651 αὑτοῦ
510 4596 611 4650 τοῦ
655 4595 934 4659 διαϐόλου,
988 4595 1356 4664 κατεχόμενος
1382 4611 1397 4626 ⁶
1430 4595 1488 4659 ὃς
1547 4596 1887 4667 θεασάμενος

317 4692 383 4754 ὡς
415 4691 552 4763 μετὰ
587 4689 802 4759 Πέτρον
836 4687 929 4740 τὸν
962 4687 1019 4741 ἐν
1054 4689 1297 4759 μάρτυσι
1337 4690 1636 4760 νικηφόρον
1661 4728 1675 4754 ,
1707 4689 1804 4741 καὶ
1826 4690 1887 4742 ἐν

409 4809 429 4838 ³
463 4807 599 4863 Gen.
619 4821 707 4870 ut,
737 4805 793 4859 5.

1984 4508 2189 4565 diaboli
2214 4507 2404 4573 armis,
2444 4520 2761 4576 possessus.
2802 4504 2940 4558 Cum
2993 4519 3159 4573 porro
3193 4514 3317 4569 post
3344 4502 3566 4558 Petrum

1984 4601 2128 4656 inter
2166 4609 2436 4669 martyres
2491 4598 2751 4653 victoria'
2781 4595 3077 4661 illustrem,
3111 4610 3177 4649 ac
3209 4594 3350 4649 inter
3385 4599 3565 4665 ponti-

1988 4689 2119 4744 tices
2157 4695 2478 4745 consertum
2526 4685 2818 4756 apostolis,
2866 4684 3250 4754 Achillamque
3277 4683 3399 4754 ejus
3441 4699 3565 4741 sucv

1576 4898 1677 4961 Fr.
1721 4898 2084 4963 Combefisii
2119 4905 2304 4962 notae.

379 5023 456 5091 (2)
528 5021 859 5079 ΟτιΙιοάοίιτω
916 5018 1220 5088 reipublicw
1274 5030 1461 5074 auctor
1521 5036 1584 5073 ac
1625 5022 1891 5090 princeps.

306 5090 465 5151 Velut
497 5096 593 5164 qui
624 5094 837 5164 primus
870 5090 1429 5164 resChristianorum
1460 5094 1895 5164 a<_:_ortlt«)doxo-

302 5184 447 5228 rum,
494 5161 835 5234 provexerit,
870 5162 1072 5234 utgjam
1127 5162 1438 5228 respublica
1485 5161 1794 5227 Christiana
1831 5176 1895 5234 ac

301 5232 639 5293 orthodoxa,
674 5233 843 5285 libera
885 5232 1168 5299 religione,
1201 5246 1265 5284 ac
1308 5234 1644 5299 compressis
1676 5232 1888 5284 errori-

301 5312 428 5371 bus,
484 5312 675 5374 posset
713 5302 842 5355 dici.
877 5299 1106 5374 Interpr.
1143 5299 1354 5374 l.ipom_.
1422 5299 1742 5357 Orthodoma!
1765 5302 1886 5356 vim

297 5370 538 5431 ίωιὶιιὶιι
570 5375 833 5442 princeps,
859 5370 1005 5439 quod
1028 5384 1138 5442 non
1166 5371 1388 5438 placuit.

367 5449 451 5516 (5)
496 5438 906 5516 Ιιιὶιηειιιταιέὶ
950 5440 1366 5516 consistendum,
1409 5438 1883 5516 Quippe_menda_—

294 5509 448 5573 cium
487 5509 862 5569 inconsistens
906 5519 1013 5564 est.
1045 5510 1265 5565 Absone
1302 5509 1589 5579 Lipomani
1626 5513 1790 5567 inter.
1820 5513 1883 5566 τὸ

293 5590 652 5657 ἀνύπαρκτον
675 5585 744 5638 ad
776 5595 1014 5657 sequenMs
1038 5581 1318 5657 ⁸κήρυγμα
1352 5582 1519 5636 refert
1561 5582 1734 5657 :_Qu_a2
1758 5599 1883 5637 con-

294 5650 616 5713 “uere'non
652 5650 888 5725 poterat,
920 5650 1072 5720 efﬁcit
1108 5650 1449 5723 manifestam
1484 5652 1717 5708 veritatis
1742 5669 1880 5722 pra:-

2000 5024 2340 5077 dicationem.
2370 5020 2537 5075 Plane
2564 5016 2917 5081 consistebat,
2959 5024 3086 5071 ante
3107 5014 3450 5071 Constantini
3486 5014 3567 5070 fe-

1999 5095 2124 5148 licia
2158 5103 2430 5165 tempora,
2483 5106 2585 5144 nec
2615 5090 2807 5165 majori
2867 5102 3103 5165 unquam
3152 5088 3366 5165 vigore
3399 5101 3563 5165 quam

2000 5166 2104 5217 sub
2136 5156 2521 5218 decessoribus
2569 5156 2841 5230 tyrannis,
2890 5156 3566 5230 prmdipatio’Christianm

1993 5235 2263 5297 veritatis,
2295 5248 2359 5286 ac
2378 5227 2646 5302 κήρυγμα
2669 5242 2949 5302 nunquam
2980 5227 3350 5302 ἀνύπαρκτον.

2071 5305 2151 5373 (4)
2193 5296 2507 5373 Tormentis.
2538 5296 2993 5370 'Exaggeratione
3046 5296 3293 5373 dictum,
3320 5312 3435 5373 _nec
3497 5296 3563 5350 ad
3626 5328 3631 5334 ο

1998 5366 2349 5429 Constantini
2411 5366 2756 5425 referendum
2809 5377 3100 5437 tempora,
3158 5366 3426 5436 siquidem
3481 5377 3570 5419 est

1992 5459 2174 5500 sermo
2199 5448 2263 5500 de
2297 5442 2557 5505 ethnicis,
2589 5442 2791 5509 quibus
2824 5440 3043 5493 interim
3066 5440 3301 5509 multum
3330 5443 3469 5496 erat,
3489 5450 3563 5509 _ur

1990 5514 2243 5570 nefandis
2268 5516 2442 5569 sacris
2460 5504 2901 5580 prohiberentur,
2925 5508 3311 5563 clauderentur
3337 5504 3559 5575 templa,

1990 5586 2108 5643 sive
2137 5586 2329 5653 etiam,
2363 5597 2489 5640 cum
2524 5596 2612 5637 res
2644 5580 2875 5651 ferebat,
2907 5580 3340 5636 destruerentur.
