4094 6420
511 342 617 404 427

1697 332 2073 392 GREGORH
2124 330 2604 392 PRESBY'I‘ERI

3665 329 3769 393 428

511 466 731 521 nempe,
765 447 1199 519 ‘Menophautem
1242 442 1565 515 Ephesium,
1614 451 1668 494 et
1716 440 2092 508 Patrophilum

2199 440 2370 509 θιάσῳ
2417 440 2528 493 τῶν
2571 438 2742 506 ἁγίων
2814 438 3201 509 συνεισήνεγκε
3255 438 3455 502 λύκους
3524 439 3772 511 ’Ἄραϐας

513 542 1050 616 Scytbopolitanum,
1069 554 1135 593 ac
1153 535 1436 591 Tlteonam
1468 532 1950 593 Marmaricanum,
1965 546 2089 585 cum

513 637 642 692 aliis
711 636 899 704 paucis
957 632 1188 687 insaniae
1246 628 1361 683 Arii
1420 625 1728 695 dist-ipulis,
1775 626 1843 678 de
1891 624 2093 693 quibus

512 728 714 783 dicturi
771 740 965 780 sumus
1023 723 1078 777 in
1141 720 1521 789 sequentibus.
1586 717 1857 783 Quoniam
1909 727 2090 771 artem

514 819 664 889 quod
699 819 979 871 veritatem
1036 814 1266 877 ferebat,
1301 826 1477 881 eaque
1529 811 1673 862 velut
1728 809 1898 861 fetum
1949 818 2090 871 erat,

512 909 870 980 inquisitione
914 906 1128 977 egebat,
1160 914 1429 973 aptusque
1478 901 1634 956 locus
1674 901 2090 969 dispiciebatur,

516 1016 627 1073 quo
673 1001 826 1055 ﬁeret
859 998 1083 1053 Patrum
1117 1004 1441 1057 conventus,
1477 992 1806 1048 abscindens
1854 993 2093 1060 Optimus

511 1098 819 1166 imperator
851 1108 882 1146 a
915 1091 1118 1162 palatio
1147 1088 1295 1160 quod
1339 1086 1448 1142 illic
1492 1096 1629 1150 erat,
1663 1086 1887 1140 domum
1918 1084 2095 1137 maxi-

513 1204 684 1253 mam,
755 1180 1532 1254 imperialiumcubiculorutn
1591 1176 1685 1248 [ut
1734 1176 1808 1230 ita
1864 1173 2094 1246 loquar]

502 1280 733 1335 oculum
769 1275 1085 1347 quemdam,
1117 1273 1276 1343 cujus
1298 1273 1467 1327 decus
1499 1286 1562 1325 ac
1592 1267 1994 1339 magniﬁcentia
2027 1266 2094 1320 ad

510 1382 755 1427 nostram
791 1384 965 1438 usque
998 1375 1212 1421 aetatem
1260 1364 1480 1419 Patrum
1529 1372 1845 1433 legumento
1874 1374 2096 1414 COﬂSt‘I“

510 1474 631 1516 vata
664 1472 767 1525 est,
800 1457 1074 1523 eamdem,
1105 1472 1200 1511 seu
1236 1454 1383 1509 illius
1416 1453 1685 1523 primitias
1716 1452 1897 1520 regiae,
1934 1464 2095 1504 sacro

509 1553 718 1608 addixit
745 1548 1003 1607 concilio.
1035 1548 1108 1603 l-Zo
1144 1548 1266 1601 loco
1324 1544 1561 1615 teqttales
1605 1558 1834 1597 numero
1866 1540 2093 1593 Patrum

508 1645 669 1700 sedes
702 1643 882 1714 parari
922 1640 1119 1710 .jussit,
1157 1653 1264 1694 una
1312 1638 1579 1692 rationem
1629 1636 1838 1689 habens
1892 1632 2095 1703 quietis

509 1744 726 1800 senum,
779 1750 843 1789 ac
896 1732 1264 1787 sacerdotium
1310 1729 1514 1783 honore
1564 1740 1925 1797 prosequens.
1956 1724 2091 1779 Cum

2195 534 2375 603 δοραῖς
2404 532 2692 602 προϐάτων
2719 532 3209 604 έγκεκρυμμένους
3225 549 3239 562 ·
3264 533 3606 603 Μηνόφαντά
3626 547 3773 601 φημι

2195 627 2288 679 τὸν
2326 604 2598 695 Ἐφέσιον,
2644 626 2736 680 καὶ
2788 626 3135 696 Πατρόφιλον
3173 626 3268 677 τὸν
3326 626 3437 679 ἀπὸ
3483 624 3773 679 Σκυθοπό-

2195 716 2353 779 λεως,
2377 716 2472 769 καὶ
2494 718 2713 771 Θεωνᾶν
2729 716 2820 770 τὸν
2843 718 2907 770 ὲκ
2927 717 3025 787 τῆς
3047 716 3425 789 Μαρμαρικῆς
3450 717 3548 769 σὺν
3570 716 3777 787 ἑτέροις

2196 808 2371 875 ὀλίγοι
2385 826 2401 868 ;
2442 807 2715 879 μαθηταῖς
2740 808 2840 878 τῆς
2881 808 3094 876 Ἀρείου
3145 806 3483 878 ἀφροσύνης,
3519 808 3652 877 περὶ
3700 801 3779 860 ῶν

2197 901 2254 952 ὲν
2297 902 2408 961 τοῖς
2453 900 2581 967 ἑξῆς
2635 899 2957 969 ῥηθήσεται.
2998 898 3152 951 Ἐπεὶ
3198 897 3256 951 δὲ
3309 898 3370 950 τὸ
3418 898 3633 966 κυῆσαν
3677 898 3778 967 τὴν

2198 991 2456 1060 ἀλήθειαν
2510 992 2681 1046 ἐδεῖτο
2729 993 3036 1063 ζητήσεως,
3099 992 3196 1045 καὶ
3262 991 3428 1055 τόπος
3485 992 3780 1045 ἐσκοπεῖτο

2197 1084 2334 1153 πρὸς
2364 1084 2678 1136 συνέλευσιν
2719 1084 3051 1155 ἐπιτήδειος,
3077 1082 3375 1152 ἀποτεμὼν
3410 1085 3439 1136 6
3478 1083 3779 1153 κράτιστος

2200 1175 2452 1245 βασιλεὺς
2497 1175 2592 1231 τοῦ
2647 1179 2829 1230 ἐκεῖσε
2885 1177 3153 1231 παλατίου
3210 1172 3364 1231 οἷκον
3413 1176 3776 1248 παμμεγέθη,

2197 1268 2288 1319 τὸν
2325 1267 2606 1339 ὀφθαλμὸν
2643 1270 2719 1332 ὼς
2740 1271 2918 1322 είπείν
2958 1268 3066 1323 τῶν
3114 1268 3418 1340 βασιλικῶν
3470 1269 3778 1336 κοιτώνων,

2196 1354 2258 1412 οὗ
2287 1359 2348 1412 τ”ι
2376 1359 2698 1429 περικαλλὲς
2728 1360 2824 1413 καὶ
2853 1361 3082 1428 κόσμιον
3118 1360 3314 1432 μέχρις
3333 1359 3488 1431 ήμῶν
3508 1363 3576 1431 τῇ
3598 1360 3780 1431 σκέπῃ

2197 1450 2309 1503 τῶν
2374 1451 2537 1503 ὁσίων
2605 1452 2867 1522 Πατέρων
2939 1453 3269 1523 τετήρηται,
3315 1452 3520 1528 ,τοῦτον
3583 1452 3781 1522 ῶσπερ

2202 1543 2460 1613 ἀπαρχὴν
2504 1544 2614 1595 τῶν
2658 1543 2951 1613 βασιλείων
2998 1548 3066 1617 τῇ
3111 1545 3246 1617 ἁγίᾳ
3276 1544 3515 1599 ἀπέθετο
3544 1545 3780 1616 συνόδῳ,

2210 1635 2341 1689 ἔνθα
2372 1636 2583 1698 θώκους
2616 1636 2942 1707 ἰσαρίθμους
2976 1638 3306 1708 προτεθῖψαι
3335 1639 3451 1702 τοῖς
3502 1637 3785 1707 Πατράσιν

2204 1729 2462 1781 ἐκέλευσε
2492 1744 2503 1755 ·
2559 1729 2655 1781 τοῦ
2684 1747 2745 1783 τε
2784 1731 2974 1801 γήρως
3019 1731 3120 1800 τὴν
3154 1731 3491 1797 ἀνάπαυσιν,
3537 1728 3633 1783 καὶ
3679 1730 3787 1798 τῆς

507 1827 620 1896 iam
656 1827 837 1894 itaque
863 1825 896 1878 ii
923 1822 1137 1893 appulsi
1174 1829 1381 1884 essent,
1410 1820 1526 1890 ipse
1550 1832 1765 1888 quoque
1796 1819 2092 1885 imperator

2200 1821 2502 1894 ἱερωσύνης
2560 1789 2807 1894 στέργων
2844 1789 2926 1876 "re
2955 1789 3184 1893 ⁷τίμιον.
3244 1789 3589 1893 Προϐαλοῦσι
3648 1789 3786 1888 γούν

512 1916 863 1989 ingreditur:
903 1931 1079 1985 neque
1111 1929 1238 1968 vero
1271 1912 1545 1982 arroganti
1611 1920 1665 1963 et
1706 1911 1874 1973 elato,
1914 1908 2093 1978 regio-

509 2025 618 2078 que
670 2008 890 2063 intuens
943 2008 1118 2072 vultu,
1181 2004 1276 2061 sed
1343 2010 1629 2057 contracto
1680 2000 2004 2070 supercilio,
2039 2006 2093 2052 et

513 2102 759 2155 modesto
790 2101 1006 2155 incessu
1043 2096 1276 2159 accedit,
1312 2111 1373 2148 ac
1411 2106 1632 2151 sanctos
1667 2092 1882 2147 obviam
1920 2090 2092 2145 factus

511 2192 878 2263 amplectitur,
909 2191 1216 2260 blandeque
1253 2198 1306 2243 ct
1359 2192 1602 2257 gratiose
1653 2185 1991 2255 alloquitur;
2030 2198 2093 2237 ac

510 2285 618 2340 leni
648 2289 883 2355 quodam
912 2287 1045 2348 risu,
1080 2280 1355 2337 comitatis
1381 2279 1567 2333 ﬂorem
1588 2277 1895 2347 proferens,
1918 2276 2091 2330 laetam

502 2376 679 2430 animi
734 2375 1187 2429 constitutionem
1239 2388 1337 2442 pro
1386 2380 1701 2424 sanctorum
1742 2377 1887 2423 statu
1919 2376 2096 2421 cretu-

508 2482 617 2538 que
667 2466 926 2522 ostendit.
993 2467 1159 2519 Suam
1225 2478 1406 2517 autem
1499 2467 1550 2515 in
1623 2460 1790 2515 Deum
1856 2458 2095 2529 prodidit

514 2558 901 2623 humilitatem,
933 2572 1311 2627 suunnamque
1344 2558 1393 2609 in
1429 2555 1620 2610 Patres
1640 2553 2091 2615 submissionem,

510 2650 657 2718 quod
712 2649 854 2703 inter
909 2650 1069 2703 sedes
1132 2648 1472 2717 episcopales
1541 2661 1703 2699 suum
1770 2643 2095 2700 subtuiserit

512 2740 856 2795 subsellium.

580 2933 717 2989 Cum
778 2936 953 2991 sancti
989 2948 1120 3004 ergo
1175 2934 1408 3004 piuSque
1461 2932 1761 3001 imperator
1812 2932 2098 2987 consedis—

509 3038 653 3094 St'lll,
715 3028 1033 3082 Eustathius
1100 3026 1476 3080 Antiocltenus
1541 3025 1629 3096 (ei
1691 3026 1837 3079 enim
1900 3026 2097 3079 annuit

2196 1914 2383 1975 αὐτοῖς
2413 1915 2441 1967 6
2474 1916 2772 1983 κράτιστος
2816 1915 3205 1985 ἐπεισέρχεται
3256 1913 3514 1982 βασιλεύς
3538 1928 3553 1944 ο
3593 1914 3657 1965 οὐ
3689 1928 3788 1964 σο-

2196 2005 2349 2076 ϐαρῷ
2381 2024 2483 2059 τινι
2533 2008 2627 2060 καὶ
2671 2006 3062 2077 ὑπερκειμένη»
3118 2006 3213 2059 καὶ
3264 2004 3534 2077 βασιλικῷ
3566 2003 3785 2075 βλέπων

2197 2096 2451 2167 νεύματι,
2515 2098 2628 2149 ἀλλ’
2672 2098 2840 2168 ὀφρύῖ
2884 2099 3324 2167 συνεσταλμένῃ,
3360 2100 3454 2151 καὶ
3507 2098 3662 2167 πράῳ
3692 2096 3775 2166 τῷ

2199 2189 2407 2261 βήματι
2464 2190 2754 2259 πρόσεισι·
2819 2193 2915 2245 καὶ
2974 2193 3103 2254 τοὺς
3161 2192 3355 2259 ἁγίους
3414 2190 3776 2252 ὑπαντῶντας

2197 2280 2529 2346 ἀσπάζεται,
2555 2281 2651 2334 καὶ
2683 2284 2980 2352 χαριέντως
3015 2282 3361 2354 προσομιλεῖ²
3402 2284 3498 2336 καὶ
3522 2284 3784 2354 ἡρεμαξῳ

2197 2374 2303 2425 τινὶ
2333 2373 2652 2442 μειδιάματι
2689 2375 2748 2427 τὸ
2789 2375 2891 2437 τῆς
2931 2376 3241 2438 ἐπιεικείας
3267 2375 3432 2439 ἄνθος
3473 2374 3786 2446 προϐαλλό-

2201 2482 2382 2533 μενος,
2405 2465 2640 2535 φαιδρὰν
2664 2466 2756 2520 ἐπὶ
2780 2469 2845 2537 τῇ
2876 2466 2985 2521 τῶν
3012 2468 3185 2535 άγίων
3248 2468 3511 2522 συστάσει
3537 2467 3787 2521 δείκνυσι

2197 2557 2297 2626 τῆς
2327 2558 2505 2627 ψυχῆς
2536 2562 2635 2628 τὴν
2666 2560 3031 2613 κατάστασιν.
3065 2559 3311 2630 Δηλώσει
3357 2559 3414 2613 δὲ
3451 2560 3516 2613 τό
3544 2577 3604 2613 τε
3639 2560 3788 2630 πρὸς

2197 2651 2325 2712 τοὺς
2347 2650 2599 2719 Πατέρας
2624 2651 2723 2720 τῆς
2747 2651 3216 2719 συγκαταϐάσεως
3245 2652 3470 2724 ὑψηλὸι,
3491 2654 3551 2706 τὸ
3574 2652 3787 2722 μεταξῦ

2198 2740 2308 2794 τῶν
2336 2742 2714 2795 ἐπισκοπικῶν
2738 2743 2946 2814 δίφρων
2974 2743 3317 2813 ύποϐεϐηκδς
3339 2744 3595 2798 ἐντεῦθεν
3626 2743 3789 2815 αὐτῷ

2202 2834 2545 2903 σκιμπόδιον.

2270 2928 2391 2982 Τῶν
2432 2924 2524 2982 οὖν
2564 2929 2727 2983 ὁσίων
2758 2930 2851 2983 καὶ
2882 2928 2978 2982 τοῦ
3010 2928 3301 2992 θεοσεϐοῦς
3339 2929 3610 2998 βασιλέως
3637 2930 3792 2999 ἰδρυ-

2202 3021 2402 3088 μένων,
2456 3020 2760 3085 Εὑστάθιος
2807 3021 2835 3072 6
2873 3021 2972 3088 τῆς
3018 3021 3382 3089 Ἀντιοχέων·
3437 3020 3616 3091 τούτῳ
3665 3022 3787 3091 γάρ

511 3131 696 3178 sancta
731 3120 995 3192 synodus,
1024 3129 1085 3173 ut
1111 3119 1279 3173 verba
1317 3117 1518 3172 faceret
1550 3117 1613 3170 ad
1642 3117 2055 3188 imperatorem)
2084 3149 2092 3184 ε

2206 3113 2334 3173 τοὺς
2380 3111 2513 3183 πρὸς
2566 3112 2658 3164 τὸν
2711 3112 2942 3182 βασιλέα
2996 3112 3190 3180 λόγους
3245 3114 3523 3167 ποιεῖσθαι
3573 3116 3605 3184 ή
3651 3115 3793 3181 ἁγία
3864 3182 3869 3186 _

513 3230 533 3262 ι
574 3212 683 3266 Deo
734 3211 933 3281 inquit,
968 3210 1176 3282 gratias
1230 3213 1467 3280 agimus,
1516 3205 1720 3279 optime
1773 3213 2090 3279 imperator,

510 3303 603 3373 qui
640 3313 919 3358 terrenum
959 3302 1052 3356 tibi
1110 3302 1401 3371 imperium
1459 3301 1647 3371 dirigit
1680 3318 1693 3353 :
1724 3301 1818 3370 qui
1866 3302 2094 3355 simula-

511 3408 729 3447 crorum
760 3406 1005 3449 errorem
1046 3406 1139 3462 per
1168 3402 1217 3446 te
1249 3391 1507 3453 abolevit,
1536 3407 1599 3446 ac
1637 3406 1826 3461 aequos
1856 3392 2093 3446 ﬁdeliqu

512 3485 725 3538 animos
760 3484 815 3537 in
853 3482 1100 3537 libertate
1126 3482 1435 3536 collocavit.
1476 3483 1727 3538 Cessavit
1781 3483 2092 3538 darmonum

513 3577 713 3631 nidor:
749 3575 1039 3645 multiplici
1093 3574 1187 3631 Dei
1237 3575 1389 3629 cultu
1435 3588 1628 3630 eversa
1683 3583 1768 3631 est
1807 3574 2093 3645 gentilium

512 3669 856 3739 superstitio.
910 3667 1269 3737 Expelluntur
1298 3666 1536 3721 tenebrae
1588 3667 1923 3736 impietatis;
1961 3667 2092 3720 illu-

512 3769 720 3815 stratur
759 3761 910 3815 orbis
947 3773 1215 3814 terrarum
1249 3759 1372 3815 lucc
1402 3760 1601 3815 divina:
1629 3760 1895 3815 scientize.
1933 3759 2095 3816 Pater

511 3853 885 3922 glorificatur;
944 3851 1115 3906 Filius
1171 3851 1336 3906 simul
1384 3852 1681 3917 adoratur;
1735 3853 2096 3907 annuntiatur

511 3944 753 4014 Spiritus
802 3955 1067 4008 sanctus,
1115 3943 1359 3999 Trinitas
1412 3946 1924 4011 consubstantialis,
1987 3962 2095 4001 una

515 4037 781 4091 Divinitas
813 4038 867 4090 in
901 4036 1078 4091 tribus
1122 4035 1374 4107 personis
1405 4045 1459 4091 et
1490 4037 1875 4107 hypostasibus
1905 4039 2096 4108 pracdi-

510 4136 690 4181 catur.
723 4125 828 4181 Per
862 4143 1004 4192 eam,
1062 4129 1387 4198 imperator,
1439 4130 1686 4183 munitur
1739 4140 1846 4185 tua:
1876 4133 2094 4201 pietatis

509 4219 840 4288 imperium;
898 4235 1017 4275 eam
1091 4220 1248 4275 nobis
1307 4235 1464 4276 serva
1512 4222 1848 4277 inviolatam.
1903 4222 2095 4279 Nullus

514 4310 808 4364 luereticus
836 4312 888 4362 in
920 4309 1215 4364 Ecclesiam
1248 4312 1570 4366 subintraus
1619 4329 1787 4366 unum
1831 4315 2034 4385 aliquid
2064 4332 2092 4369 a

513 4400 782 4454 'l‘rinitate
812 4399 1046 4463 auferat,
1078 4401 1198 4455 sine
1243 4402 1475 4465 honore,
1533 4402 1899 4475 affectumque
1936 4408 2092 4476 igno-

2202 3203 2461 3255 ἐπένευσε
2499 3202 2740 3266 σύνοδος*
2774 3223 2793 3255 ι
2843 3204 3304 3275 Εὐχαριστοῦμεν,
3333 3203 3460 3273 ἔφη,
3494 3205 3632 3273 Θεῷ,
3651 3206 3796 3277 κρά-

2196 3313 2346 3349 τιστε
2382 3296 2625 3365 βλσιλεῦ,
2663 3297 2741 3368 τῷ
2770 3298 2871 3368 τὴν
2904 3298 3151 3365 ἐπίγειον
3190 3297 3530 3352 συνιθύνοντί
3574 3317 3657 3352 σοι
3688 3300 3793 3370 βα-

2202 3386 2404 3439 σιλείαν
2428 3404 2441 3417 ’
2466 3387 2543 3456 τῷ
2574 3387 2673 3457 τὴν
2713 3388 2922 3458 πλάνην
2954 3387 3065 3442 τῶν
3097 3388 3337 3442 είδώλων
3366 3390 3455 3442 διὰ
3496 3389 3591 3443 σοῦ
3642 3408 3792 3445 κατ-

2199 3478 2503 3549 αργήσαντι
2535 3518 2549 3540 ,
2610 3480 2704 3533 καὶ
2785 3478 2896 3533 τῶν
2963 3481 3172 3533 πιστῶν
3219 3482 3670 3559 ,καταστήσαντι
3727 3486 3793 3537 ὲν

2201 3569 2486 3638 παρρησίᾳ
2509 3569 2571 3619 τδ
2601 3567 2861 3638 εὔθυμον.
2894 3571 3181 3624 Πέπαυται
3216 3572 3420 3623 κνίσσα
3461 3572 3741 3643 δαιμόνων
3771 3590 3786 3604 ·

2198 3659 2561 3713 καταλέλυται
2621 3663 2913 3727 πολυθείας
2970 3664 3293 3735 Ἑλληνικῆς
3331 3666 3399 3719 τὰ
3442 3666 3787 3735 σεϐάσματα.

2199 3752 2273 3804 Τὸ
2331 3753 2433 3822 τῆς
2502 3755 2778 3822 ἀγνωσίας
2840 3756 3209 3823 ἀπελαύνεται
3273 3758 3498 3822 σκότος’
3544 3757 3619 3826 τῷ
3673 3757 3785 3827 τῆς

2199 3846 2532 3915 θεογνωσίας
2593 3851 2734 3918 φωτὶ
2772 3851 2805 3919 ή
2855 3851 3152 3921 οίκουμένη
3200 3853 3624 3921 καταυγάζεται.
3663 3853 3788 3905 Πα-

2196 3938 2302 4008 τὴρ
2330 3936 2692 4009 δοξολογείται
2725 3958 2738 3970 ·
2767 3942 2893 4004 Υἱὸς
2916 3946 3440 4013 σομε-,προσκυνεῖται⁸
3469 3945 3530 3998 τὸ
3562 3945 3793 4013 Πνεῦμα

2197 4031 2258 4083 τὸ
2287 4030 2442 4099 ἅγιον
2478 4034 2939 4102 καταγγέλλεται.
2981 4035 3154 4106 Τριάς
3180 4037 3489 4106 ὁμοούσιος,
3527 4037 3626 4108 μία
3662 4037 3795 4091 θεό-

2196 4142 2296 4194 της
2326 4125 2384 4176 ἐν
2421 4126 2568 4193 τρισὶ
2597 4126 2909 4196 προσώποις
2942 4131 3035 4181 καὶ
3070 4132 3399 4185 ὑποστάσεσι
3428 4131 3789 4202 κηρύττεται.

2197 4217 2382 4289 Ταύτῃ
2429 4218 2753 4289 τειχίζεται,
2788 4220 3038 4289 βασιλεῦ,
3078 4223 3139 4273 τὸ
3186 4223 3286 4293 τῆς
3336 4224 3626 4281 εὐσεϐείας
3683 4242 3787 4279 σου

2198 4311 2432 4380 κράτος·
2475 4312 2679 4382 ταύτην
2725 4314 2859 4383 ήμίν
2916 4313 3118 4368 ἄσυλον
3160 4314 3515 4384 διαφύλαττε.
3573 4318 3789 4389 Μηδεὶς

2197 4404 2478 4473 αἱρετικὸς
2528 4405 2731 4468 ὑποδὺς
2783 4406 2882 4476 τὴν
2943 4406 3276 4478 Ἐκκλησίαν
3319 4406 3378 4459 ἓν
3427 4426 3481 4460 τι
3540 4409 3782 4478 Τριάδος

514 4494 677 4545 minia
714 4494 1051 4562 relinquens,
1074 4495 1218 4564 quod
1250 4503 1334 4549 est
1379 4496 1674 4566 reliquum.
1707 4498 1870 4552 Arius
1910 4502 2089 4565 nobis,

2205 4497 2532 4567 ἀφαιρείτω,
2586 4497 3023 4568 καταλιμπάνων
3082 4498 3143 4552 τὸ
3191 4499 3516 4570 λειπόμενον
3561 4501 3792 4572 ἄτιμον.

511 4584 602 4655 qui
636 4600 666 4638 a
695 4584 884 4638 furore
909 4601 1107 4640 nomen
1141 4588 1375 4655 accepit,
1408 4590 1676 4644 orationis
1706 4605 1870 4645 causa
1911 4602 1994 4647 est
2040 4604 2089 4647 et

512 4685 857 4741 conventus,
916 4677 1008 4746 qui
1078 4678 1265 4732 nescio
1334 4680 1646 4747 quomodo,
1717 4682 1768 4734 in
1838 4681 2094 4737 Ecclesiae

509 4767 895 4821 Alexandrinae
943 4770 1341 4846 presbyterium
1407 4770 1662 4830 allectus.
1714 4773 2090 4829 nescientibus

512 4858 693 4922 nobis,
733 4858 946 4912 alienus
994 4874 1023 4912 a
1077 4859 1324 4914 doctrina
1369 4860 1813 4916 beatissimorum
1852 4867 2092 4935 prophe-

511 4963 689 5004 tarum
745 4959 800 5005 et
845 4951 1217 5021 apostolorum
1252 4953 1507 5008 inventus
1557 4952 1678 5008 fuit.
1734 4944 2093 5024 Unigenitum

511 5043 657 5096 rnim
681 5040 878 5096 Filium
904 5052 959 5097 et
990 5040 1221 5098 Verbum
1250 5044 1429 5099 Patris
1452 5061 1558 5099 non
1599 5055 1820 5100 veretur
1849 5048 2092 5113 ejusdem

515 5151 643 5191 cum
690 5134 851 5189 Patre
883 5136 1210 5192 substantize
1256 5139 1537 5194 consortio
1566 5138 1805 5207 privare,
1855 5141 2095 5195 ctCrea-

515 5240 709 5294 torem,
733 5240 999 5284 creatura:
1023 5230 1221 5294 cultor,
1247 5230 1531 5284 contendit
1553 5230 1752 5284 creatis
1777 5246 2091 5285 accensere.

514 5321 651 5374 Eum
706 5330 888 5377 autem
942 5322 1301 5391 persuaseris,
1350 5323 1670 5391 imperator,
1730 5333 1935 5377 mutata
1968 5339 2093 5377 seu-

512 5414 677 5469 tentia
714 5430 820 5469 nou
852 5430 1156 5485 repugnare
1205 5415 1528 5482 apostolicis
1571 5415 1879 5482 doctrinis;
1915 5425 2011 5470 aut
2043 5418 2088 5471 si

2205 4591 2423 4658 Ἄρειος
2483 4591 2614 4660 ἡμῖν
2648 4591 2675 4643 6
2724 4589 2825 4660 τῆς
2877 4591 3078 4661 μανίας
3126 4592 3438 4663 ἐπώνυμος,
3484 4593 3580 4647 τοῦ
3621 4594 3791 4665 λόγου

2202 4681 2295 4732 καὶ
2326 4682 2420 4749 τῆς
2449 4681 2818 4745 συνελεύσεω;
2847 4684 3019 4757 αἴτιος
3040 4700 3054 4715 ⁸
3077 4684 3161 4747 ὃς,
3192 4686 3267 4747 ὡς
3306 4687 3408 4739 οὐκ
3447 4687 3608 4757 τσμεν
3632 4689 3793 4753 ὅπως

2200 4771 2282 4841 τῷ
2331 4773 2709 4843 πρεσϐυτερίῳ
2764 4777 2862 4845 τῆς
2922 4754 3327 4849 ’Ᾰλεξανδρέων
3386 4754 3792 4850 ἐγκαταλεγεὶς

2216 4862 2568 4931 Ἐκκλιλσίας,
2605 4866 2900 4920 ἐλάνθανεν
2941 4869 3110 4939 ἡμᾶς,
3144 4869 3248 4940 τῆς
3305 4870 3417 4926 τῶν
3463 4889 3790 4941 τρισμακα-

2206 4955 2336 5025 ρίων
2361 4957 2651 5027 προφητῶν
2677 4959 2770 5011 καὶ
2792 4960 3111 5014 ἀποστόλων
3139 4962 3494 5027 διδασκαλίας
3518 4965 3787 5035 ὑπάρχων

2201 5046 2503 5118 ἀλλότριος.
2543 5048 2649 5101 Τὸν
2700 5050 2808 5121 γάρ
2864 5054 3136 5121 μονογενῆ
3171 5053 3300 5108 Υίὸν
3351 5057 3444 5110 καὶ
3487 5056 3656 5121 Λόγον
3683 5057 3788 5112 τοῦ

2202 5136 2416 5207 Πατρὸς
2449 5138 2776 5209 ἀποστερεῖν
2822 5139 2923 5209 τῆς
2967 5142 3393 5212 ὁμουυσιότητος
3434 5147 3527 5198 τοῦ
3569 5146 3790 5217 [ἰατρὸς

2195 5231 2296 5282 οὐκ
2326 5231 2674 5301 ἐντρέπεται,
2702 5236 2796 5286 καὶ
2826 5236 2891 5304 τῇ
2920 5235 3098 5288 κτίσει
3128 5236 3217 5289 τὸν
3241 5238 3487 5307 Κτίστην
3511 5241 3539 5292 6
3562 5254 3788 5293 κτιστο-

2194 5323 2422 5393 λάτρης,
2463 5326 2827 5395 συναριθμεϊν
2876 5328 3187 5395 ἐπείγεται.
3251 5329 3461 5385 Τοῦτον
3532 5332 3599 5386 ἂν
3657 5334 3790 5386 πεί-

2199 5434 2369 5482 σειας,
2410 5416 2775 5490 αὐτοκράτορ,
2839 5419 3321 5491 μεταφρονοῦντα,
3374 5426 3487 5487 τοῖς
3533 5425 3781 5480 ἀποστο-

1784 5557 1885 5615 Fr.
1925 5555 2287 5619 Combeﬁsii
2324 5562 2509 5619 notae.

502 5700 700 5769 fallen:
740 5713 801 5752 ex
857 5700 1043 5769 litigio,
1101 5709 1153 5751 et
1208 5712 1324 5765 Ipso
1378 5700 1623 5767 antiquo,
1684 5703 2070 5756 etli'lisseutus.

515 5768 684 5819 l’orro
741 5768 1061 5823 allusio’est
1100 5771 1167 5823 ad
1211 5770 1341 5822 illud
1388 5769 1641 5826 llabacuc
1676 5789 1732 5825 ιε
1784 5772 2073 5826 l'elociorcs

2182 5704 2319 5771 lupis
2352 5706 2676 5773 vespertinis,
2706 5704 2844 5760 LXX
2876 5726 2888 5760 :
2921 5705 3080 5773 Lupis
3113 5709 3346 5772 zlrabia‘,
3376 5710 3492 5765 sola
3518 5711 3784 5767 nimirum

2183 5775 2237 5827 in
2265 5775 2489 5828 Hebraeo
2520 5791 2847 5845 punctorum
2887 5781 3207 5833 mutatione.
