  <div class='ocr_page' id='page_1' title='image "/cluster/home/n/w/nwhite01/storage/ocr_20150623/111/coo.31924054870153/225.png"; bbox 0 0 4094 6402; ppageno 0'>
   <div class='ocr_carea' id='block_1_1' title="bbox 513 260 613 326">
    <p class='ocr_par' dir='ltr' id='par_1_1' title="bbox 513 260 613 326">
     <span class='ocr_line' id='line_1_1' title="bbox 513 260 613 326; baseline 0.03 -3"><span class='ocrx_word' id='word_1_1' title='bbox 513 260 613 326; x_wconf 69' lang='grc'><strong>431</strong></span> 
     </span>
    </p>
   </div>
   <div class='ocr_carea' id='block_1_2' title="bbox 508 558 2085 628">
    <p class='ocr_par' dir='ltr' id='par_1_2' title="bbox 508 558 2085 628">
     <span class='ocr_line' id='line_1_2' title="bbox 508 558 2085 628; baseline 0.001 -15"><span class='ocrx_word' id='word_1_2' title='bbox 508 562 619 620; x_wconf 84' lang='lat' dir='ltr'><strong>die,</strong></span> <span class='ocrx_word' id='word_1_3' title='bbox 658 575 783 614; x_wconf 88' lang='lat' dir='ltr'><strong>cum</strong></span> <span class='ocrx_word' id='word_1_4' title='bbox 821 573 849 613; x_wconf 92' lang='lat' dir='ltr'><strong>a</strong></span> <span class='ocrx_word' id='word_1_5' title='bbox 897 559 1085 613; x_wconf 90' lang='lat' dir='ltr'><strong>multis</strong></span> <span class='ocrx_word' id='word_1_6' title='bbox 1130 559 1182 612; x_wconf 92' lang='lat' dir='ltr'><strong>in</strong></span> <span class='ocrx_word' id='word_1_7' title='bbox 1221 558 1350 612; x_wconf 91' lang='lat' dir='ltr'><strong>illud</strong></span> <span class='ocrx_word' id='word_1_8' title='bbox 1383 573 1556 627; x_wconf 91' lang='lat' dir='ltr'><strong>usque</strong></span> <span class='ocrx_word' id='word_1_9' title='bbox 1589 569 1802 628; x_wconf 89' lang='lat' dir='ltr'><strong>tempus</strong></span> <span class='ocrx_word' id='word_1_10' title='bbox 1832 559 2085 614; x_wconf 86' lang='lat' dir='ltr'><strong>celebra-</strong></span> 
     </span>
    </p>
   </div>
   <div class='ocr_carea' id='block_1_3' title="bbox 507 650 2084 719">
    <p class='ocr_par' dir='ltr' id='par_1_3' title="bbox 507 650 2084 719">
     <span class='ocr_line' id='line_1_3' title="bbox 507 650 2084 719; baseline -0.001 -13"><span class='ocrx_word' id='word_1_11' title='bbox 507 662 660 706; x_wconf 88' lang='lat' dir='ltr'><strong>retur</strong></span> <span class='ocrx_word' id='word_1_12' title='bbox 686 687 704 715; x_wconf 94' lang='lat'><strong>,</strong></span> <span class='ocrx_word' id='word_1_13' title='bbox 762 650 913 704; x_wconf 90' lang='lat' dir='ltr'><strong>nullo</strong></span> <span class='ocrx_word' id='word_1_14' title='bbox 948 659 1100 704; x_wconf 91' lang='lat' dir='ltr'><strong>certo</strong></span> <span class='ocrx_word' id='word_1_15' title='bbox 1133 650 1435 718; x_wconf 64' lang='lat' dir='ltr'><strong>praestituto</strong></span> <span class='ocrx_word' id='word_1_16' title='bbox 1489 658 1730 718; x_wconf 83' lang='lat' dir='ltr'><strong>tempore</strong></span> <span class='ocrx_word' id='word_1_17' title='bbox 1769 667 1783 703; x_wconf 90' lang='lat'>:</span> <span class='ocrx_word' id='word_1_18' title='bbox 1818 650 2084 719; x_wconf 80' lang='lat' dir='ltr'><strong>adeoque,</strong></span> 
     </span>
    </p>
   </div>
   <div class='ocr_carea' id='block_1_4' title="bbox 510 738 2082 809">
    <p class='ocr_par' dir='ltr' id='par_1_4' title="bbox 510 738 2082 809">
     <span class='ocr_line' id='line_1_4' title="bbox 510 738 2082 809; baseline -0.002 -15"><span class='ocrx_word' id='word_1_19' title='bbox 510 741 601 794; x_wconf 91' lang='lat' dir='ltr'><strong>alii</strong></span> <span class='ocrx_word' id='word_1_20' title='bbox 652 740 869 809; x_wconf 88' lang='lat' dir='ltr'><strong>quidem</strong></span> <span class='ocrx_word' id='word_1_21' title='bbox 917 746 1101 793; x_wconf 88' lang='lat' dir='ltr'><strong>essent</strong></span> <span class='ocrx_word' id='word_1_22' title='bbox 1132 738 1184 791; x_wconf 89' lang='lat' dir='ltr'><strong>in</strong></span> <span class='ocrx_word' id='word_1_23' title='bbox 1218 738 1496 792; x_wconf 72' lang='lat' dir='ltr'><strong>vesuihulis</strong></span> <span class='ocrx_word' id='word_1_24' title='bbox 1523 748 1724 793; x_wconf 76' lang='lat' dir='ltr'><strong>saneta:</strong></span> <span class='ocrx_word' id='word_1_25' title='bbox 1750 738 2082 809; x_wconf 85' lang='lat' dir='ltr'><strong>jejuniorum</strong></span> 
     </span>
    </p>
   </div>
   <div class='ocr_carea' id='block_1_5' title="bbox 510 828 2083 907">
    <p class='ocr_par' dir='ltr' id='par_1_5' title="bbox 510 828 2083 907">
     <span class='ocr_line' id='line_1_5' title="bbox 510 828 2083 907; baseline -0.002 -21"><span class='ocrx_word' id='word_1_26' title='bbox 510 830 987 907; x_wconf 80' lang='lat' dir='ltr'><strong>Quadragesirme,</strong></span> <span class='ocrx_word' id='word_1_27' title='bbox 1053 828 1147 883; x_wconf 90' lang='lat' dir='ltr'><strong>alii</strong></span> <span class='ocrx_word' id='word_1_28' title='bbox 1207 829 1416 884; x_wconf 90' lang='lat' dir='ltr'><strong>medios</strong></span> <span class='ocrx_word' id='word_1_29' title='bbox 1467 829 1812 885; x_wconf 68' lang='lat' dir='ltr'><strong>abstinentia:</strong></span> <span class='ocrx_word' id='word_1_30' title='bbox 1880 845 2083 900; x_wconf 84' lang='lat' dir='ltr'><strong>agones</strong></span> 
     </span>
    </p>
   </div>
   <div class='ocr_carea' id='block_1_6' title="bbox 507 929 2085 1000">
    <p class='ocr_par' dir='ltr' id='par_1_6' title="bbox 507 929 2085 1000">
     <span class='ocr_line' id='line_1_6' title="bbox 507 929 2085 1000; baseline -0.001 -15"><span class='ocrx_word' id='word_1_31' title='bbox 507 932 894 995; x_wconf 81' lang='lat' dir='ltr'><strong>absolverent;</strong></span> <span class='ocrx_word' id='word_1_32' title='bbox 923 930 1013 984; x_wconf 82' lang='lat' dir='ltr'><strong>alii</strong></span> <span class='ocrx_word' id='word_1_33' title='bbox 1042 931 1298 1000; x_wconf 88' lang='lat' dir='ltr'><strong>denique,</strong></span> <span class='ocrx_word' id='word_1_34' title='bbox 1326 929 1441 999; x_wconf 86' lang='lat' dir='ltr'><strong>ipsa</strong></span> <span class='ocrx_word' id='word_1_35' title='bbox 1473 929 1585 1000; x_wconf 83' lang='lat' dir='ltr'><strong>jam</strong></span> <span class='ocrx_word' id='word_1_36' title='bbox 1616 930 1871 985; x_wconf 90' lang='lat' dir='ltr'><strong>salutaris</strong></span> <span class='ocrx_word' id='word_1_37' title='bbox 1903 946 2085 985; x_wconf 88' lang='lat' dir='ltr'><strong>resur-</strong></span> 
     </span>
    </p>
   </div>
   <div class='ocr_carea' id='block_1_7' title="bbox 511 1023 2081 1094">
    <p class='ocr_par' dir='ltr' id='par_1_7' title="bbox 511 1023 2081 1094">
     <span class='ocr_line' id='line_1_7' title="bbox 511 1023 2081 1094; baseline 0 -17"><span class='ocrx_word' id='word_1_38' title='bbox 511 1024 770 1079; x_wconf 77' lang='lat' dir='ltr'><strong>rectionis</strong></span> <span class='ocrx_word' id='word_1_39' title='bbox 826 1024 1166 1079; x_wconf 76' lang='lat' dir='ltr'><strong>celebrarent</strong></span> <span class='ocrx_word' id='word_1_40' title='bbox 1201 1023 1445 1094; x_wconf 76' lang='lat' dir='ltr'><strong>symbola</strong></span> <span class='ocrx_word' id='word_1_41' title='bbox 1478 1042 1491 1079; x_wconf 92' lang='lat'><strong>:</strong></span> <span class='ocrx_word' id='word_1_42' title='bbox 1526 1038 1590 1078; x_wconf 86' lang='lat' dir='ltr'><strong>ac</strong></span> <span class='ocrx_word' id='word_1_43' title='bbox 1635 1025 1726 1078; x_wconf 88' lang='lat' dir='ltr'><strong>alii</strong></span> <span class='ocrx_word' id='word_1_44' title='bbox 1776 1025 1993 1093; x_wconf 88' lang='lat' dir='ltr'><strong>quidem</strong></span> <span class='ocrx_word' id='word_1_45' title='bbox 2027 1024 2081 1078; x_wconf 89' lang='lat' dir='ltr'><strong>in</strong></span> 
     </span>
    </p>
   </div>
   <div class='ocr_carea' id='block_1_8' title="bbox 507 1112 2081 1184">
    <p class='ocr_par' dir='ltr' id='par_1_8' title="bbox 507 1112 2081 1184">
     <span class='ocr_line' id='line_1_8' title="bbox 507 1112 2081 1184; baseline 0 -15"><span class='ocrx_word' id='word_1_46' title='bbox 507 1115 726 1170; x_wconf 87' lang='lat' dir='ltr'><strong>tristitia</strong></span> <span class='ocrx_word' id='word_1_47' title='bbox 757 1122 812 1169; x_wconf 90' lang='lat' dir='ltr'><strong>et</strong></span> <span class='ocrx_word' id='word_1_48' title='bbox 860 1114 1226 1184; x_wconf 82' lang='lat' dir='ltr'><strong>lacrymarum</strong></span> <span class='ocrx_word' id='word_1_49' title='bbox 1264 1112 1581 1183; x_wconf 71' lang='lat' dir='ltr'><strong>profusione</strong></span> <span class='ocrx_word' id='word_1_50' title='bbox 1606 1154 1620 1177; x_wconf 94' lang='lat'><strong>,</strong></span> <span class='ocrx_word' id='word_1_51' title='bbox 1656 1130 1721 1169; x_wconf 90' lang='lat' dir='ltr'><strong>ac</strong></span> <span class='ocrx_word' id='word_1_52' title='bbox 1750 1114 2081 1169; x_wconf 84' lang='lat' dir='ltr'><strong>abstinentia</strong></span> 
     </span>
    </p>
   </div>
   <div class='ocr_carea' id='block_1_9' title="bbox 505 1206 2081 1271">
    <p class='ocr_par' dir='ltr' id='par_1_9' title="bbox 505 1206 2081 1271">
     <span class='ocr_line' id='line_1_9' title="bbox 505 1206 2081 1271; baseline 0 -10"><span class='ocrx_word' id='word_1_53' title='bbox 505 1225 535 1261; x_wconf 87' lang='lat' dir='ltr'><strong>a</strong></span> <span class='ocrx_word' id='word_1_54' title='bbox 567 1208 708 1262; x_wconf 83' lang='lat' dir='ltr'><strong>cibis</strong></span> <span class='ocrx_word' id='word_1_55' title='bbox 736 1208 1179 1261; x_wconf 83' lang='lat' dir='ltr'><strong>contabescerent</strong></span> <span class='ocrx_word' id='word_1_56' title='bbox 1208 1245 1224 1271; x_wconf 93' lang='lat'><strong>,</strong></span> <span class='ocrx_word' id='word_1_57' title='bbox 1258 1206 1350 1260; x_wconf 87' lang='lat' dir='ltr'><strong>alii</strong></span> <span class='ocrx_word' id='word_1_58' title='bbox 1383 1222 1513 1260; x_wconf 87' lang='lat' dir='ltr'><strong>vero</strong></span> <span class='ocrx_word' id='word_1_59' title='bbox 1558 1206 1854 1260; x_wconf 80' lang='lat' dir='ltr'><strong>Dominicis</strong></span> <span class='ocrx_word' id='word_1_60' title='bbox 1884 1208 2081 1261; x_wconf 58' lang='lat' dir='ltr'><strong>trium-</strong></span> 
     </span>
    </p>
   </div>
   <div class='ocr_carea' id='block_1_10' title="bbox 505 1296 2083 1367">
    <p class='ocr_par' dir='ltr' id='par_1_10' title="bbox 505 1296 2083 1367">
     <span class='ocr_line' id='line_1_10' title="bbox 505 1296 2083 1367; baseline 0.001 -16"><span class='ocrx_word' id='word_1_61' title='bbox 505 1298 627 1365; x_wconf 92' lang='lat' dir='ltr'><strong>phis</strong></span> <span class='ocrx_word' id='word_1_62' title='bbox 679 1298 1017 1353; x_wconf 70' lang='lat' dir='ltr'><strong>exstiltarent</strong></span> <span class='ocrx_word' id='word_1_63' title='bbox 1042 1337 1057 1362; x_wconf 84' lang='lat'><strong>,</strong></span> <span class='ocrx_word' id='word_1_64' title='bbox 1092 1298 1293 1367; x_wconf 87' lang='lat' dir='ltr'><strong>quibus</strong></span> <span class='ocrx_word' id='word_1_65' title='bbox 1341 1297 1547 1352; x_wconf 77' lang='lat' dir='ltr'><strong>fractus</strong></span> <span class='ocrx_word' id='word_1_66' title='bbox 1578 1307 1662 1352; x_wconf 89' lang='lat' dir='ltr'><strong>est</strong></span> <span class='ocrx_word' id='word_1_67' title='bbox 1709 1296 1959 1352; x_wconf 80' lang='lat' dir='ltr'><strong>infernus</strong></span> <span class='ocrx_word' id='word_1_68' title='bbox 1983 1340 1995 1361; x_wconf 92' lang='lat'><strong>,</strong></span> <span class='ocrx_word' id='word_1_69' title='bbox 2028 1307 2083 1352; x_wconf 92' lang='lat' dir='ltr'><strong>et</strong></span> 
     </span>
    </p>
   </div>
   <div class='ocr_carea' id='block_1_11' title="bbox 503 1381 2080 1457">
    <p class='ocr_par' dir='ltr' id='par_1_11' title="bbox 503 1381 2080 1457">
     <span class='ocr_line' id='line_1_11' title="bbox 503 1381 2080 1457; baseline -0.001 -16"><span class='ocrx_word' id='word_1_70' title='bbox 503 1389 682 1443; x_wconf 85' lang='lat' dir='ltr'><strong>deleta</strong></span> <span class='ocrx_word' id='word_1_71' title='bbox 714 1402 892 1454; x_wconf 87' lang='lat' dir='ltr'><strong>mors;</strong></span> <span class='ocrx_word' id='word_1_72' title='bbox 924 1387 1128 1457; x_wconf 89' lang='lat' dir='ltr'><strong>quibus</strong></span> <span class='ocrx_word' id='word_1_73' title='bbox 1162 1387 1333 1443; x_wconf 81' lang='lat' dir='ltr'><strong>Adam</strong></span> <span class='ocrx_word' id='word_1_74' title='bbox 1365 1381 1621 1453; x_wconf 75' lang='lat' dir='ltr'><strong>Surrexit,</strong></span> <span class='ocrx_word' id='word_1_75' title='bbox 1651 1385 1930 1457; x_wconf 84' lang='lat' dir='ltr'><strong>Satanque</strong></span> <span class='ocrx_word' id='word_1_76' title='bbox 1961 1389 2080 1441; x_wconf 84' lang='lat' dir='ltr'><strong>alli-</strong></span> 
     </span>
    </p>
   </div>
   <div class='ocr_carea' id='block_1_12' title="bbox 500 1479 2078 1550">
    <p class='ocr_par' dir='ltr' id='par_1_12' title="bbox 500 1479 2078 1550">
     <span class='ocr_line' id='line_1_12' title="bbox 500 1479 2078 1550; baseline 0.002 -17"><span class='ocrx_word' id='word_1_77' title='bbox 500 1490 658 1550; x_wconf 85' lang='lat' dir='ltr'><strong>gatus</strong></span> <span class='ocrx_word' id='word_1_78' title='bbox 684 1489 807 1536; x_wconf 88' lang='lat' dir='ltr'><strong>est:</strong></span> <span class='ocrx_word' id='word_1_79' title='bbox 840 1482 907 1535; x_wconf 89' lang='lat' dir='ltr'><strong>de</strong></span> <span class='ocrx_word' id='word_1_80' title='bbox 939 1481 1044 1535; x_wconf 92' lang='lat' dir='ltr'><strong>hoc</strong></span> <span class='ocrx_word' id='word_1_81' title='bbox 1072 1496 1292 1550; x_wconf 86' lang='lat' dir='ltr'><strong>quoque</strong></span> <span class='ocrx_word' id='word_1_82' title='bbox 1320 1480 1518 1535; x_wconf 83' lang='lat' dir='ltr'><strong>vivitiei</strong></span> <span class='ocrx_word' id='word_1_83' title='bbox 1555 1479 1793 1549; x_wconf 82' lang='lat' dir='ltr'><strong>Spiritus</strong></span> <span class='ocrx_word' id='word_1_84' title='bbox 1822 1482 2078 1536; x_wconf 70' lang='lat' dir='ltr'><strong>instinctu</strong></span> 
     </span>
    </p>
   </div>
   <div class='ocr_carea' id='block_1_13' title="bbox 502 1571 2079 1641">
    <p class='ocr_par' dir='ltr' id='par_1_13' title="bbox 502 1571 2079 1641">
     <span class='ocr_line' id='line_1_13' title="bbox 502 1571 2079 1641; baseline 0.001 -16"><span class='ocrx_word' id='word_1_85' title='bbox 502 1571 759 1626; x_wconf 83' lang='lat' dir='ltr'><strong>instructi</strong></span> <span class='ocrx_word' id='word_1_86' title='bbox 790 1571 985 1627; x_wconf 75' lang='lat' dir='ltr'><strong>deiferi</strong></span> <span class='ocrx_word' id='word_1_87' title='bbox 1019 1572 1205 1625; x_wconf 79' lang='lat' dir='ltr'><strong>Patres</strong></span> <span class='ocrx_word' id='word_1_88' title='bbox 1227 1611 1244 1636; x_wconf 92' lang='lat'><strong>,</strong></span> <span class='ocrx_word' id='word_1_89' title='bbox 1293 1585 1400 1625; x_wconf 88' lang='lat' dir='ltr'><strong>una</strong></span> <span class='ocrx_word' id='word_1_90' title='bbox 1445 1573 1809 1641; x_wconf 78' lang='lat' dir='ltr'><strong>cum-Optimo</strong></span> <span class='ocrx_word' id='word_1_91' title='bbox 1834 1573 2079 1640; x_wconf 83' lang='lat' dir='ltr'><strong>principe</strong></span> 
     </span>
    </p>
   </div>
   <div class='ocr_carea' id='block_1_14' title="bbox 499 1663 2078 1733">
    <p class='ocr_par' dir='ltr' id='par_1_14' title="bbox 499 1663 2078 1733">
     <span class='ocr_line' id='line_1_14' title="bbox 499 1663 2078 1733; baseline -0.001 -14"><span class='ocrx_word' id='word_1_92' title='bbox 499 1664 900 1732; x_wconf 88' lang='lat' dir='ltr'><strong>Constantino,</strong></span> <span class='ocrx_word' id='word_1_93' title='bbox 941 1676 1002 1719; x_wconf 92' lang='lat' dir='ltr'><strong>ut</strong></span> <span class='ocrx_word' id='word_1_94' title='bbox 1035 1679 1168 1733; x_wconf 89' lang='lat' dir='ltr'><strong>gens</strong></span> <span class='ocrx_word' id='word_1_95' title='bbox 1204 1664 1458 1719; x_wconf 82' lang='lat' dir='ltr'><strong>universa</strong></span> <span class='ocrx_word' id='word_1_96' title='bbox 1488 1663 1927 1719; x_wconf 84' lang='lat' dir='ltr'><strong>Christianorum</strong></span> <span class='ocrx_word' id='word_1_97' title='bbox 1970 1679 2078 1718; x_wconf 90' lang='lat' dir='ltr'><strong>uno</strong></span> 
     </span>
    </p>
   </div>
   <div class='ocr_carea' id='block_1_15' title="bbox 1680 264 2570 332">
    <p class='ocr_par' dir='ltr' id='par_1_15' title="bbox 1680 264 2570 332">
     <span class='ocr_line' id='line_1_15' title="bbox 1680 264 2570 332; baseline 0.007 -6"><span class='ocrx_word' id='word_1_98' title='bbox 1680 264 2059 327; x_wconf 81' lang='lat' dir='ltr'><strong>GREGORII</strong></span> <span class='ocrx_word' id='word_1_99' title='bbox 2101 268 2570 332; x_wconf 74' lang='lat' dir='ltr'><strong>PRESBYTER]</strong></span> 
     </span>
    </p>
   </div>
   <div class='ocr_carea' id='block_1_16' title="bbox 577 372 2165 452">
    <p class='ocr_par' dir='ltr' id='par_1_16' title="bbox 577 372 2165 452">
     <span class='ocr_line' id='line_1_16' title="bbox 577 372 2165 452; baseline 0.003 -23"><span class='ocrx_word' id='word_1_100' title='bbox 577 372 847 441; x_wconf 81' lang='lat' dir='ltr'><strong>Quoniam</strong></span> <span class='ocrx_word' id='word_1_101' title='bbox 874 382 1059 428; x_wconf 83' lang='lat' dir='ltr'><strong>autem</strong></span> <span class='ocrx_word' id='word_1_102' title='bbox 1090 373 1371 429; x_wconf 77' lang='lat' dir='ltr'><strong>videbatur</strong></span> <span class='ocrx_word' id='word_1_103' title='bbox 1420 389 1708 444; x_wconf 80' lang='lat' dir='ltr'><strong>superesse</strong></span> <span class='ocrx_word' id='word_1_104' title='bbox 1764 378 1992 452; x_wconf 59' lang='lat' dir='ltr'><strong>quaestio</strong></span> <span class='ocrx_word' id='word_1_105' title='bbox 2024 379 2091 433; x_wconf 88' lang='lat' dir='ltr'><strong>de</strong></span> <span class='ocrx_word' id='word_1_106' title='bbox 2117 382 2165 441; x_wconf 72' lang='grc' dir='ltr'><strong>Α</strong></span> 
     </span>
    </p>
   </div>
   <div class='ocr_carea' id='block_1_17' title="bbox 507 465 2088 537">
    <p class='ocr_par' dir='ltr' id='par_1_17' title="bbox 507 465 2088 537">
     <span class='ocr_line' id='line_1_17' title="bbox 507 465 2088 537; baseline 0.003 -18"><span class='ocrx_word' id='word_1_107' title='bbox 507 466 720 522; x_wconf 85' lang='lat' dir='ltr'><strong>dierum</strong></span> <span class='ocrx_word' id='word_1_108' title='bbox 767 466 1024 532; x_wconf 84' lang='lat' dir='ltr'><strong>domina,</strong></span> <span class='ocrx_word' id='word_1_109' title='bbox 1060 465 1451 531; x_wconf 86' lang='lat' dir='ltr'><strong>celeberrimo,</strong></span> <span class='ocrx_word' id='word_1_110' title='bbox 1502 467 1762 537; x_wconf 83' lang='lat' dir='ltr'><strong>inquam,</strong></span> <span class='ocrx_word' id='word_1_111' title='bbox 1805 467 2088 523; x_wconf 82' lang='lat' dir='ltr'><strong>Paschalis</strong></span> 
     </span>
    </p>
   </div>
   <div class='ocr_carea' id='block_1_18' title="bbox 3654 272 3761 336">
    <p class='ocr_par' dir='ltr' id='par_1_18' title="bbox 3654 272 3761 336">
     <span class='ocr_line' id='line_1_18' title="bbox 3654 272 3761 336; baseline 0.009 -1"><span class='ocrx_word' id='word_1_112' title='bbox 3654 272 3761 336; x_wconf 75' lang='grc'><strong>432</strong></span> 
     </span>
    </p>
   </div>
   <div class='ocr_carea' id='block_1_19' title="bbox 2278 381 3771 455">
    <p class='ocr_par' dir='ltr' id='par_1_19' title="bbox 2278 381 3771 455">
     <span class='ocr_line' id='line_1_19' title="bbox 2278 381 3771 455; baseline 0.001 -20"><span class='ocrx_word' id='word_1_113' title='bbox 2278 382 2432 436; x_wconf 76' lang='grc' dir='ltr'>Ἐπεὶ</span> <span class='ocrx_word' id='word_1_114' title='bbox 2479 381 2538 433; x_wconf 76' lang='grc' dir='ltr'><strong>δὲ</strong></span> <span class='ocrx_word' id='word_1_115' title='bbox 2590 381 2912 451; x_wconf 72' lang='grc' dir='ltr'>λειπόμενον</span> <span class='ocrx_word' id='word_1_116' title='bbox 2946 381 3130 455; x_wconf 78' lang='grc' dir='ltr'>αὐτοῖς</span> <span class='ocrx_word' id='word_1_117' title='bbox 3177 382 3238 436; x_wconf 71' lang='grc' dir='ltr'><strong>τὸ</strong></span> <span class='ocrx_word' id='word_1_118' title='bbox 3276 385 3375 455; x_wconf 75' lang='grc' dir='ltr'>τῆς</span> <span class='ocrx_word' id='word_1_119' title='bbox 3416 383 3620 454; x_wconf 80' lang='grc' dir='ltr'><strong>κυρίας</strong></span> <span class='ocrx_word' id='word_1_120' title='bbox 3660 387 3771 437; x_wconf 83' lang='grc' dir='ltr'>τῶν</span> 
     </span>
    </p>
   </div>
   <div class='ocr_carea' id='block_1_20' title="bbox 2190 474 3769 546">
    <p class='ocr_par' dir='ltr' id='par_1_20' title="bbox 2190 474 3769 546">
     <span class='ocr_line' id='line_1_20' title="bbox 2190 474 3769 546; baseline 0.001 -20"><span class='ocrx_word' id='word_1_121' title='bbox 2190 474 2413 544; x_wconf 61' lang='grc' dir='ltr'>ἡμερῶν</span> <span class='ocrx_word' id='word_1_122' title='bbox 2449 474 2701 544; x_wconf 78' lang='grc' dir='ltr'>ἐφαίνετο</span> <span class='ocrx_word' id='word_1_123' title='bbox 2752 474 3001 546; x_wconf 74' lang='grc' dir='ltr'>ζήτημα,</span> <span class='ocrx_word' id='word_1_124' title='bbox 3050 474 3267 541; x_wconf 80' lang='grc' dir='ltr'><strong>πολλοῖς</strong></span> <span class='ocrx_word' id='word_1_125' title='bbox 3311 477 3507 546; x_wconf 80' lang='grc' dir='ltr'>μέχρις</span> <span class='ocrx_word' id='word_1_126' title='bbox 3542 477 3769 529; x_wconf 80' lang='grc' dir='ltr'><strong>ἐκείνων</strong></span> 
     </span>
    </p>
   </div>
   <div class='ocr_carea' id='block_1_21' title="bbox 2186 566 3774 639">
    <p class='ocr_par' dir='ltr' id='par_1_21' title="bbox 2186 566 3774 639">
     <span class='ocr_line' id='line_1_21' title="bbox 2186 566 3774 639; baseline 0 -20"><span class='ocrx_word' id='word_1_127' title='bbox 2186 566 2516 636; x_wconf 73' lang='grc' dir='ltr'><strong>τελουμένης</strong></span> <span class='ocrx_word' id='word_1_128' title='bbox 2553 568 2803 636; x_wconf 82' lang='grc' dir='ltr'>ἀόριστα,</span> <span class='ocrx_word' id='word_1_129' title='bbox 2836 566 2909 630; x_wconf 86' lang='grc' dir='ltr'><strong>ὡς</strong></span> <span class='ocrx_word' id='word_1_130' title='bbox 2961 567 3211 620; x_wconf 74' lang='grc' dir='ltr'>ἐντεῦθεν</span> <span class='ocrx_word' id='word_1_131' title='bbox 3249 567 3373 629; x_wconf 73' lang='grc' dir='ltr'>τοὺς</span> <span class='ocrx_word' id='word_1_132' title='bbox 3406 568 3505 637; x_wconf 82' lang='grc' dir='ltr'><strong>μὲν</strong></span> <span class='ocrx_word' id='word_1_133' title='bbox 3536 570 3594 619; x_wconf 84' lang='grc' dir='ltr'>ὲν</span> <span class='ocrx_word' id='word_1_134' title='bbox 3636 585 3774 639; x_wconf 85' lang='grc' dir='ltr'>προ-</span> 
     </span>
    </p>
   </div>
   <div class='ocr_carea' id='block_1_22' title="bbox 2188 656 3772 730">
    <p class='ocr_par' dir='ltr' id='par_1_22' title="bbox 2188 656 3772 730">
     <span class='ocr_line' id='line_1_22' title="bbox 2188 656 3772 730; baseline -0.001 -17"><span class='ocrx_word' id='word_1_135' title='bbox 2188 659 2376 730; x_wconf 66' lang='grc' dir='ltr'>θύροτς</span> <span class='ocrx_word' id='word_1_136' title='bbox 2405 656 2546 712; x_wconf 73' lang='grc' dir='ltr'>εἶναι</span> <span class='ocrx_word' id='word_1_137' title='bbox 2580 660 2680 728; x_wconf 77' lang='grc' dir='ltr'><strong>τῆς</strong></span> <span class='ocrx_word' id='word_1_138' title='bbox 2725 659 2887 726; x_wconf 83' lang='grc' dir='ltr'>ἁγίας</span> <span class='ocrx_word' id='word_1_139' title='bbox 2921 658 3030 712; x_wconf 80' lang='grc' dir='ltr'><strong>τῶν</strong></span> <span class='ocrx_word' id='word_1_140' title='bbox 3068 659 3334 730; x_wconf 81' lang='grc' dir='ltr'><strong>νηστειῶν</strong></span> <span class='ocrx_word' id='word_1_141' title='bbox 3366 659 3467 727; x_wconf 79' lang='grc' dir='ltr'><strong>τῆς</strong></span> <span class='ocrx_word' id='word_1_142' title='bbox 3499 676 3772 729; x_wconf 86' lang='grc' dir='ltr'>τεσσαρα-</span> 
     </span>
    </p>
   </div>
   <div class='ocr_carea' id='block_1_23' title="bbox 2186 749 3771 822">
    <p class='ocr_par' dir='ltr' id='par_1_23' title="bbox 2186 749 3771 822">
     <span class='ocr_line' id='line_1_23' title="bbox 2186 749 3771 822; baseline -0.003 -18"><span class='ocrx_word' id='word_1_143' title='bbox 2186 753 2388 821; x_wconf 84' lang='grc' dir='ltr'>κοστῆς</span> <span class='ocrx_word' id='word_1_144' title='bbox 2446 751 2661 822; x_wconf 74' lang='grc' dir='ltr'>ἡμέρας</span> <span class='ocrx_word' id='word_1_145' title='bbox 2680 765 2694 779; x_wconf 91' lang='grc'><strong>·</strong></span> <span class='ocrx_word' id='word_1_146' title='bbox 2719 750 2847 813; x_wconf 80' lang='grc' dir='ltr'>τοὺς</span> <span class='ocrx_word' id='word_1_147' title='bbox 2896 751 2952 804; x_wconf 82' lang='grc' dir='ltr'><strong>δὲ</strong></span> <span class='ocrx_word' id='word_1_148' title='bbox 2979 749 3049 803; x_wconf 77' lang='grc' dir='ltr'><strong>τά</strong></span> <span class='ocrx_word' id='word_1_149' title='bbox 3094 752 3237 820; x_wconf 77' lang='grc' dir='ltr'>μέτα</span> <span class='ocrx_word' id='word_1_150' title='bbox 3267 750 3377 802; x_wconf 82' lang='grc' dir='ltr'>τῶν</span> <span class='ocrx_word' id='word_1_151' title='bbox 3416 750 3643 817; x_wconf 81' lang='grc' dir='ltr'>ἀγώνων</span> <span class='ocrx_word' id='word_1_152' title='bbox 3666 753 3771 820; x_wconf 81' lang='grc' dir='ltr'>τῆς</span> 
     </span>
    </p>
   </div>
   <div class='ocr_carea' id='block_1_24' title="bbox 2187 840 3773 912">
    <p class='ocr_par' dir='ltr' id='par_1_24' title="bbox 2187 840 3773 912">
     <span class='ocr_line' id='line_1_24' title="bbox 2187 840 3773 912; baseline -0.001 -19"><span class='ocrx_word' id='word_1_153' title='bbox 2187 841 2519 909; x_wconf 72' lang='grc' dir='ltr'><strong>ἐγκρατείας</strong></span> <span class='ocrx_word' id='word_1_154' title='bbox 2564 841 2748 893; x_wconf 77' lang='grc' dir='ltr'>ἀνύειν</span> <span class='ocrx_word' id='word_1_155' title='bbox 2778 858 2790 871; x_wconf 92' lang='grc'><strong>·</strong></span> <span class='ocrx_word' id='word_1_156' title='bbox 2833 842 3060 912; x_wconf 82' lang='grc' dir='ltr'>ὲτέρυυς</span> <span class='ocrx_word' id='word_1_157' title='bbox 3105 840 3163 893; x_wconf 84' lang='grc' dir='ltr'>δὲ</span> <span class='ocrx_word' id='word_1_158' title='bbox 3222 841 3365 895; x_wconf 76' lang='grc' dir='ltr'>αὑτά</span> <span class='ocrx_word' id='word_1_159' title='bbox 3408 858 3511 894; x_wconf 90' lang='grc' dir='ltr'><strong>που</strong></span> <span class='ocrx_word' id='word_1_160' title='bbox 3559 842 3628 893; x_wconf 72' lang='grc' dir='ltr'><strong>τὰ</strong></span> <span class='ocrx_word' id='word_1_161' title='bbox 3666 842 3773 910; x_wconf 84' lang='grc' dir='ltr'><strong>τῆς</strong></span> 
     </span>
    </p>
   </div>
   <div class='ocr_carea' id='block_1_25' title="bbox 2187 930 3770 1002">
    <p class='ocr_par' dir='ltr' id='par_1_25' title="bbox 2187 930 3770 1002">
     <span class='ocr_line' id='line_1_25' title="bbox 2187 930 3770 1002; baseline 0.001 -19"><span class='ocrx_word' id='word_1_162' title='bbox 2187 930 2566 1001; x_wconf 82' lang='grc' dir='ltr'>σωτηριὼδους</span> <span class='ocrx_word' id='word_1_163' title='bbox 2625 932 2979 995; x_wconf 74' lang='grc' dir='ltr'><strong>ἀναστάσεως</strong></span> <span class='ocrx_word' id='word_1_164' title='bbox 3030 933 3303 985; x_wconf 61' lang='grc' dir='ltr'>ἐπιτελεῖν</span> <span class='ocrx_word' id='word_1_165' title='bbox 3346 931 3627 1002; x_wconf 76' lang='grc' dir='ltr'>σύμϐολα’</span> <span class='ocrx_word' id='word_1_166' title='bbox 3669 936 3770 985; x_wconf 80' lang='grc' dir='ltr'>καὶ</span> 
     </span>
    </p>
   </div>
   <div class='ocr_carea' id='block_1_26' title="bbox 2181 1021 3769 1094">
    <p class='ocr_par' dir='ltr' id='par_1_26' title="bbox 2181 1021 3769 1094">
     <span class='ocr_line' id='line_1_26' title="bbox 2181 1021 3769 1094; baseline 0.001 -20"><span class='ocrx_word' id='word_1_167' title='bbox 2181 1023 2311 1084; x_wconf 75' lang='grc' dir='ltr'>τοὺς</span> <span class='ocrx_word' id='word_1_168' title='bbox 2360 1021 2461 1092; x_wconf 85' lang='grc' dir='ltr'><strong>μὲν</strong></span> <span class='ocrx_word' id='word_1_169' title='bbox 2518 1025 2577 1076; x_wconf 80' lang='grc' dir='ltr'>ἐν</span> <span class='ocrx_word' id='word_1_170' title='bbox 2626 1023 2908 1093; x_wconf 70' lang='grc' dir='ltr'>κατηφείᾳ</span> <span class='ocrx_word' id='word_1_171' title='bbox 2949 1023 3044 1076; x_wconf 73' lang='grc' dir='ltr'><strong>καὶ</strong></span> <span class='ocrx_word' id='word_1_172' title='bbox 3097 1022 3349 1094; x_wconf 68' lang='grc' dir='ltr'>δακρύων</span> <span class='ocrx_word' id='word_1_173' title='bbox 3387 1024 3630 1093; x_wconf 77' lang='grc' dir='ltr'>ὲκχύσει,</span> <span class='ocrx_word' id='word_1_174' title='bbox 3675 1027 3769 1075; x_wconf 72' lang='grc' dir='ltr'><strong>καὶ</strong></span> 
     </span>
    </p>
   </div>
   <div class='ocr_carea' id='block_1_27' title="bbox 2185 1112 3770 1183">
    <p class='ocr_par' dir='ltr' id='par_1_27' title="bbox 2185 1112 3770 1183">
     <span class='ocr_line' id='line_1_27' title="bbox 2185 1112 3770 1183; baseline 0.001 -18"><span class='ocrx_word' id='word_1_175' title='bbox 2185 1112 2491 1183; x_wconf 75' lang='grc' dir='ltr'><strong>βρωμάτων</strong></span> <span class='ocrx_word' id='word_1_176' title='bbox 2521 1114 2702 1183; x_wconf 74' lang='grc' dir='ltr'>ἀποχῇ</span> <span class='ocrx_word' id='word_1_177' title='bbox 2735 1113 3198 1182; x_wconf 67' lang='grc' dir='ltr'>κατεσκληκέναι,</span> <span class='ocrx_word' id='word_1_178' title='bbox 3249 1114 3377 1177; x_wconf 69' lang='grc' dir='ltr'>τοὺς</span> <span class='ocrx_word' id='word_1_179' title='bbox 3423 1115 3479 1165; x_wconf 82' lang='grc' dir='ltr'>δὲ</span> <span class='ocrx_word' id='word_1_180' title='bbox 3517 1115 3637 1177; x_wconf 84' lang='grc' dir='ltr'>ταῖς</span> <span class='ocrx_word' id='word_1_181' title='bbox 3671 1116 3770 1166; x_wconf 79' lang='lat' dir='ltr'><strong>As-</strong></span> 
     </span>
    </p>
   </div>
   <div class='ocr_carea' id='block_1_28' title="bbox 2183 1200 3770 1276">
    <p class='ocr_par' dir='ltr' id='par_1_28' title="bbox 2183 1200 3770 1276">
     <span class='ocr_line' id='line_1_28' title="bbox 2183 1200 3770 1276; baseline 0.001 -19"><span class='ocrx_word' id='word_1_182' title='bbox 2183 1207 2479 1269; x_wconf 80' lang='grc' dir='ltr'>σποτικαῖς</span> <span class='ocrx_word' id='word_1_183' title='bbox 2514 1205 2911 1276; x_wconf 71' lang='grc' dir='ltr'>ἐναϐρύνεσθαι</span> <span class='ocrx_word' id='word_1_184' title='bbox 2966 1207 3166 1270; x_wconf 79' lang='grc' dir='ltr'>νίκαις,</span> <span class='ocrx_word' id='word_1_185' title='bbox 3197 1207 3264 1259; x_wconf 88' lang='grc' dir='ltr'>δι’</span> <span class='ocrx_word' id='word_1_186' title='bbox 3295 1201 3370 1259; x_wconf 82' lang='grc' dir='ltr'>ὧν</span> <span class='ocrx_word' id='word_1_187' title='bbox 3400 1200 3770 1260; x_wconf 77' lang='grc' dir='ltr'>κᾶτα&gt;.ἐλυται</span> 
     </span>
    </p>
   </div>
   <div class='ocr_carea' id='block_1_29' title="bbox 2182 1295 3772 1371">
    <p class='ocr_par' dir='ltr' id='par_1_29' title="bbox 2182 1295 3772 1371">
     <span class='ocr_line' id='line_1_29' title="bbox 2182 1295 3772 1371; baseline 0.003 -24"><span class='ocrx_word' id='word_1_188' title='bbox 2182 1295 2336 1367; x_wconf 75' lang='grc' dir='ltr'>ᾅδης,</span> <span class='ocrx_word' id='word_1_189' title='bbox 2379 1298 2471 1349; x_wconf 77' lang='grc' dir='ltr'><strong>καὶ</strong></span> <span class='ocrx_word' id='word_1_190' title='bbox 2507 1298 2854 1368; x_wconf 75' lang='grc' dir='ltr'><strong>κατήργηται</strong></span> <span class='ocrx_word' id='word_1_191' title='bbox 2906 1298 3159 1362; x_wconf 86' lang='grc' dir='ltr'>θάνατος,</span> <span class='ocrx_word' id='word_1_192' title='bbox 3205 1299 3379 1370; x_wconf 75' lang='grc' dir='ltr'>’Δδὰμ</span> <span class='ocrx_word' id='word_1_193' title='bbox 3412 1301 3636 1371; x_wconf 78' lang='grc' dir='ltr'>ἀνέστη.</span> <span class='ocrx_word' id='word_1_194' title='bbox 3673 1306 3772 1353; x_wconf 73' lang='grc' dir='ltr'>καὶ</span> 
     </span>
    </p>
   </div>
   <div class='ocr_carea' id='block_1_30' title="bbox 2180 1390 3770 1464">
    <p class='ocr_par' dir='ltr' id='par_1_30' title="bbox 2180 1390 3770 1464">
     <span class='ocr_line' id='line_1_30' title="bbox 2180 1390 3770 1464; baseline 0.001 -22"><span class='ocrx_word' id='word_1_195' title='bbox 2180 1392 2207 1442; x_wconf 91' lang='grc' dir='ltr'><strong>ὁ</strong></span> <span class='ocrx_word' id='word_1_196' title='bbox 2240 1391 2485 1455; x_wconf 78' lang='grc' dir='ltr'><strong>Σατανᾶς</strong></span> <span class='ocrx_word' id='word_1_197' title='bbox 2510 1390 2810 1461; x_wconf 86' lang='grc' dir='ltr'>ὲδεσμεύθη</span> <span class='ocrx_word' id='word_1_198' title='bbox 2839 1409 2851 1421; x_wconf 84' lang='grc'><em>’</em></span> <span class='ocrx_word' id='word_1_199' title='bbox 2888 1393 2983 1445; x_wconf 71' lang='grc' dir='ltr'><strong>καὶ</strong></span> <span class='ocrx_word' id='word_1_200' title='bbox 3009 1393 3140 1462; x_wconf 74' lang='grc' dir='ltr'>περὶ</span> <span class='ocrx_word' id='word_1_201' title='bbox 3170 1392 3362 1446; x_wconf 82' lang='grc' dir='ltr'>τούτου</span> <span class='ocrx_word' id='word_1_202' title='bbox 3392 1393 3470 1463; x_wconf 83' lang='grc' dir='ltr'>τῷ</span> <span class='ocrx_word' id='word_1_203' title='bbox 3512 1392 3770 1464; x_wconf 76' lang='grc' dir='ltr'>ζωοποιῷ</span> 
     </span>
    </p>
   </div>
   <div class='ocr_carea' id='block_1_31' title="bbox 2183 1482 3840 1554">
    <p class='ocr_par' dir='ltr' id='par_1_31' title="bbox 2183 1482 3840 1554">
     <span class='ocr_line' id='line_1_31' title="bbox 2183 1482 3840 1554; baseline 0.002 -20"><span class='ocrx_word' id='word_1_204' title='bbox 2183 1482 2461 1552; x_wconf 79' lang='grc' dir='ltr'>Πνεύματι</span> <span class='ocrx_word' id='word_1_205' title='bbox 2492 1482 2957 1554; x_wconf 74' lang='grc' dir='ltr'>καταρτισθέντες</span> <span class='ocrx_word' id='word_1_206' title='bbox 2987 1486 3035 1536; x_wconf 82' lang='grc' dir='ltr'><strong>οἱ</strong></span> <span class='ocrx_word' id='word_1_207' title='bbox 3078 1483 3326 1553; x_wconf 78' lang='grc' dir='ltr'>θεοφόροι</span> <span class='ocrx_word' id='word_1_208' title='bbox 3357 1486 3615 1554; x_wconf 81' lang='grc' dir='ltr'>Ιιατέρες,</span> <span class='ocrx_word' id='word_1_209' title='bbox 3653 1503 3771 1539; x_wconf 81' lang='grc' dir='ltr'>κοι-</span> <span class='ocrx_word' id='word_1_210' title='bbox 3822 1499 3840 1510; x_wconf 89' lang='grc'><strong>·</strong></span> 
     </span>
    </p>
   </div>
   <div class='ocr_carea' id='block_1_32' title="bbox 2181 1564 3854 1646">
    <p class='ocr_par' dir='ltr' id='par_1_32' title="bbox 2181 1564 3854 1646">
     <span class='ocr_line' id='line_1_32' title="bbox 2181 1564 3854 1646; baseline 0.002 -22"><span class='ocrx_word' id='word_1_211' title='bbox 2181 1573 2276 1641; x_wconf 74' lang='grc' dir='ltr'>νὴν</span> <span class='ocrx_word' id='word_1_212' title='bbox 2298 1571 2457 1640; x_wconf 75' lang='grc' dir='ltr'>ἄγειν</span> <span class='ocrx_word' id='word_1_213' title='bbox 2493 1573 2743 1638; x_wconf 76' lang='grc' dir='ltr'>ἅπαντας</span> <span class='ocrx_word' id='word_1_214' title='bbox 2767 1572 2870 1643; x_wconf 77' lang='grc' dir='ltr'>τὴν</span> <span class='ocrx_word' id='word_1_215' title='bbox 2910 1574 3073 1641; x_wconf 82' lang='grc' dir='ltr'>ἁγίαν</span> <span class='ocrx_word' id='word_1_216' title='bbox 3109 1576 3208 1644; x_wconf 81' lang='grc' dir='ltr'><strong>τῆς</strong></span> <span class='ocrx_word' id='word_1_217' title='bbox 3238 1577 3589 1638; x_wconf 78' lang='grc' dir='ltr'><strong>ἀναστάσεως</strong></span> <span class='ocrx_word' id='word_1_218' title='bbox 3621 1576 3769 1646; x_wconf 79' lang='grc' dir='ltr'><strong>ήμέ-</strong></span> <span class='ocrx_word' id='word_1_219' title='bbox 3848 1564 3854 1568; x_wconf 53' lang='grc'><em>’</em></span> 
     </span>
    </p>
   </div>
   <div class='ocr_carea' id='block_1_33' title="bbox 2185 1664 3771 1743">
    <p class='ocr_par' dir='ltr' id='par_1_33' title="bbox 2185 1664 3771 1743">
     <span class='ocr_line' id='line_1_33' title="bbox 2185 1664 3771 1743; baseline 0.007 -29"><span class='ocrx_word' id='word_1_220' title='bbox 2185 1680 2282 1734; x_wconf 84' lang='grc' dir='ltr'><strong>ραν</strong></span> <span class='ocrx_word' id='word_1_221' title='bbox 2328 1664 2568 1736; x_wconf 78' lang='grc' dir='ltr'><strong>Χριστοῦ</strong></span> <span class='ocrx_word' id='word_1_222' title='bbox 2632 1664 2727 1719; x_wconf 78' lang='grc' dir='ltr'><strong>τοῦ</strong></span> <span class='ocrx_word' id='word_1_223' title='bbox 2785 1668 2924 1722; x_wconf 82' lang='grc' dir='ltr'>Θεοῦ</span> <span class='ocrx_word' id='word_1_224' title='bbox 2987 1670 3171 1742; x_wconf 79' lang='grc' dir='ltr'>ημῶν,</span> <span class='ocrx_word' id='word_1_225' title='bbox 3214 1672 3311 1725; x_wconf 81' lang='grc' dir='ltr'><strong>σὺν</strong></span> <span class='ocrx_word' id='word_1_226' title='bbox 3364 1671 3439 1742; x_wconf 81' lang='grc' dir='ltr'>τῷ</span> <span class='ocrx_word' id='word_1_227' title='bbox 3483 1673 3771 1743; x_wconf 82' lang='grc' dir='ltr'>κρατίστῳ</span> 
     </span>
    </p>
   </div>
   <div class='ocr_carea' id='block_1_34' title="bbox 501 1759 2073 1835">
    <p class='ocr_par' dir='ltr' id='par_1_34' title="bbox 501 1763 2070 1835">
     <span class='ocr_line' id='line_1_34' title="bbox 501 1763 2070 1835; baseline -0.001 -15"><span class='ocrx_word' id='word_1_228' title='bbox 501 1766 808 1835; x_wconf 77' lang='lat' dir='ltr'><strong>eodemque</strong></span> <span class='ocrx_word' id='word_1_229' title='bbox 831 1764 921 1821; x_wconf 84' lang='lat' dir='ltr'><strong>die</strong></span> <span class='ocrx_word' id='word_1_230' title='bbox 949 1779 1169 1820; x_wconf 84' lang='lat' dir='ltr'><strong>sacrum</strong></span> <span class='ocrx_word' id='word_1_231' title='bbox 1216 1763 1660 1819; x_wconf 78' lang='lat' dir='ltr'><strong>Resurreetionis</strong></span> <span class='ocrx_word' id='word_1_232' title='bbox 1686 1764 1830 1818; x_wconf 86' lang='lat' dir='ltr'><strong>diem</strong></span> <span class='ocrx_word' id='word_1_233' title='bbox 1862 1763 2070 1820; x_wconf 86' lang='lat' dir='ltr'><strong>Christi</strong></span> 
     </span>
    </p>
   </div>
   <div class='ocr_carea' id='block_1_35' title="bbox 2175 1759 3767 1835">
    <p class='ocr_par' dir='ltr' id='par_1_35' title="bbox 2180 1759 3767 1835">
     <span class='ocr_line' id='line_1_35' title="bbox 2180 1759 3767 1835; baseline 0.004 -24"><span class='ocrx_word' id='word_1_234' title='bbox 2180 1759 2603 1830; x_wconf 82' lang='grc' dir='ltr'>Κωνσταντίνῳ,</span> <span class='ocrx_word' id='word_1_235' title='bbox 2631 1760 2691 1813; x_wconf 76' lang='grc' dir='ltr'><strong>τὸ</strong></span> <span class='ocrx_word' id='word_1_236' title='bbox 2723 1761 2831 1814; x_wconf 83' lang='grc' dir='ltr'>τῶν</span> <span class='ocrx_word' id='word_1_237' title='bbox 2861 1764 3210 1835; x_wconf 85' lang='grc' dir='ltr'>Χριστιανῶν</span> <span class='ocrx_word' id='word_1_238' title='bbox 3233 1764 3531 1819; x_wconf 79' lang='grc' dir='ltr'>ἐθέσπισαν</span> <span class='ocrx_word' id='word_1_239' title='bbox 3556 1764 3731 1835; x_wconf 78' lang='grc' dir='ltr'>φῦλον</span> <span class='ocrx_word' id='word_1_240' title='bbox 3753 1784 3767 1796; x_wconf 93' lang='grc'><strong>·</strong></span> 
     </span>
    </p>
   </div>
   <div class='ocr_carea' id='block_1_36' title="bbox 503 1854 2077 1925">
    <p class='ocr_par' dir='ltr' id='par_1_36' title="bbox 503 1854 2077 1925">
     <span class='ocr_line' id='line_1_36' title="bbox 503 1854 2077 1925; baseline 0.001 -17"><span class='ocrx_word' id='word_1_241' title='bbox 503 1856 600 1910; x_wconf 80' lang='lat' dir='ltr'><strong>Dei</strong></span> <span class='ocrx_word' id='word_1_242' title='bbox 651 1857 824 1910; x_wconf 83' lang='lat' dir='ltr'><strong>nostri</strong></span> <span class='ocrx_word' id='word_1_243' title='bbox 863 1854 1245 1920; x_wconf 87' lang='lat' dir='ltr'><strong>celebrarent,</strong></span> <span class='ocrx_word' id='word_1_244' title='bbox 1277 1863 1612 1920; x_wconf 80' lang='lat' dir='ltr'><strong>sanxerunt;</strong></span> <span class='ocrx_word' id='word_1_245' title='bbox 1641 1869 1780 1925; x_wconf 91' lang='lat' dir='ltr'><strong>quo,</strong></span> <span class='ocrx_word' id='word_1_246' title='bbox 1814 1854 2077 1910; x_wconf 87' lang='lat' dir='ltr'><strong>orationis</strong></span> 
     </span>
    </p>
   </div>
   <div class='ocr_carea' id='block_1_37' title="bbox 501 1947 2074 2027">
    <p class='ocr_par' dir='ltr' id='par_1_37' title="bbox 501 1947 2074 2027">
     <span class='ocr_line' id='line_1_37' title="bbox 501 1947 2074 2027; baseline 0.001 -26"><span class='ocrx_word' id='word_1_247' title='bbox 501 1960 555 2002; x_wconf 80' lang='lat' dir='ltr'><strong>et</strong></span> <span class='ocrx_word' id='word_1_248' title='bbox 601 1947 969 2014; x_wconf 65' lang='lat' dir='ltr'><strong>abstinentiae,</strong></span> <span class='ocrx_word' id='word_1_249' title='bbox 996 1947 1304 2017; x_wconf 69' lang='lat' dir='ltr'><strong>laetitia-que</strong></span> <span class='ocrx_word' id='word_1_250' title='bbox 1352 1962 1419 2003; x_wconf 89' lang='lat' dir='ltr'><strong>ac</strong></span> <span class='ocrx_word' id='word_1_251' title='bbox 1454 1949 1679 2003; x_wconf 69' lang='lat' dir='ltr'><strong>choreae</strong></span> <span class='ocrx_word' id='word_1_252' title='bbox 1729 1956 2074 2027; x_wconf 76' lang='lat' dir='ltr'><strong>communem</strong></span> 
     </span>
    </p>
   </div>
   <div class='ocr_carea' id='block_1_38' title="bbox 503 2039 2075 2111">
    <p class='ocr_par' dir='ltr' id='par_1_38' title="bbox 503 2039 2075 2111">
     <span class='ocr_line' id='line_1_38' title="bbox 503 2039 2075 2111; baseline -0.002 -15"><span class='ocrx_word' id='word_1_253' title='bbox 503 2042 728 2096; x_wconf 87' lang='lat' dir='ltr'><strong>dunmm</strong></span> <span class='ocrx_word' id='word_1_254' title='bbox 756 2080 771 2104; x_wconf 89' lang='lat'><strong>,</strong></span> <span class='ocrx_word' id='word_1_255' title='bbox 825 2040 930 2096; x_wconf 86' lang='lat' dir='ltr'><strong>sibi</strong></span> <span class='ocrx_word' id='word_1_256' title='bbox 984 2040 1086 2111; x_wconf 88' lang='lat' dir='ltr'><strong>ipsi</strong></span> <span class='ocrx_word' id='word_1_257' title='bbox 1117 2040 1478 2095; x_wconf 84' lang='lat' dir='ltr'><strong>universalem</strong></span> <span class='ocrx_word' id='word_1_258' title='bbox 1529 2039 1730 2108; x_wconf 88' lang='lat' dir='ltr'><strong>ubique</strong></span> <span class='ocrx_word' id='word_1_259' title='bbox 1776 2039 2075 2094; x_wconf 88' lang='lat' dir='ltr'><strong>Ecclesiam</strong></span> 
     </span>
    </p>
   </div>
   <div class='ocr_carea' id='block_1_39' title="bbox 502 2129 2077 2201">
    <p class='ocr_par' dir='ltr' id='par_1_39' title="bbox 502 2129 2077 2201">
     <span class='ocr_line' id='line_1_39' title="bbox 502 2129 2077 2201; baseline -0.003 -14"><span class='ocrx_word' id='word_1_260' title='bbox 502 2141 808 2187; x_wconf 79' lang='lat' dir='ltr'><strong>servarent.</strong></span> <span class='ocrx_word' id='word_1_261' title='bbox 841 2131 1088 2185; x_wconf 80' lang='lat' dir='ltr'><strong>Aliarum</strong></span> <span class='ocrx_word' id='word_1_262' title='bbox 1119 2131 1249 2185; x_wconf 86' lang='lat' dir='ltr'><strong>item</strong></span> <span class='ocrx_word' id='word_1_263' title='bbox 1279 2129 1645 2201; x_wconf 64' lang='lat' dir='ltr'><strong>quaestionum</strong></span> <span class='ocrx_word' id='word_1_264' title='bbox 1672 2129 2077 2185; x_wconf 79' lang='lat' dir='ltr'><strong>ecclesiastica-</strong></span> 
     </span>
    </p>
   </div>
   <div class='ocr_carea' id='block_1_40' title="bbox 502 2222 2074 2286">
    <p class='ocr_par' dir='ltr' id='par_1_40' title="bbox 502 2222 2074 2286">
     <span class='ocr_line' id='line_1_40' title="bbox 502 2222 2074 2286; baseline -0.001 -7"><span class='ocrx_word' id='word_1_265' title='bbox 502 2241 624 2279; x_wconf 90' lang='lat' dir='ltr'><strong>rum</strong></span> <span class='ocrx_word' id='word_1_266' title='bbox 667 2240 731 2279; x_wconf 86' lang='lat' dir='ltr'><strong>ac</strong></span> <span class='ocrx_word' id='word_1_267' title='bbox 765 2224 1075 2279; x_wconf 86' lang='lat' dir='ltr'><strong>divinorum</strong></span> <span class='ocrx_word' id='word_1_268' title='bbox 1124 2238 1393 2280; x_wconf 88' lang='lat' dir='ltr'><strong>canonum</strong></span> <span class='ocrx_word' id='word_1_269' title='bbox 1445 2223 1744 2278; x_wconf 80' lang='lat' dir='ltr'><strong>editionem</strong></span> <span class='ocrx_word' id='word_1_270' title='bbox 1792 2222 2074 2286; x_wconf 76' lang='lat' dir='ltr'><strong>facientes,</strong></span> 
     </span>
    </p>
   </div>
   <div class='ocr_carea' id='block_1_41' title="bbox 504 2311 2077 2371">
    <p class='ocr_par' dir='ltr' id='par_1_41' title="bbox 504 2311 2077 2371">
     <span class='ocr_line' id='line_1_41' title="bbox 504 2311 2077 2371; baseline -0.003 -2"><span class='ocrx_word' id='word_1_271' title='bbox 504 2327 652 2371; x_wconf 88' lang='lat' dir='ltr'><strong>recte</strong></span> <span class='ocrx_word' id='word_1_272' title='bbox 697 2314 823 2370; x_wconf 84' lang='lat' dir='ltr'><strong>ﬁdei</strong></span> <span class='ocrx_word' id='word_1_273' title='bbox 861 2324 1069 2369; x_wconf 90' lang='lat' dir='ltr'><strong>tomum</strong></span> <span class='ocrx_word' id='word_1_274' title='bbox 1109 2314 1485 2369; x_wconf 79' lang='lat' dir='ltr'><strong>confecerunt.</strong></span> <span class='ocrx_word' id='word_1_275' title='bbox 1548 2313 1818 2368; x_wconf 65' lang='lat' dir='ltr'><strong>Caeterum</strong></span> <span class='ocrx_word' id='word_1_276' title='bbox 1853 2312 1942 2365; x_wconf 89' lang='lat' dir='ltr'><strong>ubi</strong></span> <span class='ocrx_word' id='word_1_277' title='bbox 1973 2311 2077 2365; x_wconf 91' lang='lat' dir='ltr'><strong>hoc</strong></span> 
     </span>
    </p>
   </div>
   <div class='ocr_carea' id='block_1_42' title="bbox 503 2404 2078 2478">
    <p class='ocr_par' dir='ltr' id='par_1_42' title="bbox 503 2404 2078 2478">
     <span class='ocr_line' id='line_1_42' title="bbox 503 2404 2078 2478; baseline -0.002 -16"><span class='ocrx_word' id='word_1_278' title='bbox 503 2416 715 2478; x_wconf 83' lang='lat' dir='ltr'><strong>gestum</strong></span> <span class='ocrx_word' id='word_1_279' title='bbox 744 2417 911 2469; x_wconf 86' lang='lat' dir='ltr'><strong>esset,</strong></span> <span class='ocrx_word' id='word_1_280' title='bbox 946 2405 1161 2461; x_wconf 90' lang='lat' dir='ltr'><strong>censuit</strong></span> <span class='ocrx_word' id='word_1_281' title='bbox 1183 2406 1426 2475; x_wconf 89' lang='lat' dir='ltr'><strong>optimus</strong></span> <span class='ocrx_word' id='word_1_282' title='bbox 1455 2405 1772 2475; x_wconf 88' lang='lat' dir='ltr'><strong>imperator,</strong></span> <span class='ocrx_word' id='word_1_283' title='bbox 1800 2414 1859 2459; x_wconf 89' lang='lat' dir='ltr'><strong>ut</strong></span> <span class='ocrx_word' id='word_1_284' title='bbox 1888 2404 2078 2459; x_wconf 82' lang='lat' dir='ltr'><strong>unius-</strong></span> 
     </span>
    </p>
   </div>
   <div class='ocr_carea' id='block_1_43' title="bbox 500 2496 2075 2568">
    <p class='ocr_par' dir='ltr' id='par_1_43' title="bbox 500 2496 2075 2568">
     <span class='ocr_line' id='line_1_43' title="bbox 500 2496 2075 2568; baseline -0.002 -15"><span class='ocrx_word' id='word_1_285' title='bbox 500 2501 768 2568; x_wconf 82' lang='lat' dir='ltr'><strong>cujusque</strong></span> <span class='ocrx_word' id='word_1_286' title='bbox 824 2496 1048 2552; x_wconf 83' lang='lat' dir='ltr'><strong>Patrum</strong></span> <span class='ocrx_word' id='word_1_287' title='bbox 1118 2497 1525 2567; x_wconf 71' lang='lat' dir='ltr'><strong>subscriptione</strong></span> <span class='ocrx_word' id='word_1_288' title='bbox 1592 2512 1749 2552; x_wconf 86' lang='lat' dir='ltr'><strong>sacer</strong></span> <span class='ocrx_word' id='word_1_289' title='bbox 1807 2496 2075 2566; x_wconf 80' lang='lat' dir='ltr'><strong>ejusmodi</strong></span> 
     </span>
    </p>
   </div>
   <div class='ocr_carea' id='block_1_44' title="bbox 503 2588 2073 2658">
    <p class='ocr_par' dir='ltr' id='par_1_44' title="bbox 503 2588 2073 2658">
     <span class='ocr_line' id='line_1_44' title="bbox 503 2588 2073 2658; baseline -0.004 -11"><span class='ocrx_word' id='word_1_290' title='bbox 503 2602 684 2647; x_wconf 81' lang='lat' dir='ltr'><strong>tomus</strong></span> <span class='ocrx_word' id='word_1_291' title='bbox 715 2592 1151 2647; x_wconf 81' lang='lat' dir='ltr'><strong>continuaretur.</strong></span> <span class='ocrx_word' id='word_1_292' title='bbox 1184 2590 1312 2645; x_wconf 76' lang='lat' dir='ltr'><strong>Post</strong></span> <span class='ocrx_word' id='word_1_293' title='bbox 1352 2589 1537 2658; x_wconf 82' lang='lat' dir='ltr'><strong>itaque</strong></span> <span class='ocrx_word' id='word_1_294' title='bbox 1583 2588 1736 2643; x_wconf 88' lang='lat' dir='ltr'><strong>illum</strong></span> <span class='ocrx_word' id='word_1_295' title='bbox 1765 2588 2073 2657; x_wconf 80' lang='lat' dir='ltr'><strong>expositum</strong></span> 
     </span>
    </p>
   </div>
   <div class='ocr_carea' id='block_1_45' title="bbox 502 2680 2119 2752">
    <p class='ocr_par' dir='ltr' id='par_1_45' title="bbox 502 2680 2119 2752">
     <span class='ocr_line' id='line_1_45' title="bbox 502 2680 2119 2752; baseline -0.006 -12"><span class='ocrx_word' id='word_1_296' title='bbox 502 2699 567 2740; x_wconf 82' lang='lat' dir='ltr'><strong>ac</strong></span> <span class='ocrx_word' id='word_1_297' title='bbox 596 2684 794 2738; x_wconf 75' lang='lat' dir='ltr'><strong>lectum</strong></span> <span class='ocrx_word' id='word_1_298' title='bbox 828 2683 1063 2752; x_wconf 85' lang='lat' dir='ltr'><strong>publice,</strong></span> <span class='ocrx_word' id='word_1_299' title='bbox 1094 2696 1221 2737; x_wconf 88' lang='lat' dir='ltr'><strong>cum</strong></span> <span class='ocrx_word' id='word_1_300' title='bbox 1254 2681 1379 2750; x_wconf 38' lang='lat' dir='ltr'><strong>:jam</strong></span> <span class='ocrx_word' id='word_1_301' title='bbox 1403 2680 1546 2751; x_wconf 49' lang='lat' dir='ltr'><strong>,lere</strong></span> <span class='ocrx_word' id='word_1_302' title='bbox 1582 2695 1778 2736; x_wconf 88' lang='lat' dir='ltr'><strong>onmes</strong></span> <span class='ocrx_word' id='word_1_303' title='bbox 1826 2680 2075 2735; x_wconf 87' lang='lat' dir='ltr'><strong>subscri-</strong></span> <span class='ocrx_word' id='word_1_304' title='bbox 2116 2722 2119 2725; x_wconf 97' lang='lat'><strong>.</strong></span> 
     </span>
    </p>
   </div>
   <div class='ocr_carea' id='block_1_46' title="bbox 502 2773 2073 2845">
    <p class='ocr_par' dir='ltr' id='par_1_46' title="bbox 502 2773 2073 2845">
     <span class='ocr_line' id='line_1_46' title="bbox 502 2773 2073 2845; baseline -0.001 -17"><span class='ocrx_word' id='word_1_305' title='bbox 502 2780 759 2845; x_wconf 85' lang='lat' dir='ltr'><strong>psissent,</strong></span> <span class='ocrx_word' id='word_1_306' title='bbox 780 2775 1043 2830; x_wconf 80' lang='lat' dir='ltr'><strong>mirabile</strong></span> <span class='ocrx_word' id='word_1_307' title='bbox 1077 2774 1337 2845; x_wconf 81' lang='lat' dir='ltr'><strong>quiddam</strong></span> <span class='ocrx_word' id='word_1_308' title='bbox 1382 2774 1617 2839; x_wconf 84' lang='lat' dir='ltr'><strong>accidit,</strong></span> <span class='ocrx_word' id='word_1_309' title='bbox 1652 2773 1880 2844; x_wconf 86' lang='lat' dir='ltr'><strong>dignum</strong></span> <span class='ocrx_word' id='word_1_310' title='bbox 1925 2778 2073 2843; x_wconf 80' lang='lat' dir='ltr'><strong>quod</strong></span> 
     </span>
    </p>
   </div>
   <div class='ocr_carea' id='block_1_47' title="bbox 502 2864 2074 2935">
    <p class='ocr_par' dir='ltr' id='par_1_47' title="bbox 502 2864 2074 2935">
     <span class='ocr_line' id='line_1_47' title="bbox 502 2864 2074 2935; baseline -0.003 -14"><span class='ocrx_word' id='word_1_311' title='bbox 502 2867 782 2922; x_wconf 70' lang='lat' dir='ltr'><strong>memoria:</strong></span> <span class='ocrx_word' id='word_1_312' title='bbox 819 2865 1259 2931; x_wconf 82' lang='lat' dir='ltr'><strong>commendetur,</strong></span> <span class='ocrx_word' id='word_1_313' title='bbox 1308 2865 1376 2920; x_wconf 84' lang='lat' dir='ltr'><strong>ad</strong></span> <span class='ocrx_word' id='word_1_314' title='bbox 1423 2864 1662 2920; x_wconf 83' lang='lat' dir='ltr'><strong>ﬁdelium</strong></span> <span class='ocrx_word' id='word_1_315' title='bbox 1696 2866 1915 2935; x_wconf 88' lang='lat' dir='ltr'><strong>quidem</strong></span> <span class='ocrx_word' id='word_1_316' title='bbox 1955 2865 2074 2935; x_wconf 81' lang='lat' dir='ltr'><strong>glo-</strong></span> 
     </span>
    </p>
   </div>
   <div class='ocr_carea' id='block_1_48' title="bbox 461 2953 2075 3024">
    <p class='ocr_par' dir='ltr' id='par_1_48' title="bbox 461 2953 2075 3024">
     <span class='ocr_line' id='line_1_48' title="bbox 461 2953 2075 3024; baseline -0.004 -11"><span class='ocrx_word' id='word_1_317' title='bbox 461 2960 467 2965; x_wconf 83' lang='grc'><em>’</em></span> <span class='ocrx_word' id='word_1_318' title='bbox 501 2959 640 3014; x_wconf 75' lang='lat' dir='ltr'><strong>riam</strong></span> <span class='ocrx_word' id='word_1_319' title='bbox 666 2999 683 3023; x_wconf 92' lang='lat'><strong>,</strong></span> <span class='ocrx_word' id='word_1_320' title='bbox 722 2957 1022 3012; x_wconf 77' lang='lat' dir='ltr'><strong>inﬁdelium</strong></span> <span class='ocrx_word' id='word_1_321' title='bbox 1059 2966 1239 3010; x_wconf 85' lang='lat' dir='ltr'><strong>autem</strong></span> <span class='ocrx_word' id='word_1_322' title='bbox 1290 2954 1579 3024; x_wconf 87' lang='lat' dir='ltr'><strong>pudorem.</strong></span> <span class='ocrx_word' id='word_1_323' title='bbox 1610 2954 1822 3024; x_wconf 85' lang='lat' dir='ltr'><strong>Quippe</strong></span> <span class='ocrx_word' id='word_1_324' title='bbox 1850 2953 2075 3024; x_wconf 80' lang='lat' dir='ltr'><strong>contigit</strong></span> 
     </span>
    </p>
   </div>
   <div class='ocr_carea' id='block_1_49' title="bbox 497 3046 2071 3119">
    <p class='ocr_par' dir='ltr' id='par_1_49' title="bbox 497 3046 2071 3119">
     <span class='ocr_line' id='line_1_49' title="bbox 497 3046 2071 3119; baseline -0.004 -12"><span class='ocrx_word' id='word_1_325' title='bbox 497 3062 716 3107; x_wconf 88' lang='lat' dir='ltr'><strong>sanctos</strong></span> <span class='ocrx_word' id='word_1_326' title='bbox 734 3052 874 3106; x_wconf 75' lang='lat' dir='ltr'><strong>d-IIUS</strong></span> <span class='ocrx_word' id='word_1_327' title='bbox 898 3049 1205 3118; x_wconf 84' lang='lat' dir='ltr'><strong>episcopos,</strong></span> <span class='ocrx_word' id='word_1_328' title='bbox 1229 3046 1633 3119; x_wconf 73' lang='lat' dir='ltr'><strong>Chrysanthum</strong></span> <span class='ocrx_word' id='word_1_329' title='bbox 1659 3057 1712 3102; x_wconf 91' lang='lat' dir='ltr'><strong>et</strong></span> <span class='ocrx_word' id='word_1_330' title='bbox 1742 3047 2071 3113; x_wconf 82' lang='lat' dir='ltr'><strong>Musonium,</strong></span> 
     </span>
    </p>
   </div>
   <div class='ocr_carea' id='block_1_50' title="bbox 2177 1843 3771 1928">
    <p class='ocr_par' dir='ltr' id='par_1_50' title="bbox 2177 1843 3771 1928">
     <span class='ocr_line' id='line_1_50' title="bbox 2177 1843 3771 1928; baseline 0.006 -27"><span class='ocrx_word' id='word_1_331' title='bbox 2177 1843 2351 1918; x_wconf 78' lang='grc' dir='ltr'><strong>ἐφ’ᾧ,</strong></span> <span class='ocrx_word' id='word_1_332' title='bbox 2384 1852 2483 1922; x_wconf 82' lang='grc' dir='ltr'>τῆς</span> <span class='ocrx_word' id='word_1_333' title='bbox 2534 1869 2594 1905; x_wconf 87' lang='grc' dir='ltr'><strong>τε</strong></span> <span class='ocrx_word' id='word_1_334' title='bbox 2663 1856 2980 1925; x_wconf 77' lang='grc' dir='ltr'><strong>προσευχῆς</strong></span> <span class='ocrx_word' id='word_1_335' title='bbox 3021 1856 3119 1909; x_wconf 75' lang='grc' dir='ltr'>καὶ</span> <span class='ocrx_word' id='word_1_336' title='bbox 3175 1856 3528 1928; x_wconf 83' lang='grc' dir='ltr'>ἐγκρατείας,</span> <span class='ocrx_word' id='word_1_337' title='bbox 3562 1857 3665 1926; x_wconf 83' lang='grc' dir='ltr'>τῆς</span> <span class='ocrx_word' id='word_1_338' title='bbox 3705 1875 3771 1910; x_wconf 85' lang='grc' dir='ltr'><strong>τε</strong></span> 
     </span>
    </p>
   </div>
   <div class='ocr_carea' id='block_1_51' title="bbox 2179 1944 3770 2017">
    <p class='ocr_par' dir='ltr' id='par_1_51' title="bbox 2179 1944 3770 2017">
     <span class='ocr_line' id='line_1_51' title="bbox 2179 1944 3770 2017; baseline 0.003 -22"><span class='ocrx_word' id='word_1_339' title='bbox 2179 1944 2562 2015; x_wconf 68' lang='grc' dir='ltr'>φαιδρότητος,</span> <span class='ocrx_word' id='word_1_340' title='bbox 2592 1947 2686 1998; x_wconf 76' lang='grc' dir='ltr'><strong>καὶ</strong></span> <span class='ocrx_word' id='word_1_341' title='bbox 2716 1947 2906 2016; x_wconf 84' lang='grc' dir='ltr'>χορεία</span> <span class='ocrx_word' id='word_1_342' title='bbox 2918 1967 2934 2010; x_wconf 87' lang='grc'>;</span> <span class='ocrx_word' id='word_1_343' title='bbox 2956 1950 3048 2001; x_wconf 71' lang='grc' dir='ltr'><strong>τον</strong></span> <span class='ocrx_word' id='word_1_344' title='bbox 3076 1952 3258 2002; x_wconf 74' lang='grc' dir='ltr'>κοινὸν</span> <span class='ocrx_word' id='word_1_345' title='bbox 3289 1944 3439 2002; x_wconf 85' lang='grc' dir='ltr'>οἷκον</span> <span class='ocrx_word' id='word_1_346' title='bbox 3470 1952 3569 2017; x_wconf 72' lang='grc' dir='ltr'>τὴν</span> <span class='ocrx_word' id='word_1_347' title='bbox 3596 1950 3770 2003; x_wconf 75' lang='grc' dir='ltr'>ἀπαν-</span> 
     </span>
    </p>
   </div>
   <div class='ocr_carea' id='block_1_52' title="bbox 2177 2036 3757 2111">
    <p class='ocr_par' dir='ltr' id='par_1_52' title="bbox 2177 2036 3757 2111">
     <span class='ocr_line' id='line_1_52' title="bbox 2177 2036 3757 2111; baseline 0.003 -23"><span class='ocrx_word' id='word_1_348' title='bbox 2177 2036 2323 2105; x_wconf 82' lang='grc' dir='ltr'><strong>ταχῆ</strong></span> <span class='ocrx_word' id='word_1_349' title='bbox 2379 2036 2680 2103; x_wconf 64' lang='grc' dir='ltr'>καθολικὴν</span> <span class='ocrx_word' id='word_1_350' title='bbox 2739 2039 3070 2109; x_wconf 75' lang='grc' dir='ltr'>Ἐκκλησίαν</span> <span class='ocrx_word' id='word_1_351' title='bbox 3130 2041 3300 2111; x_wconf 78' lang='grc' dir='ltr'>ἑαυτῇ</span> <span class='ocrx_word' id='word_1_352' title='bbox 3364 2040 3757 2111; x_wconf 80' lang='grc' dir='ltr'>περισώσαιεν.</span> 
     </span>
    </p>
   </div>
   <div class='ocr_carea' id='block_1_53' title="bbox 2192 2125 3755 2204">
    <p class='ocr_par' dir='ltr' id='par_1_53' title="bbox 2192 2125 3755 2204">
     <span class='ocr_line' id='line_1_53' title="bbox 2192 2125 3755 2204; baseline 0.003 -25"><span class='ocrx_word' id='word_1_353' title='bbox 2192 2125 2427 2198; x_wconf 82' lang='grc' dir='ltr'>Ἐτέρων</span> <span class='ocrx_word' id='word_1_354' title='bbox 2455 2146 2513 2181; x_wconf 89' lang='grc' dir='ltr'>τε</span> <span class='ocrx_word' id='word_1_355' title='bbox 2554 2130 3029 2198; x_wconf 77' lang='grc' dir='ltr'>ὲκκλησι;.στικῶν</span> <span class='ocrx_word' id='word_1_356' title='bbox 3063 2132 3403 2204; x_wconf 77' lang='grc' dir='ltr'><strong>ζητημάτων</strong></span> <span class='ocrx_word' id='word_1_357' title='bbox 3448 2131 3541 2184; x_wconf 81' lang='grc' dir='ltr'>καὶ</span> <span class='ocrx_word' id='word_1_358' title='bbox 3596 2132 3755 2184; x_wconf 71' lang='grc' dir='ltr'>θεέων</span> 
     </span>
    </p>
   </div>
   <div class='ocr_carea' id='block_1_54' title="bbox 2178 2221 3759 2294">
    <p class='ocr_par' dir='ltr' id='par_1_54' title="bbox 2178 2221 3759 2294">
     <span class='ocr_line' id='line_1_54' title="bbox 2178 2221 3759 2294; baseline 0.003 -23"><span class='ocrx_word' id='word_1_359' title='bbox 2178 2222 2425 2274; x_wconf 85' lang='grc' dir='ltr'>κανόνων</span> <span class='ocrx_word' id='word_1_360' title='bbox 2485 2222 2704 2276; x_wconf 81' lang='grc' dir='ltr'>ἔκδοσιν</span> <span class='ocrx_word' id='word_1_361' title='bbox 2734 2224 3119 2293; x_wconf 86' lang='grc' dir='ltr'>ποιησάμενοι,</span> <span class='ocrx_word' id='word_1_362' title='bbox 3171 2223 3265 2278; x_wconf 73' lang='grc' dir='ltr'><strong>τὸν</strong></span> <span class='ocrx_word' id='word_1_363' title='bbox 3304 2223 3404 2294; x_wconf 77' lang='grc' dir='ltr'><strong>τῆς</strong></span> <span class='ocrx_word' id='word_1_364' title='bbox 3448 2221 3759 2292; x_wconf 70' lang='grc' dir='ltr'>ὁρθοδοξίας</span> 
     </span>
    </p>
   </div>
   <div class='ocr_carea' id='block_1_55' title="bbox 2179 2314 3768 2386">
    <p class='ocr_par' dir='ltr' id='par_1_55' title="bbox 2179 2314 3768 2386">
     <span class='ocr_line' id='line_1_55' title="bbox 2179 2314 3768 2386; baseline 0.005 -25"><span class='ocrx_word' id='word_1_365' title='bbox 2179 2314 2581 2383; x_wconf 72' lang='grc' dir='ltr'>συνεστήσαντο</span> <span class='ocrx_word' id='word_1_366' title='bbox 2612 2314 2807 2384; x_wconf 86' lang='grc' dir='ltr'>τόμον.</span> <span class='ocrx_word' id='word_1_367' title='bbox 2834 2315 3040 2369; x_wconf 75' lang='grc' dir='ltr'>Τούτου</span> <span class='ocrx_word' id='word_1_368' title='bbox 3071 2316 3254 2370; x_wconf 84' lang='grc' dir='ltr'>τοίνυν</span> <span class='ocrx_word' id='word_1_369' title='bbox 3297 2317 3603 2386; x_wconf 78' lang='grc' dir='ltr'>γεγονότος,</span> <span class='ocrx_word' id='word_1_370' title='bbox 3637 2332 3737 2368; x_wconf 84' lang='grc' dir='ltr'>σ.ν</span> <span class='ocrx_word' id='word_1_371' title='bbox 3756 2347 3768 2353; x_wconf 87' lang='grc'><strong>-</strong></span> 
     </span>
    </p>
   </div>
   <div class='ocr_carea' id='block_1_56' title="bbox 2177 2404 3763 2478">
    <p class='ocr_par' dir='ltr' id='par_1_56' title="bbox 2177 2404 3763 2478">
     <span class='ocr_line' id='line_1_56' title="bbox 2177 2404 3763 2478; baseline 0.003 -23"><span class='ocrx_word' id='word_1_372' title='bbox 2177 2404 2319 2456; x_wconf 82' lang='grc' dir='ltr'>εἶδεν</span> <span class='ocrx_word' id='word_1_373' title='bbox 2346 2405 2374 2458; x_wconf 88' lang='grc' dir='ltr'><strong>ὁ</strong></span> <span class='ocrx_word' id='word_1_374' title='bbox 2400 2405 2697 2476; x_wconf 83' lang='grc' dir='ltr'>κράτιστος</span> <span class='ocrx_word' id='word_1_375' title='bbox 2730 2408 3009 2478; x_wconf 79' lang='grc' dir='ltr'>βασιλεὺς,</span> <span class='ocrx_word' id='word_1_376' title='bbox 3034 2412 3154 2472; x_wconf 81' lang='grc' dir='ltr'>ταῖς</span> <span class='ocrx_word' id='word_1_377' title='bbox 3182 2410 3418 2463; x_wconf 75' lang='grc' dir='ltr'>ἑκάστου</span> <span class='ocrx_word' id='word_1_378' title='bbox 3442 2408 3549 2463; x_wconf 83' lang='grc' dir='ltr'>τῶν</span> <span class='ocrx_word' id='word_1_379' title='bbox 3580 2407 3763 2462; x_wconf 84' lang='grc' dir='ltr'>Πατέ-</span> 
     </span>
    </p>
   </div>
   <div class='ocr_carea' id='block_1_57' title="bbox 2181 2499 3765 2572">
    <p class='ocr_par' dir='ltr' id='par_1_57' title="bbox 2181 2499 3765 2572">
     <span class='ocr_line' id='line_1_57' title="bbox 2181 2499 3765 2572; baseline 0.002 -22"><span class='ocrx_word' id='word_1_380' title='bbox 2181 2514 2288 2567; x_wconf 89' lang='grc' dir='ltr'><strong>ρων</strong></span> <span class='ocrx_word' id='word_1_381' title='bbox 2332 2499 2704 2569; x_wconf 75' lang='grc' dir='ltr'>ὑπογραφαῖς,</span> <span class='ocrx_word' id='word_1_382' title='bbox 2770 2500 2863 2554; x_wconf 78' lang='grc' dir='ltr'><strong>τὸν</strong></span> <span class='ocrx_word' id='word_1_383' title='bbox 2922 2501 3079 2568; x_wconf 76' lang='grc' dir='ltr'>ἅγιον</span> <span class='ocrx_word' id='word_1_384' title='bbox 3138 2501 3511 2572; x_wconf 80' lang='grc' dir='ltr'>κρατύνεσθαι</span> <span class='ocrx_word' id='word_1_385' title='bbox 3564 2501 3765 2570; x_wconf 87' lang='grc' dir='ltr'>τόμον.</span> 
     </span>
    </p>
   </div>
   <div class='ocr_carea' id='block_1_58' title="bbox 2176 2591 3767 2664">
    <p class='ocr_par' dir='ltr' id='par_1_58' title="bbox 2176 2591 3767 2664">
     <span class='ocr_line' id='line_1_58' title="bbox 2176 2591 3767 2664; baseline 0 -21"><span class='ocrx_word' id='word_1_386' title='bbox 2176 2591 2332 2644; x_wconf 79' lang='grc' dir='ltr'>Μετὰ</span> <span class='ocrx_word' id='word_1_387' title='bbox 2386 2592 2516 2661; x_wconf 74' lang='grc' dir='ltr'>γοῦν</span> <span class='ocrx_word' id='word_1_388' title='bbox 2555 2593 2657 2662; x_wconf 73' lang='grc' dir='ltr'><strong>τὴν</strong></span> <span class='ocrx_word' id='word_1_389' title='bbox 2705 2593 2924 2648; x_wconf 77' lang='grc' dir='ltr'>ἔκθεσιν</span> <span class='ocrx_word' id='word_1_390' title='bbox 2985 2594 3080 2647; x_wconf 72' lang='grc' dir='ltr'>καὶ</span> <span class='ocrx_word' id='word_1_391' title='bbox 3134 2593 3401 2664; x_wconf 73' lang='grc' dir='ltr'>δημοσίαν</span> <span class='ocrx_word' id='word_1_392' title='bbox 3448 2594 3767 2662; x_wconf 68' lang='grc' dir='ltr'>ἀνάγνωσιν</span> 
     </span>
    </p>
   </div>
   <div class='ocr_carea' id='block_1_59' title="bbox 2177 2687 3770 2763">
    <p class='ocr_par' dir='ltr' id='par_1_59' title="bbox 2177 2687 3770 2763">
     <span class='ocr_line' id='line_1_59' title="bbox 2177 2687 3770 2763; baseline 0.001 -22"><span class='ocrx_word' id='word_1_393' title='bbox 2177 2687 2275 2741; x_wconf 77' lang='grc' dir='ltr'><strong>τοῦ</strong></span> <span class='ocrx_word' id='word_1_394' title='bbox 2302 2688 2494 2758; x_wconf 69' lang='grc' dir='ltr'>τόμον,</span> <span class='ocrx_word' id='word_1_395' title='bbox 2534 2689 2637 2760; x_wconf 72' lang='grc' dir='ltr'>ἤδη</span> <span class='ocrx_word' id='word_1_396' title='bbox 2672 2690 2893 2745; x_wconf 80' lang='grc' dir='ltr'>πάντων</span> <span class='ocrx_word' id='word_1_397' title='bbox 2923 2692 3114 2762; x_wconf 83' lang='grc' dir='ltr'>σχεδὸν</span> <span class='ocrx_word' id='word_1_398' title='bbox 3133 2692 3595 2763; x_wconf 73' lang='grc' dir='ltr'>ὑπογραψάντων,</span> <span class='ocrx_word' id='word_1_399' title='bbox 3628 2691 3770 2743; x_wconf 81' lang='grc' dir='ltr'>θαυ-</span> 
     </span>
    </p>
   </div>
   <div class='ocr_carea' id='block_1_60' title="bbox 2180 2780 3767 2854">
    <p class='ocr_par' dir='ltr' id='par_1_60' title="bbox 2180 2780 3767 2854">
     <span class='ocr_line' id='line_1_60' title="bbox 2180 2780 3767 2854; baseline 0.003 -23"><span class='ocrx_word' id='word_1_400' title='bbox 2180 2780 2563 2849; x_wconf 82' lang='grc' dir='ltr'>ματοποιεῖταί</span> <span class='ocrx_word' id='word_1_401' title='bbox 2590 2799 2643 2836; x_wconf 89' lang='grc' dir='ltr'>τι</span> <span class='ocrx_word' id='word_1_402' title='bbox 2680 2784 2903 2854; x_wconf 81' lang='grc' dir='ltr'>μνήμης</span> <span class='ocrx_word' id='word_1_403' title='bbox 2928 2782 3101 2848; x_wconf 79' lang='grc' dir='ltr'>ἄξιον,</span> <span class='ocrx_word' id='word_1_404' title='bbox 3129 2784 3208 2847; x_wconf 83' lang='grc' dir='ltr'><strong>είς</strong></span> <span class='ocrx_word' id='word_1_405' title='bbox 3234 2784 3497 2854; x_wconf 81' lang='grc' dir='ltr'>καύχημα</span> <span class='ocrx_word' id='word_1_406' title='bbox 3532 2784 3632 2853; x_wconf 83' lang='grc' dir='ltr'>μὲν</span> <span class='ocrx_word' id='word_1_407' title='bbox 3648 2783 3767 2835; x_wconf 83' lang='grc' dir='ltr'>τῶν</span> 
     </span>
    </p>
   </div>
   <div class='ocr_carea' id='block_1_61' title="bbox 2176 2876 3767 2948">
    <p class='ocr_par' dir='ltr' id='par_1_61' title="bbox 2176 2876 3767 2948">
     <span class='ocr_line' id='line_1_61' title="bbox 2176 2876 3767 2948; baseline 0.003 -22"><span class='ocrx_word' id='word_1_408' title='bbox 2176 2876 2607 2941; x_wconf 81' lang='grc' dir='ltr'>πιστευσάντων,</span> <span class='ocrx_word' id='word_1_409' title='bbox 2636 2876 2774 2947; x_wconf 81' lang='grc' dir='ltr'>πρὸς</span> <span class='ocrx_word' id='word_1_410' title='bbox 2820 2877 3093 2948; x_wconf 74' lang='grc' dir='ltr'>ἐντροπὴν</span> <span class='ocrx_word' id='word_1_411' title='bbox 3132 2877 3188 2931; x_wconf 86' lang='grc' dir='ltr'>δὲ</span> <span class='ocrx_word' id='word_1_412' title='bbox 3216 2877 3324 2930; x_wconf 84' lang='grc' dir='ltr'>τῶν</span> <span class='ocrx_word' id='word_1_413' title='bbox 3358 2876 3767 2931; x_wconf 71' lang='grc' dir='ltr'>ἀπιστούντων.</span> 
     </span>
    </p>
   </div>
   <div class='ocr_carea' id='block_1_62' title="bbox 2176 2966 3770 3041">
    <p class='ocr_par' dir='ltr' id='par_1_62' title="bbox 2176 2966 3770 3041">
     <span class='ocr_line' id='line_1_62' title="bbox 2176 2966 3770 3041; baseline 0.003 -24"><span class='ocrx_word' id='word_1_414' title='bbox 2176 2966 2280 3018; x_wconf 82' lang='grc' dir='ltr'><strong>Δύο</strong></span> <span class='ocrx_word' id='word_1_415' title='bbox 2295 2966 2402 3037; x_wconf 83' lang='grc' dir='ltr'>γὰρ</span> <span class='ocrx_word' id='word_1_416' title='bbox 2419 2968 2526 3021; x_wconf 80' lang='grc' dir='ltr'><strong>τῶν</strong></span> <span class='ocrx_word' id='word_1_417' title='bbox 2538 2969 2699 3022; x_wconf 76' lang='grc' dir='ltr'>ὁσίων</span> <span class='ocrx_word' id='word_1_418' title='bbox 2716 2971 3054 3037; x_wconf 68' lang='grc' dir='ltr'>ἐπισκόπων,</span> <span class='ocrx_word' id='word_1_419' title='bbox 3078 2970 3398 3041; x_wconf 85' lang='grc' dir='ltr'>Χρυσάνθου</span> <span class='ocrx_word' id='word_1_420' title='bbox 3420 2973 3511 3024; x_wconf 76' lang='grc' dir='ltr'><strong>καὶ</strong></span> <span class='ocrx_word' id='word_1_421' title='bbox 3530 2973 3770 3024; x_wconf 82' lang='grc' dir='ltr'>Μουσω-</span> 
     </span>
    </p>
   </div>
   <div class='ocr_carea' id='block_1_63' title="bbox 2177 3059 3770 3133">
    <p class='ocr_par' dir='ltr' id='par_1_63' title="bbox 2177 3059 3770 3133">
     <span class='ocr_line' id='line_1_63' title="bbox 2177 3059 3770 3133; baseline 0.003 -22"><span class='ocrx_word' id='word_1_422' title='bbox 2177 3059 2313 3123; x_wconf 91' lang='grc' dir='ltr'>νίου,</span> <span class='ocrx_word' id='word_1_423' title='bbox 2344 3061 2514 3129; x_wconf 80' lang='grc' dir='ltr'>μήπω</span> <span class='ocrx_word' id='word_1_424' title='bbox 2553 3060 2631 3131; x_wconf 79' lang='grc' dir='ltr'>τῷ</span> <span class='ocrx_word' id='word_1_425' title='bbox 2670 3063 2823 3132; x_wconf 80' lang='grc' dir='ltr'>τὸμῳ</span> <span class='ocrx_word' id='word_1_426' title='bbox 2860 3067 2958 3126; x_wconf 77' lang='grc' dir='ltr'><strong>τας</strong></span> <span class='ocrx_word' id='word_1_427' title='bbox 2997 3064 3204 3126; x_wconf 76' lang='grc' dir='ltr'>οἰκείας</span> <span class='ocrx_word' id='word_1_428' title='bbox 3245 3062 3572 3133; x_wconf 69' lang='grc' dir='ltr'>ὑπογραφάς</span> <span class='ocrx_word' id='word_1_429' title='bbox 3608 3064 3770 3115; x_wconf 77' lang='grc' dir='ltr'>ἐνθε-</span> 
     </span>
    </p>
   </div>
   <div class='ocr_carea' id='block_1_64' title="bbox 498 3131 2073 3226">
    <p class='ocr_par' dir='ltr' id='par_1_64' title="bbox 498 3138 2071 3211">
     <span class='ocr_line' id='line_1_64' title="bbox 498 3138 2071 3211; baseline -0.006 -11"><span class='ocrx_word' id='word_1_430' title='bbox 498 3162 623 3200; x_wconf 84' lang='lat' dir='ltr'><strong>cum</strong></span> <span class='ocrx_word' id='word_1_431' title='bbox 665 3144 893 3199; x_wconf 88' lang='lat' dir='ltr'><strong>necdum</strong></span> <span class='ocrx_word' id='word_1_432' title='bbox 943 3158 1072 3198; x_wconf 82' lang='lat' dir='ltr'><strong>suas</strong></span> <span class='ocrx_word' id='word_1_433' title='bbox 1107 3141 1375 3197; x_wconf 80' lang='lat' dir='ltr'><strong>decisioni</strong></span> <span class='ocrx_word' id='word_1_434' title='bbox 1429 3140 1699 3211; x_wconf 75' lang='lat' dir='ltr'><strong>synodica:</strong></span> <span class='ocrx_word' id='word_1_435' title='bbox 1743 3138 2071 3210; x_wconf 83' lang='lat' dir='ltr'><strong>adjecissent</strong></span> 
     </span>
    </p>
   </div>
   <div class='ocr_carea' id='block_1_65' title="bbox 2175 3131 3768 3226">
    <p class='ocr_par' dir='ltr' id='par_1_65' title="bbox 2180 3131 3768 3226">
     <span class='ocr_line' id='line_1_65' title="bbox 2180 3131 3768 3226; baseline 0.003 -23"><span class='ocrx_word' id='word_1_436' title='bbox 2180 3151 2383 3220; x_wconf 75' lang='grc' dir='ltr'>μένων,</span> <span class='ocrx_word' id='word_1_437' title='bbox 2410 3152 2610 3223; x_wconf 72' lang='grc' dir='ltr'>συνέϐη</span> <span class='ocrx_word' id='word_1_438' title='bbox 2631 3131 2860 3226; x_wconf 76' lang='grc' dir='ltr'>προνοίᾳ</span> <span class='ocrx_word' id='word_1_439' title='bbox 2891 3154 3051 3219; x_wconf 82' lang='grc' dir='ltr'>Θεοῦ,</span> <span class='ocrx_word' id='word_1_440' title='bbox 3073 3156 3181 3209; x_wconf 85' lang='grc' dir='ltr'><strong>τῶν</strong></span> <span class='ocrx_word' id='word_1_441' title='bbox 3213 3131 3567 3224; x_wconf 63' lang='grc' dir='ltr'>ἀνθρωπίνων</span> <span class='ocrx_word' id='word_1_442' title='bbox 3594 3173 3768 3224; x_wconf 62' lang='grc' dir='ltr'>μετι-</span> 
     </span>
    </p>
   </div>
   <div class='ocr_carea' id='block_1_66' title="bbox 497 3230 2067 3306">
    <p class='ocr_par' dir='ltr' id='par_1_66' title="bbox 497 3230 2067 3306">
     <span class='ocr_line' id='line_1_66' title="bbox 497 3230 2067 3306; baseline -0.004 -13"><span class='ocrx_word' id='word_1_443' title='bbox 497 3236 971 3306; x_wconf 73' lang='lat' dir='ltr'><strong>subscriptiones,</strong></span> <span class='ocrx_word' id='word_1_444' title='bbox 1041 3233 1131 3288; x_wconf 83' lang='lat' dir='ltr'><strong>Dei</strong></span> <span class='ocrx_word' id='word_1_445' title='bbox 1183 3231 1531 3303; x_wconf 83' lang='lat' dir='ltr'><strong>providentia</strong></span> <span class='ocrx_word' id='word_1_446' title='bbox 1594 3230 1728 3286; x_wconf 87' lang='lat' dir='ltr'><strong>vivis</strong></span> <span class='ocrx_word' id='word_1_447' title='bbox 1781 3230 2067 3286; x_wconf 77' lang='lat' dir='ltr'><strong>excedere.</strong></span> 
     </span>
    </p>
   </div>
   <div class='ocr_carea' id='block_1_67' title="bbox 498 3323 2071 3397">
    <p class='ocr_par' dir='ltr' id='par_1_67' title="bbox 498 3323 2071 3397">
     <span class='ocr_line' id='line_1_67' title="bbox 498 3323 2071 3397; baseline -0.003 -14"><span class='ocrx_word' id='word_1_448' title='bbox 498 3330 691 3384; x_wconf 79' lang='lat' dir='ltr'><strong>l‘atres</strong></span> <span class='ocrx_word' id='word_1_449' title='bbox 722 3328 906 3397; x_wconf 88' lang='lat' dir='ltr'><strong>itaque</strong></span> <span class='ocrx_word' id='word_1_450' title='bbox 949 3326 1138 3380; x_wconf 81' lang='lat' dir='ltr'><strong>deiferi</strong></span> <span class='ocrx_word' id='word_1_451' title='bbox 1166 3365 1182 3392; x_wconf 96' lang='lat'><strong>,</strong></span> <span class='ocrx_word' id='word_1_452' title='bbox 1216 3341 1337 3380; x_wconf 89' lang='lat' dir='ltr'><strong>eum</strong></span> <span class='ocrx_word' id='word_1_453' title='bbox 1376 3324 1444 3378; x_wconf 88' lang='lat' dir='ltr'><strong>ad</strong></span> <span class='ocrx_word' id='word_1_454' title='bbox 1485 3338 1828 3378; x_wconf 89' lang='lat' dir='ltr'><strong>communem</strong></span> <span class='ocrx_word' id='word_1_455' title='bbox 1863 3323 2071 3393; x_wconf 83' lang='lat' dir='ltr'><strong>requie-</strong></span> 
     </span>
    </p>
   </div>
   <div class='ocr_carea' id='block_1_68' title="bbox 499 3416 2069 3484">
    <p class='ocr_par' dir='ltr' id='par_1_68' title="bbox 499 3416 2069 3484">
     <span class='ocr_line' id='line_1_68' title="bbox 499 3416 2069 3484; baseline -0.004 -10"><span class='ocrx_word' id='word_1_456' title='bbox 499 3419 663 3475; x_wconf 69' lang='lat' dir='ltr'><strong>tionis</strong></span> <span class='ocrx_word' id='word_1_457' title='bbox 699 3432 889 3472; x_wconf 88' lang='lat' dir='ltr'><strong>eorum</strong></span> <span class='ocrx_word' id='word_1_458' title='bbox 940 3416 1118 3472; x_wconf 84' lang='lat' dir='ltr'><strong>locum</strong></span> <span class='ocrx_word' id='word_1_459' title='bbox 1159 3416 1551 3479; x_wconf 82' lang='lat' dir='ltr'><strong>accessissent,</strong></span> <span class='ocrx_word' id='word_1_460' title='bbox 1589 3425 1845 3484; x_wconf 84' lang='lat' dir='ltr'><strong>tanquam</strong></span> <span class='ocrx_word' id='word_1_461' title='bbox 1872 3416 2069 3468; x_wconf 82' lang='lat' dir='ltr'><strong>eonvi-</strong></span> 
     </span>
    </p>
   </div>
   <div class='ocr_carea' id='block_1_69' title="bbox 497 3505 2066 3579">
    <p class='ocr_par' dir='ltr' id='par_1_69' title="bbox 497 3505 2066 3579">
     <span class='ocr_line' id='line_1_69' title="bbox 497 3505 2066 3579; baseline -0.004 -13"><span class='ocrx_word' id='word_1_462' title='bbox 497 3522 686 3568; x_wconf 84' lang='lat' dir='ltr'><strong>ventes</strong></span> <span class='ocrx_word' id='word_1_463' title='bbox 729 3524 794 3565; x_wconf 82' lang='lat' dir='ltr'><strong>ac</strong></span> <span class='ocrx_word' id='word_1_464' title='bbox 842 3509 1128 3564; x_wconf 85' lang='lat' dir='ltr'><strong>audientes</strong></span> <span class='ocrx_word' id='word_1_465' title='bbox 1166 3523 1289 3579; x_wconf 68' lang='lat' dir='ltr'><strong>qua:</strong></span> <span class='ocrx_word' id='word_1_466' title='bbox 1315 3508 1646 3572; x_wconf 82' lang='lat' dir='ltr'><strong>dicerentur,</strong></span> <span class='ocrx_word' id='word_1_467' title='bbox 1678 3508 1752 3560; x_wconf 88' lang='lat' dir='ltr'><strong>ita</strong></span> <span class='ocrx_word' id='word_1_468' title='bbox 1782 3505 2066 3575; x_wconf 44' lang='lat' dir='ltr'><strong>all&#39;auturg</strong></span> 
     </span>
    </p>
   </div>
   <div class='ocr_carea' id='block_1_70' title="bbox 501 3598 2069 3671">
    <p class='ocr_par' dir='ltr' id='par_1_70' title="bbox 501 3598 2069 3671">
     <span class='ocr_line' id='line_1_70' title="bbox 501 3598 2069 3671; baseline -0.006 -12"><span class='ocrx_word' id='word_1_469' title='bbox 501 3625 522 3659; x_wconf 80' lang='grc' dir='ltr'><strong>ι</strong></span> <span class='ocrx_word' id='word_1_470' title='bbox 590 3604 635 3660; x_wconf 90' lang='lat'><em>0</em></span> <span class='ocrx_word' id='word_1_471' title='bbox 671 3604 858 3658; x_wconf 71' lang='lat' dir='ltr'><strong>Patres</strong></span> <span class='ocrx_word' id='word_1_472' title='bbox 901 3612 947 3655; x_wconf 88' lang='lat' dir='ltr'><strong>et</strong></span> <span class='ocrx_word' id='word_1_473' title='bbox 992 3601 1223 3671; x_wconf 75' lang='lat' dir='ltr'><strong>fratres,</strong></span> <span class='ocrx_word' id='word_1_474' title='bbox 1279 3599 1468 3653; x_wconf 86' lang='lat' dir='ltr'><strong>bonum</strong></span> <span class='ocrx_word' id='word_1_475' title='bbox 1500 3608 1766 3651; x_wconf 79' lang='lat' dir='ltr'><strong>certamen</strong></span> <span class='ocrx_word' id='word_1_476' title='bbox 1800 3598 2069 3651; x_wconf 65' lang='lat' dir='ltr'><strong>nobiseum</strong></span> 
     </span>
    </p>
   </div>
   <div class='ocr_carea' id='block_1_71' title="bbox 494 3690 2067 3761">
    <p class='ocr_par' dir='ltr' id='par_1_71' title="bbox 494 3690 2067 3761">
     <span class='ocr_line' id='line_1_71' title="bbox 494 3690 2067 3761; baseline -0.004 -10"><span class='ocrx_word' id='word_1_477' title='bbox 494 3697 762 3761; x_wconf 74' lang='lat' dir='ltr'><strong>certastis,</strong></span> <span class='ocrx_word' id='word_1_478' title='bbox 804 3710 1017 3748; x_wconf 79' lang='lat' dir='ltr'><strong>cursum</strong></span> <span class='ocrx_word' id='word_1_479' title='bbox 1063 3692 1470 3748; x_wconf 78' lang='lat' dir='ltr'><strong>consummastis</strong></span> <span class='ocrx_word' id='word_1_480' title='bbox 1494 3732 1509 3756; x_wconf 95' lang='lat'><strong>,</strong></span> <span class='ocrx_word' id='word_1_481' title='bbox 1544 3691 1702 3761; x_wconf 79' lang='lat' dir='ltr'><strong>ﬁdem</strong></span> <span class='ocrx_word' id='word_1_482' title='bbox 1748 3690 1996 3745; x_wconf 73' lang='lat' dir='ltr'><strong>servastis</strong></span> <span class='ocrx_word' id='word_1_483' title='bbox 2025 3693 2067 3744; x_wconf 78' lang='grc'><strong>⁸.</strong></span> 
     </span>
    </p>
   </div>
   <div class='ocr_carea' id='block_1_72' title="bbox 495 3782 2068 3856">
    <p class='ocr_par' dir='ltr' id='par_1_72' title="bbox 495 3782 2068 3856">
     <span class='ocr_line' id='line_1_72' title="bbox 495 3782 2068 3856; baseline -0.003 -15"><span class='ocrx_word' id='word_1_484' title='bbox 495 3788 557 3842; x_wconf 85' lang='lat' dir='ltr'><strong>Si</strong></span> <span class='ocrx_word' id='word_1_485' title='bbox 580 3803 701 3856; x_wconf 79' lang='lat' dir='ltr'><strong>ergo</strong></span> <span class='ocrx_word' id='word_1_486' title='bbox 725 3786 863 3855; x_wconf 81' lang='lat' dir='ltr'><strong>quod</strong></span> <span class='ocrx_word' id='word_1_487' title='bbox 885 3784 1091 3854; x_wconf 77' lang='lat' dir='ltr'><strong>factum</strong></span> <span class='ocrx_word' id='word_1_488' title='bbox 1115 3794 1214 3848; x_wconf 76' lang='lat' dir='ltr'><strong>est,</strong></span> <span class='ocrx_word' id='word_1_489' title='bbox 1250 3784 1356 3836; x_wconf 84' lang='lat' dir='ltr'><strong>Deo</strong></span> <span class='ocrx_word' id='word_1_490' title='bbox 1380 3792 1591 3852; x_wconf 84' lang='lat' dir='ltr'><strong>gratum</strong></span> <span class='ocrx_word' id='word_1_491' title='bbox 1620 3798 1729 3836; x_wconf 81' lang='lat' dir='ltr'><strong>esse</strong></span> <span class='ocrx_word' id='word_1_492' title='bbox 1778 3782 2068 3851; x_wconf 77' lang='lat' dir='ltr'><strong>judicastis</strong></span> 
     </span>
    </p>
   </div>
   <div class='ocr_carea' id='block_1_73' title="bbox 497 3874 2069 3948">
    <p class='ocr_par' dir='ltr' id='par_1_73' title="bbox 497 3874 2069 3948">
     <span class='ocr_line' id='line_1_73' title="bbox 497 3874 2069 3948; baseline -0.003 -17"><span class='ocrx_word' id='word_1_493' title='bbox 497 3881 659 3948; x_wconf 82' lang='lat' dir='ltr'><strong>(nunc</strong></span> <span class='ocrx_word' id='word_1_494' title='bbox 690 3878 827 3931; x_wconf 83' lang='lat' dir='ltr'><strong>enim</strong></span> <span class='ocrx_word' id='word_1_495' title='bbox 854 3877 1036 3944; x_wconf 79' lang='lat' dir='ltr'><strong>purius</strong></span> <span class='ocrx_word' id='word_1_496' title='bbox 1067 3875 1321 3943; x_wconf 81' lang='lat' dir='ltr'><strong>cernitis),</strong></span> <span class='ocrx_word' id='word_1_497' title='bbox 1345 3874 1472 3944; x_wconf 83' lang='lat' dir='ltr'><strong>quid</strong></span> <span class='ocrx_word' id='word_1_498' title='bbox 1491 3884 1629 3928; x_wconf 79' lang='lat' dir='ltr'><strong>vetat</strong></span> <span class='ocrx_word' id='word_1_499' title='bbox 1664 3882 1718 3927; x_wconf 87' lang='lat' dir='ltr'><strong>ut</strong></span> <span class='ocrx_word' id='word_1_500' title='bbox 1741 3890 1802 3927; x_wconf 84' lang='lat' dir='ltr'><strong>ne</strong></span> <span class='ocrx_word' id='word_1_501' title='bbox 1831 3891 1917 3927; x_wconf 81' lang='lat' dir='ltr'><strong>vos</strong></span> <span class='ocrx_word' id='word_1_502' title='bbox 1941 3891 2069 3943; x_wconf 84' lang='lat' dir='ltr'><strong>quo-</strong></span> 
     </span>
    </p>
   </div>
   <div class='ocr_carea' id='block_1_74' title="bbox 492 3966 2068 4039">
    <p class='ocr_par' dir='ltr' id='par_1_74' title="bbox 492 3966 2068 4039">
     <span class='ocr_line' id='line_1_74' title="bbox 492 3966 2068 4039; baseline -0.002 -17"><span class='ocrx_word' id='word_1_503' title='bbox 492 3984 593 4039; x_wconf 71' lang='lat' dir='ltr'><strong>que</strong></span> <span class='ocrx_word' id='word_1_504' title='bbox 640 3969 827 4023; x_wconf 76' lang='lat' dir='ltr'><strong>vestris</strong></span> <span class='ocrx_word' id='word_1_505' title='bbox 882 3967 1152 4021; x_wconf 76' lang='lat' dir='ltr'><strong>nobiscum</strong></span> <span class='ocrx_word' id='word_1_506' title='bbox 1208 3967 1676 4034; x_wconf 77' lang='lat' dir='ltr'><strong>subscriptionibus</strong></span> <span class='ocrx_word' id='word_1_507' title='bbox 1749 3966 2068 4020; x_wconf 79' lang='lat' dir='ltr'><strong>decisionem</strong></span> 
     </span>
    </p>
   </div>
   <div class='ocr_carea' id='block_1_75' title="bbox 494 4056 2065 4123">
    <p class='ocr_par' dir='ltr' id='par_1_75' title="bbox 494 4056 2065 4123">
     <span class='ocr_line' id='line_1_75' title="bbox 494 4056 2065 4123; baseline -0.002 -10"><span class='ocrx_word' id='word_1_508' title='bbox 494 4059 829 4113; x_wconf 64' lang='lat' dir='ltr'><strong>muniatis?»</strong></span> <span class='ocrx_word' id='word_1_509' title='bbox 892 4056 1017 4113; x_wconf 62' lang='lat' dir='ltr'><strong>llaec</strong></span> <span class='ocrx_word' id='word_1_510' title='bbox 1068 4057 1232 4111; x_wconf 90' lang='lat' dir='ltr'><strong>simul</strong></span> <span class='ocrx_word' id='word_1_511' title='bbox 1284 4057 1577 4123; x_wconf 66' lang='lat' dir='ltr'><strong>uixerunt,</strong></span> <span class='ocrx_word' id='word_1_512' title='bbox 1626 4073 1692 4112; x_wconf 89' lang='lat' dir='ltr'><strong>ac</strong></span> <span class='ocrx_word' id='word_1_513' title='bbox 1737 4057 2065 4113; x_wconf 77' lang='lat' dir='ltr'><strong>decistouein</strong></span> 
     </span>
    </p>
   </div>
   <div class='ocr_carea' id='block_1_76' title="bbox 493 4148 2064 4221">
    <p class='ocr_par' dir='ltr' id='par_1_76' title="bbox 493 4148 2064 4221">
     <span class='ocr_line' id='line_1_76' title="bbox 493 4148 2064 4221; baseline -0.003 -15"><span class='ocrx_word' id='word_1_514' title='bbox 493 4152 840 4221; x_wconf 74' lang='lat' dir='ltr'><strong>obsignatam</strong></span> <span class='ocrx_word' id='word_1_515' title='bbox 878 4159 1190 4204; x_wconf 87' lang='lat' dir='ltr'><strong>sanctorum</strong></span> <span class='ocrx_word' id='word_1_516' title='bbox 1241 4149 1418 4203; x_wconf 86' lang='lat' dir='ltr'><strong>loculo</strong></span> <span class='ocrx_word' id='word_1_517' title='bbox 1447 4148 1859 4216; x_wconf 87' lang='lat' dir='ltr'><strong>imposuerunt,</strong></span> <span class='ocrx_word' id='word_1_518' title='bbox 1895 4158 2064 4203; x_wconf 82' lang='lat' dir='ltr'><strong>totam</strong></span> 
     </span>
    </p>
   </div>
   <div class='ocr_carea' id='block_1_77' title="bbox 489 4239 2063 4298">
    <p class='ocr_par' dir='ltr' id='par_1_77' title="bbox 489 4239 2063 4298">
     <span class='ocr_line' id='line_1_77' title="bbox 489 4239 2063 4298; baseline -0.002 0"><span class='ocrx_word' id='word_1_519' title='bbox 489 4258 610 4298; x_wconf 83' lang='lat' dir='ltr'><strong>eam</strong></span> <span class='ocrx_word' id='word_1_520' title='bbox 666 4251 881 4295; x_wconf 77' lang='lat' dir='ltr'><strong>noctem</strong></span> <span class='ocrx_word' id='word_1_521' title='bbox 916 4241 1152 4296; x_wconf 86' lang='lat' dir='ltr'><strong>insomni</strong></span> <span class='ocrx_word' id='word_1_522' title='bbox 1198 4240 1444 4294; x_wconf 84' lang='lat' dir='ltr'><strong>oratione</strong></span> <span class='ocrx_word' id='word_1_523' title='bbox 1475 4239 1702 4293; x_wconf 89' lang='lat' dir='ltr'><strong>ducunt.</strong></span> <span class='ocrx_word' id='word_1_524' title='bbox 1743 4241 1835 4295; x_wconf 85' lang='lat' dir='ltr'><strong>Die</strong></span> <span class='ocrx_word' id='word_1_525' title='bbox 1884 4255 2063 4295; x_wconf 87' lang='lat' dir='ltr'><strong>autem</strong></span> 
     </span>
    </p>
   </div>
   <div class='ocr_carea' id='block_1_78' title="bbox 492 4332 2065 4404">
    <p class='ocr_par' dir='ltr' id='par_1_78' title="bbox 492 4332 2065 4404">
     <span class='ocr_line' id='line_1_78' title="bbox 492 4332 2065 4404; baseline -0.001 -14"><span class='ocrx_word' id='word_1_526' title='bbox 492 4336 742 4404; x_wconf 87' lang='lat' dir='ltr'><strong>sequenti</strong></span> <span class='ocrx_word' id='word_1_527' title='bbox 806 4348 931 4388; x_wconf 91' lang='lat' dir='ltr'><strong>cum</strong></span> <span class='ocrx_word' id='word_1_528' title='bbox 1000 4333 1278 4385; x_wconf 87' lang='lat' dir='ltr'><strong>venissent</strong></span> <span class='ocrx_word' id='word_1_529' title='bbox 1338 4333 1403 4384; x_wconf 89' lang='lat' dir='ltr'><strong>ad</strong></span> <span class='ocrx_word' id='word_1_530' title='bbox 1464 4332 1736 4397; x_wconf 87' lang='lat' dir='ltr'><strong>loculum,</strong></span> <span class='ocrx_word' id='word_1_531' title='bbox 1807 4334 2065 4403; x_wconf 87' lang='lat' dir='ltr'><strong>salvaque</strong></span> 
     </span>
    </p>
   </div>
   <div class='ocr_carea' id='block_1_79' title="bbox 490 4421 2062 4491">
    <p class='ocr_par' dir='ltr' id='par_1_79' title="bbox 490 4421 2062 4491">
     <span class='ocr_line' id='line_1_79' title="bbox 490 4421 2062 4491; baseline -0.001 -12"><span class='ocrx_word' id='word_1_532' title='bbox 490 4431 768 4479; x_wconf 80' lang='lat' dir='ltr'><strong>exstarent</strong></span> <span class='ocrx_word' id='word_1_533' title='bbox 791 4436 912 4491; x_wconf 77' lang='lat' dir='ltr'><strong>qua:</strong></span> <span class='ocrx_word' id='word_1_534' title='bbox 933 4421 1182 4490; x_wconf 84' lang='lat' dir='ltr'><strong>imposita</strong></span> <span class='ocrx_word' id='word_1_535' title='bbox 1205 4432 1381 4487; x_wconf 79' lang='lat' dir='ltr'><strong>erant,</strong></span> <span class='ocrx_word' id='word_1_536' title='bbox 1402 4421 1703 4491; x_wconf 81' lang='lat' dir='ltr'><strong>signacula,</strong></span> <span class='ocrx_word' id='word_1_537' title='bbox 1730 4424 1818 4476; x_wconf 90' lang='lat' dir='ltr'><strong>ubi</strong></span> <span class='ocrx_word' id='word_1_538' title='bbox 1846 4437 2062 4477; x_wconf 88' lang='lat' dir='ltr'><strong>sacrum</strong></span> 
     </span>
    </p>
   </div>
   <div class='ocr_carea' id='block_1_80' title="bbox 495 4512 2065 4585">
    <p class='ocr_par' dir='ltr' id='par_1_80' title="bbox 495 4512 2065 4585">
     <span class='ocr_line' id='line_1_80' title="bbox 495 4512 2065 4585; baseline 0 -14"><span class='ocrx_word' id='word_1_539' title='bbox 495 4514 853 4571; x_wconf 79' lang='lat' dir='ltr'><strong>revolvissent</strong></span> <span class='ocrx_word' id='word_1_540' title='bbox 876 4522 1081 4567; x_wconf 89' lang='lat' dir='ltr'><strong>tomum</strong></span> <span class='ocrx_word' id='word_1_541' title='bbox 1106 4522 1419 4567; x_wconf 86' lang='lat' dir='ltr'><strong>sanctorum</strong></span> <span class='ocrx_word' id='word_1_542' title='bbox 1437 4512 1813 4582; x_wconf 83' lang='lat' dir='ltr'><strong>episcoporum</strong></span> <span class='ocrx_word' id='word_1_543' title='bbox 1841 4516 2065 4585; x_wconf 84' lang='lat' dir='ltr'><strong>injectas</strong></span> 
     </span>
    </p>
   </div>
   <div class='ocr_carea' id='block_1_81' title="bbox 491 4606 2067 4676">
    <p class='ocr_par' dir='ltr' id='par_1_81' title="bbox 491 4606 2067 4676">
     <span class='ocr_line' id='line_1_81' title="bbox 491 4606 2067 4676; baseline -0.001 -13"><span class='ocrx_word' id='word_1_544' title='bbox 491 4608 543 4663; x_wconf 91' lang='lat' dir='ltr'><strong>ei</strong></span> <span class='ocrx_word' id='word_1_545' title='bbox 571 4607 998 4676; x_wconf 83' lang='lat' dir='ltr'><strong>subscriptiones</strong></span> <span class='ocrx_word' id='word_1_546' title='bbox 1028 4606 1350 4660; x_wconf 87' lang='lat' dir='ltr'><strong>invenerunt</strong></span> <span class='ocrx_word' id='word_1_547' title='bbox 1382 4623 1395 4659; x_wconf 90' lang='lat'><strong>:</strong></span> <span class='ocrx_word' id='word_1_548' title='bbox 1431 4606 1567 4660; x_wconf 79' lang='lat' dir='ltr'><strong>adeo</strong></span> <span class='ocrx_word' id='word_1_549' title='bbox 1592 4616 1671 4668; x_wconf 89' lang='lat' dir='ltr'><strong>ut,</strong></span> <span class='ocrx_word' id='word_1_550' title='bbox 1690 4608 1823 4660; x_wconf 82' lang='lat' dir='ltr'><strong>citra</strong></span> <span class='ocrx_word' id='word_1_551' title='bbox 1848 4624 2067 4662; x_wconf 81' lang='lat' dir='ltr'><strong>onmem</strong></span> 
     </span>
    </p>
   </div>
   <div class='ocr_carea' id='block_1_82' title="bbox 495 4698 2065 4772">
    <p class='ocr_par' dir='ltr' id='par_1_82' title="bbox 495 4698 2065 4772">
     <span class='ocr_line' id='line_1_82' title="bbox 495 4698 2065 4772; baseline -0.001 -16"><span class='ocrx_word' id='word_1_552' title='bbox 495 4702 730 4772; x_wconf 88' lang='lat' dir='ltr'><strong>quisque</strong></span> <span class='ocrx_word' id='word_1_553' title='bbox 754 4700 1170 4766; x_wconf 86' lang='lat' dir='ltr'><strong>dubitationem,</strong></span> <span class='ocrx_word' id='word_1_554' title='bbox 1190 4701 1283 4769; x_wconf 89' lang='lat' dir='ltr'><strong>qui</strong></span> <span class='ocrx_word' id='word_1_555' title='bbox 1309 4698 1469 4753; x_wconf 91' lang='lat' dir='ltr'><strong>etiam</strong></span> <span class='ocrx_word' id='word_1_556' title='bbox 1514 4710 1669 4753; x_wconf 91' lang='lat' dir='ltr'><strong>erant</strong></span> <span class='ocrx_word' id='word_1_557' title='bbox 1698 4717 1727 4753; x_wconf 90' lang='lat' dir='ltr'><strong>a</strong></span> <span class='ocrx_word' id='word_1_558' title='bbox 1755 4700 2065 4755; x_wconf 76' lang='lat' dir='ltr'><strong>Christiana</strong></span> 
     </span>
    </p>
   </div>
   <div class='ocr_carea' id='block_1_83' title="bbox 493 4791 2065 4862">
    <p class='ocr_par' dir='ltr' id='par_1_83' title="bbox 493 4791 2065 4862">
     <span class='ocr_line' id='line_1_83' title="bbox 493 4791 2065 4862; baseline -0.001 -14"><span class='ocrx_word' id='word_1_559' title='bbox 493 4793 657 4849; x_wconf 83' lang='lat' dir='ltr'><strong>alieni</strong></span> <span class='ocrx_word' id='word_1_560' title='bbox 689 4791 971 4862; x_wconf 88' lang='lat' dir='ltr'><strong>religione,</strong></span> <span class='ocrx_word' id='word_1_561' title='bbox 1003 4792 1315 4845; x_wconf 82' lang='lat' dir='ltr'><strong>confessum</strong></span> <span class='ocrx_word' id='word_1_562' title='bbox 1358 4791 1637 4854; x_wconf 81' lang='lat' dir='ltr'><strong>haberent,</strong></span> <span class='ocrx_word' id='word_1_563' title='bbox 1672 4808 1888 4847; x_wconf 84' lang='lat' dir='ltr'><strong>sacrum</strong></span> <span class='ocrx_word' id='word_1_564' title='bbox 1914 4794 2065 4847; x_wconf 75' lang='lat' dir='ltr'><strong>illiilli</strong></span> 
     </span>
    </p>
   </div>
   <div class='ocr_carea' id='block_1_84' title="bbox 492 4883 2064 4949">
    <p class='ocr_par' dir='ltr' id='par_1_84' title="bbox 492 4883 2064 4949">
     <span class='ocr_line' id='line_1_84' title="bbox 492 4883 2064 4949; baseline 0.001 -6"><span class='ocrx_word' id='word_1_565' title='bbox 492 4898 809 4943; x_wconf 90' lang='lat' dir='ltr'><strong>sanctorum</strong></span> <span class='ocrx_word' id='word_1_566' title='bbox 834 4883 1057 4940; x_wconf 85' lang='lat' dir='ltr'><strong>Patrum</strong></span> <span class='ocrx_word' id='word_1_567' title='bbox 1083 4885 1333 4949; x_wconf 88' lang='lat' dir='ltr'><strong>chorum,</strong></span> <span class='ocrx_word' id='word_1_568' title='bbox 1362 4895 1562 4940; x_wconf 66' lang='lat' dir='ltr'><strong>sancta;</strong></span> <span class='ocrx_word' id='word_1_569' title='bbox 1584 4887 2064 4945; x_wconf 84' lang='lat' dir='ltr'><strong>cunsubstantialis</strong></span> 
     </span>
    </p>
   </div>
   <div class='ocr_carea' id='block_1_85' title="bbox 2175 3245 3765 3321">
    <p class='ocr_par' dir='ltr' id='par_1_85' title="bbox 2175 3245 3765 3321">
     <span class='ocr_line' id='line_1_85' title="bbox 2175 3245 3765 3321; baseline 0.004 -25"><span class='ocrx_word' id='word_1_570' title='bbox 2175 3246 2388 3315; x_wconf 76' lang='grc' dir='ltr'>στῆναι.</span> <span class='ocrx_word' id='word_1_571' title='bbox 2424 3247 2486 3298; x_wconf 86' lang='grc' dir='ltr'><strong>Οἱ</strong></span> <span class='ocrx_word' id='word_1_572' title='bbox 2507 3245 2601 3300; x_wconf 77' lang='grc' dir='ltr'>οὖν</span> <span class='ocrx_word' id='word_1_573' title='bbox 2619 3247 2872 3318; x_wconf 74' lang='grc' dir='ltr'>θεοφόροι</span> <span class='ocrx_word' id='word_1_574' title='bbox 2899 3248 3161 3321; x_wconf 82' lang='grc' dir='ltr'>Πατέρες,</span> <span class='ocrx_word' id='word_1_575' title='bbox 3187 3250 3432 3313; x_wconf 78' lang='grc' dir='ltr'>ἐλθόντες</span> <span class='ocrx_word' id='word_1_576' title='bbox 3452 3249 3544 3301; x_wconf 75' lang='grc' dir='ltr'><strong>ἰπὶ</strong></span> <span class='ocrx_word' id='word_1_577' title='bbox 3560 3250 3619 3302; x_wconf 71' lang='grc' dir='ltr'><strong>τὸ</strong></span> <span class='ocrx_word' id='word_1_578' title='bbox 3642 3268 3765 3303; x_wconf 89' lang='grc' dir='ltr'>κοι-</span> 
     </span>
    </p>
   </div>
   <div class='ocr_carea' id='block_1_86' title="bbox 2173 3338 3764 3412">
    <p class='ocr_par' dir='ltr' id='par_1_86' title="bbox 2173 3338 3764 3412">
     <span class='ocr_line' id='line_1_86' title="bbox 2173 3338 3764 3412; baseline 0.003 -21"><span class='ocrx_word' id='word_1_579' title='bbox 2173 3338 2261 3391; x_wconf 80' lang='grc' dir='ltr'><strong>νὸν</strong></span> <span class='ocrx_word' id='word_1_580' title='bbox 2290 3339 2390 3409; x_wconf 84' lang='grc' dir='ltr'>τῆς</span> <span class='ocrx_word' id='word_1_581' title='bbox 2422 3343 2741 3409; x_wconf 79' lang='grc' dir='ltr'>κοιμήσεως</span> <span class='ocrx_word' id='word_1_582' title='bbox 2770 3341 2953 3395; x_wconf 85' lang='grc' dir='ltr'>αὑτῶν</span> <span class='ocrx_word' id='word_1_583' title='bbox 2988 3342 3211 3412; x_wconf 86' lang='grc' dir='ltr'>χωρίον,</span> <span class='ocrx_word' id='word_1_584' title='bbox 3248 3341 3439 3410; x_wconf 82' lang='grc' dir='ltr'>ὥσπερ</span> <span class='ocrx_word' id='word_1_585' title='bbox 3503 3342 3764 3397; x_wconf 77' lang='grc' dir='ltr'>συνοῦσιν</span> 
     </span>
    </p>
   </div>
   <div class='ocr_carea' id='block_1_87' title="bbox 2172 3430 3764 3503">
    <p class='ocr_par' dir='ltr' id='par_1_87' title="bbox 2172 3430 3764 3503">
     <span class='ocr_line' id='line_1_87' title="bbox 2172 3430 3764 3503; baseline 0.001 -17"><span class='ocrx_word' id='word_1_586' title='bbox 2172 3432 2376 3495; x_wconf 85' lang='grc' dir='ltr'>αὑτοῖς,</span> <span class='ocrx_word' id='word_1_587' title='bbox 2397 3432 2491 3485; x_wconf 77' lang='grc' dir='ltr'>καὶ</span> <span class='ocrx_word' id='word_1_588' title='bbox 2518 3434 2630 3494; x_wconf 83' lang='grc' dir='ltr'>τοῖς</span> <span class='ocrx_word' id='word_1_589' title='bbox 2659 3432 2977 3503; x_wconf 82' lang='grc' dir='ltr'>λεγομένοις</span> <span class='ocrx_word' id='word_1_590' title='bbox 3004 3435 3395 3499; x_wconf 86' lang='grc' dir='ltr'>ὑπακούουσιν,</span> <span class='ocrx_word' id='word_1_591' title='bbox 3434 3430 3550 3503; x_wconf 70' lang='grc' dir='ltr'><strong>ιΓΩ</strong></span> <span class='ocrx_word' id='word_1_592' title='bbox 3583 3436 3764 3488; x_wconf 84' lang='grc' dir='ltr'><strong>Πατέ-</strong></span> 
     </span>
    </p>
   </div>
   <div class='ocr_carea' id='block_1_88' title="bbox 2175 3521 3761 3595">
    <p class='ocr_par' dir='ltr' id='par_1_88' title="bbox 2175 3521 3761 3595">
     <span class='ocr_line' id='line_1_88' title="bbox 2175 3521 3761 3595; baseline 0.001 -20"><span class='ocrx_word' id='word_1_593' title='bbox 2175 3541 2287 3593; x_wconf 88' lang='grc' dir='ltr'>ρες,</span> <span class='ocrx_word' id='word_1_594' title='bbox 2319 3521 2496 3586; x_wconf 83' lang='grc' dir='ltr'>εἷπον,</span> <span class='ocrx_word' id='word_1_595' title='bbox 2537 3523 2633 3575; x_wconf 78' lang='grc' dir='ltr'>καὶ</span> <span class='ocrx_word' id='word_1_596' title='bbox 2661 3524 2904 3593; x_wconf 75' lang='grc' dir='ltr'>ἀδελφοὶ,</span> <span class='ocrx_word' id='word_1_597' title='bbox 2929 3528 3021 3577; x_wconf 74' lang='grc' dir='ltr'>τὸν</span> <span class='ocrx_word' id='word_1_598' title='bbox 3062 3524 3227 3578; x_wconf 72' lang='grc' dir='ltr'>καλὸν</span> <span class='ocrx_word' id='word_1_599' title='bbox 3260 3526 3450 3593; x_wconf 83' lang='grc' dir='ltr'>ἀγῶνα</span> <span class='ocrx_word' id='word_1_600' title='bbox 3497 3526 3595 3578; x_wconf 75' lang='grc' dir='ltr'><strong>σὺν</strong></span> <span class='ocrx_word' id='word_1_601' title='bbox 3621 3527 3761 3595; x_wconf 72' lang='grc' dir='ltr'>ἡμῖν</span> 
     </span>
    </p>
   </div>
   <div class='ocr_carea' id='block_1_89' title="bbox 2172 3614 3755 3686">
    <p class='ocr_par' dir='ltr' id='par_1_89' title="bbox 2172 3614 3755 3686">
     <span class='ocr_line' id='line_1_89' title="bbox 2172 3614 3755 3686; baseline 0 -19"><span class='ocrx_word' id='word_1_602' title='bbox 2172 3614 2515 3685; x_wconf 75' lang='grc' dir='ltr'>ὴγωνίσασθε</span> <span class='ocrx_word' id='word_1_603' title='bbox 2545 3630 2559 3645; x_wconf 82' lang='lat'><strong><em>°</em></strong></span> <span class='ocrx_word' id='word_1_604' title='bbox 2617 3615 2711 3668; x_wconf 73' lang='grc' dir='ltr'>τὸν</span> <span class='ocrx_word' id='word_1_605' title='bbox 2755 3616 2955 3685; x_wconf 84' lang='grc' dir='ltr'>δρόμον</span> <span class='ocrx_word' id='word_1_606' title='bbox 2986 3616 3347 3670; x_wconf 87' lang='grc' dir='ltr'>τετελεύκατε</span> <span class='ocrx_word' id='word_1_607' title='bbox 3373 3631 3389 3647; x_wconf 74' lang='grc' dir='ltr'><strong>ο</strong></span> <span class='ocrx_word' id='word_1_608' title='bbox 3432 3616 3530 3686; x_wconf 81' lang='grc' dir='ltr'><strong>τὴν</strong></span> <span class='ocrx_word' id='word_1_609' title='bbox 3564 3615 3755 3667; x_wconf 86' lang='grc' dir='ltr'>πίστιν</span> 
     </span>
    </p>
   </div>
   <div class='ocr_carea' id='block_1_90' title="bbox 2171 3704 3751 3778">
    <p class='ocr_par' dir='ltr' id='par_1_90' title="bbox 2171 3704 3751 3778">
     <span class='ocr_line' id='line_1_90' title="bbox 2171 3704 3751 3778; baseline -0.002 -19"><span class='ocrx_word' id='word_1_610' title='bbox 2171 3706 2541 3777; x_wconf 84' lang='grc' dir='ltr'>τετηρήκατε.</span> <span class='ocrx_word' id='word_1_611' title='bbox 2595 3706 2658 3758; x_wconf 75' lang='lat' dir='ltr'><strong>Ei</strong></span> <span class='ocrx_word' id='word_1_612' title='bbox 2724 3707 2905 3759; x_wconf 86' lang='grc' dir='ltr'>τοίνυν</span> <span class='ocrx_word' id='word_1_613' title='bbox 2959 3707 3257 3778; x_wconf 80' lang='grc' dir='ltr'>κεκρίκατε</span> <span class='ocrx_word' id='word_1_614' title='bbox 3312 3705 3467 3775; x_wconf 79' lang='grc' dir='ltr'>φίλον</span> <span class='ocrx_word' id='word_1_615' title='bbox 3524 3704 3636 3777; x_wconf 84' lang='grc' dir='ltr'><strong>Θεῷ</strong></span> <span class='ocrx_word' id='word_1_616' title='bbox 3684 3706 3751 3757; x_wconf 80' lang='grc' dir='ltr'>τὸ</span> 
     </span>
    </p>
   </div>
   <div class='ocr_carea' id='block_1_91' title="bbox 2170 3797 3746 3869">
    <p class='ocr_par' dir='ltr' id='par_1_91' title="bbox 2170 3797 3746 3869">
     <span class='ocr_line' id='line_1_91' title="bbox 2170 3797 3746 3869; baseline 0.003 -20"><span class='ocrx_word' id='word_1_617' title='bbox 2170 3798 2498 3869; x_wconf 75' lang='grc' dir='ltr'>γενόμενονο</span> <span class='ocrx_word' id='word_1_618' title='bbox 2540 3797 2635 3852; x_wconf 76' lang='grc' dir='ltr'><strong>νῦν</strong></span> <span class='ocrx_word' id='word_1_619' title='bbox 2683 3797 2794 3869; x_wconf 75' lang='grc' dir='ltr'>γὰρ</span> <span class='ocrx_word' id='word_1_620' title='bbox 2825 3797 3213 3869; x_wconf 84' lang='grc' dir='ltr'>καθαρώτερον</span> <span class='ocrx_word' id='word_1_621' title='bbox 3260 3799 3622 3852; x_wconf 72' lang='grc' dir='ltr'>ὲποπτεύετεο</span> <span class='ocrx_word' id='word_1_622' title='bbox 3668 3798 3746 3867; x_wconf 81' lang='grc' dir='ltr'>μή</span> 
     </span>
    </p>
   </div>
   <div class='ocr_carea' id='block_1_92' title="bbox 2169 3890 3752 3963">
    <p class='ocr_par' dir='ltr' id='par_1_92' title="bbox 2169 3890 3752 3963">
     <span class='ocr_line' id='line_1_92' title="bbox 2169 3890 3752 3963; baseline 0.001 -19"><span class='ocrx_word' id='word_1_623' title='bbox 2169 3908 2222 3944; x_wconf 87' lang='grc' dir='ltr'><strong>τι</strong></span> <span class='ocrx_word' id='word_1_624' title='bbox 2254 3890 2486 3961; x_wconf 84' lang='grc' dir='ltr'>κώλυμα</span> <span class='ocrx_word' id='word_1_625' title='bbox 2515 3891 2732 3960; x_wconf 83' lang='grc' dir='ltr'>γέγονε,</span> <span class='ocrx_word' id='word_1_626' title='bbox 2765 3892 2860 3944; x_wconf 83' lang='grc' dir='ltr'>τοῦ</span> <span class='ocrx_word' id='word_1_627' title='bbox 2914 3894 2989 3962; x_wconf 78' lang='grc' dir='ltr'><strong>μὴ</strong></span> <span class='ocrx_word' id='word_1_628' title='bbox 3025 3895 3121 3944; x_wconf 79' lang='grc' dir='ltr'>καὶ</span> <span class='ocrx_word' id='word_1_629' title='bbox 3162 3892 3307 3962; x_wconf 79' lang='grc' dir='ltr'>ὑμᾶς</span> <span class='ocrx_word' id='word_1_630' title='bbox 3337 3892 3415 3963; x_wconf 81' lang='grc' dir='ltr'><strong>τῷ</strong></span> <span class='ocrx_word' id='word_1_631' title='bbox 3447 3892 3595 3963; x_wconf 85' lang='grc' dir='ltr'>νόμῳ</span> <span class='ocrx_word' id='word_1_632' title='bbox 3627 3909 3752 3945; x_wconf 86' lang='grc' dir='ltr'>συν-</span> 
     </span>
    </p>
   </div>
   <div class='ocr_carea' id='block_1_93' title="bbox 2168 3982 3754 4055">
    <p class='ocr_par' dir='ltr' id='par_1_93' title="bbox 2168 3982 3754 4055">
     <span class='ocr_line' id='line_1_93' title="bbox 2168 3982 3754 4055; baseline 0 -18"><span class='ocrx_word' id='word_1_633' title='bbox 2168 3983 2693 4055; x_wconf 59' lang='grc' dir='ltr'>υποσημείνᾳσθαη</span> <span class='ocrx_word' id='word_1_634' title='bbox 2726 4002 2743 4035; x_wconf 77' lang='grc' dir='ltr'><strong>ι</strong></span> <span class='ocrx_word' id='word_1_635' title='bbox 2779 3985 2821 4035; x_wconf 83' lang='grc' dir='ltr'><strong>Τ</strong></span> <span class='ocrx_word' id='word_1_636' title='bbox 2826 3982 2969 4037; x_wconf 85' lang='grc' dir='ltr'>αὑτα</span> <span class='ocrx_word' id='word_1_637' title='bbox 2997 3983 3133 4054; x_wconf 82' lang='grc' dir='ltr'>ὁμοῦ</span> <span class='ocrx_word' id='word_1_638' title='bbox 3177 4001 3237 4037; x_wconf 77' lang='grc' dir='ltr'><strong>τε</strong></span> <span class='ocrx_word' id='word_1_639' title='bbox 3264 3984 3498 4054; x_wconf 77' lang='grc' dir='ltr'>ἔφασαν,</span> <span class='ocrx_word' id='word_1_640' title='bbox 3531 3985 3626 4037; x_wconf 75' lang='grc' dir='ltr'><strong>καὶ</strong></span> <span class='ocrx_word' id='word_1_641' title='bbox 3655 3984 3754 4037; x_wconf 78' lang='grc' dir='ltr'><strong>τὸν</strong></span> 
     </span>
    </p>
   </div>
   <div class='ocr_carea' id='block_1_94' title="bbox 2168 4074 3760 4146">
    <p class='ocr_par' dir='ltr' id='par_1_94' title="bbox 2168 4074 3760 4146">
     <span class='ocr_line' id='line_1_94' title="bbox 2168 4074 3760 4146; baseline -0.001 -19"><span class='ocrx_word' id='word_1_642' title='bbox 2168 4076 2335 4145; x_wconf 86' lang='grc' dir='ltr'>τόμον</span> <span class='ocrx_word' id='word_1_643' title='bbox 2392 4074 2835 4145; x_wconf 76' lang='grc' dir='ltr'>ὲσφραγισμένον</span> <span class='ocrx_word' id='word_1_644' title='bbox 2878 4078 2944 4146; x_wconf 79' lang='grc' dir='ltr'><strong>τῇ</strong></span> <span class='ocrx_word' id='word_1_645' title='bbox 2996 4075 3142 4146; x_wconf 81' lang='grc' dir='ltr'>σορῷ</span> <span class='ocrx_word' id='word_1_646' title='bbox 3166 4075 3275 4128; x_wconf 80' lang='grc' dir='ltr'>τῶν</span> <span class='ocrx_word' id='word_1_647' title='bbox 3308 4076 3472 4129; x_wconf 80' lang='grc' dir='ltr'>ὁσίων</span> <span class='ocrx_word' id='word_1_648' title='bbox 3503 4075 3725 4145; x_wconf 82' lang='grc' dir='ltr'>παραθὲ</span> <span class='ocrx_word' id='word_1_649' title='bbox 3746 4105 3760 4115; x_wconf 90' lang='lat'><strong><em>-</em></strong></span> 
     </span>
    </p>
   </div>
   <div class='ocr_carea' id='block_1_95' title="bbox 2172 4167 3760 4239">
    <p class='ocr_par' dir='ltr' id='par_1_95' title="bbox 2172 4167 3760 4239">
     <span class='ocr_line' id='line_1_95' title="bbox 2172 4167 3760 4239; baseline 0.001 -21"><span class='ocrx_word' id='word_1_650' title='bbox 2172 4182 2348 4234; x_wconf 88' lang='grc' dir='ltr'>μενοι,</span> <span class='ocrx_word' id='word_1_651' title='bbox 2389 4168 2571 4219; x_wconf 78' lang='grc' dir='ltr'>πᾶσαν</span> <span class='ocrx_word' id='word_1_652' title='bbox 2596 4167 2818 4237; x_wconf 77' lang='grc' dir='ltr'>ἐκείνην</span> <span class='ocrx_word' id='word_1_653' title='bbox 2848 4168 2905 4221; x_wconf 78' lang='grc' dir='ltr'>ὲν</span> <span class='ocrx_word' id='word_1_654' title='bbox 2936 4168 3204 4239; x_wconf 85' lang='grc' dir='ltr'>ἀγρύπνῳ</span> <span class='ocrx_word' id='word_1_655' title='bbox 3257 4170 3535 4239; x_wconf 81' lang='grc' dir='ltr'>προσευχῇ</span> <span class='ocrx_word' id='word_1_656' title='bbox 3566 4168 3760 4221; x_wconf 87' lang='grc' dir='ltr'>διατε-</span> 
     </span>
    </p>
   </div>
   <div class='ocr_carea' id='block_1_96' title="bbox 2168 4260 3761 4334">
    <p class='ocr_par' dir='ltr' id='par_1_96' title="bbox 2168 4260 3761 4334">
     <span class='ocr_line' id='line_1_96' title="bbox 2168 4260 3761 4334; baseline 0.002 -21"><span class='ocrx_word' id='word_1_657' title='bbox 2168 4260 2322 4314; x_wconf 80' lang='grc' dir='ltr'>λοῦσι</span> <span class='ocrx_word' id='word_1_658' title='bbox 2372 4262 2472 4332; x_wconf 78' lang='grc' dir='ltr'>τὴν</span> <span class='ocrx_word' id='word_1_659' title='bbox 2532 4263 2704 4316; x_wconf 88' lang='grc' dir='ltr'>νύκτα</span> <span class='ocrx_word' id='word_1_660' title='bbox 2734 4279 2749 4296; x_wconf 76' lang='grc' dir='ltr'><strong>ο</strong></span> <span class='ocrx_word' id='word_1_661' title='bbox 2793 4264 2886 4317; x_wconf 83' lang='grc' dir='ltr'>καὶ</span> <span class='ocrx_word' id='word_1_662' title='bbox 2940 4266 3004 4333; x_wconf 71' lang='grc' dir='ltr'>τῇ</span> <span class='ocrx_word' id='word_1_663' title='bbox 3060 4263 3186 4333; x_wconf 77' lang='grc' dir='ltr'>ἑξῆς</span> <span class='ocrx_word' id='word_1_664' title='bbox 3236 4263 3400 4334; x_wconf 82' lang='grc' dir='ltr'>μέχρι</span> <span class='ocrx_word' id='word_1_665' title='bbox 3444 4262 3542 4334; x_wconf 83' lang='grc' dir='ltr'>τῆς</span> <span class='ocrx_word' id='word_1_666' title='bbox 3588 4265 3761 4333; x_wconf 79' lang='grc' dir='ltr'>σοροῦ</span> 
     </span>
    </p>
   </div>
   <div class='ocr_carea' id='block_1_97' title="bbox 2170 4353 3762 4424">
    <p class='ocr_par' dir='ltr' id='par_1_97' title="bbox 2170 4353 3762 4424">
     <span class='ocr_line' id='line_1_97' title="bbox 2170 4353 3762 4424; baseline -0.001 -19"><span class='ocrx_word' id='word_1_667' title='bbox 2170 4354 2474 4422; x_wconf 86' lang='grc' dir='ltr'>γενόμενοι,</span> <span class='ocrx_word' id='word_1_668' title='bbox 2517 4354 2614 4406; x_wconf 85' lang='grc' dir='ltr'>καὶ</span> <span class='ocrx_word' id='word_1_669' title='bbox 2668 4353 2780 4408; x_wconf 82' lang='grc' dir='ltr'>τῶν</span> <span class='ocrx_word' id='word_1_670' title='bbox 2825 4355 3140 4424; x_wconf 84' lang='grc' dir='ltr'>σφραγίδων</span> <span class='ocrx_word' id='word_1_671' title='bbox 3181 4355 3548 4424; x_wconf 81' lang='grc' dir='ltr'>ἐπικειμένων</span> <span class='ocrx_word' id='word_1_672' title='bbox 3593 4355 3762 4406; x_wconf 85' lang='grc' dir='ltr'><strong>σὼων</strong></span> 
     </span>
    </p>
   </div>
   <div class='ocr_carea' id='block_1_98' title="bbox 2168 4438 3759 4514">
    <p class='ocr_par' dir='ltr' id='par_1_98' title="bbox 2168 4438 3759 4514">
     <span class='ocr_line' id='line_1_98' title="bbox 2168 4438 3759 4514; baseline 0.001 -17"><span class='ocrx_word' id='word_1_673' title='bbox 2168 4441 2480 4507; x_wconf 75' lang='grc' dir='ltr'>ἀνελίξαντο</span> <span class='ocrx_word' id='word_1_674' title='bbox 2542 4443 2634 4497; x_wconf 79' lang='grc' dir='ltr'>τὸν</span> <span class='ocrx_word' id='word_1_675' title='bbox 2672 4443 2829 4512; x_wconf 79' lang='grc' dir='ltr'>ἅγιον</span> <span class='ocrx_word' id='word_1_676' title='bbox 2874 4445 3065 4514; x_wconf 85' lang='grc' dir='ltr'>τόμον,</span> <span class='ocrx_word' id='word_1_677' title='bbox 3119 4446 3213 4497; x_wconf 66' lang='grc' dir='ltr'><strong>καὶ</strong></span> <span class='ocrx_word' id='word_1_678' title='bbox 3243 4438 3404 4514; x_wconf 74' lang='grc' dir='ltr'>εὗρον</span> <span class='ocrx_word' id='word_1_679' title='bbox 3442 4443 3552 4496; x_wconf 84' lang='grc' dir='ltr'>τῶν</span> <span class='ocrx_word' id='word_1_680' title='bbox 3581 4443 3759 4498; x_wconf 79' lang='grc' dir='ltr'>ὁσίων</span> 
     </span>
    </p>
   </div>
   <div class='ocr_carea' id='block_1_99' title="bbox 2172 4516 3760 4606">
    <p class='ocr_par' dir='ltr' id='par_1_99' title="bbox 2172 4516 3760 4606">
     <span class='ocr_line' id='line_1_99' title="bbox 2172 4516 3760 4606; baseline 0.002 -22"><span class='ocrx_word' id='word_1_681' title='bbox 2172 4533 2495 4598; x_wconf 64' lang='grc' dir='ltr'>ἐπισκόπων</span> <span class='ocrx_word' id='word_1_682' title='bbox 2559 4516 2894 4602; x_wconf 71' lang='grc' dir='ltr'><strong>⁸ἐνταγείσας</strong></span> <span class='ocrx_word' id='word_1_683' title='bbox 2936 4535 3087 4606; x_wconf 86' lang='grc' dir='ltr'><strong>αὑτῴ</strong></span> <span class='ocrx_word' id='word_1_684' title='bbox 3136 4536 3235 4597; x_wconf 74' lang='grc' dir='ltr'><strong>τὰς</strong></span> <span class='ocrx_word' id='word_1_685' title='bbox 3270 4536 3632 4606; x_wconf 86' lang='grc' dir='ltr'>ὑπογραφάς·</span> <span class='ocrx_word' id='word_1_686' title='bbox 3674 4535 3760 4599; x_wconf 82' lang='grc' dir='ltr'>ὡς</span> 
     </span>
    </p>
   </div>
   <div class='ocr_carea' id='block_1_100' title="bbox 2168 4625 3759 4699">
    <p class='ocr_par' dir='ltr' id='par_1_100' title="bbox 2168 4625 3759 4699">
     <span class='ocr_line' id='line_1_100' title="bbox 2168 4625 3759 4699; baseline 0.002 -22"><span class='ocrx_word' id='word_1_687' title='bbox 2168 4625 2478 4689; x_wconf 77' lang='grc' dir='ltr'>ἀδικάστως</span> <span class='ocrx_word' id='word_1_688' title='bbox 2523 4625 2905 4696; x_wconf 85' lang='grc' dir='ltr'>ὁμολογεῖσθαι</span> <span class='ocrx_word' id='word_1_689' title='bbox 2967 4628 3099 4697; x_wconf 89' lang='grc' dir='ltr'>παρ’</span> <span class='ocrx_word' id='word_1_690' title='bbox 3149 4628 3364 4699; x_wconf 77' lang='grc' dir='ltr'>ἑκάστῳ</span> <span class='ocrx_word' id='word_1_691' title='bbox 3395 4668 3411 4693; x_wconf 95' lang='grc'><strong>,</strong></span> <span class='ocrx_word' id='word_1_692' title='bbox 3489 4628 3586 4680; x_wconf 74' lang='grc' dir='ltr'>καὶ</span> <span class='ocrx_word' id='word_1_693' title='bbox 3639 4627 3759 4680; x_wconf 81' lang='grc' dir='ltr'>τῶν</span> 
     </span>
    </p>
   </div>
   <div class='ocr_carea' id='block_1_101' title="bbox 2171 4713 3756 4789">
    <p class='ocr_par' dir='ltr' id='par_1_101' title="bbox 2171 4713 3756 4789">
     <span class='ocr_line' id='line_1_101' title="bbox 2171 4713 3756 4789; baseline 0.003 -23"><span class='ocrx_word' id='word_1_694' title='bbox 2171 4713 2409 4779; x_wconf 79' lang='grc' dir='ltr'>ἔξωθεν,</span> <span class='ocrx_word' id='word_1_695' title='bbox 2459 4718 2737 4789; x_wconf 79' lang='grc' dir='ltr'>παρουσίᾳ</span> <span class='ocrx_word' id='word_1_696' title='bbox 2799 4721 2895 4770; x_wconf 84' lang='grc' dir='ltr'><strong>καὶ</strong></span> <span class='ocrx_word' id='word_1_697' title='bbox 2948 4718 3211 4789; x_wconf 60' lang='grc' dir='ltr'>συνεργίᾳ</span> <span class='ocrx_word' id='word_1_698' title='bbox 3266 4720 3365 4788; x_wconf 75' lang='grc' dir='ltr'>τῆς</span> <span class='ocrx_word' id='word_1_699' title='bbox 3457 4718 3756 4789; x_wconf 66' lang='grc' dir='ltr'>ὁμοουσίου</span> 
     </span>
    </p>
   </div>
   <div class='ocr_carea' id='block_1_102' title="bbox 2169 4804 3756 4880">
    <p class='ocr_par' dir='ltr' id='par_1_102' title="bbox 2169 4804 3756 4880">
     <span class='ocr_line' id='line_1_102' title="bbox 2169 4804 3756 4880; baseline 0.004 -24"><span class='ocrx_word' id='word_1_700' title='bbox 2169 4804 2422 4876; x_wconf 83' lang='grc' dir='ltr'>Τριάδος,</span> <span class='ocrx_word' id='word_1_701' title='bbox 2459 4807 2552 4859; x_wconf 83' lang='grc' dir='ltr'><strong>τὸν</strong></span> <span class='ocrx_word' id='word_1_702' title='bbox 2584 4808 2739 4875; x_wconf 74' lang='grc' dir='ltr'>ἅγιον</span> <span class='ocrx_word' id='word_1_703' title='bbox 2768 4811 2978 4865; x_wconf 79' lang='grc' dir='ltr'>ἐκεῖνον</span> <span class='ocrx_word' id='word_1_704' title='bbox 3006 4812 3113 4864; x_wconf 82' lang='grc' dir='ltr'>τῶν</span> <span class='ocrx_word' id='word_1_705' title='bbox 3143 4812 3305 4863; x_wconf 81' lang='grc' dir='ltr'>ὁσίων</span> <span class='ocrx_word' id='word_1_706' title='bbox 3333 4811 3589 4880; x_wconf 34' lang='lat' dir='ltr'><strong>“aream;</strong></span> <span class='ocrx_word' id='word_1_707' title='bbox 3619 4825 3756 4862; x_wconf 74' lang='grc' dir='ltr'>συν-</span> 
     </span>
    </p>
   </div>
   <div class='ocr_carea' id='block_1_103' title="bbox 2170 4896 2971 4969">
    <p class='ocr_par' dir='ltr' id='par_1_103' title="bbox 2170 4896 2971 4969">
     <span class='ocr_line' id='line_1_103' title="bbox 2170 4896 2971 4969; baseline 0.015 -23"><span class='ocrx_word' id='word_1_708' title='bbox 2170 4896 2391 4950; x_wconf 81' lang='grc' dir='ltr'>εστάναι</span> <span class='ocrx_word' id='word_1_709' title='bbox 2414 4901 2593 4969; x_wconf 79' lang='grc' dir='ltr'>χορόν.</span> <span class='ocrx_word' id='word_1_710' title='bbox 2962 4896 2971 4905; x_wconf 63' lang='grc'><strong><em>’</em></strong></span> 
     </span>
    </p>
   </div>
   <div class='ocr_carea' id='block_1_104' title="bbox 494 4979 2277 5056">
    <p class='ocr_par' dir='ltr' id='par_1_104' title="bbox 494 4979 2277 5056">
     <span class='ocr_line' id='line_1_104' title="bbox 494 4979 2277 5056; baseline 0.004 -23"><span class='ocrx_word' id='word_1_711' title='bbox 494 4979 774 5036; x_wconf 86' lang='lat' dir='ltr'><strong>Trinitatis</strong></span> <span class='ocrx_word' id='word_1_712' title='bbox 806 4981 1093 5052; x_wconf 66' lang='lat' dir='ltr'><strong>praesentia</strong></span> <span class='ocrx_word' id='word_1_713' title='bbox 1124 4996 1186 5035; x_wconf 85' lang='lat' dir='ltr'><strong>ac</strong></span> <span class='ocrx_word' id='word_1_714' title='bbox 1206 4980 1409 5035; x_wconf 78' lang='lat' dir='ltr'><strong>auxilio</strong></span> <span class='ocrx_word' id='word_1_715' title='bbox 1431 4994 1706 5049; x_wconf 83' lang='lat' dir='ltr'><strong>constare,</strong></span> <span class='ocrx_word' id='word_1_716' title='bbox 1737 4998 1799 5036; x_wconf 92' lang='lat' dir='ltr'><strong>ac</strong></span> <span class='ocrx_word' id='word_1_717' title='bbox 1822 4983 2054 5056; x_wconf 87' lang='lat' dir='ltr'><strong>benigne</strong></span> <span class='ocrx_word' id='word_1_718' title='bbox 2083 4982 2277 5041; x_wconf 79' lang='lat' dir='ltr'><strong>foveri.</strong></span> 
     </span>
    </p>
   </div>
   <div class='ocr_carea' id='block_1_105' title="bbox 563 5072 1011 5140">
    <p class='ocr_par' dir='ltr' id='par_1_105' title="bbox 563 5072 1011 5140">
     <span class='ocr_line' id='line_1_105' title="bbox 563 5072 1011 5140; baseline 0.002 -12"><span class='ocrx_word' id='word_1_719' title='bbox 563 5076 582 5106; x_wconf 83' lang='grc'>⁸</span> <span class='ocrx_word' id='word_1_720' title='bbox 612 5073 654 5128; x_wconf 88' lang='grc' dir='ltr'><strong>ιι</strong></span> <span class='ocrx_word' id='word_1_721' title='bbox 683 5072 825 5130; x_wconf 85' lang='lat' dir='ltr'><strong>Tun.</strong></span> <span class='ocrx_word' id='word_1_722' title='bbox 859 5091 929 5140; x_wconf 88' lang='lat' dir='ltr'><strong>Iv,</strong></span> <span class='ocrx_word' id='word_1_723' title='bbox 959 5076 1011 5130; x_wconf 89' lang='lat'><strong>7.</strong></span> 
     </span>
    </p>
   </div>
   <div class='ocr_carea' id='block_1_106' title="bbox 1764 5138 2480 5217">
    <p class='ocr_par' dir='ltr' id='par_1_106' title="bbox 1764 5138 2480 5217">
     <span class='ocr_line' id='line_1_106' title="bbox 1764 5138 2480 5217; baseline 0.01 -7"><span class='ocrx_word' id='word_1_724' title='bbox 1764 5151 1865 5211; x_wconf 84' lang='lat' dir='ltr'><strong>Fr.</strong></span> <span class='ocrx_word' id='word_1_725' title='bbox 1901 5138 2261 5215; x_wconf 81' lang='lat' dir='ltr'><strong>Combcﬁsii</strong></span> <span class='ocrx_word' id='word_1_726' title='bbox 2292 5166 2480 5217; x_wconf 65' lang='lat' dir='ltr'><strong>noue.</strong></span> 
     </span>
    </p>
   </div>
   <div class='ocr_carea' id='block_1_107' title="bbox 493 5252 2061 5328">
    <p class='ocr_par' dir='ltr' id='par_1_107' title="bbox 493 5252 2061 5328">
     <span class='ocr_line' id='line_1_107' title="bbox 493 5252 2061 5328; baseline 0 -17"><span class='ocrx_word' id='word_1_727' title='bbox 493 5253 705 5312; x_wconf 88' lang='lat' dir='ltr'><strong>nissimi</strong></span> <span class='ocrx_word' id='word_1_728' title='bbox 763 5252 906 5328; x_wconf 80' lang='lat' dir='ltr'><strong>regis</strong></span> <span class='ocrx_word' id='word_1_729' title='bbox 952 5254 1621 5328; x_wconf 70' lang='lat' dir='ltr'><strong>Bibliotheca,_longeq_ne</strong></span> <span class='ocrx_word' id='word_1_730' title='bbox 1672 5258 1853 5328; x_wconf 85' lang='lat' dir='ltr'><strong>plures</strong></span> <span class='ocrx_word' id='word_1_731' title='bbox 1903 5255 2061 5311; x_wconf 87' lang='lat' dir='ltr'><strong>Chri-</strong></span> 
     </span>
    </p>
   </div>
   <div class='ocr_carea' id='block_1_108' title="bbox 492 5324 2058 5382">
    <p class='ocr_par' dir='ltr' id='par_1_108' title="bbox 492 5324 2058 5382">
     <span class='ocr_line' id='line_1_108' title="bbox 492 5324 2058 5382; baseline -0.001 0"><span class='ocrx_word' id='word_1_732' title='bbox 492 5330 672 5382; x_wconf 69' lang='lat' dir='ltr'><strong>s‘tianu</strong></span> <span class='ocrx_word' id='word_1_733' title='bbox 702 5325 835 5378; x_wconf 88' lang='lat' dir='ltr'><strong>orbe</strong></span> <span class='ocrx_word' id='word_1_734' title='bbox 862 5326 1294 5379; x_wconf 83' lang='lat' dir='ltr'><strong>celebratissima</strong></span> <span class='ocrx_word' id='word_1_735' title='bbox 1320 5324 1507 5380; x_wconf 76' lang='lat' dir='ltr'><strong>Ronne</strong></span> <span class='ocrx_word' id='word_1_736' title='bbox 1536 5324 1816 5382; x_wconf 67' lang='lat' dir='ltr'><strong>Vaticana.</strong></span> <span class='ocrx_word' id='word_1_737' title='bbox 1839 5328 2058 5381; x_wconf 77' lang='lat' dir='ltr'><strong>Servari</strong></span> 
     </span>
    </p>
   </div>
   <div class='ocr_carea' id='block_1_109' title="bbox 493 5395 2058 5466">
    <p class='ocr_par' dir='ltr' id='par_1_109' title="bbox 493 5395 2058 5466">
     <span class='ocr_line' id='line_1_109' title="bbox 493 5395 2058 5466; baseline 0 -16"><span class='ocrx_word' id='word_1_738' title='bbox 493 5398 675 5452; x_wconf 85' lang='lat' dir='ltr'><strong>adhuc</strong></span> <span class='ocrx_word' id='word_1_739' title='bbox 702 5409 897 5466; x_wconf 85' lang='lat' dir='ltr'><strong>magna</strong></span> <span class='ocrx_word' id='word_1_740' title='bbox 932 5396 1194 5466; x_wconf 75' lang='lat' dir='ltr'><strong>religione</strong></span> <span class='ocrx_word' id='word_1_741' title='bbox 1216 5412 1312 5450; x_wconf 80' lang='lat' dir='ltr'><strong>eos</strong></span> <span class='ocrx_word' id='word_1_742' title='bbox 1364 5399 1548 5465; x_wconf 90' lang='lat' dir='ltr'><strong>palatii</strong></span> <span class='ocrx_word' id='word_1_743' title='bbox 1583 5398 1750 5450; x_wconf 88' lang='lat' dir='ltr'><strong>libros</strong></span> <span class='ocrx_word' id='word_1_744' title='bbox 1786 5413 1815 5449; x_wconf 89' lang='lat' dir='ltr'><strong>a</strong></span> <span class='ocrx_word' id='word_1_745' title='bbox 1851 5395 2058 5450; x_wconf 87' lang='lat' dir='ltr'><strong>Turca-</strong></span> 
     </span>
    </p>
   </div>
   <div class='ocr_carea' id='block_1_110' title="bbox 494 5464 2058 5535">
    <p class='ocr_par' dir='ltr' id='par_1_110' title="bbox 494 5464 2058 5535">
     <span class='ocr_line' id='line_1_110' title="bbox 494 5464 2058 5535; baseline -0.002 -14"><span class='ocrx_word' id='word_1_746' title='bbox 494 5480 613 5521; x_wconf 86' lang='lat' dir='ltr'><strong>tum</strong></span> <span class='ocrx_word' id='word_1_747' title='bbox 643 5464 886 5533; x_wconf 67' lang='lat' dir='ltr'><strong>regibus,</strong></span> <span class='ocrx_word' id='word_1_748' title='bbox 926 5481 988 5519; x_wconf 84' lang='lat' dir='ltr'><strong>ac</strong></span> <span class='ocrx_word' id='word_1_749' title='bbox 1033 5464 1220 5534; x_wconf 61' lang='lat' dir='ltr'><strong>riuales</strong></span> <span class='ocrx_word' id='word_1_750' title='bbox 1246 5464 1573 5521; x_wconf 77' lang='lat' dir='ltr'><strong>invenerunt</strong></span> <span class='ocrx_word' id='word_1_751' title='bbox 1600 5482 1754 5535; x_wconf 81' lang='lat' dir='ltr'><strong>capia</strong></span> <span class='ocrx_word' id='word_1_752' title='bbox 1789 5467 2058 5521; x_wconf 76' lang='lat' dir='ltr'><strong>Constan-</strong></span> 
     </span>
    </p>
   </div>
   <div class='ocr_carea' id='block_1_111' title="bbox 494 5535 2049 5605">
    <p class='ocr_par' dir='ltr' id='par_1_111' title="bbox 494 5535 2049 5605">
     <span class='ocr_line' id='line_1_111' title="bbox 494 5535 2049 5605; baseline -0.001 -17"><span class='ocrx_word' id='word_1_753' title='bbox 494 5539 740 5604; x_wconf 83' lang='lat' dir='ltr'><strong>tinopolt,</strong></span> <span class='ocrx_word' id='word_1_754' title='bbox 777 5535 920 5605; x_wconf 83' lang='lat' dir='ltr'><strong>lideli</strong></span> <span class='ocrx_word' id='word_1_755' title='bbox 948 5536 1208 5591; x_wconf 83' lang='lat' dir='ltr'><strong>relatione</strong></span> <span class='ocrx_word' id='word_1_756' title='bbox 1233 5538 1414 5605; x_wconf 69' lang='lat' dir='ltr'><strong>acet-pi</strong></span> <span class='ocrx_word' id='word_1_757' title='bbox 1444 5553 1473 5590; x_wconf 90' lang='lat' dir='ltr'><strong>a</strong></span> <span class='ocrx_word' id='word_1_758' title='bbox 1507 5538 1831 5591; x_wconf 81' lang='lat' dir='ltr'><strong>charissimo</strong></span> <span class='ocrx_word' id='word_1_759' title='bbox 1865 5538 2049 5598; x_wconf 69' lang='lat' dir='ltr'><strong>fratre,</strong></span> 
     </span>
    </p>
   </div>
   <div class='ocr_carea' id='block_1_112' title="bbox 497 5604 2051 5673">
    <p class='ocr_par' dir='ltr' id='par_1_112' title="bbox 497 5604 2051 5673">
     <span class='ocr_line' id='line_1_112' title="bbox 497 5604 2051 5673; baseline 0 -15"><span class='ocrx_word' id='word_1_760' title='bbox 497 5621 787 5673; x_wconf 80' lang='lat' dir='ltr'><strong>rerumque</strong></span> <span class='ocrx_word' id='word_1_761' title='bbox 827 5604 1153 5663; x_wconf 68' lang='lat' dir='ltr'><strong>Graecarum,</strong></span> <span class='ocrx_word' id='word_1_762' title='bbox 1177 5623 1300 5659; x_wconf 84' lang='lat' dir='ltr'><strong>cum</strong></span> <span class='ocrx_word' id='word_1_763' title='bbox 1348 5604 1750 5660; x_wconf 67' lang='lat' dir='ltr'><strong>SllldlthiSSllnt)</strong></span> <span class='ocrx_word' id='word_1_764' title='bbox 1794 5618 1903 5659; x_wconf 88' lang='lat' dir='ltr'><strong>tum</strong></span> <span class='ocrx_word' id='word_1_765' title='bbox 1954 5610 2051 5659; x_wconf 90' lang='lat' dir='ltr'><strong>do-</strong></span> 
     </span>
    </p>
   </div>
   <div class='ocr_carea' id='block_1_113' title="bbox 496 5674 2048 5753">
    <p class='ocr_par' dir='ltr' id='par_1_113' title="bbox 496 5674 2048 5753">
     <span class='ocr_line' id='line_1_113' title="bbox 496 5674 2048 5753; baseline 0.005 -31"><span class='ocrx_word' id='word_1_766' title='bbox 496 5674 737 5753; x_wconf 48' lang='lat' dir='ltr'><strong>ctissime</strong></span> <span class='ocrx_word' id='word_1_767' title='bbox 859 5675 926 5753; x_wconf 80' lang='lat' dir='ltr'><strong>_P.</strong></span> <span class='ocrx_word' id='word_1_768' title='bbox 964 5676 1127 5753; x_wconf 85' lang='lat' dir='ltr'><strong>G_oar,</strong></span> <span class='ocrx_word' id='word_1_769' title='bbox 1159 5680 1248 5745; x_wconf 85' lang='lat' dir='ltr'><strong>qui</strong></span> <span class='ocrx_word' id='word_1_770' title='bbox 1280 5678 1603 5753; x_wconf 75' lang='lat' dir='ltr'><strong>aiuheritcx</strong></span> <span class='ocrx_word' id='word_1_771' title='bbox 1632 5694 1727 5731; x_wconf 86' lang='lat' dir='ltr'><strong>ore</strong></span> <span class='ocrx_word' id='word_1_772' title='bbox 1751 5679 2048 5753; x_wconf 75' lang='lat' dir='ltr'><strong>sacerdotis</strong></span> 
     </span>
    </p>
   </div>
   <div class='ocr_carea' id='block_1_114' title="bbox 498 5745 2041 5815">
    <p class='ocr_par' dir='ltr' id='par_1_114' title="bbox 498 5745 2041 5815">
     <span class='ocr_line' id='line_1_114' title="bbox 498 5745 2041 5815; baseline -0.001 -12"><span class='ocrx_word' id='word_1_773' title='bbox 498 5745 692 5803; x_wconf 62' lang='lat'><strong>15-351“.</strong></span> <span class='ocrx_word' id='word_1_774' title='bbox 734 5747 823 5810; x_wconf 73' lang='grc' dir='ltr'>(ιιιὶ</span> <span class='ocrx_word' id='word_1_775' title='bbox 858 5745 971 5814; x_wconf 79' lang='lat' dir='ltr'><strong>ipse</strong></span> <span class='ocrx_word' id='word_1_776' title='bbox 1000 5748 1369 5803; x_wconf 79' lang='lat' dir='ltr'><strong>instaurandis</strong></span> <span class='ocrx_word' id='word_1_777' title='bbox 1406 5750 1750 5815; x_wconf 70' lang='lat' dir='ltr'><strong>praefatorum</strong></span> <span class='ocrx_word' id='word_1_778' title='bbox 1782 5750 2041 5803; x_wconf 69' lang='lat' dir='ltr'><strong>liln&#39;oruin</strong></span> 
     </span>
    </p>
   </div>
   <div class='ocr_carea' id='block_1_115' title="bbox 2152 5616 3487 5687">
    <p class='ocr_par' dir='ltr' id='par_1_115' title="bbox 2152 5616 3487 5687">
     <span class='ocr_line' id='line_1_115' title="bbox 2152 5616 3487 5687; baseline 0.007 -26"><span class='ocrx_word' id='word_1_779' title='bbox 2152 5616 2373 5678; x_wconf 77' lang='lat' dir='ltr'><strong>palatio,</strong></span> <span class='ocrx_word' id='word_1_780' title='bbox 2410 5617 2554 5667; x_wconf 69' lang='lat' dir='ltr'><strong>velut</strong></span> <span class='ocrx_word' id='word_1_781' title='bbox 2606 5618 2733 5668; x_wconf 81' lang='lat' dir='ltr'><strong>citet</strong></span> <span class='ocrx_word' id='word_1_782' title='bbox 2782 5628 2901 5682; x_wconf 77' lang='lat' dir='ltr'><strong>acta</strong></span> <span class='ocrx_word' id='word_1_783' title='bbox 2942 5620 3132 5686; x_wconf 78' lang='lat' dir='ltr'><strong>synodi</strong></span> <span class='ocrx_word' id='word_1_784' title='bbox 3180 5618 3233 5671; x_wconf 90' lang='lat' dir='ltr'><strong>in</strong></span> <span class='ocrx_word' id='word_1_785' title='bbox 3286 5616 3487 5687; x_wconf 55' lang='lat' dir='ltr'><strong>palatio</strong></span> 
     </span>
    </p>
   </div>
   <div class='ocr_carea' id='block_1_116' title="bbox 2152 5689 3355 5753">
    <p class='ocr_par' dir='ltr' id='par_1_116' title="bbox 2152 5689 3355 5753">
     <span class='ocr_line' id='line_1_116' title="bbox 2152 5689 3355 5753; baseline 0.007 -18"><span class='ocrx_word' id='word_1_786' title='bbox 2152 5695 2203 5735; x_wconf 75' lang='lat' dir='ltr'><strong>et</strong></span> <span class='ocrx_word' id='word_1_787' title='bbox 2236 5702 2550 5753; x_wconf 67' lang='lat' dir='ltr'><strong>aurtnguunt</strong></span> <span class='ocrx_word' id='word_1_788' title='bbox 2590 5697 2754 5750; x_wconf 78' lang='lat' dir='ltr'><strong>esset,</strong></span> <span class='ocrx_word' id='word_1_789' title='bbox 2789 5704 2883 5740; x_wconf 87' lang='lat' dir='ltr'><strong>nec</strong></span> <span class='ocrx_word' id='word_1_790' title='bbox 2912 5689 3098 5742; x_wconf 72' lang='lat' dir='ltr'><strong>Graeca</strong></span> <span class='ocrx_word' id='word_1_791' title='bbox 3134 5691 3355 5743; x_wconf 76' lang='lat' dir='ltr'><strong>habent.</strong></span> 
     </span>
    </p>
   </div>
   <div class='ocr_carea' id='block_1_117' title="bbox 2160 5261 3748 5332">
    <p class='ocr_par' dir='ltr' id='par_1_117' title="bbox 2160 5261 3748 5332">
     <span class='ocr_line' id='line_1_117' title="bbox 2160 5261 3748 5332; baseline 0.003 -17"><span class='ocrx_word' id='word_1_792' title='bbox 2160 5261 2401 5326; x_wconf 90' lang='lat' dir='ltr'><strong>scriniis,</strong></span> <span class='ocrx_word' id='word_1_793' title='bbox 2434 5262 2740 5332; x_wconf 86' lang='lat' dir='ltr'><strong>iisdemque</strong></span> <span class='ocrx_word' id='word_1_794' title='bbox 2792 5264 3078 5319; x_wconf 86' lang='lat' dir='ltr'><strong>movendis</strong></span> <span class='ocrx_word' id='word_1_795' title='bbox 3124 5281 3153 5319; x_wconf 91' lang='lat' dir='ltr'><strong>e</strong></span> <span class='ocrx_word' id='word_1_796' title='bbox 3203 5265 3479 5319; x_wconf 88' lang='lat' dir='ltr'><strong>veteribus</strong></span> <span class='ocrx_word' id='word_1_797' title='bbox 3516 5265 3567 5318; x_wconf 90' lang='lat' dir='ltr'><strong>in</strong></span> <span class='ocrx_word' id='word_1_798' title='bbox 3603 5280 3748 5320; x_wconf 80' lang='lat' dir='ltr'><strong>nova</strong></span> 
     </span>
    </p>
   </div>
   <div class='ocr_carea' id='block_1_118' title="bbox 2159 5332 3741 5406">
    <p class='ocr_par' dir='ltr' id='par_1_118' title="bbox 2159 5332 3741 5406">
     <span class='ocr_line' id='line_1_118' title="bbox 2159 5332 3741 5406; baseline 0.004 -23"><span class='ocrx_word' id='word_1_799' title='bbox 2159 5333 2385 5406; x_wconf 67' lang='lat' dir='ltr'><strong>scrinia,</strong></span> <span class='ocrx_word' id='word_1_800' title='bbox 2409 5332 2646 5401; x_wconf 88' lang='lat' dir='ltr'><strong>operarii</strong></span> <span class='ocrx_word' id='word_1_801' title='bbox 2674 5335 2875 5404; x_wconf 90' lang='lat' dir='ltr'><strong>specie,</strong></span> <span class='ocrx_word' id='word_1_802' title='bbox 2908 5334 3046 5389; x_wconf 81' lang='lat' dir='ltr'><strong>fabri</strong></span> <span class='ocrx_word' id='word_1_803' title='bbox 3084 5336 3424 5406; x_wconf 88' lang='lat' dir='ltr'><strong>indulgentia</strong></span> <span class='ocrx_word' id='word_1_804' title='bbox 3447 5337 3741 5390; x_wconf 78' lang='lat' dir='ltr'><strong>adiuisset.</strong></span> 
     </span>
    </p>
   </div>
   <div class='ocr_carea' id='block_1_119' title="bbox 2162 5399 3751 5476">
    <p class='ocr_par' dir='ltr' id='par_1_119' title="bbox 2162 5399 3751 5476">
     <span class='ocr_line' id='line_1_119' title="bbox 2162 5399 3751 5476; baseline 0.003 -23"><span class='ocrx_word' id='word_1_805' title='bbox 2162 5399 2317 5455; x_wconf 81' lang='lat' dir='ltr'><strong>Faxit</strong></span> <span class='ocrx_word' id='word_1_806' title='bbox 2364 5399 2526 5468; x_wconf 78' lang='lat' dir='ltr'><strong>Deus,</strong></span> <span class='ocrx_word' id='word_1_807' title='bbox 2566 5414 2624 5476; x_wconf 89' lang='lat' dir='ltr'><strong>ut</strong></span> <span class='ocrx_word' id='word_1_808' title='bbox 2674 5399 2853 5458; x_wconf 78' lang='lat' dir='ltr'><strong>soluta</strong></span> <span class='ocrx_word' id='word_1_809' title='bbox 2894 5408 3111 5459; x_wconf 85' lang='lat' dir='ltr'><strong>tandem</strong></span> <span class='ocrx_word' id='word_1_810' title='bbox 3169 5399 3463 5476; x_wconf 54' lang='lat' dir='ltr'><strong>tyr‘annide</strong></span> <span class='ocrx_word' id='word_1_811' title='bbox 3496 5408 3548 5459; x_wconf 90' lang='lat' dir='ltr'><strong>in</strong></span> <span class='ocrx_word' id='word_1_812' title='bbox 3582 5406 3751 5460; x_wconf 66' lang='grc' dir='ltr'>ειμι-</span> 
     </span>
    </p>
   </div>
   <div class='ocr_carea' id='block_1_120' title="bbox 2158 5474 3750 5546">
    <p class='ocr_par' dir='ltr' id='par_1_120' title="bbox 2158 5474 3750 5546">
     <span class='ocr_line' id='line_1_120' title="bbox 2158 5474 3750 5546; baseline 0.003 -22"><span class='ocrx_word' id='word_1_813' title='bbox 2158 5477 2460 5546; x_wconf 76' lang='lat' dir='ltr'><strong>stiauoruin</strong></span> <span class='ocrx_word' id='word_1_814' title='bbox 2511 5474 2738 5529; x_wconf 84' lang='lat' dir='ltr'><strong>redeant</strong></span> <span class='ocrx_word' id='word_1_815' title='bbox 2769 5492 2920 5529; x_wconf 83' lang='lat' dir='ltr'><strong>usus.</strong></span> <span class='ocrx_word' id='word_1_816' title='bbox 2969 5474 3301 5545; x_wconf 78' lang='lat' dir='ltr'><strong>Interpretes</strong></span> <span class='ocrx_word' id='word_1_817' title='bbox 3340 5476 3555 5546; x_wconf 82' lang='lat' dir='ltr'><strong>Lipom.</strong></span> <span class='ocrx_word' id='word_1_818' title='bbox 3594 5493 3608 5530; x_wconf 90' lang='lat'><strong>:</strong></span> <span class='ocrx_word' id='word_1_819' title='bbox 3662 5475 3750 5529; x_wconf 81' lang='lat' dir='ltr'><strong>Ea:</strong></span> 
     </span>
    </p>
   </div>
   <div class='ocr_carea' id='block_1_121' title="bbox 2155 5544 3747 5618">
    <p class='ocr_par' dir='ltr' id='par_1_121' title="bbox 2155 5544 3747 5618">
     <span class='ocr_line' id='line_1_121' title="bbox 2155 5544 3747 5618; baseline 0.004 -26"><span class='ocrx_word' id='word_1_820' title='bbox 2155 5544 2482 5618; x_wconf 60' lang='lat' dir='ltr'><strong>expositione</strong></span> <span class='ocrx_word' id='word_1_821' title='bbox 2529 5561 2735 5608; x_wconf 81' lang='lat' dir='ltr'><strong>eorum,</strong></span> <span class='ocrx_word' id='word_1_822' title='bbox 2794 5562 2911 5615; x_wconf 78' lang='lat' dir='ltr'><strong>qua:</strong></span> <span class='ocrx_word' id='word_1_823' title='bbox 2965 5547 3020 5599; x_wconf 79' lang='lat' dir='ltr'><strong>in</strong></span> <span class='ocrx_word' id='word_1_824' title='bbox 3064 5544 3288 5600; x_wconf 70' lang='lat' dir='ltr'><strong>cuiu-ilio</strong></span> <span class='ocrx_word' id='word_1_825' title='bbox 3328 5544 3475 5618; x_wconf 72' lang='lat' dir='ltr'><strong>gesta</strong></span> <span class='ocrx_word' id='word_1_826' title='bbox 3517 5558 3638 5601; x_wconf 75' lang='lat' dir='ltr'><strong>sunt</strong></span> <span class='ocrx_word' id='word_1_827' title='bbox 3687 5547 3747 5599; x_wconf 80' lang='lat' dir='ltr'><strong>in</strong></span> 
     </span>
    </p>
   </div>
   <div class='ocr_carea' id='block_1_122' title="bbox 3540 5619 3744 5685">
    <p class='ocr_par' dir='ltr' id='par_1_122' title="bbox 3540 5619 3744 5685">
     <span class='ocr_line' id='line_1_122' title="bbox 3540 5619 3744 5685; baseline -0.005 -13"><span class='ocrx_word' id='word_1_828' title='bbox 3540 5640 3551 5672; x_wconf 98' lang='lat'><em>:</em></span> <span class='ocrx_word' id='word_1_829' title='bbox 3596 5619 3744 5685; x_wconf 71' lang='lat' dir='ltr'><strong>quod</strong></span> 
     </span>
    </p>
   </div>
  </div>
