4094 6398
347 407 460 471 433

1526 405 1625 465 DE
1666 394 2024 463 CONCILIO
2064 397 2364 460 NICENO
2404 399 2455 458 Ι.

3500 376 3605 443 ιτιι

438 514 582 569 Ἀλλ’
610 515 748 585 ὅπερ
796 514 855 567 ὲν
876 516 991 579 τοῖς
1019 514 1342 588 ἔμπροσθεν·
1376 512 1780 583 παρελείπομεν
1802 552 1816 574 ,
1846 511 1942 577 τῆς

2119 508 2410 564 Enimvero
2439 508 2605 580 (quod
2638 505 2925 562 otnisimns
2973 501 3026 556 in
3064 493 3458 569 superioribus)
3484 506 3610 546 cum

359 609 580 677 Ἀρείου
627 609 724 661 τοῦ
777 607 1049 678 θεομάχου
1086 606 1438 678 βλασφημίας
1486 607 1637 675 napi
1692 607 1759 675 τῇ
1807 602 1940 673 ἁγίᾳ

350 702 560 767 συνόδῳ
606 700 1086 770 θριαμσευομένης
1157 699 1392 752 ἐπέϐαλε
1457 699 1557 767 τῆς
1614 695 1940 764 Ἑλληνικῆς

351 794 681 864 θρησκείας,
724 792 1014 864 φιλόσοφος
1039 812 1057 825 ’ν
1085 792 1542 862 ἀντιποιούμενος
1590 791 1754 860 δῆθεν
1783 792 1939 859 φιλο-

349 888 554 949 νείκως
600 887 697 938 καὶ
741 886 803 938 ού
837 886 1175 956 φιλαλήθως,
1205 887 1305 957 τῆς
1349 885 1562 955 Ἀρείου
1603 883 1894 946 κακονοίας
1922 899 1936 914 ο

343 984 440 1035 ὅτε
486 985 583 1036 καὶ
628 982 1017 1053 Μηνόφαντος,
1070 981 1413 1053 Πατρόφιλός
1458 998 1516 1035 τε
1571 980 1664 1034 καὶ
1694 962 1938 1043 Θεωνᾶς,

351 1074 454 1126 καὶ
488 1074 673 1143 ἕτεροι
722 1072 850 1143 περὶ
894 1066 971 1126 ὧν
1023 1074 1281 1143 ἀνωτέρω
1317 1072 1559 1143 εἴρηται,
1592 1072 1705 1134 τοῖς
1753 1068 1942 1122 συλλο-

345 1167 582 1234 γισμοῖς
622 1164 716 1217 τοῦ
754 1166 1049 1233 φιλοσόφου
1107 1165 1614 1233 ἀναπερωθέντες,
1668 1159 1940 1218 ἀνεκάλυ-

340 1256 459 1324 ψαν
488 1255 555 1308 τὸ
581 1255 813 1317 δυσῶδες
842 1255 1073 1326 τραῦμα
1106 1256 1206 1325 τῆς
1256 1254 1468 1325 Ἀρείου
1503 1254 1809 1325 βδελυρίας.
1846 1252 1940 1304 καὶ

341 1348 426 1418 τῷ
461 1347 744 1421 φιλοσόφῳ
779 1346 1163 1417 προστίθενται
1205 1347 1345 1400 κατὰ
1372 1347 1474 1414 τῆς
1513 1345 1772 1416 ἀληθείας
1804 1345 1940 1412 θρα-

300 1500 317 1511 ,
347 1442 671 1509 συνόμεντι.
747 1438 891 1491 Ἀλλ’
944 1441 973 1492 δ
1018 1438 1129 1491 τῶν
1188 1438 1390 1492 ἁλιέων
1432 1438 1654 1502 ἁλιεὺς,
1701 1439 1795 1490 καὶ
1844 1434 1939 1489 τοῦ

344 1532 581 1586 διώκτου
632 1531 844 1601 Σωτὴρ,
888 1535 1201 1585 καινοποιεί
1230 1548 1281 1584 τι
1319 1529 1603 1583 κάνταῦθα
1653 1529 1762 1583 τῶν
1794 1530 1941 1582 ίδίων

313 1658 321 1665 ρ
348 1624 856 1695 τεραστίωνᾶξιον.
882 1624 990 1679 Τοῦ
1024 1625 1131 1696 γὰρ
1159 1624 1454 1694 φιλοσόφου
1482 1623 1591 1676 τῶν
1621 1624 1942 1693 προτάσεων

351 1716 414 1765 τί»
444 1713 634 1782 δύσερι
668 1716 733 1784 τῇ
790 1713 885 1767 τοῦ
934 1713 1096 1782 λόγου
1143 1716 1323 1784 σιωπῇ
1388 1713 1760 1782 καταλυθῆναι
1812 1713 1943 1767 θαυ-

735 1801 830 1898 καί
854 1819 979 1898 τινα
1014 1802 1124 1898 τῶν
1164 1802 1359 1871 ἁγίων,
1394 1803 1457 1855 οὐ
1488 1805 1555 1873 τῇ
1605 1802 1702 1856 τοῦ
1730 1803 1937 1873 κόσμου
1970 1842 2013 1898 Β

374 1890 712 1961 σοφία,ἀλλὰ
760 1894 828 1963 τῇ
878 1891 1148 1963 ἀγγελικῇ
1197 1891 1449 1963 πολιτείᾳ
1496 1892 1937 1961 κεκοσμημένον,

372 1987 678 2053 χειροτονεῖ,
710 1982 788 2054 τῷ
813 1983 911 2052 τῆς
941 1983 1262 2056 Ἑλληνικῆς
1292 1983 1480 2045 ἀθεΐας
1518 1983 1613 2037 καὶ
1651 1986 1938 2054 αἰρετικῆς

361 2076 717 2147 βλασφημίας
756 2077 1066 2147 συνηγόρῳ,
1099 2075 1412 2129 ἀντίπαλον.
1468 2070 1657 2140 Οὗτος,
1706 2077 1807 2148 τὴν
1839 2079 1939 2128 Δε-

354 2168 631 2229 σπςτικὴν
662 2166 894 2238 ἀπειλὴν
930 2168 1318 2240 μιμησάμενος
1342 2210 1356 2233 ,
1471 2168 1613 2222 κατὰ
1676 2169 1786 2223 τῶν
1819 2169 1939 2222 δαι-

357 2259 541 2328 μόνων
583 2260 812 2329 καὶτῆς
853 2260 1133 2331 θαλάσσης
1188 2263 1217 2313 ὁ
1275 2263 1482 2332 Κύριος
1509 2261 1765 2330 φαίνεται
1803 2279 1941 2333 χρηο

352 2351 622 2420 σάμενος,
644 2352 780 2421 ὁμοῦ
813 2369 873 2405 τε
903 2354 1164 2424 προσᾴδει
1197 2353 1274 2421 τῷ
1296 2353 1573 2423 φιλοσόφῳ
1600 2353 1940 2426 προσειπὼν,
1972 2376 1977 2383 ·

357 2461 381 2494 ι
417 2443 634 2504 Σιώπα,
671 2444 984 2514 πεφίμωσο,
1021 2463 1041 2495 ι
1078 2444 1172 2496 καὶ
1202 2443 1279 2514 τῷ
1316 2444 1461 2515 λόγῳ
1517 2444 1613 2497 τὸν
1645 2444 1945 2511 πολύλογον

352 2532 649 2597 ἀπέδειξεν
668 2533 864 2602 ἄλογον
885 2551 898 2564 ·
927 2534 1002 2597 ὡς
1034 2533 1352 2605 παραυτίκα
1381 2535 1480 2604 τὴν
1503 2535 1752 2603 ἀφωνίαν
1781 2537 1943 2589 αὑτὸν

354 2622 686 2686 ὑπελθόντα,
717 2626 904 2699 τρόμῳ
930 2628 1027 2680 καὶ
1057 2628 1169 2681 δέει
1199 2628 1521 2699 προσελθεῖν
1542 2628 1622 2698 τῷ
1656 2628 1803 2698 χορῷ
1836 2629 1944 2682 τῶν

356 2717 560 2786 ἁγίων,
592 2722 765 2773 αἰτεῖν
794 2738 854 2773 τε
891 2721 987 2774 τοῦ
1010 2720 1211 2793 δεσμοῦ
1257 2721 1357 2793 τὴν
1381 2721 1557 2787 λύσιν,
1600 2724 1695 2775 καὶ
1724 2721 1823 2792 τὴν
1850 2723 1944 2775 τοῦ

356 2812 522 2879 ἁγίου
582 2812 963 2883 βαπτίσματος
997 2814 1227 2884 δωρεάν.
1262 2815 1452 2879 Οὕτως
1479 2815 1507 2867 ὁ
1544 2814 1654 2868 τῶν
1698 2815 1946 2885 σημείων

363 2904 572 2975 Κύριος
633 2907 856 2960 πανοικὶ
908 2906 1001 2960 τὺν
1049 2905 1346 2975 φιλόσοφον
1393 2906 1488 2960 ἐπὶ
1523 2904 1623 2976 τὴν
1666 2905 1946 2975 σωτηρίαν

356 2997 592 3051 ἐκάλεσε
618 3015 630 3030 ’
661 3000 759 3054 καὶ
810 2999 902 3053 τὸν
953 2999 1081 3070 χθὲς
1111 3001 1211 3069 τῆς
1261 2998 1574 3071 ὀρθοδοξίας
1613 2999 1943 3069 κατήγορον,

362 3094 670 3162 συνήγορον
699 3092 802 3162 τῆς
841 3091 1099 3160 ἀληθείας
1151 3092 1411 3158 ἀνέδειξε.
1459 3093 1650 3159 Τούτῳ
1685 3092 1780 3145 καὶ
1819 3093 1949 3153 τοὺς

363 3187 499 3256 περὶ
536 3183 877 3253 Μηνόςαντα
935 3183 1320 3250 ἐκπλαγέντας
1366 3181 1446 3252 τῷ
1486 3181 1754 3250 θαύματι,
1791 3180 1947 3248 λόγος
1975 3182 2020 3249 ρ
2056 3167 2200 3223 ηὓιιθ
2228 3162 2569 3227 (ἴοιιδθηιίεΐεν

362 3277 549 3330 ἑκοντὶ
572 3277 726 3341 δόξαι
758 3278 1035 3329 συναινεῖν
1053 3277 1119 3347 τῇ
1145 3275 1278 3349 ἁγίᾳ
1311 3274 1539 3348 συνόδῳ,
1582 3275 1677 3329 ἐπὶ
1708 3273 1788 3345 τῷ
1819 3273 1950 3328 ἀνα-

360 3370 699 3442 θεματισμῷ
733 3371 827 3425 τοῦ
851 3369 1150 3430 δυσσεϐοῦς
1188 3370 1429 3443 Ἄρειον,
1466 3370 1564 3424 καὶ
1593 3368 1702 3423 τῶν
1740 3369 1951 3423 ἐκείνου

358 3464 662 3535 δογμάτων
686 3480 701 3494 ο
746 3465 886 3534 μετὰ
916 3463 975 3517 δὲ
1027 3461 1223 3529 ταῦτα,
1283 3462 1426 3517 κατὰ
1467 3463 1597 3526 τοὺς
1641 3461 1953 3522 λυττῶντας

359 3557 473 3611 τῶν
514 3555 718 3622 κυνῶν,
753 3556 848 3608 ἐπὶ
873 3556 963 3609 τόν
993 3556 1125 3609 εδιον
1164 3556 1361 3625 ἔμετον
1392 3555 1736 3626 ἀνακάμψαι.

433 3650 554 3718 Τῆς
584 3647 684 3702 οὖν
715 3648 878 3717 ἁγίας
909 3647 1129 3700 συνόδου
1166 3646 1276 3700 τῶν
1322 3645 1663 3717 τριακοσίων
1685 3645 1820 3699 δέκα
1860 3647 1955 3701 καὶ

359 3742 515 3798 ὀκτὼ
565 3742 742 3812 ἁγίων
797 3742 1084 3811 Πατέρων,
1128 3740 1305 3810 πέρας
1351 3740 1438 3808 ἐφ’
1494 3732 1538 3805 ᾧ
1594 3739 1955 3809 συνήθροιστο

277 3839 289 3850 ’
360 3834 699 3905 δεξαμένης,
735 3836 828 3887 καὶ
863 3832 956 3886 τοῦ
993 3832 1204 3905 χρόνου
1249 3831 1384 3903 πρὸς
1423 3830 1522 3900 τὴν
1563 3830 1824 3884 ἐπάνοδον
1857 3830 1957 3883 αὑ·
2002 3898 2005 3903 _

366 3932 492 3992 τοὺς
520 3927 867 3996 ἐπείγοντος,
922 3930 950 3979 ὁ
1003 3925 1236 3995 εὐσεϐὴς
1266 3925 1680 3986 Κωνσταντῖνος
1713 3924 1955 3993 ὁμοτρα-

363 4025 571 4087 πέζους
598 4020 903 4090 ἀμοιϐαδὸν
955 4019 1155 4079 αὐτοὺς
1205 4017 1600 4087 ποιησάμενος,
1643 4017 1736 4067 καὶ
1773 4015 1956 4080 λόγοις

364 4117 792 4183 παραιγετικοϊς
852 4115 1238 4183 χρησάμενος,
1316 4110 1440 4163 τότε
1505 4110 1614 4162 τῶν
1649 4109 1958 4179 ἐκκλησιῶν

359 4208 553 4263 αὐτῶν
612 4205 791 4268 ἐνδεὲς
851 4203 1238 4274 θεραπεύσας,
1313 4201 1683 4271 νοσοκομείων
1751 4218 1811 4253 τε
1864 4201 1958 4255 καὶ

363 4296 836 4369 πτωχοτροφείων
862 4296 1175 4365 σιτηρὲσεις
1204 4291 1511 4362 ἑκασταχοῦ
1544 4292 1955 4362 δωρησάμενος,

361 4394 485 4453 τοῖς
509 4389 819 4460 ὲξιτηρίοις
845 4387 906 4441 τὸ
966 4384 1150 4440 κοινὸν
1179 4384 1360 4438 αὐτῶν
1401 4383 1583 4451 λόγοις
1611 4381 1954 4447 ἐδεξιώσατο·

368 4508 387 4536 ς
440 4485 651 4554 Ὁρᾶτε
682 4480 874 4544 εἰπὼν,
908 4479 1009 4549 τὴν
1040 4479 1181 4549 ἐμὴν
1210 4478 1342 4547 περὶ
1391 4476 1452 4529 τὸ
1483 4477 1643 4529 Θεῖον
1669 4478 1792 4537 ταῖς
1819 4475 1955 4542 ὑμε-
1983 4546 1985 4549 ι

368 4577 563 4646 τέριις
639 4571 979 4641 κατηχήσεσι
1040 4568 1324 4640 λατρείαν,
1360 4567 1451 4621 καὶ
1508 4567 1659 4628 ὅπως
1701 4564 1958 4634 ἐκθύμως

376 4667 475 4737 τὴν
527 4664 633 4735 μὲν
662 4664 773 4716 τῶν
799 4661 1037 4715 εἰδώλων
1078 4659 1380 4714 κατάλυσιν
1407 4660 1732 4730 εἴργασμαι,
1757 4657 1857 4726 τὴν
1900 4656 1958 4709 δὲ

381 4760 484 4812 τῶν
538 4756 890 4829 Χριστιανῶν
929 4754 1114 4807 πίστιν
1160 4752 1444 4821 πανταχοῦ
1485 4749 1958 4818 καταγγέλλεσθαι

383 4827 767 4914 διεσπούδακα,
816 4849 896 4911 ὡς
975 4844 1247 4917 μηδεμίαν
1307 4843 1614 4913 ἑτερόδοξον
1661 4827 1960 4913 θρησκείας

385 4943 525 4998 ἰδέαν
547 4946 687 5013 ἡμῖν
714 4938 1139 5003 ἀπολείπεσθαι,
1172 4937 1206 5008 ἢ
1255 4938 1449 5006 μόνους
1478 4935 1838 5004 Χριστιανοὺς
1861 4932 1961 5004 τὴν

370 5038 536 5108 ἁγίαν
612 5036 709 5090 καὶ
757 5031 1049 5103 ὀμοούσιον
1114 5029 1325 5100 Τριάδα
1375 5029 1707 5098 προσκυνεῖν
1756 5042 1817 5078 τε
1862 5025 1958 5079 καὶ

369 5128 749 5195 ἀσπάζεσθαι.
797 5123 1020 5194 Ταύτην
1044 5121 1175 5192 ὑμῖν
1204 5121 1448 5191 σήμερον
1475 5117 1746 5188 εἰλικρινῆ
1777 5134 1957 5187 παρα-

373 5225 598 5293 δίδωμι.
629 5221 744 5290 Τῆς
797 5218 854 5272 δὲ
913 5214 1187 5287 ὑμετέρας
1237 5212 1403 5282 εὐχῆς
1441 5212 1526 5282 είη
1572 5211 1670 5264 καὶ
1705 5209 1959 5280 μελέτης,

372 5318 519 5390 πρὸς
570 5315 669 5386 τὴν
721 5312 843 5366 καθ’
898 5309 1118 5380 ἡμέραν
1166 5305 1262 5360 τοῦ
1303 5305 1513 5377 Κυρίου
1569 5302 1964 5374 συνεργοῦντος

375 5408 679 5482 ἀναγωγὴν
716 5406 831 5480 [ἴον.
864 5399 1191 5472 ἀναγαγεῖν]
1222 5401 1318 5454 καὶ
1362 5396 1691 5470 ἐπαύξησιν.
1724 5417 1742 5449 ι
1773 5394 1967 5459 Ταῦτα

378 5504 479 5559 καὶ
509 5503 581 5556 τὰ
632 5499 852 5561 τούτοις
909 5495 1130 5549 ὲοικότα
1174 5490 1515 5561 προσειπὼν,
1549 5491 1645 5545 καὶ
1689 5490 1817 5554 τοὺς
1863 5489 1965 5560 μὲν

383 5596 564 5651 αὐτῶν
586 5590 1054 5666 ὁφθαλμοκόπους
1089 5586 1215 5640 ίδὼν
1236 5625 1252 5651 ,
1296 5584 1451 5646 τινας
1496 5583 1555 5636 δὲ
1601 5582 1803 5654 χειρῶν
1830 5583 1970 5636 ἁπο-

379 5689 684 5762 νιρκὼσεις
720 5682 1130 5753 ὑπομείναντας
1152 5719 1173 5745 ,,
1208 5677 1402 5740 ἄλλους
1435 5674 1673 5746 σπασμῴ
1698 5673 1807 5728 τῶν
1847 5670 1965 5727 νεύ-

450 5849 471 5880 ⁴
494 5849 667 5905 Marc.
699 5855 778 5908 IV,
809 5839 901 5896 39.

2043 606 2123 659 sic
2173 603 2491 673 Pei'jbnstis
2536 601 2648 655 Arii
2701 595 3090 665 blasphemiam
3143 598 3329 658 saneta
3374 587 3617 658 synodus

2044 694 2319 763 triumpho
2337 678 2540 763 ageret,
2558 690 2778 761 appetiit
2794 686 3011 758 gentilis
3029 681 3399 754 pbiiosopbus,
3416 676 3508 746 qui
3527 676 3614 729 ni-

2043 786 2261 846 mirum,
2282 783 2647 839 contentionis
2667 780 2870 842 studio,
2892 792 2999 831 non
3013 773 3280 833 veritatis.
3304 781 3613 840 perversam

2044 879 2367 934 sententiam
2387 878 2498 931 Arii
2523 875 2854 937 defenderet,
2876 872 3095 941 quando
3116 877 3170 921 et
3189 862 3611 931 Mcnophantes,

2043 970 2518 1039 Patruphilusque,
2572 966 2848 1029 Theonas,
2897 973 2951 1017 et
2997 961 3125 1022 alii,
3182 967 3414 1026 quorum
3451 958 3623 1004 antea-

2044 1062 2393 1117 meminimus
2417 1100 2431 1123 ,
2465 1058 2773 1131 philosophi
2816 1048 3333 1111 rationibus-erecti,
3365 1042 3610 1099 Γωιίτὲιιιιι

2043 1155 2242 1206 vulnus
2272 1128 2699 1205 abominationis
2742 1145 2856 1200 Arii
2891 1144 3186 1212 detegunt,
3219 1148 3387 1203 seque
3435 1128 3611 1183 eidem

2043 1244 2371 1315 philosopho
2422 1242 2727 1312 petulanter
2771 1237 3003 1292 audaces
3036 1233 3303 1287 adversus
3329 1223 3609 1278 verita-lem

2042 1339 2367 1408 adjungunt.
2411 1335 2609 1390 Verum
2641 1336 2733 1405 qui
2778 1334 3074 1403 piseateres
3108 1327 3351 1396 piscatus
3381 1326 3499 1379 est,
3547 1329 3612 1368 ae

2046 1431 2296 1486 Sahator
2326 1439 2410 1482 est
2457 1426 2823 1498 persecutoris
2843 1464 2867 1487 ,.
2895 1423 2987 1476 hic
3029 1430 3245 1488 quoque
3276 1423 3475 1466 novum
3510 1404 3615 1459 ali-

2042 1519 2171 1589 quid
2215 1518 2436 1571 molitur
2458 1491 2586 1570 suis
2627 1511 2892 1584 prodigiis
2922 1500 3407 1577 dignum..Quippe
3435 1491 3613 1589 nodos

2042 1582 2288 1664 dilﬁcilcs
2316 1582 2747 1675 prepositionum
2781 1593 3110 1669 philosophi,
3140 1586 3413 1646 sermonis
3441 1582 3609 1637 silen-

2045 1701 2121 1756 tio
2152 1698 2480 1753 miraculose
2530 1692 2803 1755 dissolvit,
2845 1700 3126 1753 unumque
3159 1681 3394 1751 aliquem
3423 1691 3452 1729 e
3484 1686 3610 1727 san-

2042 1791 2149 1847 ctis
2174 1804 2280 1844 non
2306 1787 2579 1843 mundana
2601 1781 2887 1853 sapientia,
2919 1778 3010 1834 sed
3038 1773 3282 1843 angelica
3312 1767 3418 1820 vita
3447 1776 3612 1816 orna-

2044 1894 2181 1947 tum,
2216 1879 2493 1952 gentilitite
2524 1852 2814 1945 impietatis
2845 1887 2907 1926 ac
2943 1868 3213 1924 haeretica:
3260 1852 3611 1927 blasphemia:

2042 1985 2273 2043 patrono
2300 1968 2675 2025 adversarimn
2705 1962 2951 2034 prteﬁcit.
2984 1958 3085 2012 Hic
3104 1958 3278 2010 minas
3308 1943 3616 2003 Dominicas

2043 2067 2326 2128 imitatus,
2363 2061 2565 2131 quibus
2604 2058 2867 2112 Dominus
2916 2052 3181 2107 adversus
3228 2045 3508 2100 daamoues
3554 2051 3619 2091 ac

2044 2172 2194 2212 mare
2221 2155 2465 2210 cernitur
2501 2164 2654 2216 usus,
2684 2156 2744 2203 ut
2774 2146 2899 2201 mo‘x
2931 2143 3164 2214 quodam
3202 2138 3347 2193 velut
3376 2131 3619 2189 carmine

2043 2247 2428 2321 philosophum
2464 2244 2770 2311 alloquens,
2804 2238 2879 2292 ait
2914 2254 2930 2291 :
2965 2233 3156 2296 «Tace,
3183 2222 3540 2297 compescere‘
3571 2241 3616 2278 ι.

2045 2341 2336 2396 verbosum
2383 2336 2658 2391 hominem
2689 2332 2855 2386 verbo
2884 2336 3110 2382 mutum.
3125 2321 3303 2379 effecit
3328 2338 3342 2376 :
3376 2317 3511 2370 adeo
3539 2320 3618 2372 ut.

2043 2449 2170 2490 cum
2200 2432 2248 2487 ei
2282 2430 2464 2487 statim
2491 2443 2592 2482 vox
2624 2424 2932 2487 defecisset,
2960 2435 3084 2475 cum
3116 2427 3351 2470 tremore
3381 2423 3445 2463 ac
3474 2413 3619 2459 metu

2045 2526 2111 2580 ad
2147 2532 2457 2580 sanctorum
2485 2518 2713 2573 chorum
2746 2512 3059 2592 accesserit,
3103 2504 3422 2572 petieritque
3449 2537 3463 2556 .
3496 2510 3621 2549 cum

2045 2617 2264 2672 vinculo
2298 2611 2543 2673 absolvi,
2571 2618 2683 2663 tum
2718 2586 2876 2663 sacro
2918 2600 3243 2671 baptismate
3277 2590 3490 2647 donari.
3534 2586 3627 2639 Sic

2047 2711 2324 2781 signorum
2380 2703 2645 2758 Dominus
2697 2694 3080 2768 philosophum
3115 2704 3240 2744 cum
3274 2695 3385 2738 tota
3418 2676 3621 2734 familia

2049 2798 2261 2854 vocavit
2296 2795 2363 2849 ad
2409 2794 2675 2854 salutem;
2717 2796 2771 2841 et
2814 2801 2979 2845 eum,
3032 2780 3120 2835 cui
3170 2775 3282 2831 heri
3338 2777 3626 2827 accusatur

2047 2902 2166 2947 erat
2225 2887 2539 2943 orthodoxae
2597 2878 2922 2938 sementim,
2984 2873 3326 2940 defensorem
3384 2858 3629 2951 veritatis

2051 2983 2198 3038 fecit.
2230 2981 2345 3035 Hoc
2375 2976 2639 3032 miraculo
2673 2972 2826 3027 aiunt
2863 2966 3279 3038 Menophantem
3335 2973 3457 3014 cum
3513 2954 3629 3009 suis

2052 3071 2517 3143 obstupefactum,
2552 3068 2731 3129 visunt
2763 3080 2885 3121 esse
2933 3077 3032 3117 sua
3084 3068 3276 3129 sponte
3303 3058 3505 3108 sanctae
3533 3064 3630 3116 sy-

2603 3158 2846 3215 l'etiendo
2880 3155 3226 3209 anathemate
3270 3144 3435 3215 impio
3479 3139 3630 3204 Ario,

2056 3278 2121 3317 ac
2170 3261 2292 3331 ejus
2343 3257 2643 3328 dogmatis;
2681 3258 2869 3322 postea
2921 3254 3126 3307 autem,
3175 3239 3315 3294 haud
3368 3249 3527 3293 secus
3567 3247 3633 3287 ac

2056 3368 2222 3411 canes
2255 3350 2495 3415 rabidos,
2531 3348 2595 3402 ad
2625 3360 2785 3402 suum
2810 3340 3074 3397 vomitum
3102 3334 3359 3391 rediisse.

2129 3659 2264 3714 Cum
2298 3657 2480 3726 itaque
2511 3661 2700 3708 saneta
2724 3645 2964 3718 synodus
2987 3647 3345 3697 trecentorum
3373 3634 3559 3689 decem
3583 3638 3639 3685 et

2059 3760 2183 3806 octo
2213 3748 2434 3802 Patrum
2460 3784 2476 3809 ,
2515 3745 2675 3797 tinem
2724 3739 2885 3808 cujus
2929 3734 3101 3805 gratia
3145 3736 3468 3799 congregata
3518 3728 3639 3776 erat

2058 3842 2385 3912 accepisset,
2413 3837 2636 3908 jamque
2658 3843 2873 3901 tempus
2901 3827 2968 3882 ad
2997 3824 3224 3880 reditum
3254 3826 3508 3890 urgeret,
3540 3813 3633 3865 ubi

2058 3949 2155 3988 eos
2186 3932 2310 4002 pius
2349 3925 2746 3983 Constantinus
2796 3919 3036 3975 vicissim
3075 3909 3259 3969 mensa
3308 3909 3632 3978 excepisset,

2060 4022 2353 4090 verbisque
2390 4013 2784 4072 adhortatoriis
2827 4009 2895 4065 ad
2932 4023 3026 4063 eos
3052 4019 3183 4061 usus
3217 4010 3378 4066 esset,
3412 4014 3475 4054 ac
3509 4012 3636 4066 pro-

2060 4112 2284 4168 vidisset
2319 4108 2674 4165 ecclesiarum
2709 4103 2907 4173 inopia;
2926 4141 2941 4164 ,
2971 4097 3296 4164 alendisque
3322 4091 3542 4163 aagrotis
3572 4104 3639 4144 ac

2063 4202 2395 4276 pauperibus
2445 4200 2653 4269 ubique
2706 4203 3074 4270 commeatum
3128 4192 3407 4249 donasset,
3457 4182 3639 4238 verbis

2061 4294 2399 4367 ejuscemodi
2427 4291 2716 4347 abeuntem
2739 4301 2928 4341 eorum
2952 4293 3154 4338 ctutum
3177 4284 3503 4349 prosecutus
3521 4285 3637 4327 est:

2068 4410 2085 4441 ι
2131 4387 2380 4451 Videtis,
2432 4383 2645 4452 inquit,
2681 4380 2835 4435 vobis
2876 4372 3308 4435 instruentibus,
3358 4382 3534 4422 meam
3585 4366 3641 4420 in

2066 4482 2236 4537 Deum
2293 4477 2609 4547 religionem
2638 4513 2653 4537 ,
2687 4484 2960 4541 quamque
3007 4483 3071 4520 ex
3112 4465 3302 4520 animo
3351 4459 3643 4516 evertenda

2068 4574 2211 4630 idola
2260 4567 2607 4627 curaverint,
2668 4580 2733 4618 ac
2785 4559 3026 4617 dederim
3085 4570 3308 4624 Operam
3365 4561 3426 4607 ut
3477 4550 3643 4604 Chri-

2071 4666 2375 4722 stianorum
2406 4659 2539 4713 lides
2568 4655 2772 4720 ubique
2797 4649 3235 4705 annuutiaretur,
3261 4643 3403 4697 adeo
3420 4640 3644 4695 utnulla

2076 4755 2236 4812 nobis
2283 4752 2474 4807 alienae
2509 4745 2789 4815 religionis
2838 4736 3295 4810 speciesreliqua
3325 4734 3417 4797 sit,
3446 4730 3553 4787 nisi
3585 4740 3648 4786 ut

2071 4848 2174 4907 soli
2222 4861 2324 4901 nos
2351 4838 2665 4898 Christiani
2712 4843 2960 4892 sanctum
3008 4845 3073 4884 ac
3120 4821 3645 4881 consubstantialem

2073 4939 2394 4996 Trinitatem
2425 4934 2716 4989 adoremus
2749 4942 2812 4980 ac
2858 4922 3269 4991 amplectamur.
3307 4913 3461 4967 Hanc
3491 4910 3648 4966 vobis

2070 5031 2232 5086 hodie
2260 5041 2452 5099 puram
2498 5037 2563 5077 ac
2595 5021 2867 5076 sinceram
2902 5011 3077 5069 trado.
3115 5008 3432 5064 Vestrarum
3460 5011 3645 5058 autem

2070 5096 2478 5188 fueritprecum
2494 5109 2866 5182 .etdiligentia:
2884 5119 3098 5164 curare.
3117 5110 3176 5156 ut
3194 5100 3306 5155 Deo
3326 5096 3640 5168 adjuvante,

2074 5210 2381 5282 majoribus
2421 5206 2475 5259 in
2519 5203 2634 5259 dies
2663 5197 3017 5255 incrementis
3046 5199 3382 5264 promoveat.
3416 5207 3433 5239 ι
3465 5185 3644 5241 Porro

2069 5281 2196 5360 dum
2224 5301 2342 5355 hac
2391 5305 2556 5366 atque
2579 5293 2645 5348 iis
2664 5298 3025 5348 consentanea
3053 5286 3300 5349 dixisset,
3325 5281 3644 5349 vidensque,

2068 5396 2193 5452 aliis
2244 5391 2465 5463 quidem
2512 5385 2743 5442 eﬂ‘ossos
2798 5383 3030 5447 oculos,
3086 5378 3210 5434 aliis
3262 5384 3441 5432 autem
3494 5371 3643 5441 gravi

2070 5485 2318 5545 cruciatu
2368 5477 2710 5549 obtorpuisse
2739 5488 2958 5540 manus,
2991 5472 3134 5540 aliis;
3161 5486 3290 5526 vero
3353 5478 3643 5521 nervorum

2072 5575 2405 5635 distentione
2437 5571 2729 5627 incurvum
2765 5578 2990 5632 corpus,
3025 5562 3148 5618 aliis
3178 5555 3645 5631 demumexeisas
3682 5544 3687 5548 ’

2071 5684 2242 5743 agone
2266 5675 2448 5741 partes
2480 5661 2766 5737 genitales,
2800 5655 3114 5727 sciensque,
3143 5667 3268 5708 cum
3298 5661 3519 5708 strenue
3547 5660 3648 5718 pro
