4094 6464
415 387 520 445 443

1878 384 2232 446 ΛΝΟΝΥΜΙ

3584 385 3694 446 ιιι

419 496 608 564 patriae
650 496 830 551 solum
877 495 962 550 vis
1015 494 1349 551 redimendae
1388 512 1555 552 causa
1606 496 1998 566 relinquentes,

2130 497 2392 566 ιίκήτορες
2440 498 2663 559 πάντες,
2700 497 2761 549 τδ
2813 496 2969 566 φίλον
3015 497 3117 566 τῆς
3164 498 3426 568 πατρίδος
3486 498 3698 568 ἔδαφος

422 586 838 656 transmigrant,
865 600 931 639 ac
960 600 1056 652 per
1081 587 1329 640 diversas
1370 587 1572 657 singuli
1608 589 2004 657 disperguntur

424 683 611 741 urbes,
645 679 835 735 matris
862 678 987 733 loco
1019 679 1344 733 adhibentes
1378 697 1682 737 novercas:
1713 692 1879 751 atque
1910 682 2002 736 alii

422 774 649 843 quidem
673 773 959 843 Cecropis,
988 773 1079 827 alii
1121 773 1360 843 Pelopis,
1388 776 1579 830 Cadmi
1617 776 1731 844 alii,
1758 777 2005 844 aliasque

425 866 518 920 alii
579 866 832 937 regiones
881 880 945 918 ac
999 865 1118 920 loca
1179 879 1534 937 occupantes,
1591 867 1645 922 in
1705 867 1789 923 eis
1847 867 2005 927 sedes

426 961 590 1029 ligere
623 957 979 1028 cogebantur.

501 1235 678 1290 Divini
730 1237 915 1305 itaque
991 1236 1154 1292 Lucae
1218 1238 1345 1301 avi,
1403 1239 1471 1294 ad
1527 1241 1831 1307 Phocidis,
1891 1244 2007 1300 sive

428 1327 624 1396 Chrysi
680 1328 1021 1397 provinciam
1073 1330 1523 1400 commigrantes,
1557 1332 1624 1385 ad
1671 1332 2004 1388 maritimum

429 1418 721 1488 quemdam
755 1429 1017 1486 montem,
1047 1420 1279 1476 Joannis
1313 1423 1667 1492 appellatum,
1715 1425 1801 1479 sui
1855 1426 2010 1480 inco-

432 1513 575 1568 iatus
635 1512 984 1567 tabernacula
1041 1513 1296 1568 ﬁxerunt.
1369 1513 1509 1580 Quia
1558 1527 1740 1571 tamen
1793 1534 1893 1589 per
1956 1521 2005 1574 id

433 1592 668 1675 tempus,
711 1606 911 1674 quibus
946 1606 994 1660 is
1039 1606 1256 1676 iudiciis
1293 1609 1466 1672 nevit,
1508 1612 1663 1678 cujus
1713 1623 1841 1667 sunt
1871 1634 1889 1665 ι
1923 1615 2012 1684 ju-

432 1697 576 1752 dicia
608 1698 840 1767 abyssus
881 1698 1113 1765 multa‘,
1155 1718 1173 1750 ι
1211 1700 1499 1755 lsmaclita:
1545 1718 1696 1757 mare
1742 1705 2011 1762 infestan-

436 1797 539 1851 tes,
569 1790 827 1858 omnique
862 1791 1008 1855 sinu,
1040 1774 1218 1857 portu,
1251 1807 1314 1847 ac
1345 1808 1440 1847 ora
1470 1795 1877 1864 latrocinantes,
1900 1797 2009 1867 jam

2113 589 2253 658 πρὸς
2308 587 2430 658 βίαν
2486 588 2870 654 ἀπολιπόντες,
2921 589 3256 658 μετανάσται
3303 591 3547 658 γίνονται
3599 595 3701 644 καὶ

2115 681 2249 750 πρὸς
2274 681 2565 752 διαφόρους
2607 683 2830 734 ἕκαστοι
2866 681 3280 751 διασπείρονται
3331 682 3542 745 πόλεις,
3588 702 3699 736 κα-

2117 777 2295 846 θάπερ
2328 777 2451 829 ἀντὶ
2502 774 2712 847 μητρὸς
2747 777 2960 851 ἐκεῖνοι
2991 777 3111 837 ταῖς
3146 776 3441 844 μητρυιαῖς
3477 775 3704 844 χρησά·

2119 883 2293 937 μενοι·
2334 867 2428 920 καὶ
2453 868 2504 923 οἱ
2536 868 2633 937 μὲν
2676 868 2777 937 τὴν
2808 867 3117 937 Κέκροπος,
3144 869 3195 920 οἱ
3231 867 3288 920 δὲ
3330 865 3429 938 τὴν
3462 866 3556 919 τοῦ
3590 869 3705 921 Πέ-

2115 961 2301 1025 λοπος,
2336 959 2517 1029 ἕτεροι
2549 959 2649 1029 τὴν
2680 959 2775 1012 τοῦ
2810 957 3055 1028 Κάδμου,
3089 961 3183 1012 καὶ
3216 959 3383 1022 ἄλλας
3411 958 3559 1014 ἄλλοι
3593 977 3706 1012 κα-

2114 1051 2469 1116 ταλαϐόντες,
2495 1053 2553 1104 ὲν
2582 1051 2777 1113 αὐταῖς
2804 1050 2949 1121 ἔχειν
2984 1049 3362 1129 ἡναγκᾲζοντο
3407 1050 3509 1114 τὰς
3538 1053 3711 1121 οἱκήο

2117 1160 2254 1206 σεις.

2186 1238 2249 1289 υἱ
2299 1236 2484 1305 μέντοι
2518 1236 2615 1289 τοῦ
2662 1235 2809 1291 θείου
2845 1236 3034 1290 Λουκᾶ
3077 1234 3342 1304 πρόγονοι
3402 1233 3545 1287 κατὰ
3599 1232 3711 1302 τὴν

2119 1328 2222 1396 τῆς
2261 1329 2522 1393 Φωκίδος,
2571 1328 2752 1381 εἷτουν
2781 1327 2875 1381 τοῦ
2897 1328 3117 1399 Χρυσοῦ
3148 1327 3490 1395 μεταϐάντες
3523 1328 3707 1395 ἐπαρο

2116 1424 2264 1493 χίαν,
2298 1423 2436 1493 πρός
2468 1439 2521 1475 τι
2549 1422 2813 1493 παράλιον
2858 1421 3004 1492 ὅρος,
3051 1420 3299 1473 Ἰωάννου
3338 1418 3709 1489 καλούμενον,

2117 1516 2216 1579 τὰς
2247 1516 2345 1585 τῆς
2373 1516 2668 1585 παροικίας
2695 1515 2900 1582 σκηνὰς
2933 1513 3226 1582 ἐπήξαντο.
3265 1512 3407 1564 Ἀλλ’
3428 1513 3552 1565 ἐπεὶ
3580 1511 3708 1563 κατ’

2120 1608 2296 1658 ἐκεῖνο
2328 1605 2524 1674 καιροῦ
2578 1606 2847 1674 κρίμασιν
2895 1599 2977 1668 οἷς
3020 1598 3186 1670 οἶδεν,
3229 1596 3319 1656 «οὗ
3357 1603 3596 1666 ἄϐυσσος
3635 1604 3713 1654 τὰ

2121 1697 2365 1768 κρίματα
2396 1695 2618 1766 mli-i1,»
2649 1693 3223 1765 Οαλαστοκρατοῦντες
3243 1695 3290 1746 οἱ
3314 1692 3410 1746 τοῦ
3453 1692 3713 1762 Ἰσμαὴλ,

2123 1790 2217 1842 καὶ
2256 1790 2390 1841 πᾶσι
2439 1787 2681 1850 κόλποις,
2737 1787 3011 1855 αἰγιαλοῖς
3040 1804 3099 1838 τε
3140 1787 3232 1838 καὶ
3270 1786 3468 1848 ἀκταῖς
3504 1802 3713 1854 σιτειρα⁸

434 1897 689 1952 quoque,
747 1884 878 1952 proh
941 1884 1128 1937 dolor!
1183 1900 1303 1940 eam
1356 1896 1564 1955 partem
1616 1888 2011 1955 incursabant;

2130 1884 2385 1949 ιεύοντες,
2416 1883 2517 1956 ἤδη
2554 1884 2649 1937 καὶ
2687 1883 2829 1937 κατὰ
2870 1882 3048 1944 τοῦτο,
3069 1881 3169 1951 φεῦ
3196 1881 3211 1936 l
3244 1880 3305 1933 τὸ
3342 1878 3507 1951 μέρος
3535 1896 3715 1947 προσ·

439 1990 632 2031 rursus
666 1976 784 2031 loco
814 1977 1003 2032 cedere
1082 1994 1307 2033 necesse
1346 1980 1673 2035 habuerunt.
1713 1980 2013 2046 Quemdani

446 2067 629 2137 itaque
656 2080 867 2137 portum
898 2067 1103 2140 Bathyn
1142 2071 1363 2126 nomine
1391 2072 1541 2128 auris
1570 2072 1918 2127 commodum
1940 2074 2015 2144 (l)

444 2175 510 2214 ac
543 2161 893 2228 tranquillum
949 2172 1216 2231 petentes,
1270 2162 1609 2221 domicilium
1645 2176 1852 2233 ponunt
1883 2183 1896 2221 :
1928 2166 2041 2235 uhi»

444 2262 659 2319 tempus
732 2268 838 2307 non
901 2254 1174 2309 modicum
1242 2255 1614 2321 commorati,
1677 2254 2018 2317 admirabilis

440 2343 604 2400 Luca:
631 2357 840 2415 patrem
875 2347 1099 2417 gignere
1120 2358 1514 2419 promerentur
1542 2363 1557 2402 :
1584 2364 1841 2419 eumque,
1876 2366 2021 2405 mar-

440 2446 619 2507 tyrum
652 2438 813 2508 primi
848 2439 1072 2497 nomine
1120 2441 1498 2505 honestantes,
1531 2457 1775 2511 congrue
1829 2442 2020 2513 utique

441 2531 646 2584 nomini
686 2530 1029 2585 educandum
1062 2542 1346 2585 curarunt.
1384 2531 1585 2587 Verum
1622 2535 1750 2590 hinc
1776 2551 2018 2606 quoque,

441 2623 510 2677 ad
536 2624 792 2693 oppidum
823 2624 1119 2692 quoddam.
1147 2623 1461 2679 Castorium
1500 2629 1721 2682 nomine
1750 2628 1827 2699 (ἓ)
1872 2644 2021 2683 com-

444 2712 762 2780 migrantes,
800 2713 913 2766 illic
962 2714 1299 2768 habitarunt.
1340 2713 1437 2769 llic
1480 2732 1644 2785 porro
1694 2720 2018 2774 nonnullum

440 2804 660 2858 errandi
718 2805 879 2860 tinent
930 2805 1232 2872 facientes,
1309 2809 1489 2862 solatii
1548 2811 1751 2875 aliquid
1805 2828 1904 2881 pro
1956 2829 2021 2867 eo

443 2897 659 2961 exsilio,
690 2912 799 2966 quo
828 2908 981 2951 extra
1031 2899 1260 2967 patriam
1295 2900 1469 2968 vagati
1499 2912 1707 2966 essent,
1740 2905 2024 2974 percipere

443 2987 548 3044 visi
579 2997 729 3043 sunt.
763 2987 945 3057 thue
984 2989 1036 3043 id
1087 3005 1194 3044 non
1228 2999 1359 3046 tunc
1404 2995 1610 3058 statim,
1663 2994 1806 3049 haud
1840 3005 2020 3051 tamen

446 3080 679 3150 longiori
731 3083 994 3150 temporis
1046 3083 1364 3153 interposita
1414 3100 1569 3141 mora
1619 3088 1895 3155 evenit...3
1918 3086 2020 3154 Qui

2119 1977 2362 2033 ἐϐαλλον·
2429 1977 2683 2046 ἀνάγκην
2715 1972 2863 2047 εἶχον
2909 1974 3072 2029 πάλιν
3105 1975 3438 2046 ἀποχωρεῖν.
3489 1973 3715 2042 Λιμένα

2119 2070 2254 2138 γοῦν
2296 2088 2420 2125 τινα
2476 2069 2658 2122 Βαθὺν
2701 2067 2848 2122 οὕτω
2902 2066 3260 2136 καλούμενον,
3313 2065 3488 2136 εὐαρῆ
3524 2065 3577 2119 δὲ
3608 2067 3707 2118 καὶ

2120 2161 2359 2232 γαληνὸν
2382 2161 2511 2216 ὂντα
2542 2160 2936 2230 προσελθόντες
2973 2158 3243 2214 οἰκοῦσιν.
3269 2152 3342 2230 τῼ
3376 2157 3472 2211 καὶ
3517 2159 3705 2227 χρὸνον

2119 2254 2502 2323 διατρίψαντες
2523 2254 2585 2311 οὐ
2605 2253 2845 2325 βραχὺν,
2861 2253 2953 2311 τὸν
2969 2251 3067 2306 τοῦ
3098 2251 3246 2306 θείου
3273 2253 3461 2305 Λουκᾶ
3490 2250 3713 2321 πατέρα

2120 2348 2302 2403 τεκεῖν
2336 2345 2639 2412 ἀξιοῦνται·
2674 2346 2771 2400 καὶ
2828 2345 3024 2398 τοῦτον
3077 2345 3310 2410 ὀνόματι
3339 2343 3435 2397 τοῦ
3476 2341 3708 2413 πρώτου

2121 2439 2458 2508 τιμήσαντες
2486 2438 2596 2491 τῶν
2652 2440 2968 2508 μαρτύρων,
3004 2438 3164 2502 ἀξίαν
3209 2436 3413 2508 δηλαδὴ
3454 2435 3550 2489 τοῦ
3588 2434 3718 2488 ὀνό-

2127 2549 2297 2602 ματος
2351 2532 2446 2583 καὶ
2475 2532 2574 2597 τὴν
2600 2530 2695 2583 τοῦ
2733 2530 2922 2593 παιδὸς
2943 2531 3168 2598 ἀγωγὴν
3195 2527 3500 2582 ἐποιοῦντο.
3544 2528 3715 2581 Ἀλλὰ

2126 2623 2290 2676 πάλιν
2322 2624 2534 2676 ἐκεῖθεν
2567 2621 2925 2692 μεταϐάντες,
2953 2622 3045 2674 ὲπί
3079 2638 3202 2674 τινα
3254 2620 3451 2689 κώμην
3498 2619 3720 2671 Καστόο

2127 2731 2243 2784 ριον
2273 2715 2417 2767 οὕτω
2452 2716 2821 2785 καλουμένην,
2877 2713 2977 2776 τὰς
3029 2714 3281 2785 οἰκήσεις
3330 2712 3551 2777 έοεντος
3600 2713 3706 2779 τῆς

2125 2806 2260 2876 ἄλης
2290 2804 2523 2858 ἐνταῦθα
2555 2807 2751 2877 μικρὸν
2782 2806 3145 2874 παυσάμενοι,
3174 2804 3271 2858 καὶ
3308 2803 3404 2858 τοῦ
3456 2803 3721 2872 ξενισμοῦ

2126 2898 2459 2970 παραψυχὴν
2495 2899 2623 2967 γοῦν
2648 2915 2772 2952 τινα
2813 2898 2997 2951 λαϐεῖν
3041 2899 3301 2973 οἰόμενοι.
3335 2897 3514 2968 Ὅπερ
3539 2897 3589 2948 εί
3621 2896 3723 2949 καὶ

2131 2997 2205 3066 μὴ
2229 2997 2371 3060 τότε,
2406 2993 2522 3047 ἀλλ’
2562 2988 2657 3046 οὖν
2688 2997 2748 3046 οὐ
2788 2994 2927 3064 μετὰ
2952 2994 3122 3047 πολὺν
3151 2992 3334 3063 ἀπέϐη
3366 2993 3460 3045 τὸν
3490 2994 3720 3062 χρόνον.

2141 3088 2200 3141 '0
2227 3087 2335 3158 γὰρ
2393 3087 2472 3155 τῷ
2515 3085 2709 3140 Ἰακὼϐ
2749 3085 3171 3155 συγξενιτεύσας
3211 3086 3367 3150 Θεὸς,
3419 3085 3517 3139 καὶ
3551 3082 3725 3137 πλού-

448 3172 595 3226 enim
633 3172 997 3242 peregrinanti
1026 3173 1193 3229 Jacob
1224 3190 1408 3233 comes
1442 3193 1505 3231 ac
1546 3180 1837 3234 auxiliator
1862 3180 2022 3242 fuit',

2132 3198 2248 3234 σιον
2275 3182 2397 3234 ἀντὶ
2452 3179 2684 3249 πένητος
2725 3179 3126 3248 ἐργασάμενος
3184 3178 3278 3230 καὶ
3316 3181 3409 3230 τὸν
3440 3177 3498 3230 ἐν
3533 3177 3724 3247 ῥάϐδῳ

448 3268 613 3330 atque
640 3260 866 3317 divitem
912 3280 978 3319 ex
1009 3282 1246 3335 paupere
1293 3266 1421 3324 fecit
1449 3287 1463 3323 :
1493 3272 1700 3343 quique
1748 3288 1897 3341 eum,
1932 3276 2027 3343 qui

458 3353 612 3422 prius
665 3355 719 3408 in
782 3357 976 3412 baculo
1026 3357 1281 3416 Jordanis
1346 3361 1548 3419 ﬂuenta
1614 3366 2025 3431 transmisisset,

454 3447 619 3501 boum
679 3444 945 3505 armentis
994 3467 1057 3506 ac
1118 3454 1377 3525 gregibus
1446 3457 1631 3511 ovium
1699 3458 2027 3528 locupletem

449 3540 712 3595 reduxit:
777 3542 895 3611 ipse
946 3544 1108 3612 plane
1163 3547 1354 3601 horum
1416 3564 1635 3620 quoque
1695 3567 1893 3621 pecora
1968 3571 2031 3608 ac

450 3630 813 3686 snbstautiam
866 3633 1129 3704 reliquam
1183 3637 1362 3705 palam
1413 3638 1766 3707 benedicens,
1813 3657 1881 3696 eo
1936 3660 2032 3698 au-

452 3730 674 3787 gmento
703 3721 951 3787 donavit,
1006 3736 1061 3780 ut
1099 3728 1301 3781 nedum
1345 3728 1480 3781 nulli
1511 3731 1839 3806 substantiis
1883 3734 2034 3788 dete-

452 3811 628 3868 riores
674 3813 1016 3877 viderentur,
1055 3833 1241 3872 verum
1276 3820 1439 3875 etiam
1475 3822 1543 3877 iis
1597 3823 1882 3895 indigenas
1922 3839 2032 3879 non

452 3918 644 3973 parum
674 3916 1022 3975 superarent.

520 3998 666 4055 Puer
694 4012 875 4056 autem
909 4004 1224 4073 Stephanus
1252 4007 1448 4075 puerili
1481 4008 1713 4065 decursa
1753 4022 1935 4078 tetate,
1971 4028 2035 4069 ac

444 4092 688 4162 juvenile
718 4095 953 4163 adeptus
1001 4099 1186 4164 robur,
1220 4116 1346 4155 cum
1375 4103 1485 4171 jam
1535 4104 1742 4173 nuptiis
1773 4115 2036 4174 opportu—

451 4202 583 4242 num
622 4189 950 4244 accessisset
996 4201 1232 4260 tempus,
1285 4194 1354 4249 ab
1402 4195 1468 4250 iis
1517 4198 1731 4252 mulieri
1780 4199 2035 4268 Euphro-

450 4279 589 4335 sina:
620 4280 841 4336 nomine
893 4284 1246 4340 matrimonio
1292 4285 1504 4341 locatur
1539 4306 1552 4341 :
1584 4287 1773 4342 eadem
1812 4290 2032 4359 quidem
2077 4323 2085 4330 -

451 4370 700 4425 oriunda:
747 4373 957 4441 patria,
1001 4375 1305 4445 eademque
1358 4378 1622 4432 natalium
1679 4378 2035 4450 ingenuitate.

458 4464 535 4516 lix
590 4477 654 4519 ea
701 4473 908 4533 septem
963 4467 1245 4537 Stephano
1297 4470 1551 4525 oriuntur
1595 4471 1824 4540 proles:
1863 4476 2035 4540 prima

2132 3274 2402 3343 πρότερον
2436 3270 2498 3324 τὸ
2541 3271 2810 3342 Ἰορδάνου
2836 3269 3053 3343 ῥεῖθρον
3086 3269 3498 3340 περαιωθέντα,
3523 3268 3721 3336 πλήθει

2135 3364 2272 3433 βοῶν
2307 3363 2401 3416 καὶ
2429 3364 2697 3429 ποιμνίων
2722 3361 3061 3433 ὑποστρέψαι
3091 3362 3722 3427 παρασκευάσας,αὐτὸς

2132 3459 2240 3529 ἄρα
2281 3457 2377 3511 καὶ
2407 3457 2474 3509 τὰ
2502 3455 2799 3526 Θρέμματα
2851 3454 3057 3508 τούτων
3123 3456 3218 3509 καὶ
3271 3457 3372 3525 τὴν
3422 3454 3595 3525 ἄλλην
3625 3454 3724 3507 οὑ-

2136 3550 2258 3602 σίαν
2298 3549 2542 3621 ἀτεχνῶς
2572 3548 2901 3618 εὐλογήσας,
2936 3549 3116 3611 οὕτως
3161 3546 3445 3601 ἐπιδοῦναι
3489 3546 3726 3616 πεποίηο

2136 3658 2253 3705 κεν,
2281 3640 2356 3703 ὡς
2399 3641 2459 3693 οὐ
2499 3642 2658 3711 μόνον
2706 3640 2911 3704 αὐτοὺς
2949 3641 3164 3702 οὐδενὸς
3204 3639 3442 3710 ὁρᾶσθαι
3485 3640 3717 3692 καταδε·

2135 3733 2399 3804 εστέρους
2471 3734 2572 3806 τὴν
2626 3733 2886 3803 ὓπαρξιν
2926 3734 3063 3788 ἀλλὰ
3110 3734 3204 3788 καὶ
3236 3734 3392 3806 παρὰ
3424 3732 3557 3788 πολὺ
3586 3732 3717 3795 τοὺς

2134 3826 2469 3896 αὐτόχθονας
2524 3827 2905 3897 ὑπερϐάλλειν.

2219 4016 2279 4068 '0
2305 4015 2363 4069 δὲ
2399 4018 2527 4079 παῖς
2559 4016 2831 4085 Στέφανος
2886 4015 3005 4086 τὴνι
3036 4013 3299 4085 παιδικὴν
3329 4013 3579 4083 ὑπερϐὰς
3609 4012 3734 4083 ἡλι-

2135 4107 2284 4171 κίαν,
2314 4109 2413 4161 καὶ
2441 4108 2578 4177 πρὸς
2606 4108 2791 4179 ἀκμὴν
2823 4107 2924 4179 ἥδη
2946 4107 3254 4177 ἐληλακὼς,
3289 4107 3413 4160 ἐπεὶ
3454 4106 3552 4157 καὶ
3578 4105 3729 4174 πρὶς

2135 4201 2316 4268 γάμου
2344 4199 2495 4271 ὥραν
2525 4200 2776 4268 ἀφίκετο,
2801 4199 3098 4267 ζεύγνυται
3123 4201 3255 4269 παρ’
3274 4198 3458 4251 αὐτῶν
3479 4199 3699 4265 γυναικὶ
3716 4237 3735 4261 ,

2142 4292 2385 4363 τοῦνομα
2430 4292 2776 4365 Εὑφροσύνῃ,
2811 4293 2912 4362 τῆς
2952 4292 3126 4361 αὐτῆς
3183 4292 3283 4362 μὲν
3333 4290 3595 4360 πατρίδος
3630 4292 3736 4359 ὑρ-

2140 4388 2396 4459 μωμένῃ,
2429 4386 2488 4440 εὖ
2522 4387 2580 4439 δὲ
2614 4387 2708 4441 καὶ
2733 4387 2931 4454 γένους
2957 4385 3163 4455 ὁμοίως
3195 4384 3418 4456 ἐχούσῃ·
3452 4383 3512 4447 ἐξ
3544 4378 3609 4453 ἧς
3651 4381 3736 4451 τῷ

2135 4482 2400 4550 Στεφάνῳ
2451 4480 2643 4543 παῖδες
2686 4480 2829 4533 ἑπτὰ
2873 4481 3141 4547 γίνονται·
3181 4473 3256 4530 ὧν
3292 4479 3319 4529 ὁ
3357 4476 3457 4546 μὲν
3511 4475 3737 4545 πρῶτος

452 4552 779 4610 Theodorus
813 4574 828 4611 :
858 4558 907 4611 ei
939 4559 1212 4628 proxima,
1262 4559 1431 4615 Maria
1462 4561 1607 4630 fuit;
1643 4575 1835 4634 quarta
1871 4581 2026 4635 porro

2138 4571 2498 4641 Θεόδωροςοή
2536 4571 2594 4624 δὲ
2637 4572 2757 4639 μετ’
2798 4571 3031 4634 ἐκεῖνον,
3077 4568 3290 4639 Μαρία·
3341 4569 3496 4638 Καλὴ
3530 4568 3586 4621 δὲ
3630 4569 3738 4621 καὶ

452 4647 585 4702 Cale
614 4650 939 4720 appellatur,
977 4664 1273 4720 manetque
1310 4654 1411 4708 ista
1444 4670 1701 4723 narrans,
1744 4658 2038 4714 hactenus-

455 4756 563 4810 que
610 4744 933 4798 monasticae
967 4744 1090 4797 vita:
1139 4747 1401 4800 exercitia
1453 4747 1623 4806 colit:
1661 4750 1852 4819 quinta
1909 4750 2036 4821 Epi-

454 4834 711 4904 phanius,
743 4837 837 4905 qui
863 4848 919 4891 et
951 4838 1067 4906 ipse
1102 4839 1356 4892 monachi
1382 4840 1550 4894 vitam
1580 4856 1769 4911 agens,
1802 4844 2035 4915 vitatque

456 4925 728 4981 rationem
767 4925 1096 4996 professioni
1141 4940 1567 4991 consentaneam
1619 4933 1931 4999 instituens,
1965 4936 2034 4990 ad

453 5033 580 5072 eum
643 5020 942 5091 migravit,
1022 5038 1184 5092 quem
1248 5023 1557 5080 dilexisset.
1617 5026 1746 5082 Duu:
1809 5029 2036 5099 reliqua:

533 5162 717 5217 ’-Psal.
751 5178 916 5227 xxxv,
952 5163 1004 5217 7.
1079 5165 1101 5197 ²
1127 5164 1262 5221 Gen.
1301 5182 1469 5231 χχιιι,
1504 5170 1590 5223 10.

2138 4663 2174 4730 ἡ
2202 4663 2441 4731 τετάρτη
2472 4661 2744 4725 καλεῖται,
2780 4662 2814 4732 ἢ
2848 4662 2944 4715 καὶ
2972 4661 3147 4714 ταῦτα
3182 4661 3338 4729 μένει
3360 4660 3733 4730 διηγουμένη,

2143 4759 2241 4812 καὶ
2309 4756 2624 4829 μοναχικῶν
2686 4758 2766 4821 είς
2790 4757 2872 4810 ἔτι
2943 4756 3291 4825 ἐπιμελεῖται
3361 4754 3733 4823 σκαμμάτωνο

2155 4850 2470 4919 Ἐπιφάνιος
2490 4849 2547 4903 δὲ
2577 4852 2605 4903 ὁ
2630 4849 2905 4919 πέμπτος,
2934 4849 2993 4910 ὃς
3025 4849 3117 4902 καὶ
3153 4849 3320 4908 αὐτὸς
3362 4847 3454 4900 τὸν
3512 4847 3733 4917 μονήρη

2146 4940 2264 5011 βίον
2330 4941 2604 5009 ὑπελθὼν,
2663 4941 2761 4996 καὶ
2830 4941 3166 5013 συνᾴδουσαν
3215 4940 3295 5011 τῷ
3348 4939 3737 5008 ὲπαγγέλματι

2145 5033 2424 5103 μετελθὼν
2463 5033 2770 5100 πολιτείαν,
2806 5033 3015 5106 μετέϐη
3050 5034 3186 5105 πρὸς
3227 5033 3287 5086 ὃν
3319 5033 3599 5104 ἠγάπησε.
3650 5030 3738 5083 '1":

1732 5283 1839 5342 Fr.
1872 5281 2236 5345 Comheiisii
2272 5294 2456 5347 notae.

531 5432 609 5504 (l)
642 5433 801 5487 Auris
837 5433 1189 5487 commodum.
1226 5432 1387 5489 Velut
1422 5435 1658 5505 propitio
1686 5435 1854 5505 Marte
1887 5445 2043 5489 uten-

458 5515 597 5577 tem,
627 5518 728 5561 nec
760 5506 881 5561 ullis
914 5507 1087 5560 ventis
1117 5503 1440 5560 sawiorihus
1482 5503 1774 5577 agitatum.
1811 5503 1925 5559 Vox
1960 5516 2041 5577 est

464 5575 601 5631 nihil
662 5577 798 5630 dura
864 5585 958 5629 ant
1023 5576 1415 5645 incommoda,
1478 5575 1580 5630 etsi
1646 5576 2043 5645 lexicographis

466 5648 674 5700 nostris
721 5648 990 5716 ignorata.
1046 5644 1183 5702 llinc
1233 5647 1372 5699 forte
1420 5662 1617 5700 nomen
1675 5645 1893 5716 Bathys,
1924 5644 2040 5700 seu

466 5716 789 5784 profundum
854 5717 1089 5772 accessit
1140 5733 1153 5771 :
1204 5732 1316 5785 quo
1382 5726 1492 5771 tuta
1547 5734 1574 5769 a
1629 5718 1803 5771 ventis
1857 5718 2043 5779 statio,

471 5795 788 5855 protegente
822 5798 1005 5842 monte
1043 5787 1231 5855 aliquo
1272 5796 1365 5840 aut
1407 5788 1567 5849 colle,
1600 5798 1658 5840 ut
1690 5788 1740 5840 in
1772 5786 2042 5856 ejusmodi

468 5856 689 5922 accidit,
743 5858 1163 5927 signiﬁcaretur.
1210 5857 1326 5912 Non
1365 5867 1443 5911 t'sl
1494 5859 1632 5913 idem
1675 5859 1846 5924 locus,
1880 5874 2041 5927 quem

2149 5435 2386 5491 Orielius
2418 5437 2497 5491 vel
2528 5452 2591 5492 ex
2625 5436 2810 5493 Niceta
2842 5436 3015 5504 ponit.
3047 5435 3131 5489 vel
3160 5448 3224 5489 ex
3256 5434 3404 5488 aliis.

2222 5508 2300 5574 (2)
2331 5508 2637 5562 Custorium
2687 5510 2916 5562 nomine.
2966 5506 3215 5571 Videtur,
3264 5506 3410 5574 quod
3445 5503 3738 5560 Castaldus

2152 5579 2305 5645 ponit
2340 5579 2392 5631 in
2434 5580 2613 5632 tabula
2649 5579 2889 5634 Graeciae.
2945 5577 3117 5631 llahet
3167 5588 3381 5635 auctor.
3429 5577 3576 5631 hunc
3614 5590 3737 5629 mo-

2152 5648 2279 5701 dum
2330 5660 2521 5704 auctos
2570 5650 2873 5704 substantia
2928 5647 3087 5701 Lucae
3136 5662 3298 5711 avos,
3346 5649 3414 5699 ab
3465 5645 3739 5713 indigenis

2151 5734 2343 5787 passos
2383 5718 2666 5795 invidiam,
2700 5731 3021 5795 accoaetos
3060 5719 3222 5795 adire
3257 5718 3671 5795 imperatorem,
3697 5730 3737 5795 Aa

2150 5806 2260 5859 quo
2295 5791 2600 5858 impetratis
2634 5789 2848 5853 litteris,
2903 5790 3161 5857 deinceps
3211 5790 3263 5841 in
3320 5803 3451 5855 pace
3501 5789 3733 5857 egerint.
