4094 6424
336 396 447 455 M’:

1484 400 1659 461 VlTA
1703 402 1762 460 S.
1798 400 2011 461 LUC.’E
2050 403 2439 466 JUNlORlS.

3501 402 3625 479 ne

343 511 533 581 μέντοι
562 509 736 578 ἕτερα
763 509 857 561 δύο
887 511 996 562 τῶν
1016 510 1246 571 τέκνων,
1280 509 1434 564 οὔπω
1459 511 1557 581 τὴν
1582 513 1763 583 ἄωρον
1785 529 1929 580 παρ-

2038 516 2237 585 prules,
2271 533 2395 571 cum
2427 518 2659 571 necdum
2703 517 3051 569 immaturam
3082 524 3295 570 tetatent
3326 517 3612 571 maturiori

340 604 667 670 αλλάξιντα
731 602 982 673 ἡλικίαν,
1013 603 1106 655 τδν
1139 603 1267 673 τῇδε
1306 602 1422 669 βίον
1461 604 1824 672 μετήλλαξαν.
1872 608 1930 663 Ὀ

338 698 402 750 δὲ
439 695 624 766 τρίτος
652 697 885 759 ἐκεῖνος,
917 688 1071 757 οὗτός
1102 696 1251 748 ἐστιν
1275 695 1305 748 ὁ
1332 696 1615 760 θειότατος
1647 698 1716 751 τὰ
1751 699 1930 753 πάντα

338 792 593 852 Λουκᾶς.

424 881 496 934 Τὸ
535 882 597 934 δὲ
618 881 831 944 λοιπον,
856 880 997 951 ἔρως
1023 881 1188 934 αὐτὸν
1216 883 1244 934 ὁ
1272 881 1409 935 Θεοῦ
1441 882 1536 934 καὶ
1571 883 1669 949 τῆς
1699 885 1933 954 ἡσυχίας

338 971 510 1035 αὖθις
569 972 732 1037 ἐλὼν,
781 972 1169 1043 παρεσκεύασε
1237 975 1457 1027 πάντων
1519 974 1934 1045 ἐπιλαῡὸμενον,

334 1064 518 1118 αὐτοῦ
557 1066 722 1133 μόνου
757 1065 1035 1132 γενέσθαι·
1086 1066 1185 1118 καὶ
1225 1064 1326 1136 τῆς
1364 1067 1572 1135 μητρὸς
1620 1068 1750 1137 ἄρτι
1798 1070 1936 1139 πρὸς

330 1158 509 1210 τοῦτο
544 1156 620 1225 μὴ
658 1144 1038 1225 ἀντειππύσης,
1092 1158 1506 1228 καταλαμϐάνει
1537 1159 1597 1211 τὸ
1625 1159 1938 1230 προρρηθὲν

330 1248 474 1315 690;
516 1249 717 1309 ἐκεῖνο,
773 1246 800 1299 ὃ
836 1247 987 1316 παρὰ
1017 1247 1127 1300 τῶν
1164 1247 1448 1319 ἐγχωρίων
1495 1247 1792 1317 ἀγροίκως,
1843 1247 1906 1302 οῦ

333 1358 477 1403 τως,
535 1338 855 1404 ’ῐωὰννιτζα
901 1339 1265 1409 καλούμενον*
1298 1333 1361 1395 οὖ
1393 1340 1454 1393 τὸ
1484 1342 1623 1410 πρὸς
1652 1341 1939 1394 θάλασσαν

337 1432 524 1504 μέρος
573 1432 906 1503 περιελθὼν,
949 1432 1074 1485 ἔνθα
1111 1436 1207 1485 καὶ
1251 1433 1420 1503 σηκὸς
1462 1433 1574 1486 τῶν
1603 1433 1939 1502 θαυμαστῶν

337 1522 710 1590 αὐταδέλφων
757 1524 973 1592 Κωσμᾶ
1007 1524 1102 1576 καὶ
1151 1525 1448 1595 Δαμιανοῦ⁶
1507 1527 1564 1579 ὲν
1614 1528 1792 1595 τούτῳ
1837 1525 1941 1594 τὴν

338 1615 665 1684 ἁσκητικὴν
714 1616 878 1677 αὐτὸς
931 1616 1140 1684 σκηνὴν
1182 1618 1623 1685 καταπήγνυσιν.
1676 1618 1837 1680 Οἷους
1880 1617 1938 1670 δὲ

344 1709 480 1759 τοὺς
511 1707 733 1772 ἀγῶνας
768 1707 865 1759 καὶ
910 1708 1040 1769 τοὺς
1081 1708 1278 1770 πόνους
1333 1710 1469 1772 ἐκεῖ,
1537 1711 1631 1761 καὶ
1655 1709 1754 1777 τὴν
1799 1709 1939 1778 προς

352 1797 601 1863 γαστέρα
657 1795 751 1848 καὶ
781 1795 950 1848 ὕπνον
979 1797 1279 1867 διαμάχην,
1313 1798 1516 1867 μᾶλλον
1546 1797 1604 1850 δὲ
1636 1798 1773 1864 πρὸς
1808 1799 1937 1862 τοὺς

2039 617 2365 667 mutassent.
2413 609 2616 661 hancce
2668 616 3073 674 commutantes
3122 606 3310 668 vitam,
3353 608 3612 663 humanis

2034 707 2411 754 excesserunt.
2465 698 2647 752 Tertia
2702 697 2960 768 denique,
3011 698 3097 751 hic
3146 697 3233 751 ille
3286 712 3384 766 per
3429 698 3611 752 omnia

2036 791 2419 845 divinissimus
2453 790 2630 845 Lucas
2661 799 2763 844 est.

2110 884 2244 937 Cum
2282 884 2499 937 tandem
2526 897 2654 936 vero
2682 882 2772 936 Dei
2807 897 2873 936 ac
2906 882 3104 949 quietis
3137 884 3366 948 repetito
3393 881 3617 949 capit-ns

2037 991 2217 1037 amor,
2246 976 2506 1030 omnibus
2533 975 2795 1029 oblivioni
2833 975 3070 1040 traditis,
3099 975 3219 1041 eius
3246 977 3409 1028 unius
3441 982 3617 1027 totum

2039 1066 2176 1132 ﬁeri,
2221 1067 2493 1131 effecisset
2526 1107 2541 1129 ,
2602 1083 2701 1121 nec
2737 1067 2849 1136 jam
2909 1076 3101 1129 mater,
3160 1068 3237 1119 rei
3276 1066 3621 1119 contradice-

2038 1170 2117 1212 ret
2152 1158 2254 1228 (ὅ),
2283 1159 2348 1213 ad
2376 1169 2616 1213 montem
2652 1158 2960 1228 pra-fatum,
2987 1172 3148 1226 quem
3184 1157 3288 1210 loci
3322 1156 3615 1210 incolumie

2040 1251 2321 1305 rusticana
2376 1266 2509 1305 voce
2549 1249 2840 1304 Joannitza
2886 1250 3151 1308 vocitant.
3201 1254 3322 1304 sese
3355 1248 3614 1312 confert;

2038 1343 2266 1413 ejusque
2315 1353 2547 1413 partem,
2575 1359 2680 1411 qua
2718 1344 2938 1412 respicit
2983 1358 3151 1403 mare,
3190 1343 3458 1408 lustrans,
3521 1343 3612 1396 ttbi

2036 1435 2199 1488 etiam
2247 1435 2487 1504 germani
2522 1433 2719 1490 fratres
2766 1435 2996 1489 Cosmas
3044 1443 3097 1487 et
3130 1434 3430 1487 Damianus
3456 1432 3613 1487 delu-
3694 1468 3713 1487 ι

2037 1528 2198 1581 brum
2238 1526 2461 1592 habent,
2491 1527 2545 1580 in
2575 1543 2640 1581 eo
2667 1526 2981 1580 monastica:
3007 1525 3412 1579 exercitationis
3435 1524 3616 1576 taber-

2039 1618 2294 1672 naculum
2330 1616 2464 1671 lixit.
2517 1616 2708 1682 Qualia
2760 1631 2891 1671 vero
2927 1630 2991 1670 ac
3031 1624 3234 1684 quanta
3285 1613 3395 1667 illic
3442 1622 3619 1667 certa-

2038 1709 2226 1770 mina,
2286 1708 2614 1778 laboresque
2687 1723 2789 1762 nec
2861 1723 2969 1761 non
3043 1722 3281 1776 pugnam
3357 1704 3619 1758 adversus

2038 1813 2282 1856 ventrem
2317 1817 2382 1855 ac
2403 1815 2684 1866 somnum,
2748 1816 2845 1855 seu
2903 1802 3079 1869 magis
3130 1800 3394 1851 adversus
3441 1811 3620 1850 sawus

365 1887 431 1937 δι’
468 1885 635 1938 αὐτῶν
667 1885 1047 1955 πολεμοῦντας
1075 1888 1225 1956 ἡμᾶς
1256 1889 1482 1950 σκαιοὺς
1510 1888 1774 1958 δαίμονας
1807 1893 1931 1942 ἐπε.-

2043 1898 2317 1949 daemones
2350 1910 2444 1963 per
2466 1910 2528 1946 ea
2559 1910 2658 1948 nos
2703 1893 3111 1962 impugnantes,
3149 1889 3483 1953 exhibuerit,
3517 1904 3616 1940 ne—

364 1978 585 2043 δείξατο,
616 1977 744 2030 οὗτε
766 1980 949 2047 λέγειν
971 1979 1218 2049 ἀκριϐῶς
1242 1981 1492 2045 δυνατὸν,
1519 1980 1643 2033 οὔτε
1671 1981 1941 2050 λεγόντων

352 2067 664 2136 ἀμφίλογος
728 2069 838 2142 [ἷσ.
882 2070 1273 2143 ἀναμφίϐολος]
1329 2055 1689 2143 ἀκολουθήσει
1727 2074 1937 2138 πίστις,

343 2159 438 2214 διὰ
469 2164 573 2232 τὴν
603 2163 917 2235 ὑπερϐολὴν
951 2166 1045 2217 τοῦ
1079 2166 1433 2235 πράγματος.

442 2254 599 2307 Ἐπεὶ
633 2254 688 2306 δὲ
749 2256 845 2308 καὶ
865 2257 973 2324 πῆς
1023 2256 1119 2309 τοῦ
1169 2258 1315 2310 θείου
1366 2260 1460 2311 καὶ
1511 2259 1752 2330 μεγάλου
1806 2262 1939 2330 σχή-

348 2366 532 2417 ματος
562 2349 914 2417 τελειωτικῆς
945 2351 1169 2419 χάριτος
1222 2351 1420 2406 οὔποτε
1464 2353 1786 2423 τετυχηκὼς
1832 2350 1935 2425 ἧν,

340 2443 447 2494 καὶ
487 2440 694 2511 πολλὴν
728 2440 917 2494 ὤδινεν
964 2443 1130 2495 αὐτοῦ
1161 2443 1260 2513 τὴν
1299 2444 1618 2513 ἐπιθυμίαν·
1666 2444 1936 2511 ἀξιοῦται,

343 2533 445 2585 καὶ
486 2532 683 2586 τούτου
716 2533 858 2586 κατὰ
888 2533 986 2603 τὴν
1014 2534 1107 2587 τοῦ
1143 2536 1212 2603 ἀγ
1228 2535 1361 2587 ιλθοῦ
1396 2537 1677 2605 πρόνοιαν.
1730 2537 1939 2602 Ἀξιοῦ-

343 2642 443 2676 ται
482 2624 544 2676 δὲ
575 2622 770 2686 οὕτως.
800 2626 1046 2695 Μοναχοὶ
1070 2625 1163 2677 δύο
1208 2625 1373 2696 πολιᾷ
1411 2627 1785 2696 κοσμούμενοι
1834 2629 1938 2697 γή-

349 2733 489 2783 ρως,
516 2718 687 2786 ἀρετῇ
711 2717 766 2768 δὲ
797 2715 999 2785 μᾶλλον
1016 2716 1351 2786 κοσμοῦντες
1372 2720 1464 2770 καὶ
1486 2719 1585 2789 τὴν
1603 2718 1814 2780 πολιὰν,
1838 2720 1939 2787 τὴν

348 2809 500 2879 πρὸς
532 2810 637 2877 τὴν
657 2809 1043 2879 πρεσϐυτέραν
1084 2810 1303 2879 Ῥώμην
1337 2812 1568 2879 πορείαν
1595 2810 1933 2880 ποιούμενοι,

350 2900 550 2971 ὥσπερ
579 2901 639 2968 ἐξ
661 2903 966 2971 ἀποστολῆς
994 2920 1159 2967 τινος,
1195 2903 1379 2967 καλῶς
1401 2922 1460 2956 τε
1479 2905 1573 2958 καὶ
1596 2905 1936 2975 φιλοφρόνως

354 2991 601 3058 ξενίσας,
636 2991 758 3047 εἷτα
794 2996 889 3049 καὶ
938 2997 1006 3049 τὰ
1060 2997 1159 3066 τῆς
1215 2995 1443 3065 γνώμης
1504 2997 1806 3061 κοινοῦται,
1839 2998 1936 3051 καὶ

346 3085 474 3139 λίαν
497 3087 628 3157 περὶ
663 3087 759 3139 τοῦ
788 3091 1116 3158 πράγματος
1145 3088 1366 3157 Θερμῶς
1405 3089 1570 3152 ἀξιοῖ.
1611 3090 1678 3141 0i.
1710 3089 1785 3153 δὲ,
1840 3090 1937 3142 καὶ

2040 2004 2148 2057 que
2200 1987 2324 2056 quis
2387 1986 2620 2041 dicendo
2666 1985 2882 2055 assequi
2933 1984 3261 2054 pussit,ncc
3311 1981 3620 2037 dicentibus

2040 2079 2344 2132 indubitata
2405 2078 2538 2131 fides
2591 2079 2662 2130 ob
2739 2077 2816 2131 rei
2906 2074 3356 2144 exsuperantiam
3456 2087 3621 2127 secu-

2040 2179 2162 2225 tura
2206 2171 2299 2225 sit.

2111 2262 2248 2328 Quia
2311 2276 2443 2314 vero
2499 2259 2730 2313 necdum
2776 2258 2945 2313 divini
2997 2273 3062 2312 ac
3108 2256 3337 2326 maioris
3398 2257 3623 2311 habitus

2038 2361 2515 2407 consutnmautem
2580 2349 2811 2419 gratiam
2867 2358 3201 2403 consecutus
3251 2357 3393 2410 erat,
3448 2347 3621 2416 pluri-

2040 2459 2304 2513 mumque
2337 2443 2459 2513 ejus
2494 2442 2833 2497 desiderium
2866 2441 3230 2511 parturiebat,
3264 2439 3359 2496 Dei
3401 2441 3620 2496 tandem

2044 2536 2407 2605 providentia,
2456 2549 2578 2603 quae
2623 2533 2742 2601 ejus
2794 2534 3008 2588 bonitas
3053 2543 3157 2596 est,
3201 2534 3431 2587 obtinet.
3468 2530 3625 2587 Hune

2040 2638 2224 2683 autem
2256 2644 2344 2684 res
2371 2628 2592 2682 modum
2624 2628 2834 2681 habuit.
2871 2626 3124 2681 Manachi
3157 2628 3265 2681 duo
3295 2627 3432 2681 senii
3469 2628 3623 2681 canis

2038 2723 2241 2785 ornati.
2268 2722 2397 2790 quin
2432 2722 2614 2789 potius
2654 2729 2917 2774 oruantcs
2963 2728 3017 2774 et
3062 2720 3166 2788 ipsi
3198 2720 3400 2774 virtute
3433 2734 3621 2783 canus,

2039 2815 2314 2868 seniorem
2342 2811 2573 2867 Romam
2607 2812 2842 2881 quadam
2871 2811 3018 2865 velut
3041 2812 3310 2880 legatione
3341 2812 3623 2881 petebant.

2039 2904 2088 2960 Is
2138 2906 2227 2961 ubi
2289 2905 2424 2958 bene
2477 2919 2543 2959 ac
2597 2903 2909 2958 humaniter
2993 2904 3235 2973 hospitio
3287 2903 3615 2972 excepisset.

2039 3000 2449 3053 communicato
2505 3000 2855 3067 postmodum
2907 2997 3173 3063 consilio,
3223 2998 3331 3050 voti
3393 3011 3620 3065 compos

2041 3092 2156 3147 fieri
2193 3093 2409 3147 enixius
2437 3093 2697 3161 postulat.
2732 3091 2814 3145 illi
2855 3105 3002 3153 vero,
3034 3090 3235 3160 quippe
3259 3091 3351 3160 qui
3391 3096 3620 3144 nossent

348 3179 460 3246 γὰρ
500 3179 655 3242 ἄξιον
683 3179 785 3250 τῆς
829 3179 1022 3233 τούτου
1059 3180 1327 3249 ὑποδοχῆς
1373 3180 1434 3234 τὸ
1482 3181 1675 3244 σκεῦος
1722 3182 1931 3253 ἑώρων,

2041 3187 2265 3252 (tignum
2299 3199 2421 3238 esse
2461 3200 2556 3237 vas
2581 3184 2721 3252 quod
2773 3184 3094 3251 susciperet,
3131 3182 3267 3236 nihil
3295 3189 3619 3245 morantur;

347 3270 505 3321 οὐδὲν
533 3269 787 3338 ἔμελλον,
819 3270 955 3324 ἀλλὰ
982 3270 1053 3323 τὰ
1101 3273 1474 3341 νενομισμένα
1505 3274 1649 3326 κατὰ
1697 3272 1936 3343 σπουδὴν

347 3363 436 3415 ἐπ’
495 3361 650 3430 αὐτῷ
697 3362 1019 3433 δράσαντες,
1069 3365 1132 3415 τὺ
1187 3363 1551 3417 ἁποστολικδν
1621 3366 1787 3418 αὐτῖν
1840 3366 1938 3419 καὶ

351 3454 634 3522 μακάριον
667 3453 914 3508 ἐνδύουσι
945 3455 1153 3523 σχῆμα)
1192 3454 1288 3508 καὶ
1331 3457 1431 3523 τῆς
1482 3456 1680 3524 στενῆς
1731 3474 1790 3508 τε
1840 3457 1936 3511 καὶ

346 3546 728 3617 τεθλιμμένης
783 3547 926 3611 ὁδοῦ,
964 3549 1141 3599 εἴτουν
1190 3548 1290 3616 τῆς
1346 3548 1484 3617 πρὸς
1535 3548 1684 3619 ζωὴν
1735 3549 1935 3618 φερού-

348 3659 475 3712 σης,
519 3641 591 3693 τὰ
644 3640 898 3709 σύμϐολα
945 3639 1359 3709 περιϐάλλουσι’
1417 3641 1621 3707 μᾶλλον
1652 3643 1729 3703 δὲ,
1759 3642 1789 3694 ὃ
1819 3644 1935 3705 τοῖς

349 3734 533 3802 ἔργοις
567 3734 779 3793 ἐκεῖνος
809 3733 1075 3802 πρότερον
1107 3729 1198 3803 ἦν,
1228 3733 1390 3786 τοῦτο
1430 3733 1497 3804 δὴ
1551 3735 1646 3787 καὶ
1692 3734 1781 3791 διὰ
1833 3734 1930 3786 τοῦ

349 3829 635 3897 σχήματος
668 3825 1005 3879 δεικνύουσιν
1038 3825 1293 3894 ὕστερον.

425 3918 577 3971 Ἀλλ’
605 3917 633 3970 δ
664 3918 758 3972 καὶ
790 3920 919 3990 περὶ
947 3918 1075 3981 τοὺς
1100 3920 1195 3972 τοῦ
1223 3919 1456 3987 εὐαγοῦς
1505 3920 1703 3974 τούτου
1753 3922 1933 3991 πράγο

350 4027 526 4079 ματος
545 4011 984 4081 τελεσιουργοὺς,
1021 4012 1149 4075 τοὺς
1183 4014 1457 4082 μοναχοὺς
1496 4012 1666 4081 λέγω,
1709 4014 1927 4083 θαυμα-

343 4105 690 4173 τουργεῖται,
716 4102 875 4168 λέξω.
917 4102 1225 4174 Ἔστρεφον
1257 4102 1360 4172 μὲν
1389 4102 1500 4175 γὰρ
1531 4104 1758 4157 ἐκεῖνον
1786 4104 1926 4157 ἀλλὰ

418 4219 661 4275 'Matth.
698 4235 795 4284 νη,
833 4219 924 4276 Η.

2039 3277 2135 3330 sed
2195 3277 2431 3346 legitima
2474 3275 2658 3329 omnia
2721 3275 2865 3329 circa
2921 3274 3101 3343 ipsum
3162 3286 3395 3342 propere
3449 3284 3613 3326 exsc-

2034 3379 2289 3440 quentes,
2321 3368 2682 3437 apostolicum
2713 3382 2778 3419 ac
2806 3367 3021 3420 beatum
3067 3365 3314 3420 habitum
3346 3364 3623 3428 induunt;

2035 3469 2309 3529 arcusque
2337 3475 2402 3515 ac
2424 3470 2675 3531 angustae
2703 3461 2827 3523 vite,
2859 3461 2981 3529 ejus
3025 3458 3281 3513 nimirum
3314 3472 3436 3526 qua:
3469 3456 3620 3511 ducit

2034 3551 2100 3605 ad
2133 3551 2299 3604 vitam
2327 3550 2372 3614 ⁵,
2405 3549 2651 3620 symbols
2706 3549 3031 3618 imponunt,
3084 3562 3181 3602 seu
3230 3546 3434 3616 potius,
3471 3544 3621 3614 quod

2039 3643 2133 3698 iile
2161 3643 2271 3712 jam
2300 3641 2455 3712 prius
2503 3642 2679 3710 reipsa
2713 3651 2850 3706 erat,
2888 3641 2995 3694 hoc
3034 3654 3160 3693 eum
3209 3638 3285 3691 illi
3316 3653 3383 3693 ex
3427 3636 3621 3691 habitu

2041 3748 2264 3804 quoque
2284 3733 2637 3803 postmodum
2671 3733 2988 3788 ostendunt.

2108 3918 2400 3973 Enimvero
2459 3931 2559 3971 nec
2605 3915 2751 3985 quod
2807 3915 2855 3969 is
2905 3913 3174 3968 miraculo
3242 3912 3389 3968 circa
3442 3928 3617 3968 sacrae

2033 4011 2203 4080 hujus
2226 4010 2304 4064 rei
2339 4016 2816 4065 consummatores
2854 4008 3158 4062 monachos
3190 4004 3376 4073 efficit,
3413 4005 3610 4062 silebo.

2036 4101 2472 4158 ltevertebantur
2519 4101 2641 4167 illi;
2703 4100 2951 4170 exceptis
2997 4107 3179 4153 autem
3237 4098 3616 4164 necessariis,

1629 4313 1730 4375 Fr.
1774 4311 2133 4375 Combeiisii
2167 4318 2350 4373 noue;

418 4437 501 4511 (3)
537 4433 648 4489 Nec
689 4435 806 4511 jant
836 4445 1009 4511 pater
1067 4437 1146 4511 rei
1175 4436 1580 4511 contradiceret.
1609 4436 1781 4511 O‘misi
1812 4437 1922 4511 illa

2032 4418 2426 4504 perstringere.
2478 4433 2568 4488 Sic
2597 4447 2727 4504 ergo
2758 4448 3035 4504 reversus,
3095 4448 3195 4489 nec
3220 4471 3236 4496 .
3272 4443 3333 4489 ιιι
3372 4433 3611 4495 videtur.

350 4503 565 4569 omnia,
594 4522 715 4576 utne
741 4506 805 4559 ad
835 4506 996 4562 Lucae
1028 4506 1325 4576 primordia
1354 4517 1623 4574 spectant,
1652 4506 1705 4561 itt
1732 4508 1934 4576 quibus
1970 4512 2011 4564 D
2043 4505 2231 4560 habitu
2262 4503 2570 4576 monastico
2592 4503 2811 4576 exutus,
2840 4503 2929 4558 ttbi
2960 4511 3175 4576 tempus
3203 4505 3421 4576 aliquod
3450 4509 3613 4562 matri

350 4587 543 4633 auctor
565 4617 581 4640 ,
609 4575 833 4645 jejuniis
878 4592 929 4630 tv
970 4592 1035 4630 ac
1064 4592 1120 4631 vr
1162 4576 1327 4635 feriae.
1360 4577 1644 4631 Nicolaum
1676 4575 1930 4644 exhibet;

351 4650 559 4718 pietate
594 4646 647 4718 ᾔει
682 4661 996 4718 pauperes;
1025 4647 1201 4718 nudos
1223 4683 1241 4710 ,
1293 4648 1631 4718 peregrinos,
1685 4646 1935 4702 Abraha-

354 4715 527 4783 mum,
589 4715 906 4781 Mat-tinum,
958 4715 1354 4772 Franciscum:
1397 4716 1464 4771 Ut
1512 4719 1638 4771 item
1694 4718 1931 4785 primum

356 4789 570 4852 fugiens
603 4788 658 4840 in
692 4787 1026 4842 Thessaliam
1060 4786 1244 4840 animo
1264 4786 1521 4841 iuduendi
1561 4787 1891 4842 monachum
1914 4827 1930 4850 ,

362 4868 612 4925 tauquam
668 4872 861 4912 servus
909 4873 973 4911 ac
1004 4855 1263 4927 fugitivus
1293 4871 1321 4911 a
1361 4857 1627 4913 militibus
1655 4858 1933 4927 praesidia-

366 4928 461 4979 riis
488 4938 680 4997 captus
704 4967 719 4990 ,
752 4943 817 4981 ac
848 4926 1171 4981 verberibus
1219 4942 1395 4982 caesus
1416 4967 1430 4987 .
1465 4928 1686 4993 agnitus
1714 4928 1929 4981 tandem

361 4998 424 5050 ad
452 5013 582 5052 suos
610 4997 877 5052 remissus
913 4998 1007 5051 sit.
1044 4997 1116 5053 Ut
1159 4997 1323 5051 etiam
1350 5036 1366 5057 ,
1393 4997 1607 5052 duobus
1638 5013 1696 5052 se
1735 5011 1932 5051 mona-

357 5068 470 5121 chis
488 5066 661 5121 Roma
681 5066 1054 5139 redeuntibus,
1073 5082 1137 5120 ac
1151 5068 1457 5139 petentibus
1475 5067 1928 5139 Hierosolymam,

356 5138 613 5192 comitem
659 5137 895 5191 dederit
919 5139 1182 5191 mentitus
1229 5137 1312 5191 sui
1344 5138 1569 5191 omnino
1599 5137 1740 5207 juris
1764 5150 1888 5191 esse
1911 5177 1926 5199 ,

356 5222 459 5277 qua
482 5208 649 5262 etiam
679 5207 887 5270 fraude,
907 5221 971 5261 ac
993 5216 1183 5262 tacens
1208 5207 1408 5262 habere
1427 5206 1655 5262 matrem
1686 5206 1925 5270 viduam,

357 5276 663 5335 monastieo
704 5278 891 5332 habitu
948 5276 1179 5332 Athenis
1227 5277 1462 5332 donatus
1514 5278 1606 5342 sit,
1646 5292 1768 5332 cutn
1799 5291 1924 5331 eum

354 5350 625 5414 comites,
682 5348 900 5401 cuidam
958 5347 1070 5401 illic
1120 5348 1417 5416 praeposito
1474 5347 1926 5404 cointnendantes

358 5435 383 5471 r
415 5418 869 5488 liquissent,iter
900 5424 1139 5486 ereptum
1168 5419 1532 5486 prosecuturi.
1564 5416 1637 5473 Ut
1662 5418 1923 5488 denique,

355 5498 527 5545 matre
560 5490 701 5558 apud
738 5487 910 5542 Deum
940 5488 1355 5558 interpellante.
1391 5505 1457 5543 ac
1490 5504 1584 5557 per
1612 5491 1789 5544 visum
1815 5487 1924 5543 sae-

355 5562 473 5625 pius
533 5576 560 5613 a
598 5557 914 5627 ’prteposito
973 5557 1142 5611 ﬁlium
1213 5567 1533 5627 repetente,
1592 5558 1925 5613 monasterio

351 5630 553 5694 eiectus
576 5632 672 5687 sit.
690 5637 747 5683 et
777 5628 843 5682 ad
871 5643 991 5683 eam
1015 5629 1280 5684 remissus
1304 5647 1318 5680 :
1344 5632 1534 5684 eodem
1564 5629 1923 5683 nihilominus

352 5701 713 5763 concedente,
760 5707 821 5754 ut
867 5698 921 5752 in
963 5697 1140 5752 vicino
1194 5698 1380 5767 aliquo
1426 5710 1642 5764 monte,
1691 5715 1756 5752 ac
1803 5698 1924 5752 loco

353 5771 640 5826 euutnodo
695 5769 929 5823 seorsim
983 5768 1098 5837 ipse
1145 5771 1434 5824 asceticatn
1487 5769 1667 5823 colere
1717 5776 1919 5836 posset.

358 5841 515 5896 l-.rant
548 5844 666 5897 haec
706 5839 885 5908 plures
916 5838 1203 5910 impletura
1244 5840 1502 5909 paginas,
1539 5840 1815 5909 maluique
1847 5838 1921 5892 ita

2040 4576 2340 4629 obsecutus
2391 4574 2618 4637 fuisset,
2673 4573 2851 4642 priora
2907 4574 3126 4642 tandem
3178 4573 3479 4640 exercitia,
3514 4592 3613 4630 att-

2040 4654 2260 4706 nuente,
2298 4645 2518 4713 repetit,
2550 4658 2615 4698 ac
2630 4640 2776 4701 serio
2805 4640 3135 4713 monachum
3168 4657 3330 4713 agere
3355 4644 3619 4707 instituit.

2038 4714 2271 4771 Donavit
2323 4711 2415 4769 ille
2467 4713 2693 4767 Athenis
2744 4712 3111 4782 praepositus,
3166 4711 3344 4782 inquit
3391 4724 3609 4782 auctor,

2036 4786 2174 4849 τέως
2207 4783 2361 4853 γοῦν,
2396 4784 2458 4837 τὸ
2485 4783 2597 4836 τῶν
2633 4780 3095 4853 εἰσαγομένων,μὸ
3136 4781 3233 4833 καὶ
3275 4782 3476 4853 μικρὸν
3501 4780 3610 4837 οἶδε

2036 4850 2229 4908 καλεῖν
2250 4856 2282 4921 ἡ
2317 4854 2613 4922 συνήθειαι
2644 4850 2899 4905 hactenus
2930 4850 3162 4920 quidem,
3213 4866 3393 4922 eorum
3427 4851 3611 4907 habitu

2033 4926 2123 4995 qui
2150 4920 2584 4995 introducantur,
2617 4936 2682 4977 ac
2702 4936 2800 4976 ceu
2837 4932 3090 4995 tyronunt
3153 4934 3219 4974 ac
3251 4920 3608 4995 noyitiornm,

2033 4990 2188 5063 (luem
2230 4994 2550 5048 consuetudo
2595 5000 2672 5047 est
2724 4991 2992 5059 appellare
3040 5006 3262 5063 parcum
3324 4990 3607 5063 habitum:

2036 5061 2297 5135 majorem
2336 5065 2426 5135 diu
2468 5071 2657 5135 postea
2689 5063 2916 5135 accepit,
2967 5076 2996 5115 a
3042 5061 3259 5135 duobus
3302 5062 3611 5118 senioribus

2035 5131 2321 5190 monachis
2352 5131 2583 5186 Romam
2640 5133 2766 5185 item
2803 5133 2872 5186 ad
2920 5140 3068 5186 certa
3099 5131 3349 5203 quaedam
3392 5134 3608 5203 negotia

2032 5204 2521 5273 proﬁciscentibus.
2567 5202 2842 5271 ltcprobat
2878 5216 3134 5273 magnum
3165 5203 3435 5266 habitum,
3467 5202 3606 5257 San-

2032 5284 2152 5330 ctus
2184 5276 2508 5331 Theodorus
2552 5273 2765 5327 Studita
2797 5275 2853 5326 itt
2883 5287 2988 5327 suo
3024 5281 3374 5338 testamento,
3411 5284 3470 5327 ut
3502 5273 3607 5326 Pa-

2031 5352 2176 5400 trum
2235 5345 2437 5415 regulis
2481 5347 2796 5406 adversum,
2832 5360 2896 5397 ac
2952 5358 3064 5397 uno
3109 5356 3299 5397 omnes
3328 5342 3606 5415 communi

2032 5415 2221 5470 habitu
2263 5413 2318 5469 in
2367 5415 2622 5470 cretiobio
2666 5429 2766 5469 suo
2818 5422 3103 5468 contentos
3152 5427 3276 5467 esse
3322 5414 3518 5467 statuit
3549 5413 3603 5467 in

2029 5487 2265 5555 regulis,
2301 5499 2444 5554 quas
2478 5484 2589 5539 illic
2620 5485 2923 5539 successori
2959 5483 3254 5555 praeposito
3281 5479 3607 5555 tradit.__V_e.

2031 5550 2149 5610 rnin
2186 5550 2397 5611 obtinet
2423 5556 2726 5609 etiamnum
2758 5568 2819 5608 ea
2865 5550 3045 5622 magni
3075 5550 3312 5622 'habitus
3361 5550 3605 5622 traditio.

2028 5627 2409 5696 induuntque,
2461 5640 2570 5681 non
2609 5625 2815 5696 passim
2865 5621 3079 5696 omnes,
3141 5621 3233 5675 sed
3295 5621 3390 5689 qui
3439 5621 3606 5696 ritam

2027 5690 2406 5759 austerioretn,
2443 5712 2507 5750 ac
2560 5690 2763 5748 mundo
2793 5693 2968 5762 magis
3000 5698 3274 5762 mortuam
3297 5729 3314 5754 ,
3346 5690 3610 5761 proﬁten—

2029 5776 2138 5834 tur,
2168 5783 2231 5822 ac
2258 5768 2567 5838 pecularius
2597 5772 2792 5819 ascette
2816 5773 2942 5820 sunt
2965 5777 3028 5816 ac
3063 5761 3342 5816 dicuntur.
