4094 6398
278 267 387 331 449

1422 261 1597 322 νιΤΑ
1641 262 1706 320 S.
1745 257 1968 319 ΙΛΙΟᾹί
2004 252 2388 317 IUNIORIS.

3440 245 3548 308 450

290 381 386 435 καὶ
406 376 501 431 τὸν
528 375 719 431 ἄδικον
753 371 1118 434 ἑκκαλύπτεις
1149 369 1332 438 φόνον,
1367 367 1459 422 ἵνα
1491 369 1587 420 καὶ
1608 366 1670 419 τὸ
1701 365 1864 419 Θεῖον

1994 366 2153 433 ingua
2176 403 2191 428 ,
2222 356 2529 424 .hiscente’;
2591 354 2836 411 subdens
2893 364 3118 413 sanctus
3152 371 3166 409 :
3206 373 3224 405 ι
3253 352 3506 420 Quandiu
3529 384 3548 412 .

287 472 452 539 φύσει
502 466 872 537 μισοπόνηρον
919 462 979 515 ὃν
1009 502 1026 528 ,
1094 461 1292 532 μικρὸν
1350 458 1525 522 οὕτως
1586 458 1872 530 ὲξιλεώση,

287 562 597 629 κατήγορος
635 553 867 610 σεαυτοῦ
895 552 1191 622 γενόμενος
1219 568 1233 617 ;
1269 569 1287 601 ι
1309 550 1366 602 '0
1402 548 1459 602 δὲ
1491 548 1646 619 μόλις
1677 547 1874 601 ἑαυτὸν

287 651 762 720 ἁποϐιασάμενος,
796 648 1012 716 συνεχεῖ
1040 646 1136 698 καὶ⁸
1161 642 1586 711 διακεκομμένῳ
1633 640 1712 711 τῷ
1742 640 1876 697 ἄσθ-

291 758 446 812 ματι·
473 741 572 795 «Τί
597 742 728 810 παρ’
758 740 936 809 ἡμῶν,
967 737 1142 805 λέγει,
1173 735 1269 789 τοῦ
1293 735 1430 787 Θεοῦ
1456 733 1733 805 ἄνθρωπε,
1770 750 1879 803 μα-

286 835 404 887 Οείν
445 833 722 895 ἀπαιτεῖς.
755 832 793 886 ἃ.
822 831 918 884 καὶ
952 830 1058 900 πρὸ
1092 827 1254 898 ἡμῶν
1290 827 1456 890 αὐτὸς
1480 826 1585 879 ὑπὸ
1607 825 1708 895 τῆς
1735 828 1874 877 ὲνοι-

288 922 497 992 κούσης
531 938 617 975 σοι
652 922 878 992 χάριτος
904 917 1214 990 ἐδιδάχθης.
1245 918 1361 971 Οὐκ
1389 914 1601 986 ἐκρύϐη
1630 914 1740 984 γὰρ
1766 915 1875 967 ἀπὸ

288 1017 388 1069 σοῦ
420 1014 451 1068 ὃ
476 1014 761 1085 πεποίηκα
803 1014 861 1066 ὲν
902 1014 1113 1083 κρυφῇ.
1165 1010 1314 1078 Πλὴν
1359 1008 1497 1063 ἀλλὰ
1538 1008 1616 1078 τῷ
1659 1008 1736 1078 σῷ
1778 1024 1875 1060 κε-

286 1108 565 1178 λεύσματι
611 1105 747 1159 εῖκω
791 1105 886 1159 καὶ
917 1104 1083 1173 λέγω,
1116 1103 1214 1158 καὶ
1248 1101 1568 1175 θριαμϐεύω
1601 1099 1664 1153 τδ
1690 1101 1876 1163 κακῶς

288 1198 585 1270 ἑργασθέν.
614 1216 634 1250 ι
670 1195 860 1260 Οὕτως
900 1194 1094 1262 εἰπὼν,
1151 1195 1405 1265 φανερῶς
1448 1194 1549 1265 τὴν
1602 1193 1878 1264 ἁμαρτίαν

289 1291 642 1363 ἐξαγορεύει,
684 1289 910 1343 διελθὼν
965 1289 1200 1355 ἕκαστα,
1228 1290 1345 1351 πῶς
1392 1305 1453 1339 τε
1486 1290 1581 1340 καὶ
1622 1285 1751 1352 ποῦ,
1782 1284 1878 1338 καὶ

286 1385 351 1437 δι’
385 1386 457 1457 ῆν
501 1385 688 1437 αἰτίαν
749 1383 840 1436 τὸν
870 1382 1071 1436 ἑαυτοῦ
1125 1381 1470 1451 συνέκδημον
1505 1379 1877 1433 ἀποκτείνειε.

290 1475 423 1532 Εἶτα
459 1478 800 1549 προσπίπτει
836 1479 950 1540 τοῖς
988 1475 1082 1529 τοῦ
1107 1476 1263 1544 ἁγίου
1299 1475 1446 1541 ποσὶ,
1479 1474 1554 1543 μὴ
1590 1473 1878 1543 παροφοῆς

291 1589 378 1624 ναι
445 1571 726 1640 δεόμενος,
769 1568 832 1622 ὐ
873 1568 931 1622 δὲ
986 1568 1083 1622 καὶ
1126 1563 1306 1621 οἶκτον
1355 1566 1521 1619 αὐτοῦ
1585 1564 1879 1634 λαμϐάνει,

289 1662 388 1715 καὶ
418 1661 481 1715 τὸ
504 1660 672 1731 τάχος
703 1659 980 1732 ἀνίστησι,
1015 1658 1262 1712 νουθετεῖ
1313 1675 1372 1710 τε
1414 1658 1508 1711 κα)⁵
1541 1654 1875 1727 παρακαλεῖ,

1978 457 2181 527 inquit,
2211 455 2363 517 siles,
2399 467 2500 507 nec
2532 449 2710 519 palam
2755 445 3011 500 omnibus
3049 455 3329 514 peccatum
3369 448 3552 500 uadu-

1976 550 2078 610 cis,
2109 561 2172 601 ac
2207 547 2448 614 iniquam
2480 543 2690 597 revelas
2724 539 2948 601 cmdem,
2987 553 3096 608 quo
3131 546 3181 590 te
3233 538 3348 607 ipse
3386 553 3551 590 accu-

1976 655 2128 704 sans,
2176 637 2420 691 divinum
2475 649 2701 694 numen,
2750 631 2837 687 cui
2879 647 2908 685 a
2950 640 3145 683 natura
3196 629 3323 683 mali
3363 630 3550 683 odium

1975 739 2084 793 est,
2138 726 2418 781 modicum
2492 725 2831 791 aliquantum
2896 720 3186 790 propitium
3252 719 3421 773 facias
3488 734 3554 774 ac

1976 820 2200 893 places?
2237 838 2256 872 ι
2298 820 2364 873 At
2414 817 2523 883 ille,
2561 817 2643 870 vix
2690 816 2907 870 tandem
2943 817 3050 867 vim
3101 813 3328 875 faciens,
3384 811 3556 865 conti-

1978 929 2089 970 nuo
2138 928 2201 967 ac
2259 912 2518 966 interciso
2586 908 2879 962 anhelitu:
2919 925 2937 957 ι
2976 904 3139 971 Quid,
3201 901 3399 972 inquit,
3456 900 3553 955 Dei

1977 1005 2162 1073 homo,
2195 1020 2223 1056 a
2255 1003 2412 1056 nobis
2440 1000 2578 1071 petis
2608 999 2845 1059 discere,
2875 1013 2996 1067 qua:
3020 995 3156 1064 ipse,
3190 994 3376 1049 divina
3411 993 3465 1046 in
3502 1003 3555 1047 te

1978 1097 2260 1152 habitante
2292 1095 2460 1166 gratia
2487 1092 2771 1155 edocentc,
2801 1096 2928 1142 ante
2962 1087 3241 1141 didicisti?
3273 1084 3382 1139 Nec
3406 1085 3554 1139 enim

1981 1197 2092 1242 ate
2125 1185 2225 1241 fuit
2255 1186 2612 1247 occultatum,
2660 1182 2805 1251 quod
2832 1179 2934 1234 t‘eci
2982 1179 3036 1233 in
3083 1178 3319 1232 occulto.
3372 1176 3559 1229 Enim-

1981 1295 2111 1335 vero
2140 1278 2355 1349 jubenti
2409 1276 2505 1331 tibi
2554 1290 2760 1329 morem
2824 1287 2976 1344 gero,
3025 1288 3089 1326 ac
3125 1272 3269 1331 dico,
3301 1268 3561 1339 quodque

1981 1372 2125 1427 male
2181 1382 2393 1441 gestum
2454 1366 2581 1428 fuit,
2642 1367 2817 1434 palam
2878 1365 3130 1418 traduce.
3169 1382 3187 1414 ι
3248 1360 3318 1415 lis
3372 1362 3556 1424 dictis,

1981 1465 2161 1532 palam
2226 1470 2512 1531 peccatum
2563 1458 2877 1519 contitetur,
2930 1456 3242 1509 edisserens
3298 1452 3556 1522 singula,

1983 1553 2282 1624 quomodo,
2319 1567 2384 1605 ac
2414 1550 2528 1614 ubi,
2566 1550 3057 1619 quamobremque,
3094 1546 3309 1599 itineris
3344 1544 3559 1598 socium

1984 1646 2301 1700 occidisset.
2356 1641 2495 1696 Tum
2529 1641 2706 1695 sancti
2759 1640 2993 1710 pedibus
3072 1635 3408 1699 advolvitur,
3469 1650 3560 1688 ro-

291 1755 386 1808 καὶ
419 1753 641 1806 κανόσιν
675 1750 1042 1822 ἀσφαλίζεται
1070 1753 1181 1812 τοῖς
1214 1750 1363 1820 αὐτῷ
1397 1751 1683 1820 φορητοῖς,
1715 1747 1875 1800 τοῦτο

1986 1751 2116 1806 gans
2149 1744 2206 1787 ut
2237 1734 2375 1788 nolit
2401 1733 2700 1801 despicere.
2735 1732 2786 1785 is
2820 1740 3025 1794 autem,
3059 1742 3183 1782 cum
3227 1726 3347 1795 ejus
3395 1726 3562 1779 mise-

297 1845 422 1895 κατ’
446 1842 721 1914 ἐξαίρετον
742 1843 1080 1914 ἐπισκήψαςο
1111 1843 1190 1907 είς
1214 1843 1306 1895 τὸν
1331 1842 1501 1909 τάφον
1526 1839 1775 1909 οἴχεσθαι
1790 1838 1882 1891 τοῦ

306 1936 719 2005 πεφονευμένου·
744 1933 956 2005 δάκρυὰ
981 1950 1043 1986 τε
1072 1932 1234 1986 αὑτοῦ
1267 1931 1444 1985 πολλὰ
1470 1948 1614 1984 κατα
1626 1933 1875 1996 σπεῖσαι,

304 2027 397 2078 καὶ
443 2028 599 2096 τρίτα
654 2027 754 2080 καὶ
804 2028 1004 2081 ἐννατα
1055 2027 1173 2091 καὶ,
1209 2026 1632 2092 τεσσαρακοστά
1683 2023 1877 2077 τούτου

293 2119 602 2183 πολυτελῶς
651 2121 955 2175 ἐκτελέσαι*
1023 2119 1267 2190 γονάτων
1325 2119 1536 2182 κλίσεις
1565 2119 1683 2171 ἐκεῖ
1712 2133 1874 2187 ποιη-

292 2208 557 2278 σάμενον,
590 2212 641 2263 εί
673 2210 901 2264 δυνατὸν
931 2211 1032 2264 οὐκ
1070 2210 1331 2275 ἐλάττους
1372 2212 1484 2264 τῶν
1537 2208 1873 2280 τρισχιλίων·

293 2301 501 2371 μᾶλλον
529 2301 587 2354 δὲ
615 2301 704 2355 διὰ
735 2302 853 2373 βίου
885 2303 984 2371 τὴν
1013 2303 1290 2375 ἁμαρτίαν
1324 2303 1569 2374 θρηνεῖν,
1605 2301 1700 2354 καὶ
1743 2298 1879 2353 ἐνώ-

294 2405 418 2441 πιον
447 2390 622 2460 αὐτὴν
650 2390 815 2461 ἔχειν,
842 2395 956 2455 τοῖς
996 2392 1182 2456 πίναξι
1219 2392 1322 2460 τῆς
1380 2390 1563 2461 ψυχῆς
1594 2389 1877 2460 ἐγγραψά-

290 2496 475 2548 μενον.
507 2481 664 2535 οὕτω
693 2484 1094 2552 παραγγείλας,
1118 2485 1347 2556 ἀφίησιν
1379 2484 1591 2550 οἴκαδε,
1622 2482 1874 2552 καθαρὰν

290 2569 593 2638 ἐπίγνωσιν
637 2576 786 2643 αὐτῷ
815 2577 911 2628 τοῦ
945 2576 1115 2631 καλοῦ
1159 2577 1257 2631 καὶ
1291 2580 1390 2649 τῆς
1432 2575 1711 2647 ἁμαρτίαις
1768 2590 1873 2627 κα·

222 2730 231 2738 .
288 2660 573 2728 τάγνωσιν
614 2664 893 2733 ἐμϐαλὼν,
929 2668 1024 2719 καὶ
1061 2667 1264 2738 πολλὴν
1299 2667 1636 2736 εἰσενεγκεῖν
1694 2666 1873 2732 ἐπαγ-

292 2754 625 2826 γειλάμενον
656 2761 756 2831 τὴν
783 2762 1100 2830 μετάνοιαν.

1984 1839 2157 1890 retur,
2198 1835 2315 1879 tum
2348 1826 2534 1880 statim
2576 1822 2763 1893 erigit,
2808 1820 3179 1885 admonetque
3210 1833 3275 1873 ac
3301 1817 3562 1881 exhorta-

1981 1925 2093 1981 tur,
2153 1917 2504 1987 regulisque,
2561 1931 2659 1983 pro
2714 1929 2779 1967 eo
2849 1922 2907 1967 ut
2958 1911 3182 1966 ferendo
3250 1911 3559 1974 videbatur,

1979 2010 2197 2077 munit;
2230 2009 2283 2064 id
2317 2009 2593 2079 praecipue
2635 2006 2933 2069 mandans,
2969 2014 3029 2060 ut
3072 2005 3138 2059 ad
3169 2004 3340 2059 occisi
3369 2003 3557 2072 sepul-

1984 2116 2139 2156 crum
2201 2102 2426 2165 vadens,
2476 2100 2841 2170 lacrymarum
2902 2098 3013 2152 illic
3070 2097 3287 2166 COpiatu
3339 2094 3559 2155 libaret,

1983 2196 2211 2262 ejusque
2262 2207 2361 2261 pro
2418 2192 2619 2256 tertia,
2676 2205 2862 2253 nona,
2906 2204 2971 2244 ac
3025 2187 3447 2258 quadragesima
3481 2185 3559 2253 (5)

1984 2283 2268 2355 splendide
2313 2298 2469 2338 sacra
2516 2282 2853 2346 celebraret;
2890 2293 3242 2351 genuumque
3269 2275 3557 2337 ﬂexiones,

1986 2375 2131 2430 haud
2185 2375 2363 2430 tribus
2419 2375 2660 2429 millibus
2712 2373 3036 2442 pauciores,
3105 2370 3151 2423 si
3211 2384 3298 2422 res
3358 2366 3555 2428 ferret,

1985 2467 2230 2534 faceret;
2280 2467 2414 2538 quin
2469 2468 2677 2537 potius,
2734 2466 3001 2535 reliquam
3036 2464 3225 2528 vitam,
3272 2467 3559 2531 peccatum

1984 2560 2246 2625 deﬁeret,
2293 2569 2458 2630 atque
2523 2558 2693 2612 animi
2744 2557 2944 2611 tabulis
2996 2554 3321 2622 inscriptum
3365 2552 3561 2606 obver—

1986 2667 2117 2708 sans
2143 2661 2409 2723 perpetuo
2439 2652 2688 2706 haberet.
2721 2648 2815 2703 His
2846 2649 2912 2701 ad
2938 2662 3063 2701 eum
3093 2644 3238 2699 datis
3265 2641 3558 2705 mandatis,

1984 2744 2206 2798 domum
2262 2739 2513 2805 remittit,
2567 2752 2692 2793 cum
2744 2735 3092 2806 perspicuam
3146 2733 3277 2786 boni
3321 2730 3563 2801 agnitio-

296 2865 444 2917 nem,
500 2868 568 2908 ac
627 2858 838 2925 peccati
874 2858 1281 2913 damnationem
1339 2858 1527 2914 animo
1612 2858 1915 2928 iniecisset,
1970 2861 2128 2931 isque
2175 2858 2403 2914 multam
2459 2871 2519 2910 se
2569 2853 2944 2924 paenitentiam
2996 2850 3273 2904 illaturum
3330 2847 3563 2917 promit-

188 2958 209 2975 ⁸
295 2956 454 3000 teret.

366 3038 645 3108 Ἕϐδομον
671 3039 790 3104 ἔτος
834 3042 893 3094 ὲν
944 3046 1011 3114 τῇ
1045 3044 1190 3097 κατὰ
1239 3043 1333 3097 τὸν
1372 3042 1716 3115 Ἰωαννίτζην
1747 3046 1877 3117 ἐρή-

2054 3046 2194 3101 Cum
2223 3053 2430 3113 septem
2468 3044 2580 3110 jam
2616 3054 2790 3093 annos
2821 3038 2877 3092 in
2909 3012 3337 3091 Joatttiitzis'illzi
3371 3050 3561 3089 eremo

301 3149 389 3202 μῳ
423 3130 742 3201 πληρώσας,
779 3132 928 3187 ἄκων
959 3137 1054 3189 καὶ
1095 3137 1260 3201 αὐτὸς
1286 3132 1638 3209 μετανάστης
1666 3139 1878 3207 γίνεται

300 3224 443 3293 μετὰ
474 3226 719 3278 πάντων.
756 3225 985 3294 Συμεὼν
1012 3229 1121 3299 γὰρ
1157 3229 1185 3280 ὁ
1216 3229 1312 3282 τοῦ
1353 3229 1623 3284 Σκυθικοῦ
1692 3232 1881 3295 ἔθνους

295 3320 487 3388 ἄρχων
528 3317 899 3389 (Βουλγάρους
951 3320 1150 3383 αὐτοὺς
1194 3321 1420 3390 οἴδαμεν
1472 3323 1719 3390 συνήθως
1782 3340 1885 3375 κα-

296 3413 461 3479 λεῖν),
492 3410 599 3473 τὰς
631 3410 766 3479 πρὸς
807 3410 1120 3480 Ῥωμαίους
1151 3414 1384 3477 σπονδὰς
1407 3414 1704 3485 ἀθετήσας,
1741 3414 1883 3484 ἐχώ-

300 3521 412 3574 ρει,
467 3506 611 3557 κατὰ
667 3507 850 3575 πάσης
916 3504 1175 3575 ἠπείρου,
1231 3505 1331 3568 τὰς
1391 3507 1551 3577 ἡμῶν
1608 3507 1886 3577 ἁμαρτίας

298 3593 608 3664 αξιόμαχον
639 3593 832 3664 ὥσπερ
894 3597 1055 3664 χεῖρα
1109 3596 1582 3665 περιζωσάμενος’
1619 3596 1885 3666 ἐξανδρα·

299 3685 661 3755 morosum;
684 3704 743 3738 τε
779 3686 875 3739 καὶ
903 3687 1241 3757 ληϊζόμενος,
1277 3688 1373 3739 καὶ
1408 3689 1536 3750 τοὺς
1575 3688 1674 3757 μὲν
1715 3686 1882 3758 ζωῆς,

296 3779 427 3839 τοὺς
452 3776 502 3829 δ’
530 3776 846 3848 ἐλευθερίας
891 3777 1233 3848 ἀποστερῶν,
1278 3778 1375 3830 καὶ
1404 3778 1716 3847 ὑποφόρους
1747 3793 1872 3829 ποι-

306 3870 562 3939 ούμενος.
609 3869 893 3925 Ἐντεῦθεν
921 3870 971 3923 οί
999 3871 1102 3940 μὲν
1158 3869 1233 3933 ὠς
1261 3871 1322 3923 ὲν
1368 3871 1612 3941 εἱρκταῖς
1642 3869 1675 3940 ἢ
1715 3886 1887 3940 φρου-

311 3966 429 4025 cui;
454 3965 583 4026 ταῖς
613 3962 805 4017 πόλεσι
855 3964 1256 4016 κατεκλείοντο·
1287 3965 1338 4016 οἱ
1368 3963 1425 4016 δὲ
1457 3964 1595 4033 πρὸς
1627 3961 1729 4033 τὴν
1771 3960 1887 4014 E6-

301 4055 463 4109 6οιάν
499 4073 562 4109 τε
581 4058 678 4110 καὶ
705 4056 809 4128 τὴν
836 4056 932 4109 τοῦ
962 4056 1207 4120 Πέλοπος
1231 4055 1602 4119 ἀπεσώζοντο.

372 4150 517 4202 Τότε
574 4149 709 4218 γοῦν
763 4150 859 4202 καὶ
888 4148 1096 4221 οἱπερὶ
1126 4148 1219 4203 τὸν
1245 4147 1345 4201 τοῦ
1404 4148 1538 4201 Θεοῦ
1600 4147 1890 4219 ἄνθρωπον

298 4240 613 4314 χωρητικοὶ
668 4240 808 4311 πρὸς
866 4240 964 4303 τὰς
1014 4243 1079 4292 ἐκ
1139 4239 1396 4310 γειτόνων
1428 4240 1891 4312 διεπόρθμευοντο

300 4337 531 4406 νήσους
573 4335 623 4387 εί
657 4334 753 4386 καὶ
791 4331 1004 4402 φθάσας
1035 4333 1062 4385 ὁ
1093 4332 1312 4401 φθόνος,
1348 4332 1676 4385 ἀνέλπιστον
1704 4333 1889 4396 αὐτοῖς

304 4403 513 4496 ἐπάγει
565 4426 664 4479 τὸν
714 4424 989 4481 κίνδυνον.
1054 4424 1246 4478 Αὐτῶν
1286 4426 1396 4494 γὰρ
1429 4425 1526 4478 σὺν
1566 4424 1646 4495 τῷ
1698 4424 1889 4496 δικαίῳ
1918 4403 1968 4462 Ῑ)

301 4520 573 4592 ἀσφαλῶς
605 4519 813 4587 διάγειν
854 4518 1140 4589 οἰομένων,
1172 4518 1222 4570 σί
1270 4517 1575 4589 Βούλγαροι
1620 4519 1758 4588 πρὸς
1789 4519 1890 4570 αὑ·

299 4617 434 4677 τοὺς
463 4614 555 4665 διὰ
602 4609 791 4664 πλοίου
832 4611 862 4665 ὃ
906 4612 1094 4681 ἔτυχον
1138 4610 1567 4681 ὐποκλέψαντες,
1620 4610 1888 4679 αἰφνίδιον

300 4704 656 4767 ἐπελθόντες,
689 4704 874 4774 ὀλίγου
902 4704 1033 4771 δεῖν,
1074 4706 1284 4769 πάντας
1341 4704 1655 4771 ἀπώλεσαν,
1689 4705 1889 4773 ὀλίγων

303 4798 476 4850 τινῶν
505 4796 1062 4868 ἐκκολυμόησάντων,
1096 4796 1216 4867 μεθ’
1260 4791 1336 4851 ὧν
1389 4799 1485 4852 καὶ
1516 4800 1545 4852 ό
1594 4798 1770 4868 μέγας
1803 4794 1894 4869 ἦν,

315 4888 416 4939 καὶ
447 4886 587 4941 οῦτω
617 4889 717 4951 τὰς
748 4891 943 4959 χεῖρας
986 4890 1169 4943 αὐτῶν
1215 4889 1501 4959 διαφυγεῖν
1534 4889 1895 4960 δυνηθέντων.

318 4978 437 5034 Εἶθ’
468 4982 639 5044 οὕτως
671 4983 1102 5051 ἐπανελθόντων,
1131 4984 1322 5037 πλοίου
1355 4981 1634 5055 ἐπιτυχὼν
1665 4986 1894 5050 ἐκεῖνος,

313 5074 416 5127 σὺν
438 5076 547 5146 ὅλῳ
575 5076 727 5146 γένει
755 5076 990 5140 καὶτοῖς
1024 5078 1290 5144 γνωστοῖς
1321 5078 1647 5148 περαιοῦται
1682 5079 1762 5139 είς
1788 5077 1896 5128 Κό-

1983 3141 2282 3210 implesset,
2311 3149 2626 3207 quanquam
2667 3133 2890 3197 invitus,
2943 3145 3050 3184 una
3083 3130 3199 3200 ipse
3246 3145 3313 3184 ac
3364 3129 3561 3199 reliqui

1984 3242 2255 3304 coguntur
2287 3231 2544 3299 migrare.
2582 3213 2820 3297 Synieon
2853 3226 2998 3280 enim
3029 3224 3362 3292 Scytharum
3384 3232 3564 3293 gentis

1987 3327 2263 3395 princeps,
2320 3323 2584 3390 Bulgaros
2623 3319 2898 3389 appellare
2949 3316 3362 3381 consuevimus,
3420 3317 3565 3369 anti-

1984 3425 2152 3487 quato
2181 3431 2307 3471 cum
2357 3413 2620 3468 Romanis
2661 3411 2893 3472 findere,
2931 3417 3096 3463 tutam
3165 3408 3563 3473 continentem,

1988 3526 2087 3564 ceu
2114 3522 2308 3576 pugnae
2341 3505 2723 3570 idoneaananu
2764 3500 3006 3569 peccatis
3033 3500 3235 3554 nostris
3261 3499 3564 3564 accinctus,

1988 3598 2343 3671 pervadebat,
2378 3595 2635 3651 servituti
2674 3594 2997 3662 mancipaus
3029 3608 3094 3646 ac
3124 3593 3470 3660 depraedans,
3503 3607 3568 3645 ac

1987 3693 2128 3747 alios
2162 3691 2382 3760 quidem
2412 3690 2543 3750 vita,
2576 3687 2829 3741 libertate
2860 3685 3000 3739 alios
3031 3684 3274 3752 privaus,
3304 3698 3369 3737 ac
3400 3685 3567 3737 vecti-

1988 3786 2139 3855 gales
2203 3783 2463 3836 reddens.
2526 3779 2875 3847 Quapropter
2910 3776 3001 3829 alii
3033 3776 3255 3844 quidem
3304 3776 3451 3828 velut
3509 3776 3565 3829 iu

1987 3890 2209 3932 carcere
2257 3889 2321 3928 ac
2353 3872 2645 3943 praesidiis,
2691 3870 2909 3923 urbium
2943 3868 3153 3921 ambitu
3203 3867 3567 3920 contineban-

1987 3977 2118 4036 tur;
2160 3967 2251 4022 alii
2295 3967 2422 4037 I'uga
2458 3966 2511 4020 in
2542 3963 2804 4018 Euboeam
2831 3975 2885 4019 et
2914 3967 3372 4038 Peloponnesum,
3403 3964 3565 4017 saluti

1989 4062 2375 4118 consulebant.

2063 4174 2219 4229 Tunc
2273 4190 2408 4244 ergo
2471 4175 2727 4247 ejusdem
2781 4192 3002 4248 quoque
3056 4174 3161 4231 loci
3220 4175 3413 4230 incolae
3462 4192 3568 4230 una

1993 4282 2117 4322 cum
2181 4267 2298 4321 viro
2338 4265 2455 4332 Dei,
2515 4268 2570 4322 in
2626 4269 2835 4324 vicinas
2893 4269 3102 4324 insulas
3161 4269 3567 4323 transmisere:

1994 4371 2312 4428 quanquam
2353 4371 2632 4428 occupans
2689 4359 2932 4423 invidia,
2994 4360 3427 4428 inexspectatum
3465 4357 3573 4413 illis

1996 4449 2300 4519 periculum
2331 4450 2559 4504 invexit.
2596 4450 2734 4504 Cum
2781 4452 2925 4505 enim
2957 4451 2994 4504 ii
3031 4461 3148 4505 tuto
3178 4466 3237 4505 se
3271 4465 3394 4505 cum
3423 4450 3576 4520 justo

1997 4558 2158 4613 agere
2222 4543 2651 4607 existimarent,
2719 4544 2991 4598 irruentes
3063 4554 3287 4614 repente
3360 4544 3416 4598 in
3478 4560 3573 4597 eos

1997 4633 2235 4703 Bulgari,
2302 4634 2519 4705 navigio
2547 4634 2694 4705 quod
2757 4634 2919 4689 furati
2954 4642 3160 4697 essent,
3218 4649 3408 4688 omnes
3455 4633 3571 4688 fere

1995 4726 2372 4794 perdiderunt,
2432 4727 2621 4797 paucis
2686 4727 3018 4796 quibusdam
3075 4726 3449 4791 enatantihus,
3505 4726 3561 4780 in

1995 4817 2195 4884 quibus
2215 4818 2299 4871 vir
2334 4833 2554 4887 quoque
2580 4834 2850 4888 magnus,
2892 4828 3052 4888 atque
3091 4817 3289 4871 inemn
3346 4817 3568 4871 modum

1997 4923 2196 4987 manus
2228 4926 2419 4965 eorum
2475 4913 2860 4967 evadentihus.
2901 4911 3039 4966 Tum
3093 4924 3244 4976 vero,
3286 4909 3394 4964 illis
3419 4926 3572 4964 rece-

1995 5001 2277 5065 dentibus,
2317 5003 2522 5074 navigii
2573 5001 2716 5056 facta
2756 5003 2938 5072 copia,
2971 5017 3097 5057 cum
3131 5011 3248 5057 toto
3277 5017 3474 5072 genere
3508 5017 3574 5056 ac

1997 5093 2183 5157 n0tis,
2235 5092 2563 5150 Corinthum
2621 5094 2989 5164 transmittit;
3055 5110 3184 5148 cum
3217 5093 3332 5163 jam
3402 5094 3571 5149 barba

1593 5197 1700 5258 Fr.
1739 5200 2109 5269 Combeﬁsii
2146 5216 2334 5272 notae.

385 5339 471 5415 (5)
522 5340 634 5397 Pro
668 5342 848 5407 tertia,
894 5357 1062 5415 nona,
1120 5343 1550 5413 quadragesima.
1583 5346 1755 5402 Etiam
1788 5346 1895 5402 Da-

312 5413 637 5475 mascenus,
687 5429 784 5468 seu
813 5413 1066 5482 quisquis
1099 5424 1292 5467 auctor
1324 5426 1401 5468 est
1445 5421 1717 5473 sermonis
1742 5419 1894 5476 illius

315 5485 571 5551 inscripti
608 5483 683 5536 De
720 5486 785 5535 iis
815 5484 907 5552 qui
947 5488 1003 5536 in
1050 5483 1157 5551 ﬁde
1205 5484 1554 5548 dormierunt,
1586 5488 1743 5556 τρίτα
1775 5488 1892 5554 illa,

316 5556 541 5617 ἐννατα,
576 5565 629 5607 et
654 5558 1072 5624 τεσσαρακοστὰ
1108 5556 1475 5618 commendat,
1509 5571 1606 5610 ceu
1641 5556 1892 5615 Ecclesiae

318 5627 653 5680 universalis
695 5626 966 5678 constanti
1024 5641 1124 5678 usu
1180 5630 1425 5693 probata.
1473 5628 1705 5682 Sanctus
1762 5632 1889 5684 item

317 5695 497 5751 Nicon
556 5695 739 5751 libello
778 5697 851 5748 De
904 5697 1171 5749 erroribus
1219 5697 1606 5761 Armeniorum,
1646 5708 1777 5753 tom.
1836 5715 1892 5756 tu
1959 5710 1971 5724 ‘

1997 5352 2140 5408 Bibl.
2179 5354 2295 5410 PP.
2329 5371 2518 5410 eorum
2569 5355 2836 5411 meminit.
2878 5353 3102 5422 Gregor.
3144 5352 3374 5407 Naziau.
3427 5361 3569 5405 orat.

2000 5427 2053 5479 in
2089 5425 2345 5494 Satyrum
2380 5429 2604 5480 fratrem
2636 5429 2737 5489 τὰς
2767 5426 2835 5478 δι’
2870 5427 3026 5487 ἔτους
3061 5424 3282 5494 μνήμας
3311 5439 3327 5453 ο
3363 5439 3573 5476 annuas

1998 5512 2094 5564 pro
2130 5491 2392 5565 defunctis
2426 5497 2729 5561 memorias,
2781 5504 3066 5550 memorat.
3110 5491 3575 5559 Perseverantque

1998 5567 2089 5621 illa
2122 5570 2419 5620 etiamnum
2455 5569 2508 5621 in
2542 5566 2799 5633 Ecclesia,
2834 5566 3134 5635 apostolica
3167 5578 3229 5618 ac
3257 5577 3574 5620 sanctorum

2000 5638 2297 5692 traditione
2329 5640 2483 5691 l'ulla.
