4094 6418
519 271 617 334 451

1984 256 2335 318 AN’ONYMI

3689 254 3800 318 452

522 392 694 448 genas
729 376 989 446 repleret.
1024 376 1356 445 virtutisque
1400 372 1660 444 speciem,
1693 372 1827 427 ﬂore
1853 370 2091 437 juventa

2213 369 2415 439 ρινθον,
2479 370 2606 438 ἄρτι
2657 367 2754 432 τὰς
2795 366 3054 436 σιαγόνας
3119 368 3331 438 γενείου
3392 366 3644 441 πληρῶν,
3702 370 3797 424 καὶ

523 478 860 527 recreantem
893 469 1119 523 haberet
1152 487 1166 522 :
1194 481 1513 537 quanquam
1541 480 1575 520 «λ
1598 474 1723 519 rtem
1760 463 1891 517 nihil
1916 462 2100 515 minus

522 571 778 632 provecta
809 570 969 614 aetate
1015 569 1181 624 esset,
1215 558 1410 630 agebat
1448 556 1811 611 nihilominus
1852 553 2100 622 discipli-

522 669 716 707 narum
746 667 923 717 amor,
984 665 1094 719 quo
1118 649 1223 703 sibi
1274 650 1340 702 ad
1373 647 1784 718 Scripturarum
1809 645 2099 698 lectionem

520 748 729 801 aditum
766 745 1025 799 muniret.

589 856 957 927 Quamobrem
988 860 1177 913 ludum
1231 868 1447 929 petens.
1497 870 1619 911 sese
1674 855 1858 910 studio
1902 852 2099 908 dedit:

519 969 711 1008 verum
747 951 1022 1006 modicum
1052 952 1183 1020 quid
1232 949 1508 1004 comnodi
1564 946 1691 1002 inde
1741 954 2102 1017 percepturus

520 1057 659 1100 erat.
693 1045 890 1099 Vidcns
912 1045 1057 1097 enim
1088 1058 1287 1112 pueros
1319 1043 1608 1096 inhoneste
1633 1048 1878 1109 agentes,
1901 1039 2102 1107 quique

521 1138 845 1206 disciplinas
880 1134 1102 1205 quidem
1149 1143 1411 1203 caperent
1467 1134 1674 1202 optime
1703 1171 1717 1195 ,
1768 1146 1867 1184 nec
1898 1131 2099 1199 probos

523 1239 701 1282 tamen
755 1229 822 1283 iis
891 1228 1255 1297 suscipiendis
1319 1228 1532 1281 animos
1575 1234 1863 1295 aptarent.
1917 1224 2093 1277 hand-

519 1336 791 1390 quaquam
823 1336 934 1373 rem
989 1317 1195 1385 ferens,
1240 1319 1409 1373 citius
1442 1318 1692 1372 recessit.

588 1435 711 1487 Exit
740 1436 926 1503 itaque
952 1435 1004 1488 in
1037 1433 1298 1502 oppidula
1336 1433 1639 1496 rusticana,
1670 1430 1926 1500 quodque
1954 1431 2097 1501 apud

518 1527 709 1582 Patras
734 1527 976 1589 Achaiae,
1003 1528 1296 1581 sublimius
1327 1528 1451 1580 vita:
1496 1542 1671 1596 genus
1722 1538 1940 1580 sectans
1971 1527 2099 1595 quis

516 1622 820 1676 monachus
877 1619 1098 1691 Stylites
1150 1620 1468 1681 audiretur.
1524 1619 1786 1687 cogitavit
1849 1635 1908 1674 se
1969 1619 2100 1674 illuc

2202 460 2354 515 ἄνθει
2405 461 2681 531 νεότητος,
2742 461 2948 533 ἀρετῆς
3003 460 3156 531 ὤραν
3206 460 3611 530 ἐπιτρέπουσαν
3663 459 3795 533 [leg].

2204 551 2489 624 ἐπιτερπ.]
2539 553 2704 623 ἔχων,
2757 553 2852 606 καί
2878 570 2960 606 τοι
2996 553 3055 605 δέ
3094 552 3312 623 ἡλικίας
3350 555 3410 605 ἐν
3472 553 3608 623 τῷδε
3645 555 3805 622 γενό-

2206 664 2390 717 μενον,
2421 648 2570 716 ὅμως
2621 643 2757 717 ἦγεν
2797 646 2964 702 αὐτὸν
3003 647 3346 718 μαθημάτων
3376 647 3540 719 ἔρως,
3564 647 3655 701 δ.ἁ
3696 648 3803 718 τὴν

2203 737 2312 789 τῶν
2359 739 2521 808 ἱερῶν
2551 738 2752 807 λογίων
2781 739 3114 807 ἀνάγνωσιν.

2273 849 2464 921 Ταύτῃ
2492 864 2574 903 τοι
2607 850 2705 902 καὶ
2728 849 3067 920 διδασκαλίῳ
3102 853 3287 920 φέρων
3334 848 3528 904 ἑαυτὸν
3554 850 3808 905 δίδωσινο

2204 941 2324 994 ἀλλ’
2354 941 2517 1010 ὀλίγα
2542 943 2642 1013 τῆς
2669 944 2881 996 ἐκεῖθεν
2920 943 3194 1012 ὠφελείας
3238 942 3435 1015 ἔμελλε
3490 946 3807 1001 κοινωνεῖν.

2203 1033 2340 1097 Τοὺς
2374 1037 2485 1103 γὰρ
2518 1036 2718 1099 παῖδας
2747 1037 3131 1107 ἀκοσμοῦντας
3167 1037 3321 1102 ἰδὼν,
3352 1039 3463 1093 καὶ
3487 1037 3810 1109 μαθήματα

2206 1126 2306 1192 μὲν
2363 1125 2630 1178 κάλλιστα
2688 1125 3194 1196 παραδεχομένους,
3245 1127 3306 1179 οὐ
3363 1127 3534 1190 καλὰς
3586 1125 3643 1180 δὲ
3694 1127 3814 1191 τὰς

2202 1215 2412 1268 exuti?»
2445 1217 2623 1286 ψυχὰς
2661 1218 2740 1281 εἰς
2769 1216 2869 1287 τὴν
2899 1219 3009 1270 τῶν
3042 1218 3314 1272 τοιούτων
3374 1219 3651 1289 ὑποδοχὴν
3704 1220 3810 1273 εὐ-

2201 1307 2583 1377 τρεπίζοντας,
2617 1308 2870 1379 οὐδαμῶς
2902 1310 3156 1381 ἤνεγκεν,
3200 1311 3316 1364 ἀλλ’
3352 1310 3515 1375 εὐθὺς
3548 1313 3802 1382 ἀπέστη.

2279 1418 2490 1487 Ἔξεισι
2520 1423 2811 1493 τοιγαροῦν
2839 1423 2977 1493 πρές
3004 1422 3105 1485 τὰς
3139 1424 3507 1494 κωμοπόλεις,
3537 1428 3634 1479 καὶ
3664 1427 3804 1479 ἐπεὶ

2202 1514 2262 1565 ἐν
2322 1513 2566 1583 Πάτραις
2628 1512 2730 1585 τῆς
2774 1514 2997 1584 Ἀχαΐας
3057 1513 3322 1585 Στυλιτης
3373 1515 3608 1586 ἠκούετο
3673 1516 3802 1586 βίου

2207 1605 2680 1677 μεταποιούμενος
2727 1605 3088 1676 ὑψηλοτέρου,
3131 1607 3392 1678 λογισμὸς
3436 1603 3583 1679 εἶχεν
3628 1611 3802 1675 αὑτὸν

515 1714 786 1779 conferre,
818 1714 1045 1783 ejusque
1071 1727 1130 1767 se
1166 1713 1479 1767 ministerio
1513 1712 1794 1765 addicere.
1827 1714 1964 1766 Cum
1997 1728 2091 1766 au-

2203 1700 2384 1750 ἐκείσε
2444 1698 2722 1767 γενέσθαι,
2773 1698 2869 1752 καὶ
2901 1697 3077 1767 τούτῳ
3132 1698 3425 1755 διακονεῖν.
3487 1701 3682 1756 Ταῦτα
3736 1703 3804 1756 δὲ

515 1818 625 1860 tem
661 1807 772 1859 haec
806 1805 992 1859 animo
1045 1806 1306 1868 volveret,
1347 1805 1546 1874 legatio
1576 1807 1644 1857 ab
1674 1805 1866 1874 Stylite
1896 1803 2095 1857 Zeme-

518 1899 675 1954 nensi
708 1900 775 1952 ad
807 1914 935 1952 eum
985 1897 1322 1960 destinatur,
1354 1912 1556 1966 rogans
1587 1899 1651 1949 ad
1684 1898 1861 1966 ipsum
1890 1897 2097 1962 venire,

515 2008 581 2047 ac
609 1992 1039 2047 contubernium
1072 1993 1213 2046 inire
1247 2009 1260 2044 :
1291 2001 1459 2059 utque
1490 2006 1598 2043 non
1631 2006 1793 2059 grave
1831 1990 2098 2054 videatur,

515 2085 617 2139 sub
649 2086 768 2153 ipso
802 2100 986 2154 agere,
1043 2099 1109 2137 ac
1165 2084 1406 2139 ministri
1452 2098 1643 2137 curam
1704 2084 2006 2150 suscipere.
2052 2082 2098 2135 Is

515 2193 682 2245 porro
712 2178 886 2230 libens
917 2176 1249 2245 legationem
1283 2176 1544 2240 admittit,
1609 2177 1812 2245 quippe
1846 2175 1935 2229 cui
1967 2177 2099 2229 sub-

513 2284 658 2327 esse.
680 2284 845 2337 quam
880 2268 1149 2337 imperare
1171 2268 1450 2335 acceptius
1472 2278 1639 2332 esset,
1664 2282 1890 2335 remque
1908 2266 2096 2334 juveni

516 2360 688 2426 magis
714 2359 1023 2411 conducere
1056 2357 1246 2411 sciret.
1266 2356 1488 2425 Alioqui
1539 2372 1691 2421 vero,
1720 2356 1812 2424 qui
1846 2354 2099 2408 sublimis

516 2454 842 2507 humilitatis
865 2454 1237 2521 prtestantiam
1265 2465 1607 2521 perspectam
1636 2451 1887 2514 haberet,
1922 2450 2098 2502 libens

513 2541 745 2603 accedit,
782 2556 953 2610 seque
994 2550 1103 2595 tota
1159 2542 1435 2596 hilaritate
1486 2541 1794 2595 ministerio
1822 2540 2047 2608 subjicit
2080 2555 2095 2591 :

516 2633 891 2703 deincepsque
927 2635 1135 2687 nullum
1183 2644 1302 2688 erat
1358 2634 1648 2687 ministerii
1700 2649 1892 2702 genus,
1952 2632 2097 2700 quod

514 2742 622 2780 nan
659 2728 774 2796 ipse
824 2742 921 2796 per
950 2727 1190 2796 seipStIm
1227 2726 1518 2797 diligenter
1549 2727 1750 2789 obiret,
1798 2727 2095 2778 maximam

513 2821 800 2887 perspicue
826 2819 1125 2886 jacturatn,
1177 2834 1273 2872 seu
1303 2819 1469 2872 etiam
1517 2818 1882 2887 ignominiam
1921 2827 2096 2882 ratus,

518 2920 576 2963 nt
613 2912 758 2964 ullus
791 2911 1060 2979 obsequio
1095 2909 1369 2963 addictior
1396 2909 1558 2964 foret.

583 3025 720 3080 Cum
747 3026 796 3079 ei
851 3026 1182 3094 quandoque
1232 3025 1458 3094 quidam
1492 3023 1857 3079 incontinenti
1910 3026 2094 3096 lingua

2206 1790 2511 1859 στρέφοντα
2563 1790 2938 1860 διαπέμπεται
2963 1790 3100 1860 πρδς
3131 1790 3296 1843 αὐτὸν
3335 1790 3604 1862 πρεσϐεία
3639 1796 3800 1862 παρὰ

2202 1880 2297 1934 τοῦ
2326 1885 2382 1935 ἐν
2412 1883 2634 1953 Ζημένᾳ
2662 1883 2931 1947 στυλίτου,
2967 1883 3226 1951 φοιτῆσαι
3255 1882 3388 1952 παρ’
3414 1882 3578 1937 αὐτὸν
3607 1882 3798 1950 ἀξιοῦ-

2204 1992 2292 2035 σα,
2327 1975 2572 2027 σύνοικον
2605 1993 2659 2028 τε
2693 1974 2968 2043 γενέσθαι*
3005 1974 3100 2028 καὶ
3132 1977 3181 2029 εἰ
3228 1975 3303 2046 μὴ
3358 1976 3637 2045 φορτικὸν,
3692 1976 3791 2030 ὑπ’

2202 2068 2353 2139 αὐτῷ
2386 2067 2668 2137 τετάχθαι,
2712 2067 2806 2121 καὶ
2849 2068 3212 2122 τὸ“διακονεῖν
3246 2068 3661 2134 καταδέξασθαι.
3718 2072 3783 2126 Ὀ

2200 2162 2255 2214 δὲ
2293 2164 2392 2231 τὴν
2424 2161 2724 2233 πρεσϐείαν
2778 2160 2948 2232 ὴῗέως
3001 2162 3322 2233 δεξάμενος,
3372 2166 3498 2217 ἐπεὶ
3545 2166 3635 2218 καὶ
3676 2166 3782 2235 ἆρ-

2200 2255 2388 2326 χεσθαι
2425 2255 2681 2327 μᾶλλονῆ
2720 2258 2909 2325 ἄρχειν
2938 2257 3133 2326 ἐφίλει,
3190 2257 3286 2311 ἅτε
3342 2260 3436 2312 καὶ
3485 2260 3593 2328 νέῳ
3629 2258 3791 2311 τοῦτο

2200 2348 2640 2415 λυσιτελέστερον
2680 2342 2821 2401 εἶναι
2863 2348 3063 2412 εἰδὼς,
3116 2348 3294 2412 ἄλλως
3342 2368 3400 2402 τε
3457 2353 3551 2403 καὶ
3612 2350 3672 2402 τὸ
3723 2352 3795 2405 ἐκ

2200 2444 2300 2509 τῆς
2339 2440 2554 2509 ὑζνηλῆς
2587 2439 2977 2505 ταπεινώσεως
3036 2444 3220 2496 ὁποῖον
3259 2443 3364 2495 οὐκ
3399 2444 3639 2510 ἀγνοῶν,
3690 2446 3798 2495 ἀσ-

2205 2531 2382 2600 μένως
2413 2530 2637 2600 ἔρχεται
2672 2533 2809 2603 πρὸς
2834 2533 3021 2598 αὑτὸν,
3053 2537 3147 2586 καὶ
3178 2533 3279 2605 τὴν
3314 2535 3662 2606 λειτουργίαν
3691 2555 3792 2588 κο-

2204 2622 2333 2692 μιδῆ
2380 2622 2681 2692 προθύμως
2713 2624 3034 2695 ὑπέρχεται’
3070 2626 3165 2677 καὶ
3211 2626 3272 2679 τὸ
3319 2626 3593 2691 ἐντεῦθεν,
3628 2628 3792 2681 οὐδὲν

2199 2710 2267 2783 ἦν
2295 2714 2599 2783 ὑπουργίας
2634 2711 2791 2781 εἶδος,
2823 2716 2851 2767 ὃ
2904 2718 2979 2787 μὴ
3013 2717 3182 2780 αὐτὸς
3218 2720 3424 2781 ἐκεῖνος
3463 2719 3531 2772 δι’
3584 2720 3791 2772 ἑαυτοῦ

2201 2809 2378 2858 ποιεῖν
2431 2807 2684 2871 ἔσπευδε,
2746 2808 2952 2877 ζημίαν
2999 2808 3238 2879 ἀτεχνῶς
3286 2809 3636 2881 μεγίστην,ἢ
3686 2815 3793 2864 καὶ

2200 2902 2426 2971 ἀτιμίαν
2462 2900 2763 2971 ἡγούμενος
2791 2901 2853 2955 τὸ
2890 2903 3152 2972 ἐκστῆναί
3180 2921 3306 2968 τινι,
3340 2905 3611 2968 δουλείας.

2270 3017 2381 3069 Καί
2413 3034 2545 3069 ποτε
2584 3017 2920 3088 διαλοιδορου
2935 3021 3098 3087 μένου
3125 3019 3273 3081 τινὸς
3296 3020 3460 3073 αὐτὸν
3485 3021 3785 3094 ἀκολάστῳ

512 3120 939 3182 convitiaretur,
975 3133 1037 3195 ac
1067 3118 1283 3186 probris
1339 3118 1641 3186 exciperet,
1700 3118 1911 3172 idcirco
1966 3119 2091 3187 quia

2199 3108 2421 3180 γλώσσῃ
2450 3112 2544 3162 καὶ
2590 3110 3007 3179 κωμῳδοῦντος,
3054 3113 3177 3163 ἐπεὶ
3225 3113 3415 3183 παρὼν
3446 3115 3659 3185 ἔτυχεν,
3690 3116 3756 3169 οὗ
3775 3144 3796 3157 -

511 3227 753 3282 praesens
801 3219 942 3275 erat,
995 3209 1133 3264 adeo
1185 3210 1427 3280 graviter
1458 3212 1603 3275 tulit,
1646 3220 1914 3280 tantoque
1950 3215 2092 3278 zelo,

511 3304 696 3355 animo
757 3302 1003 3365 exarsit,
1047 3311 1107 3355 ut
1136 3301 1341 3355 silentii
1400 3316 1465 3355 ac
1503 3303 1739 3362 decoris.
1801 3303 2095 3372 multaeque

513 3393 661 3446 illius
696 3391 1037 3445 verecundiae
1073 3406 1137 3445 ac
1170 3392 1587 3461 tranquillitatis
1611 3393 1836 3455 oblitus,
1869 3409 2095 3463 cogere-

513 3494 601 3536 tur
634 3483 795 3537 verba
826 3483 1102 3552 asperiora
1152 3484 1204 3536 in
1258 3483 1631 3551 impudentem
1682 3483 1830 3537 illum
1872 3499 1935 3538 ac
1963 3501 2095 3539 enn-

513 3577 745 3631 viciandi
809 3576 1031 3629 avidum
1087 3590 1387 3644 usurpare;
1443 3576 1707 3644 castigata
1771 3578 1980 3646 lingua,
2030 3592 2093 3632 ac

508 3685 632 3739 (lure
667 3679 974 3737 opportune
1009 3678 1342 3732 moveretur,
1401 3668 1734 3736 petulantem
1771 3684 1835 3722 ac
1863 3668 2092 3722 maledi-

510 3761 907 3829 cam-linguam
943 3760 1240 3827 castigans.
1286 3755 1486 3812 Verum
1536 3759 1627 3813 ille
1657 3761 1813 3814 valde
1862 3761 2092 3823 cffrnns,

513 3870 613 3908 nec
641 3854 832 3907 levner
858 3862 952 3906 aut
977 3852 1123 3907 facili
1160 3852 1226 3905 ad
1270 3852 1539 3905 medelam
1591 3854 1784 3907 morbo
1809 3854 2089 3916 laborans,

506 3942 602 3995 sed
638 3940 851 3995 fortiori
882 3958 1046 4011 egens
1081 3941 1463 4011 eaStigatione,
1509 3942 1799 3998 confestim
1833 3954 2092 3998 ostensus

511 4043 617 4086 est.
658 4031 778 4085 Non
851 4036 997 4086 enim
1072 4034 1254 4087 ferens
1307 4034 1811 4102 reprehensionem,
1860 4035 2091 4104 profana

514 4141 677 4177 manu
707 4125 883 4178 virum
908 4133 1157 4178 sanctum
1186 4124 1237 4177 in
1270 4139 1439 4195 genas
1479 4124 1659 4179 euadit.
1693 4124 1907 4177 Atenim
1937 4124 2092 4178 aﬂ‘uit

510 4230 792 4272 momento
840 4217 1103 4283 vindicta,
1155 4217 1407 4286 Deusque
1461 4235 1479 4267 ι
1531 4217 1601 4271 de
1652 4217 1795 4271 uelo
1843 4218 2089 4292 auditum

508 4311 637 4365 fecit
660 4308 984 4379 judicium”
1019 4324 1083 4363 ac
1101 4309 1276 4363 latens
1301 4309 1473 4362 virtus
1497 4310 1550 4362 in
1580 4308 1758 4361 lucem
1794 4309 2087 4378 profertur,

510 4402 722 4471 \irique
756 4400 1078 4469 improbitas
1100 4400 1359 4469 praaclare
1391 4400 1640 4469 punitur.
1682 4398 1778 4453 Vix
1815 4401 1959 4456 enim
1995 4415 2090 4471 per

506 4495 763 4563 injuriam
817 4504 1186 4562 percusserat,
1250 4509 1377 4547 cum
1411 4495 1526 4561 ipse
1559 4507 1719 4562 perna
1776 4493 1937 4562 longe
1963 4509 2087 4565 gra-

509 4585 648 4639 viori
680 4585 1017 4639 daanioniaca
1047 4599 1343 4654 percussus
1379 4592 1466 4638 est
1502 4602 1515 4637 :
1550 4584 1812 4653 humique
1838 4596 2084 4651 prostra-

505 4690 595 4732 tus
620 4679 937 4747 jactabatur
960 4716 975 4741 ,
1028 4694 1093 4731 ac
1128 4692 1186 4731 se
1238 4676 1590 4744 discerpebat
1612 4716 1627 4741 ,
1665 4690 1726 4728 ea
1760 4679 1960 4730 misere
1986 4691 2085 4745 pa-

504 4772 649 4824 tiens
680 4785 799 4840 qme
825 4768 1003 4823 solent
1053 4768 1325 4842 obsessia
1382 4767 1652 4820 daemone.
1713 4766 1922 4832 Quidni
1978 4784 2075 4821 au-

505 4874 613 4914 tem
658 4860 781 4914 dico
806 4860 952 4929 quod
988 4858 1315 4911 horribilius
1336 4871 1441 4922 εει,
1483 4874 1548 4913 ac
1579 4859 1831 4927 pluribus
1878 4861 2079 4914 deflen-

504 4958 632 5005 tium
659 4950 940 5021 lacrymis,
974 4959 1282 5019 potensque
1323 4950 1390 5003 iis
1422 4960 1632 5003 metum
1672 4950 1951 5018 incutere,
1984 4952 2077 5019 qui

505 5044 923 5112 impotentiores
953 5043 1152 5110 lingua:
1184 5056 1291 5094 non
1323 5051 1579 5110 parcunt.
1619 5042 2074 5097 Perseveravitin

502 5151 625 5186 eum
673 5132 894 5185 modum
946 5131 1201 5199 adusque
1230 5130 1388 5185 finem
1422 5149 1442 5181 ι
1486 5132 1722 5185 traditus
1756 5130 1975 5187 Satanae
2024 5133 2077 5185 in

439 5206 446 5213 ’
505 5228 782 5281 interitum
817 5228 1027 5288 carnis,
1072 5246 1090 5275 ι
1136 5226 1284 5294 quod
1338 5228 1414 5280 ait
1461 5225 1716 5292 Paulus",
1762 5237 1819 5279 ut
1853 5227 2081 5295 spiritus

502 5318 691 5372 salvus
721 5317 892 5372 fieret.
929 5318 1070 5382 Quid
1098 5318 1170 5371 ita
1202 5320 1377 5373 vero?
1407 5318 1548 5384 Quia
1579 5319 1867 5381 nimirum,
1914 5334 2079 5387 quem

504 5412 676 5481 inagis
715 5411 944 5464 decebat
967 5412 1105 5467 alios
1132 5420 1404 5483 castigare
1427 5402 1758 5482 insipienter
1792 5413 2078 5475 habentes,

503 5516 703 5570 quippe
751 5502 843 5569 qui
883 5501 1143 5555 sacerdos
1177 5514 1346 5567 esset,
1397 5504 1676 5573 verboque
1734 5520 1796 5555 ac
1838 5505 1946 5556 vita
1980 5505 2077 5557 ad-

575 5706 594 5733 ⁸
626 5704 766 5758 l‘sal.
798 5723 963 5769 ωιτν,
992 5708 1047 5759 7.
1122 5708 1142 5738 τ
1176 5706 1347 5763 lCor.
1383 5724 1433 5772 ν,
1480 5709 1568 5769 52.

2199 3218 2307 3281 τως
2338 3202 2538 3271 ἤνεγκε
2572 3202 2806 3271 βαρέως,
2840 3204 2933 3255 καὶ
2981 3203 3225 3274 τοσούτῳ
3281 3206 3429 3275 ζήλῳ
3459 3207 3558 3275 τὴν
3601 3206 3789 3277 ψυχὴν

2197 3292 2488 3362 διεκαύθη,
2520 3294 2595 3357 ώς
2644 3296 2739 3346 τοῦ
2779 3295 3058 3366 σιωπηλοῦ
3091 3298 3187 3350 καὶ
3244 3298 3501 3366 κοσμίου,
3555 3300 3786 3370 καὶτῆς

2200 3384 2400 3452 πολλῆς
2448 3386 2663 3455 ἐκείνης
2699 3383 2881 3446 αἰδοῦς
2940 3388 3036 3437 καὶ
3082 3386 3329 3455 γαλήνης
3361 3386 3785 3456 ἐπιλαθόμενον,

2196 3475 2633 3544 ἀναγκασθῆναι,
2687 3478 2781 3530 καὶ
2823 3476 3190 3547 τραχυτέροις
3241 3478 3377 3548 πρὸς
3428 3479 3521 3532 τὸν
3585 3482 3784 3551 ἀναιδῆ

2196 3568 2406 3620 ἐκεῖνον
2439 3570 2532 3619 καὶ
2563 3569 2932 3637 φιλολοίδορον
2982 3571 3296 3638 χρήσασθαι
3324 3571 3532 3637 λόγοις·
3585 3574 3785 3627 εὐπαι-

2194 3658 2367 3728 δεύτῳ
2402 3659 2615 3729 γλώττῃ
2646 3660 2743 3712 καὶ
2767 3661 2910 3713 κατὰ
2944 3663 3134 3732 καιρὸν
3166 3662 3487 3734 κινουμένῃ,
3516 3664 3610 3734 τὴν
3637 3681 3778 3733 προ-

2195 3750 2336 3820 πετῆ
2372 3755 2465 3803 καὶ
2490 3750 2738 3804 διάϐολον
2768 3752 3202 3820 σωφρονίζοντα.
3253 3752 3395 3806 Ἀλλ’
3421 3759 3623 3818 ἐκεῖνος
3645 3754 3774 3810 λίαν

2198 3843 2388 3915 ἰταμὸς
2417 3844 2514 3907 ὢν,
2547 3851 2641 3897 καὶ
2683 3845 2745 3896 οὐ
2799 3844 2975 3915 μικρὰ
3027 3846 3197 3897 νοσῶν
3248 3849 3343 3899 καὶ
3385 3849 3603 3918 ἰάσιμα,
3635 3848 3778 3903 ἀλλὰ

2194 3935 2446 3998 παιδείας
2510 3936 2870 4005 ἰσχυροτέρας
2920 3937 3200 4005 δεόμενος,
3258 3938 3541 3991 ἐδείκνυτο
3599 3958 3790 4011 παρα·

2192 4028 2399 4097 χρῆμα.
2437 4028 2526 4098 Μὴ
2566 4028 2805 4096 ἐνεγκὼν
2837 4030 2945 4101 γὰρ
2976 4033 3101 4094 τοὺς
3136 4031 3418 4102 ἐλέγχους,
3450 4035 3604 4088 παίει
3635 4036 3784 4089 κατὰ

2191 4125 2291 4191 τῆς
2343 4124 2595 4190 σιαγόνος
2632 4126 2811 4194 μιαρᾷ
2876 4129 3020 4195 χειρὶ
3069 4126 3162 4178 τὸν
3211 4130 3566 4198 ἡγιασμένον.
3615 4131 3783 4183 Ἀλλὰ

2194 4215 2335 4266 κατὰ
2362 4216 2529 4276 πόδας
2572 4215 2604 4279 ἡ
2646 4216 2882 4279 ἐκδικία,
2914 4219 3010 4269 καὶ
3037 4220 3065 4270 ὁ
3095 4218 3228 4281 Θεὸς
3261 4239 3278 4270 t
3312 4222 3377 4272 ἐκ
3400 4220 3498 4273 τοῦ
3529 4223 3778 4293 ούρανοῦ

2192 4306 2450 4374 ἡκούτιζε
2482 4306 2684 4377 κρίσιν,
2726 4325 2745 4357 ι
2780 4307 2872 4359 καὶ
2915 4308 2976 4359 τὸ
3023 4308 3288 4362 λανθάνον
3317 4312 3411 4379 τῆς
3446 4312 3648 4381 ἀρετῆς
3692 4317 3782 4377 είς

2195 4396 2310 4459 φώς
2349 4394 2533 4462 ἤγετο,
2560 4394 2654 4447 καὶ
2686 4397 2716 4465 ἡ
2749 4396 3021 4465 μοχθηρία
3051 4400 3233 4463 καλῶς
3268 4401 3585 4464 ἐκολάζετο.
3616 4402 3779 4473 "Apta

2188 4489 2295 4553 γὰρ
2326 4484 2556 4555 ἔπληξεν
2583 4490 2610 4537 ὁ
2639 4487 2919 4558 ὑϐριστὴς,
2969 4491 3063 4541 καὶ
3115 4491 3280 4555 αὐτὸς
3323 4493 3539 4564 ἐπλήγη
3587 4494 3775 4562 πολλῷ

2190 4576 2486 4647 βαρύτερον
2512 4578 2692 4647 πληγῖ⁶
2718 4579 2995 4651 δαιμονίᾳ·
3029 4583 3123 4634 καὶ
3156 4584 3235 4647 εἰς
3282 4585 3386 4653 γῆν
3418 4584 3599 4639 ἔκειτο
3642 4588 3775 4638 κλο-

2186 4669 2447 4738 νούμενός
2480 4687 2539 4721 τε
2593 4675 2689 4723 καὶ
2736 4674 3220 4741 σπαρασσόμενος,
3251 4680 3346 4729 καὶ
3390 4680 3458 4731 τὰ
3508 4678 3618 4732 τῶν
3644 4679 3758 4733 δαι-

2190 4760 2502 4829 μονιώντων
2529 4763 2755 4833 πάσχων
2780 4766 3003 4830 ἀθλίως.
3035 4767 3100 4820 Τί
3139 4770 3216 4839 μὴ
3252 4769 3396 4837 λέγω
3446 4770 3508 4823 τὸ
3553 4789 3769 4843 φρικω-

2182 4852 2460 4922 δέστερον,
2488 4855 2583 4906 καὶ
2607 4856 2635 4907 ὂ
2667 4856 2877 4909 πολλῶν
2905 4857 3159 4930 δακρύων
3188 4860 3363 4926 ἄξιον,
3401 4864 3496 4915 καὶ
3527 4864 3769 4935 φοϐῆσαι

2185 4946 2410 5000 δυνατὸν
2439 4948 2565 5010 τοὺς
2596 4950 2765 5017 φειδὼ
2799 4951 3047 5021 γλώττης
3093 4953 3168 5024 μὴ
3201 4956 3581 5026 ποιουμένους.
3639 4960 3766 5011 Διέ-

2186 5056 2373 5107 μεινεν
2406 5040 2579 5103 οὕτως
2625 5043 2755 5113 ἄχρι
2801 5045 2993 5107 τέλους
3041 5046 3158 5116 ιτῴ
3207 5049 3428 5102 Σατανᾶ
3463 5051 3769 5121 παραδεδο-

2186 5135 2349 5203 μένος
2383 5137 2461 5197 ei;
2501 5135 2724 5206 ὄλεθρον
2774 5138 2875 5206 τῆς
2935 5141 3160 5210 σαρκὸς,
3217 5161 3235 5193 ι
3279 5144 3307 5195 ὃ
3355 5160 3490 5213 φησι
3528 5145 3764 5212 Παῦλος,

2184 5228 2272 5279 ἵνα
2298 5227 2359 5280 τὸ
2389 5228 2608 5299 πνεῦμα
2651 5231 2821 5302 σωθῇ.
2862 5234 2970 5285 Καὶ
3002 5236 3034 5303 ἡ
3065 5234 3234 5286 αἰτία’
3271 5235 3354 5288 ὅτι
3384 5236 3443 5288 ὃν
3473 5236 3582 5291 ἔδει
3617 5240 3763 5308 μᾶλ-

2182 5317 2294 5379 λον,
2324 5324 2415 5370 καί
2442 5319 2618 5373 ἄλλων
2649 5321 2926 5384 ἀσυνέτως
2970 5323 3331 5393 διακειμένων
3365 5323 3510 5380 εἶναι
3541 5339 3761 5399 σωφρο-

2181 5412 2390 5482 νιστήψ
2427 5413 2606 5485 ἱερεὺς
2633 5416 2742 5485 γὰρ
2779 5411 2847 5484 ἦν
2877 5432 2890 5444 ·
2923 5416 3017 5467 καὶ
3047 5417 3192 5487 λόγῳ
3215 5422 3309 5470 καὶ
3341 5419 3443 5490 βίῳ
3472 5420 3582 5485 τὰς
3616 5439 3763 5492 παρ-

2182 5504 2419 5568 αινέσεις
2473 5506 2821 5577 ποιούμενον
2876 5510 2903 5560 δ
2969 5508 3024 5561 δέ
3081 5512 3343 5575 ἀσύνετος
3392 5508 3610 5585 ἦνοιὼς
3665 5516 3763 5568 καὶ
