4094 6426
326 280 437 344 ἆὸἹ

1478 280 1650 340 VITA
1693 280 1757 338 S.
1799 276 2016 338 ιυριιι
2054 208 2440 335 IUNIORI‘S.

3490 272 3601 337 ιιι

332 399 547 467 ἑτέροις
579 396 662 459 είς
697 377 1183 466 βλάϐηναεῖσθαι
1225 391 1318 446 καὶ
1364 392 1611 460 φανερὰν
1652 388 1920 458 αἰσχύνην

2037 402 2251 441 monere
2280 406 2294 454 ;
2329 388 2446 457 ipse
2485 399 2677 444 contra
2709 388 2976 459 insipiens
3008 399 3150 452 erat,
3185 400 3245 445 ut
3294 399 3350 447 et
3391 392 3517 448 aliis
3541 393 3599 448 in

331 489 431 543 τοῦ
460 487 803 554 ἀξιώματος.

409 670 641 732 Πάντως
709 668 768 722 δὲ
829 668 1110 738 ἀλλότριον
1168 661 1239 738 ἦν
1291 666 1453 721 τοῦτο
1503 666 1598 720 καὶ
1643 666 1923 729 παντελῶς

337 763 553 833 ἀπᾷδον
586 759 687 830 τῆς
710 759 807 812 τοῦ
846 759 1046 830 ἐχθροῦ
1085 758 1406 830 βασκανίας,
1455 758 1516 810 τὸ
1540 759 1620 819 είς
1648 759 1802 822 τέλος
1832 760 1925 811 ἐᾶ-

338 873 433 910 σαι
468 855 562 907 τὸν
600 853 748 906 θεῖον
772 853 991 906 Λουκᾶν
1018 851 1123 904 ὑπὸ
1145 851 1227 921 τῷ
1249 849 1478 921 Στυλίτῃ
1503 850 1798 904 διακονεῖν·
1829 851 1926 903 καὶ

335 949 466 1020 οὐχὶ
502 947 716 1019 μᾶλλον
745 946 927 1001 πάντα
960 945 1111 999 λίθον
1149 947 1397 1014 κινῆσαι,
1434 944 1579 999 ὥστε
1609 944 1711 1014 τὴν
1755 943 1926 1014 καλὴν

334 1040 599 1111 ἀτιτρξαι
624 1038 833 1109 ταύτην
872 1038 1023 1107 αὐτῷ
1069 1036 1480 1110 πραγματείαν.
1534 1036 1751 1090 Οὐκοῦν
1806 1036 1926 1089 οὐδὲ

336 1138 622 1205 ἀπέσχετο
688 1133 866 1185 πάντα
901 1131 1091 1196 ποιῶν,
1146 1131 1252 1191 ἕως
1307 1132 1492 1200 ἤνυσε,
1539 1131 1634 1184 καὶ
1681 1129 1928 1200 ἀλλήλων

336 1229 548 1290 αὐτοὺς
567 1226 875 1295 διέστησεν,
909 1226 938 1277 ὁ
968 1227 1081 1286 τοῖς
1103 1224 1330 1291 ἀγαθοῖς
1382 1222 1781 1293 ἀντικείμενος.
1831 1222 1929 1285 Τίς

334 1321 396 1374 δὲ
438 1320 539 1374 καὶ
577 1321 612 1389 ἡ
648 1317 746 1372 τοῦ
792 1317 1078 1388 χωρισμοῦ
1121 1318 1396 1387 πρόφασις
1443 1318 1539 1371 καὶ
1584 1317 1684 1386 τῆς
1713 1316 1932 1369 διαστά-

337 1430 512 1479 σεωςς
549 1411 609 1464 ’0
639 1408 737 1481 τὴν
770 1408 880 1461 τῶν
912 1407 1150 1477 λιμένων
1174 1406 1495 1477 ἐπιμέλειαν
1516 1406 1931 1478 ἐπιτετραμμέ-

337 1525 456 1570 νος,
499 1504 600 1558 καὶ
655 1503 728 1557 τὰ
769 1502 934 1555 πλοῖα
991 1502 1067 1571 μὴ
1119 1501 1225 1555 ἑῶν
1290 1502 1384 1554 hri.
1431 1499 1502 1554 τὰ
1530 1500 1629 1570 τῆς
1680 1499 1931 1563 Ἑλλάδος

340 1594 618 1663 διαπερᾷν
656 1591 804 1662 ὅρια,
824 1590 916 1643 διὰ
938 1593 1037 1653 τὰς
1066 1591 1172 1644 τῶν
1202 1590 1412 1660 ἐχθρῶν
1429 1588 1726 1653 ἐπιθέσεις,
1761 1605 1932 1644 κατα-

341 1685 530 1742 λαϐὼν
577 1684 745 1738 αὐτὸν
799 1685 861 1736 ὲν
927 1683 1101 1751 πλοίῳ
1167 1679 1528 1753 περαιοῦσθαι
1581 1679 1929 1750 βουλόμενον,

349 1777 646 1848 ἁφορὴτοις
678 1773 1263 1842 συγκόπτειπληγαῖς.
1302 1771 1589 1826 Ἐντεῦθεν
1640 1770 1931 1842 τοιγαροῦν

362 1870 572 1940 ἔκρινεν
606 1867 856 1928 ίδιάςειν·
885 1866 979 1918 καὶ
1005 1865 1066 1918 τὸ
1087 1864 1297 1927 λοιπὸν,
1330 1865 1388 1916 τὶ
1409 1863 1503 1916 τοῦ
1537 1861 1684 1916 θείου
1718 1862 1932 1932 μάρτυ-

362 1977 454 2028 ρες
507 1957 810 2028 Προκοπίου
868 1955 1160 2026 εὐκτήριον
1230 1949 1377 2025 εἶχεν
1433 1953 1595 2008 αὑτὸν
1648 1954 1753 2006 ὑπὸ
1815 1954 1936 2024 Θεῷ

353 2052 553 2114 ζῶντα,
612 2049 711 2101 καὶ
760 2049 859 2116 τῆς
889 2048 975 2101 ἀεὶ
1007 2048 1172 2117 φίλης
1223 2046 1623 2116 περισχόμενον
1679 2045 1933 2115 ἡσυχίας.

358 2142 527 2196 Ἀλλὰ
575 2141 835 2195 κάκεῖθεν
869 2140 1024 2203 ὑετὶς
1051 2139 1250 2206 λάϐρος
1292 2139 1684 2207 καταρραγεὶς,
1713 2138 1804 2191 καὶ
1845 2138 1937 2190 τὸν

340 2237 592 2290 οἰκίσκον
648 2238 707 2287 ἓν
775 2228 929 2303 ᾧπερ
1001 2229 1069 2304 ἦν
1136 2231 1559 2300 καταστρέψας,
1628 2230 1936 2300 ἀποστῆναι

253 2354 259 2361 ·
344 2329 514 2383 πάλιν
554 2328 730 2381 ἐποίει
784 2329 881 2380 καὶ
931 2325 1008 2395 μὴ
1051 2323 1397 2394 βουλόμενον·
1444 2323 1539 2376 τοῦ
1581 2322 1718 2377 Θεοῦ
1761 2323 1937 2378 ταῦτα

343 2419 651 2483 λυσιτελῶς
704 2421 835 2482 ἴσως
886 2416 1327 2487 οίκονομοῦντος,
1367 2415 1454 2469 ἵνα
1486 2416 1562 2486 μὴ
1607 2416 1759 2486 παρὰ
1802 2416 1934 2469 πολὺ

342 2515 415 2582 τῇ
470 2511 571 2564 τοῦ
627 2511 868 2573 Πέλοπος
939 2507 1386 2579 ἐμφιλοχωρῶν,
1454 2508 1617 2578 ἀδικῇ
1683 2508 1939 2562 sitveru-

344 2602 535 2674 τρίδα,
589 2603 762 2672 φυτοῦ
821 2600 1027 2655 τοιοῦδε
1086 2599 1408 2669 ἀποστερῶν
1461 2599 1632 2669 αὐτὴν
1682 2599 1775 2652 καὶ
1809 2597 1938 2665 52.n-

347 2694 450 2762 στή
459 2679 601 2762 ματο
609 2712 654 2755 ς.

356 2790 365 2799 ’
421 2786 500 2837 Οὐ
542 2786 651 2854 γὰρ
708 2783 844 2836 πολὺ
889 2782 949 2836 τὺ
986 2783 1046 2835 ὲν
1095 2782 1270 2852 μέσῳ,
1325 2781 1468 2835 καὶὸ
1502 2780 1603 2851 μὲν
1656 2781 1938 2853 ἁλιτήριος

346 2878 599 2947 Συμεὼν,
644 2878 742 2931 καὶ
775 2875 1274 2944 πολλῶνλαῑμάτων
1313 2874 1719 2951 Χριστιανικῶν
1768 2874 1936 2945 ἐκχύ-

351 2984 493 3029 ςεως
513 2968 710 3029 αἴτιος,
754 2965 811 3032 ἐξ
841 2965 1141 3036 ἀνθρώπων
1181 2963 1410 3031 γίνεται·
1438 2963 1729 3034 ἐκδέχεται
1757 2965 1815 3018 δὲ
1839 2966 1938 3035 τὴν

2026 491 2059 544 p
2080 477 2325 533 'ruiciem
2373 495 2438 533 ac
2464 482 2727 550 probrum
2776 483 2989 538 ordinis
3013 482 3363 540 manifestum
3386 487 3601 555 positus

2024 578 2193 622 98881.

2094 662 2258 718 Plane
2291 678 2418 719 vero
2468 667 2707 724 alienum
2753 671 2879 735 hoc,
2936 670 3273 740 omninoque
3326 672 3397 726 ab
3424 674 3600 728 hostis

2028 752 2230 808 invidia
2274 756 2584 814 abhorrens
2626 773 2836 816 eratut
2873 762 3250 818 admirabilem
3305 762 3510 818 Lucam
3545 765 3601 820 in

2028 844 2189 899 liuent
2225 861 2398 917 usque
2436 850 2539 905 sub
2580 851 2774 922 Stylita
2825 854 3138 908 ministrare
3189 857 3536 924 permitteret
3576 876 3591 912 :

2029 954 2130 993 nec
2160 941 2342 1009 potius
2365 957 2582 997 omnem
2618 956 2864 1000 moveret
2894 948 3153 1016 lapidem,
3190 963 3301 1018 quo
3336 950 3477 1005 bona
3504 952 3605 1011 bac

2028 1042 2154 1082 eum
2184 1030 2556 1096 negotiatione
2609 1034 2944 1101 prohiberet.
2993 1034 3149 1090 lland
3181 1036 3367 1107 itaque
3393 1041 3607 1094 destitit

2029 1119 2211 1173 omnia
2264 1121 2518 1188 moliens,
2552 1124 2729 1180 donec
2780 1127 3028 1196 perfecit.
3086 1130 3392 1200 ambnsque
3446 1134 3605 1188 bonis

2030 1211 2121 1266 ille
2163 1213 2518 1271 adversarius
2591 1218 2662 1271 ab
2723 1219 2954 1274 invicem
3015 1222 3280 1289 seiunxit.
3342 1224 3605 1291 Quaenam

2032 1308 2196 1373 porro
2226 1308 2593 1376 separationis
2649 1325 2715 1364 ac
2746 1313 3108 1380 sejunctionis
3139 1315 3405 1369 occasio?
3439 1316 3611 1370 Nimi-

2034 1408 2154 1446 rum
2209 1395 2258 1449 is
2311 1398 2399 1451 cui
2462 1397 2707 1454 littorum
2760 1417 2893 1456 cura
2937 1404 3229 1459 commissa
3291 1417 3432 1471 erat,
3482 1422 3606 1462 cum

2036 1492 2255 1553 propter
2290 1484 2531 1542 hostium
2566 1490 2938 1557 incursiones,
2990 1497 3224 1566 navigiis
3255 1499 3322 1551 ad
3365 1497 3608 1556 Heliadis

2033 1573 2170 1630 ﬁnes
2193 1578 2567 1636 transmittere
2598 1592 2832 1647 vetaret,
2868 1585 2921 1638 in
2980 1587 3198 1657 navigio
3233 1591 3610 1646 transmittere

2036 1677 2286 1734 paratum
2351 1671 2678 1740 inveniens,
2755 1676 2931 1744 plagis
2981 1678 3279 1735 dirissintis
3343 1683 3604 1741 concidit.

2034 1757 2244 1814 Idcirco
2277 1761 2445 1831 igitur
2484 1764 2589 1818 sibi
2628 1766 2883 1835 privatim
2911 1770 3098 1824 vivere
3126 1772 3366 1827 decrevit
3397 1791 3412 1828 :
3447 1775 3608 1829 dein-

2034 1864 2269 1918 cepsque
2322 1852 2426 1905 sub
2473 1851 2584 1907 Deo
2643 1857 2944 1920 viventem,
3002 1873 3069 1913 ac
3102 1861 3346 1917 amicam
3388 1878 3605 1933 semper

2034 1942 2450 2010 amplectentem
2480 1947 2750 2014 quirtem,
2785 1951 3032 2018 pra-clari
3059 1955 3315 2021 martyris
3351 1955 3602 2027 Procopii

2035 2033 2338 2087 oratorium
2388 2037 2642 2092 habebat.
2684 2040 2795 2094 Sed
2830 2050 2885 2095 et
2918 2043 3045 2097 inde
3090 2044 3306 2101 irruens
3335 2049 3612 2117 copiosior

2036 2120 2229 2187 imber,
2256 2137 2319 2176 ac
2352 2124 2770 2195 douiuneulam,
2806 2146 2914 2200 qua
2948 2134 3197 2203 degebat,
3222 2146 3494 2205 evertens,
3527 2141 3613 2194 vel

2037 2209 2267 2265 invitum
2301 2230 2492 2269 rursus
2521 2217 2702 2286 abegit
2735 2236 2749 2273 :
2794 2220 2902 2275 Deo
2927 2221 3066 2278 forte
3100 2224 3212 2280 haec
3246 2227 3455 2282 utiliter
3499 2229 3614 2286 dis-

2036 2314 2321 2372 pensante,
2362 2316 2421 2359 ut
2456 2324 2523 2363 ne
2557 2310 2768 2365 diutius
2817 2311 2872 2365 in
2904 2312 3286 2384 Peloponneso
3330 2318 3610 2390 habitans,

2034 2395 2222 2462 patria:
2245 2394 2501 2464 iujnriam
2529 2398 2754 2467 faceret,
2786 2404 2878 2457 tali
2912 2420 3034 2459 eam
3060 2407 3248 2477 planta
3275 2425 3339 2465 ac
3367 2414 3611 2482 germine

2037 2497 2280 2551 privatis.

2109 2766 2264 2823 Haud
2314 2769 2458 2825 enim
2492 2770 2732 2840 longiori
2784 2772 3075 2841 interiecto
3127 2785 3394 2845 tempore,
3447 2780 3615 2834 miser

2040 2858 2131 2915 ille
2162 2862 2422 2932 Symeon,
2448 2864 2666 2932 quique
2691 2863 2796 2919 lusi
2819 2866 2972 2920 multi
3003 2866 3297 2922 Christiani
3333 2872 3616 2939 sanguinis
3716 2914 3719 2917 -

2040 2966 2231 3010 auctor
2283 2958 2608 3022 exstitisset,
2673 2958 2742 3013 ab
2782 2959 3040 3015 humanis
3101 2961 3338 3032 migrat,
3387 2963 3615 3034 ejusque

352 3055 554 3107 τούτου
589 3053 765 3125 ἀρχὴν
796 3053 1023 3122 Πέτρος,
1056 3054 1082 3105 ὁ
1121 3050 1291 3106 αὑτοῦ
1335 3051 1434 3121 μὲν
1482 3052 1618 3115 υίὸς,
1652 3052 1751 3121 οὑχ
1784 3054 1933 3117 ὅπως

2041 3042 2333 3113 imperium
2386 3048 2627 3117 capessit
2700 3048 2937 3105 Petrus:
2974 3051 3055 3107 sic
3081 3052 3300 3120 quidem
3354 3053 3522 3121 ﬁlius,
3557 3067 3615 3110 tit

345 3143 405 3196 δὲ
446 3144 549 3216 τῆς
578 3143 736 3213 δόξης
763 3144 856 3195 καὶ
887 3142 985 3211 τῆς
1019 3140 1233 3205 οὐσίας,
1268 3139 1413 3194 οὕτω
1437 3140 1502 3211 δὴ
1532 3141 1626 3193 καὶ
1655 3142 1753 3212 τῆς
1785 3141 1933 3212 ὠμό-

350 3251 518 3304 τητος
552 3236 649 3288 καὶ
696 3233 1113 3305 μισανθρωπίας
1151 3233 1342 3301 φανεὶς
1381 3232 1721 3311 κληρονόμος
1747 3251 1761 3266 ⁸
1798 3236 1936 3289 ἀλλὰ

346 3325 535 3396 πολλῷ
557 3326 759 3394 ταύτης
793 3325 1072 3393 ἀλλότριος
1094 3341 1105 3353 ·
1145 3325 1239 3378 καὶ
1274 3323 1335 3377 τό
1363 3340 1426 3389 γε
1467 3326 1551 3387 εἰς
1580 3325 1745 3378 αὐτὸν
1797 3322 1935 3396 ἧκον

345 3416 507 3471 οὐδὲν
530 3416 670 3488 ἔχων
697 3419 908 3470 ἐκείνου
939 3414 1031 3469 τοῦ
1054 3415 1285 3486 αἵματος
1324 3416 1419 3468 καὶ
1456 3414 1559 3485 τῆς
1584 3419 1932 3484 συγγενείας.

351 3511 454 3572 Ὃς
481 3507 645 3571 εὐθὺς
700 3507 913 3578 χαίρειν
954 3505 1123 3560 εἰπὼν
1160 3507 1355 3577 αἵμασι
1400 3508 1496 3560 καὶ
1524 3508 1782 3578 πολέμοις
1807 3551 1822 3575 ,
1860 3511 1937 3563 εἱ-

348 3606 531 3673 ρήνην
552 3602 652 3673 τὴν
692 3602 811 3672 μεθ’
863 3602 1019 3672 ἡμῶν
1068 3600 1375 3671 ἠσπάσατο·
1425 3602 1515 3654 ὅτε
1558 3602 1803 3672 ῥομφαία
1842 3600 1937 3655 καὶ

348 3696 490 3766 δόρυ
532 3696 631 3747 καὶ
662 3695 771 3746 πᾶν
816 3693 978 3746 ὅπλον
1027 3692 1245 3762 σιδήρου
1269 3692 1657 3760 πεποιημένον,
1686 3694 1764 3754 εἰς
1812 3692 1939 3762 δρέ-

349 3804 501 3839 πανα
543 3785 637 3837 καὶ
688 3784 1003 3852 σκέπαρνον
1042 3781 1396 3852 προφητικῶς
1425 3783 1592 3850 φάναι
1638 3799 1938 3836 κατεσκευ-

350 3881 571 3942 ἁςοντο·
602 3877 765 3947 ἡνίκα
795 3876 890 3927 καὶ
913 3875 1133 3928 πάντων
1161 3875 1254 3927 ἐπὶ
1291 3874 1390 3936 τὰς
1423 3875 1631 3938 οἰκείας
1662 3875 1847 3939 πόλεις
1878 3893 1938 3929 τε

354 3969 451 4022 καὶ
479 3967 699 4038 κώμας,
730 3968 822 4020 καὶ
863 3968 961 4030 τὰς
996 3967 1184 4028 ἑστίας
1241 3967 1410 4028 αὑτὰς
1467 3966 1933 4037 ἀνασωζομένων,

347 4063 444 4113 καὶ
471 4063 502 4114 ὁ
543 4061 684 4122 θεῖος
722 4059 934 4120 Λουκᾶς
983 4059 1063 4121 είς
1124 4057 1223 4128 τὴν
1272 4058 1413 4110 κατὰ
1444 4058 1534 4112 τὸν
1595 4059 1936 4129 Ἰωαννίτζην

344 4152 728 4224 περιπόθητον
775 4150 1007 4221 ἡσυχίαν
1038 4148 1305 4212 ποθεινῶς
1352 4149 1599 4221 ἐπανῄει·
1630 4151 1807 4204 πόνων
1835 4151 1934 4221 μὲν

343 4246 566 4306 ἐκεῖνος
624 4242 734 4294 τῶν
783 4241 963 4294 αὐτῶν
1021 4242 1054 4309 ἢ
1101 4240 1194 4293 καὶ
1250 4242 1513 4310 μειζόνων
1565 4241 1667 4311 τῆς
1731 4243 1937 4312 ἀρετῆς

342 4337 632 4408 ἐχόμενος·
661 4330 809 4387 λύειν
835 4333 899 4386 δὲ
937 4333 1061 4396 τοὺς
1098 4333 1304 4402 ἑτέρων
1335 4333 1533 4396 πόνους
1558 4376 1574 4400 ,
1607 4336 1703 4387 καὶ
1733 4335 1937 4405 μᾶλλόν

2037 3149 2218 3192 tamen
2263 3140 2748 3208 nequaquam,.uti
2782 3140 2967 3210 gloriae
3014 3158 3076 3198 ac
3120 3144 3462 3209 substantiae,
3533 3148 3611 3202 ita

2035 3244 2253 3298 quoque
2278 3231 2620 3285 crudelitatis
2654 3247 2719 3286 ac
2774 3233 3195 3291 inhumanitatis
3255 3237 3427 3293 haeres
3455 3239 3612 3294 visus

2036 3322 2106 3376 sit
2136 3339 2151 3387 ;
2185 3323 2278 3377 sed
2322 3325 2504 3392 plane,
2545 3325 2703 3392 longe
2734 3327 2803 3379 ab
2833 3341 2896 3379 ea
2921 3327 3172 3396 alienus;
3210 3331 3435 3399 quippe,
3465 3332 3614 3401 quod

2035 3417 2101 3468 ad
2139 3416 2317 3483 ipsum
2348 3426 2577 3484 spectat,
2615 3420 2749 3471 nihil
2785 3419 2934 3472 illius
2958 3423 3248 3491 sanguinis
3279 3425 3486 3478 habens
3543 3440 3613 3479 ac

2037 3504 2336 3558 alliuitatis.
2404 3506 2451 3561 is
2507 3509 2691 3561 statim
2759 3510 3058 3579 sanguines
3114 3527 3179 3566 ac
3241 3513 3384 3567 bella
3426 3518 3612 3569 valere

2033 3596 2259 3665 jubens,
2317 3613 2505 3666 pacem
2557 3615 2683 3653 cum
2741 3599 3006 3656 Romanis
3055 3605 3151 3656 init
3192 3620 3208 3656 :
3247 3607 3505 3674 quando,
3557 3617 3617 3661 ut

2039 3692 2220 3745 verbis
2251 3693 2529 3761 propheta:
2553 3693 2733 3762 utaris,
2768 3695 2983 3763 gladius
3026 3710 3093 3748 ar.
3114 3696 3326 3760 lancea,
3354 3712 3617 3767 armaque

2037 3784 2221 3836 omnia
2255 3784 2397 3837 l‘erro
2425 3784 2694 3847 confecta,
2725 3786 2778 3839 in
2814 3786 3009 3839 falcem
3039 3801 3104 3840 ac
3138 3786 3376 3855 ligonem
3406 3790 3617 3842 conﬂa-

2037 3872 2238 3927 bantur
2270 3875 2532 3942 :quando
2572 3876 2701 3929 item
2740 3877 3041 3941 universis,
3066 3878 3121 3929 in
3160 3879 3406 3946 proprias
3452 3881 3616 3935 urbes

2038 3978 2103 4019 ac
2129 3965 2347 4033 oppida,
2384 3966 2804 4037 ipsosquelares
2839 3984 2962 4023 cum
2997 3971 3177 4024 salute
3207 3973 3611 4033 remeantibus.

2039 4055 2258 4110 divinus
2288 4071 2509 4125 quoque
2566 4058 2766 4124 Lucas,
2797 4060 2864 4112 ad
2917 4060 3220 4128 impensius
3250 4063 3614 4118 desideratam

2036 4147 2354 4204 Joannatzis
2375 4152 2725 4208 solitudinem
2746 4154 3128 4209 desideranter
3161 4158 3325 4211 rediit
3349 4177 3362 4213 :
3389 4162 3610 4215 eosdem

2038 4242 2257 4311 quidem
2287 4243 2400 4312 ipse
2434 4254 2530 4298 aut
2573 4245 2736 4299 etiam
2772 4246 3007 4315 majores
3041 4261 3365 4306 consectans
3395 4252 3617 4308 virtutis

2039 4333 2259 4389 labores
2293 4352 2308 4390 :
2344 4344 2403 4388 ιιι
2436 4346 2616 4390 tamen
2656 4337 2872 4392 labores
2902 4339 3162 4404 aliorum,
3202 4357 3267 4395 ac
3294 4345 3619 4412 cumprimis

340 4447 410 4498 γε
435 4428 568 4490 τοὺς
623 4425 683 4490 ἐξ
709 4425 1018 4498 ὁδοιπορίας
1067 4424 1156 4478 διὰ
1207 4423 1309 4492 τῆς
1348 4423 1736 4496 φιλανθρώπου
1791 4425 1934 4495 φιλο-

2043 4440 2111 4478 cx
2142 4425 2337 4480 itinere
2363 4439 2673 4496 susceptos,
2706 4428 2941 4500 benigna
2969 4432 3340 4503 hospitalitate
3369 4450 3620 4491 recreare

343 4519 535 4585 ξενίας
558 4514 1012 4586 ἐπιμελούμενος.
1542 4580 1555 4595 ί

421 4608 621 4680 Ταύτῃ
645 4608 845 4660 ratirati.
882 4606 1125 4670 ἀκούσας
1175 4605 1266 4659 τὸν
1321 4606 1418 4677 τῆς
1465 4606 1731 4676 Κορίνθου
1771 4607 1937 4677 πρόε-

346 4704 482 4774 δρον
515 4704 596 4764 είς
628 4702 726 4771 τὴν
759 4694 1011 4769 βασιλίδα
1040 4699 1148 4751 τῶν
1182 4697 1393 4751 πόλεων
1422 4700 1665 4764 ἀνιόντα,
1691 4698 1805 4750 ἐκεῖ
1836 4716 1940 4752 που

351 4793 586 4865 πλησίον
619 4792 713 4845 τοῦ
756 4810 816 4844 τε
856 4791 1022 4844 πόνου
1075 4788 1260 4859 λῆξαι,
1307 4790 1403 4842 καὶ
1448 4790 1620 4860 βραχύ
1672 4807 1726 4841 τι
1759 4790 1941 4842 διακα-

361 4888 656 4949 παύεσθαι,
694 4884 947 4957 προσῄει·
991 4886 1049 4937 οὐ
1088 4887 1275 4947 κεναῖς
1330 4886 1541 4956 χερσὶν,
1590 4885 1728 4937 ἀλλὰ
1791 4885 1941 4956 δῶρα

358 4981 556 5049 φέρων·
607 4977 819 5049 σμικρὰ
875 4977 997 5048 μὲν,
1051 4976 1263 5049 μεγάλῃ
1314 4977 1371 5029 δὲ
1405 4977 1501 5029 καὶ
1561 4975 1833 5047 φιλοτίμῳ
1866 4979 1936 5048 τῇ

352 5072 705 5142 προαιρέσει,
734 5070 872 5123 καθὸ
900 5070 970 5122 τὰ
1014 5067 1251 5138 μάλιστα
1284 5063 1359 5121 ὧν
1380 5065 1516 5137 εἶχε,
1549 5068 1816 5138 προσῆγε,
1842 5070 1938 5121 καὶ

346 5159 425 5218 ὧν
458 5164 615 5218 οὐδὲν
644 5165 894 5232 κρεῖττον
936 5161 1068 5231 παρ’
1092 5159 1273 5229 ἑαυτῷ
1318 5160 1691 5230 ἀπελίμπανε·
1727 5161 1938 5231 λάχανα

347 5255 443 5308 τοῦ
478 5252 805 5324 πονηθέντος
834 5252 982 5323 αὐτῷ
1008 5252 1340 5324 παραδείσου
1369 5251 1663 5323 πολυειδῆ·
1699 5252 1851 5324 αὐτῴ
1883 5269 1942 5306 τε

346 5350 445 5399 σαὶ
484 5348 597 5408 τοῖς
630 5347 727 5398 σὺν
759 5344 905 5416 αὐτῴ
928 5347 1211 5415 κληρικοίς
1243 5344 1362 5414 ἃμα
1402 5344 1496 5396 καὶ
1535 5343 1822 5414 ἄρχουσιν·
1848 5346 1941 5414 ὑφ’

348 5431 427 5490 ὧν
476 5438 577 5490 καί⁵
636 5436 913 5506 διδαχθεὶς
964 5437 1114 5499 ὅστις
1181 5436 1295 5506 εἴη,
1339 5434 1442 5488 ποῦ
1493 5452 1553 5486 τε
1600 5435 1803 5504 διάγει,
1846 5436 1942 5488 καὶ

352 5528 548 5582 ὁποίαν
580 5528 690 5599 ἄρα
725 5530 821 5599 τὴν
844 5528 1066 5597 ἀγωγὴν
1101 5528 1361 5597 μέτεισιν·
1389 5526 1582 5597 ἀνδρὸς
1636 5526 1937 5596 φιλαρέτου

430 5708 452 5737 ⁸
484 5708 595 5761 lsa.
641 5721 700 5767 ιι,
731 5707 785 5759 ό.

2042 4519 2307 4573 studeret.

2115 4607 2463 4680 QuaprOpter
2536 4612 2701 4665 ctiam
2752 4611 2843 4665 ubi
2877 4612 3126 4667 Corinthi
3180 4615 3497 4684 episcopum
3546 4618 3615 4670 ad

2045 4699 2234 4754 urbem
2293 4702 2497 4768 regiam
2549 4701 2962 4767 ascendentem,
2995 4703 3140 4758 haud
3171 4708 3363 4772 procul
3414 4707 3618 4763 laboris

2048 4791 2304 4846 inducias
2343 4794 2544 4856 iacere,
2586 4807 2651 4847 ac
2682 4794 2963 4861 paululum
3013 4794 3297 4863 quiescere
3350 4796 3615 4863 audisset,

2054 4898 2179 4936 eum
2212 4884 2368 4947 adiit,
2405 4883 2546 4938 haud
2582 4884 2769 4938 vacuis
2826 4886 3100 4945 inanibus.
3148 4900 3338 4940 verum
3391 4902 3617 4943 munera

2048 4973 2322 5037 affet-ens,
2378 4974 2467 5029 illa
2515 4973 2734 5044 quidem
2794 4974 3013 5043 exigua,
3055 4991 3248 5045 magna
3309 4986 3489 5031 tanien
3553 4994 3620 5034 ac

2046 5063 2190 5133 larga
2220 5066 2499 5120 voluntate
2536 5082 2552 5120 :
2584 5066 2855 5136 siquidem
2885 5082 2946 5121 ea
2978 5070 3219 5122 maxime
3250 5069 3469 5134 obtulit,
3497 5086 3618 5140 qua:

2046 5158 2430 5226 suppetebant,
2483 5172 2548 5213 ac
2605 5159 2807 5227 quibus
2868 5159 3003 5213 nihil
3068 5160 3262 5215 melius
3321 5163 3618 5232 repositum

2056 5249 2328 5308 haberet;
2368 5264 2564 5321 nempe
2624 5252 2826 5307 diversi
2879 5254 3097 5321 generis
3136 5254 3308 5320 olera,
3351 5270 3418 5309 ex
3462 5255 3622 5311 horto

2049 5356 2212 5411 quem
2248 5342 2486 5406 colebat,
2518 5357 2643 5397 cuni
2675 5343 2956 5412 episcopo,
2989 5354 3101 5398 tum
3143 5345 3434 5401 comitibus
3462 5345 3621 5399 cleri-

2048 5434 2129 5489 cis
2174 5436 2379 5503 pariter
2416 5448 2489 5487 ac
2513 5434 2647 5490 viris
2673 5434 2975 5490 nobilibus.
3006 5437 3050 5488 A
3089 5438 3291 5505 quibus
3317 5436 3482 5491 etiam
3526 5438 3621 5490 do-

2047 5536 2169 5580 ctus
2208 5526 2317 5592 ille,
2356 5525 2611 5595 quisnam
2647 5527 2693 5582 is
2721 5534 2889 5591 esset,
2934 5543 2997 5581 ac
3029 5528 3120 5582 ubi
3151 5536 3361 5597 ageret,
3419 5541 3621 5595 quam-
