4094 6454
455 295 563 358 455

1904 289 2253 350 ΑΝΟΝΥΜῘ
3612 285 3721 347 455

378 400 379 403 “
447 424 563 479 que
592 408 715 461 vita:
745 406 1017 460 rationem
1044 411 1258 461 teneret
1277 445 1295 470 ,
1326 419 1439 460 rem
1477 402 1610 458 fecit
1637 401 1739 456 viri
1763 401 2023 470 studiosi,

2140 405 2230 457 ιιαὶ
2262 401 2400 472 πρὸς
2455 401 2526 458 τὰ
2574 403 2695 458 θεῖα
2744 403 3030 475 ἐρωτικῶς
3060 403 3279 473 ἔχοντος
3332 401 3494 473 ἔργον
3517 402 3719 456 ἐποίει.

447 513 614 571 atque
664 502 719 553 in
744 498 927 554 divina
956 507 1204 553 amanter
1233 496 1434 552 alTecti.
1473 495 1695 551 Fastum
1729 496 1930 565 quippe
1960 510 2025 549 ac

448 593 733 664 dignitatis
789 593 1012 644 modum
1064 590 1456 660 parvil'aeiens,
1511 586 1733 657 plurimi
1782 587 2024 641 aestima—

450 685 566 751 bat,
609 695 670 739 ut
708 684 808 737 viri
843 685 1119 753 pauperis,
1156 697 1471 752 quanquam
1513 679 1880 749 spiritualium
1934 694 2026 732 ra-

453 776 601 828 tione
635 789 744 827 non
772 759 892 827 erat
923 788 1152 842 pauper,
1195 773 1472 840 tugurium
1499 771 1721 825 viseret.

526 861 765 917 Veniens
791 864 998 932 itaque,
1024 865 1255 932 ejusque
1277 861 1461 916 omnia
1494 860 1759 926 lustrans,
1791 858 2032 914 admira-

456 954 595 1031 tioni
662 956 941 1019 habebat,
998 969 1121 1022 quae
1184 954 1364 1023 reipsa
1434 952 1804 1006 admiratione
1864 951 2030 1020 digna

453 1058 614 1102 erant
646 1064 660 1101 :
692 1062 799 1101 non
829 1047 1051 1101 divitias
1079 1063 1146 1101 ac
1172 1047 1515 1116 superbiam,
1538 1046 1632 1102 sed
1660 1044 2030 1101 voluntariam

457 1147 830 1210 paupertatem
853 1153 917 1192 ac
943 1137 1086 1193 ultro
1109 1148 1472 1207 assumptam.
1498 1137 1841 1207 Quapropter
1862 1137 2039 1191 etiam‘

456 1232 653 1287 alacris
697 1231 910 1294 statuit,
968 1244 1106 1284 auro
1156 1232 1419 1300 prosequi
1457 1232 1656 1284 virum.
1698 1230 1790 1283 Sic
1827 1230 2032 1298 quippe

457 1324 630 1380 iniors
662 1334 771 1387 est,
805 1334 867 1378 ut
900 1323 1098 1377 nedum
1145 1325 1455 1393 egentibus,
1489 1325 1585 1377 sed
1637 1332 1689 1376 et
1717 1322 1784 1375 iis
1813 1320 1908 1390 qui
1940 1334 2034 1374 su-

457 1418 737 1471 blimiores
769 1426 900 1470 sunt
958 1434 1123 1485 quam
1164 1427 1223 1470 ut
1270 1424 1486 1486 egeant,
1527 1414 1767 1468 alacrius
1811 1428 1874 1466 ac
1908 1427 2036 1482 pro-

454 1506 681 1576 pensius
748 1506 1068 1576 largiamur.
1125 1505 1302 1560 Jussit
1356 1519 1487 1575 ergo
1548 1520 1716 1557 unum
1783 1502 2023 1572 aliquem

452 1614 681 1668 erogare
722 1598 862 1652 inter
906 1598 1238 1652 domesticos
1271 1597 1632 1666 praecipuum.
1681 1592 1882 1648 Verum
1940 1592 2033 1647 ille

454 1692 705 1760 accipere
765 1692 994 1747 renuit:
1037 1708 1056 1741 t
1100 1688 1559 1759 Haudquaquam,
1609 1687 1825 1757 inquit,
1856 1685 2034 1739 domi-

2132 498 2363 568 Κόμπον
2392 497 2488 550 καὶ
2518 496 2832 568 ἀξιώματος
2883 497 3084 566 μέτρον
3122 495 3325 564 φαῦλον
3375 492 3517 549 εἶναι
3563 497 3728 564 νομί-

2132 608 2254 653 σας,
2324 591 2384 643 ὲν
2453 589 2675 660 μεγάλῳ
2740 589 2950 653 ἐτίθει,
3030 587 3270 657 πένητος
3352 588 3586 660 ἀνδρὸς,
3674 589 3728 640 εἰ

2128 685 2226 736 καὶ
2259 682 2334 755 μὴ
2383 684 2554 752 πένης
2586 678 2656 753 ἦν
2689 680 2760 735 τὰ
2794 681 3169 751 πνευματικὰ,
3196 680 3442 752 καλύϐην
3494 682 3649 735 ἰδεῖν.

2212 869 2417 923 Ἐλθὼν
2473 866 2603 932 οὖν,
2662 870 2757 923 καὶ
2811 867 2934 937 θψει
2995 867 3067 921 τὰ
3118 865 3330 920 ἐκείνου
3381 865 3730 937 περιλαϐὼν,

2131 960 2509 1031 ἐθαύμαζενᾶ
2543 960 2848 1029 θαυμάζειν
2893 958 3112 1027 ἀληθῶς
3153 959 3327 1023 ἄξιον·
3366 958 3429 1011 οὐ
3492 957 3735 1011 πλοῦτον

2138 1056 2234 1107 καὶ
2262 1052 2643 1123 περιφάνειαν,
2671 1050 2808 1105 ἀλλὰ
2842 1049 3033 1104 πενίαν
3063 1049 3372 1102 ἐθελούσιον
3415 1052 3509 1103 καὶ
3534 1049 3735 1103 αὐθαι-

2136 1161 2311 1216 ρετον³
2343 1144 2423 1197 διὸ
2471 1143 2566 1197 καὶ
2596 1141 2878 1213 πρόθυμος
2923 1141 3182 1211 κατέστη,
3224 1140 3414 1212 χρυσῷ
3462 1140 3738 1207 δεξιώτα-

2135 1236 2262 1290 σθαι
2291 1236 2383 1289 τὸν
2421 1234 2611 1305 ἄνδρα.
2646 1234 2757 1287 Καὶ
2783 1235 2894 1303 γὰρ
2934 1233 3233 1302 εἰώθαμεν,
3276 1232 3339 1285 οὐ
3369 1234 3484 1295 τοῖς
3532 1231 3736 1301 δεομέ-

2133 1344 2245 1390 νοις
2297 1325 2520 1395 μᾶλλον,
2578 1324 2718 1377 ἀλλὰ
2780 1327 2893 1387 τοῖς
2952 1323 3045 1376 τοῦ
3094 1322 3303 1377 δεῖσθαι
3365 1323 3738 1395 ὑψηλοτέροις

2134 1415 2457 1489 χαρίζεσθαι
2504 1413 2935 1484 προθυμότερον.
3014 1414 3073 1466 ’0
3128 1412 3229 1482 μὲν
3291 1408 3387 1466 οῦν
3454 1412 3739 1485 ἐπέτρεπε

2133 1512 2314 1565 δοῦναι
2353 1510 2434 1580 τῷ
2479 1511 2794 1579 οἰκειοτέρῳ
2853 1509 2960 1561 τῶν
3011 1508 3344 1562 ἀκολούθων.
3395 1507 3453 1560 Ὀ
3486 1507 3546 1560 δὲ
3568 1507 3740 1559 τοῦτο

2134 1603 2318 1656 λαϐεῖν
2369 1602 2640 1665 ἀνένευεν,
2687 1620 2709 1652 ι
2766 1601 2841 1654 οὐ
2894 1601 3123 1673 χρυσίον
3146 1601 3342 1670 λέγων,
3380 1592 3430 1652 ὦ
3463 1600 3737 1662 δέσποτα,

2136 1697 2393 1767 δεόμενος
2426 1694 2759 1765 προσῆλθον*
2824 1694 2941 1748 ἀλλ’
2983 1695 3161 1765 εὐχῶν
3212 1696 3307 1748 καὶ
3355 1691 3739 1755 διδασκαλίας.

455 1800 544 1849 ne,
579 1787 698 1837 auri
732 1784 984 1854 indigens
1035 1783 1284 1847 accessi;
1336 1783 1432 1837 sed
1466 1797 1689 1852 precum
1720 1796 1786 1835 ac
1826 1780 2034 1834 doctri-

2140 1790 2204 1841 'l‘t'
2266 1792 2374 1857 γὰρ
2432 1787 2572 1859 πρὸς
2630 1788 2835 1856 ἠμᾶςὸ
2870 1787 3093 1858 χρυσὸς,
3166 1786 3226 1849 ὃς
3280 1786 3452 1849 οὕτως.
3504 1785 3743 1855 εἱλόμην

454 1892 560 1933 nte.
590 1876 730 1941 Quid
791 1877 936 1929 enim
986 1874 1053 1929 ad
1109 1890 1195 1929 me
1225 1889 1423 1929 aurum
1459 1914 1475 1940 ,
1532 1874 1626 1942 qui
1663 1873 1744 1927 sic
1775 1871 2030 1943 elegerint

454 1967 676 2021 vivere?
707 1966 783 2020 Da
820 1983 950 2038 ergo
982 1967 1033 2021 id
1083 1983 1194 2035 quo
1240 1981 1396 2035 egeo,
1454 1981 1521 2021 ac
1557 1967 1718 2035 cujus
1742 1967 1887 2020 acris
1946 1979 2033 2018 me

455 2060 578 2114 sitis
622 2060 803 2123 habet,
839 2060 1028 2112 rudem
1076 2075 1160 2112 me
1192 2074 1258 2112 ac
1311 2059 1582 2111 rusticum
1635 2059 1867 2125 docens,
1915 2072 2026 2124 qua

454 2160 709 2220 oporteat
738 2155 948 2204 ratione
970 2151 1201 2206 salutem
1228 2165 1574 2219 comparare.
1613 2168 1631 2201 i

533 2241 706 2296 Porro
752 2243 1002 2295 tristatus
1049 2249 1138 2294 est
1171 2239 1327 2293 valde
1372 2237 1615 2309 pontifex
1651 2253 1748 2308 pro
1785 2239 1911 2293 tloni
1945 2254 2039 2292 rr-

455 2334 773 2404 padiatione
809 2354 822 2388 :
860 2349 966 2386 non
999 2333 1134 2397 dati,
1194 2333 1288 2385 sed
1341 2334 1427 2385 sui
1481 2330 1663 2400 potius
1698 2333 2033 2398 spretionem

456 2435 630 2488 ratus,
675 2424 818 2492 quod
843 2425 916 2477 ita
944 2433 1156 2492 gestuin
1200 2431 1349 2477 esset
1392 2438 1405 2474 :
1445 2436 1511 2475 ac
1546 2433 1805 2491 tauquam
1844 2422 1888 2475 is
1914 2424 2035 2492 qui-

453 2521 577 2572 dem
613 2517 838 2570 haberet
869 2515 1240 2569 necessariutn
1289 2530 1508 2580 aurum,
1541 2530 1606 2569 eo
1639 2522 1821 2568 tamen
1851 2516 2035 2569 datum

458 2611 773 2681 repulisset,
800 2610 944 2679 quod
966 2609 1087 2679 ejus
1112 2610 1252 2663 dona
1275 2605 1865 2679 displicerentqldcirco
1887 2609 2036 2678 gravi

457 2704 644 2758 cordis
681 2702 872 2757 dolore
911 2711 1088 2756 tactus
1124 2718 1139 2755 :
1175 2718 1195 2753 ι
1239 2701 1541 2767 Quorsum,
1571 2702 1774 2771 inquit,
1817 2702 1883 2756 ad
1909 2716 2034 2756 eum

461 2795 712 2860 modum,
771 2811 878 2849 una
912 2810 1040 2849 cum
1101 2793 1268 2861 dono,
1323 2810 1424 2850 nos
1459 2810 1681 2865 quoque
1739 2795 2037 2866 repulisti?

457 2886 591 2943 Nam
627 2899 683 2943 et
703 2903 803 2958 ego
828 2888 1006 2943 ﬁdelis
1057 2903 1202 2951 sum,
1249 2903 1563 2957 quanquam
1595 2896 1887 2957 peccator;
1921 2887 2037 2957 epi-

457 2996 681 3050 scotius,
714 2982 928 3035 tametsi
970 2980 1251 3049 indignus.
1280 2978 1401 3044 Qua
1430 2995 1563 3047 ergo
1590 2980 1804 3034 ratione
1855 2980 1948 3049 qui
1980 2979 2035 3034 in

458 3075 720 3128 omnibus
750 3074 1033 3129 Christum
1070 3073 1274 3144 imitari
1303 3073 1460 3138 velis,
1494 3073 1615 3142 ejus
1640 3072 1693 3125 in
1726 3074 1831 3127 hoc
1856 3073 2037 3126 imita-

458 3171 664 3221 tionem
727 3182 834 3220 non
892 3166 1185 3221 admittis?
1228 3165 1361 3219 Nam
1420 3174 1476 3220 et
1526 3165 1638 3227 ille,
1670 3166 1814 3218 ultro
1864 3180 1898 3218 a
1931 3164 2037 3235 piis

458 3256 770 3310 volentibus
826 3258 1014 3309 oblata
1070 3255 1393 3325 recipiebat,
1444 3255 1676 3322 ejusque
1732 3255 1811 3308 rei
1872 3263 2039 3308 testes

457 3344 665 3399 loculos
693 3346 876 3399 habes.
917 3343 1157 3399 Omnino
1197 3345 1367 3410 enim,
1408 3345 1627 3399 tametsi
1681 3346 1817 3415 ipse,
1848 3345 2037 3399 datum

457 3451 658 3490 munus
688 3436 1057 3491 necessarium
1091 3452 1196 3490 non
1239 3436 1483 3503 habeas;
1535 3447 1590 3490 at
1617 3436 1862 3508 porriges
1892 3437 2038 3490 iudi-

456 3525 711 3594 gentibus
771 3527 916 3580 aliis.
963 3525 1119 3581 Nunc
1169 3535 1372 3591 autem,
1417 3525 1562 3596 quod
1613 3529 1680 3581 ad
1726 3537 1777 3579 te
1807 3536 2036 3596 spectat,

458 3618 692 3673 stultum
743 3619 877 3687 quid
930 3634 995 3671 ac
1035 3619 1362 3672 irrationale
1386 3620 1447 3671 lit
1496 3619 1866 3673 beneﬁcentiae
1899 3634 2040 3688 pra:-

453 3723 671 3778 ct-ptum
693 3748 708 3774 ,
771 3710 964 3779 sicque
990 3711 1159 3764 animi
1189 3712 1370 3765 omnis
1396 3710 1662 3780 religiosi,
1702 3726 1765 3764 ac
1790 3710 2037 3779 benigni-

458 3809 573 3853 tate
609 3801 663 3852 in
718 3802 1005 3870 proximos
1063 3801 1341 3862 habentis,
1407 3802 1806 3870 ingenuitatem
1860 3800 2036 3854 lmdis.

455 3876 658 3962 Atque,
698 3904 757 3948 ut
792 3896 959 3948 verbo
988 3893 1191 3958 dicant,
1242 3907 1354 3945 rem
1389 3893 1557 3956 tollis,
1582 3908 1688 3961 qua
1730 3892 1894 3945 simul
1920 3905 2043 3960 gra-

462 3988 606 4042 vanti
628 3988 934 4058 paupertati
959 3987 1217 4042 solatium
1238 3986 1485 4041 adhiberi
1505 3987 1695 4056 possit,
1740 3987 2040 4055 multaque

458 4080 544 4134 via
562 4090 763 4149 pateat
795 4081 1015 4134 salutis.
1075 4098 1094 4130 ι

530 4172 627 4227 llis
658 4171 879 4238 auditis,
916 4171 1058 4225 haud
1080 4170 1220 4225 ultra
1250 4172 1341 4227 Dei
1375 4173 1540 4227 homo
1570 4172 1817 4226 muneris
1844 4185 2041 4240 accep-

460 4268 664 4321 tionem
718 4267 1112 4335 repudiantlani
1152 4268 1384 4337 putavit,
1428 4281 1485 4322 ut
1523 4283 1591 4322 ne
1630 4268 1735 4321 sibi
1797 4268 1914 4336 ipse
1943 4280 2039 4319 os-

461 4359 836 4420 tentutionem,
869 4374 933 4411 ac
958 4359 1190 4413 antistiti
1225 4359 1496 4413 tristitiam
1527 4357 2040 4411 inimoderationem

2141 1883 2325 1954 βιοῦν;
2364 1883 2463 1944 Δὸς
2502 1878 2799 1949 τοιγαροῦν
2834 1873 2896 1933 οὗ
2924 1880 3121 1950 δέομαι
3176 1882 3272 1934 καὶ
3313 1880 3519 1951 σφόδρα
3566 1876 3739 1947 διψιῖ»,

2137 1976 2357 2039 διδάξας
2404 1973 2498 2026 τὸν
2559 1970 2753 2042 ἀμαθῆ
2799 1971 2900 2042 ἐμὲ
2953 1973 3048 2026 καὶ
3082 1974 3350 2045 ἄγροικον
3381 1971 3499 2035 πῶς
3541 1969 3626 2023 δεῖ
3664 1985 3739 2040 με

2139 2068 2405 2138 σωθῆναι.
2437 2086 2457 2120 ι

2225 2249 2506 2323 Ἐλυπήθη
2540 2250 2663 2306 λίαν
2692 2252 2788 2306 ἐπὶ
2827 2250 2906 2322 τῷ
2938 2249 3309 2321 ἀπαραδέκτῳ
3338 2249 3440 2319 τῆς
3472 2248 3683 2318 δωρεᾶς
3703 2248 3739 2300 δ

2139 2343 2595 2412 ἀρχιεπίσκοπος,
2621 2345 2682 2397 οὐ
2702 2344 2796 2397 τοῦ
2823 2344 3127 2414 διδομένου,
3159 2340 3278 2395 ἀλλ’
3309 2339 3506 2394 ἑαυτοῦ
3533 2338 3742 2409 μᾶλλον

2143 2434 2450 2504 ὑπεροψίαν
2493 2434 2555 2487 τδ
2583 2435 2829 2506 πραχθὲν
2879 2434 3254 2505 ἡγησάμενος·
3286 2435 3381 2485 καὶ⁸
3407 2431 3483 2493 ὡς
3512 2429 3741 2501 χρῄζων

2140 2524 2324 2586 αὐτός·
2382 2523 2497 2577 ἀλλ’
2544 2523 2621 2587 ὡς
2670 2526 2783 2588 τοῖς
2839 2525 3052 2577 ἐκείνου
3109 2521 3312 2591 μᾶλλον
3349 2521 3423 2591 μὴ
3469 2519 3739 2583 εὐδοκῶν,

2140 2616 2488 2671 ἀπώσασθαι.
2531 2618 2639 2670 Καὶ
2671 2617 2761 2670 διὰ
2803 2616 2965 2669 τοῦτο
2996 2618 3140 2670 πάνυ
3179 2615 3279 2685 τὴν
3310 2614 3542 2681 καρδίαν
3575 2630 3748 2684 περι-

2143 2711 2315 2778 αλγὴς
2345 2709 2442 2776 ὢν,
2495 2729 2513 2761 ι
2557 2710 2688 2763 Ἰνα
2728 2709 2805 2775 τί,
2837 2710 2964 2779 ἔφη,
2996 2708 3167 2770 οὕτως
3197 2709 3405 2761 ἀπώσω
3443 2706 3585 2776 μετὰ
3637 2707 3743 2776 τῆς

2142 2804 2357 2871 δωρεᾶς
2415 2803 2511 2855 καὶ
2562 2803 2751 2872 ήμᾶςς
2802 2802 3003 2865 Πιστὸς
3056 2801 3165 2871 γὰρ
3214 2802 3310 2853 καὶ
3372 2800 3557 2865 αὐτὸς,
3628 2800 3743 2853 κᾶν

2144 2896 2497 2969 ἁμαρτωλός·
2535 2898 2837 2960 ἐπίσκοπος
2874 2914 2957 2961 τε,
2993 2899 3041 2950 εί
3072 2898 3168 2949 καὶ
3194 2894 3436 2959 ἀνάξιος.
3492 2893 3614 2957 Πῶς
3643 2889 3745 2948 οῦν

2143 2991 2204 3041 ὲν
2244 2989 2377 3041 πᾶσι
2445 2986 2690 3058 μιμητὴς
2742 2987 2943 3040 ἐθέλων
3000 2981 3142 3039 εἶναι
3201 2984 3466 3054 Χριστοῦ,
3520 2986 3624 3053 τὴν
3681 2984 3746 3036 ἐν

2142 3082 2319 3151 τούτῳ
2353 3080 2587 3150 μίμησιν
2641 3081 2699 3132 οὐ
2761 3079 2996 3150 aspectu;
3038 3078 3284 3148 Ἐδέχετο
3312 3079 3406 3131 καὶ
3431 3076 3599 3136 αὐτὸς
3625 3075 3746 3129 τῶν

2065 3142 2111 3200 c
2144 3172 2390 3225 εὐσεϐῶν
2434 3171 2782 3243 βουλομένων
2833 3169 2930 3234 τὰς
2975 3171 3350 3240 προαιρέσεις,
3408 3169 3507 3243 καῖ
3542 3168 3744 3221 τούτου

2149 3264 2458 3337 μαρτύριον
2498 3263 2750 3333 ἀψευδὲς,
2786 3262 2846 3315 τὸ
2876 3263 3288 3331 γλωσσόκομον.
3326 3261 3551 3323 Πάντως
3605 3260 3743 3331 γὰρ,

2142 3360 2191 3410 εἰ
2221 3356 2318 3411 καὶ
2369 3356 2434 3408 σὺ
2474 3355 2664 3424 μηδενὶ
2725 3353 2839 3425 [γρ.
2874 3353 2950 3424 μὴ
2981 3351 3097 3425 δέῃ]
3127 3352 3221 3406 τοῦ
3264 3352 3570 3422 διδομένου,
3623 3348 3743 3404 ἀλλ’

2143 3451 2353 3515 ἑτέροις
2396 3445 2556 3499 τοῦτο
2597 3445 2872 3515 δεομένοις
2921 3445 3158 3515 ὀρέξεις.
3204 3443 3320 3496 Νῦν
3354 3443 3411 3496 δὲ
3432 3443 3492 3496 τό
3522 3460 3587 3512 γε
3618 3443 3735 3506 σὸν,

2146 3540 2376 3613 μάταιόν
2411 3555 2464 3591 τι
2495 3540 2590 3590 καὶ
2643 3537 2930 3605 ἀλόγιστον
2982 3536 3082 3606 τῆς
3137 3533 3388 3597 εὐποιίας
3432 3536 3465 3605 ἡ
3506 3534 3696 3603 ἐντολή
3722 3550 3739 3566 ·

2142 3634 2235 3683 καὶ
2263 3631 2459 3699 πηροῖς
2497 3625 2669 3690 οὕτως
2693 3626 2979 3693 εὐγένειαν
3004 3623 3255 3694 γνώμης,
3292 3626 3432 3695 μετὰ
3457 3625 3551 3677 τοῦ
3581 3625 3736 3692 φιλο-

2142 3722 2267 3773 οέου
2302 3721 2396 3772 καὶ
2421 3719 2485 3771 τὸ
2522 3719 2910 3789 φιλάνθρωπον
2959 3717 3216 3787 ἔχουσαν.
3272 3717 3385 3771 Καὶ
3446 3715 3731 3770 συνελόντα

2142 3813 2328 3881 φάναι,
2367 3811 2627 3864 ὑπόθεσιν
2654 3812 2923 3881 ἀναιρεῖς,
2958 3810 3094 3880 ὁμοῦ
3117 3826 3175 3862 τε
3203 3809 3543 3879 παρακαλεῖν
3570 3808 3734 3861 δυνα-

2146 3904 2315 3972 μένην
2340 3902 2532 3965 πενίας
2568 3899 2875 3972 βαρύτητα,
2904 3901 3001 3954 καὶ
3027 3900 3146 3953 ὁδὸν
3180 3899 3397 3965 πολλοῖς
3425 3903 3507 3964 είς
3532 3900 3593 3953 τὸ
3625 3898 3738 3953 σώ-

2141 3996 2199 4060 ζε
2209 3993 2334 4047 σθαι
2368 3994 2685 4064 γινομένην.
2719 4011 2739 4044 ι

2215 4179 2438 4233 Τούτων
2489 4178 2565 4243 ὡς
2618 4178 2852 4250 ἡκουσεν
2890 4178 2919 4230 ὁ
2949 4176 3044 4231 τοῦ
3102 4176 3239 4231 Θεοῦ
3271 4176 3585 4249 ἄνθρωπος,
3637 4177 3743 4231 οὐκ

2143 4274 2285 4342 ἔγνω
2323 4272 2436 4325 δεῖν
2464 4272 2557 4324 ἐπὶ
2588 4270 2753 4324 πλέον
2813 4269 3160 4324 ἀπωθεῖσθαι
3190 4270 3289 4341 τὴν
3323 4269 3508 4339 λῆψιν,
3552 4271 3638 4322 ῖνα
3666 4273 3744 4340 μὴ

2141 4367 2320 4436 οἴησιν
2366 4364 2569 4435 ἑαυτῷ,
2641 4365 2736 4417 καὶ
2790 4362 2869 4433 τῷ
2933 4364 3205 4433 προέδρῳ,
3258 4362 3435 4432 λύπης
3471 4362 3747 4430 ἀμετρίαν

459 4460 692 4506 crearet.
732 4451 941 4519 Accipit
992 4466 1121 4521 ergo
1158 4452 1381 4506 unicum
1413 4452 1681 4505 duntaxat
1727 4464 2036 4516 nummum,

2147 4458 2369 4528 ποιήσῃ.
2406 4455 2687 4526 Δαμὸάνει
2717 4454 3008 4525 τοιγαροῦν
3034 4452 3189 4507 οὐδὲν
3213 4453 3398 4520 πλέον,
3422 4452 3742 4528 ῆνόμισμα,

462 4561 527 4597 ac
555 4558 773 4612 precum
805 4544 1024 4599 divitias
1063 4544 1331 4613 rependit.

531 4634 668 4689 Tum
721 4636 973 4705 quaesivit
1020 4636 1088 4688 ab
1148 4635 1584 4703 archiepiscOpo,
1640 4648 1808 4688 sensu
1853 4634 2043 4689 admo-

465 4730 588 4782 tlutn
604 4728 840 4782 contrito
854 4743 920 4782 ac
938 4728 1165 4781 humili:
1208 4745 1228 4778 ι
1250 4728 1482 4789 Amabo,
1507 4727 1706 4796 inquit,
1721 4741 1754 4780 0
1775 4726 1996 4782 domine
2022 4745 2036 4781 :

464 4836 568 4889 qua
600 4837 699 4874 nos
745 4819 976 4883 ratione,
1005 4821 1098 4889 qui
1134 4830 1356 4888 propter
1389 4820 1555 4872 multa
1601 4830 1821 4889 peccata
1853 4832 2039 4882 nostra

467 4926 680 4966 montes
710 4914 938 4966 colimus
964 4927 1027 4965 ac
1059 4911 1407 4976 solitudines,
1438 4926 1567 4980 qua,
1593 4913 1836 4981 inquam,
1870 4913 2042 4965 ratio-

469 5020 557 5068 ne,
599 5005 870 5058 borrenda
908 5004 1165 5073 mysteria
1197 5005 1479 5071 possimus
1515 5003 1842 5074 percipere?
1878 5002 2041 5057 Vides

465 5098 609 5150 enim
645 5107 702 5149 ut
734 5096 935 5150 nedum
966 5095 1219 5159 collecta,
1259 5094 1350 5148 sed
1385 5110 1560 5164 neque
1616 5095 1877 5149 sacerdos
1912 5107 2043 5162 sup-

467 5200 631 5259 petat.
666 5209 684 5240 ι
725 5189 816 5242 Ille
847 5197 1028 5241 autem
1064 5198 1214 5258 grate
1246 5187 1538 5241 admodum
1576 5186 2041 5256 percontationem

467 5283 742 5350 accipiens
778 5298 792 5334 :
828 5297 851 5330 ι
900 5279 1062 5344 Bene,
1120 5281 1318 5348 inquit,
1356 5278 1531 5346 Pater,
1578 5282 1753 5348 deque
1806 5278 1950 5333 bona
1987 5293 2044 5332 re

467 5387 531 5425 ac
566 5376 800 5425 maxima
860 5370 1235 5439 interrogasu.
1287 5370 1421 5423 Nam
1481 5372 1684 5424 bonum
1713 5383 1955 5438 quoque,
1987 5377 2046 5421 ut

468 5466 643 5529 aiunt,
682 5478 789 5518 non
815 5463 1020 5516 bonum
1058 5473 1164 5526 est,
1193 5472 1251 5516 ut
1283 5477 1391 5516 non
1429 5462 1568 5516 bene
1599 5461 1717 5515 ﬁeri
1742 5462 2044 5529 contingat.

467 5558 650 5613 Primo
688 5557 850 5627 igitur
883 5571 948 5610 ae
1009 5556 1401 5626 principaliter,
1456 5556 1797 5609 sacerdotem
1855 5558 2047 5606 adesse

468 5650 638 5704 decet.
676 5651 830 5714 Quod
850 5651 896 5704 si
929 5648 1017 5703 ille
1048 5648 1357 5704 necessaria
1387 5647 1615 5702 omnino
1643 5645 1854 5699 ratione
1882 5645 2046 5707 absit,

473 5742 859 5809 imponendum
925 5756 1094 5797 sacra:
1160 5755 1386 5806 mensre,
1465 5740 2044 5810 pt'tnsanrtiticatorutn

2143 4548 2237 4601 καὶ
2270 4546 2449 4617 εὐχῶν
2490 4544 2803 4600 ἀντιδίδωσι
2840 4542 3096 4597 πλοῦτον.

2213 4637 2346 4693 Εἶτα
2371 4640 2535 4710 ἤρετο
2565 4637 2656 4689 τὸν
2686 4636 3137 4708 ἀρχιεπίσκοπον·
3179 4632 3297 4703 μεθ’
3325 4633 3457 4702 ὅσης
3479 4631 3546 4685 ἂν
3570 4633 3747 4694 είποις

2141 4730 2244 4800 τῆς
2273 4727 2571 4798 συντριὸἧς
2603 4727 2697 4779 τοῦ
2738 4726 3111 4797 φρονήματος
3164 4743 3183 4775 ι
3224 4724 3358 4776 Είπέ
3397 4740 3508 4794 μοι,
3545 4721 3744 4788 λέγων,

2144 4819 2188 4877 ὦ
2218 4823 2478 4884 δέσποτα,
2539 4820 2655 4882 πῶς
2709 4820 2760 4872 οἱ
2790 4822 2898 4880 τοῖς
2959 4819 3115 4887 δρεσι
3175 4817 3273 4870 καὶ
3317 4819 3438 4879 ταῖς
3475 4815 3745 4886 ἐρημίαις

2143 4917 2307 4987 ipsi;
2344 4912 2431 4966 διὰ
2480 4910 2684 4978 πλῆθος
2748 4910 3037 4980 ἁμαρτιῶν
3094 4909 3581 4981 προσεδρεύοντες,
3621 4908 3744 4970 πῶς

2145 5006 2211 5060 ἂν
2241 5004 2351 5057 τῶν
2382 5003 2541 5057 Θείων
2567 5002 2813 5073 φρικτῶν
2841 5002 3165 5070 μετέχοιμεν
3190 4999 3539 5069 μυστηρίωνς
3580 4997 3748 5066 Ὁρᾷς

2145 5100 2257 5166 γὰρ
2285 5097 2367 5149 ὅτι
2411 5095 2486 5167 μὴ
2527 5095 2801 5159 συνάξεως
2824 5093 3009 5157 μόνον,
3060 5091 3201 5144 ἀλλὰ
3235 5092 3334 5144 καὶ
3385 5091 3576 5160 ίερέως
3611 5090 3750 5142 ἀπό-

2152 5204 2258 5257 ρως
2288 5186 2507 5256 ἔχομεν.
2572 5203 2590 5235 ι
2637 5183 2698 5235 Ὀ
2720 5182 2777 5235 δὲ
2807 5182 2909 5251 τῆς
2941 5180 3229 5251 ζητήσεως
3284 5180 3446 5232 αὐτὸν
3494 5181 3586 5232 καὶ
3624 5178 3747 5231 λίαν
3818 5240 3821 5243 _

2154 5280 2582 5347 αποδεξάμενοςο
2632 5294 2650 5327 ι
2689 5275 2908 5340 Καλῶς,
2987 5275 3119 5343 ἔφη,
3187 5273 3395 5337 Πάτερ,
3451 5272 3549 5325 καὶ
3616 5271 3749 5339 περὶ

2147 5369 2318 5423 καλοῦ
2359 5370 2465 5422 καὶ
2526 5368 2789 5437 μεγίστου
2842 5367 3168 5435 πράγματος
3199 5367 3473 5434 συζητεῖς.
3520 5363 3594 5415 Τὸ
3632 5363 3747 5431 γὰρ

2148 5462 2332 5526 καλὸν,
2370 5461 2431 5513 οὐ
2465 5460 2668 5523 καλὸν,
2722 5458 2909 5528 φασὶν,
2967 5460 3094 5511 ὅταν
3156 5457 3234 5529 μὴ
3282 5455 3465 5519 καλῶς
3518 5456 3745 5523 γίνοιτο.

2150 5558 2240 5607 Δεῖ
2259 5552 2551 5622 τοιγαροῦν
2575 5551 3002 5622 προηγουμένως
3036 5551 3137 5620 μὲν
3168 5552 3421 5618 παρεῖναι
3449 5551 3541 5601 τὸν
3565 5549 3745 5618 ἱερέα·

2152 5648 2363 5700 ἐκείνου
2393 5645 2449 5698 δὲ
2477 5646 2620 5697 κατὰ
2668 5644 2852 5696 πᾶσαν
2907 5642 3155 5713 ἀνάγκην
3198 5643 3449 5705 ἀπόντος,
3513 5641 3606 5693 ἐπὶ
3645 5639 3747 5706 τῆς

2153 5741 2315 5807 ἁγίας
2372 5738 2650 5808 τραπέζης
2709 5735 2920 5789 τιθέναι
2988 5735 3096 5788 τῶν
3175 5735 3635 5806 προηγεασμένων
3685 5734 3746 5781 τὺ
