4094 6444
397 385 465 448 57
1508 389 1686 450 VITA
1726 389 1788 448 S.
1834 387 2049 450 LUCzE
2089 386 2475 450 JUNlORlS.

3535 383 3641 449 458

362 500 579 564 σκεῦος,
619 497 719 553 ἐὰν
750 501 1048 572 εὖκτήριον
1094 520 1150 577 ῃ·
1195 504 1243 556 εἰ
1273 503 1331 556 δέ
1373 503 1609 565 κελλίον,
1652 503 1746 558 ἐπὶ
1773 503 1941 573 σκάμ-

2064 506 2370 569 vasculum,
2396 504 2668 575 siquidem
2688 511 2774 561 est
2790 504 3090 560 oratorium
3119 521 3134 560 :
3162 504 3246 560 sin
3275 514 3458 560 autem
3480 505 3642 562 cella.

359 612 452 649 νου
487 592 584 647 τοῦ
629 592 1057 665 καθαρωτάτου.
1098 591 1231 649 Εἶτα
1276 596 1665 666 καλυμμάτων
1704 595 1963 665 ἐφαπλὼ-

361 703 489 751 σας,
540 686 599 738 ἐν
636 684 791 756 αὐτῷ
843 688 1141 757 προθήσεις
1193 690 1291 752 τὰς
1341 689 1505 757 ἁγίας
1564 688 1810 760 μερίδαςο
1867 689 1963 741 καὶ

360 776 621 848 θυμίαμα
662 776 898 840 καύσας,
937 779 1064 842 τοὺς
1092 778 1201 832 τῶν
1239 780 1488 834 τυπικῶν
1517 780 1786 851 ψαλμοὺς,
1837 780 1871 850 ἢ
1902 780 1963 833 τὸ

353 872 649 941 τρισάγιον
672 871 926 947 ἐπᾴσεις,
951 872 1094 940 μετὰ
1125 871 1224 926 τοῦ
1264 872 1538 943 συμϐόλου
1567 873 1666 943 τῆς
1696 874 1958 935 πίστεωςο

356 962 460 1016 καὶ
490 963 613 1032 τρὶς
638 963 701 1016 τὸ
736 964 869 1030 γόνυ
905 962 1123 1026 κλίνας,
1161 964 1261 1026 τὰς
1291 965 1391 1034 μὲν
1420 968 1611 1034 χεῖρας
1653 962 1956 1026 συστελεῖς,

354 1054 611 1126 μεθέξεις
648 1053 705 1107 δέ
736 1055 994 1123 στόματι,
1043 1054 1140 1108 τοῦ
1175 1058 1364 1124 τιμίου
1416 1056 1676 1125 σώματος
1715 1054 1958 1121 Χριστοῦ

350 1149 450 1204 τοῦ
483 1149 623 1202 Θεοῦ
657 1148 837 1219 ἡμῶν,
867 1148 1045 1214 λέγων
1070 1149 1131 1202 τὸ
1183 1150 1378 1221 Ἀμήν.
1420 1151 1568 1202 Ἀντὶ
1600 1149 1658 1203 δὲ
1682 1150 1953 1219 νάματος,

351 1245 625 1312 ποτήριον
653 1242 801 1296 οἴνου
833 1244 956 1313 πιῇ.
1018 1240 1090 1293 Τὸ
1118 1242 1308 1311 μέντοι
1339 1242 1604 1313 ποτήριον
1649 1244 1728 1305 εἰς
1767 1241 1957 1312 χρείαν

348 1335 546 1405 ἐτέρου
575 1333 637 1387 τὸ
670 1335 813 1404 μετά
844 1333 1043 1399 ταῦτα,
1075 1335 1139 1387 οὐ
1162 1335 1554 1405 κοινωθήσεται
1601 1333 1767 1397 Αὖθις
1796 1332 1853 1387 δέ
1877 1333 1957 1403 τῷ

349 1424 729 1495 καλυμματξῳ
787 1426 886 1489 τὰς
944 1426 1271 1490 ἐπιλοίπους
1337 1426 1615 1490 συστελεῖς
1644 1426 1870 1495 μερίδας
1896 1426 1954 1477 ἐν

356 1519 435 1591 τῷ
469 1521 683 1585 σκεύει,
742 1522 926 1574 πᾶσαν
982 1520 1257 1592 εἰσφέρων
1304 1520 1625 1589 ἀσφάλειαν,
1684 1520 1826 1573 ὥστε
1878 1521 1954 1589 μὴ

348 1615 611 1667 ἐκπεσεῖν
640 1616 1013 1686 μαργαρίτην,
1044 1616 1136 1670 καὶ
1166 1614 1645 1685 καταπατηθῆναι.
1684 1633 1703 1665 ι
1745 1616 1954 1668 Ἤκου-

353 1726 447 1760 σεν
470 1710 498 1761 ὁ
525 1708 728 1778 μέγας,
773 1710 868 1763 καὶ
901 1708 1062 1779 χάριν
1113 1710 1207 1763 ἐπὶ
1244 1708 1460 1771 τούτοις
1517 1707 1949 1775 διωμολόγησεν

355 1802 385 1854 ὁ
421 1800 515 1870 μὲν
541 1799 640 1854 οὖν
668 1800 773 1870 τῆς
853 1803 1227 1872 προκειμένης
1265 1801 1387 1854 ὁδοῦ
1422 1801 1451 1853 ὁ
1483 1800 1913 1870 ἁρχιεπίσκοπος
1935 1815 1950 1828 ·

361 1893 390 1944 ὁ
416 1890 475 1944 δέ
507 1891 607 1945 τῶν
647 1892 830 1963 εὐχῶν
859 1895 1055 1963 εἴχετο,
1089 1894 1308 1963 καὶτῆς
1340 1893 1592 1963 ἡσυχίας.

429 1984 655 2055 zemas;
691 1985 771 2056 τῷ
803 1988 1049 2057 μεγάλῳ,
1082 1986 1227 2040 κατὰ
1272 1986 1372 2056 τὴν
1404 1988 1513 2039 τῶν
1548 1987 1729 2041 Βαίτων
1753 1988 1951 2059 ἑορτὴν

353 2077 470 2146 ἅμα
503 2079 671 2147 φωτὶ,
714 2080 852 2149 πρὸς
881 2080 981 2149 τὴν
1018 2079 1339 2151 ἀκρώρειαν
1376 2079 1588 2134 ἀνιέναι
1623 2080 1719 2134 τοῦ
1759 2081 1947 2153 ὅρους.

345 2169 407 2222 τὸ
440 2168 584 2224 θεῖον
610 2171 707 2224 τοῦ
735 2171 974 2242 σταυροῦ
998 2172 1166 2225 ὅπλον
1192 2173 1331 2244 μετὰ
1364 2174 1559 2244 χεῖρας
1606 2173 1826 2245 ἔχοντα,
1857 2178 1950 2232 καὶ

349 2263 555 2331 Κύριε,
584 2263 853 2332 ἐλέησον
873 2264 1206 2320 ἐπιϐοῶντα.
1236 2265 1375 2319 Ποτὲ
1407 2264 1541 2334 γοῦν
1561 2266 1788 2331 ἀνιόντι,
1822 2267 1951 2335 c.00-

348 2358 698 2428 δήσαςότοϊς
735 2357 965 2427 ἀγαθοῖς
1021 2359 1111 2412 ἀεί
1177 2375 1307 2412 ποτε
1374 2359 1685 2429 βασκαίνων
1727 2359 1945 2431 ἐχθρὸς,

342 2450 436 2502 καὶ
460 2449 669 2521 τρόπον
700 2450 826 2504 τινὰ
865 2449 1153 2520 βουληθεὶς
1194 2450 1492 2521 ἐμποδίσαι
1518 2450 1680 2505 τοῦτο
1715 2451 1815 2520 τῆς
1850 2469 1945 2520 φι-

344 2541 538 2596 λοθέου
621 2543 959 2614 προθέσεως,
1001 2542 1117 2614 ἔχιν
1154 2543 1594 2611 ,παρασκευάζει
1650 2545 1747 2600 τοῦ
1773 2564 1948 2617 χηρα-

343 2636 451 2705 μοῦ
482 2635 795 2701 ἐξελθόντα,
820 2636 915 2689 τοῦ
951 2637 1109 2700 ποδὸς
1131 2637 1297 2691 αὐτοῦ
1326 2638 1406 2710 τῷ
1449 2638 1699 2707 δακτύλῳ
1723 2640 1943 2709 ἐνάψαι.

343 2730 453 2783 Καὶ
493 2732 523 2783 ὁ
566 2730 668 2800 μὲν
707 2731 948 2801 πονηρὸς
999 2728 1198 2793 οὕτως’
1250 2729 1326 2794 ὠς
1365 2730 1594 2803 ὀργάνῳ
1619 2731 1698 2803 τῷ
1729 2733 1948 2806 ἑρπετῷ

342 2820 717 2892 χρησάμενος.
787 2821 846 2875 '0
877 2821 924 2875 δ’
976 2819 1182 2888 ἀγαθὸς
1243 2820 1396 2886 πῶς;
1437 2822 1531 2875 καὶ
1576 2816 1665 2874 οἷα
1724 2823 1814 2876 διὰ
1849 2825 1947 2893 τῆς

342 2917 559 2983 ἀγαθῆς
595 2915 819 2986 ἐνήργει
849 2913 1050 2986 ψυχῆς,
1092 2914 1284 2985 ἀγαθῷ
1310 2915 1406 2968 καὶ
1458 2913 1702 2984 θεοφιλεῖ
1733 2901 1945 2987 σιροσή-

342 3023 557 3071 κοπιτα;
611 3007 966 3077 προσκλιθεὶς
1025 3007 1136 3077 γὰρ
1168 3008 1195 3059 ὁ
1231 3009 1405 3077 μέγας
1454 3007 1639 3074 εὐθὺς,
1693 3010 1786 3062 καὶ
1849 3009 1944 3063 τοῦ

346 3101 517 3162 ποδὸς
548 3100 666 3169 ἅμα
696 3101 792 3153 uel.
819 3099 912 3153 τοῦ
942 3101 1108 3170 θηρὸς
1147 3100 1428 3169 ἁψάμενος
1451 3116 1464 3131 ⁸
1508 3120 1525 3152 ι
1556 3102 1712 3173 Μήτε
1747 3102 1812 3155 σὺ
1843 3104 1945 3172 ἐμὲ

338 3191 646 3263 ἀδικήσῃς,
692 3193 849 3262 φησὶ,
912 3193 1036 3262 μήτ’
1077 3190 1187 3260 ἐγὼ
1223 3193 1304 3245 σέ.
1346 3193 1711 3265 Πορευθῶμεν
1758 3196 1946 3266 δὲτὴν

339 3286 554 3338 οἰκείαν
585 3285 704 3338 ὁδὸν
741 3286 1024 3356 ἑκάτερος·
1085 3288 1210 3339 ἐπεὶ
1234 3288 1327 3340 καὶ
1361 3288 1480 3350 ἐνὸς
1513 3289 1818 3360 ἀμφότεροι
1847 3290 1940 3359 δη-

339 3376 612 3448 μιουργοῦ
645 3377 953 3448 ποιήματα,
983 3369 1046 3431 οὗ
1080 3378 1384 3441 κωλύοντος
1411 3379 1507 3432 καὶ
1541 3381 1618 3450 μὴ
1676 3380 1941 3452 βουλομέ-

338 3487 461 3538 νου,
496 3470 655 3523 οὐδὲν
682 3470 822 3534 ὅλως
862 3471 1026 3541 ἡμεῖς
1051 3471 1301 3541 ἐνεργεῖν
1347 3471 1647 3542 δυνάμεθα.
1702 3494 1718 3523 ι
1753 3474 1943 3536 Οὕτως

2064 613 2293 655 scamno
2324 599 2712 655 mundissimo.
2738 598 2880 653 'l'um
2907 599 3190 667 explicans
3222 598 3402 653 velum
3432 599 3640 665 minus,

2063 705 2337 760 propones
2366 690 2421 745 in
2456 705 2524 746 eo
2551 705 2739 746 sacras
2770 689 3070 760 particulas
3096 706 3113 756 ;
3153 704 3497 757 accensaque
3518 692 3641 761 thy-

2062 781 2344 846 miamate,
2403 780 2709 852 typicorum
2760 779 3047 850 psalmos,
3110 788 3206 833 aut
3260 779 3521 849 hymnum
3559 788 3643 833 ter

2061 873 2300 929 Sanctus
2333 874 2585 930 cantabis
2610 889 2735 928 cum
2768 873 3028 945 Symbolo
3053 873 3177 928 iidei
3213 891 3229 927 :
3263 874 3517 944 trinaque
3546 888 3640 945 ge-

2062 982 2233 1022 nuum
2298 965 2531 1022 ﬂexione
2583 965 3086 1031 adorans,manus
3146 965 3365 1035 quidem
3429 975 3618 1037 contra

2060 1059 2157 1116 hes
2196 1057 2297 1131 (6),
2320 1074 2416 1115 ore
2456 1067 2665 1125 autem,
2698 1074 2915 1114 sacrum
2959 1057 3185 1128 pretiosi
3214 1057 3416 1113 Christi
3447 1073 3510 1112 ac
3549 1059 3641 1113 Dei

2058 1153 2236 1208 nostri
2267 1168 2469 1222 corpus
2503 1166 2693 1208 sumes
2730 1173 2744 1207 :
2779 1151 3011 1208 dicendo
3063 1153 3259 1206 Amen.
3286 1151 3433 1207 Loco
3458 1160 3639 1207 autem

2057 1244 2428 1307 sacrilaticis,
2479 1243 2592 1298 vini
2623 1243 2879 1314 poculum
2933 1242 3112 1297 bibes.
3161 1240 3272 1298 Nec
3318 1258 3446 1298 vero
3497 1245 3638 1296 ultra

2057 1336 2307 1399 calicem,
2340 1335 2395 1390 in
2430 1335 2594 1390 alium
2626 1351 2786 1390 usum
2810 1348 3159 1390 communem
3191 1349 3466 1391 assumes.
3495 1334 3641 1388 Rur-

2057 1442 2179 1483 sum
2204 1441 2334 1481 vero
2355 1426 2593 1496 reliquas
2614 1425 2912 1496 particulas
2929 1425 2985 1479 in
3011 1440 3141 1481 vase
3157 1425 3383 1480 linteolo
3399 1425 3644 1497 colliges,

2055 1538 2274 1579 omnem
2305 1523 2645 1592 diligentiam
2680 1521 2967 1587 adhibens,
3010 1530 3071 1576 ut
3101 1538 3170 1577 ne
3202 1523 3495 1592 margarita
3544 1524 3643 1578 de-

2055 1617 2218 1680 cidat,
2254 1630 2319 1672 ac
2341 1618 2722 1672 couculcetur.
2760 1635 2779 1667 ι
2813 1615 3035 1670 Audivit
3069 1615 3431 1685 maguusille,
3452 1631 3517 1671 ac
3544 1632 3643 1687 pro

2055 1707 2389 1765 documento
2415 1710 2619 1781 gratias
2661 1709 2891 1765 habuit:
2927 1723 2993 1764 ac
3049 1708 3493 1780 archiepiscopus
3521 1726 3618 1780 qui

2056 1799 2179 1855 dem
2209 1801 2557 1871 propositum
2593 1801 2700 1855 iter
2726 1837 2743 1864 ,
2792 1811 3019 1857 sanctus
3050 1814 3182 1856 vero
3210 1815 3402 1870 preces
3426 1817 3493 1858 ac
3513 1804 3645 1858 soli-

1982 1870 2029 1928 Β
2060 1893 2267 1947 tudinis
2299 1892 2485 1963 quieta
2514 1894 2786 1962 repetivit.

2128 1985 2187 2039 ln
2224 2000 2399 2052 more,
2426 2000 2657 2056 magnus
2706 1986 2797 2041 ille
2844 1988 3086 2056 positum
3145 1986 3400 2052 habebat,
3456 1998 3518 2045 ut
3547 2005 3639 2045 so-

2055 2077 2220 2132 lemni
2252 2076 2561 2133 Palmarum
2583 2077 2692 2143 die,
2723 2079 2900 2148 prima
2934 2079 3122 2134 statim
3150 2080 3292 2144 luce,
3333 2082 3389 2135 in
3435 2082 3637 2136 montis

2053 2184 2320 2225 cacumen
2371 2169 2557 2224 crucis
2605 2183 2757 2224 arma
2834 2170 2891 2225 iu
2941 2186 3139 2227 manus
3211 2170 3416 2238 ferens,
3472 2183 3637 2244 atque

2054 2261 2187 2319 illud
2225 2279 2240 2318 :
2277 2260 2543 2326 Domine,
2580 2263 2864 2328 miserere,
2905 2262 3210 2320 inclamans
3242 2304 3258 2329 ,
3295 2268 3635 2323 ascenderet.

2051 2353 2300 2421 Quadam
2335 2369 2469 2426 ergo
2511 2354 2601 2411 die
2656 2354 2975 2411 ascendenti
3034 2356 3307 2423 invidens,
3350 2360 3444 2429 qui
3483 2360 3640 2416 bonis

2053 2464 2271 2519 semper
2314 2447 2490 2506 hostis
2516 2448 2745 2518 invidet,
2777 2449 3084 2520 volensque
3116 2452 3388 2521 religiosa
3440 2456 3642 2511 mentis

2053 2542 2395 2611 propositum
2444 2542 2658 2597 ratione
2685 2542 2922 2612 quadam
2965 2527 3286 2613 prohibere,
3329 2547 3571 2617 viperam
3609 2566 3640 2604 e

2053 2649 2157 2689 suo
2188 2633 2464 2689 foramine
2480 2636 2854 2705 egressam,ab
2881 2635 3004 2704 ejus
3034 2637 3187 2705 pedis
3218 2638 3388 2706 digito
3410 2654 3641 2709 suspen-

2049 2725 2149 2781 dit.
2178 2728 2244 2780 At
2281 2726 2498 2796 quidem
2531 2727 2603 2780 ita
2647 2741 2880 2794 nequam
2945 2727 3058 2792 ille,
3093 2737 3256 2784 utens
3286 2730 3462 2800 reptili
3512 2741 3638 2786 tan-

2051 2832 2216 2888 quam
2275 2818 2664 2872 instrumeuto.
2730 2817 2914 2873 Bonus
2972 2827 3153 2873 autem
3204 2821 3520 2889 quomodo,
3572 2840 3638 2879 ac

2050 2909 2233 2980 qualia
2255 2910 2396 2964 bono
2423 2909 2619 2963 tuentis
2651 2909 2931 2979 proposito
2956 2909 3086 2979 egit,
3120 2909 3267 2965 bono
3289 2927 3354 2967 ac
3378 2914 3637 2985 religioso

2053 3001 2260 3057 homini
2293 3000 2791 3073 congrua?Statim
2817 3001 2964 3055 enim
2996 3016 3057 3056 se
3081 3001 3310 3071 Magnus
3336 3003 3637 3069 incl'nans,

2048 3096 2326 3166 simulque
2357 3096 2550 3165 pedem
2587 3108 2655 3149 ac
2689 3093 2861 3150 feram
2921 3095 3284 3163 praeltendens
3323 3113 3338 3148 :
3380 3114 3399 3147 ι
3436 3095 3547 3153 Nec
3576 3108 3635 3153 tu

2051 3202 2159 3253 me,
2195 3186 2395 3257 inquit,
2438 3186 2665 3250 laeseris,
2693 3200 2794 3241 nec
2817 3200 2919 3255 ego
2949 3194 3036 3240 te:
3068 3202 3362 3256 pergamus
3395 3192 3635 3260 quisque

2051 3281 2192 3336 viam
2218 3295 2372 3335 suam
2401 3295 2416 3333 :
2443 3279 2664 3350 quando
2683 3279 2845 3333 etiam
2876 3279 3041 3333 unius
3061 3281 3224 3334 ambo
3254 3280 3636 3350 opiﬁciscrea—

2052 3385 2193 3431 tutae
2220 3389 2415 3429 sumus
2445 3392 2459 3427 :
2492 3387 2604 3442 quo
2633 3372 2958 3442 prohibente
2982 3387 3047 3428 ac
3075 3373 3312 3441 nolente,
3348 3375 3486 3430 nihil
3510 3392 3640 3446 pos-

2054 3484 2250 3525 sumus
2277 3466 2519 3538 operari.
2562 3483 2582 3516 ι
2620 3464 2694 3521 lis
2722 3465 2906 3529 dictis,
2937 3464 3122 3521 statim
3146 3466 3368 3536 quidem
3392 3467 3577 3538 vipera
3605 3487 3634 3526 a

1624 3592 1728 3652 Fr.
1769 3588 2134 3653 Combcﬁsii
2179 3593 2363 3650 ιιοῒεο.

412 3743 492 3815 (6)
547 3742 745 3799 Hamis
777 3744 987 3807 quidem
1025 3746 1302 3799 contrahes
1323 3787 1339 3810 ,
1382 3756 1489 3800 etc.
1528 3744 1686 3802 Ritus
1719 3747 1808 3801 hic
1830 3785 1844 3809 ,
1876 3754 1935 3800 ut

337 3830 436 3871 ore
486 3817 642 3881 ipso,
678 3830 788 3869 non
838 3828 998 3867 iuanu
1040 3815 1121 3869 ori
1155 3818 1457 3871 admovens
1507 3818 1633 3884 quis
1665 3818 1932 3873 Euchari-

342 3885 501 3940 stiam
547 3895 753 3950 sumat,
788 3884 1147 3956 Latinorum,
1186 3903 1349 3955 quant
1391 3886 1707 3943 Graecorum
1761 3888 1934 3956 magis

341 3956 514 4011 videri
550 3956 741 4024 possit.
776 3955 950 4011 Graeci
983 3958 1126 4010 enim
1161 3958 1384 4025 antiqua
1420 3973 1482 4012 ac
1515 3958 1787 4012 constanti
1818 3966 1934 4011 tra-

333 4027 566 4089 ditione,
590 4026 993 4081 Eucharisliam
1027 4027 1081 4080 in
1106 4042 1302 4096 manus
1335 4028 1473 4096 plebi
1504 4028 1934 4083 communicanti

334 4098 867 4159 dant.conllrmante
898 4096 1110 4166 synodo
1143 4096 1199 4150 in
1226 4095 1589 4153 Tru'llo.t\'um
1617 4096 1931 4152 Corinthio.

333 4183 460 4221 rum
512 4166 607 4221 ille
654 4167 948 4236 episcopus
975 4168 1184 4231 docuit,
1216 4171 1362 4236 quod
1391 4177 1540 4224 esset
1590 4183 1620 4223 e
1679 4170 1782 4223 ritu
1814 4182 1928 4221 suae

334 4237 639 4305 Ecclesiae;
698 4254 821 4305 quae
870 4238 997 4305 quia
1059 4237 1322 4292 Romanae
1375 4239 1671 4303 dimcesis,
1715 4239 1768 4292 in
1825 4239 1929 4290 hoc

334 4323 560 4377 quoque
583 4308 879 4362 Ecclesiam
908 4307 1211 4361 Romanam
1244 4317 1302 4361 ut
1326 4321 1557 4363 matrem
1583 4308 1929 4377 Sequeretur?

334 4380 495 4432 Ilaud
524 4390 674 4433 certe
693 4377 1106 4432 Corinthiorum
1139 4378 1456 4448 episcOpns,
1485 4391 1579 4433 aut
1611 4380 1752 4433 ullus
1783 4379 1926 4431 alius

334 4448 605 4504 Romana:
625 4449 1019 4503 tuneditecesis
1036 4449 1089 4501 in
1110 4448 1335 4504 Oriente
1352 4450 1613 4504 Trnllano
1630 4448 1925 4502 conventui

335 4518 614 4583 interfuit,
666 4526 761 4573 aut
783 4519 1134 4588 subseripsit,
1176 4520 1251 4572 uti
1307 4536 1409 4575 nec
1449 4520 1778 4589 patriarcha:
1811 4519 1923 4581 alii,

330 4604 575 4659 quorum
630 4589 963 4659 diteccsibus
1017 4601 1338 4642 manserunt
1394 4590 1641 4644 Trullaui
1684 4604 1929 4643 canones

330 4658 561 4713 Obscuri
598 4675 615 4690 ·
648 4660 711 4712 τὸ
754 4658 926 4729 νάμα,
972 4674 1037 4712 ac
1075 4673 1232 4712 sacer
1278 4661 1441 4721 latex,
1484 4662 1645 4729 cujus
1676 4659 1797 4713 low
1831 4660 1938 4711 vini

333 4730 598 4784 haustum
617 4728 983 4784 adhibendum
1001 4729 1264 4792 decernit,
1280 4741 1365 4785 est
1388 4728 1701 4784 Dominicus
1718 4729 1941 4796 sanguis

336 4802 500 4868 cuius
525 4799 664 4862 loco,
683 4816 782 4855 ceu
815 4798 1049 4865 quadam
1079 4800 1166 4868 pia
1194 4800 1517 4864 ﬁctione,et
1542 4802 1607 4854 ad
1644 4805 1937 4868 quamdam

342 4870 536 4939 integri
565 4871 711 4940 epuli
739 4909 754 4933 ,
783 4871 946 4939 quale
981 4868 1247 4924 Dominus
1286 4870 1542 4935 instituit,
1578 4879 1939 4939 repraesenta-

347 4940 569 5005 tiouetu,
604 4942 716 4994 vini
751 4943 841 4995 ille
882 4946 1114 4994 haustus
1140 4941 1410 4995 succedit.
1448 4940 1541 4994 Sic
1571 4940 1672 5009 ipsi
1710 4941 1939 4994 adhibe-

344 5024 469 5065 atus
517 5026 568 5065 vr
605 5012 739 5066 feria
770 5011 823 5064 ili
872 5010 1194 5073 Parasccve,
1246 5025 1356 5080 qua
1408 5026 1515 5065 una
1566 5011 1797 5065 solemni
1828 5010 1936 5080 ritu

339 5082 546 5135 utimur
572 5080 1063 5152 pi-assanctiticatis,
1096 5079 1280 5152 infuso
1311 5083 1377 5134 de
1403 5095 1557 5135 more
1587 5081 1715 5134 vino
1749 5079 1935 5141 calici,

338 5150 652 5221 haustuque
677 5169 692 5206 :
716 5153 908 5221 sicque
931 5150 997 5203 ad
1022 5160 1206 5204 nostra
1240 5150 1351 5205 fere
1373 5161 1688 5220 tempora,a
1719 5160 1937 5219 sumpto

339 5220 630 5276 Dominico
674 5220 901 5293 corpOre
941 5222 1292 5290 propinatum
1328 5231 1415 5293 est
1445 5221 1553 5273 vini
1599 5221 1803 5289 aliquid
1836 5235 1934 5293 ceu

336 5293 392 5347 Lf.
438 5289 786 5347 'uetiioriam‘
823 5294 1088 5345 Donnutci
1168 5292 1490 5361 sanguinis,
1530 5306 1595 5345 ac
1667 5289 1934 5344 subtracti

332 5365 497 5419 laicis
553 5364 745 5418 inclita
803 5362 1203 5417 consuetudine
1285 5364 1500 5431 mystici
1549 5361 1773 5424 calicis;
1836 5376 1937 5415 nec

332 5438 514 5489 echini
551 5435 619 5486 ad
663 5449 777 5488 (ms
813 5433 957 5486 velut
1003 5432 1388 5488 ablutionem.
1420 5433 1702 5502 quomodo
1739 5433 1933 5484 ctiam-

336 5521 495 5565 num,
537 5504 836 5557 nonnullos
866 5504 975 5556 viui
1012 5502 1465 5557 sorbitiunculam
1513 5518 1543 5555 a
1589 5517 1747 5557 saera
1779 5515 1929 5555 com-

336 5578 604 5628 munione
633 5575 881 5644 accipere
918 5571 1098 5627 video.
1135 5571 1228 5627 Sic
1261 5583 1455 5644 nostro
1503 5574 1694 5628 codice
1725 5587 1830 5625 ms.
1877 5573 1929 5624 in

311 5637 698 5708 iurenibranis,
723 5637 811 5697 ubi
843 5653 963 5712 post
997 5645 1159 5713 ritum
1185 5644 1421 5713 ungendi
1443 5643 1744 5704 inﬁrmum,
1777 5656 1931 5694 sacra

338 5717 664 5768 communio
696 5712 1192 5784 congruentissimo
1219 5715 1413 5768 ordine
1438 5752 1454 5777 ,
1486 5713 1773 5784 praemissa
1803 5712 1931 5784 item

338 5787 763 5849 conitessioiie,si
784 5780 1004 5838 necesse
1028 5780 1522 5845 t'uerit,exhibeuda
1539 5780 1947 5853 prtescribitur,

341 5867 598 5923 porrecto
634 5856 748 5924 jam
806 5854 1089 5907 Dominico
1125 5868 1353 5922 corpore
1405 5855 1506 5908 sub
1542 5851 1651 5906 illis
1698 5851 1878 5906 verbis
1913 5868 1925 5903 :

666 5957 932 6012 Parnm"
964 5952 1083 6011 Gtt.
1117 5950 1283 6010 CXI.

2044 3740 2251 3809 Corpus
2289 3738 2502 3794 Domini
2533 3737 2702 3809 nostri
2715 3735 2867 3809 {esu
2896 3733 3118 3809 Christi.
3157 3735 3403 3809 proﬁciat
3438 3739 3534 3791 tibi
3561 3740 3633 3793 ad

2043 3804 2292 3874 salutem,
2313 3820 2363 3863 et
2381 3826 2486 3863 nou
2508 3809 2577 3860 ad
2601 3806 2889 3874 judicium.
2919 3804 3008 3858 sed
3033 3805 3102 3857 ad
3131 3807 3413 3858 remedium
3439 3810 3634 3865 aniuta:

2046 3891 2171 3946 tum,
2200 3892 2249 3934 et
2282 3881 2537 3950 perducat
2567 3888 2615 3930 te
2638 3878 2690 3930 in
2718 3877 2880 3928 vitam
2904 3885 3177 3950 externam.
3211 3876 3399 3950 Amen.
3435 3879 3630 3950 Statm

2043 3946 2336 4021 sequitur;
2380 3952 2666 4021 rAccepta
2698 3946 3086 4021 communione
3133 3946 3275 4021 dans
3417 3947 3631 4021 _vinum

2044 4012 2193 4076 dicat
2225 4039 2240 4073 :
2274 4040 2292 4073 ι
2354 4014 2588 4087 Sanguis
2644 4016 2854 4068 Domini
2907 4015 3074 4087 nostri
3117 4012 3248 4068 Iesu
3300 4015 3526 4077 Christi,
3562 4020 3633 4071 nd

2041 4091 2265 4146 salutem
2299 4092 2367 4145 sit
2408 4086 2522 4154 tibi,
2562 4098 2611 4141 et
2643 4102 2747 4141 non
2780 4086 2851 4139 ad
2864 4086 3132 4155 judicium
3195 4087 3387 4139 unima-
3418 4096 3544 4152 ture,
3583 4101 3632 4143 et

2027 4163 2287 4231 perducat
2341 4172 2387 4214 te
2428 4165 2485 4212 in
2534 4160 2695 4212 vitam
2732 4154 3011 4231 cateruam.
3062 4154 3248 4209 Amen.
3287 4155 3339 4209 Id
3377 4158 3633 4231 planerde

2030 4226 2149 4301 ipso
2179 4235 2305 4287 vino
2339 4232 2392 4284 in
2457 4241 2665 4301 typum.
2703 4243 2767 4281 ac
2796 4227 2920 4301 ἀςιτξι
2952 4226 3218 4301 νάματος,
3244 4236 3303 4301 ut
3324 4242 3515 4301 auctor
3550 4230 3631 4282 lo-

2028 4296 2240 4375 quitur.
2273 4296 2562 4373 propitiato
2590 4316 2603 4352 :
2635 4305 2695 4352 ut
2725 4309 2777 4375 et
2808 4296 3058 4375 [lubricae
3090 4300 3249 4350 verba
3280 4298 3634 4375 indicant,“

2029 4367 2245 4442 tempus
2276 4367 2476 4427 suadet
2526 4385 2639 4439 quo
2673 4367 2846 4442 codex
2894 4367 3138 4434 Scriptus
3188 4377 3289 4442 est.
3324 4367 3433 4422 Nec
3486 4373 3631 4442 enim

2027 4438 2164 4499 adeo
2189 4443 2447 4511 antiquus
2469 4438 2573 4505 cst,
2603 4447 2663 4492 ut
2687 4439 2919 4511 necdum
2953 4446 3083 4511 tunc
3109 4438 3391 4511 utriusque
3432 4441 3631 4503 speciei

2037 4516 2176 4569 ritus
2211 4515 2263 4566 in
2293 4508 2558 4566 laicorum
2593 4508 2982 4563 communione
3013 4508 3249 4562 abolitus
3281 4523 3458 4574 esset;
3495 4511 3632 4564 adde

2042 4586 2187 4655 quod
2240 4585 2349 4655 ille
2376 4597 2476 4651 pro
2519 4582 2765 4655 intirniis'
2785 4593 3060 4655 nunquam
3100 4579 3407 4655 obtinuit,_
3432 4593 3500 4655 ac
3530 4596 3632 4635 nec

2046 4646 2211 4709 modo
2242 4646 2454 4706 ohtinet
2486 4651 2629 4716 apud
2666 4651 2886 4704 Graecos
2913 4687 2929 4709 ,
2970 4646 3063 4714 qui
3095 4648 3240 4701 solas
3268 4649 3567 4716 particulas
3598 4667 3631 4705 v

2045 4726 2181 4780 feria
2217 4726 2268 4776 in
2303 4723 2471 4776 Cinna
2522 4717 2743 4774 Domini
2783 4725 3134 4771 consecratas
3181 4717 3417 4772 inttrmis
3451 4734 3631 4774 reser—

2043 4806 2194 4859 vant,
2252 4793 2354 4847 leii
2390 4799 2596 4845 tantum
2634 4788 2952 4857 aspersione
2989 4801 3083 4859 seu
3119 4786 3393 4859 infusinne
3417 4789 3625 4859 calicis,

2044 4856 2421 4934 tituc'quando
2450 4856 3012 4934 consecrantur,_pro
3052 4856 3243 4908 inolito
3276 4871 3428 4934 more
3449 4858 3627 4934 intin-

2041 4927 2305 5006 geudi'ac
2351 4928 2710 5006 pert'nndendi
2747 4927 3034 5006 mysticum
3080 4941 3310 4993 panem,
3364 4929 3626 5006 intinctas

2040 4999 2105 5061 ac
2138 4999 2388 5066 infusus,
2430 5001 2890 5072 postmodumque
2922 5002 3155 5072 siccatas
3184 5013 3197 5049 :
3233 5012 3355 5065 quae
3384 4999 3625 5063 siccitas,

2041 5066 2608 5131 necessarium-alium
2652 5085 2811 5124 usqu
2842 5082 2936 5122 seu
2973 5066 3111 5126 vini,
3137 5082 3232 5120 seu
3265 5083 3422 5136 aqua:
3459 5072 3624 5122 indu.

2040 5148 2200 5210 cil,ut
2222 5146 2482 5199 nimirum
2506 5143 2718 5211 liquore
2737 5137 3300 5211 ejusmodirmollitaa,
3319 5140 3387 5192 ab
3407 5142 3625 5211 intirmo

2039 5208 2326 5271 commode
2346 5208 2624 5268 absorberi
2654 5208 3023 5280 posSnntJllud
3039 5208 3627 5277 καλυμμάτιονιὶιιίθω-
3654 5214 3671 5227 “

2040 5289 2150 5341 lum
2178 5296 2283 5345 est.
2312 5284 2476 5339 veluti
2498 5280 2641 5351 quod
2678 5280 2873 5335 Latino
2897 5292 3026 5342 ritu,
3052 5282 3338 5351 corporale
3363 5283 3620 5343 dicimus,

2042 5360 2094 5411 in
2130 5359 2276 5426 quod
2321 5350 2655 5426 explicatum
2682 5392 2697 5415 ,
2734 5352 2816 5404 vel
2855 5366 2905 5401 Ill
2954 5350 3137 5426 altari,
3185 5350 3265 5426 vel
3308 5350 3360 5426 in
3397 5365 3625 5404 scamno

2041 5420 2442 5487 mufulissimo',
2497 5424 2659 5487 docet
2707 5436 3005 5490 episcopus
3049 5420 3376 5473 ell'undenda
3424 5437 3455 5473 e
3487 5436 3625 5487 prae-

2038 5498 2503 5553 sauctiticatorutn
2550 5507 2677 5545 vase
2712 5508 2807 5545 seu
2842 5492 3038 5560 pyxide
3080 5490 3412 5557 particulas,
3446 5505 3625 5558 exque

2036 5570 2228 5622 eodem
2281 5574 2498 5633 sumpta
2530 5577 2629 5633 pro
2657 5562 3048 5633 cominunione
3079 5560 3289 5622 hostia,
3342 5560 3537 5611 iterum
3569 5563 3621 5633 in

2040 5641 2182 5693 idem
2216 5630 2610 5697 refutidcndas,
2650 5633 2800 5686 nullo
2844 5632 3073 5684 interim
3112 5638 3475 5698 praeterquam
3508 5630 3624 5683 oris

2038 5708 2355 5763 immediate
2408 5713 2690 5765 contactu,
2742 5716 2841 5771 pro
2901 5703 3235 5771 sacramenti
3291 5699 3620 5765 reverentia,

2036 5794 2204 5850 quam
2240 5776 2473 5832 Latinus
2505 5776 2644 5829 ritus
2677 5770 2939 5840 majorem
2975 5770 3210 5840 prmfert.

3127 5928 3198 5990 15
