  <div class='ocr_page' id='page_1' title='image "/cluster/home/n/w/nwhite01/storage/ocr_20150623/111/coo.31924054870153/239.png"; bbox 0 0 4094 6404; ppageno 0'>
   <div class='ocr_carea' id='block_1_1' title="bbox 485 380 597 447">
    <p class='ocr_par' dir='ltr' id='par_1_1' title="bbox 485 380 597 447">
     <span class='ocr_line' id='line_1_1' title="bbox 485 380 597 447; baseline 0 -1"><span class='ocrx_word' id='word_1_1' title='bbox 485 380 597 447; x_wconf 65' lang='grc'><strong>459</strong></span> 
     </span>
    </p>
   </div>
   <div class='ocr_carea' id='block_1_2' title="bbox 1930 373 2308 438">
    <p class='ocr_par' dir='ltr' id='par_1_2' title="bbox 1930 373 2308 438">
     <span class='ocr_line' id='line_1_2' title="bbox 1930 373 2308 438; baseline 0 -3"><span class='ocrx_word' id='word_1_2' title='bbox 1930 375 1974 434; x_wconf 84' lang='grc' dir='ltr'>Α</span> <span class='ocrx_word' id='word_1_3' title='bbox 1985 373 2243 438; x_wconf 84' lang='grc' dir='ltr'><strong>ΝΟΝῩΜ</strong></span> <span class='ocrx_word' id='word_1_4' title='bbox 2250 376 2277 435; x_wconf 89' lang='grc' dir='ltr'>ῐ</span> <span class='ocrx_word' id='word_1_5' title='bbox 2304 411 2308 413; x_wconf 25' lang='grc' dir='ltr'><em>Α</em></span> 
     </span>
    </p>
   </div>
   <div class='ocr_carea' id='block_1_3' title="bbox 3634 368 3743 433">
    <p class='ocr_par' dir='ltr' id='par_1_3' title="bbox 3634 368 3743 433">
     <span class='ocr_line' id='line_1_3' title="bbox 3634 368 3743 433; baseline 0 0"><span class='ocrx_word' id='word_1_6' title='bbox 3634 368 3743 433; x_wconf 68' lang='lat' dir='ltr'><strong>uso</strong></span> 
     </span>
    </p>
   </div>
   <div class='ocr_carea' id='block_1_4' title="bbox 489 485 2063 562">
    <p class='ocr_par' dir='ltr' id='par_1_4' title="bbox 489 486 2056 562">
     <span class='ocr_line' id='line_1_4' title="bbox 489 486 2056 562; baseline -0.007 -11"><span class='ocrx_word' id='word_1_7' title='bbox 489 492 750 560; x_wconf 88' lang='lat' dir='ltr'><strong>abcessit,</strong></span> <span class='ocrx_word' id='word_1_8' title='bbox 800 492 1010 562; x_wconf 83' lang='lat' dir='ltr'><strong>iterque</strong></span> <span class='ocrx_word' id='word_1_9' title='bbox 1041 503 1236 546; x_wconf 89' lang='lat' dir='ltr'><strong>versus</strong></span> <span class='ocrx_word' id='word_1_10' title='bbox 1293 486 1534 543; x_wconf 78' lang='lat' dir='ltr'><strong>foramen</strong></span> <span class='ocrx_word' id='word_1_11' title='bbox 1594 502 1754 543; x_wconf 89' lang='lat' dir='ltr'><strong>suum</strong></span> <span class='ocrx_word' id='word_1_12' title='bbox 1810 486 2056 542; x_wconf 88' lang='lat' dir='ltr'><strong>institit:</strong></span> 
     </span>
    </p>
   </div>
   <div class='ocr_carea' id='block_1_5' title="bbox 2170 485 3746 562">
    <p class='ocr_par' dir='ltr' id='par_1_5' title="bbox 2170 485 3746 558">
     <span class='ocr_line' id='line_1_5' title="bbox 2170 485 3746 558; baseline 0.001 -20"><span class='ocrx_word' id='word_1_13' title='bbox 2170 486 2433 550; x_wconf 72' lang='grc' dir='ltr'>εἰπόντος,</span> <span class='ocrx_word' id='word_1_14' title='bbox 2475 489 2503 539; x_wconf 83' lang='grc' dir='ltr'><strong>ό</strong></span> <span class='ocrx_word' id='word_1_15' title='bbox 2535 486 2634 557; x_wconf 81' lang='grc' dir='ltr'>μὲν</span> <span class='ocrx_word' id='word_1_16' title='bbox 2663 485 2778 558; x_wconf 80' lang='grc' dir='ltr'>ἔχις</span> <span class='ocrx_word' id='word_1_17' title='bbox 2815 487 3013 543; x_wconf 81' lang='grc' dir='ltr'>αὐτίκα</span> <span class='ocrx_word' id='word_1_18' title='bbox 3048 487 3147 542; x_wconf 80' lang='grc' dir='ltr'><strong>τοῦ</strong></span> <span class='ocrx_word' id='word_1_19' title='bbox 3185 488 3346 552; x_wconf 84' lang='grc' dir='ltr'>ποδός</span> <span class='ocrx_word' id='word_1_20' title='bbox 3374 504 3435 542; x_wconf 77' lang='grc' dir='ltr'><strong>τε</strong></span> <span class='ocrx_word' id='word_1_21' title='bbox 3477 486 3746 556; x_wconf 81' lang='grc' dir='ltr'>ἀφίστατο</span> 
     </span>
    </p>
   </div>
   <div class='ocr_carea' id='block_1_6' title="bbox 489 579 2054 647">
    <p class='ocr_par' dir='ltr' id='par_1_6' title="bbox 489 579 2054 647">
     <span class='ocr_line' id='line_1_6' title="bbox 489 579 2054 647; baseline -0.007 -6"><span class='ocrx_word' id='word_1_22' title='bbox 489 583 831 642; x_wconf 80' lang='lat' dir='ltr'><strong>admirabilis</strong></span> <span class='ocrx_word' id='word_1_23' title='bbox 871 590 1052 638; x_wconf 89' lang='lat' dir='ltr'><strong>autem</strong></span> <span class='ocrx_word' id='word_1_24' title='bbox 1082 581 1188 647; x_wconf 89' lang='lat' dir='ltr'><strong>vir,</strong></span> <span class='ocrx_word' id='word_1_25' title='bbox 1219 579 1355 634; x_wconf 90' lang='lat' dir='ltr'><strong>nihil</strong></span> <span class='ocrx_word' id='word_1_26' title='bbox 1393 579 1616 634; x_wconf 89' lang='lat' dir='ltr'><strong>omnino</strong></span> <span class='ocrx_word' id='word_1_27' title='bbox 1645 579 1772 633; x_wconf 84' lang='lat' dir='ltr'><strong>mali</strong></span> <span class='ocrx_word' id='word_1_28' title='bbox 1805 594 1834 632; x_wconf 90' lang='lat' dir='ltr'><strong>a</strong></span> <span class='ocrx_word' id='word_1_29' title='bbox 1866 592 2054 633; x_wconf 90' lang='lat' dir='ltr'><strong>morsu</strong></span> 
     </span>
    </p>
   </div>
   <div class='ocr_carea' id='block_1_7' title="bbox 404 658 1311 747">
    <p class='ocr_par' dir='ltr' id='par_1_7' title="bbox 404 658 1311 747">
     <span class='ocr_line' id='line_1_7' title="bbox 404 658 1311 747; baseline -0.011 -13"><span class='ocrx_word' id='word_1_30' title='bbox 404 658 414 666; x_wconf 62' lang='grc'><em>’</em></span> <span class='ocrx_word' id='word_1_31' title='bbox 486 690 708 747; x_wconf 88' lang='lat' dir='ltr'><strong>passus,</strong></span> <span class='ocrx_word' id='word_1_32' title='bbox 738 672 1024 729; x_wconf 87' lang='lat' dir='ltr'><strong>incolumis</strong></span> <span class='ocrx_word' id='word_1_33' title='bbox 1055 670 1311 743; x_wconf 86' lang='lat' dir='ltr'><strong>perstitit.</strong></span> 
     </span>
    </p>
   </div>
   <div class='ocr_carea' id='block_1_8' title="bbox 557 852 2055 927">
    <p class='ocr_par' dir='ltr' id='par_1_8' title="bbox 557 852 2055 927">
     <span class='ocr_line' id='line_1_8' title="bbox 557 852 2055 927; baseline -0.005 -14"><span class='ocrx_word' id='word_1_34' title='bbox 557 858 788 915; x_wconf 81' lang='lat' dir='ltr'><strong>Mittitur</strong></span> <span class='ocrx_word' id='word_1_35' title='bbox 818 855 1000 927; x_wconf 84' lang='lat' dir='ltr'><strong>regius</strong></span> <span class='ocrx_word' id='word_1_36' title='bbox 1026 855 1244 925; x_wconf 91' lang='lat' dir='ltr'><strong>quidam</strong></span> <span class='ocrx_word' id='word_1_37' title='bbox 1272 854 1349 926; x_wconf 87' lang='lat'><strong>(7)</strong></span> <span class='ocrx_word' id='word_1_38' title='bbox 1378 854 1443 920; x_wconf 81' lang='lat' dir='ltr'><strong>ad</strong></span> <span class='ocrx_word' id='word_1_39' title='bbox 1479 862 1662 923; x_wconf 87' lang='lat' dir='ltr'><strong>partes</strong></span> <span class='ocrx_word' id='word_1_40' title='bbox 1718 852 1938 916; x_wconf 81' lang='lat' dir='ltr'><strong>Africae,</strong></span> <span class='ocrx_word' id='word_1_41' title='bbox 1985 852 2055 907; x_wconf 89' lang='lat' dir='ltr'><strong>ab</strong></span> 
     </span>
    </p>
   </div>
   <div class='ocr_carea' id='block_1_9' title="bbox 489 942 2056 1020">
    <p class='ocr_par' dir='ltr' id='par_1_9' title="bbox 489 942 2056 1020">
     <span class='ocr_line' id='line_1_9' title="bbox 489 942 2056 1020; baseline -0.005 -15"><span class='ocrx_word' id='word_1_42' title='bbox 489 949 702 1020; x_wconf 89' lang='lat' dir='ltr'><strong>imperii</strong></span> <span class='ocrx_word' id='word_1_43' title='bbox 734 947 966 1004; x_wconf 84' lang='lat' dir='ltr'><strong>Romani</strong></span> <span class='ocrx_word' id='word_1_44' title='bbox 995 954 1210 1016; x_wconf 90' lang='lat' dir='ltr'><strong>sceptra</strong></span> <span class='ocrx_word' id='word_1_45' title='bbox 1244 944 1576 1001; x_wconf 81' lang='lat' dir='ltr'><strong>moderante.</strong></span> <span class='ocrx_word' id='word_1_46' title='bbox 1615 942 1717 999; x_wconf 84' lang='lat' dir='ltr'><strong>Ubi</strong></span> <span class='ocrx_word' id='word_1_47' title='bbox 1751 942 1916 1014; x_wconf 88' lang='lat' dir='ltr'><strong>igitur</strong></span> <span class='ocrx_word' id='word_1_48' title='bbox 1942 943 2056 1013; x_wconf 89' lang='lat' dir='ltr'><strong>jam</strong></span> 
     </span>
    </p>
   </div>
   <div class='ocr_carea' id='block_1_10' title="bbox 489 1034 2058 1107">
    <p class='ocr_par' dir='ltr' id='par_1_10' title="bbox 489 1034 2058 1107">
     <span class='ocr_line' id='line_1_10' title="bbox 489 1034 2058 1107; baseline -0.006 -9"><span class='ocrx_word' id='word_1_49' title='bbox 489 1041 812 1098; x_wconf 86' lang='lat' dir='ltr'><strong>Corinthum</strong></span> <span class='ocrx_word' id='word_1_50' title='bbox 842 1037 1097 1102; x_wconf 83' lang='lat' dir='ltr'><strong>venisset,</strong></span> <span class='ocrx_word' id='word_1_51' title='bbox 1135 1034 1348 1090; x_wconf 91' lang='lat' dir='ltr'><strong>furatur</strong></span> <span class='ocrx_word' id='word_1_52' title='bbox 1398 1036 1618 1106; x_wconf 83' lang='lat' dir='ltr'><strong>aliquis,</strong></span> <span class='ocrx_word' id='word_1_53' title='bbox 1650 1051 1813 1107; x_wconf 87' lang='lat' dir='ltr'><strong>quam</strong></span> <span class='ocrx_word' id='word_1_54' title='bbox 1854 1035 1943 1090; x_wconf 91' lang='lat' dir='ltr'><strong>ille</strong></span> <span class='ocrx_word' id='word_1_55' title='bbox 1968 1049 2058 1090; x_wconf 88' lang='lat' dir='ltr'><strong>re-</strong></span> 
     </span>
    </p>
   </div>
   <div class='ocr_carea' id='block_1_11' title="bbox 488 1126 2057 1202">
    <p class='ocr_par' dir='ltr' id='par_1_11' title="bbox 488 1126 2057 1202">
     <span class='ocr_line' id='line_1_11' title="bbox 488 1126 2057 1202; baseline -0.004 -13"><span class='ocrx_word' id='word_1_56' title='bbox 488 1133 693 1202; x_wconf 83' lang='lat' dir='ltr'><strong>galium</strong></span> <span class='ocrx_word' id='word_1_57' title='bbox 713 1130 1143 1187; x_wconf 89' lang='lat' dir='ltr'><strong>ministeriorum</strong></span> <span class='ocrx_word' id='word_1_58' title='bbox 1167 1143 1353 1195; x_wconf 86' lang='lat' dir='ltr'><strong>causa,</strong></span> <span class='ocrx_word' id='word_1_59' title='bbox 1374 1129 1491 1184; x_wconf 88' lang='lat' dir='ltr'><strong>auri</strong></span> <span class='ocrx_word' id='word_1_60' title='bbox 1518 1142 1787 1184; x_wconf 89' lang='lat' dir='ltr'><strong>summam</strong></span> <span class='ocrx_word' id='word_1_61' title='bbox 1810 1126 2057 1182; x_wconf 81' lang='lat' dir='ltr'><strong>vehebat.</strong></span> 
     </span>
    </p>
   </div>
   <div class='ocr_carea' id='block_1_12' title="bbox 488 1217 2058 1293">
    <p class='ocr_par' dir='ltr' id='par_1_12' title="bbox 488 1217 2058 1293">
     <span class='ocr_line' id='line_1_12' title="bbox 488 1217 2058 1293; baseline -0.006 -13"><span class='ocrx_word' id='word_1_62' title='bbox 488 1225 642 1292; x_wconf 79' lang='lat' dir='ltr'><strong>Quod</strong></span> <span class='ocrx_word' id='word_1_63' title='bbox 674 1233 854 1278; x_wconf 89' lang='lat' dir='ltr'><strong>autem</strong></span> <span class='ocrx_word' id='word_1_64' title='bbox 902 1220 1172 1293; x_wconf 87' lang='lat' dir='ltr'><strong>profunda</strong></span> <span class='ocrx_word' id='word_1_65' title='bbox 1208 1233 1369 1275; x_wconf 90' lang='lat' dir='ltr'><strong>nocte</strong></span> <span class='ocrx_word' id='word_1_66' title='bbox 1411 1228 1625 1290; x_wconf 87' lang='lat' dir='ltr'><strong>patrato</strong></span> <span class='ocrx_word' id='word_1_67' title='bbox 1657 1218 1823 1284; x_wconf 88' lang='lat' dir='ltr'><strong>furto,</strong></span> <span class='ocrx_word' id='word_1_68' title='bbox 1872 1217 2058 1288; x_wconf 88' lang='lat' dir='ltr'><strong>iniqua</strong></span> 
     </span>
    </p>
   </div>
   <div class='ocr_carea' id='block_1_13' title="bbox 489 1306 2057 1381">
    <p class='ocr_par' dir='ltr' id='par_1_13' title="bbox 489 1306 2057 1381">
     <span class='ocr_line' id='line_1_13' title="bbox 489 1306 2057 1381; baseline -0.004 -11"><span class='ocrx_word' id='word_1_69' title='bbox 489 1315 696 1370; x_wconf 90' lang='lat' dir='ltr'><strong>molitio</strong></span> <span class='ocrx_word' id='word_1_70' title='bbox 726 1315 959 1369; x_wconf 83' lang='lat' dir='ltr'><strong>obscura</strong></span> <span class='ocrx_word' id='word_1_71' title='bbox 991 1306 1157 1374; x_wconf 81' lang='lat' dir='ltr'><strong>esset,</strong></span> <span class='ocrx_word' id='word_1_72' title='bbox 1195 1311 1273 1366; x_wconf 86' lang='lat' dir='ltr'><strong>uti</strong></span> <span class='ocrx_word' id='word_1_73' title='bbox 1308 1311 1467 1381; x_wconf 85' lang='lat' dir='ltr'><strong>plane</strong></span> <span class='ocrx_word' id='word_1_74' title='bbox 1501 1311 1556 1365; x_wconf 90' lang='lat' dir='ltr'><strong>in</strong></span> <span class='ocrx_word' id='word_1_75' title='bbox 1585 1310 1855 1380; x_wconf 86' lang='lat' dir='ltr'><strong>ejusmodi</strong></span> <span class='ocrx_word' id='word_1_76' title='bbox 1897 1308 2057 1375; x_wconf 82' lang='lat' dir='ltr'><strong>solet,</strong></span> 
     </span>
    </p>
   </div>
   <div class='ocr_carea' id='block_1_14' title="bbox 486 1402 2059 1478">
    <p class='ocr_par' dir='ltr' id='par_1_14' title="bbox 486 1402 2059 1478">
     <span class='ocr_line' id='line_1_14' title="bbox 486 1402 2059 1478; baseline -0.004 -15"><span class='ocrx_word' id='word_1_77' title='bbox 486 1406 916 1478; x_wconf 86' lang='lat' dir='ltr'><strong>exquirebantur</strong></span> <span class='ocrx_word' id='word_1_78' title='bbox 946 1405 1087 1458; x_wconf 88' lang='lat' dir='ltr'><strong>bivia</strong></span> <span class='ocrx_word' id='word_1_79' title='bbox 1120 1443 1135 1468; x_wconf 95' lang='lat'><strong>,</strong></span> <span class='ocrx_word' id='word_1_80' title='bbox 1191 1404 1620 1472; x_wconf 80' lang='lat' dir='ltr'><strong>exquirebantur</strong></span> <span class='ocrx_word' id='word_1_81' title='bbox 1651 1402 1884 1472; x_wconf 62' lang='lat' dir='ltr'><strong>plataeat,</strong></span> <span class='ocrx_word' id='word_1_82' title='bbox 1933 1416 2059 1457; x_wconf 83' lang='lat' dir='ltr'><strong>sus-</strong></span> 
     </span>
    </p>
   </div>
   <div class='ocr_carea' id='block_1_15' title="bbox 487 1494 2058 1568">
    <p class='ocr_par' dir='ltr' id='par_1_15' title="bbox 487 1494 2058 1568">
     <span class='ocr_line' id='line_1_15' title="bbox 487 1494 2058 1568; baseline -0.003 -14"><span class='ocrx_word' id='word_1_83' title='bbox 487 1498 628 1568; x_wconf 81' lang='lat' dir='ltr'><strong>pecti</strong></span> <span class='ocrx_word' id='word_1_84' title='bbox 665 1510 858 1552; x_wconf 89' lang='lat' dir='ltr'><strong>onmes</strong></span> <span class='ocrx_word' id='word_1_85' title='bbox 891 1496 946 1550; x_wconf 93' lang='lat' dir='ltr'><strong>in</strong></span> <span class='ocrx_word' id='word_1_86' title='bbox 986 1495 1342 1566; x_wconf 76' lang='lat' dir='ltr'><strong>quaestionem</strong></span> <span class='ocrx_word' id='word_1_87' title='bbox 1403 1495 1763 1551; x_wconf 82' lang='lat' dir='ltr'><strong>vocabantur.</strong></span> <span class='ocrx_word' id='word_1_88' title='bbox 1814 1494 2058 1550; x_wconf 84' lang='lat' dir='ltr'><strong>Tandem</strong></span> 
     </span>
    </p>
   </div>
   <div class='ocr_carea' id='block_1_16' title="bbox 488 1588 2062 1658">
    <p class='ocr_par' dir='ltr' id='par_1_16' title="bbox 488 1588 2062 1658">
     <span class='ocr_line' id='line_1_16' title="bbox 488 1588 2062 1658; baseline 0 -13"><span class='ocrx_word' id='word_1_89' title='bbox 488 1600 670 1647; x_wconf 88' lang='lat' dir='ltr'><strong>autem</strong></span> <span class='ocrx_word' id='word_1_90' title='bbox 699 1590 793 1646; x_wconf 90' lang='lat' dir='ltr'><strong>ubi</strong></span> <span class='ocrx_word' id='word_1_91' title='bbox 853 1589 1111 1645; x_wconf 87' lang='lat' dir='ltr'><strong>omnibus</strong></span> <span class='ocrx_word' id='word_1_92' title='bbox 1161 1588 1366 1644; x_wconf 83' lang='lat' dir='ltr'><strong>frustra</strong></span> <span class='ocrx_word' id='word_1_93' title='bbox 1435 1589 1676 1654; x_wconf 89' lang='lat' dir='ltr'><strong>tentatis,</strong></span> <span class='ocrx_word' id='word_1_94' title='bbox 1734 1588 1881 1644; x_wconf 90' lang='lat' dir='ltr'><strong>nulla</strong></span> <span class='ocrx_word' id='word_1_95' title='bbox 1935 1604 2062 1658; x_wconf 83' lang='lat' dir='ltr'><strong>spes</strong></span> 
     </span>
    </p>
   </div>
   <div class='ocr_carea' id='block_1_17' title="bbox 487 1681 2061 1753">
    <p class='ocr_par' dir='ltr' id='par_1_17' title="bbox 487 1681 2061 1753">
     <span class='ocr_line' id='line_1_17' title="bbox 487 1681 2061 1753; baseline 0 -16"><span class='ocrx_word' id='word_1_96' title='bbox 487 1683 828 1740; x_wconf 84' lang='lat' dir='ltr'><strong>inveniendae</strong></span> <span class='ocrx_word' id='word_1_97' title='bbox 860 1682 1105 1753; x_wconf 73' lang='lat' dir='ltr'><strong>pecunia:</strong></span> <span class='ocrx_word' id='word_1_98' title='bbox 1145 1682 1353 1751; x_wconf 90' lang='lat' dir='ltr'><strong>reliqua</strong></span> <span class='ocrx_word' id='word_1_99' title='bbox 1376 1681 1672 1744; x_wconf 82' lang='lat' dir='ltr'><strong>videretur,</strong></span> <span class='ocrx_word' id='word_1_100' title='bbox 1707 1682 1894 1752; x_wconf 80' lang='lat' dir='ltr'><strong>gravis</strong></span> <span class='ocrx_word' id='word_1_101' title='bbox 1921 1696 2061 1737; x_wconf 67' lang='lat' dir='ltr'><strong>ma:-</strong></span> 
     </span>
    </p>
   </div>
   <div class='ocr_carea' id='block_1_18' title="bbox 2162 577 3749 650">
    <p class='ocr_par' dir='ltr' id='par_1_18' title="bbox 2162 577 3749 650">
     <span class='ocr_line' id='line_1_18' title="bbox 2162 577 3749 650; baseline 0.002 -21"><span class='ocrx_word' id='word_1_102' title='bbox 2162 578 2257 630; x_wconf 72' lang='grc' dir='ltr'>καὶ</span> <span class='ocrx_word' id='word_1_103' title='bbox 2290 577 2387 647; x_wconf 83' lang='grc' dir='ltr'><strong>τῆς</strong></span> <span class='ocrx_word' id='word_1_104' title='bbox 2412 578 2650 648; x_wconf 80' lang='grc' dir='ltr'><strong>ἀγούσης</strong></span> <span class='ocrx_word' id='word_1_105' title='bbox 2682 581 2763 641; x_wconf 81' lang='grc' dir='ltr'><strong>είς</strong></span> <span class='ocrx_word' id='word_1_106' title='bbox 2814 579 2905 632; x_wconf 72' lang='grc' dir='ltr'><strong>τὸν</strong></span> <span class='ocrx_word' id='word_1_107' title='bbox 2944 579 3153 633; x_wconf 72' lang='grc' dir='ltr'>ἐκείνου</span> <span class='ocrx_word' id='word_1_108' title='bbox 3184 579 3435 650; x_wconf 72' lang='grc' dir='ltr'>χηραμὸν</span> <span class='ocrx_word' id='word_1_109' title='bbox 3481 578 3686 649; x_wconf 78' lang='grc' dir='ltr'>εἴχετο·</span> <span class='ocrx_word' id='word_1_110' title='bbox 3717 582 3749 632; x_wconf 85' lang='grc' dir='ltr'><strong>ὁ</strong></span> 
     </span>
    </p>
   </div>
   <div class='ocr_carea' id='block_1_19' title="bbox 2162 668 3746 742">
    <p class='ocr_par' dir='ltr' id='par_1_19' title="bbox 2162 668 3746 742">
     <span class='ocr_line' id='line_1_19' title="bbox 2162 668 3746 742; baseline 0.001 -19"><span class='ocrx_word' id='word_1_111' title='bbox 2162 670 2220 723; x_wconf 78' lang='grc' dir='ltr'>δὲ</span> <span class='ocrx_word' id='word_1_112' title='bbox 2255 670 2399 734; x_wconf 87' lang='grc' dir='ltr'>θεῖος</span> <span class='ocrx_word' id='word_1_113' title='bbox 2437 670 2576 741; x_wconf 79' lang='grc' dir='ltr'>ἀνὴρ</span> <span class='ocrx_word' id='word_1_114' title='bbox 2605 670 2876 742; x_wconf 76' lang='grc' dir='ltr'><strong>διέμεινεν</strong></span> <span class='ocrx_word' id='word_1_115' title='bbox 2911 672 3124 742; x_wconf 75' lang='grc' dir='ltr'>ἀσινὴς,</span> <span class='ocrx_word' id='word_1_116' title='bbox 3148 671 3301 726; x_wconf 81' lang='grc' dir='ltr'>οὐδὲν</span> <span class='ocrx_word' id='word_1_117' title='bbox 3340 671 3479 735; x_wconf 80' lang='grc' dir='ltr'>ὅλως</span> <span class='ocrx_word' id='word_1_118' title='bbox 3517 671 3624 725; x_wconf 74' lang='grc' dir='ltr'><strong>ὑπὸ</strong></span> <span class='ocrx_word' id='word_1_119' title='bbox 3647 668 3746 724; x_wconf 80' lang='grc' dir='ltr'><strong>τοῦ</strong></span> 
     </span>
    </p>
   </div>
   <div class='ocr_carea' id='block_1_20' title="bbox 2160 761 2944 833">
    <p class='ocr_par' dir='ltr' id='par_1_20' title="bbox 2160 761 2944 833">
     <span class='ocr_line' id='line_1_20' title="bbox 2160 761 2944 833; baseline 0.003 -19"><span class='ocrx_word' id='word_1_120' title='bbox 2160 762 2438 833; x_wconf 81' lang='grc' dir='ltr'><strong>δήγματος</strong></span> <span class='ocrx_word' id='word_1_121' title='bbox 2469 761 2657 817; x_wconf 84' lang='grc' dir='ltr'>παθὼν</span> <span class='ocrx_word' id='word_1_122' title='bbox 2676 766 2944 833; x_wconf 74' lang='grc' dir='ltr'>πονηρόν.</span> 
     </span>
    </p>
   </div>
   <div class='ocr_carea' id='block_1_21' title="bbox 2231 854 3750 926">
    <p class='ocr_par' dir='ltr' id='par_1_21' title="bbox 2231 854 3750 926">
     <span class='ocr_line' id='line_1_21' title="bbox 2231 854 3750 926; baseline 0.001 -20"><span class='ocrx_word' id='word_1_123' title='bbox 2231 854 2517 926; x_wconf 81' lang='grc' dir='ltr'>Πέμπεταί</span> <span class='ocrx_word' id='word_1_124' title='bbox 2578 871 2661 918; x_wconf 88' lang='grc' dir='ltr'><strong>τις</strong></span> <span class='ocrx_word' id='word_1_125' title='bbox 2693 854 2969 925; x_wconf 75' lang='grc' dir='ltr'>βασιλικδς</span> <span class='ocrx_word' id='word_1_126' title='bbox 3034 856 3171 926; x_wconf 86' lang='grc' dir='ltr'>πρός</span> <span class='ocrx_word' id='word_1_127' title='bbox 3218 872 3282 923; x_wconf 87' lang='grc' dir='ltr'><strong>γε</strong></span> <span class='ocrx_word' id='word_1_128' title='bbox 3330 856 3400 908; x_wconf 80' lang='grc' dir='ltr'>τὰ</span> <span class='ocrx_word' id='word_1_129' title='bbox 3450 854 3591 925; x_wconf 69' lang='grc' dir='ltr'>μέρη</span> <span class='ocrx_word' id='word_1_130' title='bbox 3643 855 3750 924; x_wconf 82' lang='grc' dir='ltr'>τῆς</span> 
     </span>
    </p>
   </div>
   <div class='ocr_carea' id='block_1_22' title="bbox 2174 946 3745 1019">
    <p class='ocr_par' dir='ltr' id='par_1_22' title="bbox 2174 946 3745 1019">
     <span class='ocr_line' id='line_1_22' title="bbox 2174 946 3745 1019; baseline 0 -20"><span class='ocrx_word' id='word_1_131' title='bbox 2174 947 2458 1018; x_wconf 72' lang='grc' dir='ltr'>Ἀφρικῆς,</span> <span class='ocrx_word' id='word_1_132' title='bbox 2499 947 2650 1015; x_wconf 83' lang='grc' dir='ltr'>παρὰ</span> <span class='ocrx_word' id='word_1_133' title='bbox 2671 948 2764 1001; x_wconf 81' lang='grc' dir='ltr'>τοῦ</span> <span class='ocrx_word' id='word_1_134' title='bbox 2802 949 2872 1001; x_wconf 86' lang='grc' dir='ltr'>τὰ</span> <span class='ocrx_word' id='word_1_135' title='bbox 2900 947 3147 1019; x_wconf 85' lang='grc' dir='ltr'>βασίλεια</span> <span class='ocrx_word' id='word_1_136' title='bbox 3171 946 3445 1012; x_wconf 80' lang='grc' dir='ltr'><strong>διέποντος</strong></span> <span class='ocrx_word' id='word_1_137' title='bbox 3468 949 3745 1018; x_wconf 78' lang='grc' dir='ltr'>σκῆπτρα.</span> 
     </span>
    </p>
   </div>
   <div class='ocr_carea' id='block_1_23' title="bbox 2174 1033 3752 1111">
    <p class='ocr_par' dir='ltr' id='par_1_23' title="bbox 2174 1033 3752 1111">
     <span class='ocr_line' id='line_1_23' title="bbox 2174 1033 3752 1111; baseline -0.001 -19"><span class='ocrx_word' id='word_1_138' title='bbox 2174 1038 2327 1092; x_wconf 77' lang='grc' dir='ltr'>Ἐπεὶ</span> <span class='ocrx_word' id='word_1_139' title='bbox 2356 1033 2451 1093; x_wconf 78' lang='grc' dir='ltr'>οὖν</span> <span class='ocrx_word' id='word_1_140' title='bbox 2482 1040 2584 1110; x_wconf 74' lang='grc' dir='ltr'><strong>ήδη</strong></span> <span class='ocrx_word' id='word_1_141' title='bbox 2605 1037 2707 1111; x_wconf 77' lang='grc' dir='ltr'>τὴν</span> <span class='ocrx_word' id='word_1_142' title='bbox 2732 1040 2999 1111; x_wconf 82' lang='grc' dir='ltr'>Κόρινθον</span> <span class='ocrx_word' id='word_1_143' title='bbox 3048 1038 3181 1103; x_wconf 74' lang='grc' dir='ltr'>εἷλε,</span> <span class='ocrx_word' id='word_1_144' title='bbox 3216 1039 3277 1093; x_wconf 77' lang='grc' dir='ltr'>τὸ</span> <span class='ocrx_word' id='word_1_145' title='bbox 3309 1040 3531 1110; x_wconf 86' lang='grc' dir='ltr'>χρυσίον</span> <span class='ocrx_word' id='word_1_146' title='bbox 3558 1039 3587 1092; x_wconf 84' lang='grc' dir='ltr'><strong>ὃ</strong></span> <span class='ocrx_word' id='word_1_147' title='bbox 3614 1039 3752 1108; x_wconf 74' lang='grc' dir='ltr'><strong>ἐπή-</strong></span> 
     </span>
    </p>
   </div>
   <div class='ocr_carea' id='block_1_24' title="bbox 2161 1125 3753 1198">
    <p class='ocr_par' dir='ltr' id='par_1_24' title="bbox 2161 1125 3753 1198">
     <span class='ocr_line' id='line_1_24' title="bbox 2161 1125 3753 1198; baseline 0.001 -20"><span class='ocrx_word' id='word_1_148' title='bbox 2161 1141 2289 1192; x_wconf 85' lang='grc' dir='ltr'>γετο</span> <span class='ocrx_word' id='word_1_149' title='bbox 2315 1125 2615 1195; x_wconf 75' lang='grc' dir='ltr'><strong>βασιλικῶν</strong></span> <span class='ocrx_word' id='word_1_150' title='bbox 2643 1127 2803 1197; x_wconf 85' lang='grc' dir='ltr'>χάριν</span> <span class='ocrx_word' id='word_1_151' title='bbox 2837 1127 3192 1198; x_wconf 80' lang='grc' dir='ltr'><strong>λειτουργιῶν</strong></span> <span class='ocrx_word' id='word_1_152' title='bbox 3218 1127 3536 1182; x_wconf 80' lang='grc' dir='ltr'><strong>κλέπτεται.</strong></span> <span class='ocrx_word' id='word_1_153' title='bbox 3589 1127 3753 1198; x_wconf 86' lang='grc' dir='ltr'><strong>Παρά</strong></span> 
     </span>
    </p>
   </div>
   <div class='ocr_carea' id='block_1_25' title="bbox 2160 1217 3753 1290">
    <p class='ocr_par' dir='ltr' id='par_1_25' title="bbox 2160 1217 3753 1290">
     <span class='ocr_line' id='line_1_25' title="bbox 2160 1217 3753 1290; baseline 0.003 -21"><span class='ocrx_word' id='word_1_154' title='bbox 2160 1234 2253 1271; x_wconf 84' lang='grc' dir='ltr'><strong>του</strong></span> <span class='ocrx_word' id='word_1_155' title='bbox 2282 1217 2422 1272; x_wconf 86' lang='grc' dir='ltr'>κατὰ</span> <span class='ocrx_word' id='word_1_156' title='bbox 2451 1217 2849 1290; x_wconf 83' lang='grc' dir='ltr'>πολλὴννύκτα</span> <span class='ocrx_word' id='word_1_157' title='bbox 2875 1221 2970 1274; x_wconf 80' lang='grc' dir='ltr'><strong>καὶ</strong></span> <span class='ocrx_word' id='word_1_158' title='bbox 3006 1219 3232 1287; x_wconf 81' lang='grc' dir='ltr'>ἁδηλίαν</span> <span class='ocrx_word' id='word_1_159' title='bbox 3281 1218 3379 1271; x_wconf 84' lang='grc' dir='ltr'>τοῦ</span> <span class='ocrx_word' id='word_1_160' title='bbox 3438 1221 3753 1288; x_wconf 69' lang='grc' dir='ltr'>κακουργή-</span> 
     </span>
    </p>
   </div>
   <div class='ocr_carea' id='block_1_26' title="bbox 2165 1305 3749 1380">
    <p class='ocr_par' dir='ltr' id='par_1_26' title="bbox 2165 1305 3749 1380">
     <span class='ocr_line' id='line_1_26' title="bbox 2165 1305 3749 1380; baseline -0.003 -17"><span class='ocrx_word' id='word_1_161' title='bbox 2165 1326 2355 1379; x_wconf 87' lang='grc' dir='ltr'>ματος,</span> <span class='ocrx_word' id='word_1_162' title='bbox 2393 1307 2585 1380; x_wconf 84' lang='grc' dir='ltr'>ὥσπερ</span> <span class='ocrx_word' id='word_1_163' title='bbox 2640 1305 2734 1364; x_wconf 80' lang='grc' dir='ltr'><strong>οὗν</strong></span> <span class='ocrx_word' id='word_1_164' title='bbox 2792 1311 2852 1362; x_wconf 76' lang='grc' dir='ltr'>ὲν</span> <span class='ocrx_word' id='word_1_165' title='bbox 2908 1313 3020 1375; x_wconf 84' lang='grc' dir='ltr'>τοῖς</span> <span class='ocrx_word' id='word_1_166' title='bbox 3069 1309 3336 1372; x_wconf 80' lang='grc' dir='ltr'>τοιούτοις</span> <span class='ocrx_word' id='word_1_167' title='bbox 3376 1308 3549 1377; x_wconf 75' lang='grc' dir='ltr'>φίλον,</span> <span class='ocrx_word' id='word_1_168' title='bbox 3580 1311 3749 1379; x_wconf 67' lang='grc' dir='ltr'>ᾕρευ-</span> 
     </span>
    </p>
   </div>
   <div class='ocr_carea' id='block_1_27' title="bbox 2163 1398 3754 1473">
    <p class='ocr_par' dir='ltr' id='par_1_27' title="bbox 2163 1398 3754 1473">
     <span class='ocr_line' id='line_1_27' title="bbox 2163 1398 3754 1473; baseline -0.001 -20"><span class='ocrx_word' id='word_1_169' title='bbox 2163 1400 2335 1454; x_wconf 87' lang='grc' dir='ltr'>νῶντο</span> <span class='ocrx_word' id='word_1_170' title='bbox 2374 1401 2630 1471; x_wconf 76' lang='grc' dir='ltr'>ἄμφοδοι·</span> <span class='ocrx_word' id='word_1_171' title='bbox 2659 1403 2975 1473; x_wconf 81' lang='grc' dir='ltr'>ἡρευνῶντο</span> <span class='ocrx_word' id='word_1_172' title='bbox 3038 1403 3319 1455; x_wconf 79' lang='grc' dir='ltr'>πλατεῖαι·</span> <span class='ocrx_word' id='word_1_173' title='bbox 3358 1402 3410 1454; x_wconf 91' lang='grc' dir='ltr'><strong>οί</strong></span> <span class='ocrx_word' id='word_1_174' title='bbox 3445 1403 3507 1454; x_wconf 73' lang='grc' dir='ltr'>ὲν</span> <span class='ocrx_word' id='word_1_175' title='bbox 3543 1398 3754 1469; x_wconf 80' lang='grc' dir='ltr'>ὑποψίᾳ</span> 
     </span>
    </p>
   </div>
   <div class='ocr_carea' id='block_1_28' title="bbox 2164 1491 3752 1566">
    <p class='ocr_par' dir='ltr' id='par_1_28' title="bbox 2164 1491 3752 1566">
     <span class='ocr_line' id='line_1_28' title="bbox 2164 1491 3752 1566; baseline 0.001 -20"><span class='ocrx_word' id='word_1_176' title='bbox 2164 1494 2365 1558; x_wconf 84' lang='grc' dir='ltr'>πάντες</span> <span class='ocrx_word' id='word_1_177' title='bbox 2378 1495 2638 1566; x_wconf 78' lang='grc' dir='ltr'>ὲτασμοῖς</span> <span class='ocrx_word' id='word_1_178' title='bbox 2658 1494 2764 1566; x_wconf 60' lang='lat' dir='ltr'><strong>[ian</strong></span> <span class='ocrx_word' id='word_1_179' title='bbox 2775 1497 2936 1550; x_wconf 74' lang='grc' dir='ltr'>λείπ.</span> <span class='ocrx_word' id='word_1_180' title='bbox 2954 1495 3331 1549; x_wconf 79' lang='grc' dir='ltr'>ὲπεϐάλλοντο·</span> <span class='ocrx_word' id='word_1_181' title='bbox 3354 1494 3416 1563; x_wconf 73' lang='grc' dir='ltr'><strong>ἢ.</strong></span> <span class='ocrx_word' id='word_1_182' title='bbox 3430 1496 3489 1547; x_wconf 78' lang='grc' dir='ltr'>ὲν</span> <span class='ocrx_word' id='word_1_183' title='bbox 3504 1491 3752 1563; x_wconf 75' lang='grc' dir='ltr'>ἑτασμ.].</span> 
     </span>
    </p>
   </div>
   <div class='ocr_carea' id='block_1_29' title="bbox 2174 1586 3755 1658">
    <p class='ocr_par' dir='ltr' id='par_1_29' title="bbox 2174 1586 3755 1658">
     <span class='ocr_line' id='line_1_29' title="bbox 2174 1586 3755 1658; baseline -0.001 -18"><span class='ocrx_word' id='word_1_184' title='bbox 2174 1588 2262 1651; x_wconf 84' lang='grc' dir='ltr'>Ὠς</span> <span class='ocrx_word' id='word_1_185' title='bbox 2327 1589 2385 1640; x_wconf 75' lang='grc' dir='ltr'>δὲ</span> <span class='ocrx_word' id='word_1_186' title='bbox 2441 1589 2683 1657; x_wconf 79' lang='grc' dir='ltr'><strong>ἀνήνυτα</strong></span> <span class='ocrx_word' id='word_1_187' title='bbox 2734 1588 3001 1658; x_wconf 64' lang='grc' dir='ltr'>ἠλέγχετο</span> <span class='ocrx_word' id='word_1_188' title='bbox 3058 1589 3261 1651; x_wconf 71' lang='grc' dir='ltr'>πάντα,</span> <span class='ocrx_word' id='word_1_189' title='bbox 3323 1589 3419 1639; x_wconf 71' lang='grc' dir='ltr'>καὶ</span> <span class='ocrx_word' id='word_1_190' title='bbox 3456 1590 3492 1658; x_wconf 74' lang='grc' dir='ltr'><strong>ἡ</strong></span> <span class='ocrx_word' id='word_1_191' title='bbox 3532 1586 3755 1656; x_wconf 79' lang='grc' dir='ltr'><strong>εὕρεσις</strong></span> 
     </span>
    </p>
   </div>
   <div class='ocr_carea' id='block_1_30' title="bbox 2162 1674 3747 1750">
    <p class='ocr_par' dir='ltr' id='par_1_30' title="bbox 2162 1674 3747 1750">
     <span class='ocr_line' id='line_1_30' title="bbox 2162 1674 3747 1750; baseline 0 -19"><span class='ocrx_word' id='word_1_192' title='bbox 2162 1679 2485 1743; x_wconf 76' lang='grc' dir='ltr'>ἀνέλπιστος</span> <span class='ocrx_word' id='word_1_193' title='bbox 2510 1676 2602 1750; x_wconf 82' lang='grc' dir='ltr'>ἦν,</span> <span class='ocrx_word' id='word_1_194' title='bbox 2636 1679 2845 1749; x_wconf 78' lang='grc' dir='ltr'><strong>ἀθυμία</strong></span> <span class='ocrx_word' id='word_1_195' title='bbox 2867 1681 2961 1734; x_wconf 77' lang='grc' dir='ltr'>τὸν</span> <span class='ocrx_word' id='word_1_196' title='bbox 3009 1681 3302 1748; x_wconf 78' lang='grc' dir='ltr'>ἄνθρωπον</span> <span class='ocrx_word' id='word_1_197' title='bbox 3333 1674 3448 1750; x_wconf 77' lang='grc' dir='ltr'>εἶχε</span> <span class='ocrx_word' id='word_1_198' title='bbox 3511 1679 3709 1749; x_wconf 76' lang='grc' dir='ltr'>βαρεῖα</span> <span class='ocrx_word' id='word_1_199' title='bbox 3733 1693 3747 1708; x_wconf 82' lang='grc'><strong><em>⁸</em></strong></span> 
     </span>
    </p>
   </div>
   <div class='ocr_carea' id='block_1_31' title="bbox 487 1770 2063 1843">
    <p class='ocr_par' dir='ltr' id='par_1_31' title="bbox 487 1770 2058 1842">
     <span class='ocr_line' id='line_1_31' title="bbox 487 1770 2058 1842; baseline -0.006 -9"><span class='ocrx_word' id='word_1_200' title='bbox 487 1793 580 1833; x_wconf 90' lang='lat' dir='ltr'><strong>ror</strong></span> <span class='ocrx_word' id='word_1_201' title='bbox 598 1776 869 1832; x_wconf 87' lang='lat' dir='ltr'><strong>hominem</strong></span> <span class='ocrx_word' id='word_1_202' title='bbox 906 1774 1159 1842; x_wconf 82' lang='lat' dir='ltr'><strong>angebat.</strong></span> <span class='ocrx_word' id='word_1_203' title='bbox 1195 1771 1321 1826; x_wconf 74' lang='lat' dir='ltr'><strong>Post</strong></span> <span class='ocrx_word' id='word_1_204' title='bbox 1344 1772 1455 1827; x_wconf 84' lang='lat' dir='ltr'><strong>alia</strong></span> <span class='ocrx_word' id='word_1_205' title='bbox 1487 1782 1573 1825; x_wconf 75' lang='lat' dir='ltr'><strong>sat</strong></span> <span class='ocrx_word' id='word_1_206' title='bbox 1601 1772 1792 1827; x_wconf 84' lang='lat' dir='ltr'><strong>multa.</strong></span> <span class='ocrx_word' id='word_1_207' title='bbox 1824 1770 1923 1827; x_wconf 84' lang='lat' dir='ltr'><strong>Ubi</strong></span> <span class='ocrx_word' id='word_1_208' title='bbox 1949 1771 2058 1838; x_wconf 85' lang='lat' dir='ltr'><strong>iam</strong></span> 
     </span>
    </p>
   </div>
   <div class='ocr_carea' id='block_1_32' title="bbox 2170 1770 3757 1843">
    <p class='ocr_par' dir='ltr' id='par_1_32' title="bbox 2170 1771 3757 1843">
     <span class='ocr_line' id='line_1_32' title="bbox 2170 1771 3757 1843; baseline -0.001 -16"><span class='ocrx_word' id='word_1_209' title='bbox 2170 1773 2302 1827; x_wconf 83' lang='grc' dir='ltr'>Μετ’</span> <span class='ocrx_word' id='word_1_210' title='bbox 2336 1773 2494 1827; x_wconf 70' lang='grc' dir='ltr'>ἄλλα</span> <span class='ocrx_word' id='word_1_211' title='bbox 2546 1771 2748 1825; x_wconf 73' lang='grc' dir='ltr'>ἱκανά.</span> <span class='ocrx_word' id='word_1_212' title='bbox 2806 1771 2893 1835; x_wconf 84' lang='grc' dir='ltr'><strong>Ὠς</strong></span> <span class='ocrx_word' id='word_1_213' title='bbox 2927 1773 3037 1843; x_wconf 79' lang='grc' dir='ltr'><strong>γὰρ</strong></span> <span class='ocrx_word' id='word_1_214' title='bbox 3069 1772 3170 1843; x_wconf 72' lang='grc' dir='ltr'><strong>ἤδη</strong></span> <span class='ocrx_word' id='word_1_215' title='bbox 3200 1773 3296 1826; x_wconf 76' lang='grc' dir='ltr'>καὶ</span> <span class='ocrx_word' id='word_1_216' title='bbox 3325 1772 3533 1842; x_wconf 77' lang='grc' dir='ltr'>τροφῆς</span> <span class='ocrx_word' id='word_1_217' title='bbox 3550 1772 3757 1836; x_wconf 87' lang='grc' dir='ltr'>ίκανῶς</span> 
     </span>
    </p>
   </div>
   <div class='ocr_carea' id='block_1_33' title="bbox 487 1841 2063 1941">
    <p class='ocr_par' dir='ltr' id='par_1_33' title="bbox 487 1841 2062 1941">
     <span class='ocr_line' id='line_1_33' title="bbox 487 1841 2062 1941; baseline -0.004 -16"><span class='ocrx_word' id='word_1_218' title='bbox 487 1884 619 1941; x_wconf 87' lang='lat' dir='ltr'><strong>ergo</strong></span> <span class='ocrx_word' id='word_1_219' title='bbox 647 1868 863 1924; x_wconf 82' lang='lat' dir='ltr'><strong>abunde</strong></span> <span class='ocrx_word' id='word_1_220' title='bbox 892 1841 1026 1922; x_wconf 76' lang='lat' dir='ltr'><strong>satis</strong></span> <span class='ocrx_word' id='word_1_221' title='bbox 1064 1864 1266 1936; x_wconf 86' lang='lat' dir='ltr'><strong>epulati</strong></span> <span class='ocrx_word' id='word_1_222' title='bbox 1289 1872 1496 1931; x_wconf 84' lang='lat' dir='ltr'><strong>essent,</strong></span> <span class='ocrx_word' id='word_1_223' title='bbox 1541 1863 1743 1935; x_wconf 85' lang='lat' dir='ltr'><strong>Deique</strong></span> <span class='ocrx_word' id='word_1_224' title='bbox 1775 1863 2062 1929; x_wconf 87' lang='lat' dir='ltr'><strong>memoria,</strong></span> 
     </span>
    </p>
   </div>
   <div class='ocr_carea' id='block_1_34' title="bbox 2170 1841 3759 1941">
    <p class='ocr_par' dir='ltr' id='par_1_34' title="bbox 2170 1841 3759 1936">
     <span class='ocr_line' id='line_1_34' title="bbox 2170 1841 3759 1936; baseline 0.001 -20"><span class='ocrx_word' id='word_1_225' title='bbox 2170 1866 2440 1935; x_wconf 81' lang='grc' dir='ltr'>μετεῖχον,</span> <span class='ocrx_word' id='word_1_226' title='bbox 2499 1865 2594 1917; x_wconf 82' lang='grc' dir='ltr'>καὶ</span> <span class='ocrx_word' id='word_1_227' title='bbox 2653 1866 2845 1936; x_wconf 78' lang='grc' dir='ltr'>μνήμῃ</span> <span class='ocrx_word' id='word_1_228' title='bbox 2884 1841 3109 1934; x_wconf 68' lang='grc' dir='ltr'>Θεοῦ,ἧ</span> <span class='ocrx_word' id='word_1_229' title='bbox 3160 1841 3271 1927; x_wconf 76' lang='grc' dir='ltr'>τοῖς</span> <span class='ocrx_word' id='word_1_230' title='bbox 3321 1841 3609 1934; x_wconf 80' lang='grc' dir='ltr'>βρώμασιν</span> <span class='ocrx_word' id='word_1_231' title='bbox 3667 1865 3759 1917; x_wconf 81' lang='grc' dir='ltr'><strong>ὲν-</strong></span> 
     </span>
    </p>
   </div>
   <div class='ocr_carea' id='block_1_35' title="bbox 488 1954 2065 2032">
    <p class='ocr_par' dir='ltr' id='par_1_35' title="bbox 488 1954 2065 2032">
     <span class='ocr_line' id='line_1_35' title="bbox 488 1954 2065 2032; baseline -0.007 -14"><span class='ocrx_word' id='word_1_232' title='bbox 488 1976 653 2032; x_wconf 83' lang='lat' dir='ltr'><strong>snpra</strong></span> <span class='ocrx_word' id='word_1_233' title='bbox 680 1975 842 2030; x_wconf 88' lang='lat' dir='ltr'><strong>quam</strong></span> <span class='ocrx_word' id='word_1_234' title='bbox 866 1957 1009 2014; x_wconf 83' lang='lat' dir='ltr'><strong>escis</strong></span> <span class='ocrx_word' id='word_1_235' title='bbox 1034 1956 1279 2013; x_wconf 89' lang='lat' dir='ltr'><strong>deliciari</strong></span> <span class='ocrx_word' id='word_1_236' title='bbox 1310 1964 1590 2026; x_wconf 87' lang='lat' dir='ltr'><strong>pararent,</strong></span> <span class='ocrx_word' id='word_1_237' title='bbox 1623 1956 1828 2025; x_wconf 88' lang='lat' dir='ltr'><strong>apertis</strong></span> <span class='ocrx_word' id='word_1_238' title='bbox 1880 1954 2065 2011; x_wconf 90' lang='lat' dir='ltr'><strong>subito</strong></span> 
     </span>
    </p>
   </div>
   <div class='ocr_carea' id='block_1_36' title="bbox 491 2044 2063 2121">
    <p class='ocr_par' dir='ltr' id='par_1_36' title="bbox 491 2044 2063 2121">
     <span class='ocr_line' id='line_1_36' title="bbox 491 2044 2063 2121; baseline -0.004 -15"><span class='ocrx_word' id='word_1_239' title='bbox 491 2065 723 2121; x_wconf 84' lang='lat' dir='ltr'><strong>magnus</strong></span> <span class='ocrx_word' id='word_1_240' title='bbox 747 2048 836 2104; x_wconf 88' lang='lat' dir='ltr'><strong>ille</strong></span> <span class='ocrx_word' id='word_1_241' title='bbox 855 2047 1054 2112; x_wconf 85' lang='lat' dir='ltr'><strong>oculis,</strong></span> <span class='ocrx_word' id='word_1_242' title='bbox 1080 2046 1244 2116; x_wconf 88' lang='lat' dir='ltr'><strong>inque</strong></span> <span class='ocrx_word' id='word_1_243' title='bbox 1271 2060 1441 2100; x_wconf 90' lang='lat' dir='ltr'><strong>unum</strong></span> <span class='ocrx_word' id='word_1_244' title='bbox 1491 2045 1727 2115; x_wconf 83' lang='lat' dir='ltr'><strong>aliquem</strong></span> <span class='ocrx_word' id='word_1_245' title='bbox 1771 2044 2063 2099; x_wconf 84' lang='lat' dir='ltr'><strong>astantium</strong></span> 
     </span>
    </p>
   </div>
   <div class='ocr_carea' id='block_1_37' title="bbox 490 2134 2063 2206">
    <p class='ocr_par' dir='ltr' id='par_1_37' title="bbox 490 2134 2063 2206">
     <span class='ocr_line' id='line_1_37' title="bbox 490 2134 2063 2206; baseline -0.004 -10"><span class='ocrx_word' id='word_1_246' title='bbox 490 2141 803 2203; x_wconf 88' lang='lat' dir='ltr'><strong>intendens,</strong></span> <span class='ocrx_word' id='word_1_247' title='bbox 832 2153 899 2194; x_wconf 81' lang='lat' dir='ltr'><strong>ex</strong></span> <span class='ocrx_word' id='word_1_248' title='bbox 931 2137 1155 2192; x_wconf 83' lang='lat' dir='ltr'><strong>nomine</strong></span> <span class='ocrx_word' id='word_1_249' title='bbox 1196 2137 1263 2191; x_wconf 89' lang='lat' dir='ltr'><strong>ad</strong></span> <span class='ocrx_word' id='word_1_250' title='bbox 1318 2151 1379 2193; x_wconf 90' lang='lat' dir='ltr'><strong>se</strong></span> <span class='ocrx_word' id='word_1_251' title='bbox 1428 2136 1736 2192; x_wconf 82' lang='lat' dir='ltr'><strong>accersivit.</strong></span> <span class='ocrx_word' id='word_1_252' title='bbox 1763 2134 1902 2190; x_wconf 84' lang='lat' dir='ltr'><strong>Tum</strong></span> <span class='ocrx_word' id='word_1_253' title='bbox 1936 2136 2063 2206; x_wconf 88' lang='lat' dir='ltr'><strong>quia</strong></span> 
     </span>
    </p>
   </div>
   <div class='ocr_carea' id='block_1_38' title="bbox 492 2224 2063 2300">
    <p class='ocr_par' dir='ltr' id='par_1_38' title="bbox 492 2224 2063 2300">
     <span class='ocr_line' id='line_1_38' title="bbox 492 2224 2063 2300; baseline -0.004 -14"><span class='ocrx_word' id='word_1_254' title='bbox 492 2230 634 2286; x_wconf 85' lang='lat' dir='ltr'><strong>haud</strong></span> <span class='ocrx_word' id='word_1_255' title='bbox 667 2228 856 2300; x_wconf 86' lang='lat' dir='ltr'><strong>procul</strong></span> <span class='ocrx_word' id='word_1_256' title='bbox 887 2236 1044 2282; x_wconf 86' lang='lat' dir='ltr'><strong>erat:</strong></span> <span class='ocrx_word' id='word_1_257' title='bbox 1076 2244 1096 2277; x_wconf 77' lang='grc' dir='ltr'><strong>ι</strong></span> <span class='ocrx_word' id='word_1_258' title='bbox 1149 2225 1375 2295; x_wconf 89' lang='lat' dir='ltr'><strong>thuid,</strong></span> <span class='ocrx_word' id='word_1_259' title='bbox 1397 2225 1575 2295; x_wconf 91' lang='lat' dir='ltr'><strong>inquit</strong></span> <span class='ocrx_word' id='word_1_260' title='bbox 1606 2225 1670 2280; x_wconf 84' lang='lat' dir='ltr'><strong>ad</strong></span> <span class='ocrx_word' id='word_1_261' title='bbox 1700 2239 1826 2280; x_wconf 88' lang='lat' dir='ltr'><strong>eum</strong></span> <span class='ocrx_word' id='word_1_262' title='bbox 1853 2224 2063 2291; x_wconf 84' lang='lat' dir='ltr'><strong>videns,</strong></span> 
     </span>
    </p>
   </div>
   <div class='ocr_carea' id='block_1_39' title="bbox 489 2314 2066 2386">
    <p class='ocr_par' dir='ltr' id='par_1_39' title="bbox 489 2314 2066 2386">
     <span class='ocr_line' id='line_1_39' title="bbox 489 2314 2066 2386; baseline -0.004 -10"><span class='ocrx_word' id='word_1_263' title='bbox 489 2334 613 2376; x_wconf 91' lang='lat' dir='ltr'><strong>cum</strong></span> <span class='ocrx_word' id='word_1_264' title='bbox 645 2319 742 2374; x_wconf 88' lang='lat' dir='ltr'><strong>tibi</strong></span> <span class='ocrx_word' id='word_1_265' title='bbox 770 2324 1024 2382; x_wconf 88' lang='lat' dir='ltr'><strong>mortem,</strong></span> <span class='ocrx_word' id='word_1_266' title='bbox 1062 2321 1178 2370; x_wconf 90' lang='lat' dir='ltr'><strong>tum</strong></span> <span class='ocrx_word' id='word_1_267' title='bbox 1202 2314 1506 2386; x_wconf 86' lang='lat' dir='ltr'><strong>periculum</strong></span> <span class='ocrx_word' id='word_1_268' title='bbox 1537 2315 1782 2381; x_wconf 86' lang='lat' dir='ltr'><strong>domino,</strong></span> <span class='ocrx_word' id='word_1_269' title='bbox 1823 2315 1877 2368; x_wconf 92' lang='lat' dir='ltr'><strong>in</strong></span> <span class='ocrx_word' id='word_1_270' title='bbox 1911 2328 2066 2382; x_wconf 86' lang='lat' dir='ltr'><strong>rega-</strong></span> 
     </span>
    </p>
   </div>
   <div class='ocr_carea' id='block_1_40' title="bbox 491 2405 2066 2479">
    <p class='ocr_par' dir='ltr' id='par_1_40' title="bbox 491 2405 2066 2479">
     <span class='ocr_line' id='line_1_40' title="bbox 491 2405 2066 2479; baseline -0.003 -12"><span class='ocrx_word' id='word_1_271' title='bbox 491 2416 570 2469; x_wconf 89' lang='lat' dir='ltr'><strong>les</strong></span> <span class='ocrx_word' id='word_1_272' title='bbox 604 2421 810 2468; x_wconf 81' lang='lat' dir='ltr'><strong>temere</strong></span> <span class='ocrx_word' id='word_1_273' title='bbox 856 2408 1119 2479; x_wconf 77' lang='lat' dir='ltr'><strong>pecunias</strong></span> <span class='ocrx_word' id='word_1_274' title='bbox 1177 2407 1513 2473; x_wconf 85' lang='lat' dir='ltr'><strong>iniuvolans,</strong></span> <span class='ocrx_word' id='word_1_275' title='bbox 1559 2407 1836 2462; x_wconf 85' lang='lat' dir='ltr'><strong>asciturus</strong></span> <span class='ocrx_word' id='word_1_276' title='bbox 1867 2405 2066 2462; x_wconf 80' lang='lat' dir='ltr'><strong>fuisti?</strong></span> 
     </span>
    </p>
   </div>
   <div class='ocr_carea' id='block_1_41' title="bbox 490 2496 2085 2577">
    <p class='ocr_par' dir='ltr' id='par_1_41' title="bbox 490 2496 2085 2577">
     <span class='ocr_line' id='line_1_41' title="bbox 490 2496 2085 2577; baseline -0.003 -19"><span class='ocrx_word' id='word_1_277' title='bbox 490 2501 649 2558; x_wconf 80' lang='lat' dir='ltr'><strong>Nunc</strong></span> <span class='ocrx_word' id='word_1_278' title='bbox 665 2508 847 2556; x_wconf 87' lang='lat' dir='ltr'><strong>autem</strong></span> <span class='ocrx_word' id='word_1_279' title='bbox 875 2501 1058 2553; x_wconf 86' lang='lat' dir='ltr'><strong>statim</strong></span> <span class='ocrx_word' id='word_1_280' title='bbox 1085 2496 1296 2564; x_wconf 85' lang='lat' dir='ltr'><strong>abiens,</strong></span> <span class='ocrx_word' id='word_1_281' title='bbox 1325 2496 1393 2551; x_wconf 87' lang='lat' dir='ltr'><strong>ad</strong></span> <span class='ocrx_word' id='word_1_282' title='bbox 1416 2510 1515 2552; x_wconf 88' lang='lat' dir='ltr'><strong>nos</strong></span> <span class='ocrx_word' id='word_1_283' title='bbox 1539 2513 1734 2552; x_wconf 89' lang='lat' dir='ltr'><strong>aurum</strong></span> <span class='ocrx_word' id='word_1_284' title='bbox 1750 2496 1903 2553; x_wconf 87' lang='lat' dir='ltr'><strong>defer</strong></span> <span class='ocrx_word' id='word_1_285' title='bbox 1917 2499 2085 2577; x_wconf 84' lang='lat' dir='ltr'><strong>quod_</strong></span> 
     </span>
    </p>
   </div>
   <div class='ocr_carea' id='block_1_42' title="bbox 495 2587 2063 2659">
    <p class='ocr_par' dir='ltr' id='par_1_42' title="bbox 495 2587 2063 2659">
     <span class='ocr_line' id='line_1_42' title="bbox 495 2587 2063 2659; baseline -0.002 -11"><span class='ocrx_word' id='word_1_286' title='bbox 495 2605 653 2649; x_wconf 77' lang='lat' dir='ltr'><strong>terra:</strong></span> <span class='ocrx_word' id='word_1_287' title='bbox 690 2589 958 2650; x_wconf 86' lang='lat' dir='ltr'><strong>infodisti.</strong></span> <span class='ocrx_word' id='word_1_288' title='bbox 995 2587 1265 2658; x_wconf 86' lang='lat' dir='ltr'><strong>siquidem</strong></span> <span class='ocrx_word' id='word_1_289' title='bbox 1301 2587 1729 2642; x_wconf 81' lang='lat' dir='ltr'><strong>misericordiam</strong></span> <span class='ocrx_word' id='word_1_290' title='bbox 1773 2597 1939 2659; x_wconf 85' lang='lat' dir='ltr'><strong>atque</strong></span> <span class='ocrx_word' id='word_1_291' title='bbox 1970 2603 2063 2645; x_wconf 88' lang='lat' dir='ltr'><strong>ve-</strong></span> 
     </span>
    </p>
   </div>
   <div class='ocr_carea' id='block_1_43' title="bbox 492 2677 2062 2751">
    <p class='ocr_par' dir='ltr' id='par_1_43' title="bbox 492 2677 2062 2751">
     <span class='ocr_line' id='line_1_43' title="bbox 492 2677 2062 2751; baseline -0.004 -11"><span class='ocrx_word' id='word_1_292' title='bbox 492 2686 636 2740; x_wconf 72' lang='lat' dir='ltr'><strong>niam</strong></span> <span class='ocrx_word' id='word_1_293' title='bbox 667 2681 931 2751; x_wconf 87' lang='lat' dir='ltr'><strong>consequi</strong></span> <span class='ocrx_word' id='word_1_294' title='bbox 963 2680 1140 2749; x_wconf 83' lang='lat' dir='ltr'><strong>cupis.</strong></span> <span class='ocrx_word' id='word_1_295' title='bbox 1180 2697 1200 2731; x_wconf 74' lang='grc' dir='ltr'><strong>ι</strong></span> <span class='ocrx_word' id='word_1_296' title='bbox 1234 2679 1460 2734; x_wconf 82' lang='lat' dir='ltr'><strong>Audivit</strong></span> <span class='ocrx_word' id='word_1_297' title='bbox 1511 2677 1626 2743; x_wconf 88' lang='lat' dir='ltr'><strong>ille,</strong></span> <span class='ocrx_word' id='word_1_298' title='bbox 1679 2692 1745 2734; x_wconf 87' lang='lat' dir='ltr'><strong>ac</strong></span> <span class='ocrx_word' id='word_1_299' title='bbox 1804 2690 2062 2749; x_wconf 80' lang='lat' dir='ltr'><strong>tanquam</strong></span> 
     </span>
    </p>
   </div>
   <div class='ocr_carea' id='block_1_44' title="bbox 491 2756 2064 2846">
    <p class='ocr_par' dir='ltr' id='par_1_44' title="bbox 491 2756 2064 2846">
     <span class='ocr_line' id='line_1_44' title="bbox 491 2756 2064 2846; baseline -0.004 -15"><span class='ocrx_word' id='word_1_300' title='bbox 491 2774 753 2846; x_wconf 83' lang='lat' dir='ltr'><strong>compede</strong></span> <span class='ocrx_word' id='word_1_301' title='bbox 777 2773 1060 2828; x_wconf 81' lang='lat' dir='ltr'><strong>revinctus</strong></span> <span class='ocrx_word' id='word_1_302' title='bbox 1076 2769 1342 2842; x_wconf 76' lang='lat' dir='ltr'><strong>linguam,</strong></span> <span class='ocrx_word' id='word_1_303' title='bbox 1370 2783 1475 2825; x_wconf 89' lang='lat' dir='ltr'><strong>nec</strong></span> <span class='ocrx_word' id='word_1_304' title='bbox 1493 2770 1717 2824; x_wconf 86' lang='lat' dir='ltr'><strong>omnino</strong></span> <span class='ocrx_word' id='word_1_305' title='bbox 1737 2756 1893 2824; x_wconf 87' lang='lat' dir='ltr'><strong>valen</strong></span> <span class='ocrx_word' id='word_1_306' title='bbox 1927 2784 2064 2825; x_wconf 86' lang='lat' dir='ltr'><strong>con-</strong></span> 
     </span>
    </p>
   </div>
   <div class='ocr_carea' id='block_1_45' title="bbox 490 2863 2063 2931">
    <p class='ocr_par' dir='ltr' id='par_1_45' title="bbox 490 2863 2063 2931">
     <span class='ocr_line' id='line_1_45' title="bbox 490 2863 2063 2931; baseline -0.004 -7"><span class='ocrx_word' id='word_1_307' title='bbox 490 2867 780 2929; x_wconf 79' lang='lat' dir='ltr'><strong>tradicere,</strong></span> <span class='ocrx_word' id='word_1_308' title='bbox 798 2874 857 2919; x_wconf 91' lang='lat' dir='ltr'><strong>ut</strong></span> <span class='ocrx_word' id='word_1_309' title='bbox 901 2863 990 2919; x_wconf 90' lang='lat' dir='ltr'><strong>eui</strong></span> <span class='ocrx_word' id='word_1_310' title='bbox 1028 2863 1363 2919; x_wconf 88' lang='lat' dir='ltr'><strong>conscientia</strong></span> <span class='ocrx_word' id='word_1_311' title='bbox 1383 2863 1592 2917; x_wconf 88' lang='lat' dir='ltr'><strong>crimen</strong></span> <span class='ocrx_word' id='word_1_312' title='bbox 1642 2871 2063 2931; x_wconf 88' lang='lat' dir='ltr'><strong>contestaretur,</strong></span> 
     </span>
    </p>
   </div>
   <div class='ocr_carea' id='block_1_46' title="bbox 492 2948 2067 3026">
    <p class='ocr_par' dir='ltr' id='par_1_46' title="bbox 492 2948 2067 3026">
     <span class='ocr_line' id='line_1_46' title="bbox 492 2948 2067 3026; baseline -0.004 -11"><span class='ocrx_word' id='word_1_313' title='bbox 492 2948 837 3015; x_wconf 85' lang='lat' dir='ltr'><strong>tenebrarum</strong></span> <span class='ocrx_word' id='word_1_314' title='bbox 859 2970 997 3026; x_wconf 83' lang='lat' dir='ltr'><strong>opus</strong></span> <span class='ocrx_word' id='word_1_315' title='bbox 1026 2954 1357 3025; x_wconf 57' lang='lat' dir='ltr'><strong>paenitentia</strong></span> <span class='ocrx_word' id='word_1_316' title='bbox 1376 2954 1495 3010; x_wconf 88' lang='lat' dir='ltr'><strong>luce</strong></span> <span class='ocrx_word' id='word_1_317' title='bbox 1516 2954 1807 3011; x_wconf 88' lang='lat' dir='ltr'><strong>emendare</strong></span> <span class='ocrx_word' id='word_1_318' title='bbox 1839 2964 2067 3010; x_wconf 89' lang='lat' dir='ltr'><strong>conten-</strong></span> 
     </span>
    </p>
   </div>
   <div class='ocr_carea' id='block_1_47' title="bbox 492 3046 2063 3119">
    <p class='ocr_par' dir='ltr' id='par_1_47' title="bbox 492 3046 2063 3119">
     <span class='ocr_line' id='line_1_47' title="bbox 492 3046 2063 3119; baseline -0.002 -14"><span class='ocrx_word' id='word_1_319' title='bbox 492 3050 593 3117; x_wconf 88' lang='lat' dir='ltr'><strong>dit,</strong></span> <span class='ocrx_word' id='word_1_320' title='bbox 631 3063 869 3119; x_wconf 70' lang='lat' dir='ltr'><strong>moxque</strong></span> <span class='ocrx_word' id='word_1_321' title='bbox 903 3046 1211 3116; x_wconf 80' lang='lat' dir='ltr'><strong>procidens,</strong></span> <span class='ocrx_word' id='word_1_322' title='bbox 1246 3055 1468 3103; x_wconf 83' lang='lat' dir='ltr'><strong>sanctos</strong></span> <span class='ocrx_word' id='word_1_323' title='bbox 1497 3046 1847 3116; x_wconf 86' lang='lat' dir='ltr'><strong>contingebat</strong></span> <span class='ocrx_word' id='word_1_324' title='bbox 1875 3047 2063 3117; x_wconf 88' lang='lat' dir='ltr'><strong>pedes,</strong></span> 
     </span>
    </p>
   </div>
   <div class='ocr_carea' id='block_1_48' title="bbox 489 3136 2060 3197">
    <p class='ocr_par' dir='ltr' id='par_1_48' title="bbox 489 3136 2060 3197">
     <span class='ocr_line' id='line_1_48' title="bbox 489 3136 2060 3197; baseline -0.001 -4"><span class='ocrx_word' id='word_1_325' title='bbox 489 3144 638 3197; x_wconf 78' lang='lat' dir='ltr'><strong>velut</strong></span> <span class='ocrx_word' id='word_1_326' title='bbox 668 3141 810 3194; x_wconf 91' lang='lat' dir='ltr'><strong>furto</strong></span> <span class='ocrx_word' id='word_1_327' title='bbox 830 3138 1060 3194; x_wconf 73' lang='lat' dir='ltr'><strong>fmdatas</strong></span> <span class='ocrx_word' id='word_1_328' title='bbox 1082 3152 1278 3194; x_wconf 87' lang='lat' dir='ltr'><strong>manus</strong></span> <span class='ocrx_word' id='word_1_329' title='bbox 1293 3137 1723 3193; x_wconf 88' lang='lat' dir='ltr'><strong>contrectatione</strong></span> <span class='ocrx_word' id='word_1_330' title='bbox 1740 3136 2060 3193; x_wconf 89' lang='lat' dir='ltr'><strong>mundaret:</strong></span> 
     </span>
    </p>
   </div>
   <div class='ocr_carea' id='block_1_49' title="bbox 490 3230 2063 3310">
    <p class='ocr_par' dir='ltr' id='par_1_49' title="bbox 490 3230 2063 3310">
     <span class='ocr_line' id='line_1_49' title="bbox 490 3230 2063 3310; baseline -0.003 -19"><span class='ocrx_word' id='word_1_331' title='bbox 490 3238 746 3310; x_wconf 81' lang='lat' dir='ltr'><strong>quodque</strong></span> <span class='ocrx_word' id='word_1_332' title='bbox 777 3235 917 3289; x_wconf 87' lang='lat' dir='ltr'><strong>male</strong></span> <span class='ocrx_word' id='word_1_333' title='bbox 943 3234 1299 3289; x_wconf 88' lang='lat' dir='ltr'><strong>commissum</strong></span> <span class='ocrx_word' id='word_1_334' title='bbox 1363 3239 1501 3293; x_wconf 89' lang='lat' dir='ltr'><strong>erat,</strong></span> <span class='ocrx_word' id='word_1_335' title='bbox 1553 3230 1937 3296; x_wconf 87' lang='lat' dir='ltr'><strong>confitebatur,</strong></span> <span class='ocrx_word' id='word_1_336' title='bbox 1999 3246 2063 3286; x_wconf 86' lang='lat' dir='ltr'><strong>ac</strong></span> 
     </span>
    </p>
   </div>
   <div class='ocr_carea' id='block_1_50' title="bbox 493 3325 2060 3393">
    <p class='ocr_par' dir='ltr' id='par_1_50' title="bbox 493 3325 2060 3393">
     <span class='ocr_line' id='line_1_50' title="bbox 493 3325 2060 3393; baseline -0.004 -8"><span class='ocrx_word' id='word_1_337' title='bbox 493 3330 705 3385; x_wconf 71' lang='lat' dir='ltr'><strong>veniam</strong></span> <span class='ocrx_word' id='word_1_338' title='bbox 746 3326 954 3381; x_wconf 77' lang='lat' dir='ltr'><strong>fervide</strong></span> <span class='ocrx_word' id='word_1_339' title='bbox 998 3325 1366 3392; x_wconf 85' lang='lat' dir='ltr'><strong>deposcebat;</strong></span> <span class='ocrx_word' id='word_1_340' title='bbox 1425 3337 1658 3393; x_wconf 81' lang='lat' dir='ltr'><strong>eamque</strong></span> <span class='ocrx_word' id='word_1_341' title='bbox 1708 3332 2060 3389; x_wconf 86' lang='lat' dir='ltr'><strong>consecutus,</strong></span> 
     </span>
    </p>
   </div>
   <div class='ocr_carea' id='block_1_51' title="bbox 488 3414 2062 3478">
    <p class='ocr_par' dir='ltr' id='par_1_51' title="bbox 488 3414 2062 3478">
     <span class='ocr_line' id='line_1_51' title="bbox 488 3414 2062 3478; baseline -0.004 -4"><span class='ocrx_word' id='word_1_342' title='bbox 488 3421 545 3475; x_wconf 87' lang='lat' dir='ltr'><strong>id</strong></span> <span class='ocrx_word' id='word_1_343' title='bbox 569 3419 716 3474; x_wconf 90' lang='lat' dir='ltr'><strong>enim</strong></span> <span class='ocrx_word' id='word_1_344' title='bbox 751 3418 895 3473; x_wconf 88' lang='lat' dir='ltr'><strong>illius</strong></span> <span class='ocrx_word' id='word_1_345' title='bbox 922 3416 1090 3471; x_wconf 89' lang='lat' dir='ltr'><strong>animi</strong></span> <span class='ocrx_word' id='word_1_346' title='bbox 1123 3425 1264 3478; x_wconf 86' lang='lat' dir='ltr'><strong>erat,</strong></span> <span class='ocrx_word' id='word_1_347' title='bbox 1296 3424 1356 3469; x_wconf 92' lang='lat' dir='ltr'><strong>ut</strong></span> <span class='ocrx_word' id='word_1_348' title='bbox 1383 3414 1582 3469; x_wconf 89' lang='lat' dir='ltr'><strong>nedum</strong></span> <span class='ocrx_word' id='word_1_349' title='bbox 1622 3414 1825 3470; x_wconf 88' lang='lat' dir='ltr'><strong>vulnus</strong></span> <span class='ocrx_word' id='word_1_350' title='bbox 1876 3423 2062 3470; x_wconf 84' lang='lat' dir='ltr'><strong>osten-</strong></span> 
     </span>
    </p>
   </div>
   <div class='ocr_carea' id='block_1_52' title="bbox 492 3506 2063 3578">
    <p class='ocr_par' dir='ltr' id='par_1_52' title="bbox 492 3506 2063 3578">
     <span class='ocr_line' id='line_1_52' title="bbox 492 3506 2063 3578; baseline -0.004 -13"><span class='ocrx_word' id='word_1_351' title='bbox 492 3514 665 3574; x_wconf 84' lang='lat' dir='ltr'><strong>deret,</strong></span> <span class='ocrx_word' id='word_1_352' title='bbox 695 3508 791 3565; x_wconf 90' lang='lat' dir='ltr'><strong>sed</strong></span> <span class='ocrx_word' id='word_1_353' title='bbox 832 3518 886 3564; x_wconf 92' lang='lat' dir='ltr'><strong>et</strong></span> <span class='ocrx_word' id='word_1_354' title='bbox 928 3522 1092 3578; x_wconf 89' lang='lat' dir='ltr'><strong>quam</strong></span> <span class='ocrx_word' id='word_1_355' title='bbox 1134 3507 1242 3562; x_wconf 89' lang='lat' dir='ltr'><strong>cito</strong></span> <span class='ocrx_word' id='word_1_356' title='bbox 1272 3506 1536 3561; x_wconf 89' lang='lat' dir='ltr'><strong>medelam</strong></span> <span class='ocrx_word' id='word_1_357' title='bbox 1572 3506 1861 3561; x_wconf 88' lang='lat' dir='ltr'><strong>adhiberet</strong></span> <span class='ocrx_word' id='word_1_358' title='bbox 1892 3522 1907 3562; x_wconf 94' lang='lat'><strong>:</strong></span> <span class='ocrx_word' id='word_1_359' title='bbox 1952 3506 2063 3561; x_wconf 91' lang='lat' dir='ltr'><strong>abit</strong></span> 
     </span>
    </p>
   </div>
   <div class='ocr_carea' id='block_1_53' title="bbox 493 3598 2063 3669">
    <p class='ocr_par' dir='ltr' id='par_1_53' title="bbox 493 3598 2063 3669">
     <span class='ocr_line' id='line_1_53' title="bbox 493 3598 2063 3669; baseline -0.004 -11"><span class='ocrx_word' id='word_1_360' title='bbox 493 3603 699 3667; x_wconf 90' lang='lat' dir='ltr'><strong>statim,</strong></span> <span class='ocrx_word' id='word_1_361' title='bbox 733 3616 799 3657; x_wconf 91' lang='lat' dir='ltr'><strong>ac</strong></span> <span class='ocrx_word' id='word_1_362' title='bbox 821 3602 924 3657; x_wconf 86' lang='lat' dir='ltr'><strong>sub</strong></span> <span class='ocrx_word' id='word_1_363' title='bbox 952 3600 1196 3655; x_wconf 91' lang='lat' dir='ltr'><strong>omnium</strong></span> <span class='ocrx_word' id='word_1_364' title='bbox 1231 3599 1428 3666; x_wconf 86' lang='lat' dir='ltr'><strong>oculis,</strong></span> <span class='ocrx_word' id='word_1_365' title='bbox 1454 3598 1711 3669; x_wconf 86' lang='lat' dir='ltr'><strong>sospitem</strong></span> <span class='ocrx_word' id='word_1_366' title='bbox 1748 3599 1867 3653; x_wconf 90' lang='lat' dir='ltr'><strong>auri</strong></span> <span class='ocrx_word' id='word_1_367' title='bbox 1914 3615 2063 3654; x_wconf 91' lang='lat' dir='ltr'><strong>sum-</strong></span> 
     </span>
    </p>
   </div>
   <div class='ocr_carea' id='block_1_54' title="bbox 398 3702 939 3765">
    <p class='ocr_par' dir='ltr' id='par_1_54' title="bbox 398 3702 939 3765">
     <span class='ocr_line' id='line_1_54' title="bbox 398 3702 939 3765; baseline -0.007 -15"><span class='ocrx_word' id='word_1_368' title='bbox 398 3721 410 3732; x_wconf 86' lang='lat'><strong>-</strong></span> <span class='ocrx_word' id='word_1_369' title='bbox 495 3711 638 3750; x_wconf 73' lang='lat' dir='ltr'><strong>utaut</strong></span> <span class='ocrx_word' id='word_1_370' title='bbox 670 3702 939 3765; x_wconf 83' lang='lat' dir='ltr'><strong>reportat.</strong></span> 
     </span>
    </p>
   </div>
   <div class='ocr_carea' id='block_1_55' title="bbox 560 3781 2063 3854">
    <p class='ocr_par' dir='ltr' id='par_1_55' title="bbox 560 3781 2063 3854">
     <span class='ocr_line' id='line_1_55' title="bbox 560 3781 2063 3854; baseline -0.003 -13"><span class='ocrx_word' id='word_1_371' title='bbox 560 3784 697 3841; x_wconf 89' lang='lat' dir='ltr'><strong>Cum</strong></span> <span class='ocrx_word' id='word_1_372' title='bbox 738 3792 920 3839; x_wconf 87' lang='lat' dir='ltr'><strong>autem</strong></span> <span class='ocrx_word' id='word_1_373' title='bbox 967 3798 1034 3837; x_wconf 91' lang='lat' dir='ltr'><strong>eo</strong></span> <span class='ocrx_word' id='word_1_374' title='bbox 1090 3781 1211 3837; x_wconf 90' lang='lat' dir='ltr'><strong>loco</strong></span> <span class='ocrx_word' id='word_1_375' title='bbox 1261 3782 1485 3845; x_wconf 86' lang='lat' dir='ltr'><strong>multas,</strong></span> <span class='ocrx_word' id='word_1_376' title='bbox 1510 3783 1578 3837; x_wconf 85' lang='lat' dir='ltr'><strong>ab</strong></span> <span class='ocrx_word' id='word_1_377' title='bbox 1601 3782 1668 3839; x_wconf 90' lang='lat' dir='ltr'><strong>iis</strong></span> <span class='ocrx_word' id='word_1_378' title='bbox 1729 3783 1823 3852; x_wconf 88' lang='lat' dir='ltr'><strong>qui</strong></span> <span class='ocrx_word' id='word_1_379' title='bbox 1880 3784 2063 3854; x_wconf 88' lang='lat' dir='ltr'><strong>plures</strong></span> 
     </span>
    </p>
   </div>
   <div class='ocr_carea' id='block_1_56' title="bbox 492 3872 2065 3947">
    <p class='ocr_par' dir='ltr' id='par_1_56' title="bbox 492 3872 2065 3947">
     <span class='ocr_line' id='line_1_56' title="bbox 492 3872 2065 3947; baseline 0 -18"><span class='ocrx_word' id='word_1_380' title='bbox 492 3875 736 3947; x_wconf 86' lang='lat' dir='ltr'><strong>quotidie</strong></span> <span class='ocrx_word' id='word_1_381' title='bbox 773 3874 1132 3939; x_wconf 86' lang='lat' dir='ltr'><strong>ventitabant,</strong></span> <span class='ocrx_word' id='word_1_382' title='bbox 1169 3883 1487 3943; x_wconf 79' lang='lat' dir='ltr'><strong>gratamque</strong></span> <span class='ocrx_word' id='word_1_383' title='bbox 1517 3872 1751 3943; x_wconf 90' lang='lat' dir='ltr'><strong>quietem</strong></span> <span class='ocrx_word' id='word_1_384' title='bbox 1801 3888 1865 3928; x_wconf 84' lang='lat' dir='ltr'><strong>ac</strong></span> <span class='ocrx_word' id='word_1_385' title='bbox 1914 3885 2065 3929; x_wconf 85' lang='lat' dir='ltr'><strong>trau-</strong></span> 
     </span>
    </p>
   </div>
   <div class='ocr_carea' id='block_1_57' title="bbox 493 3966 2066 4038">
    <p class='ocr_par' dir='ltr' id='par_1_57' title="bbox 493 3966 2066 4038">
     <span class='ocr_line' id='line_1_57' title="bbox 493 3966 2066 4038; baseline 0 -15"><span class='ocrx_word' id='word_1_386' title='bbox 493 3969 816 4038; x_wconf 84' lang='lat' dir='ltr'><strong>quillitatem</strong></span> <span class='ocrx_word' id='word_1_387' title='bbox 876 3966 1191 4033; x_wconf 88' lang='lat' dir='ltr'><strong>turbabant,</strong></span> <span class='ocrx_word' id='word_1_388' title='bbox 1260 3968 1537 4022; x_wconf 86' lang='lat' dir='ltr'><strong>molestias</strong></span> <span class='ocrx_word' id='word_1_389' title='bbox 1598 3966 1785 4032; x_wconf 88' lang='lat' dir='ltr'><strong>ferret,</strong></span> <span class='ocrx_word' id='word_1_390' title='bbox 1852 3970 2066 4025; x_wconf 88' lang='lat' dir='ltr'><strong>volebat</strong></span> 
     </span>
    </p>
   </div>
   <div class='ocr_carea' id='block_1_58' title="bbox 494 4058 2064 4132">
    <p class='ocr_par' dir='ltr' id='par_1_58' title="bbox 494 4058 2064 4132">
     <span class='ocr_line' id='line_1_58' title="bbox 494 4058 2064 4132; baseline 0 -17"><span class='ocrx_word' id='word_1_391' title='bbox 494 4062 713 4132; x_wconf 89' lang='lat' dir='ltr'><strong>quidem</strong></span> <span class='ocrx_word' id='word_1_392' title='bbox 744 4060 870 4114; x_wconf 90' lang='lat' dir='ltr'><strong>inde</strong></span> <span class='ocrx_word' id='word_1_393' title='bbox 896 4059 1172 4126; x_wconf 89' lang='lat' dir='ltr'><strong>recedere,</strong></span> <span class='ocrx_word' id='word_1_394' title='bbox 1197 4067 1362 4129; x_wconf 85' lang='lat' dir='ltr'><strong>atque</strong></span> <span class='ocrx_word' id='word_1_395' title='bbox 1387 4059 1452 4113; x_wconf 87' lang='lat' dir='ltr'><strong>ad</strong></span> <span class='ocrx_word' id='word_1_396' title='bbox 1480 4058 1595 4113; x_wconf 86' lang='lat' dir='ltr'><strong>loca</strong></span> <span class='ocrx_word' id='word_1_397' title='bbox 1616 4060 1790 4129; x_wconf 84' lang='lat' dir='ltr'><strong>ntagis</strong></span> <span class='ocrx_word' id='word_1_398' title='bbox 1819 4062 2064 4116; x_wconf 86' lang='lat' dir='ltr'><strong>solitaria</strong></span> 
     </span>
    </p>
   </div>
   <div class='ocr_carea' id='block_1_59' title="bbox 496 4148 2066 4223">
    <p class='ocr_par' dir='ltr' id='par_1_59' title="bbox 496 4148 2066 4223">
     <span class='ocr_line' id='line_1_59' title="bbox 496 4148 2066 4223; baseline -0.001 -16"><span class='ocrx_word' id='word_1_399' title='bbox 496 4153 750 4223; x_wconf 77' lang='lat' dir='ltr'><strong>migrare,</strong></span> <span class='ocrx_word' id='word_1_400' title='bbox 771 4150 913 4204; x_wconf 90' lang='lat' dir='ltr'><strong>haud</strong></span> <span class='ocrx_word' id='word_1_401' title='bbox 935 4158 1114 4204; x_wconf 90' lang='lat' dir='ltr'><strong>tamen</strong></span> <span class='ocrx_word' id='word_1_402' title='bbox 1144 4149 1210 4204; x_wconf 90' lang='lat' dir='ltr'><strong>iis</strong></span> <span class='ocrx_word' id='word_1_403' title='bbox 1237 4160 1294 4205; x_wconf 90' lang='lat' dir='ltr'><strong>se</strong></span> <span class='ocrx_word' id='word_1_404' title='bbox 1315 4148 1740 4217; x_wconf 78' lang='lat' dir='ltr'><strong>cogitationibus</strong></span> <span class='ocrx_word' id='word_1_405' title='bbox 1759 4152 2066 4221; x_wconf 82' lang='lat' dir='ltr'><strong>obsequen-</strong></span> 
     </span>
    </p>
   </div>
   <div class='ocr_carea' id='block_1_60' title="bbox 496 4238 2067 4311">
    <p class='ocr_par' dir='ltr' id='par_1_60' title="bbox 496 4238 2067 4311">
     <span class='ocr_line' id='line_1_60' title="bbox 496 4238 2067 4311; baseline 0.001 -13"><span class='ocrx_word' id='word_1_406' title='bbox 496 4246 689 4301; x_wconf 88' lang='lat' dir='ltr'><strong>tiorem</strong></span> <span class='ocrx_word' id='word_1_407' title='bbox 714 4240 1009 4311; x_wconf 67' lang='lat' dir='ltr'><strong>praebebat,</strong></span> <span class='ocrx_word' id='word_1_408' title='bbox 1026 4241 1118 4309; x_wconf 87' lang='lat' dir='ltr'><strong>qui</strong></span> <span class='ocrx_word' id='word_1_409' title='bbox 1144 4238 1377 4309; x_wconf 66' lang='lat' dir='ltr'><strong>propria:</strong></span> <span class='ocrx_word' id='word_1_410' title='bbox 1397 4240 1659 4294; x_wconf 88' lang='lat' dir='ltr'><strong>voluntati</strong></span> <span class='ocrx_word' id='word_1_411' title='bbox 1689 4244 2067 4299; x_wconf 87' lang='lat' dir='ltr'><strong>contradicere</strong></span> 
     </span>
    </p>
   </div>
   <div class='ocr_carea' id='block_1_61' title="bbox 494 4331 2067 4404">
    <p class='ocr_par' dir='ltr' id='par_1_61' title="bbox 494 4331 2067 4404">
     <span class='ocr_line' id='line_1_61' title="bbox 494 4331 2067 4404; baseline 0 -14"><span class='ocrx_word' id='word_1_412' title='bbox 494 4336 678 4399; x_wconf 88' lang='lat' dir='ltr'><strong>sciret,</strong></span> <span class='ocrx_word' id='word_1_413' title='bbox 711 4348 776 4386; x_wconf 89' lang='lat' dir='ltr'><strong>ac</strong></span> <span class='ocrx_word' id='word_1_414' title='bbox 808 4345 1090 4400; x_wconf 88' lang='lat' dir='ltr'><strong>nunquam</strong></span> <span class='ocrx_word' id='word_1_415' title='bbox 1123 4341 1328 4384; x_wconf 87' lang='lat' dir='ltr'><strong>temere</strong></span> <span class='ocrx_word' id='word_1_416' title='bbox 1347 4331 1683 4386; x_wconf 86' lang='lat' dir='ltr'><strong>consentire.</strong></span> <span class='ocrx_word' id='word_1_417' title='bbox 1716 4332 1908 4401; x_wconf 71' lang='lat' dir='ltr'><strong>Operm</strong></span> <span class='ocrx_word' id='word_1_418' title='bbox 1940 4351 2067 4404; x_wconf 83' lang='lat' dir='ltr'><strong>pre-</strong></span> 
     </span>
    </p>
   </div>
   <div class='ocr_carea' id='block_1_62' title="bbox 497 4420 2065 4493">
    <p class='ocr_par' dir='ltr' id='par_1_62' title="bbox 497 4420 2065 4493">
     <span class='ocr_line' id='line_1_62' title="bbox 497 4420 2065 4493; baseline 0.001 -12"><span class='ocrx_word' id='word_1_419' title='bbox 497 4428 633 4481; x_wconf 90' lang='lat' dir='ltr'><strong>tium</strong></span> <span class='ocrx_word' id='word_1_420' title='bbox 661 4437 793 4493; x_wconf 80' lang='lat' dir='ltr'><strong>ergo</strong></span> <span class='ocrx_word' id='word_1_421' title='bbox 818 4421 988 4484; x_wconf 80' lang='lat' dir='ltr'><strong>duxit,</strong></span> <span class='ocrx_word' id='word_1_422' title='bbox 1023 4431 1083 4476; x_wconf 92' lang='lat' dir='ltr'><strong>ut</strong></span> <span class='ocrx_word' id='word_1_423' title='bbox 1113 4420 1513 4476; x_wconf 85' lang='lat' dir='ltr'><strong>ministrantem</strong></span> <span class='ocrx_word' id='word_1_424' title='bbox 1571 4424 1898 4480; x_wconf 87' lang='lat' dir='ltr'><strong>monachum</strong></span> <span class='ocrx_word' id='word_1_425' title='bbox 1930 4425 2065 4483; x_wconf 56' lang='lat' dir='ltr'><strong>Ger.</strong></span> 
     </span>
    </p>
   </div>
   <div class='ocr_carea' id='block_1_63' title="bbox 2162 1956 3756 2028">
    <p class='ocr_par' dir='ltr' id='par_1_63' title="bbox 2162 1956 3756 2028">
     <span class='ocr_line' id='line_1_63' title="bbox 2162 1956 3756 2028; baseline -0.002 -18"><span class='ocrx_word' id='word_1_426' title='bbox 2162 1958 2378 2028; x_wconf 84' lang='grc' dir='ltr'>τρυφᾷν</span> <span class='ocrx_word' id='word_1_427' title='bbox 2424 1956 2703 2010; x_wconf 80' lang='grc' dir='ltr'>ἔσπευδον·</span> <span class='ocrx_word' id='word_1_428' title='bbox 2785 1958 2981 2028; x_wconf 82' lang='grc' dir='ltr'>διάρας</span> <span class='ocrx_word' id='word_1_429' title='bbox 3028 1959 3055 2010; x_wconf 82' lang='grc' dir='ltr'><strong><em>ὁ</em></strong></span> <span class='ocrx_word' id='word_1_430' title='bbox 3105 1957 3278 2027; x_wconf 85' lang='grc' dir='ltr'>μέγας</span> <span class='ocrx_word' id='word_1_431' title='bbox 3318 1957 3474 2024; x_wconf 80' lang='grc' dir='ltr'>ἄφνω</span> <span class='ocrx_word' id='word_1_432' title='bbox 3524 1956 3652 2018; x_wconf 77' lang='grc' dir='ltr'>τοὺς</span> <span class='ocrx_word' id='word_1_433' title='bbox 3700 1956 3756 2007; x_wconf 83' lang='grc' dir='ltr'>ό-</span> 
     </span>
    </p>
   </div>
   <div class='ocr_carea' id='block_1_64' title="bbox 2166 2045 3747 2117">
    <p class='ocr_par' dir='ltr' id='par_1_64' title="bbox 2166 2045 3747 2117">
     <span class='ocr_line' id='line_1_64' title="bbox 2166 2045 3747 2117; baseline -0.002 -18"><span class='ocrx_word' id='word_1_434' title='bbox 2166 2047 2469 2116; x_wconf 80' lang='grc' dir='ltr'>φθαλμοὺς,</span> <span class='ocrx_word' id='word_1_435' title='bbox 2526 2047 2620 2100; x_wconf 75' lang='grc' dir='ltr'>καὶ</span> <span class='ocrx_word' id='word_1_436' title='bbox 2671 2047 2927 2115; x_wconf 73' lang='grc' dir='ltr'>προσχὼν</span> <span class='ocrx_word' id='word_1_437' title='bbox 2970 2063 3075 2099; x_wconf 91' lang='grc' dir='ltr'>τινι</span> <span class='ocrx_word' id='word_1_438' title='bbox 3136 2045 3245 2097; x_wconf 85' lang='grc' dir='ltr'><strong>τῶν</strong></span> <span class='ocrx_word' id='word_1_439' title='bbox 3308 2045 3747 2117; x_wconf 79' lang='grc' dir='ltr'>παρισταμένων,</span> 
     </span>
    </p>
   </div>
   <div class='ocr_carea' id='block_1_65' title="bbox 2165 2136 3745 2208">
    <p class='ocr_par' dir='ltr' id='par_1_65' title="bbox 2165 2136 3745 2208">
     <span class='ocr_line' id='line_1_65' title="bbox 2165 2136 3745 2208; baseline -0.001 -17"><span class='ocrx_word' id='word_1_440' title='bbox 2165 2139 2355 2194; x_wconf 75' lang='grc' dir='ltr'>ἐκάλει</span> <span class='ocrx_word' id='word_1_441' title='bbox 2383 2156 2445 2192; x_wconf 89' lang='grc' dir='ltr'><strong>τε</strong></span> <span class='ocrx_word' id='word_1_442' title='bbox 2470 2137 2635 2191; x_wconf 76' lang='grc' dir='ltr'>αὑτὸν</span> <span class='ocrx_word' id='word_1_443' title='bbox 2671 2137 2732 2202; x_wconf 79' lang='grc' dir='ltr'><strong>ἐξ</strong></span> <span class='ocrx_word' id='word_1_444' title='bbox 2757 2139 3046 2208; x_wconf 70' lang='grc' dir='ltr'>όιὸματος,</span> <span class='ocrx_word' id='word_1_445' title='bbox 3077 2138 3170 2190; x_wconf 78' lang='grc' dir='ltr'><strong>καὶ</strong></span> <span class='ocrx_word' id='word_1_446' title='bbox 3226 2136 3580 2208; x_wconf 81' lang='grc' dir='ltr'>μετεκαλεῖτο</span> <span class='ocrx_word' id='word_1_447' title='bbox 3612 2138 3745 2207; x_wconf 70' lang='grc' dir='ltr'>πρὸς</span> 
     </span>
    </p>
   </div>
   <div class='ocr_carea' id='block_1_66' title="bbox 2165 2232 3752 2303">
    <p class='ocr_par' dir='ltr' id='par_1_66' title="bbox 2165 2232 3752 2303">
     <span class='ocr_line' id='line_1_66' title="bbox 2165 2232 3752 2303; baseline -0.004 -16"><span class='ocrx_word' id='word_1_448' title='bbox 2165 2234 2380 2288; x_wconf 81' lang='grc' dir='ltr'>ἑαυτόν.</span> <span class='ocrx_word' id='word_1_449' title='bbox 2410 2233 2514 2287; x_wconf 81' lang='grc' dir='ltr'><strong>Τὸν</strong></span> <span class='ocrx_word' id='word_1_450' title='bbox 2542 2232 2588 2285; x_wconf 85' lang='grc' dir='ltr'>δ’</span> <span class='ocrx_word' id='word_1_451' title='bbox 2612 2234 2735 2286; x_wconf 72' lang='grc' dir='ltr'>ἐπεὶ</span> <span class='ocrx_word' id='word_1_452' title='bbox 2770 2234 3018 2303; x_wconf 81' lang='grc' dir='ltr'>παρέστη</span> <span class='ocrx_word' id='word_1_453' title='bbox 3047 2233 3295 2303; x_wconf 82' lang='grc' dir='ltr'>πλησίον·</span> <span class='ocrx_word' id='word_1_454' title='bbox 3334 2252 3353 2283; x_wconf 75' lang='grc' dir='ltr'>ι</span> <span class='ocrx_word' id='word_1_455' title='bbox 3380 2233 3471 2287; x_wconf 83' lang='grc' dir='ltr'>ἵνα</span> <span class='ocrx_word' id='word_1_456' title='bbox 3494 2232 3569 2298; x_wconf 88' lang='grc' dir='ltr'><strong>τί,</strong></span> <span class='ocrx_word' id='word_1_457' title='bbox 3597 2232 3752 2303; x_wconf 68' lang='grc' dir='ltr'>φησὶ,</span> 
     </span>
    </p>
   </div>
   <div class='ocr_carea' id='block_1_67' title="bbox 2166 2321 3758 2397">
    <p class='ocr_par' dir='ltr' id='par_1_67' title="bbox 2166 2321 3758 2397">
     <span class='ocr_line' id='line_1_67' title="bbox 2166 2321 3758 2397; baseline -0.003 -18"><span class='ocrx_word' id='word_1_458' title='bbox 2166 2326 2304 2397; x_wconf 81' lang='grc' dir='ltr'>πρὸς</span> <span class='ocrx_word' id='word_1_459' title='bbox 2345 2326 2508 2379; x_wconf 83' lang='grc' dir='ltr'>αὑτὸν</span> <span class='ocrx_word' id='word_1_460' title='bbox 2543 2328 2572 2378; x_wconf 78' lang='grc' dir='ltr'><strong>ὁ</strong></span> <span class='ocrx_word' id='word_1_461' title='bbox 2599 2325 2837 2395; x_wconf 80' lang='grc' dir='ltr'>βλέπων,</span> <span class='ocrx_word' id='word_1_462' title='bbox 2899 2325 3116 2395; x_wconf 81' lang='grc' dir='ltr'>σεαυτῷ</span> <span class='ocrx_word' id='word_1_463' title='bbox 3171 2324 3424 2388; x_wconf 81' lang='grc' dir='ltr'>θάνατον,</span> <span class='ocrx_word' id='word_1_464' title='bbox 3452 2326 3549 2378; x_wconf 70' lang='grc' dir='ltr'><strong>καὶ</strong></span> <span class='ocrx_word' id='word_1_465' title='bbox 3570 2323 3650 2395; x_wconf 82' lang='grc' dir='ltr'>τῷ</span> <span class='ocrx_word' id='word_1_466' title='bbox 3676 2321 3758 2393; x_wconf 78' lang='grc' dir='ltr'>σῷ</span> 
     </span>
    </p>
   </div>
   <div class='ocr_carea' id='block_1_68' title="bbox 2166 2415 3757 2488">
    <p class='ocr_par' dir='ltr' id='par_1_68' title="bbox 2166 2415 3757 2488">
     <span class='ocr_line' id='line_1_68' title="bbox 2166 2415 3757 2488; baseline -0.001 -18"><span class='ocrx_word' id='word_1_467' title='bbox 2166 2418 2340 2488; x_wconf 89' lang='grc' dir='ltr'>κυρίῳ</span> <span class='ocrx_word' id='word_1_468' title='bbox 2368 2416 2614 2472; x_wconf 84' lang='grc' dir='ltr'>κίνδυνον</span> <span class='ocrx_word' id='word_1_469' title='bbox 2640 2415 2867 2487; x_wconf 74' lang='grc' dir='ltr'>ἔμελλες</span> <span class='ocrx_word' id='word_1_470' title='bbox 2898 2418 3204 2486; x_wconf 78' lang='grc' dir='ltr'>προξενεῖν,</span> <span class='ocrx_word' id='word_1_471' title='bbox 3236 2417 3539 2488; x_wconf 80' lang='grc' dir='ltr'>χρημάτων</span> <span class='ocrx_word' id='word_1_472' title='bbox 3577 2433 3757 2470; x_wconf 81' lang='grc' dir='ltr'>κατα-</span> 
     </span>
    </p>
   </div>
   <div class='ocr_carea' id='block_1_69' title="bbox 2164 2506 3756 2578">
    <p class='ocr_par' dir='ltr' id='par_1_69' title="bbox 2164 2506 3756 2578">
     <span class='ocr_line' id='line_1_69' title="bbox 2164 2506 3756 2578; baseline 0.001 -19"><span class='ocrx_word' id='word_1_473' title='bbox 2164 2507 2443 2578; x_wconf 85' lang='grc' dir='ltr'>τολμήσας</span> <span class='ocrx_word' id='word_1_474' title='bbox 2466 2506 2799 2577; x_wconf 86' lang='grc' dir='ltr'>βασιλικῶν;</span> <span class='ocrx_word' id='word_1_475' title='bbox 2835 2506 2972 2559; x_wconf 77' lang='grc' dir='ltr'><strong>ἀλλὰ</strong></span> <span class='ocrx_word' id='word_1_476' title='bbox 3004 2506 3066 2558; x_wconf 90' lang='grc' dir='ltr'><strong>σύ</strong></span> <span class='ocrx_word' id='word_1_477' title='bbox 3117 2523 3183 2573; x_wconf 86' lang='grc' dir='ltr'><strong>γε</strong></span> <span class='ocrx_word' id='word_1_478' title='bbox 3224 2508 3358 2578; x_wconf 66' lang='grc' dir='ltr'>πρὸς</span> <span class='ocrx_word' id='word_1_479' title='bbox 3389 2507 3555 2578; x_wconf 85' lang='grc' dir='ltr'>τάχος</span> <span class='ocrx_word' id='word_1_480' title='bbox 3581 2508 3756 2561; x_wconf 83' lang='grc' dir='ltr'>ἀπελ-</span> 
     </span>
    </p>
   </div>
   <div class='ocr_carea' id='block_1_70' title="bbox 2167 2597 3761 2670">
    <p class='ocr_par' dir='ltr' id='par_1_70' title="bbox 2167 2597 3761 2670">
     <span class='ocr_line' id='line_1_70' title="bbox 2167 2597 3761 2670; baseline 0.003 -20"><span class='ocrx_word' id='word_1_481' title='bbox 2167 2597 2299 2663; x_wconf 88' lang='grc' dir='ltr'>θὼν,</span> <span class='ocrx_word' id='word_1_482' title='bbox 2337 2598 2366 2650; x_wconf 84' lang='grc' dir='ltr'><strong>ὃ</strong></span> <span class='ocrx_word' id='word_1_483' title='bbox 2393 2597 2720 2667; x_wconf 79' lang='grc' dir='ltr'>κατώρυξας</span> <span class='ocrx_word' id='word_1_484' title='bbox 2765 2600 2991 2668; x_wconf 86' lang='grc' dir='ltr'>χρυσίον</span> <span class='ocrx_word' id='word_1_485' title='bbox 3022 2597 3097 2663; x_wconf 84' lang='grc' dir='ltr'>ὠς</span> <span class='ocrx_word' id='word_1_486' title='bbox 3149 2602 3298 2670; x_wconf 72' lang='grc' dir='ltr'>ἡμᾶς</span> <span class='ocrx_word' id='word_1_487' title='bbox 3330 2600 3546 2670; x_wconf 70' lang='grc' dir='ltr'>ἔνεγκε,</span> <span class='ocrx_word' id='word_1_488' title='bbox 3589 2602 3646 2655; x_wconf 84' lang='grc' dir='ltr'><strong>εί</strong></span> <span class='ocrx_word' id='word_1_489' title='bbox 3672 2619 3761 2656; x_wconf 86' lang='grc' dir='ltr'><strong>σοι</strong></span> 
     </span>
    </p>
   </div>
   <div class='ocr_carea' id='block_1_71' title="bbox 2168 2689 3758 2763">
    <p class='ocr_par' dir='ltr' id='par_1_71' title="bbox 2168 2689 3758 2763">
     <span class='ocr_line' id='line_1_71' title="bbox 2168 2689 3758 2763; baseline 0.001 -21"><span class='ocrx_word' id='word_1_490' title='bbox 2168 2691 2319 2759; x_wconf 75' lang='grc' dir='ltr'>μέλει</span> <span class='ocrx_word' id='word_1_491' title='bbox 2360 2689 2455 2743; x_wconf 72' lang='grc' dir='ltr'>καὶ</span> <span class='ocrx_word' id='word_1_492' title='bbox 2492 2690 2671 2743; x_wconf 78' lang='grc' dir='ltr'>οἴκτου</span> <span class='ocrx_word' id='word_1_493' title='bbox 2703 2692 2798 2742; x_wconf 77' lang='grc' dir='ltr'>καὶ</span> <span class='ocrx_word' id='word_1_494' title='bbox 2821 2691 3156 2761; x_wconf 73' lang='grc' dir='ltr'>συγγνώμης</span> <span class='ocrx_word' id='word_1_495' title='bbox 3182 2695 3391 2763; x_wconf 85' lang='grc' dir='ltr'>τυχεῖν.</span> <span class='ocrx_word' id='word_1_496' title='bbox 3430 2713 3447 2746; x_wconf 78' lang='grc' dir='ltr'>ι</span> <span class='ocrx_word' id='word_1_497' title='bbox 3479 2694 3758 2748; x_wconf 82' lang='grc' dir='ltr'>Ἤκουσεν</span> 
     </span>
    </p>
   </div>
   <div class='ocr_carea' id='block_1_72' title="bbox 2166 2780 3761 2858">
    <p class='ocr_par' dir='ltr' id='par_1_72' title="bbox 2166 2780 3761 2858">
     <span class='ocr_line' id='line_1_72' title="bbox 2166 2780 3761 2858; baseline 0.003 -22"><span class='ocrx_word' id='word_1_498' title='bbox 2166 2786 2395 2849; x_wconf 74' lang='grc' dir='ltr'>ἐκεῖνος,</span> <span class='ocrx_word' id='word_1_499' title='bbox 2428 2784 2519 2838; x_wconf 80' lang='grc' dir='ltr'>καὶ</span> <span class='ocrx_word' id='word_1_500' title='bbox 2567 2780 2658 2838; x_wconf 79' lang='grc' dir='ltr'>οἶα</span> <span class='ocrx_word' id='word_1_501' title='bbox 2686 2785 2824 2858; x_wconf 82' lang='grc' dir='ltr'><strong>πὲδῃ</strong></span> <span class='ocrx_word' id='word_1_502' title='bbox 2852 2784 2951 2854; x_wconf 79' lang='grc' dir='ltr'>τὴν</span> <span class='ocrx_word' id='word_1_503' title='bbox 2980 2785 3227 2853; x_wconf 86' lang='grc' dir='ltr'>γλῶτταν</span> <span class='ocrx_word' id='word_1_504' title='bbox 3266 2785 3465 2850; x_wconf 81' lang='grc' dir='ltr'>δεθεὶς,</span> <span class='ocrx_word' id='word_1_505' title='bbox 3505 2787 3601 2839; x_wconf 72' lang='grc' dir='ltr'><strong>καὶ</strong></span> <span class='ocrx_word' id='word_1_506' title='bbox 3631 2787 3761 2857; x_wconf 77' lang='grc' dir='ltr'>μηδ’</span> 
     </span>
    </p>
   </div>
   <div class='ocr_carea' id='block_1_73' title="bbox 2172 2875 3760 2949">
    <p class='ocr_par' dir='ltr' id='par_1_73' title="bbox 2172 2875 3760 2949">
     <span class='ocr_line' id='line_1_73' title="bbox 2172 2875 3760 2949; baseline -0.001 -19"><span class='ocrx_word' id='word_1_507' title='bbox 2172 2879 2451 2930; x_wconf 83' lang='grc' dir='ltr'>ἀντειπεῖν</span> <span class='ocrx_word' id='word_1_508' title='bbox 2475 2876 2611 2939; x_wconf 82' lang='grc' dir='ltr'>ὅλως</span> <span class='ocrx_word' id='word_1_509' title='bbox 2643 2875 2918 2947; x_wconf 72' lang='grc' dir='ltr'>δυνηθεὶς,</span> <span class='ocrx_word' id='word_1_510' title='bbox 2949 2877 3044 2930; x_wconf 83' lang='grc' dir='ltr'>ἆτε</span> <span class='ocrx_word' id='word_1_511' title='bbox 3094 2877 3189 2930; x_wconf 77' lang='grc' dir='ltr'><strong>καὶ</strong></span> <span class='ocrx_word' id='word_1_512' title='bbox 3230 2877 3292 2930; x_wconf 84' lang='grc' dir='ltr'><strong>τὸ</strong></span> <span class='ocrx_word' id='word_1_513' title='bbox 3321 2877 3556 2942; x_wconf 78' lang='grc' dir='ltr'>συνειδὸς</span> <span class='ocrx_word' id='word_1_514' title='bbox 3606 2877 3760 2949; x_wconf 77' lang='grc' dir='ltr'><strong>αύτῷ</strong></span> 
     </span>
    </p>
   </div>
   <div class='ocr_carea' id='block_1_74' title="bbox 2168 2967 3756 3040">
    <p class='ocr_par' dir='ltr' id='par_1_74' title="bbox 2168 2967 3756 3040">
     <span class='ocr_line' id='line_1_74' title="bbox 2168 2967 3756 3040; baseline 0.002 -19"><span class='ocrx_word' id='word_1_515' title='bbox 2168 2967 2602 3039; x_wconf 82' lang='grc' dir='ltr'>συμμαρτυροῦν</span> <span class='ocrx_word' id='word_1_516' title='bbox 2661 2968 2801 3039; x_wconf 74' lang='grc' dir='ltr'>ἔχων</span> <span class='ocrx_word' id='word_1_517' title='bbox 2862 2969 2957 3021; x_wconf 77' lang='grc' dir='ltr'><strong>καὶ</strong></span> <span class='ocrx_word' id='word_1_518' title='bbox 3007 2968 3494 3040; x_wconf 79' lang='grc' dir='ltr'>συμφθεγγόμενον</span> <span class='ocrx_word' id='word_1_519' title='bbox 3518 3010 3535 3037; x_wconf 89' lang='grc'><strong>,</strong></span> <span class='ocrx_word' id='word_1_520' title='bbox 3567 2970 3628 3024; x_wconf 76' lang='grc' dir='ltr'><strong>τὸ</strong></span> <span class='ocrx_word' id='word_1_521' title='bbox 3659 2971 3756 3024; x_wconf 79' lang='grc' dir='ltr'>τοῦ</span> 
     </span>
    </p>
   </div>
   <div class='ocr_carea' id='block_1_75' title="bbox 2168 3058 3755 3132">
    <p class='ocr_par' dir='ltr' id='par_1_75' title="bbox 2168 3058 3755 3132">
     <span class='ocr_line' id='line_1_75' title="bbox 2168 3058 3755 3132; baseline 0.002 -19"><span class='ocrx_word' id='word_1_522' title='bbox 2168 3061 2395 3123; x_wconf 83' lang='grc' dir='ltr'>σκότους</span> <span class='ocrx_word' id='word_1_523' title='bbox 2431 3058 2594 3132; x_wconf 76' lang='grc' dir='ltr'>ἔργον</span> <span class='ocrx_word' id='word_1_524' title='bbox 2639 3062 2783 3130; x_wconf 79' lang='grc' dir='ltr'>φωτὶ</span> <span class='ocrx_word' id='word_1_525' title='bbox 2837 3062 3131 3130; x_wconf 79' lang='grc' dir='ltr'>μετανοίας</span> <span class='ocrx_word' id='word_1_526' title='bbox 3198 3060 3448 3132; x_wconf 82' lang='grc' dir='ltr'>διορθοῦν</span> <span class='ocrx_word' id='word_1_527' title='bbox 3497 3062 3755 3117; x_wconf 69' lang='grc' dir='ltr'>ἔσπευδε·</span> 
     </span>
    </p>
   </div>
   <div class='ocr_carea' id='block_1_76' title="bbox 2167 3151 3758 3225">
    <p class='ocr_par' dir='ltr' id='par_1_76' title="bbox 2167 3151 3758 3225">
     <span class='ocr_line' id='line_1_76' title="bbox 2167 3151 3758 3225; baseline 0.001 -19"><span class='ocrx_word' id='word_1_528' title='bbox 2167 3153 2262 3206; x_wconf 80' lang='grc' dir='ltr'><strong>καὶ</strong></span> <span class='ocrx_word' id='word_1_529' title='bbox 2290 3151 2474 3206; x_wconf 85' lang='grc' dir='ltr'>πεσὼν</span> <span class='ocrx_word' id='word_1_530' title='bbox 2503 3152 2688 3217; x_wconf 80' lang='grc' dir='ltr'>εὐθὺς,</span> <span class='ocrx_word' id='word_1_531' title='bbox 2718 3153 2898 3205; x_wconf 84' lang='grc' dir='ltr'>ποδῶν</span> <span class='ocrx_word' id='word_1_532' title='bbox 2935 3154 3155 3223; x_wconf 78' lang='grc' dir='ltr'>ἥπτετο·</span> <span class='ocrx_word' id='word_1_533' title='bbox 3177 3154 3287 3207; x_wconf 86' lang='grc' dir='ltr'>τῶν</span> <span class='ocrx_word' id='word_1_534' title='bbox 3345 3155 3541 3224; x_wconf 83' lang='grc' dir='ltr'>ἁγίων,</span> <span class='ocrx_word' id='word_1_535' title='bbox 3566 3156 3758 3225; x_wconf 84' lang='grc' dir='ltr'>χεῖρας</span> 
     </span>
    </p>
   </div>
   <div class='ocr_carea' id='block_1_77' title="bbox 2169 3243 3759 3315">
    <p class='ocr_par' dir='ltr' id='par_1_77' title="bbox 2169 3243 3759 3315">
     <span class='ocr_line' id='line_1_77' title="bbox 2169 3243 3759 3315; baseline 0.003 -19"><span class='ocrx_word' id='word_1_536' title='bbox 2169 3243 2337 3297; x_wconf 77' lang='grc' dir='ltr'>οἱονεὶ</span> <span class='ocrx_word' id='word_1_537' title='bbox 2371 3243 2652 3314; x_wconf 81' lang='grc' dir='ltr'>καθαίρων</span> <span class='ocrx_word' id='word_1_538' title='bbox 2712 3244 2889 3315; x_wconf 83' lang='grc' dir='ltr'>κλοπῇ</span> <span class='ocrx_word' id='word_1_539' title='bbox 2929 3244 3318 3314; x_wconf 81' lang='grc' dir='ltr'>μολυνθείσας·</span> <span class='ocrx_word' id='word_1_540' title='bbox 3361 3247 3457 3299; x_wconf 79' lang='grc' dir='ltr'><strong>καὶ</strong></span> <span class='ocrx_word' id='word_1_541' title='bbox 3482 3246 3545 3299; x_wconf 81' lang='grc' dir='ltr'>τὸ</span> <span class='ocrx_word' id='word_1_542' title='bbox 3565 3246 3759 3309; x_wconf 82' lang='grc' dir='ltr'>κακῶς</span> 
     </span>
    </p>
   </div>
   <div class='ocr_carea' id='block_1_78' title="bbox 2170 3333 3758 3409">
    <p class='ocr_par' dir='ltr' id='par_1_78' title="bbox 2170 3333 3758 3409">
     <span class='ocr_line' id='line_1_78' title="bbox 2170 3333 3758 3409; baseline 0.003 -24"><span class='ocrx_word' id='word_1_543' title='bbox 2170 3333 2416 3404; x_wconf 78' lang='grc' dir='ltr'>πραχθὲν</span> <span class='ocrx_word' id='word_1_544' title='bbox 2482 3333 2898 3402; x_wconf 76' lang='grc' dir='ltr'>ἐξωμολογεῖτο,</span> <span class='ocrx_word' id='word_1_545' title='bbox 2968 3334 3065 3387; x_wconf 65' lang='grc' dir='ltr'><strong>καλ⁵</strong></span> <span class='ocrx_word' id='word_1_546' title='bbox 3149 3334 3488 3405; x_wconf 81' lang='grc' dir='ltr'>συγγνώμην</span> <span class='ocrx_word' id='word_1_547' title='bbox 3535 3335 3758 3409; x_wconf 83' lang='grc' dir='ltr'>θερμῶς</span> 
     </span>
    </p>
   </div>
   <div class='ocr_carea' id='block_1_79' title="bbox 2170 3419 3756 3501">
    <p class='ocr_par' dir='ltr' id='par_1_79' title="bbox 2170 3419 3756 3501">
     <span class='ocr_line' id='line_1_79' title="bbox 2170 3419 3756 3501; baseline 0.003 -23"><span class='ocrx_word' id='word_1_548' title='bbox 2170 3427 2370 3496; x_wconf 74' lang='grc' dir='ltr'>ᾐτεῖτο·</span> <span class='ocrx_word' id='word_1_549' title='bbox 2400 3419 2467 3496; x_wconf 82' lang='grc' dir='ltr'>ἦς</span> <span class='ocrx_word' id='word_1_550' title='bbox 2498 3425 2594 3479; x_wconf 77' lang='grc' dir='ltr'>καὶ</span> <span class='ocrx_word' id='word_1_551' title='bbox 2614 3424 2813 3497; x_wconf 83' lang='grc' dir='ltr'>τυχών·</span> <span class='ocrx_word' id='word_1_552' title='bbox 2837 3425 3002 3480; x_wconf 83' lang='grc' dir='ltr'>τοῦτο</span> <span class='ocrx_word' id='word_1_553' title='bbox 3036 3428 3144 3498; x_wconf 71' lang='grc' dir='ltr'><strong>γὰρ</strong></span> <span class='ocrx_word' id='word_1_554' title='bbox 3176 3427 3277 3497; x_wconf 83' lang='grc' dir='ltr'>τῆς</span> <span class='ocrx_word' id='word_1_555' title='bbox 3303 3428 3518 3482; x_wconf 78' lang='grc' dir='ltr'>ἐκείνου</span> <span class='ocrx_word' id='word_1_556' title='bbox 3550 3430 3756 3501; x_wconf 64' lang='grc' dir='ltr'>ψυχῆς,</span> 
     </span>
    </p>
   </div>
   <div class='ocr_carea' id='block_1_80' title="bbox 2172 3518 3759 3594">
    <p class='ocr_par' dir='ltr' id='par_1_80' title="bbox 2172 3518 3759 3594">
     <span class='ocr_line' id='line_1_80' title="bbox 2172 3518 3759 3594; baseline 0.003 -22"><span class='ocrx_word' id='word_1_557' title='bbox 2172 3521 2258 3572; x_wconf 76' lang='grc' dir='ltr'>ἵνα</span> <span class='ocrx_word' id='word_1_558' title='bbox 2297 3518 2373 3588; x_wconf 82' lang='grc' dir='ltr'>μὴ</span> <span class='ocrx_word' id='word_1_559' title='bbox 2399 3519 2496 3589; x_wconf 80' lang='grc' dir='ltr'>τὴν</span> <span class='ocrx_word' id='word_1_560' title='bbox 2539 3518 2756 3590; x_wconf 81' lang='grc' dir='ltr'>πληγὴν</span> <span class='ocrx_word' id='word_1_561' title='bbox 2777 3519 2925 3591; x_wconf 80' lang='grc' dir='ltr'>δείξῃ</span> <span class='ocrx_word' id='word_1_562' title='bbox 2959 3523 3140 3589; x_wconf 85' lang='grc' dir='ltr'>μόνον,</span> <span class='ocrx_word' id='word_1_563' title='bbox 3166 3519 3303 3574; x_wconf 79' lang='grc' dir='ltr'>ἀλλὰ</span> <span class='ocrx_word' id='word_1_564' title='bbox 3333 3522 3427 3574; x_wconf 76' lang='grc' dir='ltr'>καὶ</span> <span class='ocrx_word' id='word_1_565' title='bbox 3448 3522 3545 3594; x_wconf 79' lang='grc' dir='ltr'>τὴν</span> <span class='ocrx_word' id='word_1_566' title='bbox 3596 3522 3759 3594; x_wconf 84' lang='grc' dir='ltr'>θερα-</span> 
     </span>
    </p>
   </div>
   <div class='ocr_carea' id='block_1_81' title="bbox 2172 3608 3756 3683">
    <p class='ocr_par' dir='ltr' id='par_1_81' title="bbox 2172 3608 3756 3683">
     <span class='ocr_line' id='line_1_81' title="bbox 2172 3608 3756 3683; baseline 0.004 -23"><span class='ocrx_word' id='word_1_567' title='bbox 2172 3610 2330 3661; x_wconf 88' lang='grc' dir='ltr'>πείαν</span> <span class='ocrx_word' id='word_1_568' title='bbox 2361 3610 2436 3672; x_wconf 85' lang='grc' dir='ltr'>ὡς</span> <span class='ocrx_word' id='word_1_569' title='bbox 2486 3609 2648 3680; x_wconf 86' lang='grc' dir='ltr'>τάχος</span> <span class='ocrx_word' id='word_1_570' title='bbox 2678 3608 2873 3680; x_wconf 76' lang='grc' dir='ltr'><strong>ὀρέξῃ’</strong></span> <span class='ocrx_word' id='word_1_571' title='bbox 2910 3611 3128 3665; x_wconf 77' lang='grc' dir='ltr'>ἄπεισιν</span> <span class='ocrx_word' id='word_1_572' title='bbox 3161 3611 3382 3674; x_wconf 80' lang='grc' dir='ltr'>εὐθέως·</span> <span class='ocrx_word' id='word_1_573' title='bbox 3417 3617 3511 3666; x_wconf 74' lang='grc' dir='ltr'>καὶ</span> <span class='ocrx_word' id='word_1_574' title='bbox 3537 3612 3597 3666; x_wconf 82' lang='grc' dir='ltr'>τὸ</span> <span class='ocrx_word' id='word_1_575' title='bbox 3621 3629 3756 3683; x_wconf 87' lang='grc' dir='ltr'>χρυ-</span> 
     </span>
    </p>
   </div>
   <div class='ocr_carea' id='block_1_82' title="bbox 2172 3702 3747 3776">
    <p class='ocr_par' dir='ltr' id='par_1_82' title="bbox 2172 3702 3747 3776">
     <span class='ocr_line' id='line_1_82' title="bbox 2172 3702 3747 3776; baseline 0.003 -21"><span class='ocrx_word' id='word_1_576' title='bbox 2172 3702 2284 3755; x_wconf 86' lang='grc' dir='ltr'>σίον</span> <span class='ocrx_word' id='word_1_577' title='bbox 2314 3702 2419 3756; x_wconf 82' lang='grc' dir='ltr'><strong>ὑπὸ</strong></span> <span class='ocrx_word' id='word_1_578' title='bbox 2457 3704 2620 3758; x_wconf 72' lang='grc' dir='ltr'>πᾶσιν</span> <span class='ocrx_word' id='word_1_579' title='bbox 2642 3702 2939 3773; x_wconf 78' lang='grc' dir='ltr'>ὀφθαλμοῖς</span> <span class='ocrx_word' id='word_1_580' title='bbox 2960 3704 3128 3776; x_wconf 74' lang='grc' dir='ltr'>ὁρῶσι</span> <span class='ocrx_word' id='word_1_581' title='bbox 3153 3744 3169 3768; x_wconf 84' lang='grc'><strong>,</strong></span> <span class='ocrx_word' id='word_1_582' title='bbox 3196 3704 3332 3759; x_wconf 84' lang='grc' dir='ltr'>σῶον</span> <span class='ocrx_word' id='word_1_583' title='bbox 3373 3704 3747 3775; x_wconf 76' lang='grc' dir='ltr'>μετακομίζει.</span> 
     </span>
    </p>
   </div>
   <div class='ocr_carea' id='block_1_83' title="bbox 2248 3793 3751 3866">
    <p class='ocr_par' dir='ltr' id='par_1_83' title="bbox 2248 3793 3751 3866">
     <span class='ocr_line' id='line_1_83' title="bbox 2248 3793 3751 3866; baseline 0.003 -20"><span class='ocrx_word' id='word_1_584' title='bbox 2248 3794 2456 3857; x_wconf 76' lang='grc' dir='ltr'>Πολλὰς</span> <span class='ocrx_word' id='word_1_585' title='bbox 2490 3793 2547 3847; x_wconf 80' lang='grc' dir='ltr'>δὲ</span> <span class='ocrx_word' id='word_1_586' title='bbox 2576 3793 2673 3857; x_wconf 85' lang='grc' dir='ltr'><strong>τὰς</strong></span> <span class='ocrx_word' id='word_1_587' title='bbox 2706 3794 2766 3847; x_wconf 72' lang='grc' dir='ltr'>ἐν</span> <span class='ocrx_word' id='word_1_588' title='bbox 2787 3795 2982 3863; x_wconf 71' lang='grc' dir='ltr'>ἐκείνῳ</span> <span class='ocrx_word' id='word_1_589' title='bbox 2999 3793 3077 3864; x_wconf 85' lang='grc' dir='ltr'>τῷ</span> <span class='ocrx_word' id='word_1_590' title='bbox 3103 3794 3254 3864; x_wconf 84' lang='grc' dir='ltr'>τόπῳ</span> <span class='ocrx_word' id='word_1_591' title='bbox 3279 3796 3461 3866; x_wconf 77' lang='grc' dir='ltr'>φέρων</span> <span class='ocrx_word' id='word_1_592' title='bbox 3484 3794 3751 3866; x_wconf 72' lang='grc' dir='ltr'>ὀχλήσεις.</span> 
     </span>
    </p>
   </div>
   <div class='ocr_carea' id='block_1_84' title="bbox 2170 3882 3756 3959">
    <p class='ocr_par' dir='ltr' id='par_1_84' title="bbox 2170 3882 3756 3959">
     <span class='ocr_line' id='line_1_84' title="bbox 2170 3882 3756 3959; baseline 0.001 -18"><span class='ocrx_word' id='word_1_593' title='bbox 2170 3888 2259 3941; x_wconf 70' lang='grc' dir='ltr'>διὰ</span> <span class='ocrx_word' id='word_1_594' title='bbox 2281 3887 2341 3942; x_wconf 74' lang='grc' dir='ltr'>τὸ</span> <span class='ocrx_word' id='word_1_595' title='bbox 2394 3888 2490 3941; x_wconf 69' lang='grc' dir='ltr'><strong>καὶ</strong></span> <span class='ocrx_word' id='word_1_596' title='bbox 2511 3886 2744 3949; x_wconf 75' lang='grc' dir='ltr'>πολλοὺς</span> <span class='ocrx_word' id='word_1_597' title='bbox 2782 3882 2926 3940; x_wconf 75' lang='grc' dir='ltr'>εἶναι</span> <span class='ocrx_word' id='word_1_598' title='bbox 2972 3887 3099 3950; x_wconf 81' lang='grc' dir='ltr'>τοὺς</span> <span class='ocrx_word' id='word_1_599' title='bbox 3130 3886 3401 3959; x_wconf 78' lang='grc' dir='ltr'>ὁσημέραι</span> <span class='ocrx_word' id='word_1_600' title='bbox 3428 3889 3756 3958; x_wconf 85' lang='grc' dir='ltr'>φοιτῶντας,</span> 
     </span>
    </p>
   </div>
   <div class='ocr_carea' id='block_1_85' title="bbox 2171 3976 3758 4052">
    <p class='ocr_par' dir='ltr' id='par_1_85' title="bbox 2171 3976 3758 4052">
     <span class='ocr_line' id='line_1_85' title="bbox 2171 3976 3758 4052; baseline -0.001 -16"><span class='ocrx_word' id='word_1_601' title='bbox 2171 3979 2350 4036; x_wconf 80' lang='grc' dir='ltr'>καὶτὸ</span> <span class='ocrx_word' id='word_1_602' title='bbox 2381 3979 2676 4052; x_wconf 86' lang='grc' dir='ltr'>φιλήσυχον</span> <span class='ocrx_word' id='word_1_603' title='bbox 2703 3979 2852 4050; x_wconf 83' lang='grc' dir='ltr'><strong>αὐτῷ</strong></span> <span class='ocrx_word' id='word_1_604' title='bbox 2881 3981 2975 4033; x_wconf 76' lang='grc' dir='ltr'><strong>καὶ</strong></span> <span class='ocrx_word' id='word_1_605' title='bbox 3024 3976 3256 4050; x_wconf 73' lang='grc' dir='ltr'>γαληνὸν</span> <span class='ocrx_word' id='word_1_606' title='bbox 3285 3980 3718 4051; x_wconf 77' lang='grc' dir='ltr'>ὑποφθείροντας</span> <span class='ocrx_word' id='word_1_607' title='bbox 3741 3995 3758 4009; x_wconf 80' lang='grc'><strong><em>⁸</em></strong></span> 
     </span>
    </p>
   </div>
   <div class='ocr_carea' id='block_1_86' title="bbox 2172 4072 3760 4145">
    <p class='ocr_par' dir='ltr' id='par_1_86' title="bbox 2172 4072 3760 4145">
     <span class='ocr_line' id='line_1_86' title="bbox 2172 4072 3760 4145; baseline -0.001 -17"><span class='ocrx_word' id='word_1_608' title='bbox 2172 4074 2426 4128; x_wconf 80' lang='grc' dir='ltr'>ἐϐούλετο</span> <span class='ocrx_word' id='word_1_609' title='bbox 2476 4073 2576 4142; x_wconf 81' lang='grc' dir='ltr'>μὲν</span> <span class='ocrx_word' id='word_1_610' title='bbox 2605 4072 2815 4125; x_wconf 68' lang='grc' dir='ltr'>ἐκεῖθεν</span> <span class='ocrx_word' id='word_1_611' title='bbox 2842 4074 3174 4143; x_wconf 80' lang='grc' dir='ltr'>ἀναχωρεῖν,</span> <span class='ocrx_word' id='word_1_612' title='bbox 3215 4072 3313 4126; x_wconf 63' lang='grc' dir='ltr'><strong>καὶ</strong></span> <span class='ocrx_word' id='word_1_613' title='bbox 3361 4075 3501 4144; x_wconf 83' lang='grc' dir='ltr'>πρὸς</span> <span class='ocrx_word' id='word_1_614' title='bbox 3553 4077 3760 4145; x_wconf 69' lang='grc' dir='ltr'>ὲρημιο</span> 
     </span>
    </p>
   </div>
   <div class='ocr_carea' id='block_1_87' title="bbox 2174 4163 3759 4238">
    <p class='ocr_par' dir='ltr' id='par_1_87' title="bbox 2174 4163 3759 4238">
     <span class='ocr_line' id='line_1_87' title="bbox 2174 4163 3759 4238; baseline -0.002 -17"><span class='ocrx_word' id='word_1_615' title='bbox 2174 4167 2450 4235; x_wconf 83' lang='grc' dir='ltr'>κωτέρους</span> <span class='ocrx_word' id='word_1_616' title='bbox 2497 4163 2801 4235; x_wconf 77' lang='grc' dir='ltr'>μεταϐῆναι</span> <span class='ocrx_word' id='word_1_617' title='bbox 2841 4164 3061 4225; x_wconf 80' lang='grc' dir='ltr'>τόπους·</span> <span class='ocrx_word' id='word_1_618' title='bbox 3128 4167 3191 4218; x_wconf 81' lang='grc' dir='ltr'>οὐ</span> <span class='ocrx_word' id='word_1_619' title='bbox 3253 4166 3362 4236; x_wconf 77' lang='grc' dir='ltr'><strong>μὴν</strong></span> <span class='ocrx_word' id='word_1_620' title='bbox 3430 4167 3759 4238; x_wconf 82' lang='grc' dir='ltr'>πειθόμενον</span> 
     </span>
    </p>
   </div>
   <div class='ocr_carea' id='block_1_88' title="bbox 2176 4242 3766 4333">
    <p class='ocr_par' dir='ltr' id='par_1_88' title="bbox 2176 4242 3766 4333">
     <span class='ocr_line' id='line_1_88' title="bbox 2176 4242 3766 4333; baseline 0.001 -22"><span class='ocrx_word' id='word_1_621' title='bbox 2176 4260 2369 4314; x_wconf 73' lang='grc' dir='ltr'>ἑαυτὸν</span> <span class='ocrx_word' id='word_1_622' title='bbox 2403 4258 2634 4329; x_wconf 84' lang='grc' dir='ltr'>παρεῖχε</span> <span class='ocrx_word' id='word_1_623' title='bbox 2664 4259 2778 4320; x_wconf 90' lang='grc' dir='ltr'>τοῖς</span> <span class='ocrx_word' id='word_1_624' title='bbox 2809 4242 3115 4328; x_wconf 69' lang='grc' dir='ltr'>λογισμοῖς,</span> <span class='ocrx_word' id='word_1_625' title='bbox 3157 4257 3252 4312; x_wconf 86' lang='grc' dir='ltr'><strong>ἆτε</strong></span> <span class='ocrx_word' id='word_1_626' title='bbox 3281 4260 3359 4330; x_wconf 85' lang='grc' dir='ltr'><strong>τῷ</strong></span> <span class='ocrx_word' id='word_1_627' title='bbox 3382 4259 3568 4331; x_wconf 80' lang='grc' dir='ltr'>οίκείῳ</span> <span class='ocrx_word' id='word_1_628' title='bbox 3598 4259 3766 4333; x_wconf 76' lang='grc' dir='ltr'>θελή-</span> 
     </span>
    </p>
   </div>
   <div class='ocr_carea' id='block_1_89' title="bbox 2178 4349 3760 4424">
    <p class='ocr_par' dir='ltr' id='par_1_89' title="bbox 2178 4349 3760 4424">
     <span class='ocr_line' id='line_1_89' title="bbox 2178 4349 3760 4424; baseline 0.001 -18"><span class='ocrx_word' id='word_1_629' title='bbox 2178 4370 2308 4424; x_wconf 87' lang='grc' dir='ltr'>ματι</span> <span class='ocrx_word' id='word_1_630' title='bbox 2354 4350 2699 4405; x_wconf 81' lang='grc' dir='ltr'>ἀντιπίπτειν</span> <span class='ocrx_word' id='word_1_631' title='bbox 2738 4349 2914 4414; x_wconf 85' lang='grc' dir='ltr'>εἰδὼς,</span> <span class='ocrx_word' id='word_1_632' title='bbox 2959 4354 3053 4404; x_wconf 66' lang='grc' dir='ltr'><strong>καὶ</strong></span> <span class='ocrx_word' id='word_1_633' title='bbox 3084 4351 3403 4421; x_wconf 76' lang='grc' dir='ltr'>συμϐαίνειν</span> <span class='ocrx_word' id='word_1_634' title='bbox 3450 4353 3638 4417; x_wconf 81' lang='grc' dir='ltr'>ἁπλῶς</span> <span class='ocrx_word' id='word_1_635' title='bbox 3664 4355 3760 4408; x_wconf 75' lang='grc' dir='ltr'><strong>οὐο</strong></span> 
     </span>
    </p>
   </div>
   <div class='ocr_carea' id='block_1_90' title="bbox 2177 4441 3763 4515">
    <p class='ocr_par' dir='ltr' id='par_1_90' title="bbox 2177 4441 3763 4515">
     <span class='ocr_line' id='line_1_90' title="bbox 2177 4441 3763 4515; baseline 0.002 -19"><span class='ocrx_word' id='word_1_636' title='bbox 2177 4445 2392 4497; x_wconf 81' lang='grc' dir='ltr'>δέποτε.</span> <span class='ocrx_word' id='word_1_637' title='bbox 2464 4442 2651 4513; x_wconf 82' lang='grc' dir='ltr'>Ταύτῃ</span> <span class='ocrx_word' id='word_1_638' title='bbox 2715 4459 2796 4495; x_wconf 88' lang='grc' dir='ltr'><strong>τοι</strong></span> <span class='ocrx_word' id='word_1_639' title='bbox 2848 4441 2945 4495; x_wconf 81' lang='grc' dir='ltr'><strong>καὶ</strong></span> <span class='ocrx_word' id='word_1_640' title='bbox 3002 4443 3094 4495; x_wconf 69' lang='grc' dir='ltr'><strong>τὸν</strong></span> <span class='ocrx_word' id='word_1_641' title='bbox 3144 4444 3563 4515; x_wconf 83' lang='grc' dir='ltr'>διακονούμενον</span> <span class='ocrx_word' id='word_1_642' title='bbox 3604 4444 3763 4513; x_wconf 83' lang='grc' dir='ltr'>αὐτῷ</span> 
     </span>
    </p>
   </div>
   <div class='ocr_carea' id='block_1_91' title="bbox 497 4511 2063 4609">
    <p class='ocr_par' dir='ltr' id='par_1_91' title="bbox 497 4511 2063 4579">
     <span class='ocr_line' id='line_1_91' title="bbox 497 4511 2063 4579; baseline 0.001 -7"><span class='ocrx_word' id='word_1_643' title='bbox 497 4532 717 4572; x_wconf 84' lang='lat' dir='ltr'><strong>manum</strong></span> <span class='ocrx_word' id='word_1_644' title='bbox 773 4512 1012 4575; x_wconf 89' lang='lat' dir='ltr'><strong>nomine,</strong></span> <span class='ocrx_word' id='word_1_645' title='bbox 1069 4511 1393 4567; x_wconf 87' lang='lat' dir='ltr'><strong>Corinthum</strong></span> <span class='ocrx_word' id='word_1_646' title='bbox 1452 4513 1706 4579; x_wconf 90' lang='lat' dir='ltr'><strong>mitteret,</strong></span> <span class='ocrx_word' id='word_1_647' title='bbox 1769 4515 1837 4571; x_wconf 85' lang='lat' dir='ltr'><strong>ad</strong></span> <span class='ocrx_word' id='word_1_648' title='bbox 1890 4518 2063 4574; x_wconf 89' lang='lat' dir='ltr'><strong>virum</strong></span> 
     </span>
    </p>
   </div>
   <div class='ocr_carea' id='block_1_92' title="bbox 2170 4511 3763 4609">
    <p class='ocr_par' dir='ltr' id='par_1_92' title="bbox 2176 4511 3763 4609">
     <span class='ocr_line' id='line_1_92' title="bbox 2176 4511 3763 4609; baseline 0.001 -19"><span class='ocrx_word' id='word_1_649' title='bbox 2176 4538 2409 4608; x_wconf 76' lang='grc' dir='ltr'>μοναχὸν</span> <span class='ocrx_word' id='word_1_650' title='bbox 2458 4511 2741 4604; x_wconf 71' lang='grc' dir='ltr'>ιἐρμανδν</span> <span class='ocrx_word' id='word_1_651' title='bbox 2778 4533 2970 4604; x_wconf 72' lang='grc' dir='ltr'>ὄνομα,</span> <span class='ocrx_word' id='word_1_652' title='bbox 3006 4537 3086 4599; x_wconf 82' lang='grc' dir='ltr'><strong>εἰς</strong></span> <span class='ocrx_word' id='word_1_653' title='bbox 3120 4535 3381 4605; x_wconf 85' lang='grc' dir='ltr'>Κόρινθον</span> <span class='ocrx_word' id='word_1_654' title='bbox 3404 4511 3569 4607; x_wconf 23' lang='grc' dir='ltr'>*ἔγνω</span> <span class='ocrx_word' id='word_1_655' title='bbox 3620 4511 3763 4609; x_wconf 17' lang='grc' dir='ltr'><strong>πέμή-</strong></span> 
     </span>
    </p>
   </div>
   <div class='ocr_carea' id='block_1_93' title="bbox 498 4603 2062 4681">
    <p class='ocr_par' dir='ltr' id='par_1_93' title="bbox 498 4603 2062 4681">
     <span class='ocr_line' id='line_1_93' title="bbox 498 4603 2062 4681; baseline 0.005 -23"><span class='ocrx_word' id='word_1_656' title='bbox 498 4610 712 4664; x_wconf 76' lang='lat' dir='ltr'><strong>virtutis</strong></span> <span class='ocrx_word' id='word_1_657' title='bbox 765 4606 923 4660; x_wconf 87' lang='lat' dir='ltr'><strong>laude</strong></span> <span class='ocrx_word' id='word_1_658' title='bbox 953 4603 1410 4670; x_wconf 87' lang='lat' dir='ltr'><strong>celeberrimum;</strong></span> <span class='ocrx_word' id='word_1_659' title='bbox 1445 4605 1766 4675; x_wconf 89' lang='lat' dir='ltr'><strong>sapientem,</strong></span> <span class='ocrx_word' id='word_1_660' title='bbox 1815 4610 2062 4681; x_wconf 90' lang='lat' dir='ltr'><strong>inquam,</strong></span> 
     </span>
    </p>
   </div>
   <div class='ocr_carea' id='block_1_94' title="bbox 498 4693 2064 4770">
    <p class='ocr_par' dir='ltr' id='par_1_94' title="bbox 498 4693 2064 4770">
     <span class='ocr_line' id='line_1_94' title="bbox 498 4693 2064 4770; baseline 0.001 -15"><span class='ocrx_word' id='word_1_661' title='bbox 498 4697 990 4770; x_wconf 73' lang='lat' dir='ltr'><strong>Theophylactum,</strong></span> <span class='ocrx_word' id='word_1_662' title='bbox 1049 4695 1142 4765; x_wconf 90' lang='lat' dir='ltr'><strong>qui</strong></span> <span class='ocrx_word' id='word_1_663' title='bbox 1208 4693 1451 4764; x_wconf 73' lang='lat' dir='ltr'><strong>profanae</strong></span> <span class='ocrx_word' id='word_1_664' title='bbox 1508 4696 1790 4765; x_wconf 75' lang='lat' dir='ltr'><strong>sapientia:</strong></span> <span class='ocrx_word' id='word_1_665' title='bbox 1851 4701 2064 4766; x_wconf 83' lang='lat' dir='ltr'><strong>doctor,</strong></span> 
     </span>
    </p>
   </div>
   <div class='ocr_carea' id='block_1_95' title="bbox 498 4788 2068 4864">
    <p class='ocr_par' dir='ltr' id='par_1_95' title="bbox 498 4788 2068 4864">
     <span class='ocr_line' id='line_1_95' title="bbox 498 4788 2068 4864; baseline -0.001 -15"><span class='ocrx_word' id='word_1_666' title='bbox 498 4792 847 4850; x_wconf 87' lang='lat' dir='ltr'><strong>nihilominus</strong></span> <span class='ocrx_word' id='word_1_667' title='bbox 900 4788 1153 4844; x_wconf 87' lang='lat' dir='ltr'><strong>virtutem</strong></span> <span class='ocrx_word' id='word_1_668' title='bbox 1213 4789 1524 4852; x_wconf 83' lang='lat' dir='ltr'><strong>amantibus</strong></span> <span class='ocrx_word' id='word_1_669' title='bbox 1562 4791 1797 4855; x_wconf 82' lang='lat' dir='ltr'><strong>honesti,</strong></span> <span class='ocrx_word' id='word_1_670' title='bbox 1826 4795 1896 4849; x_wconf 90' lang='lat' dir='ltr'><strong>ab</strong></span> <span class='ocrx_word' id='word_1_671' title='bbox 1941 4810 2068 4864; x_wconf 88' lang='lat' dir='ltr'><strong>ope-</strong></span> 
     </span>
    </p>
   </div>
   <div class='ocr_carea' id='block_1_96' title="bbox 501 4880 2071 4954">
    <p class='ocr_par' dir='ltr' id='par_1_96' title="bbox 501 4880 2071 4954">
     <span class='ocr_line' id='line_1_96' title="bbox 501 4880 2071 4954; baseline 0.002 -13"><span class='ocrx_word' id='word_1_672' title='bbox 501 4888 651 4941; x_wconf 80' lang='lat' dir='ltr'><strong>ribus</strong></span> <span class='ocrx_word' id='word_1_673' title='bbox 680 4887 935 4938; x_wconf 85' lang='lat' dir='ltr'><strong>traderet.</strong></span> <span class='ocrx_word' id='word_1_674' title='bbox 982 4882 1058 4935; x_wconf 78' lang='lat' dir='ltr'><strong>Ad</strong></span> <span class='ocrx_word' id='word_1_675' title='bbox 1082 4896 1206 4935; x_wconf 89' lang='lat' dir='ltr'><strong>eum</strong></span> <span class='ocrx_word' id='word_1_676' title='bbox 1262 4880 1444 4950; x_wconf 87' lang='lat' dir='ltr'><strong>itaque</strong></span> <span class='ocrx_word' id='word_1_677' title='bbox 1485 4882 1726 4949; x_wconf 82' lang='lat' dir='ltr'><strong>mittens,</strong></span> <span class='ocrx_word' id='word_1_678' title='bbox 1789 4890 2071 4954; x_wconf 70' lang='lat' dir='ltr'><strong>quarebat</strong></span> 
     </span>
    </p>
   </div>
   <div class='ocr_carea' id='block_1_97' title="bbox 494 4970 2063 5050">
    <p class='ocr_par' dir='ltr' id='par_1_97' title="bbox 494 4970 2063 5050">
     <span class='ocr_line' id='line_1_97' title="bbox 494 4970 2063 5050; baseline 0.001 -20"><span class='ocrx_word' id='word_1_679' title='bbox 494 4974 681 5030; x_wconf 75' lang='lat' dir='ltr'><strong>doceri</strong></span> <span class='ocrx_word' id='word_1_680' title='bbox 720 4973 849 5043; x_wconf 87' lang='lat' dir='ltr'><strong>qttid</strong></span> <span class='ocrx_word' id='word_1_681' title='bbox 883 4971 1031 5027; x_wconf 81' lang='lat' dir='ltr'><strong>facto</strong></span> <span class='ocrx_word' id='word_1_682' title='bbox 1059 4985 1199 5040; x_wconf 89' lang='lat' dir='ltr'><strong>opus</strong></span> <span class='ocrx_word' id='word_1_683' title='bbox 1223 4970 1482 5024; x_wconf 85' lang='lat' dir='ltr'><strong>haberet?</strong></span> <span class='ocrx_word' id='word_1_684' title='bbox 1515 4972 1602 5027; x_wconf 87' lang='lat' dir='ltr'><strong>hic</strong></span> <span class='ocrx_word' id='word_1_685' title='bbox 1638 4981 2063 5050; x_wconf 87' lang='lat' dir='ltr'><strong>manere,inqtte</strong></span> 
     </span>
    </p>
   </div>
   <div class='ocr_carea' id='block_1_98' title="bbox 498 5060 2073 5133">
    <p class='ocr_par' dir='ltr' id='par_1_98' title="bbox 498 5060 2073 5133">
     <span class='ocr_line' id='line_1_98' title="bbox 498 5060 2073 5133; baseline 0.005 -12"><span class='ocrx_word' id='word_1_686' title='bbox 498 5084 622 5121; x_wconf 83' lang='lat' dir='ltr'><strong>cum</strong></span> <span class='ocrx_word' id='word_1_687' title='bbox 646 5066 887 5127; x_wconf 88' lang='lat' dir='ltr'><strong>modum,</strong></span> <span class='ocrx_word' id='word_1_688' title='bbox 913 5063 1147 5133; x_wconf 84' lang='lat' dir='ltr'><strong>plurium</strong></span> <span class='ocrx_word' id='word_1_689' title='bbox 1171 5064 1444 5119; x_wconf 81' lang='lat' dir='ltr'><strong>molestias</strong></span> <span class='ocrx_word' id='word_1_690' title='bbox 1468 5060 1641 5131; x_wconf 87' lang='lat' dir='ltr'><strong>ferre;</strong></span> <span class='ocrx_word' id='word_1_691' title='bbox 1660 5080 1727 5119; x_wconf 88' lang='lat' dir='ltr'><strong>an</strong></span> <span class='ocrx_word' id='word_1_692' title='bbox 1746 5066 1862 5123; x_wconf 83' lang='lat' dir='ltr'><strong>loca</strong></span> <span class='ocrx_word' id='word_1_693' title='bbox 1886 5074 2073 5129; x_wconf 88' lang='lat' dir='ltr'><strong>mttltls</strong></span> 
     </span>
    </p>
   </div>
   <div class='ocr_carea' id='block_1_99' title="bbox 503 5154 2070 5227">
    <p class='ocr_par' dir='ltr' id='par_1_99' title="bbox 503 5154 2070 5227">
     <span class='ocr_line' id='line_1_99' title="bbox 503 5154 2070 5227; baseline 0.006 -15"><span class='ocrx_word' id='word_1_694' title='bbox 503 5158 672 5219; x_wconf 75' lang='lat' dir='ltr'><strong>invia,</strong></span> <span class='ocrx_word' id='word_1_695' title='bbox 745 5165 909 5223; x_wconf 86' lang='lat' dir='ltr'><strong>atque</strong></span> <span class='ocrx_word' id='word_1_696' title='bbox 972 5157 1163 5224; x_wconf 88' lang='lat' dir='ltr'><strong>paucis</strong></span> <span class='ocrx_word' id='word_1_697' title='bbox 1217 5156 1500 5210; x_wconf 89' lang='lat' dir='ltr'><strong>hominum</strong></span> <span class='ocrx_word' id='word_1_698' title='bbox 1558 5154 1859 5227; x_wconf 77' lang='lat' dir='ltr'><strong>frequentia</strong></span> <span class='ocrx_word' id='word_1_699' title='bbox 1915 5178 2070 5222; x_wconf 84' lang='lat' dir='ltr'><strong>aute-</strong></span> 
     </span>
    </p>
   </div>
   <div class='ocr_carea' id='block_1_100' title="bbox 501 5245 2069 5323">
    <p class='ocr_par' dir='ltr' id='par_1_100' title="bbox 501 5245 2069 5323">
     <span class='ocr_line' id='line_1_100' title="bbox 501 5245 2069 5323; baseline 0.003 -18"><span class='ocrx_word' id='word_1_700' title='bbox 501 5249 682 5305; x_wconf 76' lang='lat' dir='ltr'><strong>ferre?</strong></span> <span class='ocrx_word' id='word_1_701' title='bbox 717 5248 899 5301; x_wconf 73' lang='lat' dir='ltr'><strong>Atille</strong></span> <span class='ocrx_word' id='word_1_702' title='bbox 934 5265 948 5300; x_wconf 91' lang='lat'><strong>:</strong></span> <span class='ocrx_word' id='word_1_703' title='bbox 990 5265 1008 5298; x_wconf 79' lang='grc' dir='ltr'><strong>ι</strong></span> <span class='ocrx_word' id='word_1_704' title='bbox 1048 5245 1390 5310; x_wconf 88' lang='lat' dir='ltr'><strong>Tenendum,</strong></span> <span class='ocrx_word' id='word_1_705' title='bbox 1441 5248 1648 5316; x_wconf 90' lang='lat' dir='ltr'><strong>inquit,</strong></span> <span class='ocrx_word' id='word_1_706' title='bbox 1687 5254 1829 5317; x_wconf 88' lang='lat' dir='ltr'><strong>quod</strong></span> <span class='ocrx_word' id='word_1_707' title='bbox 1866 5258 2069 5323; x_wconf 88' lang='lat' dir='ltr'><strong>optime</strong></span> 
     </span>
    </p>
   </div>
   <div class='ocr_carea' id='block_1_101' title="bbox 498 5340 2070 5415">
    <p class='ocr_par' dir='ltr' id='par_1_101' title="bbox 498 5340 2070 5415">
     <span class='ocr_line' id='line_1_101' title="bbox 498 5340 2070 5415; baseline 0.01 -26"><span class='ocrx_word' id='word_1_708' title='bbox 498 5344 748 5401; x_wconf 69' lang='lat' dir='ltr'><strong>haberet,</strong></span> <span class='ocrx_word' id='word_1_709' title='bbox 782 5341 994 5393; x_wconf 80' lang='lat' dir='ltr'><strong>Arsenii</strong></span> <span class='ocrx_word' id='word_1_710' title='bbox 1026 5341 1342 5394; x_wconf 87' lang='lat' dir='ltr'><strong>consilium.</strong></span> <span class='ocrx_word' id='word_1_711' title='bbox 1381 5358 1398 5391; x_wconf 77' lang='grc' dir='ltr'>ι</span> <span class='ocrx_word' id='word_1_712' title='bbox 1431 5340 1479 5394; x_wconf 84' lang='lat' dir='ltr'><strong>is</strong></span> <span class='ocrx_word' id='word_1_713' title='bbox 1509 5346 1654 5394; x_wconf 83' lang='lat' dir='ltr'><strong>enim</strong></span> <span class='ocrx_word' id='word_1_714' title='bbox 1685 5362 1703 5393; x_wconf 78' lang='grc' dir='ltr'>ι</span> <span class='ocrx_word' id='word_1_715' title='bbox 1741 5342 1968 5415; x_wconf 75' lang='lat' dir='ltr'><strong>Fugere,</strong></span> <span class='ocrx_word' id='word_1_716' title='bbox 1995 5352 2070 5405; x_wconf 85' lang='lat' dir='ltr'><strong>ait</strong></span> 
     </span>
    </p>
   </div>
   <div class='ocr_carea' id='block_1_102' title="bbox 2173 4627 3766 4702">
    <p class='ocr_par' dir='ltr' id='par_1_102' title="bbox 2173 4627 3766 4702">
     <span class='ocr_line' id='line_1_102' title="bbox 2173 4627 3766 4702; baseline 0.004 -22"><span class='ocrx_word' id='word_1_717' title='bbox 2173 4646 2298 4681; x_wconf 88' lang='grc' dir='ltr'>πειν</span> <span class='ocrx_word' id='word_1_718' title='bbox 2329 4627 2463 4696; x_wconf 84' lang='grc' dir='ltr'>πρὸς</span> <span class='ocrx_word' id='word_1_719' title='bbox 2486 4629 2578 4680; x_wconf 62' lang='grc' dir='ltr'>τὶν</span> <span class='ocrx_word' id='word_1_720' title='bbox 2612 4627 2734 4680; x_wconf 85' lang='grc' dir='ltr'>τότε</span> <span class='ocrx_word' id='word_1_721' title='bbox 2756 4628 2856 4696; x_wconf 78' lang='grc' dir='ltr'><strong>τὴν</strong></span> <span class='ocrx_word' id='word_1_722' title='bbox 2889 4629 3092 4697; x_wconf 74' lang='grc' dir='ltr'>ἀρετὴν</span> <span class='ocrx_word' id='word_1_723' title='bbox 3147 4629 3504 4701; x_wconf 80' lang='grc' dir='ltr'>περιϐόητον·</span> <span class='ocrx_word' id='word_1_724' title='bbox 3548 4631 3766 4702; x_wconf 83' lang='grc' dir='ltr'>Θεοφύ-</span> 
     </span>
    </p>
   </div>
   <div class='ocr_carea' id='block_1_103' title="bbox 2173 4714 3762 4791">
    <p class='ocr_par' dir='ltr' id='par_1_103' title="bbox 2173 4714 3762 4791">
     <span class='ocr_line' id='line_1_103' title="bbox 2173 4714 3762 4791; baseline 0.002 -18"><span class='ocrx_word' id='word_1_725' title='bbox 2173 4722 2375 4781; x_wconf 84' lang='grc' dir='ltr'>λακτος</span> <span class='ocrx_word' id='word_1_726' title='bbox 2440 4714 2595 4781; x_wconf 81' lang='grc' dir='ltr'>οὗτος</span> <span class='ocrx_word' id='word_1_727' title='bbox 2648 4714 2715 4788; x_wconf 78' lang='grc' dir='ltr'>ἦν</span> <span class='ocrx_word' id='word_1_728' title='bbox 2747 4719 2983 4786; x_wconf 51' lang='lat' dir='ltr'><strong>eccum,</strong></span> <span class='ocrx_word' id='word_1_729' title='bbox 3034 4718 3092 4783; x_wconf 80' lang='grc' dir='ltr'>ὃς</span> <span class='ocrx_word' id='word_1_730' title='bbox 3130 4723 3229 4791; x_wconf 71' lang='grc' dir='ltr'>τῆς</span> <span class='ocrx_word' id='word_1_731' title='bbox 3274 4719 3509 4790; x_wconf 84' lang='grc' dir='ltr'>θύραθεν</span> <span class='ocrx_word' id='word_1_732' title='bbox 3566 4724 3762 4791; x_wconf 80' lang='grc' dir='ltr'>σοφίας</span> 
     </span>
    </p>
   </div>
   <div class='ocr_carea' id='block_1_104' title="bbox 2176 4804 3765 4884">
    <p class='ocr_par' dir='ltr' id='par_1_104' title="bbox 2176 4804 3765 4884">
     <span class='ocr_line' id='line_1_104' title="bbox 2176 4804 3765 4884; baseline 0.003 -20"><span class='ocrx_word' id='word_1_733' title='bbox 2176 4810 2495 4872; x_wconf 74' lang='grc' dir='ltr'>διδάσκαλος</span> <span class='ocrx_word' id='word_1_734' title='bbox 2519 4808 2615 4874; x_wconf 82' lang='grc' dir='ltr'>ὢν,</span> <span class='ocrx_word' id='word_1_735' title='bbox 2649 4808 2801 4862; x_wconf 78' lang='grc' dir='ltr'>οὐδὲν</span> <span class='ocrx_word' id='word_1_736' title='bbox 2831 4804 2996 4881; x_wconf 73' lang='grc' dir='ltr'>ἦττον</span> <span class='ocrx_word' id='word_1_737' title='bbox 3027 4811 3134 4864; x_wconf 83' lang='grc' dir='ltr'><strong>ἀπὸ</strong></span> <span class='ocrx_word' id='word_1_738' title='bbox 3173 4812 3279 4864; x_wconf 84' lang='grc' dir='ltr'><strong>τῶν</strong></span> <span class='ocrx_word' id='word_1_739' title='bbox 3315 4813 3497 4884; x_wconf 79' lang='grc' dir='ltr'>ἔργων</span> <span class='ocrx_word' id='word_1_740' title='bbox 3525 4815 3619 4867; x_wconf 75' lang='grc' dir='ltr'>καὶ</span> <span class='ocrx_word' id='word_1_741' title='bbox 3645 4819 3765 4881; x_wconf 71' lang='grc' dir='ltr'>τοῖς</span> 
     </span>
    </p>
   </div>
   <div class='ocr_carea' id='block_1_105' title="bbox 2177 4900 3764 4978">
    <p class='ocr_par' dir='ltr' id='par_1_105' title="bbox 2177 4900 3764 4978">
     <span class='ocr_line' id='line_1_105' title="bbox 2177 4900 3764 4978; baseline 0.003 -23"><span class='ocrx_word' id='word_1_742' title='bbox 2177 4904 2432 4972; x_wconf 74' lang='grc' dir='ltr'>ἐρασταῖς</span> <span class='ocrx_word' id='word_1_743' title='bbox 2479 4900 2585 4953; x_wconf 84' lang='grc' dir='ltr'>τῶν</span> <span class='ocrx_word' id='word_1_744' title='bbox 2650 4900 2830 4954; x_wconf 84' lang='grc' dir='ltr'>καλῶν</span> <span class='ocrx_word' id='word_1_745' title='bbox 2870 4902 2969 4973; x_wconf 82' lang='grc' dir='ltr'>τὴν</span> <span class='ocrx_word' id='word_1_746' title='bbox 3007 4903 3209 4973; x_wconf 78' lang='grc' dir='ltr'>ἀρετὴν</span> <span class='ocrx_word' id='word_1_747' title='bbox 3251 4905 3567 4975; x_wconf 73' lang='grc' dir='ltr'>παρεδίδου.</span> <span class='ocrx_word' id='word_1_748' title='bbox 3615 4906 3764 4978; x_wconf 70' lang='grc' dir='ltr'>Πρὸς</span> 
     </span>
    </p>
   </div>
   <div class='ocr_carea' id='block_1_106' title="bbox 2174 4992 3767 5069">
    <p class='ocr_par' dir='ltr' id='par_1_106' title="bbox 2174 4992 3767 5069">
     <span class='ocr_line' id='line_1_106' title="bbox 2174 4992 3767 5069; baseline 0.003 -23"><span class='ocrx_word' id='word_1_749' title='bbox 2174 4993 2365 5046; x_wconf 80' lang='grc' dir='ltr'>τοῦτον</span> <span class='ocrx_word' id='word_1_750' title='bbox 2390 4992 2684 5063; x_wconf 81' lang='grc' dir='ltr'>τοιγαροῦν</span> <span class='ocrx_word' id='word_1_751' title='bbox 2731 4993 3044 5064; x_wconf 61' lang='grc' dir='ltr'>ἐκπέμψας,</span> <span class='ocrx_word' id='word_1_752' title='bbox 3070 4995 3121 5047; x_wconf 91' lang='grc' dir='ltr'><strong>τί</strong></span> <span class='ocrx_word' id='word_1_753' title='bbox 3152 4997 3407 5065; x_wconf 83' lang='grc' dir='ltr'>ποιητέον</span> <span class='ocrx_word' id='word_1_754' title='bbox 3435 4996 3619 5069; x_wconf 73' lang='grc' dir='ltr'>ἐζήτει</span> <span class='ocrx_word' id='word_1_755' title='bbox 3656 5015 3767 5067; x_wconf 80' lang='grc' dir='ltr'>μα.-</span> 
     </span>
    </p>
   </div>
   <div class='ocr_carea' id='block_1_107' title="bbox 2176 5084 3766 5158">
    <p class='ocr_par' dir='ltr' id='par_1_107' title="bbox 2176 5084 3766 5158">
     <span class='ocr_line' id='line_1_107' title="bbox 2176 5084 3766 5158; baseline 0.004 -21"><span class='ocrx_word' id='word_1_756' title='bbox 2176 5085 2309 5137; x_wconf 76' lang='grc' dir='ltr'>Οεῖν·</span> <span class='ocrx_word' id='word_1_757' title='bbox 2342 5084 2569 5152; x_wconf 85' lang='grc' dir='ltr'>πότερον</span> <span class='ocrx_word' id='word_1_758' title='bbox 2589 5084 2825 5138; x_wconf 74' lang='grc' dir='ltr'>ἐνταῦθα</span> <span class='ocrx_word' id='word_1_759' title='bbox 2880 5085 3065 5154; x_wconf 88' lang='grc' dir='ltr'>μένειν</span> <span class='ocrx_word' id='word_1_760' title='bbox 3089 5088 3184 5139; x_wconf 72' lang='grc' dir='ltr'><strong>καί</strong></span> <span class='ocrx_word' id='word_1_761' title='bbox 3230 5086 3374 5140; x_wconf 79' lang='grc' dir='ltr'>οὕτω</span> <span class='ocrx_word' id='word_1_762' title='bbox 3432 5088 3621 5158; x_wconf 66' lang='grc' dir='ltr'>φέρειν</span> <span class='ocrx_word' id='word_1_763' title='bbox 3653 5090 3766 5143; x_wconf 75' lang='grc' dir='ltr'><strong>ὑπὸ</strong></span> 
     </span>
    </p>
   </div>
   <div class='ocr_carea' id='block_1_108' title="bbox 2176 5174 3762 5249">
    <p class='ocr_par' dir='ltr' id='par_1_108' title="bbox 2176 5174 3762 5249">
     <span class='ocr_line' id='line_1_108' title="bbox 2176 5174 3762 5249; baseline 0.004 -21"><span class='ocrx_word' id='word_1_764' title='bbox 2176 5176 2389 5231; x_wconf 71' lang='grc' dir='ltr'>πολλῶν</span> <span class='ocrx_word' id='word_1_765' title='bbox 2421 5175 2780 5245; x_wconf 81' lang='grc' dir='ltr'>ὀχλούμενον·</span> <span class='ocrx_word' id='word_1_766' title='bbox 2823 5174 3015 5249; x_wconf 82' lang='grc' dir='ltr'>ῆτοὺς</span> <span class='ocrx_word' id='word_1_767' title='bbox 3064 5176 3302 5242; x_wconf 76' lang='grc' dir='ltr'>ἀϐάτους</span> <span class='ocrx_word' id='word_1_768' title='bbox 3358 5182 3471 5243; x_wconf 85' lang='grc' dir='ltr'>τοῖς</span> <span class='ocrx_word' id='word_1_769' title='bbox 3521 5179 3762 5245; x_wconf 85' lang='grc' dir='ltr'>πολλοῖς,</span> 
     </span>
    </p>
   </div>
   <div class='ocr_carea' id='block_1_109' title="bbox 2173 5267 3766 5336">
    <p class='ocr_par' dir='ltr' id='par_1_109' title="bbox 2173 5267 3766 5336">
     <span class='ocr_line' id='line_1_109' title="bbox 2173 5267 3766 5336; baseline 0.006 -17"><span class='ocrx_word' id='word_1_770' title='bbox 2173 5270 2267 5319; x_wconf 75' lang='grc' dir='ltr'><strong>καὶ</strong></span> <span class='ocrx_word' id='word_1_771' title='bbox 2295 5267 2605 5332; x_wconf 82' lang='grc' dir='ltr'>ἀνθρώπων</span> <span class='ocrx_word' id='word_1_772' title='bbox 2643 5267 3003 5332; x_wconf 81' lang='grc' dir='ltr'>σπανίζοντας</span> <span class='ocrx_word' id='word_1_773' title='bbox 3056 5268 3377 5324; x_wconf 79' lang='grc' dir='ltr'>ἀνθελέσθαι</span> <span class='ocrx_word' id='word_1_774' title='bbox 3421 5272 3644 5336; x_wconf 87' lang='grc' dir='ltr'>τόπους.</span> <span class='ocrx_word' id='word_1_775' title='bbox 3700 5272 3766 5327; x_wconf 85' lang='lat'><strong>&#39;0</strong></span> 
     </span>
    </p>
   </div>
   <div class='ocr_carea' id='block_1_110' title="bbox 2175 5358 3764 5438">
    <p class='ocr_par' dir='ltr' id='par_1_110' title="bbox 2175 5358 3764 5438">
     <span class='ocr_line' id='line_1_110' title="bbox 2175 5358 3764 5438; baseline 0.006 -27"><span class='ocrx_word' id='word_1_776' title='bbox 2175 5360 2253 5423; x_wconf 82' lang='grc' dir='ltr'>δὲ,</span> <span class='ocrx_word' id='word_1_777' title='bbox 2292 5379 2310 5410; x_wconf 81' lang='grc' dir='ltr'><strong>ι</strong></span> <span class='ocrx_word' id='word_1_778' title='bbox 2349 5359 2424 5412; x_wconf 81' lang='grc' dir='ltr'>Τὸ</span> <span class='ocrx_word' id='word_1_779' title='bbox 2454 5359 2549 5412; x_wconf 83' lang='grc' dir='ltr'>τοῦ</span> <span class='ocrx_word' id='word_1_780' title='bbox 2579 5358 2749 5421; x_wconf 78' lang='grc' dir='ltr'>θείου,</span> <span class='ocrx_word' id='word_1_781' title='bbox 2795 5360 3004 5426; x_wconf 80' lang='grc' dir='ltr'>ἔλεγεν,</span> <span class='ocrx_word' id='word_1_782' title='bbox 3049 5363 3346 5433; x_wconf 72' lang='grc' dir='ltr'>’Λρσενίου,</span> <span class='ocrx_word' id='word_1_783' title='bbox 3377 5365 3579 5436; x_wconf 79' lang='grc' dir='ltr'>ἄριστα</span> <span class='ocrx_word' id='word_1_784' title='bbox 3614 5366 3764 5438; x_wconf 77' lang='grc' dir='ltr'>ἔχον,</span> 
     </span>
    </p>
   </div>
   <div class='ocr_carea' id='block_1_111' title="bbox 1764 5458 2492 5551">
    <p class='ocr_par' dir='ltr' id='par_1_111' title="bbox 1764 5458 2492 5551">
     <span class='ocr_line' id='line_1_111' title="bbox 1764 5458 2492 5551; baseline 0.027 -34"><span class='ocrx_word' id='word_1_785' title='bbox 1764 5458 1881 5551; x_wconf 59' lang='lat' dir='ltr'><strong>Fr.</strong></span> <span class='ocrx_word' id='word_1_786' title='bbox 1906 5464 2268 5534; x_wconf 79' lang='lat' dir='ltr'><strong>Combeﬁsii</strong></span> <span class='ocrx_word' id='word_1_787' title='bbox 2310 5482 2492 5535; x_wconf 68' lang='lat' dir='ltr'><strong>notua.</strong></span> 
     </span>
    </p>
   </div>
   <div class='ocr_carea' id='block_1_112' title="bbox 571 5575 2072 5653">
    <p class='ocr_par' dir='ltr' id='par_1_112' title="bbox 571 5575 2072 5653">
     <span class='ocr_line' id='line_1_112' title="bbox 571 5575 2072 5653; baseline -0.001 -22"><span class='ocrx_word' id='word_1_788' title='bbox 571 5577 936 5653; x_wconf 20' lang='lat' dir='ltr'><strong>(7)4)It&#39;ttitur</strong></span> <span class='ocrx_word' id='word_1_789' title='bbox 996 5576 1166 5647; x_wconf 70' lang='lat' dir='ltr'><strong>regius</strong></span> <span class='ocrx_word' id='word_1_790' title='bbox 1211 5575 1446 5653; x_wconf 75' lang='lat' dir='ltr'><strong>quidam.</strong></span> <span class='ocrx_word' id='word_1_791' title='bbox 1506 5576 1792 5645; x_wconf 80' lang='grc' dir='ltr'>Πέμπεταί</span> <span class='ocrx_word' id='word_1_792' title='bbox 1845 5599 1925 5645; x_wconf 84' lang='grc' dir='ltr'><strong>τις</strong></span> <span class='ocrx_word' id='word_1_793' title='bbox 1973 5584 2072 5653; x_wconf 80' lang='grc' dir='ltr'><strong>βα.</strong></span> 
     </span>
    </p>
   </div>
   <div class='ocr_carea' id='block_1_113' title="bbox 502 5649 2065 5717">
    <p class='ocr_par' dir='ltr' id='par_1_113' title="bbox 502 5649 2065 5717">
     <span class='ocr_line' id='line_1_113' title="bbox 502 5649 2065 5717; baseline 0.007 -19"><span class='ocrx_word' id='word_1_794' title='bbox 502 5649 727 5711; x_wconf 81' lang='grc' dir='ltr'>σιλικός.</span> <span class='ocrx_word' id='word_1_795' title='bbox 754 5649 870 5703; x_wconf 76' lang='lat' dir='ltr'><strong>Vox</strong></span> <span class='ocrx_word' id='word_1_796' title='bbox 900 5657 984 5703; x_wconf 82' lang='lat' dir='ltr'><strong>est</strong></span> <span class='ocrx_word' id='word_1_797' title='bbox 1012 5652 1331 5717; x_wconf 76' lang='lat' dir='ltr'><strong>gettcralior,</strong></span> <span class='ocrx_word' id='word_1_798' title='bbox 1360 5661 1457 5698; x_wconf 75' lang='lat' dir='ltr'><strong>nec</strong></span> <span class='ocrx_word' id='word_1_799' title='bbox 1489 5662 1686 5701; x_wconf 85' lang='lat' dir='ltr'><strong>munus</strong></span> <span class='ocrx_word' id='word_1_800' title='bbox 1713 5659 1806 5702; x_wconf 84' lang='lat' dir='ltr'><strong>aut</strong></span> <span class='ocrx_word' id='word_1_801' title='bbox 1830 5649 2065 5710; x_wconf 79' lang='lat' dir='ltr'><strong>cilicium</strong></span> 
     </span>
    </p>
   </div>
   <div class='ocr_carea' id='block_1_114' title="bbox 501 5716 2064 5787">
    <p class='ocr_par' dir='ltr' id='par_1_114' title="bbox 501 5716 2064 5787">
     <span class='ocr_line' id='line_1_114' title="bbox 501 5716 2064 5787; baseline 0.007 -19"><span class='ocrx_word' id='word_1_802' title='bbox 501 5718 599 5787; x_wconf 52' lang='lat' dir='ltr'><strong>turi</strong></span> <span class='ocrx_word' id='word_1_803' title='bbox 635 5720 905 5784; x_wconf 87' lang='lat' dir='ltr'><strong>peculiare</strong></span> <span class='ocrx_word' id='word_1_804' title='bbox 930 5716 1188 5771; x_wconf 82' lang='lat' dir='ltr'><strong>declarat.</strong></span> <span class='ocrx_word' id='word_1_805' title='bbox 1225 5716 1290 5786; x_wconf 67' lang='lat' dir='ltr'><strong>Ut</strong></span> <span class='ocrx_word' id='word_1_806' title='bbox 1313 5717 1441 5787; x_wconf 71' lang='lat' dir='ltr'><strong>quis</strong></span> <span class='ocrx_word' id='word_1_807' title='bbox 1474 5718 1571 5769; x_wconf 78' lang='lat' dir='ltr'><strong>viri</strong></span> <span class='ocrx_word' id='word_1_808' title='bbox 1610 5720 1885 5786; x_wconf 82' lang='lat' dir='ltr'><strong>proprium</strong></span> <span class='ocrx_word' id='word_1_809' title='bbox 1921 5728 2064 5787; x_wconf 67' lang='lat' dir='ltr'><strong>velit,</strong></span> 
     </span>
    </p>
   </div>
   <div class='ocr_carea' id='block_1_115' title="bbox 502 5784 2064 5855">
    <p class='ocr_par' dir='ltr' id='par_1_115' title="bbox 502 5784 2064 5855">
     <span class='ocr_line' id='line_1_115' title="bbox 502 5784 2064 5855; baseline 0.01 -21"><span class='ocrx_word' id='word_1_810' title='bbox 502 5784 644 5837; x_wconf 84' lang='lat' dir='ltr'><strong>haud</strong></span> <span class='ocrx_word' id='word_1_811' title='bbox 693 5789 921 5840; x_wconf 89' lang='lat' dir='ltr'><strong>multum</strong></span> <span class='ocrx_word' id='word_1_812' title='bbox 955 5784 1288 5855; x_wconf 79' lang='lat' dir='ltr'><strong>relragabor.</strong></span> <span class='ocrx_word' id='word_1_813' title='bbox 1318 5784 1515 5841; x_wconf 76' lang='lat' dir='ltr'><strong>Fusius</strong></span> <span class='ocrx_word' id='word_1_814' title='bbox 1556 5784 1848 5844; x_wconf 69' lang='lat' dir='ltr'><strong>narrantur</strong></span> <span class='ocrx_word' id='word_1_815' title='bbox 1880 5784 2064 5851; x_wconf 49' lang='lat' dir='ltr'><strong>dctcc-L</strong></span> 
     </span>
    </p>
   </div>
   <div class='ocr_carea' id='block_1_116' title="bbox 2186 5594 3766 5677">
    <p class='ocr_par' dir='ltr' id='par_1_116' title="bbox 2186 5594 3766 5677">
     <span class='ocr_line' id='line_1_116' title="bbox 2186 5594 3766 5677; baseline 0.011 -30"><span class='ocrx_word' id='word_1_816' title='bbox 2186 5594 2315 5677; x_wconf 80' lang='lat' dir='ltr'><strong>tioni</strong></span> <span class='ocrx_word' id='word_1_817' title='bbox 2337 5597 2607 5677; x_wconf 57' lang='lat' dir='ltr'><strong>pecuniae</strong></span> <span class='ocrx_word' id='word_1_818' title='bbox 2641 5598 2875 5677; x_wconf 39' lang='lat' dir='ltr'><strong>.prmvia,</strong></span> <span class='ocrx_word' id='word_1_819' title='bbox 2905 5601 3319 5677; x_wconf 27' lang='lat' dir='ltr'><strong>ac‘virisaucti</strong></span> <span class='ocrx_word' id='word_1_820' title='bbox 3355 5606 3606 5668; x_wconf 77' lang='lat' dir='ltr'><strong>vocatio,</strong></span> <span class='ocrx_word' id='word_1_821' title='bbox 3636 5623 3766 5677; x_wconf 69' lang='lat' dir='ltr'><strong>quae</strong></span> 
     </span>
    </p>
   </div>
   <div class='ocr_carea' id='block_1_117' title="bbox 2187 5665 3765 5743">
    <p class='ocr_par' dir='ltr' id='par_1_117' title="bbox 2187 5665 3765 5743">
     <span class='ocr_line' id='line_1_117' title="bbox 2187 5665 3765 5743; baseline 0.012 -28"><span class='ocrx_word' id='word_1_822' title='bbox 2187 5665 2350 5718; x_wconf 81' lang='lat' dir='ltr'><strong>malui</strong></span> <span class='ocrx_word' id='word_1_823' title='bbox 2405 5665 2683 5724; x_wconf 74' lang='lat' dir='ltr'><strong>brevitatis</strong></span> <span class='ocrx_word' id='word_1_824' title='bbox 2734 5670 2952 5734; x_wconf 84' lang='lat' dir='ltr'><strong>studio,</strong></span> <span class='ocrx_word' id='word_1_825' title='bbox 2987 5672 3129 5726; x_wconf 85' lang='lat' dir='ltr'><strong>haud</strong></span> <span class='ocrx_word' id='word_1_826' title='bbox 3163 5674 3234 5728; x_wconf 78' lang='lat' dir='ltr'><strong>ita</strong></span> <span class='ocrx_word' id='word_1_827' title='bbox 3270 5665 3601 5743; x_wconf 83' lang='lat' dir='ltr'><strong>necessaria,</strong></span> <span class='ocrx_word' id='word_1_828' title='bbox 3640 5665 3765 5735; x_wconf 64' lang='lat' dir='ltr'><strong>5m-</strong></span> 
     </span>
    </p>
   </div>
   <div class='ocr_carea' id='block_1_118' title="bbox 2179 5746 2391 5803">
    <p class='ocr_par' dir='ltr' id='par_1_118' title="bbox 2179 5746 2391 5803">
     <span class='ocr_line' id='line_1_118' title="bbox 2179 5746 2391 5803; baseline 0.024 -18"><span class='ocrx_word' id='word_1_829' title='bbox 2179 5746 2391 5803; x_wconf 80' lang='lat' dir='ltr'><strong>putare.</strong></span> 
     </span>
    </p>
   </div>
  </div>
