4094 6410
481 365 586 428 463

1943 354 2142 417 ΑΝΟΝ
2158 356 2291 415 ΥΜΙ

3654 353 3765 415 464

484 496 698 560 preces,
719 496 787 536 ac
803 484 1076 541 sanctum,
1100 472 1259 543 cuius
1279 471 1387 528 illic
1408 477 1525 526 erat
1547 483 1748 541 corpus
1767 468 2062 560 sepultum.

2177 467 2371 521 τοιόνδε
2406 466 2577 521 κακδν
2639 466 2941 539 θεραπείας
2977 466 3112 540 εὐχὴ
3152 464 3404 539 συνεχὴς,
3443 465 3579 538 πρὸς
3630 465 3765 518 Θεόν

480 559 535 637 is
558 578 640 633 illi
671 576 726 630 in
758 572 969 629 somnis
1000 581 1291 638 apparens,
1350 564 1574 619 herbam
1607 560 1867 624 ostendit,
1899 574 1964 614 ac
1995 559 2068 613 ita

483 670 725 728 aﬂ‘atur:
767 685 787 718 ι
833 662 938 718 Per
995 662 1137 714 hanc
1187 657 1431 728 quidem,
1494 654 1762 709 medelam
1822 651 2069 707 invenies

482 766 605 834 ejus
631 760 775 832 quod
802 755 1008 825 alﬂigit.
1033 750 1303 807 Caeterum
1332 748 1626 819 perspicue
1675 745 1920 807 noveris,
1955 743 2070 798 fore

483 868 547 913 ut
574 851 850 926 patientiae
901 845 1147 918 praemio,
1174 845 1294 911 ejus
1321 841 1643 897 certaminis
1665 839 1840 911 gratia
1863 837 2067 900 debito,

484 947 739 1021 priveris.
764 963 782 996 ι
805 941 946 996 Tum
973 938 1061 993 ille
1092 952 1123 991 a
1157 951 1353 991 somno
1373 935 1665 999 excitatus,
1692 929 1839 986 haud
1861 929 2066 984 malum

488 1059 547 1098 se
578 1040 872 1101 arbitrum,
902 1034 1023 1103 ejus
1048 1028 1197 1101 quod
1229 1026 1580 1083 conducibile
1605 1033 1777 1086 esset.
1802 1022 2069 1078 electione

481 1132 759 1196 ostendit;
797 1142 900 1183 nec
924 1126 1042 1196 ejus
1074 1120 1220 1193 quod
1257 1120 1563 1176 molestiam
1591 1119 1819 1182 faceret,
1854 1117 1924 1171 ad
1955 1130 2070 1171 mo-

484 1226 668 1281 tlicum
728 1220 943 1288 tempus
1003 1212 1413 1275 remissionem,
1458 1218 1683 1264 atterna:
1716 1206 2067 1264 retributioni

484 1313 816 1388 pra'posuit:
844 1306 977 1380 quin
1000 1304 1166 1376 elegit
1196 1303 1279 1359 sic
1312 1302 1446 1373 pati,
1484 1302 1660 1356 donec
1689 1303 1737 1355 is
1761 1299 1857 1370 qui
1884 1299 2067 1354 scien-

486 1416 684 1465 tiarum
720 1403 1011 1468 Dominus,
1050 1399 1334 1454 destinata:
1372 1396 1475 1451 soli
1530 1394 1795 1449 voluntati
1831 1392 2068 1448 aetionis

482 1497 1018 1556 consununatiouem
1072 1488 1326 1553 ascribit,
1353 1503 1477 1543 cum
1512 1488 1750 1558 plagam,
1779 1502 1884 1557 qua
1917 1485 2069 1540 novit

481 1599 599 1667 ipse
629 1592 862 1651 ratione,
902 1586 1138 1650 curavit,
1176 1595 1288 1638 tum
1320 1579 1564 1654 perfecta
1592 1580 1812 1635 athleta!
1842 1579 2067 1648 praemia

481 1691 536 1745 in
576 1687 819 1742 futurum
847 1679 1117 1751 reposuit.

553 1781 796 1848 Tempus
825 1788 955 1829 vero
985 1784 1067 1826 est
1088 1781 1168 1825 ~ut
1201 1769 1270 1825 de
1303 1767 1424 1836 ejus
1452 1765 1580 1821 inde
1631 1763 1959 1836 migratione
2009 1763 2065 1817 in

2172 573 2232 612 τε
2261 558 2355 611 καὶ
2381 559 2474 612 τὸν
2508 560 2688 612 ἐκεῖσε
2717 561 3001 630 σαρκικῶς
3027 560 3183 628 ἅγιον
3213 559 3490 629 κείμενον·
3525 558 3585 622 ὃς
3631 559 3767 628 δναρ

2173 652 2321 724 αὑτῷ
2350 654 2660 722 ἐπιφανεὶς,
2698 653 2934 726 βοτάνην
2962 653 3330 708 ὑποδεικνύει·
3367 671 3387 705 t
3420 652 3518 705 Διὰ
3535 652 3766 720 ταύτης,

2174 745 2372 815 λέγων,
2402 745 2497 800 τοῦ
2555 747 2657 817 μὲν
2714 745 3017 810 λυποῦντος
3077 747 3335 818 εὑρήσεις
3385 746 3562 834 ξασιν·
3622 746 3768 815 πλὴν

2170 838 2287 895 ἀλλ’
2330 838 2437 892 ἴσθι
2469 840 2656 910 σαφῶς
2680 840 2761 894 ὃτι
2785 838 2879 894 τοῦ
2914 839 3165 894 ἐντεῦθεν
3193 838 3548 910 όφειλομένου
3568 836 3770 910 μισθοῦ

2171 932 2275 1003 τῆς
2300 932 2584 1003 ὑπομονῆς
2608 932 2908 1005 ἀποτεύεῃ.
2954 953 2974 984 ι
3001 928 3137 987 Εἶτα
3166 931 3471 1002 διεγερθεὶς
3530 933 3764 995 ἐκεῖνος,

2172 1027 2235 1079 οὑ
2276 1026 2446 1088 κακὸς
2477 1024 2652 1097 ἐφάνη
2686 1025 2817 1099 περὶ
2845 1025 2945 1097 τὴν
2978 1025 3194 1097 αἵρεσιν
3218 1022 3316 1078 τοῦ
3345 1023 3767 1087 λυσιτελοῦντος

2170 1116 2478 1187 διαιτητήςο
2506 1116 2616 1170 οὐδ’
2647 1117 2831 1171 ἄνεσιν
2856 1117 2951 1171 τοῦ
2988 1117 3125 1187 πρὸς
3153 1116 3354 1187 μικρὸν
3376 1115 3527 1186 αὑτῷ
3553 1116 3772 1188 διοχλή-

2172 1225 2382 1273 σοντος,
2421 1209 2648 1273 αἱωνίας
2680 1209 3005 1282 προέκρινεν
3035 1209 3360 1271 ἀντιδόσεως
3388 1225 3403 1241 ·
3432 1208 3564 1263 ῖάλλ’
3595 1210 3776 1263 εἵλετο

2170 1301 2405 1372 πάσχειν
2466 1301 2663 1368 οὕτως,
2721 1301 2828 1366 ἕως
2856 1305 2887 1355 ό
2925 1302 3037 1356 τῶν
3084 1301 3343 1370 γνώσεων
3404 1300 3631 1369 Κύριος,
3675 1302 3774 1355 καὶ

2174 1393 2434 1464 προθέσει
2471 1393 2611 1466 μόνῃ
2642 1393 2901 1465 πράξεως
2927 1394 3243 1448 συντέλειαν
3287 1393 3641 1464 ἐπιγράφων,
3677 1396 3775 1449 καὶ⁵

2171 1484 2274 1555 τὴν
2330 1484 2573 1555 πληγὴν,
2602 1484 2678 1549 ὡς
2754 1480 2923 1551 οἶδεν,
2959 1485 3176 1551 ἰάσατο,
3248 1486 3344 1538 καὶ
3407 1484 3649 1549 τελείους
3692 1486 3775 1556 τῷ

2170 1576 2383 1647 ἀθλητῇ
2459 1577 2591 1641 τοὺς
2666 1576 2896 1648 μισθοὺς
2970 1579 3053 1640 είς
3117 1576 3178 1631 τὸ
3244 1577 3440 1647 μέλλον
3507 1577 3777 1650 ἐταμιεύ-

2173 1687 2330 1724 σατο.

2246 1762 2389 1833 ’Ὦρα
2416 1762 2475 1818 δὲ
2511 1760 2606 1817 καὶ
2638 1762 2897 1835 περὶτῆς
2938 1761 3108 1817 αὑτοῦ
3142 1764 3507 1833 μεταϐάσεως
3565 1764 3664 1819 νῦν
3694 1767 3778 1820 εῖ-

483 1829 901 1945 βνωεθιιὶἰενυιιι
931 1864 1210 1924 dicamus;
1235 1869 1405 1929 atque
1457 1868 1516 1911 ut
1560 1857 1629 1922 is,
1671 1855 1863 1911 relicta
1893 1869 1958 1909 ea
1990 1854 2073 1908 in-

2178 1829 2332 1907 miv;
2375 1855 2471 1908 καὶ
2503 1855 2654 1918 ὅπως
2704 1829 2825 1910 τάδε
2850 1829 2937 1911 -τὸ
2979 1829 3166 1928 νησίον
3224 1856 3528 1922 ἀπολιπὼν,
3572 1858 3655 1913 εἰς
3681 1860 3777 1911 τὸν

488 1964 605 2020 suta
664 1961 718 2015 in
740 1959 933 2012 locum
968 1952 1269 2015 transierit,
1304 1952 1400 2020 qui
1456 1957 1511 2003 et
1560 1947 1884 2003 morientem
1919 1947 2071 2013 vidit,

489 2058 717 2128 ejusque
749 2066 840 2106 mo
863 2055 912 2105 lo
940 2046 1204 2118 reliquias
1236 2043 1498 2115 possidet.
1549 2041 1655 2108 Qui
1710 2051 1905 2096 sancto
1957 2042 2075 2094 viro

484 2150 626 2219 fugae
656 2145 792 2200 socii
834 2143 1069 2203 fuerant,
1101 2154 1167 2193 ac
1200 2136 1428 2191 multam
1474 2135 1544 2188 ab
1578 2149 1643 2189 eo
1680 2134 1733 2187 in
1782 2148 1844 2187 ea
1897 2132 2071 2187 insula

486 2240 828 2296 curationem
855 2231 1147 2301 ofﬁciaque
1169 2234 1557 2298 perceperant,
1590 2225 1628 2279 ii
1665 2224 1855 2295 utique
1905 2226 2074 2293 probe

487 2333 666 2406 gnari,
696 2342 864 2400 quam
900 2325 1006 2380 viri
1041 2330 1283 2394 spectata
1310 2321 1493 2376 virtus
1535 2324 1704 2382 esset,
1734 2332 1801 2373 ac
1848 2317 2074 2386 prapin-

485 2442 654 2497 quum
694 2422 897 2477 habere
924 2418 1193 2480 volentes,
1228 2414 1454 2468 ad-eum
1474 2410 1767 2466 accedunt.
1805 2408 1949 2474 Quid
1976 2422 2075 2462 au-

488 2530 594 2573 tem
645 2515 729 2570 vel
770 2528 877 2568 non
932 2510 1202 2571 dicentes,
1241 2505 1327 2561 vel
1385 2513 1647 2574 praestare
1709 2501 2070 2571 negligentes.

488 2625 678 2667 corum
739 2606 943 2678 quibus
992 2601 1211 2657 animus
1250 2597 1507 2653 {assuetis
1558 2595 1817 2650 delectari
1879 2592 2074 2648 solitus

486 2721 550 2761 ac
575 2706 801 2757 moleste
832 2697 1059 2753 omnino
1095 2693 1341 2748 locorum
1380 2688 1713 2744 mutationes
1736 2685 1950 2751 ferens,
1983 2685 2072 2739 iu-

485 2794 628 2849 tlecti
652 2806 815 2863 posse
839 2787 1139 2843 videretur.
1155 2783 1222 2838 ad
1255 2782 1438 2837 locum
1462 2780 1764 2841 adducunt,
1800 2776 2073 2831 hactenus

485 2887 705 2957 quidem
742 2880 866 2951 eius
897 2885 1110 2932 tantum
1142 2882 1508 2944 spectatorem
1537 2868 1785 2925 futurum
1814 2882 1829 2920 :
1859 2881 1927 2921 ac
1967 2864 2071 2921 nisi

482 2995 548 3035 ex
582 2977 766 3031 animo
798 2971 1096 3035 videretur,
1124 2967 1191 3022 ad
1228 2964 1431 3036 prioris
1463 2963 1662 3017 iterum
1717 2958 1827 3015 loci
1858 2964 2072 3014 secreta

484 3078 852 3123 reversurum.
887 3061 1028 3115 Tum
1051 3060 1230 3113 virum
1248 3057 1670 3112 circumstantes
1701 3067 1717 3105 :
1747 3069 1766 3103 ι
1795 3048 2071 3116 Quandiu,

483 3160 725 3223 aiebant,
762 3153 1036 3210 babitabis
1065 3154 1121 3206 in
1154 3151 1291 3205 locis
1316 3146 1634 3211 maritimis,
1669 3144 1897 3198 multam
1922 3156 1952 3195 a
1971 3155 2072 3195 na-

483 3254 644 3309 vibus
669 3249 1006 3317 multamque
1035 3259 1067 3298 a
1091 3240 1548 3315 praetereuntibus
1570 3238 1879 3292 molestiam
1906 3233 2068 3290 babi-

484 3343 684 3403 turus?
714 3341 876 3396 Vides
898 3337 1236 3409 qualislocus
1264 3335 1336 3390 sit
1366 3331 1717 3402 inquo-stas?
1743 3329 1906 3396 Quali
1929 3329 2073 3386 aeris

486 3434 782 3508 temperie?
821 3431 997 3500 Quam
1031 3425 1391 3492 delectabilis,
1423 3434 1588 3494 atque
1615 3425 1686 3477 ab
1729 3423 1880 3477 omni
1911 3422 2072 3477 turba

486 3532 643 3594 liber,
673 3529 874 3597 vixque
901 3539 1009 3579 non
1049 3520 1371 3577 hominibus
1406 3517 1627 3573 invius?
1663 3516 1892 3572 Accedit
1916 3530 2075 3586 aquae

487 3619 884 3691 timpidissiunm
913 3614 1072 3686 copia
1119 3626 1241 3682 qua:
1271 3610 1407 3664 satis
1440 3607 1659 3674 habeat,
1691 3622 1814 3662 cum
1852 3606 1920 3662 ad
1953 3607 2075 3662 sitis

489 3731 674 3781 usum,
706 3723 817 3767 tum
851 3711 916 3764 ad
946 3705 1223 3778 irrigauda
1260 3704 1411 3758 olera
1440 3718 1505 3757 ac
1539 3702 1776 3772 plantas.
1801 3698 1948 3754 Nihil
1979 3709 2075 3755 tuo

487 3807 765 3865 desiderio
803 3801 887 3857 vel
920 3815 1029 3855 non
1062 3795 1364 3857 subiciens.
1402 3795 1489 3849 vel
1519 3796 1703 3849 ntinus
1731 3792 1958 3862 dignum
1987 3791 2075 3847 iu-

489 3902 683 3956 venies
717 3915 732 3953 :
767 3899 861 3953 sed
895 3903 951 3950 et
997 3910 1097 3949 nos
1123 3894 1190 3947 ad
1229 3905 1392 3946 omne
1427 3888 1716 3944 ministerii
1748 3885 2075 3958 obsequium

488 4001 774 4065 promptos
806 4005 871 4044 ac
918 3988 1133 4042 alacres
1176 3985 1465 4040 habiturus
1498 3997 1579 4038 es.
1623 4000 1641 4032 ι

562 4183 764 4239 Libens
789 4183 974 4250 itaque
1002 4177 1195 4233 beatus
1236 4173 1416 4230 Lucas
1446 4188 1572 4229 cum
1604 4187 1794 4228 eorum
1828 4171 2081 4226 volunta-

2174 1947 2366 2013 τόπον,
2390 1945 2453 2007 ὃς
2504 1949 2601 2001 καὶ
2659 1946 2890 2003 θανόντα
2933 1948 3125 2003 τοῦτον
3170 1947 3406 2019 ἑώρακε,
3464 1951 3559 2003 καὶ
3580 1948 3678 2003 νῦν
3714 1953 3777 2004 τὸ

2181 2040 2329 2110 ἱερὸν
2381 2039 2548 2095 αὑτοῦ
2615 2041 2842 2095 πλουτεῖ
2888 2040 3160 2111 λείψανον,
3202 2042 3549 2111 μεταδαίνει.
3593 2044 3654 2096 Ol
3689 2045 3770 2111 τῷ

2184 2132 2330 2201 ἁγίῳ
2363 2130 2464 2199 τῆς
2497 2131 2681 2201 φυγῆς
2729 2134 3185 2202 κοινωνήσαντες,
3217 2132 3420 2205 πολλῆς
3445 2151 3506 2187 τε
3525 2138 3620 2206 τῆς
3636 2122 3768 2205 παρ’

2178 2221 2350 2278 αὑτοῦ
2380 2223 2680 2295 θεραπείας
2714 2223 2773 2278 έν
2806 2241 2870 2292 γε
2906 2227 2972 2295 τῇ
3023 2227 3173 2297 νήσῳ
3208 2226 3384 2298 ταύτῃ
3435 2228 3775 2298 μετεσχηκόο

2180 2330 2296 2381 τες,
2323 2307 2479 2368 οὗτοι
2507 2313 2713 2386 δηλαδὴ
2747 2315 3023 2386 μαθόντες,
3046 2312 3159 2381 οἷος
3185 2320 3396 2382 ἐκεῖνος
3420 2321 3520 2391 τὴν
3548 2321 3780 2391 ἀρετὴν,

2176 2407 2273 2483 καὶ
2301 2404 2623 2477 βουλόμενοι
2647 2407 2839 2461 τοῦτον
2872 2409 3176 2477 ἐγγίζοντα
3220 2410 3389 2481 ἔχειν,
3442 2411 3782 2481 προσελθόν-

2175 2513 2288 2564 τες,
2320 2498 2415 2552 καὶ
2445 2499 2499 2551 τί
2531 2498 2633 2569 μὲν
2653 2500 2755 2553 οὑκ
2778 2500 3053 2568 εἰπόντες,
3079 2505 3133 2555 τί
3167 2502 3226 2556 δὲ
3254 2503 3316 2555 οὑ
3347 2494 3646 2576 δράσαντες
3666 2505 3779 2557 τῶν

2175 2594 2362 2645 πεῖσαι
2393 2590 2716 2661 δυναμένων
2747 2593 3085 2666 φιλοσυνήθη
3112 2595 3327 2667 ψυχὴν,
3363 2599 3578 2662 καὶτὰς
3608 2616 3784 2669 μετα-

2175 2683 2372 2746 δάσεις
2395 2684 2660 2748 ἐπιεικῶς
2680 2686 3172 2758 δυσχεραίνουσαν,
3200 2690 3480 2760 ἀπάγουσι
3526 2693 3667 2762 πρὸς
3690 2692 3784 2746 τὸν

2173 2776 2364 2844 τόπον,
2405 2775 2483 2841 ὡς
2538 2778 2597 2830 τό
2655 2792 2722 2846 γε
2780 2778 2877 2831 νῦν
2921 2780 3066 2850 ἔχον,
3129 2781 3327 2853 θεατὴν
3382 2783 3544 2852 μόνον
3615 2785 3783 2839 αὑτοῦ

2175 2872 2454 2943 ἐσόμενον·
2481 2872 2578 2927 καὶ
2610 2875 2658 2927 εί
2694 2875 2771 2946 μὴ
2798 2877 2941 2931 κατὰ
3000 2877 3232 2951 γνώμην
3279 2881 3448 2946 δοκεῖ,
3484 2884 3654 2938 πάλιν
3703 2886 3786 2949 είς

2172 2965 2272 3037 τὴν
2296 2965 2579 3037 προτέραν
2610 2968 2957 3040 ὲπανήξοντα
2987 2975 3306 3044 παροικίαν.
3329 2972 3457 3031 Εἶτα
3480 2978 3789 3049 περιστάν-

2172 3072 2287 3120 τες’
2346 3075 2370 3109 ι
2419 3058 2600 3128 Μέχρι
2640 3060 2810 3126 τινος,
2870 3061 3080 3131 ἔλεγον,
3130 3067 3605 3140 ὲμφιλοχωρήσεις
3659 3074 3786 3136 ταῖς

2174 3149 2503 3220 παραλίοις,
2579 3150 2798 3216 πολλοῖς
2887 3155 2990 3224 μὲν
3062 3158 3178 3221 τοῖς
3239 3160 3304 3213 ἐκ
3378 3160 3489 3214 τῶν
3542 3162 3776 3218 πλοίων·

2176 3240 2395 3304 πολλοῖς
2458 3241 2519 3295 δὲ
2595 3244 2692 3296 καὶ
2759 3244 2872 3299 τῶν
2956 3251 3515 3320 παραπορευομένων
3594 3255 3785 3326 ὀχλού-

2179 3347 2341 3402 μενος
2385 3332 2500 3395 τοῖς
2550 3330 2843 3403 θορύϐοις;
2907 3335 3069 3409 Ὁρᾷς
3110 3334 3223 3404 οἷος
3252 3342 3340 3395 ὅδε
3394 3343 3572 3415 χῶρος
3607 3348 3693 3415 ἐφ’
3724 3348 3784 3401 ὃν

2175 3423 2453 3492 ἒστηκαςς
2484 3423 2560 3488 ὡς
2580 3426 2876 3497 εὑκρατὴς,
2926 3429 3005 3493 ὡς
3055 3432 3384 3505 ἐπιτερπὴς,
3416 3436 3654 3507 θορύϐου
3709 3457 3771 3495 τε

2177 3518 2387 3581 παντὸς
2441 3516 2753 3589 ἐλεύθερος,
2802 3523 2898 3575 καὶ
2946 3523 3263 3593 ἀνθρώποις
3298 3528 3490 3598 σχεδὸν
3538 3531 3779 3598 ἄϐατοςτ

2182 3608 2393 3672 ’Δλλως
2425 3626 2484 3662 τε
2504 3610 2562 3663 δὲ
2593 3612 2689 3664 καὶ
2719 3610 2913 3677 ὕδατος
2933 3615 3189 3686 εὐπορῶν
3217 3616 3317 3674 τοῦ
3341 3596 3779 3693 καθαρωτάτουῖ

2178 3701 2315 3773 ὁμοῦ
2347 3702 2487 3772 πρός
2517 3718 2577 3755 τε
2606 3703 2800 3774 χρείαν
2831 3705 3017 3777 δίψης,
3047 3712 3142 3763 καὶ
3172 3711 3313 3782 πρὸς
3337 3714 3563 3785 άρδείαν
3604 3717 3776 3789 λαχά-

2179 3811 2286 3849 νων
2316 3794 2414 3848 καὶ
2464 3795 2656 3865 φυτῶν
2716 3798 2926 3862 ἱκανῶς
2983 3800 3224 3872 ἔχοντος.
3287 3806 3457 3861 Οὐδὲν
3516 3808 3617 3879 τῆς
3673 3811 3778 3881 σῆς

2181 3886 2485 3957 ἐπιθυμίας
2530 3886 2751 3952 ἐλλιπὲς
2807 3890 3068 3962 εὑρήσεις
3120 3892 3152 3964 ἣ
3200 3895 3444 3964 άνάξιονο
3506 3898 3643 3956 ἀλλὰ
3687 3903 3787 3958 καὶ

2180 3981 2329 4051 ἡμᾶς
2356 3979 2499 4046 ἔξεις
2555 3980 2905 4050 εὐπρόθνμόν
2956 4000 3041 4040 σοι
3083 3988 3266 4041 πᾶσαν
3328 3989 3786 4064 ὑπηρετήσοντας

2179 4076 2545 4144 λειτουργίαν.

2264 4174 2696 4245 Ἀποδεξάμενος
2727 4177 2864 4246 γοῦν
2894 4177 3090 4243 αὑτούς
3122 4196 3181 4233 τε
3213 4181 3307 4234 καὶ
3334 4182 3436 4253 τῆς
3464 4183 3786 4255 προθέσεως

491 4284 598 4330 tem
655 4269 864 4334 habuit,
903 4277 1019 4324 tum
1055 4266 1161 4321 loci
1211 4267 1377 4321 situm
1430 4274 1688 4332 tanquam
1721 4271 2003 4318 ostensum
2044 4278 2073 4316 a

2179 4269 2209 4319 ὁ
2249 4269 2489 4334 Λουκᾶς,
2522 4270 2618 4323 καὶ
2666 4270 2759 4324 τὸν
2812 4271 2994 4342 χῶρον
3045 4273 3146 4343 τῆς
3205 4272 3409 4339 θέσεως
3470 4276 3578 4329 ὑπὸ
3626 4278 3773 4332 Θεοῦ

495 4364 627 4428 Deo,
663 4359 940 4417 adamavit
971 4356 1196 4428 pariter,
1231 4365 1396 4425 atque
1425 4354 1481 4407 in
1525 4367 1591 4408 eo
1617 4352 1877 4422 deinceps
1918 4351 2073 4407 habi~

2180 4359 2500 4430 δειχθέντα,
2542 4352 2799 4433 η’γάπησέ
2854 4380 2915 4416 τε
2961 4365 3059 4418 καὶ
3087 4366 3147 4421 ἐν
3191 4365 3347 4435 αὑτῷ
3390 4370 3683 4438 παροικεῖν
3714 4373 3782 4423 τὸ

492 4465 613 4511 tare
641 4452 852 4509 statuit.
883 4450 1110 4515 Adbaec,
1136 4460 1330 4516 aquam
1356 4444 1673 4500 obnubente
1701 4445 1835 4498 silva
1861 4445 2073 4499 nudans

2183 4450 2375 4504 λοιπὸν
2412 4452 2729 4523 ᾑρετίσατο.
2759 4454 2996 4510 Ἔπειτα
3021 4456 3084 4509 τὸ
3109 4457 3252 4530 ὕδωρ
3279 4465 3384 4530 τῆς
3423 4462 3783 4534 παρακειμέ-

493 4545 859 4616 llmpidiorem
916 4540 1081 4596 simul
1103 4553 1173 4594 ae
1221 4538 1587 4609 copiosiorem
1651 4551 1875 4592 manare
1928 4536 2073 4593 fecit.

2187 4561 2287 4614 νης
2350 4544 2481 4613 ῦλης
2532 4547 2965 4619 ἀπογυμνώσας,
3017 4550 3407 4625 διαυγέστερον
3444 4556 3583 4627 ὁμοῦ
3628 4561 3788 4613 νάειν

492 4638 597 4693 Per
611 4636 856 4708 singulas
877 4641 1059 4689 autem
1096 4632 1261 4686 ltoras
1287 4631 1468 4685 locum
1491 4630 1685 4703 colens,
1699 4645 1764 4684 ac
1785 4629 2078 4695 mundaus,

492 4728 753 4799 omnique
781 4726 1040 4780 arborum
1085 4736 1288 4792 genere
1313 4737 1630 4788 conserens,
1662 4732 1918 4792 tanquam
1953 4722 2082 4775 bor-

493 4832 608 4877 tum
661 4817 1119 4889 pulcherrimum,
1167 4815 1368 4870 nedum
1420 4815 1626 4885 gustui,
1674 4816 1769 4871 sed
1813 4826 1862 4871 et
1902 4814 2080 4871 oculis

493 4912 713 4984 egregie
744 4910 1074 4981 placentem,
1112 4907 1373 4963 ostendit.
1418 4907 1683 4962 Ccllulam
1714 4916 1922 4972 autem,
1969 4921 2078 4960 non

493 4986 663 5076 prope
698 5004 916 5058 hortum
955 5017 1021 5056 ac
1056 4999 1293 5065 fontem,
1328 5001 1423 5055 sed
1462 5001 1639 5070 magis
1663 4999 1821 5069 longe
1868 4999 2077 5069 procul,

492 5078 557 5154 ac
598 5099 741 5152 inter
771 5097 1017 5161 dumeta,
1059 5103 1119 5149 ut
1152 5110 1218 5149 ue
1250 5094 1408 5149 facile
1450 5095 1640 5148 multis
1672 5095 1888 5163 cognita
1919 5093 2079 5155 foret,

494 5189 689 5245 erexit.
718 5187 932 5259 Quippe
973 5188 1159 5242 animo
1205 5174 1566 5242 constitutum
1609 5195 1749 5249 erat,
1799 5195 1858 5239 ut
1901 5185 2080 5241 inanis

493 5296 708 5352 semper
742 5281 929 5353 gloriae
971 5278 1296 5334 occasiones
1328 5284 1677 5345 amputaret,
1720 5285 1888 5346 utque
1933 5292 2081 5332 mor-

495 5385 623 5429 tuus
650 5374 836 5443 ponus
867 5386 1033 5442 quam
1064 5371 1247 5434 vivus,
1279 5368 1349 5422 iis
1374 5369 1703 5437 quibuscum
1738 5380 2073 5432 versaretur,

496 5475 639 5521 esset
676 5465 881 5535 pariter
915 5478 981 5519 ac
1009 5469 1319 5533 putaretur.

564 5646 789 5714 Potitus,
815 5664 978 5718 quem
1012 5659 1219 5705 norunt
1243 5660 1463 5716 omnes,
1492 5649 1585 5718 qui
1616 5656 1670 5702 et
1700 5648 1892 5703 Atticae
1939 5663 2079 5719 prte-

497 5738 787 5803 l'ecturam,
830 5750 1017 5811 utpote
1056 5753 1258 5812 praetor
1302 5742 1678 5797 concreditam
1734 5740 1966 5806 habuit;
2029 5743 2079 5796 is

498 5822 699 5881 Thebis
751 5828 1025 5900 habitans,
1089 5835 1343 5905 conjugis
1401 5845 1454 5891 et
1514 5836 1629 5903 ipse
1695 5833 1861 5903 laeto,
1897 5838 2078 5905 magni

2184 4636 2280 4689 καὶ
2327 4635 2713 4708 ἀφθονώτερον
2774 4641 3218 4711 παρεσκεύασεν.
3278 4644 3450 4701 Ὅσαι
3514 4647 3573 4701 δὲ
3625 4644 3779 4719 ὧραι

2185 4724 2495 4793 φιλοκαλῶν
2554 4732 2650 4782 καὶ
2707 4733 3018 4804 καθαίρων,
3068 4743 3163 4789 καὶ
3232 4743 3471 4793 παντοῖα
3522 4743 3779 4812 φυτεύω.

2183 4820 2349 4886 φυτά,
2406 4821 2735 4890 παράδεισον
2785 4819 2899 4878 οἷον
2957 4829 3246 4898 ἀπέδειξεν
3312 4833 3673 4904 ὡραιότατον,
3711 4840 3785 4891 οὑ

2183 4910 2372 4978 γεύσει
2426 4914 2609 4981 μόνον,
2639 4916 2777 4969 ἀλλὰ
2812 4919 2906 4971 καὶ
2935 4921 3237 4992 ὀφθαλμοῖς
3288 4928 3633 4998 χαριζόμενά
3659 4928 3786 5001 [ῖσ.

2188 5004 2595 5079 χαριζόμενον].
2633 5008 2707 5062 Τὸ
2739 5013 2930 5081 μέντοι
2963 5015 3200 5083 κελλίον,
3227 5019 3289 5071 οὑ
3318 5020 3551 5089 πλησίον
3578 5021 3790 5076 τούτου

2182 5097 2278 5188 καί
2304 5098 2403 5167 τῆς
2436 5103 2615 5172 πηγῆς
2643 5118 2654 5131 ⁸
2690 5102 2765 5165 ὡς
2801 5108 3143 5176 πορρωτάτω
3198 5110 3255 5164 δὲ
3300 5112 3507 5179 μᾶλλον
3537 5116 3634 5168 καὶ
3677 5127 3791 5188 its.“-

2187 5187 2320 5252 ταξῦ
2348 5189 2456 5242 τῶν
2498 5191 2800 5262 θαμνωδῶν
2841 5199 3028 5265 φυτῶν
3068 5199 3330 5271 ἔστησενο
3379 5203 3525 5258 ὥστε
3555 5206 3631 5277 μὴ
3675 5211 3791 5278 pqr-

2186 5283 2314 5347 δίως
2338 5289 2453 5349 τοῖς
2487 5289 2701 5353 πολλοῖς
2735 5293 2989 5365 ἐπίδηλον
3020 5292 3181 5351 εἶναι.
3226 5299 3438 5364 Σκοπὸς
3474 5303 3586 5373 γάρ
3615 5305 3781 5375 αὐτῷ

2188 5376 2286 5438 τὶς
2318 5380 2419 5448 τῆς
2455 5381 2621 5452 κενῆς
2650 5383 2811 5455 δόξης
2842 5388 3105 5458 ἀφορμάς
3135 5391 3224 5443 ἀεὶ
3264 5409 3646 5465 περικνιπτειν,
3675 5398 3790 5451 καὶ

2187 5466 2261 5529 ὡς
2293 5470 2572 5540 τεθνηκὼς
2606 5475 2812 5544 μᾶλλον
2852 5481 2968 5542 τοῖς
3005 5482 3295 5553 παροῦσιν,
3330 5486 3363 5558 ἢ
3396 5485 3506 5551 ζῶν
3535 5486 3680 5543 εἷναί
3709 5508 3781 5545 τε

2186 5564 2279 5612 καὶ
2308 5563 2645 5633 νομίζεσθαι.

2258 5652 2449 5719 Πόθος,
2480 5657 2540 5709 ὂν
2571 5659 2718 5712 ῖσασι
2749 5662 2976 5731 πάντες,
3010 5666 3068 5731 ὃς
3107 5670 3201 5722 καὶ
3230 5671 3332 5740 τὴν
3380 5673 3481 5742 τῆς
3518 5672 3788 5739 Ἑλλάδος

2186 5746 2362 5817 ἀρχὴν
2400 5743 2486 5801 οἷα
2536 5755 2841 5823 στρατηγὸς
2888 5756 3048 5829 ἔτυχε
3108 5763 3424 5828 πιστευθείς
3450 5783 3465 5799 -
3509 5762 3666 5831 οὗτος
3710 5769 3785 5837 ἐν

2189 5838 2399 5910 Θὴὂαις
2433 5840 2528 5904 τὰς
2569 5843 2854 5916 διατριϐάς
2904 5848 3068 5919 ἔχων,
3121 5854 3269 5923 ἔργῳ
3324 5859 3418 5910 καὶ
3467 5859 3625 5917 αὺτὺς
3676 5860 3787 5924 si;
