4094 6412
322 344 429 410 ίθέι

1462 343 1639 403 νιΤΑ
1679 344 1739 404 S.
1782 342 1995 406 LUC/E
2034 343 2418 405 IUNIORIS.

3471 333 3577 394 466

327 460 579 517 συνοίκου
634 460 716 530 τῷ
764 459 989 531 μεγάλῳ
1039 458 1151 531 [γρ.
1209 458 1304 513 τοῦ
1354 457 1618 529 μεγάλου]
1674 459 1899 527 χάριτος

2045 458 2148 511 lius
2182 455 2501 511 beneﬁcium
2526 451 2954 524 persensit.Cum
2985 450 3129 504 enim
3156 455 3445 516 tempestas
3469 447 3577 498 non

326 552 613 625 ἐπειράθη.
648 552 829 622 Ζάλης
859 549 971 620 γὰρ
995 551 1055 604 οὐ
1093 550 1300 620 μικρᾶς
1327 551 1389 604 τὸ
1416 549 1713 615 Βυζάντιον
1745 548 1902 620 ἐ,χού-

328 663 453 719 σης,
492 646 591 700 ἀτε
638 645 706 715 δὴ
760 645 1077 715 τυραννίδος
1124 643 1430 706 ἐπιθέσεως
1468 644 1607 698 κατά
1648 643 1746 697 τοῦ
1781 642 1904 697 τότε

327 739 753 813 βασιλεύοντοςο
787 741 1208 802 Κωνσταντῖνος
1235 734 1394 803 οὗτος
1439 734 1510 809 ἦν
1563 740 1592 793 ό
1638 740 1901 811 χρηστὸς,

330 833 764 906 μελετηθείσης·
796 833 1041 896 ἅπαντας
1088 834 1217 896 τοὺς
1259 832 1518 887 ὑπόνοιαν
1567 834 1663 886 καὶ.
1700 830 1907 902 μικρὰν

328 927 667 996 ὑποσχόντας
708 925 828 978 ἐκεῖ
859 924 1233 995 συνήθροιζον.

401 1018 762 1088 Μετάκλητος
809 1015 904 1072 οὖν
933 1019 963 1070 ὀ
1000 1018 1095 1071 καὶ
1126 1016 1394 1087 δηλωθεὶς
1435 1015 1609 1080 Πόθος
1645 1014 1753 1069 ὑπὸ
1799 1013 1913 1068 τῶν

327 1115 432 1180 τῆς
462 1110 700 1178 συζύγου
728 1110 1076 1179 γραμμάτιον
1106 1109 1345 1179 γίνεται*
1385 1128 1403 1161 ι
1439 1109 1513 1162 Τὸ
1536 1108 1705 1180 μηδὲν
1735 1108 1912 1162 πάντα

326 1202 397 1255 τὰ
457 1201 516 1253 ὲν
570 1200 759 1270 χερσὶν
806 1199 1183 1270 ἡγησάμενον,
1232 1200 1335 1272 τὴν
1387 1199 1782 1270 βασιλεύουσαν
1835 1199 1914 1262 ὡς

324 1295 497 1363 τάχος
546 1290 897 1346 καταλαϐεῖν.
931 1292 1023 1364 Τῷ
1066 1309 1130 1346 τε
1180 1293 1291 1363 γὰρ
1347 1293 1579 1366 βασιλεῖ,
1622 1293 1780 1364 φησὶ,
1818 1308 1917 1346 πε-

328 1386 736 1459 ρισπούδαστος
781 1387 815 1457 ή
872 1385 940 1456 σὴ
989 1386 1287 1456 παρουσία,
1329 1387 1425 1441 καὶ
1453 1388 1482 1441 ό
1518 1387 1613 1440 τοῦ
1651 1385 1914 1457 φιλτάτου

329 1496 427 1536 σου
489 1479 682 1542 παιδὸς
742 1478 996 1542 θάνατος.
1054 1498 1075 1532 ι
1125 1478 1238 1551 Τὴν
1304 1478 1493 1533 ἄνοδον
1559 1477 1914 1533 ἐπισπεύδειο

330 1571 447 1645 [ισ.
496 1571 605 1625 κᾶν
645 1568 846 1641 ταῦτα]
900 1569 1379 1641 κατασκιυθρωπὸν
1431 1572 1642 1623 ἐκεῖνον
1674 1567 1914 1632 ποιοῦσι,

333 1665 433 1719 καὶ
461 1663 664 1733 πολλὴν
699 1661 848 1731 αὐτῷ
893 1662 1171 1734 διαμάχην
1204 1664 1320 1726 τοῖς
1373 1662 1662 1732 λογισμοῖς
1702 1661 1913 1732 ἐμϐάλ-

334 1752 537 1805 λουσιν.
571 1748 699 1820 Ετχε
756 1750 858 1820 μὲν
903 1751 1068 1805 αὐτὸν
1112 1753 1140 1806 ό
1187 1749 1283 1805 τοῦ
1315 1751 1502 1815 παιδὸς
1538 1752 1790 1816 θάνατος,
1823 1751 1919 1804 καὶ

2007 549 2219 603 modica
2253 547 2568 619 Byzantium
2609 545 2854 607 haberet,
2901 542 3046 597 velut
3095 542 3351 595 nimirum
3392 546 3579 609 tyran-

2006 641 2153 697 nidis
2176 641 2525 711 aggressione
2544 638 2656 712 (l0)
2673 636 2936 694 adversus
2952 636 3335 705 imperatorem
3357 639 3581 696 tentata,

2008 741 2125 787 erat
2156 733 2204 787 is
2233 731 2631 786 Constantianus
2664 729 2754 784 ille
2782 728 2983 793 bonus,
3018 739 3209 779 omnes
3244 724 3326 777 vel
3357 720 3581 775 minima

2010 822 2321 894 suspicione
2358 823 2690 887 laborantes,
2723 819 2853 874 illuc
2889 816 3319 888 congregabant.

2087 1008 2395 1064 Revocatus
2415 1005 2595 1074 itaque
2627 1003 2886 1074 praefatus
2910 1014 3126 1071 quoque
3148 995 3356 1051 Potitus
3397 993 3591 1048 litteris

2014 1102 2310 1173 conjugis:
2347 1119 2366 1151 ι
2404 1098 2478 1154 Ut
2528 1095 2795 1168 quidquid
2839 1096 2891 1149 in
2944 1093 3197 1147 manibus
3247 1088 3589 1160 negotiorum

2018 1195 2235 1260 habeat,
2279 1193 2434 1248 nihili
2486 1191 2730 1255 faciens,
2775 1203 2938 1259 quam
2989 1183 3242 1241 celeriter
3285 1185 3350 1236 ad
3402 1180 3591 1236 urbem

2018 1288 2233 1357 regiam
2255 1285 2437 1340 veniat
2471 1299 2488 1338 :
2531 1282 2626 1337 Est
2652 1282 2822 1343 enim,
2878 1277 3078 1348 inquit,
3132 1276 3400 1330 adventus
3442 1280 3592 1327 tuus.

2022 1382 2228 1451 ﬁliique
2263 1379 2340 1434 tui
2366 1374 2678 1434 eharissimi
2710 1387 2880 1437 mors,
2919 1384 3116 1441 magno
3147 1368 3331 1424 studio
3365 1380 3428 1419 ac
3452 1376 3599 1418 cum

2025 1471 2367 1543 imperatori.
2407 1487 2427 1520 ι
2495 1465 2748 1523 Reditum
2817 1471 3093 1526 maturat;
3136 1470 3447 1527 quanquam
3509 1454 3598 1507 illa

2024 1566 2236 1621 tristem
2287 1562 2553 1627 facerent,
2605 1557 2947 1626 multamque
2975 1554 3021 1609 ei
3053 1552 3449 1623 cogitationum
3501 1562 3597 1616 pu-

2022 1658 2185 1730 gnam
2253 1658 2583 1726 ingererent.
2645 1650 2894 1706 Tenebat
2944 1646 3162 1717 quidem
3213 1644 3601 1698 auditamurs

2028 1752 2145 1813 (iiii.
2178 1750 2358 1819 ohque
2411 1762 2531 1802 cam
2585 1742 2787 1800 reverti
2826 1741 3157 1805 festinabat;
3208 1737 3433 1793 timebat
3474 1748 3602 1785 vero

346 1844 580 1897 ἀνελθεῖν
611 1810 845 1914 ήπειγεν
869 1859 886 1875 ·
924 1843 1112 1897 ἐδεδίει
1142 1843 1200 1897 δὲ
1225 1843 1318 1898 τὸν
1372 1810 1584 1916 καιρὸν,
1622 1847 1717 1897 καὶ
1748 1810 1917 1896 *ύπὼ-

2040 1855 2400 1916 mportunnm
2428 1851 2743 1910 lempus.ac
2770 1834 3015 1906 suspicio
3032 1843 3166 1890 erat.
3191 1846 3256 1885 ne
3288 1832 3341 1884 in
3368 1828 3605 1898 pericula

369 1952 528 1989 πτευε
589 1936 807 2006 μήποτε
872 1935 1142 2000 κινδύνοις
1204 1935 1451 1991 ἀνελθὼν
1475 1937 1797 2009 περιπέσοι·
1830 1937 1925 1990 καὶ

354 2028 583 2099 μάλιστα
624 2027 713 2082 ὅτι
740 2026 883 2101 πρὸς
910 2027 1182 2098 βασιλέως
1218 2028 1318 2099 μὲν
1344 2028 1623 2099 οὐδαμῶς,
1666 2028 1823 2098 παρὰ
1863 2028 1922 2081 δὲ

340 2121 440 2192 τῆς
481 2121 744 2190 γυναικὸς
798 2119 975 2191 μόνης
1007 2121 1252 2175 ἀνελθεῖν
1299 2122 1690 2191 ἐπιτέτραπτο.
1736 2122 1926 2186 Οὕτως

338 2210 437 2268 οὖν
465 2213 987 2284 ὲπαμφοτερίζοντι,
1016 2215 1113 2268 καὶ
1146 2215 1254 2269 ὑπὸ
1287 2215 1385 2269 δύο
1415 2214 1631 2280 παθῶν,
1665 2216 1835 2270 πόθου
1864 2231 1923 2268 τε

338 2307 438 2361 καὶ
461 2306 633 2375 φόσου
662 2305 1030 2379 μεριζομένῳ,
1055 2305 1372 2378 προσελθών
1400 2326 1486 2372 τις
1518 2309 1630 2362 τῶν
1663 2309 1723 2361 ἐν
1758 2310 1927 2373 τέλει,

340 2398 440 2452 καὶ
481 2399 710 2469 μνήμην
742 2398 874 2468 περὶ
928 2397 1023 2452 τοῦ
1054 2398 1199 2452 θείου
1244 2400 1346 2470 μὲν
1391 2400 1579 2455 Λουκᾶ
1616 2401 1926 2472 ποιησάμε-

342 2508 473 2556 νος·
511 2513 529 2546 ι
573 2492 716 2547 Ἀλλ’
772 2494 825 2547 εἰ
878 2493 1079 2564 τούτῳ,
1116 2495 1307 2565 φησὶν,
1335 2493 1513 2561 ἔλθοις
1549 2498 1633 2561 είς
1686 2499 1928 2566 ὁμιλῖαν,

342 2587 441 2639 καὶ
473 2586 737 2657 περὶτῶν
774 2586 1157 2657 προκειμένων
1196 2588 1634 2663 ἀνακοινωνήσῃ,
1656 2590 1813 2645 οὐδέν
1845 2610 1929 2647 σοι

344 2675 406 2729 ⁹ιδ
432 2677 625 2731 λοιπον
666 2677 964 2748 ἀμφίδοξον
991 2678 1146 2733 ἔσται
1179 2679 1312 2749 περὶ
1359 2680 1453 2736 τοῦ
1498 2682 1554 2737 τὲ
1599 2682 1683 2737 δεῖ
1728 2686 1928 2750 ποιεῖν,

343 2769 487 2829 ἀλλά
520 2770 709 2841 σαφῶς
739 2772 872 2845 περὶ⁹
902 2771 998 2826 τοῦ
1031 2774 1444 2839 λυσιτελοῦντος
1483 2777 1627 2847 εἴσῃ.
1671 2794 1689 2829 ι

415 2860 592 2914 Τοῦτο
621 2862 862 2927 ἀκούσας
892 2864 921 2917 ὁ
948 2866 1276 2936 στρατηγὸς,
1294 2867 1353 2920 ού
1384 2868 1565 2937 χρόνῳ
1599 2868 1694 2922 καὶ
1730 2869 1933 2924 ἀνασο-

346 2952 474 3015 λαῖς
501 2952 565 3005 τὺ
610 2956 848 3025 πρᾶγμα
886 2955 1084 3021 ἐδίδου,
1111 2957 1250 3011 ἀλλά
1296 2959 1428 3030 περὶ
1458 2960 1663 3025 παντὸς
1697 2954 1936 3016 ἐποιεῖτο

346 3043 431 3115 τῷ
472 3045 616 3116 ἁγίῳ
647 3048 784 3117 πρὸς
830 3046 955 3118 ὄψιν
985 3049 1162 3104 ἐλθεῖν
1188 3066 1204 3082 ο
1249 3053 1347 3106 καὶ
1384 3052 1564 3122 τυχὼν
1590 3054 1826 3124 ’ήκουσεν
1872 3057 1936 3110 οὐ

2028 1937 2306 1994 redeundo
2341 1935 2829 2001 incideret;atque
2852 1930 2903 1984 id
2937 1927 3194 1990 maxime,
3228 1924 3372 1993 quod
3399 1937 3504 1975 non
3540 1919 3609 1973 ah

2029 2032 2380 2101 imperatore.
2415 2027 2508 2082 sed
2534 2024 2603 2079 ab
2632 2038 2804 2078 uxore
2842 2020 2959 2076 sola
2986 2017 3164 2072 redire
3209 2016 3401 2086 jussus
3443 2020 3607 2066 esset.

2029 2123 2164 2179 Cum
2188 2121 2268 2176 sic
2298 2133 2429 2190 ergo
2456 2130 2660 2186 anceps
2689 2114 2878 2169 animo
2900 2154 2915 2179 ,
2945 2109 3147 2181 duplici
3189 2106 3492 2169 atl'ectione,
3518 2103 3611 2158 de-

2031 2213 2216 2272 siderii
2255 2228 2320 2268 ac
2380 2208 2617 2273 timoris,
2672 2206 3063 2269 dissecaretur,
3115 2199 3380 2256 accedens
3413 2196 3612 2252 nobilis

2033 2306 2328 2380 quispiam,
2363 2317 2429 2359 ac
2461 2299 2798 2357 admirabilis
2816 2296 2979 2353 Lucae
3007 2292 3335 2353 mentionem
3373 2288 3605 2343 faciens:

2040 2421 2058 2452 ι
2090 2401 2182 2464 At,
2240 2396 2441 2470 inquit,
2491 2394 2657 2452 modo
2704 2400 2914 2449 tantum
2970 2404 3095 2445 cum
3150 2386 3243 2441 illo
3286 2394 3614 2452 congressus

2037 2494 2227 2561 fueris,
2263 2492 2426 2563 eique
2476 2486 2761 2561 proposita
2812 2480 3169 2553 exposueris,
3204 2476 3338 2532 nihil
3378 2472 3614 2545 amplius

2037 2588 2321 2649 dubitans,
2355 2581 2488 2654 quid
2521 2581 2594 2638 sit
2630 2578 2778 2635 facto
2812 2590 2972 2655 opus,
3018 2573 3161 2629 scies
3211 2567 3421 2639 liquido
3467 2563 3616 2634 quod

2037 2680 2275 2752 expedit.
2310 2697 2331 2731 ι

2112 2871 2208 2928 llis
2236 2874 2435 2941 praetor
2465 2862 2691 2929 auditis,
2722 2859 2856 2916 nihil
2891 2855 3117 2926 tempori
3145 2867 3209 2908 ac
3249 2844 3615 2906 cunctationi-

2039 2966 2145 3022 bus
2177 2960 2515 3023 concedens,
2574 2955 2726 3011 omni
2758 2953 2941 3009 studio
2970 2951 3022 3004 in
3060 2946 3235 3002 sancti
3263 2948 3617 3011 conspectum

2040 3055 2225 3110 venire
2248 3051 2549 3123 satagebat.
2601 3047 2770 3118 quue
2811 3049 3166 3102 consecutus,
3221 3034 3455 3098 audivit,
3507 3046 3618 3085 non

349 3139 485 3203 λοξά
512 3139 613 3193 καλ⁵
639 3141 967 3211 ἀμφήριστα
1004 3141 1148 3196 κατά
1177 3144 1306 3208 τοὺς
1346 3143 1578 3208 πυθίους
1613 3122 1929 3216 γρησμοὺς,

2044 3147 2229 3220 qualia
2284 3122 2545 3200 ludebant
2595 3138 2816 3196 oracula
2866 3133 3085 3207 Pythia,
3121 3129 3331 3186 lubrica
3370 3122 3617 3195 qua-dam

347 3230 492 3284 ἀλλά
545 3231 609 3284 τὸ
658 3236 930 3297 συνοῖσον,
964 3232 1236 3306 ἐπιδήλως
1289 3237 1385 3289 καὶ
1413 3236 1697 3307 καθαρῶς.
1732 3240 1929 3311 Ἔλεγε

350 3325 465 3396 γάρ
502 3325 646 3394 μετά
671 3324 767 3379 τοῦ
799 3328 1178 3398 προσήκοντος
1214 3328 1380 3398 ἤθους
1415 3332 1510 3383 καὶ
1554 3334 1929 3403 παραστήμα·

348 3435 470 3481 τος,
503 3416 633 3472 οὕτε
687 3418 826 3490 πρὸς
874 3418 1136 3485 ἐπίδειξιν
1186 3423 1430 3492 ἀφορῶν,
1484 3422 1598 3478 οὔτ’
1653 3425 1810 3490 αὖθις
1844 3427 1943 3501 τὴν

352 3512 570 3566 ἐκείνου
618 3512 795 3584 ἀρχὴν
821 3512 897 3579 ῶς
925 3532 978 3567 τι
1008 3516 1155 3585 μέγα
1207 3517 1303 3569 καὶ
1361 3517 1654 3573 θεσπέσιον
1702 3513 1943 3587 ἐκπλητ-

351 3605 617 3675 τόμενος·
661 3621 681 3656 ι
728 3606 953 3660 Ἀνελθε
982 3606 1170 3678 κύριος
1212 3608 1523 3680 στρατηγὸς
1550 3610 1631 3674 εἰς
1653 3612 1945 3669 Κωνσταν-

349 3698 674 3753 τινούπολιν
724 3698 947 3764 ἀλύπως
994 3702 1089 3754 καὶ
1134 3700 1331 3766 ἀδεῶς,
1366 3702 1462 3756 καὶ
1503 3703 1684 3758 πάντα
1736 3722 1819 3758 σοι
1873 3706 1942 3759 τά

351 3789 577 3856 σκολιὰ,
604 3789 813 3861 Κύριος
851 3790 933 3854 είς
991 3788 1154 3842 εύθέα
1216 3790 1613 3860 μεταποιήσειο
1642 3791 1674 3845 ὃ
1722 3808 1781 3843 τε
1833 3791 1942 3862 γὰρ

355 3882 622 3953 βασιλεὺς
650 3881 941 3952 εὐμενέσιν
987 3880 1293 3951 ὀφθαλμοῖς
1341 3881 1536 3951 ὄψεταί
1584 3897 1678 3935 σε·
1720 3882 1856 3953 πρὸς
1888 3883 1947 3936 δὲ

359 3976 455 4029 καὶ
500 3973 673 4043 τιμῆς
729 3972 951 4038 ἀξιώσει
1001 3989 1099 4025 σε·
1134 3973 1195 4025 τό
1241 3989 1302 4026 τε
1358 3972 1572 4027 παιδίον
1623 3974 1943 4047 ἐρρωμένον

352 4065 526 4130 αὐτὸς
569 4064 713 4135 ὕψει,
750 4064 847 4118 καὶ
876 4064 1084 4127 πάθους
1115 4066 1323 4127 παντὸς
1353 4065 1664 4137 ἐλεύθερον.
1703 4086 1721 4120 ι
1754 4068 1946 4123 Ταῦτα

349 4159 383 4210 ὁ
422 4155 737 4226 στρατηγὸς
773 4153 850 4218 ὡς
899 4156 967 4207 ὲκ
1025 4155 1376 4226 προφητικῆς
1432 4157 1527 4209 καὶ
1577 4157 1945 4212 θεοπνεύστου

356 4243 621 4311 γλώττης
653 4242 918 4308 ἀκούσας,
956 4244 1051 4296 καὶ
1100 4244 1273 4315 μηδὲν
1310 4245 1398 4313 ἐφ’
1429 4241 1512 4310 οἷς
1544 4247 1784 4317 ἀκήκοεν
1810 4250 1949 4312 ὅλως

352 4337 670 4400 ἐνδοιάσας,
727 4335 851 4390 ὁδοῦ
909 4337 1107 4407 εῖχετο.
1170 4337 1327 4391 Ἐπεὶ
1377 4339 1436 4393 δὲ
1489 4339 1584 4394 καὶ
1652 4342 1944 4411 κατέλαϐε,

2046 3257 2111 3296 ac
2131 3238 2318 3305 dubia,
2354 3236 2448 3292 sed
2473 3232 2680 3302 liquido
2702 3246 2766 3287 ac
2786 3230 2954 3296 clare,
2981 3226 3125 3298 quod
3150 3221 3461 3279 conducens
3485 3224 3621 3270 crat.

2045 3334 2135 3390 Ait
2156 3316 2302 3388 enim
2330 3343 2573 3399 congrua
2632 3339 2848 3381 morum
2906 3322 3212 3382 honestate,
3257 3330 3322 3368 ac
3370 3309 3622 3369 audacia.

2047 3440 2227 3496 neque
2257 3423 2325 3479 ad
2356 3420 2782 3478 ostentationem
2825 3411 3151 3483 respiciens,
3186 3422 3365 3477 neque
3404 3418 3622 3458 rursum

2049 3493 2435 3589 praefecturam
2465 3528 2572 3583 qua
2608 3510 2696 3565 ille
2728 3506 2988 3580 pollebat,
3021 3512 3082 3559 ut
3128 3513 3387 3570 magnum
3421 3493 3625 3564 aliquil

2050 3627 2115 3667 ac
2139 3609 2383 3667 divinum
2420 3603 2730 3675 suspiciens
2755 3617 2769 3654 :
2799 3619 2819 3652 ι
2843 3594 3091 3654 Ascende
3111 3634 3126 3659 ,
3159 3590 3379 3648 domine
3404 3593 3624 3657 praetor,

2050 3702 2271 3758 tristitia
2326 3698 2473 3756 omni
2511 3712 2577 3752 ac
2606 3702 2754 3750 metu
2789 3691 3026 3751 solutus,
3069 3677 3625 3749 Constantitwpolim.

2048 3793 2424 3862 Dominusque
2458 3786 2645 3844 omnia
2672 3785 2767 3840 tibi
2801 3781 3030 3838 lubrica.
3064 3778 3118 3831 in
3151 3785 3296 3830 recta
3325 3776 3624 3827 convertet.

2048 3887 2186 3941 Cum
2213 3884 2365 3939 enim
2387 3883 2682 3950 imperator
2709 3875 2888 3931 oeulis
2924 3883 2980 3928 te
3031 3868 3259 3940 placidis
3305 3872 3626 3933 aspccturus

2049 3983 2154 4040 est,
2183 3982 2295 4028 tum
2321 3972 2437 4042 ipse
2467 3983 2658 4025 sanum
2697 3965 2864 4020 tilium
2906 3978 2965 4018 es
2998 3967 3346 4029 aspecturus,
3374 3961 3535 4021 atque
3560 3947 3629 4001 ab

2049 4065 2198 4121 omni
2245 4062 2439 4117 morbo
2482 4060 2736 4115 liberum.
2772 4075 2789 4107 ι
2829 4053 2956 4109 Herc
2992 4060 3208 4123 praetor,
3255 4057 3515 4114 tanquam
3562 4056 3627 4095 ex

2051 4155 2328 4226 prophetae
2360 4160 2525 4222 atque
2557 4166 2586 4205 a
2636 4147 2747 4202 Deo
2765 4146 2940 4202 alllata
2974 4145 3154 4213 lingua
3185 4138 3437 4198 audiens,
3468 4131 3632 4186 nihil-

2053 4265 2158 4320 que
2188 4262 2420 4318 prorsus
2448 4259 2614 4314 super
2643 4244 2710 4298 iis
2741 4239 3092 4301 addubitans,
3118 4249 3239 4289 sese
3267 4228 3448 4286 itineri
3479 4241 3633 4282 com-

2055 4318 2242 4396 mittit.
2288 4336 2392 4393 Ubi
2443 4345 2625 4391 autem
2675 4330 3142 4396 veniens,omnia
3193 4324 3440 4382 evenisse
3474 4318 3629 4380 vidit,

352 4432 547 4486 πάντα
613 4430 959 4500 ἐκϐεϐηκότα
1026 4430 1174 4496 ἰδὼν,
1230 4433 1292 4486 οὐ
1357 4436 1537 4504 σιωπῇ
1599 4436 1836 4507 κρύπτει
1888 4439 1930 4489 τί

2056 4431 2199 4486 haud
2249 4428 2464 4485 silentio
2515 4427 2750 4483 occultat
2785 4422 3132 4485 miraculum,
3186 4416 3282 4472 sed
3336 4412 3624 4487 pulchram

354 4520 557 4588 θαῦμα
580 4561 598 4587 ,
625 4520 764 4575 ἀλλά
794 4520 960 4576 καλὸν
986 4521 1236 4594 διήγημα
1269 4523 1486 4577 πολλῶν
1519 4506 1714 4592 ἀκοαῖς
1758 4545 1930 4601 παρα-

2056 4523 2425 4578 narrationem
2459 4520 2753 4576 multorum
2776 4516 3005 4572 auribus
3037 4513 3222 4568 tradit.

352 4614 569 4667 δίδωσι.

437 4705 511 4759 T‘o
542 4706 601 4758 δὲ
633 4705 774 4759 κατά
808 4706 899 4759 τὸν
939 4706 1179 4776 ἐπιφανῆ
1211 4707 1305 4760 καὶ
1336 4706 1700 4777 περίϐλεπτον
1752 4711 1947 4781 Κρινίο

359 4817 489 4869 την.
522 4798 643 4860 πῶς
675 4799 743 4853 ἀν
770 4817 852 4860 τις
886 4797 962 4868 μὴ
1008 4802 1196 4870 γραφῇ
1232 4801 1328 4853 καὶ
1357 4801 1551 4872 μνήμῃ
1578 4801 1881 4872 παραδοὺς,
1915 4803 1948 4874 ἦ

371 4893 570 4960 φθόνου
627 4891 725 4945 καί
774 4892 996 4955 κακίας,
1047 4891 1393 4964 ῆρᾳθυμίας
1439 4891 1655 4963 ἐκφύγῃ
1710 4896 1953 4966 γραφήν.

2096 4766 2101 4769 .
2133 4715 2290 4782 Quod
2320 4722 2501 4768 autem
2537 4710 2592 4764 in
2615 4707 2717 4764 viri
2749 4702 3039 4761 clarissimi
3069 4717 3129 4755 ac
3177 4696 3410 4753 illustris
3436 4693 3632 4749 Ctiniti

2063 4822 2294 4881 persona
2334 4802 2611 4873 contingit,
2650 4800 2776 4871 quis
2805 4812 2909 4851 non
2939 4795 3228 4863 scriptura:
3259 4805 3323 4844 ac
3360 4786 3638 4841 memoria:

2058 4877 2409 4968 consignatis,
2465 4895 2543 4948 vel
2599 4889 2818 4947 invidia:
2848 4904 2910 4941 ac
2962 4883 3223 4955 improba:
3279 4881 3501 4942 mentis,
3551 4877 3634 4932 vel

372 4986 485 5039 Καὶ
542 4985 707 5048 αὐτός
761 4984 867 5056 γάρ
925 4984 1133 5053 ὁμοίως
1184 4984 1285 5054 τὴν
1329 4984 1429 5053 τῆς
1473 4983 1719 5046 Ἑλλάδος
1780 4985 1930 5056 ἀρχῆ

2059 4988 2290 5059 pigritiae
2322 4997 2505 5041 notam
2533 4978 2822 5051 effugerit?
2850 4976 2984 5031 Nam
3017 4984 3070 5029 et
3092 4974 3180 5029 ille
3216 4973 3419 5043 pariter
3444 4970 3639 5027 Attica:

366 5076 711 5140 πιστευθεὶς,
737 5078 833 5129 καὶ
859 5074 998 5147 πρὸς
1023 5075 1195 5147 αὐτὴν
1224 5075 1427 5139 ἀπιὼν,
1450 5076 1576 5128 ἐπεὶ
1599 5078 1663 5146 τῇ
1696 5076 1951 5150 Λαρίσσῃ

2061 5079 2384 5149 praematura
2411 5076 2640 5136 credita.
2673 5070 2909 5127 adeundi
2941 5083 3107 5123 causa
3139 5065 3241 5120 iter
3287 5064 3515 5127 faciens,
3545 5062 3634 5115 ubi

366 5170 741 5239 προσήγγισε,
792 5169 904 5221 τῶν
960 5167 1087 5238 περὶ
1136 5165 1230 5221 τοῦ
1285 5167 1444 5237 ἁγίου
1499 5168 1881 5238 διηγημάτων,
1922 5174 1930 5220 ἢ

2061 5170 2295 5227 Larissa:
2345 5168 2724 5239 proximassct,
2772 5178 2896 5220 cum
2946 5175 3136 5215 corum
3192 5155 3633 5218 narrationibus,

1661 5306 1761 5365 Fr.
1795 5305 2161 5369 Combeﬁsii
2194 5312 2380 5369 notae.

444 5435 559 5505 {I0}
598 5434 917 5505 Tyrannidis
943 5431 1297 5505 aggressione.
1330 5428 1403 5483 Ea
1434 5428 1669 5505 videtur,
1706 5443 1811 5496 qna
1842 5426 1952 5505 lio-

368 5499 574 5561 ma‘nn's
601 5499 787 5561 sénior
819 5504 871 5558 in
902 5499 1249 5557 consortium
1277 5499 1489 5568 imperii
1524 5515 1552 5551 a
1590 5500 1952 5553 Constantino

368 5579 628 5637 allectus,
682 5590 746 5629 ac
801 5573 1104 5641 appellatus
1156 5572 1470 5641 Augustus.
1509 5570 1732 5641 jamque
1781 5584 1953 5641 annos

412 5648 562 5700 lures
595 5660 719 5700 cum
753 5660 819 5699 co
840 5638 1130 5713 imperium
1165 5638 1496 5713 moderatus,
1530 5638 1704 5713 eidem
1742 5639 1946 5713 praelia;

450 5718 494 5769 ri
532 5716 726 5777 voluit,
774 5708 1034 5782 solusque
1074 5713 1299 5782 tandem
1333 5708 1779 5782 inqu-ratortleri
1814 5726 1826 5760 :
1862 5708 1953 5782 (γτιί

377 5799 562 5842 tamen
596 5785 879 5853 improbus
903 5779 1132 5839 conatus
1159 5780 1265 5837 Deo
1296 5780 1531 5844 vindice,
1559 5779 1699 5834 male
1721 5781 1957 5846 superbo

2062 5447 2126 5485 ac
2182 5430 2396 5500 ingrato
2469 5428 2677 5483 homini
2735 5426 3086 5500 cessitzqua
3146 5423 3215 5477 de
3266 5436 3323 5475 rc
3374 5416 3641 5498 videndus

2062 5486 2317 5570 Curopal.
2351 5511 2406 5556 et
2434 5500 2549 5553 alii.
2585 5500 2686 5554 Uhi
2718 5507 2898 5570 autem
2920 5486 3045 5570 talia
3084 5500 3348 5570 geruntur
3382 5487 3435 5540 in
3466 5486 3638 5555 regia,

2066 5562 2222 5625 hand'
2243 5581 2391 5626 tutus
2427 5569 2695 5640 praefectis
2741 5562 3145 5640 provinciarum
3196 5562 3262 5640 ad
3295 5571 3415 5637 eam
3448 5569 3637 5634 ηας-οε·

2066 5657 2161 5696 sus
2195 5660 2207 5695 :
2241 5656 2379 5708 quos
2416 5630 2648 5693 minima.
2678 5630 2803 5691 tunc
2860 5635 3119 5708 suspicio,
3180 5630 3258 5683 vcl
3295 5630 3548 5682 innoxios
3585 5630 3645 5680 in

2066 5706 2364 5781 perieulum
2417 5710 2616 5778 swpius
2654 5718 2806 5763 vocet
2844 5706 3056 5776 capitis.
