4086 6434
465 326 572 388 ίῦῚ

1906 330 2253 391 ANONYMI

3607 329 3718 393 468

462 461 585 512 qua:
611 445 676 499 de
702 444 873 499 sancti
920 445 1083 499 rebus
1133 454 1321 516 gestis,
1370 460 1465 500 seu
1509 446 1682 501 mavis
1728 445 2024 509 miraculis,

2149 447 2428 516 θαυμάτων
2478 447 2677 511 εἰπεῖν,
2714 443 2783 499 τὰ
2826 437 2941 498 ὦτα
2976 442 3372 514 ὑποπλησθεὶς,
3403 443 3484 506 είς
3532 442 3719 512 ἔρωτα

466 543 608 593 fama
646 538 983 600 ferebantur,
1012 553 1175 593 aures
1202 540 1385 608 plenas
1410 539 1655 600 haberet,
1684 537 1851 593 subiit
1875 554 2028 591 amot-

460 631 611 693 illius
637 630 876 695 videndi,
909 645 973 684 ac
999 645 1309 685 sermonem
1340 646 1463 685 cum
1502 646 1569 684 eo
1606 628 1891 683 miscendi.
1930 627 2029 682 Ubi

465 721 651 786 itaque
695 719 809 786 jam
859 718 1005 770 circa
1067 714 1285 771 Thebas
1332 725 1499 779 esset,
1554 717 1736 771 statim
1786 718 2029 775 mittens.

465 810 615 862 illum
649 810 956 864 accersivit.
994 808 1087 863 Ille
1114 825 1275 879 porro
1318 811 1435 864 sine
1479 825 1631 864 mera
1681 809 1906 863 missum
1954 808 2035 864 fa-

463 905 673 957 mulum
717 913 962 967 secutus,
1023 904 1297 960 hominem
1369 919 1570 958 mensa:
1600 904 2032 957 tliscumbentcm

382 1052 394 1062 ,
465 996 694 1051 invenit.
727 995 861 1050 Nam
893 1006 1011 1050 erat
1055 997 1264 1065 prandii
1320 1005 1553 1064 tempus.
1616 995 1754 1049 Tum
1804 994 1896 1049 illo
1934 1008 2034 1049 au-

464 1087 652 1141 diente
683 1103 746 1140 ac
772 1087 1019 1155 jubente,
1059 1088 1174 1155 ipse
1208 1102 1425 1156 quoque
1462 1088 1785 1155 ingreditur,
1811 1102 1873 1139 ac
1895 1101 2036 1140 unus

466 1180 525 1232 lit
573 1178 953 1239 convivarum,
1015 1179 1296 1247 surgitque
1359 1195 1482 1232 cum
1538 1180 1683 1243 aliis,
1736 1193 1800 1234 ac
1840 1179 2035 1233 reverti

467 1269 677 1337 incipit,
709 1284 835 1323 cum
887 1270 959 1323 ita
1009 1285 1138 1324 casu
1186 1268 1417 1333 ferente,
1462 1286 1528 1327 ne
1571 1272 1857 1325 minimum
1905 1269 2037 1338 quid

466 1359 774 1413 collocutus
798 1369 968 1422 esset,
1001 1359 1092 1426 qui
1128 1366 1281 1415 tanto
1311 1360 1511 1413 ardore
1546 1370 1810 1415 vocasset.
1850 1360 1924 1413 Ea
1953 1374 2042 1412 res

464 1459 713 1504 sanctum
745 1451 969 1505 moleste
1025 1450 1234 1513 habuit,
1265 1467 1369 1505 non
1403 1462 1620 1521 propter
1664 1451 1882 1520 ipsum;
1920 1451 2042 1519 quis

464 1539 607 1593 enim
653 1555 717 1595 eo
785 1541 1021 1609 amplius
1094 1541 1335 1611 ingloria:
1388 1542 1619 1596 amans?
1668 1548 1765 1596 sed
1821 1551 2042 1610 propter

463 1630 638 1697 illum,
686 1645 751 1685 ac
808 1616 1169 1685 venerabilem
1220 1632 1614 1687 monachorum
1665 1633 1943 1688 habitum‘
1977 1649 2042 1687 ac

466 1739 688 1785 nomen,
725 1723 805 1778 sic
853 1724 907 1776 in
958 1739 1023 1778 eo
1062 1733 1455 1795 contemptum.
1486 1724 1753 1794 Egressus
1791 1740 1920 1796 ergo
1976 1726 2041 1779 ad

2108 534 2268 608 ἦλθε
2326 540 2429 608 τῆς
2459 540 2669 591 ἐκείνου
2722 537 2853 600 θέας
2913 537 3006 590 καὶ
3057 536 3295 606 ὁμιλίωῗ·
3342 536 3434 598 Ὣς
3482 530 3576 589 οὖν
3609 537 3720 606 ἤδη

2137 632 2265 699 περὶ
2295 631 2393 693 τὰς
2426 631 2611 700 Θήϐας
2652 626 2743 700 ἦν,
2776 630 2978 682 αὐτίκα
3029 629 3164 700 πρὸς
3207 628 3370 681 αὑτὸν
3396 628 3720 697 ἐκπέμψας,

2139 721 2535 790 μετακαλεῖται
2563 738 2576 752 ·
2638 722 2733 773 καὶ
2794 721 2872 784 ὡς
2934 720 3088 773 οὐδὲν
3160 717 3570 788 ὑπερθέμενος,
3634 716 3722 788 τῷ

2136 815 2444 883 πεμφθέντι
2498 812 2905 883 συνηκολούθει.
2964 812 3231 883 Εὑρίσκει
3282 810 3576 881 τοιγαροῦν
3620 812 3727 864 ἐπὶ

2136 905 2417 975 τραπέζης
2461 905 2625 958 αὐτὸν
2665 905 3097 974 ἀνακεκλιμένον
3121 917 3139 935 ·
3179 904 3301 957 ἐπεὶ
3336 903 3430 955 καὶ
3481 904 3721 972 ἀρίστου

2138 998 2331 1067 καιρὸς
2362 994 2450 1067 ἦν.
2480 993 2612 1051 Εἶτα
2641 997 2903 1067 μαθόντος
2932 997 3143 1051 ἐκείνου
3170 997 3265 1049 καὶ
3293 995 3723 1065 ἐπιτρέψαντος,

2138 1088 2334 1143 εἴσεισι
2366 1089 2462 1144 καὶ
2485 1090 2669 1152 αὐτὸς,
2710 1089 2806 1142 καὶ
2833 1084 2917 1151 εἷς
2949 1088 3060 1141 τῶν
3093 1087 3446 1156 ἑστιωμένων
3473 1086 3725 1152 γίνεται,

2139 1180 2230 1231 καὶ
2268 1179 2567 1233 ἀναστᾶσιν
2591 1179 3001 1240 συνανίσταται,
3035 1178 3127 1230 καὶ
3163 1177 3513 1245 ὑποστροφῆς
3543 1176 3725 1229 ἀπτε-

2137 1285 2265 1322 ται·
2303 1270 2438 1336 μηδὲ
2465 1269 2928 1339 λόγουῖβραχέως,
2955 1267 3101 1321 οὕτω
3143 1267 3383 1335 συμϐὰν,
3431 1266 3585 1335 παρά
3617 1266 3722 1319 τοῦ

2141 1358 2362 1429 θερμῶς
2414 1358 2536 1412 λίαν
2592 1359 2926 1420 καλέσαντος
2975 1357 3356 1423 καταξιωθείς.
3408 1356 3570 1425 Λύπη
3627 1359 3729 1410 τὸν

2140 1452 2300 1520 ἅγιον
2351 1453 2412 1506 ἐν
2457 1452 2633 1519 τούτῳ
2680 1453 2976 1524 συνέσχενο
3007 1453 3106 1522 οὐχ
3157 1450 3300 1520 ὑπὲρ
3350 1449 3589 1503 ἑαυτοῦ·
3634 1449 3727 1511 τίς

2142 1546 2251 1616 γὰρ
2311 1546 2497 1599 τούτου
2549 1544 2755 1613 μᾶλλον
2801 1542 3039 1615 ἐραστὴς
3106 1541 3371 1607 desita.“
3425 1538 3541 1592 ἀλλ’
3582 1539 3728 1607 ὑπὲρ

2143 1638 2375 1703 ἐκείνου,
2412 1637 2506 1690 καὶ
2540 1635 2636 1693 τοῦ
2672 1634 2975 1705 σεϐασμίου
3007 1633 3117 1687 τῶν
3149 1632 3404 1704 μοναχῶν
3437 1633 3731 1702 σχήματος

2147 1733 2240 1786 καὶ
2280 1731 2568 1800 ὀνόματος,
2616 1728 2793 1792 οὕτως
2840 1727 2931 1781 ἐπ’
2975 1727 3127 1797 αὖτῷ
3180 1724 3729 1797 περιφρονουμένου.

464 1830 637 1868 unum
688 1817 983 1884 quemdam
1032 1792 1580 1885 praetorislfamulut—u
1614 1834 1627 1870 :
1661 1834 1678 1867 ι
1708 1816 1810 1882 Ita,
1841 1792 2041 1887 inquit,

2158 1822 2350 1890 Ἐξιὼν
2371 1823 2555 1877 τοίνυν
2589 1822 2727 1892 πρός
2770 1838 2896 1874 τινα
2943 1821 3052 1873 τῶν
3089 1819 3166 1889 τῷ
3210 1816 3503 1888 στρατηγῷ
3545 1817 3734 1870 διακο-

466 1905 577 1958 vita
624 1905 777 1974 juvet
821 1920 883 1959 ac
923 1907 1105 1973 salus;
1147 1907 1278 1961 nihil
1343 1907 1560 1976 penitus
1615 1908 1944 1962 subtrahens
1982 1922 2045 1960 ac

467 1999 652 2053 celans
705 1998 884 2053 hmcce
935 1998 1197 2054 annuntia
1257 2000 1470 2067 przetori
1507 2017 1521 2053 :
1561 1999 1628 2055 Ut
1681 1999 1809 2066 quid
1859 1999 2043 2053 relicta

469 2108 590 2147 mea
620 2094 832 2157 cellula,
874 2095 980 2150 huc
1011 2111 1097 2149 me
1129 2096 1314 2151 venire
1340 2095 1553 2152 fecisti?
1580 2094 1646 2150 Ut
1678 2095 1807 2164 quid
1845 2096 2046 2150 frustra

467 2194 547 2241 tot
587 2188 738 2243 mibi‘
765 2188 1011 2243 laborum
1046 2202 1237 2243 auctor
1261 2188 1563 2244 exstitisti?
1590 2186 1702 2241 Cur
1729 2201 1860 2239 veto
1914 2185 2044 2240 soli-

470 2267 674 2333 lttdinis
722 2289 1019 2343 amantem,
1051 2279 1240 2335 urbem
1276 2278 1481 2348 ingredi
1519 2277 1787 2346 coegisti?
1816 2274 1936 2330 Non
1988 2292 2046 2330 es

468 2366 725 2436 dignatus
779 2384 866 2421 me
913 2368 1147 2437 alloqui;
1183 2382 1289 2423 non
1342 2367 1591 2423 osculum
1623 2367 1850 2431 dedisti;
1908 2365 2044 2420 nihil

470 2473 699 2528 prorsus
741 2475 928 2514 eorum
980 2458 1274 2527 praestitisti
1318 2475 1438 2530 quae
1485 2459 1602 2514 viro
1658 2459 1929 2521 studioso,
1981 2473 2046 2513 ac

470 2549 741 2603 tantillum
776 2551 1032 2619 pietatem
1066 2552 1289 2615 colenti,
1324 2551 1629 2625 praistantla
1664 2550 2038 2605 videbantur.»

541 2736 667 2791 llaec
690 2753 920 2806 magnus
948 2738 1037 2792 ille
1062 2738 1273 2801 dicens,
1296 2739 1607 2809 jubensque
1628 2738 1820 2792 iterum
1849 2748 2045 2792 cuncta

471 2826 688 2895 praetori
739 2826 1022 2896 explicari,
1071 2828 1183 2886 exit
1223 2828 1291 2881 ad
1346 2826 1740 2882 monasterium
1796 2828 1938 2897 quod
1991 2828 2045 2880 in

470 2919 733 2975 suburbio
770 2921 981 2975 eratad
1017 2920 1317 2974 Antonium
1345 2921 1694 2974 monachum.
1723 2919 1825 2975 Ubi
1863 2920 2049 2990 itaque

471 3011 726 3066 universa
783 3012 896 3065 haec
942 3012 1263 3066 annuntiata
1302 3021 1508 3076 essent,
1540 3010 1684 3082 quod
1731 3026 1918 3065 revera
1968 3010 2048 3063 vir

2144 1919 2424 1984 νουμὲνων
2449 1932 2464 1947 ο
2501 1934 2519 1966 ι
2569 1913 2756 1976 Οὕτως
2788 1912 2951 1967 ῶναιε
2977 1950 2994 1977 ,
3027 1913 3182 1980 φησὶ.
3211 1910 3358 1979 ζωῆς
3388 1927 3449 1963 τε
3495 1909 3591 1963 καὶ
3623 1927 3733 1962 σω-

2143 2010 2364 2081 τηρίας,
2413 2009 2584 2078 μηδὲν
2630 2009 2772 2070 ὅλως
2844 2005 3168 2067 ὑποσταλεὶς
3221 2004 3556 2073 ἀπάγγειλον
3599 2004 3728 2058 τάδε

2143 2102 2221 2171 τῷ
2248 2098 2540 2170 στρατηγῷ
2563 2115 2577 2128 °
2626 2097 2676 2153 τί
2703 2098 2904 2169 δήποτε
2932 2097 2993 2149 τὸ
3024 2095 3238 2148 κελλίον
3269 2094 3605 2149 ἀπολιπόντα
3648 2111 3719 2164 με

2143 2195 2205 2247 τὸ
2239 2192 2370 2263 ἐμὸν
2428 2191 2852 2261 παρεσκεύασας
2889 2186 3126 2242 ἐνταῦθα
3169 2187 3539 2251 καταλαὸεἰνς
3579 2187 3632 2238 τί
3664 2185 3723 2238 δέ

2149 2305 2239 2356 μοι
2263 2287 2444 2338 κόπων
2475 2283 2745 2340 τοσούτων
2769 2281 3024 2350 πρόξενος
3056 2281 3148 2334 ἐπὶ
3174 2282 3392 2350 ματαίῳ
3420 2279 3692 2348 κατέστης
3712 2319 3729 2343 ,

2145 2379 2198 2430 τί
2226 2378 2283 2431 δὲ
2308 2377 2408 2449 τὴν
2433 2377 2589 2430 πόλιν
2615 2374 2789 2427 ἐλθεῖν
2819 2374 2909 2427 τὸν
2930 2373 3235 2443 φιλὲρημον
3262 2371 3731 2442 κατηνάγκασας;

2147 2471 2222 2523 Οὐ
2252 2470 2414 2536 λόγου
2451 2486 2518 2537 με
2549 2466 2893 2537 κατηξίωσας
2921 2466 3020 2519 οὐκ
3045 2462 3341 2530 ἀσπασμοῦ
3377 2463 3693 2532 μετέδωκας
3712 2501 3731 2523 ,

2147 2562 2248 2614 οὐκ
2287 2561 2416 2615 ἄλλο
2442 2577 2496 2613 τι
2533 2559 2788 2629 ἔδρασας,
2830 2553 2904 2611 ὧν
2942 2557 3048 2611 ἔδει
3079 2555 3374 2625 φιλάρετον
3403 2554 3597 2626 ἀνδρα,
3628 2552 3731 2607 καὶ

2150 2652 2330 2715 ποσῶς
2358 2650 2646 2713 εὐλαϐείας
2676 2649 3143 2720 μεταποιούμενον
3172 2648 3326 2718 δρᾷν.
3362 2664 3380 2698 ι

2217 2743 2403 2796 Ταῦτα
2437 2743 2466 2795 ὁ
2502 2742 2674 2811 μέγας
2704 2739 2899 2805 εἰπὼν,
2942 2740 3253 2810 ἐπισκήψας
3302 2757 3361 2793 τε
3411 2736 3572 2800 αὖθις
3608 2738 3729 2791 δια-

2149 2832 2394 2901 σαφῆσαι
2421 2831 2602 2885 πάντα
2629 2830 2705 2900 τῷ
2731 2829 3046 2899 στρατηγῷ,
3089 2833 3169 2892 είς
3200 2830 3260 2884 τὸ
3291 2828 3388 2882 τοῦ
3420 2828 3731 2898 προάστεος

2149 2922 2318 2987 ἔξεισι
2400 2923 2651 2992 σεμνείον
2725 2921 2862 2991 πρὸς
2936 2920 3028 2973 τὸν
3105 2920 3342 2990 μοναχῖιν
3416 2919 3729 2973 Ἀντώνιον.

2161 3017 2417 3070 Ἐκείνων
2469 3013 2761 3086 τοιγαροῦν
2822 3015 3040 3068 πάντων
3088 3012 3576 3080 ἀπαγγελθέντων,
3605 3014 3736 3066 ἐπεὶ

470 3099 752 3156 modestus
782 3115 848 3155 ae
880 3101 1105 3155 humilis
1136 3109 1304 3166 esset,
1348 3117 1514 3171 seque
1549 3103 1690 3156 male
1722 3101 1901 3156 oﬂicio
1950 3101 2046 3156 de-

2152 3113 2275 3174 ταῖς
2306 3108 2594 3176 ἀληθείαις
2624 3102 2879 3175 ἐπιεικὴς
2923 3105 3018 3160 καὶ
3086 3106 3307 3174 μέτριος
3356 3107 3385 3159 ὁ
3433 3106 3601 3176 ἀνὴρ,
3634 3106 3735 3158 καὶ

472 3194 715 3248 functum
731 3193 1074 3266 intelligeret,
1107 3194 1273 3249 multa
1296 3210 1353 3250 se
1376 3194 1702 3265 negligentia
1726 3194 1778 3248 in
1796 3194 1863 3249 iis
1887 3208 2045 3248 usum

472 3285 754 3357 agnoscit,
794 3302 917 3356 qua:
960 3287 1141 3342 studio
1181 3287 1420 3342 curanda
1462 3287 1762 3342 habuisset.
1804 3285 2049 3344 Festinat

477 3394 610 3448 ergo
658 3378 823 3434 celeri
856 3379 1177 3448 poenitentia
1227 3394 1422 3434 sanare
1468 3380 1609 3449 quod
1652 3395 1749 3450 per
1777 3380 2045 3436 incuriam

475 3479 755 3538 peccatum
832 3468 1059 3539 fuisset,
1104 3486 1341 3540 moxque
1390 3484 1696 3527 conscenso
1752 3486 1930 3543 equo,
1979 3473 2047 3527 ad

475 3573 724 3617 sanctum
757 3578 816 3619 se
842 3563 1079 3619 confert.
1135 3562 1214 3617 Ac
1251 3563 1489 3632 pritnum
1533 3563 1775 3634 quidem,
1833 3566 2048 3620 fervore

474 3670 538 3710 ac
563 3654 851 3727 diligenter
881 3671 1177 3719 excusans,
1201 3657 1308 3711 cito
1335 3670 1552 3726 quoque
1577 3655 1788 3709 veniam
1818 3656 2045 3711 obtinet.

475 3745 613 3800 Tum
649 3747 992 3817 vcrojubens
1012 3756 1256 3802 astantes
1286 3748 1560 3811 recedere,
1587 3747 1739 3803 solus
1771 3763 1894 3801 cum
1924 3748 2048 3803 'solo

473 3839 924 3910 rolloquebantur
947 3882 962 3906 ,
1008 3848 1286 3910 protracto
1319 3842 1383 3894 ad
1419 3855 1592 3909 usque
1616 3854 1896 3910 vesperam
1926 3854 2046 3896 ser-

474 3948 656 3987 mone.

543 4024 685 4090 Quid
717 4039 881 4093 porro
918 4024 1043 4078 inde
1079 4023 1348 4079 eﬂicitur?
1377 4023 1553 4080 Tanto
1596 4023 1907 4081 diiC‘.‘li0lliS
1938 4025 2045 4079 fer-

474 4131 623 4178 vere,
657 4124 847 4171 sancto
874 4114 1142 4187 jungitur,
1167 4125 1225 4171 ut
1251 4117 1375 4183 ejus
1399 4117 1579 4172 anima
1615 4129 1736 4184 post
1762 4133 1889 4172 eum
1919 4134 2051 4171 eon-

475 4210 740 4279 glutinata
775 4219 942 4273 csset,
978 4219 1036 4264 ut
1067 4209 1197 4263 illud
1230 4210 1395 4263 David
1435 4226 1690 4278 usurpem
1720 4210 1766 4274 ’,
1798 4226 1896 4265 nec
1929 4226 2048 4264 oni-

475 4303 608 4355 niuo
637 4301 703 4353 ad
742 4301 1013 4354 modicum
1050 4317 1269 4369 quoque
1321 4312 1535 4371 tempus
1567 4303 1684 4369 ejus
1721 4302 1896 4357 libens
1950 4303 2049 4356 ab-

475 4393 708 4447 sentiam
740 4392 920 4447 ferrct.
961 4393 1223 4461 Denique,
1255 4397 1319 4449 ad
1345 4396 1464 4464 ejus
1485 4412 1675 4451 omnes
1708 4400 2047 4453 necessarios

478 4499 612 4538 usus
674 4497 739 4537 ac
792 4482 1053 4552 obsequia
1112 4484 1516 4553 promptissime
1571 4485 1932 4548 inserviebat,
1986 4472 2128 4541 σοι)

477 4575 794 4631 Conferebat
844 4587 1115 4644 sumptus,
1150 4577 1226 4631 uti
1261 4578 1419 4645 plane
1469 4578 1751 4645 potissima
1797 4580 2047 4643 contulit,

476 4667 768 4721 excitando
805 4665 1035 4736 insignis
1066 4666 1296 4721 victoria
1325 4668 1580 4738 martyris
1610 4668 1864 4723 Barbara:
1893 4684 2051 4723 sacro

475 4759 725 4814 delubro.

549 4853 685 4916 Quia
731 4867 860 4906 vero
920 4852 1085 4906 etiam
1138 4852 1457 4922 Byzantium
1506 4853 1686 4907 redire
1739 4854 2051 4922 Oportebat,

477 4954 663 5014 utpote
709 4948 819 5016 jam
890 4944 1002 4999 fere
1058 4946 1335 5013 provincia
1394 4947 1736 5010 defunctum,
1797 4957 2048 5000 sanctum

478 5036 689 5100 adiens,
720 5040 840 5103 ejus
890 5052 1079 5106 preces
1110 5037 1210 5089 via:
1242 5038 1468 5093 comites
1518 5040 1764 5107 accipere
1807 5038 2050 5107 rogabat,

479 5144 542 5181 ac
588 5142 653 5181 ne
682 5116 683 5121 “
711 5128 758 5182 is
804 5138 925 5197 post
970 5144 1242 5183 recessum
1288 5130 1547 5183 oblivioni
1598 5135 1857 5193 traderet,
1891 5130 2052 5182 obse—

478 5208 689 5274 crabat.
741 5220 817 5274 Ad
854 5237 1012 5290 quem
1059 5222 1187 5274 ille:
1224 5234 1240 5270 t
1281 5220 1593 5287 Enimvero,
1643 5222 1852 5289 inquit,
1889 5220 2055 5273 Itami-

481 5327 758 5381 qnaquatn
791 5312 951 5365 modo
984 5313 1171 5367 urbem
1200 5314 1401 5381 regiam
1431 5314 1656 5366 videbis.
1695 5313 1886 5365 Adhuc
1908 5311 2054 5364 enim

483 5417 534 5460 te
583 5405 725 5459 Deus
775 5403 1165 5472 llesperiorum
1220 5406 1394 5472 cupit.
1430 5424 1447 5455 ι
1503 5406 1580 5457 Ita
1627 5405 1771 5457 fatus
1817 5413 1915 5457 est.
1960 5403 2055 5456 ille

482 5508 664 5554 autem
705 5507 924 5566 arrepto
950 5496 1160 5559 itinere,
1190 5512 1312 5549 rum
1338 5495 1450 5564 jam
1488 5495 1763 5549 Larissam
1796 5493 2053 5556 venisset,

484 5590 771 5646 reflectens
837 5590 968 5651 iter,
1025 5589 1182 5640 fidem
1227 5587 1389 5641 dictis
1423 5588 1564 5640 haud
1612 5584 1832 5639 dubiant
1903 5584 2050 5637 fecit.

489 5678 678 5735 S.atim
726 5682 885 5734 ‘euim
950 5682 1173 5733 veniens
1231 5678 1505 5748 imperiale
1557 5678 1789 5745 scitum,
1844 5675 2055 5730 militia:

561 5790 581 5823 ’
616 5790 682 5846 lll
713 5790 843 5861 Reg.
880 5808 1031 5858 M’ltt,
1068 5793 1116 5846 1.

726 6054 757 6072 /

2159 3202 2358 3271 συνῆκε
2398 3201 2472 3271 μὴ
2499 3201 2560 3252 τὸ
2591 3198 2709 3252 δέον
2736 3196 3076 3267 πεποιηκὼς,
3109 3197 3311 3267 πολλὴν
3344 3195 3524 3267 ἑαυτῷ
3565 3214 3735 3250 κατε·
3790 3206 3797 3214 ·

2157 3292 2393 3361 γίνωσκε
2445 3291 2575 3360 περὶ
2599 3289 2667 3344 τά
2713 3289 2953 3359 σπουδῆς
2999 3286 3127 3353 ἄξια
3174 3287 3469 3360 ρᾳθυμίαν.
3501 3287 3733 3342 Σπεύδει

2156 3383 2287 3453 γοῦν
2322 3382 2542 3453 ὀξύτητι
2569 3379 2881 3451 μετανοίας,
2916 3379 2977 3432 τὸ
3006 3380 3073 3433 δι’
3102 3380 3439 3450 ἀπροσεξίαν
3472 3380 3731 3449 ἁμαρτη-

2157 3475 2251 3530 θὲν
2308 3473 2599 3529 ἰάσασθαι·
2651 3471 2747 3527 καὶ
2801 3473 2970 3526 ἵππου
3031 3471 3195 3535 εὐθὺς
3251 3471 3471 3536 ἐπιϐὰς,
3506 3473 3599 3527 ἐπὶ
3639 3472 3734 3527 τὸν

2156 3568 2314 3634 ἅγιον
2368 3563 2624 3635 ἔρχει-αι’
2676 3566 2772 3617 καὶ
2825 3562 3021 3632 πρῶτα
3077 3562 3323 3632 μὲν.τοῦ
3383 3562 3725 3633 σφάλματος,

2157 3655 2368 3727 θερμὴν
2412 3655 2510 3707 καὶ¹
2558 3655 2950 3729 πεπονημένην
2989 3655 3115 3717 δοὺς
3144 3655 3245 3726 τὴν
3276 3654 3594 3722 ἀπολογίαν,
3629 3669 3728 3709 τα-
3771 3695 3779 3701 .

2155 3746 2309 3818 χείας
2354 3744 2602 3812 ἀξιοῦται
2638 3746 2733 3799 καλ⁵
2774 3744 2875 3815 τῆς
2923 3745 3280 3816 συγγνώμης.
3317 3745 3548 3799 Ἔπειτα
3593 3741 3725 3804 τοὺς

2156 3839 2517 3912 παρεστῶτας
2547 3841 2815 3911 ἐκχωρεῖν
2848 3838 3171 3911 ἐπιτρέψας,
3210 3840 3372 3909 μόνος
3400 3838 3535 3910 πρὸς
3564 3837 3729 3907 μόνον

2156 3929 2447 3998 διελέγετο,
2482 3929 2820 3998 παρατείνας
2843 3928 3003 3998 ἄχρις
3036 3929 3303 4000 ἑσπέρας.

2229 4022 2292 4075 Τί
2340 4020 2435 4076 οῦν
2489 4019 2743 4073 ἐντεῦθεν
2782 4020 3029 4089 vive-cat;
3088 4021 3432 4075 Συνάπτεται
3477 4020 3556 4090 τῷ
3590 4019 3736 4090 ἁγίῳ

2158 4114 2294 4185 πρὸς
2325 4114 2550 4184 ἀγάπην
2599 4110 2743 4165 οὕτω
2788 4111 3022 4182 θερμὴν,
3050 4111 3127 4175 ὡς
3155 4112 3522 4183 κεκολλῆσθαι
3553 4112 3735 4166 ὀπίσω

2158 4203 2307 4274 αὐτῷ
2356 4204 2456 4275 τὴν
2512 4204 2713 4277 ψυχὴν,
2754 4205 2841 4258 ἵνα
2892 4204 2953 4256 τὸ
2995 4204 3090 4258 τοῦ
3146 4206 3314 4259 Δαὸὶδ
3365 4207 3603 4275 εἴποιμι,
3637 4206 3733 4258 καὶ

2161 4296 2299 4365 μηδὲ
2350 4294 2526 4366 βραχύ
2573 4312 2623 4349 τι
2684 4295 2878 4365 καιροῦ
2931 4296 3102 4366 χωρὶς
3152 4296 3319 4349 αὐτοῦ
3362 4297 3424 4349 τὸ
3466 4294 3735 4364 παράπαν

2158 4384 2298 4440 εἶναι
2337 4387 2644 4457 βούλεσθαι.
2692 4386 2912 4454 Ἀμέλει
2964 4388 3061 4440 καὶ
3108 4387 3246 4457 πρὸς
3286 4389 3471 4442 πᾶσαν
3516 4386 3732 4441 ἐκείνου

2156 4482 2347 4551 χρείαν
2377 4480 2601 4549 δηλαδὴ,
2632 4478 2727 4532 καὶ
2762 4480 3069 4551 ὑπηρεσίαν
3103 4482 3498 4551 προθυμότατα
3543 4479 3730 4532 διακο-

2155 4574 2260 4626 νῶν
2305 4574 2521 4642 ὑπῆρχε
2585 4574 2679 4624 καὶ
2721 4573 2979 4630 δαπανῶν
3004 4589 3018 4602 ’
3061 4573 3252 4645 ὥσπερ
3292 4574 3387 4627 οῦν
3414 4575 3509 4626 κ;.ὶ
3540 4573 3634 4627 ἐπὶ
3661 4573 3731 4641 τῇ

2155 4666 2443 4734 ἁνεγέρσει
2490 4665 2583 4718 τοῦ
2619 4664 2748 4717 ναοῦ
2776 4665 2875 4735 τῆς
2907 4667 3221 4719 καλλινίκου
3275 4667 3560 4737 μάρτυρος
3590 4663 3732 4735 Βαρ-

2155 4759 2351 4826 ὂάρας,
2388 4756 2454 4807 τὰ
2489 4757 2834 4826 καιριώτατα
2875 4759 3220 4813 συνεϐάλετο.

2148 4886 2153 4891 ο
2239 4851 2391 4904 Ἐπεὶ
2421 4850 2477 4902 δὲ
2525 4849 2621 4902 καὶ
2655 4851 2979 4920 ἀνατρέχειν
3012 4851 3116 4902 ἔδει
3150 4851 3287 4920 πρὸς
3312 4850 3373 4904 τὸ
3408 4850 3730 4915 Βυζάντιον,

2156 4943 2251 4996 ἆτε
2306 4941 2401 4992 καὶ
2433 4940 2534 5009 τῆς
2580 4940 2757 5011 ἀρχῆς
2795 4941 2947 5010 αὐτῷ
2981 4942 3084 5013 ἤδη
3140 4945 3274 5010 προς
3312 4941 3484 5011 πέρας
3521 4940 3733 5008 ἰούσης,

2157 5033 2474 5103 προσελθὼν
2506 5032 2585 5099 τῷ
2638 5031 2801 5100 ἁγίῳ,
2841 5032 3004 5103 εὐχάς
3039 5050 3099 5086 τε
3152 5034 3342 5104 ᾐτεῖτο
3390 5034 3489 5095 τὰς
3520 5033 3732 5084 ἐκείνου

2157 5125 2572 5193 συνοδοιπόρους
2613 5124 2822 5190 λαϐεῖν,
2868 5127 2963 5178 καὶ
3018 5130 3157 5196 πρὸς
3203 5126 3299 5179 τοῦ
3356 5127 3431 5195 μὴ
3462 5124 3601 5197 λήθῃ
3647 5123 3733 5175 δο-

2157 5219 2314 5282 θῆναι
2368 5219 2503 5284 μετὰ
2551 5215 2648 5286 τὴν
2682 5217 3031 5286 ἀναχώρησιν
3077 5218 3253 5289 ἠξίου.
3294 5219 3356 5271 Ὀ
3386 5218 3466 5282 δέ,
3505 5237 3522 5267 t
3557 5217 3724 5269 Ἀλλὰ

2160 5309 2226 5362 σύ
2282 5326 2367 5376 γε,
2423 5304 2626 5377 φησι,¹
2664 5307 2763 5379 τὴν
2811 5308 3203 5378 βασιλεύουσαν
3258 5310 3355 5363 νῦν
3406 5310 3510 5362 οὐκ
3560 5309 3686 5378 ὄψει
3717 5325 3730 5338 ·

2158 5404 2238 5457 ἔτι
2268 5403 2376 5469 γάρ
2426 5418 2484 5452 σε
2536 5400 2645 5454 τῶν
2704 5401 3014 5472 Ἐσπερίων
3045 5403 3075 5454 ὁ
3111 5402 3247 5466 Θεὸς
3279 5402 3557 5472 βούλεται.
3610 5421 3628 5453 ι
3675 5403 3734 5455 '0

2161 5494 2262 5563 μὲν
2313 5495 2576 5563 εἴρηκεν·
2612 5494 2642 5545 ὁ
2689 5492 2747 5543 δὲ
2800 5494 2901 5561 τῆς
2944 5493 3069 5546 ὁδοῦ
3117 5494 3451 5565 ἀρξάμενος,
3489 5496 3584 5548 καὶ
3630 5495 3733 5566 ἤδη

2163 5587 2290 5655 περὶ
2351 5587 2450 5656 την
2516 5586 2796 5654 Λάρισσαν
2861 5588 2969 5649 ὠν,
3028 5588 3257 5641 ἐπίστου
3324 5589 3393 5643 τὰ
3465 5590 3738 5659 είρημένα

2164 5678 2324 5732 πάλιν
2402 5676 2660 5733 ἐπανιών.
2719 5678 2960 5750 Γράμμα
3031 5679 3139 5750 γὰρ
3193 5681 3476 5753 βασιλικὸν
3530 5681 3735 5743 εὐθέως
