4086 6444
400 311 510 374 469

1538 319 1716 383 VlTA
1756 321 1819 381 S.
1860 319 2077 383 LUCIE
2115 319 2504 385 IUNIORIS.

3555 331 3661 399 470
3680 346 3697 361 ⁵

398 423 748 489 καταλαῶν,
810 407 1141 496 στρατηγεῖν
1193 428 1359 484 αὐτὸν
1406 432 1508 503 τὴν
1553 432 1648 485 τοῦ
1706 432 1964 496 Πέλοπος.

2081 418 2275 488 ducem
2324 450 2484 504 agere
2528 450 2594 491 ac
2652 444 2941 506 praetorem
2981 435 3344 508 Peloponnesi
3389 441 3655 500 decernit.

397 520 497 575 καί
543 516 736 589 ἄρχειν
784 520 1113 590 ἐχειροτόνει
1138 536 1152 553 ⁸
1200 522 1332 586 ἄξια
1375 524 1475 593 μὲν
1513 525 1607 579 καὶ
1644 525 1815 580 ταῦτα
1847 526 1979 581 θαυ-

399 609 622 680 μάζειν.

481 701 546 756 Ἦ
581 701 638 757 δέ
686 719 751 772 γε
796 706 927 776 περὶ
960 708 1060 775 τῆς
1083 708 1309 780 Κρήτης
1348 709 1517 763 αὑτοῦ
1552 713 1973 783 προαγόρευσις,

392 795 518 849 om
550 797 773 868 μακράν
800 799 952 853 ἐστιν
998 800 1281 869 ἀπιστίας,
1314 803 1494 858 καίτοι
1528 804 1734 877 πολλὴν
1777 806 1978 876 ἔχουσα

389 890 499 959 τὴν
532 891 929 961 μαρτυροῦσαν
954 892 1236 964 ἀλήθειαν.
1281 897 1478 969 Σχεδὸν
1499 900 1608 971 γὰρ
1635 902 1813 955 εἴκοσι
1847 904 1977 971 πρό-

388 996 557 1050 τερον
604 981 824 1053 χρόνοις
879 985 1137 1055 προλέγει
1190 989 1316 1059 περὶ
1362 990 1560 1062 αὐτῆς,
1602 992 1687 1046 ὅτι
1738 1011 1799 1046 τε
1836 994 1976 1049 ἀλώ-

389 1087 571 1136 σσται,
602 1074 698 1127 καὶ
747 1076 842 1129 ἐπὶ
898 1077 1046 1142 τίνος
1099 1080 1133 1150 ή
1180 1080 1386 1146 ἅλωσις
1415 1083 1591 1149 ἔσται,
1623 1084 1775 1139 οὕτω
1805 1087 1977 1140 καθα·

387 1162 505 1232 ρῶς
535 1163 732 1218 εἰπών’
766 1184 787 1217 ι
832 1166 1111 1239 Ῥωμανὸς
1147 1172 1378 1245 Κρήτην
1411 1175 1715 1245 χειροῦται.
1752 1198 1770 1230 ι
1814 1179 1974 1232 Ἐπεὶ

381 1256 445 1310 δὲ
488 1258 778 1326 Ῥωμανὸς
803 1255 871 1331 ἦν
898 1263 1341 1336 όνπρεσὸὐτερος
1391 1267 1514 1321 τότε
1555 1269 1663 1340 τὴν
1689 1268 1973 1341 βασιλείαν

381 1348 616 1413 διέπων,
648 1353 740 1405 ὅτε
784 1369 962 1408 ταυτα
1008 1358 1142 1427 παρ’
1190 1358 1358 1412 αὐτοῦ
1411 1364 1812 1435 προηγόρευτο,
1866 1383 1972 1420 πυ-

384 1442 624 1508 θομένου
681 1445 828 1509 τινος
879 1447 991 1502 τῶν
1043 1451 1363 1519 παρόντων
1420 1474 1439 1505 ι
1501 1456 1563 1509 Et
1606 1450 1762 1518 οὗτός
1815 1460 1968 1514 ἐστιν

381 1537 414 1588 6
469 1534 572 1589 νῦν
598 1536 933 1607 βασιλεύων;
985 1542 1096 1612 Οὐχ
1149 1538 1306 1609 οὗτος
1323 1586 1340 1611 ,
1365 1541 1524 1601 εἶπεν
1541 1590 1556 1613 ,
1584 1550 1701 1605 ἀλλ’
1723 1552 1963 1622 ἔτερος.»

461 1626 673 1699 Είρηκέ
712 1646 805 1700 μοι
835 1631 1189 1705 Παγκράτιος
1218 1637 1457 1708 μοναχδς
1498 1639 1582 1693 ὅτι
1611 1641 1860 1712 συνήθως
1885 1642 1964 1712 τῷ

385 1719 569 1790 Πατρὶ
593 1723 783 1788 φωνῆς
802 1722 1013 1779 ἄνωθεν
1041 1728 1335 1799 γινομένης
1355 1730 1550 1800 ἐφόδου
1581 1731 1744 1803 χάριν
1776 1733 1971 1797 ἐθνῶν,

392 1806 534 1860 ὥστε
562 1809 784 1880 πρῶτον
821 1813 987 1887 αὐτὸν
1028 1816 1247 1872 πάντων
1296 1821 1687 1892 ὑποχωροῦντα
1730 1824 1971 1894 κρύπτε-

402 1896 527 1953 σθαι
557 1901 729 1968 φειδοῖ
766 1904 863 1973 τῆς
891 1905 1002 1959 τῶν
1036 1907 1437 1981 πλησιοχώρων
1471 1912 1752 1980 ἁλώσεως,
1785 1915 1970 1980 καθὼς

398 1990 555 2054 αὐτὸς
580 1993 791 2059 ἐκεῖνος
839 1992 995 2051 εἶπεν
1045 2000 1375 2072 ἐρωτηθείς.
1415 2005 1527 2058 Καὶ
1559 2006 1671 2075 γὰρ
1703 2005 1780 2071 ὡς
1828 2025 1967 2076 προ-

389 2082 535 2153 φήτῃ
567 2088 862 2157 προσεῖχον
890 2087 1136 2157 ἅπαντες
1164 2108 1177 2122 ·
1216 2096 1309 2147 καὶ⁵
1340 2097 1391 2149 εί
1426 2097 1501 2168 μὴ
1552 2099 1773 2168 πρῶτον
1799 2100 1968 2156 αὐτὸν

384 2168 533 2223 εἶξον
580 2173 663 2235 εἰς
720 2175 901 2248 φυγὴν
953 2178 1236 2249 κλίναντα,
1288 2184 1465 2248 οὐδεὶς
1519 2186 1657 2253 ὅλως
1710 2191 1823 2244 τῶν
1873 2190 1970 2260 ἐρ-

385 2278 541 2330 γων,
610 2264 642 2336 ἦ
695 2267 798 2337 τῆς
855 2268 1034 2335 οίκίας
1099 2274 1411 2342 ἀφίστατο·
1466 2279 1603 2334 ἀλλὰ
1668 2286 1967 2355 περιεφρόο

382 2371 519 2408 νουν
579 2357 657 2422 ὡς
705 2358 880 2431 ψευδῆ
939 2362 1040 2433 τὴν
1101 2366 1397 2436 ἀγγελίαν,
1454 2373 1548 2426 καὶ
1608 2374 1759 2442 ὑγιὲς
1814 2378 1968 2431 οὐδὲν

380 2446 644 2516 ἔχουσαν.

456 2539 574 2609 Τῆς
604 2538 789 2612 φωνῆς
812 2543 956 2598 οῦτω
986 2549 1306 2619 γενομένης,
1335 2552 1432 2606 καὶ
1470 2558 1618 2626 φυγῇ
1656 2573 1789 2611 ποτε
1825 2576 1965 2630 χρη-

379 2633 642 2700 σαμένων
688 2635 868 2704 ἡμῶν,
914 2638 1049 2707 ἐμοῦ
1092 2656 1153 2694 τε
1197 2640 1276 2712 τῷ
1326 2644 1503 2715 Πατρὶ
1550 2649 1823 2714 συνόντος,
1871 2654 1966 2707 καὶ

380 2724 657 2795 σπήλαιόν
689 2744 742 2780 τι
783 2730 1111 2803 ἀμφοτέρων
1144 2734 1489 2791 ὑπελθόντων
1514 2741 1673 2810 ὁμοῦ,
1706 2746 1967 2809 γυναῖκες

381 2816 668 2885 ἁλώμεναι
718 2818 847 2888 δύο,
902 2823 1040 2892 πρὸς
1090 2825 1239 2896 ἡμᾶς
1296 2827 1582 2898 ἔρχονται,
1641 2833 1795 2902 ἡλίου
1857 2837 1959 2907 ἤδη

379 2908 670 2975 κλίναντος
695 2910 831 2982 πρὸς
856 2912 1071 2985 δυσμάς
1097 2931 1112 2946 ⁸
1141 2915 1208 2982 ἃς
1227 2918 1256 2970 6
1287 2919 1482 2993 Πατὴρ
1512 2924 1816 2995 οἰκτείρας,
1840 2928 1963 2984 ἐπεὶ

378 3000 524 3071 πρὸς
552 3005 619 3074 τῇ
652 3007 799 3075 φυγῇ
828 3006 925 3060 καὶ
974 3006 1183 3078 χειμὼν
1222 3003 1313 3082 ἦν,
1344 3011 1445 3065 οὐκ
1479 3013 1623 3082 ἔγνω
1667 3015 1779 3070 δεῖν
1806 3019 1965 3074 ἀπω-

2080 513 2219 580 Sunt
2247 526 2404 597 plane
2429 528 2544 584 hanc
2570 543 2790 600 quoque
2818 529 2982 601 digna
3022 531 3408 588 admiratione.

2150 713 2304 780 Quod
2345 724 2528 771 autem
2558 717 2624 771 de
2652 717 2812 774 Creta
2859 720 3131 789 praedixit.
3166 736 3359 790 parum
3395 723 3553 779 abest
3599 734 3675 780 ut

2077 822 2392 877 quanquam
2426 810 2709 864 veritatem
2746 811 2972 866 multam
3005 821 3403 869 contestantem
3434 813 3654 878 habeat,

2078 912 2146 953 ne
2166 898 2386 952 amittat
2426 897 2613 953 ﬁdem.
2642 898 2777 954 Fere
2831 902 2979 955 enim
3038 902 3231 973 viginti
3291 913 3418 958 ante
3470 904 3663 966 annis,

2079 998 2192 1045 tum
2240 990 2563 1059 capiendam
2598 992 2869 1060 praedicit,
2899 1001 3015 1048 tum
3046 993 3150 1049 sub
3174 1008 3285 1062 quo
3315 994 3558 1064 principe
3582 993 3655 1049 sit

2074 1079 2359 1148 capienda,
2386 1079 2468 1135 sic
2495 1079 2641 1135 clare
2676 1079 2865 1137 dicens
2900 1100 2913 1137 :
2967 1080 3241 1136 Romanus
3275 1082 3487 1137 Cretam
3528 1083 3657 1137 sutr-
3695 1068 3712 1083 ’

2075 1183 2292 1228 acturus
2320 1182 2417 1230 est.
2442 1172 2580 1240 Quia
2611 1188 2737 1227 vero
2762 1173 3038 1228 Romanus
3056 1174 3241 1229 senior
3264 1174 3505 1239 interim,
3529 1189 3652 1230 cum

2078 1265 2191 1318 hare
2244 1264 2335 1320 ille
2392 1264 2662 1335 praedixit,
2700 1264 2987 1334 imperium
3040 1264 3481 1331 administrabat,
3514 1278 3658 1334 quod

2074 1357 2198 1412 dam
2261 1358 2559 1414 astantium
2599 1366 2953 1427 percontante
2985 1376 2998 1411 :
3033 1375 3052 1409 ι
3084 1355 3222 1411 Num
3276 1357 3363 1411 hic
3405 1356 3521 1425 ipse
3544 1365 3649 1419 est,

2074 1449 2165 1518 qui
2212 1464 2363 1503 nunc
2416 1448 2733 1517 imperat?»
2800 1446 3087 1518 respondit
3142 1445 3234 1502 ille
3273 1463 3289 1501 :
3331 1442 3650 1510 «Non‘ltie,

2075 1538 2167 1596 sed
2206 1538 2347 1593 alius
2373 1538 2508 1611 (Η).
2542 1557 2567 1591 r

2146 1625 2259 1681 lloe
2308 1626 2491 1681 retuiit
2532 1625 2860 1681 Pancratius
2916 1626 3246 1693 monachus,
3294 1625 3655 1681 consuevisse

2075 1733 2209 1773 voce
2261 1719 2325 1772 de
2380 1717 2519 1772 coelo
2561 1717 2710 1787 lapsa
2764 1717 2976 1772 moneri
3022 1717 3280 1784 Patrem,
3313 1716 3550 1784 ubi-jam
3597 1717 3669 1771 in:

2076 1811 2363 1880 procinctu
2390 1809 2631 1878 gentium
2668 1808 2903 1878 irruptio
2934 1806 3096 1872 foret,
3130 1823 3241 1878 quo
3282 1809 3495 1879 primus
3535 1808 3652 1878 ipse

2073 1902 2316 1957 omnium
2365 1900 2649 1965 recedens,
2700 1915 2764 1955 ac
2812 1915 2934 1955 sese
2978 1899 3286 1966 occultans,
3343 1901 3650 1956 vicinorum

2073 1993 2384 2049 accolarum
2425 1992 2663 2062 captioni
2697 2001 2936 2056 caveret,
2976 1993 3052 2046 uti
3083 1992 3172 2045 ille
3202 1992 3318 2062 ipse
3344 1993 3651 2062 interroga-

2072 2096 2161 2141 tus
2187 2086 2475 2140 confessus
2502 2092 2605 2140 est.
2642 2084 2847 2139 Omnes
2886 2082 3155 2154 siquidem
3190 2084 3244 2137 in
3277 2099 3398 2137 eum
3434 2092 3493 2138 ut
3522 2098 3649 2152 pro-

2072 2178 2290 2248 phetam
2319 2175 2513 2231 intenti
2555 2184 2713 2230 erant
2744 2192 2758 2230 :
2792 2189 2858 2230 ac
2892 2174 2998 2230 nisi
3031 2189 3154 2228 eum
3195 2173 3431 2245 primum
3477 2173 3531 2226 in
3568 2171 3653 2227 fu-

2071 2284 2194 2340 gam
2234 2282 2559 2323 conversum
2593 2265 2891 2331 vidissent,
2924 2267 3108 2321 nullus
3147 2266 3374 2321 omnino
3402 2265 3470 2319 ab
3512 2278 3647 2333 ope-

2070 2361 2223 2416 ribus
2253 2369 2348 2433 aut
2383 2360 2544 2438 domo
2574 2359 2902 2422 absis-lebat,
2934 2359 3031 2415 sed
3071 2358 3324 2414 nuntium
3355 2366 3414 2413 ut
3447 2354 3648 2411 falsum

2069 2455 2420 2524 spernebant,
2444 2468 2510 2509 ac
2550 2454 2684 2509 nihil
2719 2456 2838 2509 sani
2870 2454 3098 2509 habens.

2137 2547 2274 2603 Cum
2300 2548 2382 2603 sic
2411 2548 2706 2619 aliquando
2748 2546 2889 2602 facta
2924 2561 3060 2602 voce
3090 2545 3271 2617 fugam
3323 2546 3651 2615 arripuisse-

2071 2655 2212 2705 mus,
2247 2640 2522 2710 simulque
2571 2641 2736 2694 ambo
2784 2640 2926 2708 fuga:
2970 2639 3129 2703 socii,
3155 2652 3256 2709 ego
3289 2646 3345 2693 et
3382 2637 3566 2703 Pater,
3595 2638 3649 2693 in

2069 2734 2388 2803 speluncam
2448 2733 2739 2804 quamdam
2801 2732 3113 2788 clanculum
3154 2731 3389 2801 ingressi
3450 2730 3649 2786 fuisse-

2069 2842 2213 2891 mus,
2249 2835 2497 2881 errantes
2528 2825 2650 2880 duze
2686 2824 2904 2879 femina?
2937 2824 3005 2881 ad
3037 2838 3137 2878 nos
3181 2830 3489 2892 penetrant,
3531 2822 3648 2877 sole

2062 2920 2177 2991 jam
2229 2918 2296 2974 ad
2340 2932 2596 2973 occasum
2633 2925 2912 2986 vergente.
2958 2914 3066 2969 Eas
3118 2915 3277 2969 Pater
3330 2912 3645 2975 miseratus,

2068 3011 2211 3081 quod
2251 3012 2318 3065 ad
2361 3009 2580 3080 fugam,
2624 3008 2799 3063 hiems
2856 3022 3077 3078 quoque
3134 3005 3453 3069 accederet,
3503 3005 3647 3058 haud

377 3094 637 3149 θεῖσθαι’
666 3097 806 3152 ἀλλά
864 3099 987 3169 μεθ’
1030 3101 1190 3172 ήμῶν
1237 3104 1651 3178 είσεδέχθησαν,
1695 3111 1791 3165 καὶ
1825 3129 1964 3182 προ-

2069 3104 2278 3174 putavit
2319 3101 2658 3172 repellendas
2689 3098 2826 3155 fore.
2854 3097 3154 3155 Nobiscum
3194 3113 3325 3169 ergo
3356 3099 3499 3153 intra
3525 3112 3650 3167 spe-

376 3184 534 3249 νοίας
575 3187 726 3241 κατὰ
761 3188 823 3242 τὸ
870 3192 1154 3261 ἐγχωροῦν
1184 3192 1522 3267 ἠξιώθησαν.
1562 3198 1719 3254 Ἐπεὶ
1764 3201 1821 3255 δὲ
1872 3206 1968 3258 καὶ

378 3278 557 3333 ὕπνου
591 3281 791 3353 καιρὸς
826 3278 919 3356 ἦν,
967 3286 1117 3356 ἡμᾶς
1153 3287 1232 3359 τῷ
1263 3289 1348 3343 ἐνὶ
1379 3292 1542 3362 μέρει
1573 3292 1724 3361 δοὺς,
1770 3298 1965 3355 ἑαυτὸν

374 3372 437 3426 δὲ
492 3374 635 3446 πρὸς
681 3376 912 3448 θάτερον
967 3380 1284 3449 ἀνακλίνας,
1341 3384 1511 3454 μέσον
1563 3388 1965 3463 ἀπολειφθῆναι

376 3467 589 3533 ταύτας
622 3469 714 3524 διὰ
756 3473 818 3524 τὸ
844 3471 1018 3542 ψύχος
1052 3474 1325 3545 ἐπέτρεψε
1353 3495 1366 3508 ·
1402 3480 1498 3533 καὶ
1537 3480 1761 3552 διῆλθεν
1790 3483 1965 3550 οὕτως

372 3559 455 3622 ὡς
484 3563 660 3632 μητρὶ
700 3566 828 3629 παῖς
859 3565 1116 3633 ἐγγίζων,
1144 3566 1176 3638 ἢ
1216 3568 1290 3630 ὡς
1328 3569 1493 3624 λίθων
1519 3572 1683 3626 τινῶν
1716 3573 1750 3645 ἢ
1791 3575 1965 3640 ξύλων

372 3653 831 3723 παρακειμένων,
859 3657 993 3726 μηδὲ
1028 3656 1295 3729 λογισμοῦ
1323 3662 1473 3726 τινὸς
1502 3662 1669 3717 αὐτὸν
1694 3668 1961 3736 σαρκιιλοῦ

376 3746 638 3816 μηδόλως
687 3747 1127 3820 ὑποδραμόντοςο
1180 3751 1334 3822 παρὰ
1395 3753 1651 3809 τοσοῦτον
1716 3756 1962 3829 ἁπλότης

368 3854 436 3892 τε
488 3840 588 3894 καὶ
637 3840 902 3909 ἀπάθεια,
935 3843 1027 3898 τὸν
1074 3844 1171 3899 ἐπὶ
1215 3849 1318 3917 γῆς
1370 3847 1602 3917 ἄγγελον
1647 3843 1735 3904 οἷα
1773 3851 1961 3922 μήτηρ

374 3931 814 3990 ὲνεκολπώσατο.

443 4102 718 4167 Φίλιππος
759 4099 828 4174 ἦν
887 4105 1219 4176 αὑτάδελφος
1271 4108 1350 4178 τῷ
1407 4110 1628 4181 μοναχῷ
1666 4112 1956 4185 Θεοδοσίῳ,

369 4196 432 4259 ὃς
466 4194 564 4248 καὶ
594 4194 704 4249 τῶν
730 4194 808 4266 τῷ
865 4197 1010 4268 ἁγίῳ
1070 4198 1349 4254 συνόντων
1379 4202 1634 4273 μοναχῶν
1663 4199 1753 4274 ἦν.
1791 4199 1961 4268 Οὗτος

371 4288 732 4360 τοιγαροῦνηὸ
761 4288 1051 4356 Φίλιππος,
1111 4293 1380 4362 κοσμικὸς
1426 4293 1522 4363 ὣν,
1580 4299 1675 4350 καὶ
1706 4300 1962 4370 κοσμικῷ

366 4380 655 4453 ἀξιώματι
687 4381 995 4454 τιμώμενος
1023 4398 1038 4413 ο
1083 4384 1426 4458 Σπαθαρίους
1474 4390 1675 4455 αὐτοὺς
1710 4393 1961 4464 συνήθως

370 4474 695 4544 καλοῦμεν·
729 4472 912 4529 είὼθει
967 4475 1047 4549 τῷ
1109 4479 1334 4551 μεγάλῳ
1388 4483 1728 4555 πυκνότερον
1781 4503 1962 4557 παρα-

368 4568 599 4623 ϐάλλειν
636 4568 726 4623 διὰ
760 4566 859 4640 τὴν
890 4571 1022 4641 περὶ
1049 4569 1141 4624 τὸν
1168 4572 1400 4643 ἀδελφὺν
1431 4578 1790 4647 γνησιότητα.

443 4662 586 4717 ῐῐοτὲ
640 4663 771 4732 γοῦν
827 4665 995 4719 αὑτοῦ
1040 4666 1186 4719 κατά
1239 4667 1301 4720 τὸ
1343 4667 1574 4739 σύνηθες
1628 4671 1957 4742 ἐρχομένου,

373 4759 581 4830 βλέψας
609 4758 774 4813 αὐτὸν
803 4762 829 4813 6
873 4761 1071 4831 μέγας,
1104 4754 1185 4823 οἷς
1233 4763 1444 4815 ἐκεῖνον
1494 4760 1722 4834 ἔϐλεψεν
1751 4766 1962 4835 ὀφθαλ-

380 4854 533 4922 μοῖς·
596 4871 615 4904 t
686 4850 1012 4922 Ἑτοίμασον
1054 4855 1194 4918 πρὸς
1252 4855 1347 4907 τὸν
1409 4856 1716 4924 Θεοδόσιον,
1787 4860 1955 4928 φησὶν

377 4944 697 5015 χαριέντως,
739 4946 838 5000 ὅσα
865 4948 930 5015 δὴ
977 4947 1116 5018 πρὸς
1163 4949 1465 5019 ὑποδοχήν*
1500 4950 1528 5002 6
1569 4950 1679 5017 γὰρ
1722 4952 1954 5022 ἁδελφὸς

369 5038 401 5089 ὁ
428 5040 521 5102 σδς
555 5038 683 5109 μεθ’
712 5038 874 5109 ἡμῶν
931 5038 1156 5109 ἔρχεται
1200 5039 1529 5111 δειπνήσων.
1573 5061 1591 5093 ι
1636 5043 1796 5099 Οῦτω
1852 5044 1949 5099 τοῦ

366 5130 589 5201 Πατρδς
622 5131 892 5194 εἰπόντος,
920 5133 1013 5185 τὸν
1050 5131 1334 5185 Θεοδόσιον
1364 5133 1678 5205 εὐφροσύνη
1704 5153 1764 5188 τε
1811 5136 1950 5205 όμοῦ

365 5222 465 5277 καὶ
511 5219 781 5292 ἔκπληξις
826 5218 978 5292 εἶχε·
1014 5224 1109 5276 καὶ
1144 5223 1491 5296 παραχρῆμα
1538 5223 1806 5297 λεωφόροι
1856 5230 1951 5281 καὶ

364 5313 569 5383 ἀγυιαὶ
599 5313 694 5367 καὶ
723 5313 960 5383 ἄμφοδοι
1001 5313 1152 5384 αὑτῷ
1174 5314 1510 5369 ἐσκοποῦντο
1544 5318 1610 5388 τῇ
1646 5317 1949 5389 προσδοκίᾳ

362 5403 463 5459 τοῦ
518 5403 775 5475 ἀδελφοῦ.
824 5405 967 5475 ’Ἤδη
1001 5402 1056 5458 δὲ
1108 5402 1275 5476 οῦσης
1331 5406 1591 5478 ἑσπέρας,
1656 5409 1950 5476 ἐφίσταται

2069 3198 2288 3253 luucam
2315 3195 2641 3262 recepimus,
2678 3194 2865 3263 eisque
2893 3209 3056 3264 quam
3106 3192 3266 3247 licuit
3323 3205 3511 3248 curam
3548 3190 3647 3243 im-

2050 3288 2381 3361 pendimus.
2420 3285 2525 3342 Ubi
2551 3294 2735 3342 autem
2765 3285 2931 3340 etiam
2961 3284 3142 3340 somni
3174 3292 3393 3354 tempus
3436 3281 3560 3348 fuit,
3592 3283 3646 3336 in

2072 3397 2178 3437 una
2224 3396 2325 3437 nos
2349 3389 2503 3451 parte
2550 3379 2762 3445 locans,
2811 3377 3036 3449 ipseque
3076 3393 3135 3434 se
3175 3378 3229 3431 in
3264 3376 3432 3433 altera
3487 3376 3651 3430 recli-

2069 3488 2229 3538 nans,
2255 3469 2606 3527 mediasillas
2631 3478 2850 3539 propter
2887 3467 3058 3539 frigus
3086 3468 3319 3539 relinqui
3356 3466 3647 3538 prazcepit:

2069 3565 2259 3634 sicque
2301 3561 2520 3618 transiit
2553 3575 2615 3616 ac
2640 3558 2687 3616 si
2730 3559 2875 3615 filius
2902 3567 3133 3615 matrem
3162 3558 3419 3635 proprius
3464 3559 3647 3621 adeat,

2067 3665 2434 3726 auttanquam
2466 3654 2672 3725 lapides
2699 3654 2919 3724 quidam
2951 3660 3048 3709 aut
3076 3653 3286 3721 stipites
3308 3651 3646 3723 adjacerent,

2067 3766 2136 3805 ne
2170 3750 2393 3805 minima
2412 3748 2628 3819 quidem
2658 3747 3010 3817 subingressa
3042 3747 3246 3802 carnali
3271 3745 3601 3814 cogitatione
3631 3762 3645 3798 :

2068 3841 2202 3896 adeo
2264 3838 2523 3893 nimirum
2596 3837 2937 3907 simplicitas.
3025 3852 3087 3891 ac
3140 3851 3353 3893 summa
3399 3835 3650 3904 qua-dam

2064 3928 2409 3984 aﬂ‘ectiouum
2462 3927 2731 3997 vacuitas,
2768 3926 2955 3983 matris
2987 3927 3160 3983 instar
3220 3936 3497 3980 terrenum
3551 3940 3649 3979 au-

2066 4021 2240 4093 gelum
2275 4018 2601 4075 insinuaret.

2136 4112 2441 4182 Philippus,
2474 4110 2774 4167 Theodosii
2808 4110 3061 4166 monachi
3092 4108 3258 4164 frater
3282 4118 3419 4170 erat,
3465 4107 3557 4177 qui
3594 4117 3649 4163 et

2066 4204 2179 4275 ipse
2218 4220 2360 4260 unus
2388 4218 2419 4257 e
2447 4202 2729 4257 monachis
2751 4211 2868 4257 erat
2894 4201 3131 4256 alumnis
3161 4202 3357 4258 sancti.
3391 4196 3490 4255 llic
3545 4201 3651 4255 ita-

2065 4312 2172 4366 que
2218 4294 2534 4369 .Philippns,
2590 4309 2713 4349 cum
2757 4292 3036 4348 saecularis
3073 4299 3239 4360 esset,
3296 4307 3358 4347 ac
3400 4290 3650 4347 smculari

2069 4388 2301 4458 polleret
2331 4387 2617 4459 dignitate,
2663 4385 2975 4455 spatharios
3033 4385 3205 4440 moris
3235 4391 3321 4440 est
3355 4384 3648 4455 appellare,

1999 4459 2040 4512 θ
2070 4481 2212 4535 haud
2244 4495 2371 4534 raro
2404 4494 2660 4549 magnum
2687 4480 2837 4533 illum
2875 4479 3027 4533 adire
3066 4478 3295 4544 solebat,
3328 4494 3427 4549 pro
3452 4492 3516 4533 ea
3542 4493 3651 4549 qua

2070 4571 2135 4625 ad
2156 4568 2378 4624 fratrem
2421 4568 2830 4624 necessitudine
2863 4568 3122 4623 habebat.

2142 4660 2389 4729 Quadam
2410 4658 2583 4730 igitur
2607 4657 2718 4722 die.
2742 4674 2864 4712 cum
2909 4659 2956 4712 is
2987 4674 3085 4729 pro
3116 4673 3267 4713 more
3308 4659 3537 4721 veniret,
3573 4658 3652 4713 vi-

2068 4756 2203 4812 dens
2236 4754 2616 4822 equmagnus
2639 4748 2752 4816 ille,
2781 4749 2982 4818 quibus
3003 4749 3155 4802 illum
3180 4749 3356 4803 oculis
3386 4748 3646 4807 vidisset:

2071 4867 2090 4899 ι
2125 4847 2399 4916 Ριπριιιθει,
2437 4863 2456 4896 ι
2520 4843 2696 4912 inquit
2746 4844 2953 4896 urbane
3007 4841 3074 4896 ad
3115 4839 3507 4906 Theodosium,
3540 4860 3570 4891 «ρ
3597 4843 3644 4897 si

2062 4957 2173 5012 qua
2208 4946 2338 4995 sunt
2369 4939 2432 4992 ad
2459 4935 2768 4992 convivium
2805 4934 3159 5016 necessaria;
3189 4934 3335 4988 venit
3358 4932 3503 4987 enim
3539 4933 3647 4988 fra—

2066 5044 2149 5091 ter
2180 5042 2306 5089 tuus
2344 5031 2631 5086 nobiscum
2678 5037 3055 5084 cantaturos.)
3093 5028 3231 5083 Cum
3265 5028 3343 5083 sic
3377 5027 3536 5084 Pater
3568 5028 3653 5081 di-

2061 5132 2250 5194 xisset,
2271 5124 2523 5181 tenebant
2539 5118 2905 5178 Theodosium
2929 5120 3111 5176 laetitia
3136 5120 3333 5194 pariter
3349 5136 3411 5176 ac
3429 5131 3618 5190 stupor
3637 5139 3652 5186 ;

2061 5193 2436 5287 actutumque,
2470 5212 2587 5268 vias
2636 5212 2905 5283 publicas,
2957 5193 3432 5284 compitafhivia,
3466 5211 3650 5267 fratris

2058 5308 2461 5382 exspectatione
2476 5305 2641 5376 coepit
2657 5306 2963 5362 observare.
2977 5303 3095 5362 1am
3111 5315 3291 5377 itaque
3310 5303 3449 5359 facto
3468 5320 3653 5375 vespe-

2057 5418 2139 5468 re,
2165 5402 2309 5458 venit
2339 5409 2391 5456 ct
2412 5398 2500 5454 ille
2533 5412 2696 5467 quam
2732 5412 2987 5468 maguum
3007 5413 3191 5454 secum
3213 5397 3653 5453 necessariorqu

1654 5553 1758 5611 Fr.
1800 5551 2163 5614 Combefisii
2192 5558 2378 5613 notis.

444 5677 559 5745 (Η)
591 5679 707 5734 Non
761 5681 864 5742 hic,
916 5680 1006 5735 sed
1059 5679 1216 5733 alius.
1265 5679 1437 5733 Creta:
1490 5680 1955 5749 recuperationem

364 5750 473 5804 sub
543 5750 786 5806 ltoumno
834 5750 1060 5807 Juuiorc
1112 5768 1175 5805 ac
1232 5750 1415 5805 Phoce
1463 5750 1679 5806 Ca'sare
1736 5750 1956 5810 ncrimle

2068 5687 2277 5749 ponunt
2332 5677 2626 5744 scriptorcs
2677 5693 2688 5728 :
2731 5675 2824 5729 sed
2865 5684 2929 5749 ut
2971 5673 3041 5727 ita
3072 5672 3241 5749 _clare
3280 5667 3655 5749 [ωριτε-ἠνω-

2067 5739 2286 5812 dixerit.
2319 5739 2644 5813 argumento
2682 5754 2764 5801 est
2800 5745 3025 5815 spiritus
3058 5743 3133 5809 in
3156 5756 3220 5797 eo
3251 5739 3575 5815 propl‘ictici.
