4086 6448
471 308 569 372 Ui
680 347 703 379 ι

1925 310 2127 372 ANON
2139 312 2272 372 ΥΜΙ

3618 305 3731 370 4ῗῖ

467 430 787 493 apparatum
817 419 1020 477 ferens.
1043 422 1275 476 Paratur
1301 422 1487 489 itaque
1509 437 1719 481 mensa.
1747 435 2048 490 omnesque

2156 423 2249 474 καὶ
2281 418 2447 482 αὐτὸς
2482 418 2686 489 χρεών
2713 421 2848 490 ὅσην
2883 417 3239 488 παρασκευὴν
3273 418 3732 486 συγκεκομισμέ-

466 514 673 583 pariter
706 529 830 568 cum
872 521 1066 569 sancto
1095 514 1466 568 discumbunt.
1517 512 1657 566 Tum
1710 528 1860 575 vero,
1909 512 2045 565 nihil

466 614 584 658 erat
614 620 814 659 mensa:
842 605 1170 674 appositum,
1204 605 1346 675 quod
1386 620 1491 659 non
1523 605 1685 659 simili
1711 618 1903 659 omnes
1956 619 2045 657 ra-

469 697 636 759 tione,
680 698 752 751 ob
776 698 1048 752 excellens
1072 697 1381 753 dilectionis
1419 698 1646 761 bonum,
1704 696 2046 751 manducan-

468 789 595 842 dum
630 788 730 842 sibi
759 790 1119 858 indulgereut.
1154 789 1256 845 Ubi
1305 801 1484 844 autem
1538 792 1619 845 sic
1657 788 2046 851 comedissent,

470 897 647 949 eoque
692 884 852 950 epulo
906 898 1091 938 secum
1144 884 1378 938 invicem
1433 885 1663 938 recreati
1705 892 1892 938 essent
1925 900 1937 935 :
1976 882 2044 936 ad

470 975 586 1029 haec
618 991 841 1044 quoque
870 986 1193 1031 consuetum
1228 992 1257 1030 a
1293 991 1449 1032 creua
1484 992 1751 1031 canonetn
1778 974 2046 1031 absolvis-

467 1078 609 1128 sent,
637 1066 881 1121 cubitum
918 1067 1190 1121 abierunt.
1226 1065 1330 1122 Ubi
1364 1077 1544 1123 autem
1596 1070 1815 1123 brevem
1846 1071 2047 1138 degus-

466 1167 677 1215 tasscnt
709 1177 985 1228 somnum,
1017 1162 1200 1219 statim
1243 1163 1401 1216 Pater
1438 1163 1634 1232 surgit.
1680 1162 1759 1216 Ae
1796 1162 1887 1215 alii
1921 1162 2045 1230 qui-

386 1250 391 1257 “
465 1253 587 1307 dem
622 1254 1193 1311 collectaeiutererant
1236 1274 1252 1311 :
1302 1256 1612 1325 Philippum
1645 1264 1850 1319 autem,
1877 1253 2047 1310 frater

468 1345 608 1415 ejus,
646 1357 705 1402 ut
743 1350 837 1418 qui
897 1350 1155 1406 stationis
1183 1349 1478 1419 ejusmodi,
1526 1347 1859 1416 laborisque,
1882 1362 1947 1401 ac
1969 1348 2049 1402 vi-

464 1440 718 1510 giliarum
786 1441 1063 1498 insuetum
1108 1452 1320 1506 nosset,
1361 1456 1576 1495 rursum
1613 1454 1672 1494 se
1717 1452 1939 1500 somno,
1978 1437 2044 1491 ad

462 1548 638 1603 usque
693 1534 941 1590 absoluta
997 1535 1208 1591 cantica
1272 1533 1642 1605 prouemiaca,
1690 1547 1754 1587 ac
1797 1531 2048 1586 versibus

466 1627 800 1681 modulatam
834 1628 1232 1693 laudationem,
1262 1642 1428 1697 quam
1450 1634 1665 1685 vocant,
1699 1624 1831 1681 dare
1866 1624 2045 1694 jubet.

461 1715 777 1784 Enimvero,
804 1721 894 1775 ubi
938 1721 985 1775 is
1045 1724 1242 1774 iterum
1281 1719 1461 1775 cubile
1501 1718 1791 1788 repetisset
1816 1757 1830 1781 ,
1864 1716 2049 1771 multis

462 1811 888 1881 cogitationibus
932 1812 1233 1866 conﬂictari
1278 1811 1481 1878 etrapit,
1524 1821 1689 1881 atque
1742 1808 2054 1877 ut‘Davitli-

462 1914 587 1954 cum
632 1900 763 1955 illud
790 1901 967 1956 dicam
1006 1921 1019 1957 :
1059 1919 1077 1952 ι
1106 1902 1370 1957 Laborem
1413 1902 1704 1972 parturire,
1763 1916 1826 1955 ac
1861 1915 2054 1970 parere

462 1992 895 2062 iniquitatem",
933 2015 951 2046 ι
1006 1997 1229 2051 edacem
1286 2013 1350 2051 ac
1381 1997 1490 2050 viui
1534 2006 1839 2067 putatorem
1874 1996 2052 2049 virum

464 2084 841 2143 admirabilem
874 2089 1196 2151 arbitratus,
1245 2092 1451 2160 quique
1494 2090 1784 2145 simularet
1831 2088 2055 2161 religio—

464 2194 611 2235 nem.
636 2182 815 2250 Atque
839 2185 889 2237 id
929 2188 1103 2255 prima
1136 2185 1353 2239 ratione
1383 2185 1503 2255 ejus
1531 2195 1669 2250 erat,
1700 2184 1791 2254 qui
1828 2182 2057 2237 clancu-

463 2272 575 2327 lum
618 2275 759 2330 mala
794 2276 1002 2331 semina
1028 2279 1231 2333 uos:ris
1274 2279 1472 2334 animis
1505 2277 1724 2341 insevit,
1761 2278 1855 2333 sed
1901 2286 1954 2330 et
1982 2276 2055 2331 il.

464 2360 576 2418 lius
609 2364 809 2421 modici
841 2382 906 2421 ac
938 2368 1194 2438 ignobilis
1247 2368 1442 2434 animi,
1476 2369 1568 2438 qui
1602 2368 1851 2423 absolute
1885 2369 1954 2424 ab
1990 2368 2056 2423 iis

461 2470 584 2523 quae
616 2465 829 2524 parent,
864 2460 1048 2513 omnia
1087 2458 1434 2528 dijudicaret,
1469 2474 1568 2514 nec
1595 2457 1895 2529 quidquam
1939 2474 2055 2514 ma-

464 2561 635 2616 gnum
672 2562 734 2602 ac
774 2550 1069 2604 sublimius
1105 2540 1348 2622 cogitare
1385 2561 1611 2622 posset;
1649 2568 1750 2607 nec
1777 2552 2054 2623 perspice-

462 2648 566 2704 ret,
624 2655 814 2695 eorum
849 2644 1213 2714 sumptionem
1250 2661 1373 2716 quas
1399 2647 1666 2716 :apposita
1702 2655 1912 2710 essent,
1948 2662 2054 2701 non

461 2732 776 2804 gulositatis
807 2732 999 2802 fuisse,
1054 2737 1153 2793 sed
1184 2738 1537 2808 impensioris
1571 2740 2003 2811 dispensationis
2038 2759 2053 2795 :

464 2829 661 2893 partim
717 2829 935 2899 quidem
958 2832 1030 2885 ob
1073 2833 1530 2889 abundantiorem
1567 2834 1939 2897 dilectionem,
1977 2836 2055 2890 uti

456 2922 571 2991 jam
615 2927 873 2993 superius
912 2927 1251 2983 declaratum
1286 2939 1393 2993 est,
1440 2939 1757 3002 contempto
1788 2931 2052 2985 nimirum

462 3013 609 3080 quod
650 3013 891 3070 deterius
932 3028 1096 3085 esset,
1128 3019 1354 3088 majoris
1382 3021 1510 3076 boni
1538 3022 1711 3077 luero.
1746 3021 1886 3089 Quid
1904 3023 2051 3078 enim

2153 531 2264 576 νος.
2300 513 2564 581 Τράπεζα
2615 510 2712 566 οἲν
2773 510 3148 583 ἑτοιμάζεται,
3182 510 3278 562 καὶ
3329 508 3466 579 ὁμοῦ
3491 508 3570 578 τῷ
3626 526 3736 578 με-

2152 606 2306 676 γάλῳ
2357 606 2561 668 πάντες
2605 604 3116 659 συνανακλίνονται.
3151 599 3288 657 Εἶτα
3334 601 3489 654 οὐδὲν
3521 598 3591 673 ἦν
3617 601 3736 654 τῶν

2153 699 2582 769 παρακειμένων
2617 698 2756 759 ἐκεῖ,
2790 696 2818 750 ὃ
2858 695 2935 766 μὴ
2975 696 3139 748 πᾶσιν
3189 692 3394 763 ὁμοίως
3449 691 3738 763 βρώσιμον

2150 785 2242 861 ἦν,
2274 788 2362 842 διὰ
2392 788 2454 842 τὸ
2486 791 2585 859 τῆς
2631 792 2854 857 ἀγάπης
2904 787 3107 857 ἐξόχως
3152 783 3340 840 καλόν.
3371 784 3647 853 Φαγόντες
3673 783 3743 837 δὲ

2151 882 2296 936 οὕτω
2330 882 2427 936 καὶ
2475 878 3042 952 συμπαρακληθέντες
3069 878 3346 946 ἀλλήλοις,
3377 877 3513 946 πρὸς
3543 876 3600 929 δὲ
3633 877 3744 929 καὶ

2150 974 2242 1028 τὸν
2272 975 2409 1045 μετὰ
2432 975 2646 1029 δεῖπνον
2675 974 2879 1044 συνήθη
2909 973 3111 1026 κανόνα
3141 970 3573 1032 διατελέσακῑτες,
3590 967 3742 1037 πρὸς

2152 1065 2321 1121 ὕπνον
2380 1069 2641 1138 ἐχώρουν.
2695 1060 2884 1133 Οὕπερ
2933 1064 3090 1133 ὀλίγα
3142 1062 3568 1134 μεταλαχόντας,
3634 1062 3708 1113 ἀν

2154 1163 2367 1231 ίστησιν
2395 1162 2557 1224 εὐθὺς
2584 1164 2612 1214 ὁ
2642 1160 2851 1230 Πατὴρ,
2878 1159 2973 1212 καὶ
3005 1158 3133 1221 τοὺς
3157 1156 3255 1227 μὲν
3280 1155 3497 1219 ἄλλους,
3528 1157 3562 1224 ἠ
3597 1154 3702 1207 σύν

2152 1255 2271 1321 αξις
2322 1252 2439 1327 εἶχε
2476 1273 2490 1286 ο
2547 1254 2626 1325 τῷ
2669 1255 2726 1309 δέ
2772 1269 2839 1321 γε
2887 1252 3143 1322 Φιλίππῳ
3174 1252 3202 1303 ὁ
3251 1249 3499 1318 ἀδελφὸς,
3538 1249 3635 1302 an
3669 1248 3744 1316 δὴ

2152 1348 2440 1416 γινώσκων
2491 1347 2741 1419 ἀσυνήθη
2799 1346 3046 1408 στάσεως
3101 1343 3363 1407 τοιαύτης
3424 1350 3518 1394 καὶ
3568 1340 3746 1393 πόνου

2151 1441 2251 1496 καὶ
2314 1441 2660 1511 ἀγρυπνίας,
2709 1438 3106 1508 κατακλιθῆναι
3168 1433 3329 1499 αὖθις
3387 1436 3747 1504 ἐπέτρεπεν,

2151 1535 2283 1607 ἄχρι
2321 1535 2454 1603 γοῦν
2488 1535 2585 1590 καὶ
2612 1536 2803 1598 τέλους
2828 1534 2940 1589 τῶν
2970 1529 3358 1604 προοιμιακῶν
3395 1529 3605 1598 ὕμνων,
3639 1531 3746 1581 καὶ

2151 1633 2253 1701 τῆς
2282 1629 2427 1686 οὕτω
2453 1631 2804 1702 ¹καλουμένης
2837 1629 3202 1700 στιχολογίας.
3235 1625 3382 1697 Πλὴν
3417 1624 3557 1679 ἀλλὰ
3604 1621 3742 1677 τοῦ-

2153 1743 2246 1780 τον
2268 1727 2302 1796 ἡ
2338 1724 2598 1796 στρωμνὴ
2645 1725 2811 1778 πάλιν
2868 1723 3135 1788 λαϐοῦσα,
3167 1721 3384 1782 πολλοῖς
3438 1716 3617 1771 ἐποίει
3650 1716 3751 1768 λο-

2157 1821 2380 1891 γισμοῖς
2411 1820 2705 1873 παλαίεινο
2747 1838 2766 1870 ι
2813 1817 3040 1871 Ὠδίνειν
3065 1833 3124 1869 τε
3166 1815 3331 1868 πόνον
3359 1815 3455 1866 καὶ
3500 1813 3744 1876 τίκτειν,

2154 1914 2216 1968 τὸ
2245 1915 2340 1967 τοῦ
2368 1913 2557 1975 Δαόίδ,
2591 1912 2823 1982 ἀνομίαν
2853 1927 2868 1941 °
2907 1929 2926 1962 ι
2950 1909 3126 1980 φάγον
3155 1903 3298 1961 εἶναι
3330 1908 3429 1960 καὶ
3454 1905 3752 1975 οἰνοπότην

2153 2008 2247 2061 τὸν
2298 2007 2443 2062 θεῖον
2498 2005 2672 2075 ἄνδρα
2722 2002 3226 2073 ὑπολαμϐάνονται,
3272 1998 3490 2054 καὶτὸν
3538 1998 3743 2067 εὐλαϐῆ

2157 2100 2593 2170 ὑποκρινόμενον
2620 2116 2635 2131 ’
2681 2098 2775 2152 καὶ
2816 2093 2886 2169 ἦν
2925 2097 3024 2165 μὲν
3081 2095 3248 2148 τοῦτο
3282 2091 3737 2163 προηγουμένως,

2155 2192 2254 2248 τοῦ
2297 2192 2578 2264 λαθραίως
2622 2192 2691 2246 τὰ
2740 2190 2960 2260 πονηρὰ
3014 2188 3316 2257 σπέρματα
3371 2187 3495 2248 ταῖς
3541 2184 3741 2253 ψυχαῖς

2156 2288 2318 2359 ἡμῶν
2360 2286 2820 2356 διασπείραντοςο
2867 2281 2937 2356 ἦν
2986 2283 3175 2337 δὲκαὶ
3231 2281 3476 2351 σμικρᾶς
3526 2276 3748 2330 ἐκείνου

2159 2382 2255 2437 καὶ
2289 2379 2552 2449 ἀγεννοῦς
2576 2378 2838 2442 διανοίας,
2873 2375 2982 2430 ὑπὸ
3028 2376 3137 2429 τῶν
3169 2377 3517 2445 φαινομένων
3555 2370 3750 2434 ἁπλῶς

2159 2475 2342 2531 πάντα
2368 2471 2780 2545 διακρινούσης,
2814 2472 2913 2525 καὶ
2961 2470 3127 2542 μηδὲν
3168 2469 3315 2540 μέγα
3353 2469 3490 2539 μηδὲ
3539 2466 3753 2536 ὑψηλό-

2158 2587 2321 2641 τερον
2363 2566 2689 2636 λογίσασθαι
2724 2564 3035 2637 δυναμένης
3059 2579 3076 2595 ·
3136 2563 3263 2633 μηδ’
3291 2564 3375 2617 ὅτι
3402 2561 3479 2634 μὴ
3510 2577 3757 2631 γαστρι-

2164 2662 2408 2735 μαργίας
2455 2655 2524 2731 ἦν
2566 2657 2690 2729 μηδ’
2726 2655 3062 2727 ὀψοφαγίας,
3096 2654 3213 2708 ἀλλ’
3259 2652 3581 2722 οίκονομίας
3621 2649 3757 2721 μεί-

2161 2757 2315 2823 ζονος
2364 2755 2398 2824 ἡ
2437 2752 2547 2806 τῶν
2606 2749 3036 2821 παρατεθέντων
3095 2746 3247 2817 αὐτῷ
3305 2744 3648 2817 μετάληψις*
3686 2743 3755 2798 τὸ

2163 2848 2264 2919 μὲν
2295 2847 2366 2901 δι’
2415 2844 2640 2914 ἀγάπης
2672 2840 3000 2912 περιουσίαν
3026 2838 3101 2903 ὡς
3128 2838 3232 2909 ἠδη
3277 2837 3589 2909 φθάσαντες
3626 2836 3758 2906 ἐδη-

2159 2940 2417 3009 λώσαμεν
2443 2955 2457 2969 ο
2498 2938 2556 2990 ὲν
2585 2935 2663 3006 τῷ
2695 2934 2880 3005 κέρδει
2908 2931 3005 2987 τοῦ
3042 2931 3313 3001 μείζονος,
3336 2927 3434 2983 τοῦ
3461 2928 3758 2991 ἐλάττονος

2161 3028 2693 3103 περιφρονουμένου.
2724 3026 2792 3080 Τί
2838 3025 2951 3098 γὰρ
2995 3023 3179 3096 ἀποχὴ
3237 3022 3552 3094 βρωμάτων
3608 3020 3759 3089 πρὸς

460 3103 710 3160 ciborum
741 3107 1063 3166 abstinentia
1077 3108 1142 3165 ad
1163 3113 1515 3169 excellentem
1538 3114 1675 3169 adeo
1692 3114 2051 3172 charitatem‘l

2163 3126 2387 3196 ἀγάπης
2417 3122 2673 3192 τοιαύτην
2721 3120 3038 3191 ὕπεροχήνς
3081 3117 3156 3171 Τὸ
3183 3115 3240 3170 δὲ
3267 3117 3356 3170 ἵνα
3384 3112 3512 3188 δόξῃ
3545 3114 3757 3183 μᾶλλον

459 3193 666 3253 Partim
703 3215 858 3266 vero,
897 3211 955 3256 ut
989 3205 1058 3259 ab
1090 3208 1440 3277 exsuperanti
1489 3208 1754 3264 modestia
1814 3209 1941 3265 talis
1968 3210 2055 3264 vi-

463 3291 578 3343 deri
607 3302 810 3360 posset,
846 3296 1027 3364 qualis
1058 3298 1131 3353 illi
1158 3300 1336 3369 reipsa
1360 3315 1427 3354 ex
1463 3302 1634 3356 multa
1666 3302 1787 3372 ejus
1819 3303 2057 3358 ruditate

462 3396 526 3438 ac
557 3384 790 3441 stultitia
825 3384 974 3443 r‘tsus
1003 3400 1106 3445 est.
1133 3390 1290 3459 Quod
1321 3393 1468 3447 enim
1515 3396 1628 3449 haec
1654 3394 1735 3450 sic
1767 3394 2053 3460 baberent,

465 3490 529 3530 ac
570 3479 711 3531 male
738 3477 1024 3551 Philippus
1051 3485 1413 3553 conjectaret,
1445 3486 1858 3558 plurimumque
1899 3504 1927 3542 a
1963 3505 2057 3545 ve-

465 3569 629 3624 ritate
646 3570 927 3629 aberraret
961 3591 1147 3630 coram
1180 3578 1360 3633 oblata
1394 3579 1602 3636 visione
1625 3583 1887 3649 ostendit,
1923 3602 1940 3635 ι
1974 3593 2057 3638 te-

464 3662 566 3715 stis
598 3663 651 3716 in
685 3666 827 3720 cado
860 3667 1039 3723 lidelis
1070 3668 1138 3722 “.
1186 3689 1206 3721 ι
1255 3671 1392 3725 Cum
1415 3672 1562 3727 enim
1596 3688 1692 3731 eas
1726 3675 1816 3729 ille
1851 3677 2060 3747 cogita-

464 3755 643 3811 tiones
679 3769 940 3823 versaret,
994 3761 1172 3832 iisque
1226 3764 1638 3832 immoraretur,
1671 3768 1902 3838 corripit
1931 3784 2055 3825 eum

462 3864 692 3907 somnus
727 3871 741 3906 :
775 3864 942 3925 atque
970 3856 1024 3912 iu
1052 3860 1285 3926 somnis,
1336 3858 1478 3916 duos
1529 3862 1796 3932 quosdam
1844 3864 2060 3919 adoles-

459 3952 647 4001 centes
679 3945 846 4002 videt.
881 3946 1093 4005 Tantus
1147 3952 1345 4007 borum
1379 3963 1497 4010 erat
1534 3953 1719 4019 decor,
1773 3972 1835 4010 ac
1866 3957 1955 4026 qui
1990 3974 2055 4012 ex

460 4034 603 4092 facie
638 4040 901 4110 splendor
930 4045 1228 4110 emicabat,
1265 4050 1481 4118 qualem
1515 4067 1615 4108 nec
1665 4068 1848 4109 sermo
1886 4055 2061 4124 expli-

459 4145 608 4196 care,
630 4148 728 4187 nec
751 4133 896 4189 oculi
924 4148 1139 4203 portare
1174 4142 1408 4209 possint.
1442 4143 1544 4211 Qui
1588 4160 1752 4216 porro
1786 4147 2057 4212 astabant,

462 4220 678 4279 inferno
714 4225 778 4277 ad
808 4243 931 4280 eum
959 4229 1128 4293 vultu,
1150 4247 1215 4286 ac
1250 4234 1422 4288 amari
1440 4235 1607 4290 animi
1644 4237 1852 4293 indice:
1874 4257 1893 4290 ι
1922 4240 2058 4306 Quid

464 4312 678 4381 teipse,
733 4315 1006 4387 inquiunt,
1064 4321 1488 4391 cogitationibus
1547 4328 1885 4383 conturbas?
1919 4330 2057 4396 Quid

461 4406 516 4465 in
573 4411 778 4463 crimen
839 4412 1111 4467 insontem
1147 4416 1358 4472 trahis?
1387 4416 1538 4474 Tolle
1564 4421 1776 4485 oculos,
1807 4426 1900 4493 qui
1935 4438 2049 4482 ter-

461 4515 578 4553 ram
611 4513 848 4569 spectas,
877 4519 940 4559 ac
976 4506 1094 4561 ride
1118 4518 1381 4577 quantum
1416 4509 1505 4566 hic
1535 4517 1837 4582 promeruit
1873 4517 2049 4574 hono-

461 4609 600 4659 rem,
628 4597 721 4666 qui
755 4599 1072 4667 tuojudicio
1115 4602 1370 4657 seductor
1398 4613 1502 4668 est,
1529 4622 1593 4660 ac
1628 4606 1932 4679 hypocrita,
1959 4628 2053 4668 sa-

460 4703 731 4759 crumque
764 4692 1161 4747 monachorum
1190 4694 1433 4750 habitum
1468 4700 1749 4757 mentitur.

531 4776 816 4843 Tuucille,
845 4782 911 4835 ad
952 4798 1075 4837 eum
1109 4783 1298 4863 oculos
1335 4788 1645 4855 intendens,
1684 4808 1844 4863 quem
1884 4795 1929 4851 is
1956 4810 2051 4852 os-

458 4871 734 4939 tendebat,
764 4868 1019 4945 magnum
1054 4878 1183 4949 quid
1237 4861 1307 4934 ac
1336 4881 1657 4939 admirabile
1703 4861 1873 4945 videt.
1911 4888 2048 4944 Pur-

456 4979 597 5034 pura
627 4967 873 5036 qmrdam
911 4970 1306 5039 pretiosissima
1332 4974 1481 5027 humi
1518 4985 1686 5031 strata
1704 4987 1842 5034 erat.
1872 4980 2050 5050 Super

457 5075 582 5116 eam
620 5068 804 5115 autem
869 5073 1022 5117 stans
1058 5080 1288 5135 magnus
1321 5066 1432 5133 ille,
1493 5068 1743 5124 mirabile
1796 5073 1927 5139 quid
1983 5090 2049 5130 ac

456 5151 751 5216 incil‘abile,
799 5168 925 5207 cum
959 5171 1024 5209 ex
1064 5155 1237 5211 forma
1268 5168 1382 5212 tum
1412 5173 1475 5212 ex
1503 5158 1689 5215 habitu
1722 5162 1868 5216 velut
1895 5163 2050 5218 ellul-

457 5246 639 5317 gebat,
672 5256 930 5317 tomsque
957 5251 1135 5318 reipsa
1169 5250 1354 5306 lumen
1405 5252 1709 5311 videbatur.
1744 5250 2041 5327 Postquam

457 5349 641 5395 autem
667 5338 955 5411 Philippus
995 5358 1188 5397 somno
1233 5345 1447 5401 solutus
1476 5358 1642 5411 esset,
1679 5359 1918 5405 tremore
1950 5364 2042 5403 ac-

457 5432 603 5488 cedit
629 5448 695 5488 ac
725 5432 875 5488 vultu
909 5435 1216 5500 iutmutato,
1242 5453 1354 5507 quo
1388 5437 1509 5493 loco
1544 5437 1732 5495 Patres
1761 5441 2042 5497 collectam

464 5525 742 5583 habebant
792 5546 805 5582 :
848 5537 1014 5599 atque
1067 5530 1249 5584 omnia
1287 5531 1589 5601 explicans,
1652 5541 1769 5587 tum
1821 5549 1943 5604 qua:
1990 5535 2044 5589 in

466 5618 649 5691 vigilia
691 5623 832 5677 lecto
877 5622 1132 5678 desidens
1181 5622 1365 5677 animo
1424 5624 1541 5694 ipse
1591 5636 1884 5693 versasset,
1929 5636 2042 5683 tum

550 5798 591 5829 ”
622 5797 747 5853 l‘sal
804 5815 900 5867 vn,
940 5798 1027 5855 15.
1107 5800 1145 5831 ¹²
1192 5756 1637 5870 Ρδαιὲιχκχτιη,
1665 5801 1757 5857 '58.

2158 3219 2405 3283 τοιοῦτος
2447 3217 2538 3272 διὰ
2573 3209 3084 3283 ταπεινοφροσύνης
3133 3207 3466 3281 ὑπερϐολὴν,
3501 3198 3755 3260 οἷονάὕ-

2158 3314 2249 3368 τδν
2275 3313 2484 3373 ἐκεῖνος
2514 3311 2577 3363 ὲκ
2612 3307 2819 3376 πολλῆς
2853 3305 3001 3370 ἔδοξε
3042 3302 3360 3373 παχύτητος
3407 3302 3502 3355 καὶ
3552 3316 3753 3370 φρενο-

2160 3404 2444 3468 ϐλαϐείας.
2482 3403 2593 3458 Καὶ
2622 3402 2705 3454 ὅτι
2728 3400 2906 3453 ταῦτα
2939 3396 3117 3460 οὕτως
3152 3394 3289 3466 εἶχε,
3317 3395 3413 3447 καὶ
3460 3391 3651 3455 κακῶς
3678 3386 3751 3463 ἦν

2158 3493 2524 3570 ὀνειροπολῶν
2555 3497 2583 3549 ὁ
2611 3494 2882 3555 Φίλιππος
2930 3491 3136 3560 σφόδρα
3177 3489 3273 3558 τῆς
3305 3485 3573 3557 ἀληθείας
3605 3484 3750 3538 ὕπο-

2160 3590 2540 3661 πλανώμενος,
2597 3586 2904 3654 αὐτοφασὶν
2950 3581 3144 3647 ἔδειξε,
3199 3581 3295 3635 καὶ
3339 3581 3367 3634 ὁ
3429 3579 3645 3649 μάρτυς
3686 3581 3749 3631 ὲν

2159 3683 2376 3756 ούρανῷ
2427 3681 2642 3745 πιστός.
2685 3698 2702 3729 ι
2736 3676 2898 3732 Οὕτω
2952 3677 3063 3747 γὰρ
3120 3675 3427 3742 στρέφοντα
3480 3674 3573 3726 καὶ
3621 3670 3748 3723 ἀδο-

2160 3778 2460 3851 λεσχοῦντα
2498 3778 2610 3839 τοῖς
2638 3774 2946 3843 λογισμοῖς,
2977 3769 3149 3832 ὕπνος
3175 3771 3387 3823 ἐκεῖνον
3425 3768 3571 3835 αίρεῖ
3593 3782 3608 3796 ·
3642 3764 3741 3818 καὶ

2160 3875 2318 3945 ὕναρ,
2353 3870 2449 3925 δύο
2497 3867 2652 3932 τινάς
2702 3867 2808 3938 ὁρᾷ
2863 3865 3106 3925 νεανίας.
3144 3862 3218 3916 Τὸ
3265 3860 3460 3923 κάλλος
3497 3857 3747 3922 ἐκείνων,

2162 3967 2257 4020 καὶ
2284 3968 2317 4036 η
2353 3963 2704 4017 ἐκπίπτουσα
2753 3958 2849 4012 τοῦ
2890 3957 3187 4028 προσώπου
3226 3950 3593 4024 μαρμαρυγὴ,
3621 3949 3752 4004 οὕτε

2162 4057 2307 4125 λόγῳ
2337 4052 2500 4125 ῥητὴ,
2528 4050 2653 4105 οὕτε
2683 4047 2984 4120 ὀφθαλμοῖς
3015 4045 3247 4119 φορητὴο
3273 4045 3388 4113 οἵγε
3429 4041 3755 4113 παραστάν·

2164 4165 2256 4210 τες
2326 4142 2478 4214 αὕτῷ
2550 4143 2735 4212 μορφῇ
2802 4139 3065 4208 δυσμενεί
3121 4135 3219 4190 καὶ
3274 4134 3458 4206 ψυχῆς
3518 4132 3754 4203 πικρίαν

2163 4235 2625 4306 ἀπαγγελλούσῃ,
2666 4253 2683 4284 ι
2735 4231 2801 4285 Τί
2860 4231 3111 4293 σεαυτὸν,
3167 4224 3345 4292 εἷπον,
3382 4228 3753 4297 ὲκταράττεις

2165 4334 2277 4394 τοῖς
2306 4330 2624 4398 λογισμοῖς;
2662 4326 2725 4377 Τί
2752 4324 2842 4378 τὸν
2872 4323 3117 4377 ἀναίτιον
3144 4319 3477 4379 ὑποϐάλλεις
3512 4320 3752 4383 αἰτίαιςς

2162 4423 2337 4499 Ἀρον
2394 4428 2422 4478 ὁ
2476 4424 2629 4479 κάτω
2689 4421 2907 4490 βλέπων
2962 4420 3092 4483 τοὺς
3147 4416 3487 4488 ὀφθαλμοὺς,
3522 4417 3617 4471 καὶ
3668 4417 3749 4470 ἴδε

2160 4517 2325 4578 ποίας
2372 4506 2532 4577 οὕτος
2589 4512 2818 4582 ἠξίωται
2873 4510 2974 4581 τῆς
3029 4509 3220 4579 τιμῆς,
3257 4512 3284 4562 ό
3326 4511 3478 4581 παρά
3546 4510 3629 4562 σοί
3683 4527 3750 4579 γε

2158 4611 2349 4683 κριτῇ.
2383 4606 2587 4670 πλάνος
2607 4604 2684 4658 ὢν
2725 4603 2817 4656 καὶ
2846 4601 3174 4672 ὑποκριτὴς,
3212 4601 3309 4654 καὶ
3356 4601 3452 4654 τοῦ
3494 4601 3605 4654 τῶν
3644 4618 3748 4669 μο-

2159 4701 2340 4771 ναχῶν
2371 4699 2526 4753 ὁσίου
2555 4694 3041 4765 καταψευδόμενος
3076 4694 3384 4764 σχήματος.
3431 4712 3449 4743 ι

2232 4787 2369 4845 Εἶτα
2413 4790 2507 4844 τδν
2537 4787 2822 4858 ὀφθαλμὸν
2842 4787 3039 4856 διάρας
3072 4788 3301 4850 ἐκεῖνος,
3334 4784 3473 4856 πρὸς
3498 4782 3560 4837 δν
3582 4783 3749 4848 αὐτος

2156 4886 2473 4946 ὕπεδείκνυ,
2511 4885 2656 4954 μέγα
2678 4900 2731 4934 τι
2760 4880 2856 4935 καὶ
2883 4880 3189 4949 θαυμάσιον
3221 4877 3456 4950 καθορᾷ.
3478 4879 3747 4949 Πορφύρα

2156 4976 2583 5046 τιςώπέρτιμος
2610 4973 2715 5026 ὑπὸ
2743 4973 2849 5042 γῆς
2892 4971 3133 5043 ἥπλωτο.
3182 4968 3476 5041 Ὑπεράνω
3522 4969 3580 5022 δὲ
3612 4969 3746 5022 ταύ-

2153 5087 2254 5143 της
2292 5070 2321 5122 δ
2356 5070 2532 5139 μέγας
2577 5067 2843 5136 εἱστήκει,
2887 5066 3204 5134 θαυμαστὸν
3245 5057 3361 5116 οἷον
3412 5062 3507 5116 καὶ
3564 5063 3745 5135 ἄρρη-

2152 5180 2255 5216 τον-
2274 5164 2341 5216 ἐκ
2372 5165 2472 5233 τῆς
2501 5160 2719 5231 μορφῆς
2749 5159 2867 5229 ἃμα
2899 5159 2995 5211 καὶ
3039 5155 3339 5229 περιϐολῆς
3368 5155 3741 5224 ἀπολάμπων.

2152 5258 2249 5310 καὶ
2287 5256 2410 5320 ὅλος
2470 5253 2799 5325 αὐτόχρημα
2847 5250 2966 5321 φῶς
2999 5250 3303 5321 ὁρώμενος.
3341 5248 3495 5301 Ἐπεὶ⁵
3537 5248 3595 5301 δὲ
3645 5248 3740 5301 τὸν

2153 5348 2426 5402 Φίλιππον
2491 5346 2662 5409 ὕπνος
2718 5343 2926 5415 ἀνῆκε,
2976 5342 3283 5412 σύντρομος
3326 5340 3578 5412 πρόσεισι
3641 5341 3743 5394 καὶ

2153 5438 2544 5510 ἠλλοιωμένος,
2587 5437 2718 5491 ἔνθα
2754 5437 2854 5508 τὴν
2887 5432 3115 5499 σύναξιν
3148 5435 3198 5485 ot
3243 5433 3490 5500 Πατέρες
3548 5428 3697 5501 εἶχον
3722 5447 3738 5462 ·

2154 5536 2249 5588 καὶ
2280 5535 2460 5588 πάντα
2498 5531 2827 5601 διασαφίσας
2863 5531 2964 5582 ὅσα
3020 5544 3079 5579 τε
3113 5524 3268 5595 ὕπαρ
3308 5524 3475 5586 αὐτὸς
3507 5524 3603 5576 ἐπὶ
3635 5524 3741 5593 τῆς

2158 5627 2453 5698 στρωμνῆς
2519 5625 2799 5698 ἔστρεφε·
2867 5625 2965 5676 καὶ
3044 5622 3144 5674 ὅσα
3219 5620 3355 5691 ὄναρ
3436 5618 3742 5690 ὑπερφυῶς
