4094 6404
287 324 400 386 473

1468 338 1647 399 VITA
1688 339 1751 399 S.
1794 338 2011 400 LUC/E
2049 338 2440 402 JUNIORIS.

3487 338 3596 400 474

293 439 589 503 eadem.
634 443 733 498 καὶ
768 462 1106 517 συγγντιιμης
1150 447 1351 520 τυχὼν,
1398 449 1554 520 μένει
1608 452 1671 506 τὸ
1703 451 1891 523 θαῦμα

2012 469 2119 523 tua:
2149 453 2201 507 itt
2253 449 2822 508 somnis-mirabiliter
2871 459 3230 519 aSpectassct,
3266 466 3331 505 ac
3376 454 3594 507 veniam

299 530 587 604 κηρύττων
644 536 821 591 είσέτι
845 553 860 566 ·
920 537 1115 592 ἑαυτοῦ
1171 556 1232 593 τε
1297 541 1730 609 καταγινώσκων
1787 560 1893 595 κα-

299 628 430 691 λῶς.
460 627 548 698 ἐφ’
588 624 675 693 οἷς
732 618 829 684 τοῦ
883 630 1098 687 δικαίου
1158 633 1280 687 λίαν
1330 634 1523 698 κακῶς
1582 636 1892 707 κατεγίνω⁶

300 737 453 776 σκεν.

383 813 582 869 Ἠνξκα
607 816 734 879 ταῖς
761 815 1052 887 παραλίοις
1080 817 1301 890 χαίρειν
1332 821 1503 874 εἰπὼν
1532 824 1560 876 ὁ
1582 822 1895 885 θεσπέσιος,

298 908 383 971 εἰς
437 906 530 960 τὸν
573 906 671 960 τοῦ
727 908 1009 979 Σωτηρίω
1040 912 1314 965 κατέϐαλε
1379 913 1581 984 χῶρον,
1642 918 1739 969 καὶ
1793 915 1897 985 τὴν

294 999 621 1070 ἀσκητικὴν
652 1001 714 1054 ὲν
743 1002 923 1073 τούτῳ
981 1003 1231 1074 καλύϐην
1268 1003 1530 1076 ἐπήξατο,
1566 1007 1798 1078 ἕϐδομον
1838 1010 1898 1061 ἐν

294 1093 456 1164 αὐτῷ
518 1094 786 1159 διανύσας
830 1095 974 1161 ἔτος,
1041 1099 1297 1170 προέγνω
1348 1100 1451 1170 μὲν
1475 1101 1578 1172 τὴν
1615 1101 1898 1173 μακαρίαν

292 1183 469 1239 αὐτοῦ
500 1185 765 1256 τελευτὴν
791 1188 883 1241 ἐπὶ
907 1188 1107 1260 θύραις
1132 1190 1304 1245 οὖσαν
1324 1208 1339 1223 ⁸
1365 1191 1645 1265 γνώριμον
1676 1195 1733 1248 δὲ
1761 1196 1896 1249 ταύ-

292 1294 397 1346 την
429 1270 779 1347 κατέστησεν
820 1282 999 1337 οὐδενί
1025 1297 1045 1316 ο
1083 1284 1222 1338 ἀλλά
1260 1285 1541 1357 προελθὼν
1577 1287 1779 1358 κέλλης
1818 1289 1897 1352 ὡς

294 1368 391 1422 ὲπί
422 1386 479 1422 τι
509 1369 621 1423 τῶν
643 1372 985 1442 ἀναγκαίων,
1016 1376 1112 1429 καὶ
1149 1378 1285 1431 πᾶσι
1324 1376 1520 1446 φίλοις,
1559 1380 1770 1448 γείτοσι
1801 1382 1900 1436 καὶ

294 1463 568 1528 γνωστοῖς
591 1462 984 1533 παραϐάλλων,
1024 1468 1464 1539 συντασσόμενός
1495 1486 1555 1523 τε
1582 1470 1681 1524 καὶ
1706 1471 1892 1524 ἀσπαο

297 1553 536 1622 ζομενος
578 1553 817 1609 ἑκάστου
872 1556 1049 1628 χείλη,
1083 1558 1332 1630 ὄμματα,
1379 1562 1696 1631 πρόσωπον,
1729 1580 1749 1614 ε
1791 1562 1898 1618 Εὖ-

295 1646 488 1715 χέσθε,
515 1645 765 1716 ἀδελφοὶ,
792 1647 1026 1718 ἔφασκε,
1061 1649 1202 1721 ὑπὲρ
1235 1652 1398 1722 ἐμοῦ,
1416 1651 1644 1724 εῦχεσθε
1666 1672 1682 1687 ο
1705 1654 1899 1725 ἄδηλον

1998 554 2353 609 consecutus,
2393 544 2664 599 hactenus
2704 551 2887 597 manet
2915 542 3239 596 miraculum
3271 544 3596 612 pradicans,

1999 650 2172 705 seque
2201 636 2316 705 ipse
2355 635 2870 699 merito‘damuaus,
2902 649 3003 705 pro
3027 651 3093 689 eo
3123 643 3288 705 atque
3320 636 3598 690 immerito

1997 732 2204 795 justum
2242 728 2691 783 condemnasset.

2071 835 2116 890 Α
2144 850 2257 905 quo
2289 844 2536 904 tempore
2570 834 2657 888 vir
2687 831 2958 887 mirabilis
2982 831 3297 886 vah-dicens
3322 830 3460 885 locis
3486 846 3602 884 ma-

2001 927 2207 984 ritimis
2239 927 2304 981 ad
2337 926 2536 981 Soterii
2587 925 2806 981 devenit
2844 928 3049 987 locum,
3086 934 3252 993 atque
3286 925 3339 978 in
3371 940 3437 978 eo
3471 941 3593 977 mo-

2002 1020 2226 1075 nasticae
2254 1018 2669 1074 exercitationis
2697 1016 2977 1087 tugurium
3009 1015 3145 1081 ﬁxit,
3193 1017 3428 1084 septimo
3482 1014 3597 1084 jam

1999 1113 2235 1167 decurso
2271 1125 2437 1171 anno.
2471 1111 2684 1166 beatam
2717 1124 2875 1164 suam
2912 1117 3144 1163 mortem
3171 1108 3224 1161 iu
3262 1108 3446 1177 januis
3476 1122 3601 1176 pro-

2005 1204 2213 1259 ximam
2246 1203 2549 1275 praenovit;
2600 1201 2734 1256 nulli
2792 1209 2972 1255 tamen
3005 1215 3125 1254 eam
3172 1199 3454 1259 indicavit.
3506 1197 3603 1252 sed

1999 1296 2132 1352 cella
2165 1294 2538 1367 progrediens.
2589 1307 2682 1347 seu
2738 1290 3055 1346 necessaria
3093 1290 3329 1360 quadam
3369 1288 3605 1350 ratione,

1999 1387 2211 1441 amicos
2262 1401 2455 1441 omnes
2519 1384 2842 1454 vicinosque.
2894 1398 2959 1438 ac
3008 1392 3170 1438 notos
3225 1381 3606 1436 conveniens:

1997 1477 2331 1541 valedicens,
2366 1493 2431 1533 ae
2478 1476 2747 1547 cujusque
2804 1475 3135 1530 exosculans
3170 1474 3335 1534 labia.
3390 1474 3607 1528 oeulos"

1999 1568 2194 1624 faciem
2230 1586 2245 1623 :
2275 1585 2294 1620 ι
2337 1566 2522 1633 Orate,
2550 1568 2772 1635 fratres,
2799 1582 2898 1637 pro
2926 1581 3034 1632 me,
3056 1565 3427 1633 aiebat,orate
3450 1583 3463 1625 ;
3491 1565 3606 1636 jam

2003 1662 2209 1734 quippe
2253 1662 2524 1733 deinceps
2556 1661 2829 1716 incertum
2863 1671 3043 1723 est,an
3083 1675 3185 1717 nos
3219 1671 3415 1714 mutuo
3439 1661 3608 1715 visuri

303 1737 414 1809 γὰρ
462 1739 525 1791 τὸ
581 1739 791 1806 λοπὸν,
825 1743 876 1795 εί
916 1744 1014 1797 καὶ
1057 1743 1353 1817 βλέψωμεν
1382 1745 1672 1819 ἀλλήλους.
1704 1766 1723 1800 ι
1758 1743 1898 1803 Εἶτα

2012 1756 2199 1811 simus.
2239 1772 2259 1807 ›
2290 1753 2427 1808 Cum
2460 1754 2541 1810 sic
2567 1769 2697 1825 ergo
2732 1768 2926 1808 omnes
2956 1753 3387 1822 circumquaque
3427 1750 3610 1806 adiis-

232 1859 245 1871 -
312 1832 515 1897 πάντας
535 1832 685 1888 οὕτω
708 1835 1092 1907 περιελθόντα,
1111 1839 1208 1894 καὶ
1240 1840 1323 1904 εἰς
1356 1838 1417 1894 τὸ
1449 1839 1652 1895 ἑαυτοῦ
1685 1841 1901 1895 κελλίον

2012 1854 2086 1903 te:
2118 1886 2134 1910 ,
2188 1855 2354 1916 atque
2421 1846 2475 1900 in
2539 1845 2792 1901 cellulam
2862 1859 3119 1910 reversus
3169 1854 3336 1909 esset,
3390 1852 3612 1912 tri-sque

320 1926 674 1982 ἱπανελθόντα
732 1928 827 1982 τὸν
859 1930 1031 1994 ὅσιον,
1083 1934 1240 2002 τρεῖς
1301 1932 1645 2004 ἐπιζήσαντα
1697 1934 1898 2005 μῆνας,

315 2020 500 2086 πρῶτα
531 2022 634 2090 μὲν
679 2022 837 2085 νόσος
898 2042 987 2090 τις
1035 2025 1324 2097 ὑπέδραμε
1381 2026 1645 2099 μαλακή·
1671 2027 1902 2099 σφοδρο-

302 2106 466 2175 τέρου
519 2110 582 2163 δὲ
637 2111 740 2182 ἠδη
781 2114 876 2166 τοῦ
929 2115 1173 2186 πυρετοῦ
1231 2117 1670 2187 προσϐάλλοντος
1697 2160 1712 2182 ,
1775 2119 1903 2171 ἐπεὶ

295 2198 468 2268 ὀγδόη
526 2202 813 2273 παρῆλθεν
877 2206 1084 2276 ἡμέρα,
1147 2207 1310 2276 δῆλος
1350 2210 1594 2278 κατέστη
1637 2210 1776 2264 πᾶσι
1805 2209 1903 2264 τοῦ

296 2289 561 2361 σώματος
593 2293 992 2366 χωριζόμενος,
1021 2297 1120 2353 καὶ
1159 2301 1297 2371 πρὸς
1330 2301 1485 2369 Θεὸν,
1523 2303 1583 2357 ὃν
1623 2305 1902 2377 ἠγάπησε,

296 2384 702 2456 πορευόμενος.
746 2388 931 2463 Ὅπερ
970 2391 1247 2463 μαθόντας
1279 2396 1410 2459 τοὺς
1443 2397 1543 2461 τὰς
1567 2398 1757 2468 κύκλῳ
1794 2399 1905 2452 κώ-

301 2492 415 2545 μας
455 2479 773 2548 οἰκοῦντας,
805 2484 986 2538 καίτοι
1021 2485 1257 2557 σφοδροῦ
1290 2486 1389 2542 τοῦ
1424 2489 1698 2560 χειμῶνος
1725 2491 1905 2554 ὄντος,

296 2570 398 2624 καὶ
431 2570 617 2657 χιόνος
643 2575 932 2647 ἀμυθήτου
983 2579 1437 2651 καταπεσούσης,
1462 2581 1541 2646 ὡς
1587 2583 1778 2653 σχεδὸν
1811 2582 1907 2636 καὶ

296 2662 463 2727 ὀδοὺς
521 2665 786 2735 ἀϐάτους,
823 2669 920 2722 καὶ
979 2669 1161 2735 οίκίας
1192 2671 1562 2736 ἀνεπιϐάτους
1610 2672 1902 2741 γενέσθαιο

299 2754 458 2823 ὅμως
476 2755 637 2809 οὐδὲν
667 2756 912 2823 ἐκείνους
936 2759 1036 2827 τῆς
1059 2760 1199 2830 προς
1226 2761 1394 2814 αὐτὸν
1421 2762 1624 2834 ἐπέσχε
1652 2761 1904 2834 πορείαςο

301 2848 445 2902 ἀλλά
505 2850 788 2920 πανδημεὶ
843 2851 1048 2914 πάντες
1075 2853 1398 2926 συνέρρεον,
1447 2856 1545 2909 καὶ
1577 2856 1713 2927 παρ’
1752 2854 1905 2926 αύτῷ

304 2941 477 3013 μέχρι
514 2943 611 2996 καὶ
646 2944 881 3014 ὲννάτης
908 2943 1060 3013 ὧρας
1110 2947 1428 3018 παρέμενον
1449 2963 1465 2978 ’
1502 2947 1627 3002 οὔτε
1671 2949 1907 3021 τροφῆς,

301 3033 422 3091 οὗθ’
471 3034 826 3108 ὑποστροφῆς
889 3036 1028 3101 ὅλως
1102 3039 1328 3110 μνήμην
1388 3039 1710 3110 ποιούμενοι
1736 3058 1751 3073 ο
1789 3041 1908 3096 ἀλλ’

2006 1948 2192 2010 postea
2210 1952 2424 1995 menses
2438 1938 2682 2004 vixisset,
2702 1937 2934 2009 primum
2952 1934 3367 2008 quidem'lentus
3387 1936 3613 1992 morbus

2002 2028 2224 2089 invasit.
2246 2030 2365 2087 lam
2396 2047 2528 2088 vero
2555 2031 2690 2087 febri
2726 2033 3455 2095 vehementiusinecsseute,
3484 2046 3609 2083 eum

2011 2134 2206 2182 octava
2231 2126 2346 2196 jam
2387 2112 2678 2181 transisset
2703 2125 2844 2193 dies,
2867 2127 3078 2196 liquido
3113 2134 3383 2180 noverunt
3413 2140 3612 2181 omnes

2011 2217 2257 2288 separari
2282 2232 2315 2273 a
2347 2232 2600 2287 corpore,
2626 2226 2792 2286 atque
2825 2219 2890 2271 ad
2921 2217 3088 2271 Deum
3114 2216 3416 2287 proﬁcisci,
3441 2230 3607 2286 quem

2009 2310 2359 2367 dilexissem.
2385 2309 2439 2365 Id
2472 2310 2561 2365 ubi
2604 2309 3000 2366 intellexissent
3022 2310 3114 2381 qui
3142 2308 3337 2380 oppida
3370 2309 3612 2363 circum-

2011 2429 2234 2485 quaque
2290 2414 2468 2484 posita
2539 2414 2873 2479 incolebant,
2929 2431 3241 2487 quanquam
3293 2423 3415 2469 erat
3467 2429 3610 2470 saeva

2016 2505 2213 2571 hiems,
2245 2503 2454 2575 nixque
2490 2504 2757 2560 immensa
2793 2505 3093 2571 deciderat,
3143 2515 3203 2560 ut
3228 2505 3328 2560 vite
3354 2520 3494 2575 pene
3525 2504 3609 2559 in~

2014 2596 2117 2650 vite
2141 2611 2205 2649 ac
2234 2596 2433 2652 domus
2480 2597 2776 2652 inaccessa:
2810 2595 2969 2651 factae
3000 2606 3206 2662 essent,
3258 2597 3397 2651 nihil
3425 2608 3609 2651 tamen

2013 2695 2075 2741 ut
2110 2700 2179 2740 ne
2252 2686 2318 2739 ad
2354 2701 2479 2739 eum
2528 2696 2818 2756 pergerent
2862 2688 3038 2756 potuit
3089 2688 3378 2759 prohibere
3413 2706 3427 2743 :
3465 2689 3599 2757 quin

2015 2776 2313 2833 universim
2338 2793 2533 2833 omnes
2562 2778 2919 2846 conﬂuentes,
2949 2780 3014 2835 ad
3042 2795 3214 2849 usque
3237 2795 3436 2833 nonam
3462 2778 3607 2849 apud

2014 2885 2139 2925 eum
2183 2870 2500 2935 manebant,
2559 2870 2700 2948 nihil.
2748 2887 2976 2941 prorsus
3015 2880 3110 2926 aut
3157 2872 3261 2926 cibi
3313 2887 3611 2935 memores,

2015 2971 2112 3016 aut
2137 2962 2283 3016 utad
2318 2977 2416 3018 sua
2464 2962 2738 3029 redirent;
2768 2963 2864 3018 sed
2913 2963 3131 3017 stabant
3171 2978 3366 3018 omnes
3394 2964 3448 3016 in
3483 2980 3609 3016 eum

2014 3053 2472 3127 intenti,ejusque
2501 3054 2729 3109 hilarem
2762 3063 3108 3124 aspectantes
3131 3055 3366 3122 vultum,
3392 3055 3625 3110 charis-

304 3126 528 3181 ἵσταντο
568 3128 772 3192 πάντες
794 3128 947 3200 αὺτῷ
990 3130 1345 3202 προσχόντες,
1395 3132 1493 3187 καί
1537 3133 1663 3204 ὃψιν
1694 3134 1906 3188 ἐκείνου

2017 3149 2210 3203 simam
2263 3147 2455 3202 audire
2488 3162 2701 3211 vocem,
2733 3162 3104 3217 supremaque
3131 3146 3292 3200 verba
3318 3161 3381 3202 ac
3420 3162 3615 3217 preces

303 3220 408 3290 τὴν
442 3220 641 3293 ιλαράν
673 3220 993 3291 βλέποντες,
1022 3223 1120 3277 καὶ
1148 3225 1336 3296 φωνῆς
1355 3226 1630 3299 φιλτάτης
1659 3228 1904 3292 ἀκούειν,

306 3316 402 3369 καὶ
434 3314 616 3382 λόγων
673 3315 948 3386 ἐσχάτων,
994 3318 1091 3370 καλ⁵
1119 3318 1292 3390 εὐχῆς
1345 3321 1679 3392 μεταλαχεϊν
1711 3324 1907 3377 ἐπιθυ-

312 3407 545 3479 μοῦντες
565 3423 582 3439 ⁶
614 3408 712 3462 καὶ
745 3409 1052 3479 ὑποστῆναι
1083 3415 1178 3464 τὸν
1205 3413 1492 3484 χωρισμὸν
1520 3413 1583 3468 οὐ
1602 3414 1868 3485 φέροντες
1890 3431 1903 3445 ·

302 3501 502 3559 τοῦτον
560 3502 701 3566 τέως
733 3501 879 3573 φημὶ
922 3501 1015 3556 τὸν
1069 3503 1177 3557 ἀπὸ
1216 3503 1317 3574 τῆς
1364 3504 1576 3577 κλίνης,
1619 3504 1764 3561 ὥστε
1809 3507 1906 3562 τοῦ

296 3596 439 3668 δρᾷν
465 3596 631 3650 αὑτὸν
661 3593 997 3665 ἀφεμένους,
1045 3596 1370 3652 ἱπανελθείν
1401 3596 1621 3652 οἴκαδε·
1659 3598 1784 3653 ἐπεί
1814 3600 1900 3652 τοί

303 3707 372 3760 γε
397 3687 496 3743 τοῦ
549 3689 789 3759 ἐσχάτου
857 3705 920 3757 γε
973 3688 1070 3742 καὶ
1127 3690 1270 3757 μετά
1310 3688 1550 3744 θάνατον
1592 3690 1908 3763 χωρισμοῦ,

299 3780 423 3835 οταν
452 3781 658 3832 ἐκεῖνοι
681 3779 783 3851 τὴν
809 3778 1025 3850 πληγὴν
1059 3778 1309 3850 ἐδέχοντο
1333 3796 1348 3812 θ
1385 3780 1540 3846 ὅπως
1587 3781 1756 3835 αὑτοῦ
1812 3782 1912 3852 χά-

310 3892 392 3946 ριν
458 3874 706 3943 ἔπασχον
753 3875 854 3936 τὰς
900 3872 1117 3943 ψυχὰς,
1162 3875 1226 3926 ὲκ
1279 3873 1391 3926 τῶν
1439 3874 1697 3943 δακρύων
1762 3874 1910 3945 ειπερ

308 3966 546 4022 ἀπακτὶ
578 3966 908 4034 κατέρρεον,
929 3964 1310 4036 ὑπεσήμαινον
1329 3980 1345 3995 ο
1377 3965 1485 4028 ἕως
1514 3966 1910 4036 ἀσπασάμενος

2015 3236 2273 3309 excipere
2300 3236 2597 3307 cupiebant
2628 3253 2644 3292 :
2693 3252 2792 3293 nec
2834 3235 3076 3306 separari
3123 3234 3392 3297 terebant,
3428 3234 3616 3289 hacte-

2012 3344 2142 3393 nus.
2174 3330 2424 3400 inquam,
2454 3344 2485 3385 a
2520 3331 2661 3385 lecto
2688 3328 2942 3398 jacentis,
2975 3339 3029 3383 et
3060 3337 3120 3383 ut
3146 3329 3268 3398 ejus
3300 3327 3493 3383 relicto
3522 3342 3612 3382 as-

2010 3431 2171 3491 pectu
2202 3420 2439 3493 quisque
2470 3420 2696 3477 domum
2725 3428 3151 3475 reverterentur.
3189 3418 3322 3473 Nam
3358 3434 3614 3487 suprema

2013 3512 2105 3568 illa
2162 3528 2227 3569 ac
2255 3528 2286 3569 a
2333 3522 2510 3569 morte
2537 3512 2833 3585 separatio,
2865 3520 3130 3582 quantum
3165 3511 3272 3565 illis
3301 3511 3499 3564 vulnus
3532 3509 3637 3562 in-'

2014 3605 2203 3669 ferret,
2252 3620 2568 3677 quanquam
2605 3604 2727 3675 ejus
2784 3604 2958 3675 gratia
2996 3604 3198 3658 animis
3242 3601 3612 3661 afﬁcerentur,

2009 3696 2171 3768 iuges
2198 3698 2305 3753 illa:
2344 3698 2602 3770 laerymze
2639 3697 2709 3753 ab
2752 3697 2927 3753 oculis
2971 3692 3304 3765 proﬂuentes
3341 3701 3614 3745 monstra.

2012 3792 2147 3846 bant
2180 3809 2193 3844 :
2231 3791 2409 3847 donec
2459 3791 2677 3847 tandem
2712 3790 3056 3860 amplexatus
3086 3802 3303 3852 omnes,
3345 3800 3411 3839 ac
3465 3785 3612 3838 bona

2010 3883 2358 3953 adprecatus,
2388 3883 2554 3938 etiam
2582 3882 2785 3936 invitos
2808 3881 3016 3936 dimisit
3062 3877 3367 3949 lugubriter
3391 3890 3617 3948 gemen-

2012 3982 2116 4032 tes.
2146 3986 2211 4028 ac
2239 3973 2362 4027 diro
2400 3971 2586 4026 dolore
2616 3969 2864 4026 aﬂectos.

302 4063 544 4126 πάντας,
580 4057 956 4129 ἐπευξάμενός
989 4075 1049 4111 τε
1110 4058 1181 4111 τὰ
1232 4057 1443 4126 ἀγαθὰ,
1506 4059 1604 4111 καὶ
1669 4060 1909 4125 ἄκοντας
1983 4064 2169 4136 ἀφῆκε
2253 4064 2453 4137 γοερὸν
2525 4064 2856 4129 στένοντας,
2914 4063 3009 4116 καὶ
3068 4061 3285 4134 βαρέως
3344 4058 3612 4115 παθαινο-

347 4161 533 4214 ένους.

347 4177 474 4214 ενου
516 4197 533 4212 .

303 4180 346 4233 μ
372 4177 889 4325 τοῦςπρεσϐυτέρου
918 4251 1105 4322 μέντοι
1133 4249 1442 4323 Γρηγορὶου
1468 4251 1901 4324 προσμένοντος,

301 4344 645 4399 πυνθάνεται
672 4341 804 4412 παρ’
831 4340 999 4396 αὐτοῦ
1027 4341 1120 4395 τὸν
1147 4343 1346 4412 καιρὸν
1386 4343 1413 4394 ὁ
1455 4343 1653 4411 μέγας.
1694 4342 1803 4395 Τοῦ
1844 4342 1903 4396 δὲ

303 4436 444 4509 πρὸς
478 4432 695 4504 δυσμὰς
719 4433 969 4497 εἰπόντος
994 4428 1137 4486 εἶναι
1160 4433 1251 4486 τὸν
1266 4433 1421 4504 ἦλιον
1454 4473 1469 4499 ,
1509 4434 1675 4503 γνοὺς
1700 4435 1910 4498 ἐκεῖνος

2086 4253 2226 4309 Cum
2263 4262 2446 4308 autem
2474 4251 2775 4321 Gregorius
2804 4249 3088 4321 presbyter
3122 4247 3444 4313 mansisset,
3492 4263 3614 4318 per-

2020 4347 2354 4404 contabatur
2385 4361 2451 4402 ex
2479 4360 2546 4401 eo
2580 4360 2811 4416 magnus
2846 4343 2959 4408 ille,
2987 4349 3230 4412 tempus.
3263 4338 3401 4394 Cum
3431 4353 3615 4394 autem

2022 4439 2270 4501 dixisset,
2304 4438 2477 4493 solem
2523 4438 2591 4492 ad
2613 4416 2889 4492 'occasutn
2924 4450 3169 4506 vergere,
3202 4436 3384 4489 sciens
3413 4433 3522 4496 ille,
3560 4447 3620 4487 se

301 4532 398 4584 καὶ
458 4528 659 4582 ἑαυτὸν
696 4527 801 4599 ἠδη
856 4527 948 4580 τὸν
1000 4525 1166 4580 καλὸν
1215 4525 1424 4598 ἀστέρα
1460 4526 1867 4596 καταδυόμενον
1894 4542 1906 4557 ·

2024 4533 2139 4603 jam
2182 4546 2404 4603 quoque
2456 4530 2745 4601 pulchrum
2795 4530 2948 4586 sidus
2976 4529 3302 4585 occidere:
3343 4545 3360 4577 ι
3385 4527 3612 4590 Abiens,

304 4642 325 4673 ε
370 4617 690 4685 ’Δπελθὼη
715 4618 890 4688 λέγει,
927 4619 1032 4682 τὰς
1085 4618 1379 4689 ἑσπερίους
1408 4619 1483 4682 ὡς
1512 4618 1678 4689 τάχος
1721 4618 1920 4682 ἀπόδος

302 4713 510 4784 εὖχάς·
552 4730 572 4764 ι
621 4711 683 4765 '0
722 4711 781 4764 δὲ
805 4710 1107 4781 πληρώσας
1130 4710 1193 4764 τὸ
1223 4709 1519 4763 κελευσθέν
1541 4727 1556 4742 ·
1596 4710 1796 4764 ἔπειτα
1830 4709 1919 4762 δοσ-

306 4807 427 4860 κῶν
456 4805 593 4877 περὶ
619 4803 717 4860 τοῦ
743 4803 856 4859 τῶν
876 4804 1197 4874 ἀναγκαίων
1218 4803 1616 4869 πυνθάνεσθαι,
1642 4803 1746 4857 ποῦ
1777 4802 1919 4873 μετά

315 4898 546 4953 θάνατον
577 4897 731 4970 αὐτῷ
749 4896 938 4970 ἠρώτα
962 4897 1118 4967 φίλον
1141 4896 1293 4969 αύτῷ
1313 4895 1706 4966 κατατεθῆναι.
1729 4896 1833 4948 Τὸν
1859 4894 1918 4948 δὲ

317 4992 593 5063 δυσχερῶς
611 4992 751 5062 πρὸς
776 4990 936 5045 τοῦτο
961 4989 1300 5045 διατεθέντα.
1330 5010 1349 5042 ι
1375 4989 1512 5043 Τίδέ
1531 4990 1663 5057 ςούκ
1683 4989 1916 5061 αἰσχύνη

314 5086 483 5158 φάναι
514 5084 716 5155 σαφὴς,
747 5083 1049 5152 ἀγνοοῦντα
1084 5083 1377 5153 φαίνεσθαι
1421 5084 1553 5155 περὶ
1583 5083 1800 5149 τούτου,
1835 5083 1918 5136 ὅτι

307 5178 396 5231 δεῖ
442 5176 698 5246 σχοινίων
724 5174 1033 5245 ὲκδήσαντα
1079 5175 1191 5228 τῶν
1218 5174 1417 5241 ποδῶν,
1440 5174 1523 5236 εἰς
1549 5175 1675 5229 τινά
1717 5191 1785 5247 με
1806 5174 1918 5227 τῶν

314 5270 622 5341 φαράγγων
649 5268 1017 5334 καταϐαλεῑν;
1057 5269 1106 5321 εί
1159 5268 1298 5338 πρὸς
1351 5268 1520 5339 μηδὲν
1548 5267 1682 5322 ἀλλο
1720 5267 1917 5339 χρήσι·

315 5380 443 5433 μον,
476 5361 597 5414 ἀλλ’
626 5357 721 5415 οὖν
761 5359 962 5432 βρῶμα
995 5362 1109 5424 τοῖς
1154 5360 1371 5429 θηρίοις
1417 5360 1706 5431 ἐσόμενον.
1746 5379 1766 5412 ιι
1799 5357 1910 5416 Τοῦ

311 5455 703 5525 πρεσϐυτέρου
755 5454 813 5507 δὲ
865 5454 1007 5524 πρὸς
1042 5452 1218 5506 ταῦτα
1261 5454 1430 5525 μηδὲν
1470 5453 1911 5518 ὑποδεδοικότος,

310 5548 454 5601 ἀλλὰ
483 5548 619 5618 περὶ
669 5547 770 5618 τῆς
827 5548 1008 5617 ταφῆς
1058 5547 1155 5600 καὶ
1190 5546 1350 5610 αὖθις
1394 5547 1595 5617 μαθεῖν
1630 5546 1914 5614 ἀξιοῦντος

316 5638 467 5708 μάλα
501 5636 745 5708 θερμῶς,
786 5636 863 5701 ὡς
889 5637 986 5691 καὶ
1019 5635 1234 5708 δάκρυα
1254 5639 1365 5700 τοῖς
1396 5636 1576 5705 λόγοις
1608 5654 1671 5690 συ
1681 5638 1911 5708 μπροῖέ-

315 5746 442 5782 ναιο
472 5728 637 5802 ῆθελε
673 5731 784 5799 γὰρ
815 5728 951 5800 μηδὲ
988 5727 1135 5801 μετὰ
1184 5727 1416 5783 θάνατον
1449 5729 1603 5799 παρὰ
1633 5730 1733 5794 τὴν
1764 5729 1909 5782 ἐκεί-

319 5840 414 5878 νου
434 5824 666 5897 γνώμην
692 5828 862 5879 ποιεῖν
893 5826 1106 5888 ἐκεῖνος
1132 5840 1143 5853 °
1179 5844 1198 5878 ι
1248 5826 1353 5881 Τὸν
1378 5826 1438 5879 τό
1452 5844 1544 5880 πον
1568 5828 1626 5882 ὲν
1657 5819 1701 5896 ᾧ
1737 5824 1908 5880 κατά-

2027 4622 2231 4692 inquit,
2286 4635 2452 4691 quam
2508 4619 2618 4675 cito
2666 4617 3008 4688 vespertinas
3059 4616 3307 4686 persolve
3338 4631 3549 4684 pret-es.
3589 4633 3606 4664 ι

2023 4710 2192 4766 Facto
2216 4711 2361 4781 quod
2378 4710 2571 4782 jussus
2593 4715 2732 4774 erat,
2762 4706 3109 4778 postmodum
3137 4715 3333 4775 putans
3357 4719 3616 4758 necessa-

2023 4804 2165 4858 rium
2202 4802 2406 4872 aliquid
2462 4814 2726 4870 quaerere,
2792 4796 3165 4866 interrogabat
3207 4809 3446 4864 quonam
3496 4794 3615 4848 loco

2022 4905 2144 4966 post
2178 4903 2410 4949 mortem
2451 4891 2671 4961 sepeliri
2703 4889 2942 4961 iuberet.
2979 4889 3028 4942 ls
3077 4895 3258 4941 autem
3314 4902 3427 4940 rem
3471 4901 3617 4955 σιεγε

2022 4988 2209 5044 ferens
2244 5003 2259 5042 :
2294 5007 2313 5039 ι
2349 4986 2490 5051 Quid
2528 4999 2679 5051 vero,
2716 4981 2941 5051 inquit?
2986 4977 3177 5035 Nonne
3208 4979 3387 5050 palam
3429 4981 3616 5049 pudet,

2021 5084 2193 5139 videri
2255 5084 2361 5137 hoc
2406 5082 2616 5137 nescire
2650 5096 2664 5135 :
2699 5088 2760 5133 ut
2799 5077 3064 5133 nimirum
3096 5076 3279 5145 ligatis
3325 5091 3357 5131 e
3388 5076 3620 5146 pedibus

2021 5176 2273 5242 funibus,
2304 5176 2357 5229 in
2390 5173 2703 5244 voraginem
2762 5169 3003 5240 aliquam
3057 5169 3325 5239 projicere
3376 5169 3621 5226 deccat?

2021 5277 2083 5323 ut
2112 5267 2383 5338 siquidem
2424 5264 2490 5320 ad
2543 5263 2780 5334 quodvis
2804 5261 2950 5316 aliud
2983 5277 3105 5317 sum
3133 5261 3368 5325 inutilis,
3399 5269 3616 5315 ateerte

2021 5365 2076 5417 in
2110 5376 2297 5417 eseam
2339 5358 2537 5414 bestiis
2568 5356 2789 5411 cedam.
2830 5373 2850 5406 ι
2899 5354 3104 5410 Verum
3149 5368 3275 5408 cum
3309 5353 3618 5422 presbyter,

2025 5454 2164 5511 nihil
2200 5469 2262 5510 ea
2300 5450 2659 5519 responsione
2682 5448 2908 5504 territus
2946 5447 3130 5503 adhuc
3174 5459 3394 5518 quoque
3432 5443 3500 5497 de
3522 5461 3614 5498 se-

2021 5548 2242 5618 pultura
2269 5542 2544 5599 desiderio
2571 5541 2746 5597 multo
2766 5541 2908 5596 scire
2949 5551 3189 5610 rogaret,
3216 5548 3274 5593 ut
3296 5534 3461 5592 simul
3486 5549 3613 5588 cum

2016 5640 2195 5695 verbis
2219 5638 2553 5706 proﬂuerent
2593 5635 2869 5706 laerymae.
2897 5633 3269 5689 Volebateuim
3297 5644 3365 5684 ne
3392 5628 3611 5698 quidem

2016 5748 2045 5788 a
2070 5745 2265 5795 nume,
2318 5744 2478 5785 secus
2528 5744 2592 5783 ac
2635 5727 2725 5782 ille
2762 5726 3029 5782 voluisset
3060 5725 3237 5779 facere
3269 5740 3283 5778 :
3325 5739 3345 5773 ι
3385 5719 3611 5786 Locum,

2015 5826 2216 5897 inquit,
2253 5825 2307 5879 in
2350 5837 2458 5894 quo
2492 5820 2670 5892 iaceo,
2703 5818 2933 5885 fodiens,
2974 5816 3213 5874 invenies
3245 5826 3429 5876 coctos
3471 5813 3612 5867 late-
