4086 6452
458 352 562 414 475

1905 351 2251 411 ANONYMI

3628 340 3737 403 476

461 475 572 526 res,
631 455 774 529 quos
823 458 1043 524 tollens,
1082 458 1149 512 ad
1180 458 1361 513 locum
1395 459 1624 516 honeste
1651 460 2054 529 aliquantulum

2177 478 2377 532 ιειμαι,
2442 460 2626 529 φησὶν,
2691 457 2922 528 ὀρύξας,
2974 454 3234 517 πλίνθους
3268 451 3445 516 ὀπτὰς
3478 449 3741 522 εὑρήσεις

458 564 818 618 componens,
864 564 998 603 cura
1052 547 1331 616 pulverem
1385 549 1597 618 pulveri
1634 549 1907 604 reddere:
1943 559 2054 603 tum

460 657 587 697 tero
616 641 813 696 lateres
841 639 893 694 in
919 649 1078 695 terra!
1110 650 1353 694 extrema
1391 640 1531 694 facie
1565 655 1793 710 appone.
1823 640 2056 710 Quippe,

461 734 562 797 ait,
589 731 701 786 Deo
736 732 887 785 cordi
911 740 1017 795 est,
1052 739 1112 784 ut
1158 731 1360 799 quibus
1393 730 1506 800 ipse
1528 732 1746 788 arcanis
1780 732 1931 786 novit
1964 747 2057 788 ra-

462 823 733 887 tionibus,
761 823 827 876 ad
856 812 1041 875 mutidi
1086 837 1262 892 usque
1292 825 1850 888 consunnnatiouem,
1879 825 2057 879 locum

462 915 748 981 i-larilicet,
820 914 1229 969 conﬂuentibus
1282 916 1389 970 huc
1421 914 1661 970 ﬁdelium
1712 915 1949 987 populis,
1997 930 2060 969 ac

465 1005 589 1075 ejus
618 1005 864 1081 divinum
892 1022 1090 1060 nomen
1120 996 1577 1076 gloriﬁcaiitibus.

537 1192 632 1246 llis
663 1193 734 1245 ita
789 1193 970 1257 dictis,
1020 1208 1257 1265 cumque
1296 1195 1600 1261 osculatus,
1648 1211 1714 1251 ac
1759 1198 1853 1265 qui
1898 1197 2063 1257 simul

463 1284 709 1344 aderant,
742 1300 807 1338 ac
841 1286 1055 1338 tandem
1113 1287 1310 1342 tollens
1374 1287 1426 1339 iu
1464 1289 1660 1341 cwlum
1709 1289 1936 1354 oculos,
1964 1305 2062 1344 ca-

452 1391 567 1445 que
624 1377 786 1431 verba
842 1376 1060 1430 abunde
1108 1378 1510 1447 pronuntians:
1543 1399 1560 1430 ι
1595 1380 1652 1434 ln
1690 1397 1887 1437 manus
1917 1392 2061 1448 tuas,

467 1469 738 1533 homine,
790 1470 1117 1524 commendo
1157 1472 1412 1542 Spiritum
1473 1488 1651 1529 meum
1682 1475 1747 1534 η,
1780 1491 1799 1525 ι
1850 1474 2060 1529 beatam

469 1560 657 1615 emisit
682 1560 949 1614 animam.

542 1650 700 1706 Mane
734 1662 914 1707 autem
942 1668 1235 1709 accersens
1266 1654 1552 1725 presbyter
1583 1654 1790 1713 vicinos
1818 1656 2059 1723 accolas,

452 1760 647 1821 {locum
708 1744 870 1809 fudit,
909 1761 972 1801 ac
1001 1762 1099 1815 pro
1149 1745 1426 1812 facultate,
1458 1747 1689 1803 honeste
1736 1749 2060 1819 componit;

470 1838 840 1907 absolutoque
867 1848 1131 1894 consueto
1169 1854 1402 1905 canone,
1431 1856 1649 1897 sacrum
1685 1844 1805 1911 ejus
1838 1857 2059 1912 corpus,

469 1946 567 1984 ceu
598 1930 919 1985 thesaurum
959 1932 1251 2000 quemdam
1273 1932 1326 1985 in
1355 1947 1420 1985 eo
1453 1933 1680 2002 deponit
1713 1950 1729 1988 :
1761 1950 1866 1989 non
1900 1951 2064 1992 avare

474 2030 574 2075 aut
606 2021 847 2086 sordide,
898 2031 957 2075 ut
985 2022 1032 2076 ei
1068 2023 1168 2075 soli
1252 2024 1569 2079 reconditus
1627 2035 1794 2091 esset,
1857 2026 1949 2081 sed
2008 2037 2067 2083 ut

472 2102 681 2168 tihristi
706 2115 1023 2168 amantibus
1054 2116 1119 2168 ad
1155 2113 1446 2170 fruendum
1477 2119 1788 2173 communis
1829 2119 2063 2175 cederet.

475 2203 616 2259 Tum
655 2207 917 2279 denique.
964 2208 1147 2262 locum
1208 2208 1445 2279 desuper
1480 2208 1746 2266 lateribus
1793 2218 2066 2277 sternens,

470 2297 619 2364 juxta
643 2298 786 2368 quod
817 2299 1005 2371 jussus
1046 2308 1183 2369 erat,
1218 2301 1470 2358 discedit.

547 2483 652 2541 Ubi
685 2496 893 2553 autem,
939 2501 1180 2543 menses'
1209 2502 1302 2544 sex
1336 2503 1366 2543 a
1394 2487 1577 2545 Patris
1607 2490 1941 2547 dormitione
1966 2490 2070 2546 ﬂu-

472 2579 703 2642 xissent,
737 2579 1041 2633 monachus
1068 2579 1302 2650 quidam
1326 2582 1638 2645 eunuchus,
1664 2580 2072 2654 Paphlagonum

482 2670 708 2739 regione
735 2670 1025 2734 oriundus,
1053 2668 1285 2726 Cosmas
1335 2672 1576 2738 nomine,
1599 2674 1668 2726 'in
1707 2673 1914 2728 Italiam
1950 2690 2074 2744 pro-

480 2762 726 2817 .iciscens
758 2762 893 2833 (12),
920 2778 1047 2817 cum
1107 2763 1220 2832 jam
1256 2763 1325 2819 ad
1355 2763 1548 2836 Cbrysi
1601 2776 1779 2835 partes
1816 2767 2072 2832 venisset,

383 2922 390 2929 .
472 2854 818 2925 aliquantula
844 2856 1027 2924 quiete
1057 2857 1414 2911 recreandum
1445 2872 1650 2928 corpus
1679 2858 1905 2929 putavit.
1937 2860 2073 2914 Dum

477 2957 661 3002 autem
690 2947 984 3014 dormiret,
1036 2949 1285 3004 divinum
1321 2950 1597 3018 quoddam
1635 2950 1686 3006 ei
1735 2951 2073 3007 insomnium

452 3112 459 3117 .
487 3041 801 3096 exhibitum
836 3052 944 3098 cst.
976 3043 1131 3109 Quod
1157 3044 1249 3098 ille
1279 3044 1381 3098 loci
1414 3044 1608 3099 incolis
1637 3060 1892 3107 narrans,
1925 3046 2079 3100 audi—

2158 549 2228 611 ἃς
2271 550 2487 620 διάρας,
2529 550 2622 602 καὶ
2681 549 2772 601 τὸν
2818 547 3001 618 χῶρον
3059 544 3298 616 μετρίως
3342 542 3747 611 φιλοκαλήσας,

2159 640 2457 694 ἀποδοῦναι
2502 640 2595 693 τὸν
2633 640 2777 710 χοῦν
2819 639 2896 709 τῷ
2965 637 3053 708 χοῖ
3112 638 3440 706 φρόντισον·
3486 631 3605 688 εἶτα
3642 632 3748 696 τὰς

2163 732 2420 795 πλίνθους
2448 735 2515 802 τῇ
2545 733 2842 802 ἐπιφανείᾳ
2875 732 3125 802 παράθες
3148 728 3250 797 τῆς
3276 727 3382 795 γῆς
3407 744 3422 757 ·
3452 727 3602 797 μέλει
3635 727 3753 796 γὰρ

2162 818 2241 887 τῷ
2293 816 2432 884 Θεῷ,
2492 821 2644 889 φησὶ,
2702 819 2882 887 λόγοις
2933 814 3018 881 οἷς
3064 819 3233 880 αὐτὸς
3275 814 3418 869 οῐδεν
3451 816 3752 887 ἀρρήτοις,

2162 909 2390 974 δοξάσαι
2424 910 2518 965 τὸν
2584 911 2771 971 τόπον.
2803 912 2934 981 ἄχρι
2968 912 3103 978 γοῦν
3129 910 3229 963 καὶ
3256 908 3363 978 τῆς
3405 907 3755 969 συντελείας,

2164 1001 2407 1073 πλήθους
2454 1002 2566 1057 τῶν
2602 1003 2811 1056 πιστῶν
2842 1001 3079 1056 ὲνταῦθα
3113 994 3547 1074 συνερχόμένων,
3570 1001 3663 1054 καὶ
3686 1001 3761 1052 τὸ

2165 1095 2377 1148 ἐκείνου
2405 1095 2551 1149 θεῖον
2588 1095 2760 1166 ὄνομα
2794 1095 3155 1160 δοξαζόντων.

2237 1188 2424 1253 Οὕτως
2454 1188 2644 1255 εἰπὼν,
2680 1189 2776 1243 καὶ
2798 1190 3196 1259 ἀσπασάμενος
3223 1187 3388 1262 αὐτόν
3409 1205 3467 1240 τε
3500 1188 3596 1240 καὶ
3619 1186 3763 1248 τοὺς

2170 1282 2267 1335 σὺν
2320 1282 2507 1351 αὐτῷ·
2567 1284 2664 1336 καὶ
2714 1282 3028 1335 τελευταῖον
3060 1280 3197 1353 ὑψοῦ
3258 1282 3387 1343 τοὺς
3435 1280 3762 1349 ὀφθαλμοὺς

2165 1373 2386 1443 διάρας,
2421 1373 2515 1426 καὶ
2559 1391 2579 1424 ι
2613 1373 2705 1437 Εἰς
2748 1374 2936 1445 χεῖράς
2977 1390 3096 1440 σου,
3152 1372 3348 1442 Κύριε,
3410 1372 3472 1424 τὸ
3532 1372 3765 1442 πνεῦμά

2171 1482 2273 1535 μου
2330 1465 2682 1536 παρατίθημι
2720 1484 2740 1518 ι
2769 1464 3036 1531 ἐπειπὼν,
3080 1466 3181 1536 τὴν
3233 1465 3519 1536 μακαρίαν
3566 1464 3762 1534 ἀφῆκε

2167 1558 2369 1627 ψυχήν.

2240 1651 2456 1706 Ἕωθεν
2485 1653 2542 1707 δὲ
2572 1653 2701 1717 τοὺς
2727 1655 2788 1707 ὲν
2810 1652 3071 1723 γειτόνων
3098 1651 3341 1723 χωρίτας
3376 1651 3766 1719 μετακαλεσᾶ·

2172 1762 2333 1815 μενος
2366 1748 2394 1799 ὁ
2430 1745 2824 1817 πρεσόὑτερος,
2879 1745 2976 1798 τὸν
3019 1745 3189 1798 τόπον
3228 1762 3290 1797 τε
3328 1744 3622 1816 διορύττει,
3658 1746 3766 1798 καὶ

2163 1839 2240 1902 ὡς
2269 1834 2380 1891 οἷόν
2402 1854 2462 1891 τε
2499 1840 2737 1906 κοσμεῖ·
2796 1836 2889 1890 τόν
2921 1855 2981 1891 τε
3019 1838 3222 1907 συνήθη
3260 1837 3461 1889 κανόνα
3508 1836 3767 1890 ἐπιτελέ-

2169 1948 2294 1998 σας,
2325 1931 2387 1983 τὸ
2420 1931 2567 2001 ἱερὸν
2601 1933 2659 1982 ὲν
2696 1929 2847 2000 αὑτῷ
2893 1928 3221 1999 κατατίθησι
3270 1931 3451 1998 σῶμα,
3487 1924 3599 1982 οἷόν
3633 1948 3767 1983 τινα

2173 2023 2439 2078 πλοῦτον⁸
2476 2025 2536 2077 οὐ
2569 2022 2846 2092 φειδωλῶς
2896 2021 3021 2075 οὐδὲ
3057 2021 3422 2091 μικρολόγως,
3461 2020 3537 2085 ὼς
3580 2023 3764 2092 ἐαυτῷ

2172 2117 2321 2188 μόνῳ
2355 2118 2572 2172 κεῖσθαι
2592 2120 2685 2169 τὸν
2718 2115 2995 2185 θησαυρόν
3021 2130 3034 2145 ·
3077 2115 3195 2169 ἀλλ’
3227 2113 3373 2168 ὥστε
3392 2115 3581 2168 ικοινὸν
3610 2110 3757 2169 εἶναι

2168 2213 2284 2275 τοῖς
2346 2209 2717 2279 φιλοχρίστοις
2770 2207 3094 2261 ἀπόλαυσιν.
3141 2202 3273 2261 Εἶτα
3323 2208 3462 2271 τοὺς
3504 2206 3759 2271 πλίνθους

2183 2303 2304 2376 [πο.
2334 2306 2447 2364 τοῖς
2481 2301 2746 2373 πλίνθοις]
2777 2300 2988 2355 ἄνωθεν
3085 2299 3405 2372 προσετάγη
3441 2316 3770 2372 καταστρωο

2175 2398 2410 2465 σάμενος
2437 2397 2498 2449 τὸ
2517 2396 2732 2465 ἔδαφος,
2759 2395 3104 2451 καταλείπει.

2258 2492 2412 2545 Ἐπεὶ
2441 2490 2498 2543 δὲ
2533 2490 2704 2560 μῆνες
2735 2488 3018 2560 παρῆλθον
3043 2488 3102 2554 ἓξ
3136 2490 3274 2559 μετὰ
3294 2489 3395 2561 τὴν
3424 2485 3518 2542 τὀὖ
3549 2490 3724 2559 Πατρ⁸
3742 2508 3776 2553 ς

2175 2587 2457 2656 κοίμησιν,
2499 2583 2732 2653 μοναχός
2753 2599 2840 2642 τις
2858 2581 3133 2653 εὐνοῦχος,
3163 2583 3264 2654 τῆς
3292 2583 3390 2653 μὲν
3410 2582 3516 2636 τῶν
3541 2582 3767 2652 Παφλα-

2175 2679 2354 2747 γόνων
2392 2676 2716 2747 ὁρμώμενος
2755 2675 2963 2746 χώρας,
3018 2676 3246 2745 Κοσμᾶς
3293 2674 3352 2729 δὲ
3404 2675 3773 2746 καλούμενος,

2178 2768 2438 2838 καὶπρὸς
2477 2767 2708 2821 Ἰταλίαν
2737 2766 2837 2835 τὴν
2893 2765 3119 2837 πορείαν
3157 2764 3504 2837 ποιούμενος,
3537 2766 3612 2831 ὡς
3662 2766 3774 2839 ἤδη

2180 2864 2249 2915 τὰ
2278 2860 2371 2914 τοῦ
2428 2859 2646 2930 Χρυσοῦ
2705 2859 3008 2929 κατείληφε
3050 2860 3217 2928 μέρη,
3256 2859 3401 2928 ἔγνω
3427 2860 3626 2931 μικρδν
3649 2863 3777 2913 ἐκεῖ

2182 2970 2285 3007 που
2315 2951 2378 3005 τὸ
2401 2952 2561 3019 σῶμα
2591 2949 2981 3004 διαναπαῦσαι.
3020 2949 3208 3020 Τούτῳ
3235 2950 3589 3021 κοιμωμένῳ,
3620 2948 3779 3012 θεῖός

2184 3061 2271 3107 τις
2317 3042 2608 3111 ἐφίσταται
2634 3041 2864 3111 ὄνειρος,
2894 3040 2953 3104 ὃς
2984 3043 3077 3094 καὶ
3127 3040 3474 3109 ἀπαγγείλας
3510 3043 3627 3105 τοῖς
3670 3042 3778 3109 ἑγ-

480 3134 557 3187 vit
581 3134 651 3188 ab
679 3137 778 3198 eis,
815 3151 934 3190 esse
958 3120 1069 3190 illic
1099 3135 1404 3192 sistendum
1444 3137 1585 3192 iter:
1627 3137 1889 3192 nimirum
1918 3155 1932 3189 :
1964 3137 2071 3192 Deo

2182 3137 2426 3209 χωρίοις,
2451 3136 2652 3207 ἢκουσε
2684 3135 2818 3204 παρ’
2865 3134 3072 3189 αὐτῶν.
3135 3133 3402 3188 Ἐνταῦθα
3437 3134 3641 3205 χρῆναί
3710 3151 3780 3187 σε

479 3224 658 3278 visum
690 3237 792 3291 est,
825 3224 1100 3294 inquiunt,
1145 3234 1202 3280 ιιι
1243 3226 1551 3281 admirabili
1582 3241 1646 3280 ac
1685 3226 1889 3296 juniori
1918 3225 2078 3280 Lucae

485 3315 777 3381 inservias,
811 3331 1044 3386 eamque
1064 3316 1134 3372 ob
1165 3331 1389 3373 causam
1419 3315 1546 3372 fecit
1576 3327 1634 3372 ut
1678 3318 1780 3372 hoc
1821 3319 1922 3371 iter
1958 3332 2080 3373 sus-

488 3407 726 3477 ciperes.

556 3591 609 3645 ls
642 3604 771 3644 vero
804 3590 937 3644 nihil
960 3590 1179 3661 penitus
1219 3591 1503 3657 dubitans,
1535 3593 2080 3663 ceudivinafquadam
2144 3658 2150 3663 ~

491 3699 656 3737 manu
685 3684 960 3748 trahente,
990 3684 1057 3738 ad
1110 3685 1210 3737 viri
1269 3684 1442 3739 sancti
1485 3685 1737 3741 cellulam
1783 3686 2080 3756 dirigitur;

486 3786 650 3845 atque
684 3776 773 3830 ubi
804 3791 1045 3845 praesens
1091 3776 1350 3841 venisset,
1384 3778 1452 3832 ad
1487 3778 1667 3834 locum
1700 3779 2078 3835 delectabilem

486 3869 647 3937 adeo,
682 3877 737 3923 et
760 3869 828 3923 ad
857 3870 1092 3939 quietem
1125 3871 1495 3941 compositum
1514 3873 1861 3944 agnovisset,
1887 3875 2082 3943 grandi

490 3961 751 4029 perfusus
783 3963 1006 4033 gaudio,
1047 3962 1155 4017 illic
1181 3963 1438 4033 deinceps
1471 3964 1845 4020 habitatorum
1876 3982 1936 4023 se
1965 3982 2088 4037 pro-

491 4054 646 4109 misit
679 4053 811 4108 Deo.
856 4055 1056 4110 Statim
1081 4070 1232 4125 ergo,
1263 4059 1552 4113 invenuste
1596 4074 1662 4115 ac
1692 4058 1968 4114 incuriose
1993 4075 2087 4114 sa-

488 4145 567 4198 cri
631 4143 876 4213 pignoris
930 4146 1146 4198 thecam
1207 4145 1406 4200 habere
1469 4147 1700 4209 videns.
1759 4150 2085 4223 mediocrem

492 4235 713 4289 interim
737 4238 1132 4306 componenda:
1160 4252 1350 4292 curam
1383 4238 1682 4308 impendit;
1719 4241 1892 4295 elevat
1917 4243 2089 4306 enim,

492 4343 557 4381 ac
584 4328 874 4383 sublimem
897 4344 927 4381 a
963 4338 1105 4385 terra
1131 4330 1268 4383 tollit
1302 4346 1319 4383 :
1349 4344 1461 4385 tum
1495 4332 1694 4387 tabulis
1722 4333 1820 4389 loci
1838 4346 2086 4401 exornat,

2183 3232 2283 3301 τὴν
2314 3228 2548 3299 πορείαν
2579 3228 2799 3295 στῆσαι,
2822 3226 3094 3293 λεγόντων
3124 3224 3202 3296 τῷ
3218 3224 3343 3296 Θεῷ
3373 3226 3649 3296 βούλημα,
3677 3226 3782 3278 καί

2164 3339 2342 3392 σφησι,
2369 3319 2449 3388 τῷ
2480 3318 2613 3389 θείῳ
2646 3336 2708 3371 σε
2766 3319 2862 3372 καὶ
2891 3318 2998 3389 νέῳ
3031 3318 3514 3388 διαλειτουργῆσαι
3543 3319 3732 3389 Λουκᾷ
3757 3334 3776 3347 ο

2163 3412 2321 3483 ,πρὸς
2353 3409 2515 3465 τοῦτό
2568 3426 2627 3462 σε
2688 3411 2790 3479 τὴν
2836 3409 2958 3464 ὁδὸν
3015 3409 3223 3481 ταύτην
3267 3408 3585 3465 στείλασθαι
3632 3428 3769 3482 παρ-

2182 3503 2503 3558 εσκεύασεν.

2285 3596 2327 3650 0
2358 3595 2416 3648 δὲ
2450 3594 2619 3663 μηδὲν
2669 3593 2808 3657 ὅλως
2856 3591 3196 3657 ὲπιδοιάσας.
3232 3590 3425 3663 ὥσπερ
3471 3592 3575 3646 ὑπό
3624 3609 3778 3656 τινος

2186 3688 2338 3751 θείας
2366 3687 2549 3758 χειρὸς
2578 3686 2896 3756 ἑλκόμενος,
2919 3685 3057 3757 πρὸς
3093 3685 3158 3738 τὸ
3198 3684 3293 3739 τοῦ
3322 3682 3482 3754 ἁγίου
3514 3686 3769 3756 ποδηγεῖ-

2185 3800 2278 3835 ται
2309 3781 2544 3848 κελλίον,
2577 3778 2706 3834 ἔνθα
2754 3779 3066 3849 παραστὰς,
3101 3780 3197 3832 καὶ
3227 3778 3289 3842 τὸ
3332 3779 3625 3851 ἐπιτερπὲς
3653 3772 3771 3832 οἷον

2185 3875 2281 3931 τοῦ
2309 3875 2500 3939 τόπου,
2524 3873 2618 3928 καὶ
2640 3872 2780 3951 πρὸς
2799 3871 3028 3943 ἡσυχίαν
3045 3871 3396 3943 ἡρμοσμένον
3417 3870 3779 3942 καταμαθὼν,

2187 3968 2284 4022 καὶ
2329 3968 2448 4021 λίαν
2503 3964 2715 4036 ἡσθεὶς,
2771 3964 2832 4017 τὸ
2876 3962 3065 4016 λοιπὸν
3108 3954 3281 4016 οίκείν
3329 3965 3511 4017 ἐκεῖσε
3548 3964 3628 4033 τῷ
3652 3962 3787 4033 Θεῷ

2191 4061 2482 4130 ὑπέσχετο.
2513 4056 2729 4113 Αὐτίκα
2753 4055 2884 4125 γοῦν
2917 4054 3152 4127 ἀκαλλῆ,
3187 4055 3282 4109 καὶ
3304 4055 3681 4128 ἀνεπιμέλητα
3710 4060 3787 4111 τᾶ

2191 4154 2321 4223 περὶ
2380 4152 2480 4223 τὴν
2542 4150 2695 4219 ἱερὰν
2736 4149 2903 4205 αὑτοῦ
2936 4149 3148 4219 ςθήκην
3197 4148 3343 4217 ἰδὼν,
3375 4150 3613 4220 μετρίως
3638 4150 3790 4215 τέως

2191 4247 2333 4313 ἀξιοῖ
2357 4246 2459 4315 τῆς
2513 4230 2817 4315 φροντίδος.
2858 4241 3017 4313 Ὑψοί
3052 4259 3113 4295 τε
3172 4242 3283 4314 γὰρ
3314 4242 3508 4313 αὐτὴν,
3553 4243 3649 4297 καὶ
3677 4243 3791 4310 τῆς

2193 4339 2295 4408 γῆς
2323 4337 2682 4408 ὑπερανέχειν
2712 4333 3124 4403 παρασκευάζει
3152 4353 3168 4368 ο
3224 4334 3388 4399 πλαξί
3429 4352 3489 4387 τε
3527 4335 3651 4397 ταῖς
3680 4336 3791 4404 ἑγ-

499 4420 878 4489 cancellisquc
910 4436 1003 4489 per
1043 4422 1231 4476 orbem
1263 4424 1480 4491 positis.
1530 4440 1596 4479 ac
1638 4428 1880 4492 coronis,
1937 4430 2074 4484 inac-

2192 4425 2418 4497 χωρίοις
2450 4428 2667 4495 κοσμεῖ,
2694 4426 2790 4479 καὶ
2815 4424 3064 4487 κικλίδας
3096 4424 3282 4496 κύκλῳ
3310 4427 3653 4495 περιστήσας
3683 4426 3795 4479 καὶ

492 4525 737 4574 eessam,
770 4525 835 4565 ac
882 4509 1281 4567 intrectabilem
1320 4513 1471 4579 facit,
1525 4519 1766 4586 exceptis
1797 4518 2074 4582 duntaxat,

2196 4516 2574 4586 στεφανώσας,
2639 4516 2843 4571 ἄϐατον
2893 4513 3069 4578 οὕτως
3129 4516 3300 4586 αὐτὴν
3355 4519 3453 4571 καὶ
3498 4516 3792 4586 ἄψαυστον

495 4615 558 4658 ut
586 4605 680 4674 qui
716 4604 841 4670 lide,
867 4620 930 4659 ac
955 4605 1126 4661 multa
1150 4607 1502 4665 veneratione
1527 4624 1645 4687 eam
1676 4611 1903 4681 prepius
1930 4611 2083 4667 adire

496 4698 714 4754 ννιιοιιι.

575 4789 710 4847 Post
762 4796 994 4851 alterum
1050 4793 1308 4863 deinceps
1364 4808 1611 4859 annum,
1659 4793 1781 4864 ejus
1828 4794 2082 4865 discipuli

494 4886 718 4955 quidam
767 4903 893 4945 cum
960 4877 1262 4953 sanitates,
1317 4886 1461 4941 haud
1510 4902 1673 4943 secus
1715 4903 1781 4943 ac
1825 4887 2083 4945 fontanos

496 4977 693 5033 latices
730 4980 843 5035 illic
882 4981 1153 5037 scaturire
1192 4978 1586 5050 perspicerent,
1625 4981 1755 5036 boni
1800 4996 1860 5037 se
1904 4979 2089 5038 Patris

569 5097 614 5129 "
648 5105 782 5152 Luc.
828 5112 890 5163 ll,
922 5098 1015 5153 46.

2188 4607 2333 4666 εἶναι
2373 4615 2533 4680 ποιεῖ,
2558 4614 2640 4667 ὅτι
2679 4611 2753 4682 μὴ
2788 4611 2971 4682 μόνοις
2996 4613 3111 4674 τοῖς
3132 4613 3341 4674 πιστῶς
3370 4609 3613 4680 ἐγγίζειν
3636 4601 3789 4682 αὐτῇ

2190 4704 2543 4775 βουλομένοις
2577 4704 2716 4775 μετὰ
2751 4703 2948 4759 πολλοῦ
2988 4703 3084 4758 τοῦ
3115 4702 3479 4775 σεόἀσματος.

2262 4798 2391 4851 Δυσὶ
2419 4797 2465 4851 δ’
2502 4795 2731 4866 ὕστερον
2778 4797 3018 4869 χρόνοις,
3051 4795 3184 4851 ἔνιοι
3220 4796 3331 4849 τῶν
3379 4793 3550 4850 αὐτοῦ
3576 4811 3780 4866 φοιτη-

2188 4888 2322 4954 τῶν,
2357 4890 2457 4950 τὰς
2486 4891 2605 4945 ἐκεῖ
2650 4888 2950 4960 βλνζούσας
2985 4888 3178 4955 ἰάσεις,
3230 4888 3322 4942 ίσα
3378 4890 3478 4942 καὶ
3515 4888 3786 4959 πηγαίοις

2185 4982 2394 5052 νάμασι
2418 4982 2784 5053 καθορῶντες,
2806 4981 3014 5052 ἀγαθοῦ
3039 4983 3252 5054 Πατρός
3277 4983 3380 5037 οὐκ
3402 4981 3582 5048 ἀγαθᾶ
3605 4982 3781 5036 τέκνα

1773 5218 1875 5280 Fr.
1912 5218 2276 5284 Combeﬁsii
2312 5230 2498 5284 notae.

573 5364 692 5437 (ιι)
725 5366 787 5419 In
813 5364 1035 5421 Italiam
1078 5370 1438 5437 proﬁciscens.
1470 5371 1731 5427 Videntur
1781 5368 1956 5426 Lucas
1987 5370 2076 5424 hic

502 5445 649 5512 totus
676 5435 864 5512 Italus,
892 5454 957 5492 ac
985 5435 1288 5512 ltal'istseu
1315 5440 1576 5496 Rmuanaa
1599 5440 1931 5512 peculiarius
1961 5442 2075 5496 sedi

499 5506 748 5583 addictus
782 5509 949 5562 luisse
975 5547 989 5570 ,
1028 5509 1462 5583 quiltalicorum
1500 5506 1944 5583 peregrinorum,
1980 5526 2074 5565 seu

498 5577 570 5647 ab
596 5575 767 5641 Italia,
801 5592 966 5647 atque
997 5591 1055 5631 ut
1087 5581 1319 5646 videtur,
1347 5575 1519 5637 Roma
1547 5575 2079 5645 retl‘euntintn,‘con-

502 5646 628 5700 silio
655 5662 721 5702 ac
749 5646 937 5717 opera,
965 5651 1293 5705 ttionachum
1322 5654 1499 5720 primo
1529 5652 1783 5717 induerit,
1815 5651 2078 5707 subinde-

503 5720 966 5794 t_l[|0__angelicu_m
993 5720 1166 5794 __illum
1223 5738 1287 5776 ac
1331 5739 1587 5794 maguum
1645 5723 1894 5777 habitum
1931 5739 1959 5775 a
1992 5739 2081 5794 sc-

506 5780 765 5838 nioribusw
806 5788 860 5840 in
912 5788 1141 5858 Italiam,
1202 5806 1266 5847 ac
1326 5780 1553 5848 Romam
1617 5795 1803 5860 utique
1863 5793 2072 5862 legatis,

2184 5371 2577 5440 impetraverit,
2613 5372 2943 5439 tandemque
2998 5378 3205 5424 uanam
3249 5376 3522 5438 petentem
3573 5381 3775 5422 mona-

2184 5444 2348 5498 chum
2376 5483 2392 5507 ,
2428 5453 2688 5509 tanquam
2724 5445 2832 5495 Deo
2865 5440 3169 5495 destinante
3192 5482 3205 5504 ,
3246 5441 3481 5508 primum
3513 5440 3779 5492 aedituum

2188 5529 2252 5567 ac
2299 5508 2555 5583 mystam
2587 5530 2615 5583 a
2671 5522 2869 5573 iiturte,
2902 5511 3216 5583 acceperit.
3255 5521 3313 5563 ut
3360 5510 3441 5564 vel
3488 5524 3558 5564 eo
3590 5508 3778 5583 titulo,

2190 5580 2378 5637 Gra'co
2416 5584 2555 5637 velut
2603 5582 2718 5636 ltali
2767 5581 2943 5636 sancti
2990 5582 3121 5641 vita,
3175 5582 3256 5635 sic
3299 5590 3595 5649 excerpta.
3631 5580 3776 5651 haud

2191 5654 2510 5724 injucunda;
2547 5654 2756 5707 Latinis
2789 5652 2969 5724 nobis,
3011 5666 3348 5724 aequorum
3384 5651 3438 5705 in
3471 5647 3639 5705 Vltulin
3675 5647 3775 5704 Ec-

2183 5722 2363 5781 clesiae
2388 5735 2569 5781 vertex
2603 5724 2825 5789 residet,
2864 5723 3022 5779 debet
3051 5722 3245 5778 videri.
