4086 6386
331 335 432 399 U7

1480 336 1661 397 VITA
1704 335 1765 394 S.
1806 332 2025 393 LUCIE
2066 329 2448 393 JUNIOBIS.

3480 320 3610 381 ’478

337 448 626 520 κρίναντες
656 450 912 517 ἑαυτοὺς,
947 452 996 504 εί
1028 451 1104 522 μὴ
1125 452 1379 524 καθάπερ
1412 454 1640 524 τροφεῖα
1659 452 1754 505 καὶ
1791 450 1929 520 μετὰ

2038 463 2141 501 non
2178 448 2348 503 bonas
2391 444 2640 501 arbitrati
2685 443 2884 513 proles,
2934 440 3038 495 nisi
3071 450 3329 507 tauquam
3377 439 3609 494 alumni.

339 540 492 605 τέλος
515 539 742 611 ὀφθεῖεν
761 541 1107 605 ἀποδιδόντες
1136 543 1287 613 αὑτῷ
1314 546 1382 599 τὰ
1408 542 1549 612 μετὰ
1581 542 1736 605 τέλος
1760 558 1930 612 προσ-

343 635 586 704 ήκοντα,
620 635 969 705 παραχρῆμα
1017 636 1154 704 πρὸς
1203 635 1495 706 οἰκοδομὴν
1545 634 1796 699 κελλίων,
1835 630 1930 685 καὶ

343 724 477 778 ναοῦ
528 724 928 781 διανίστανται.
982 728 1091 782 Καὶ
1129 727 1329 799 πρῶτα
1370 728 1471 799 μὲν
1522 729 1613 781 τὸν
1647 726 1750 797 τῆς
1779 725 1931 790 θείας

341 817 621 886 μάρτυρος
666 818 961 887 Βαρϐάρας
1009 821 1136 874 ναὸν
1181 823 1434 891 ἀτέχνως
1468 820 1684 891 ἔχοντα.
1721 820 1953 890 σπουδῇ⁶

337 907 635 972 τελειοῦσι,
659 910 868 979 κόσμον
884 911 1034 983 αὐτῷ
1058 913 1373 980 περιθέντες
1394 914 1483 967 τὸν
1507 914 1648 967 κατὰ
1675 912 1926 981 δύναμιν.

339 995 482 1055 Εἶτα
511 1000 608 1056 καὶ
630 1000 914 1066 οίκίσκους
952 1004 1172 1067 ἱκανούς
1204 1022 1264 1057 τε
1298 1008 1392 1059 καὶ
1421 1006 1483 1058 τὸ
1514 1006 1703 1075 σχῆμα
1742 1006 1930 1072 διαφό·

339 1107 471 1157 ρους
523 1092 893 1161 οἰκοδομοῦσι,
956 1095 1090 1165 πρός
1135 1113 1193 1148 τε
1223 1098 1409 1167 κοινὴν
1439 1098 1651 1167 χρείαν,
1685 1097 1780 1151 καὶ
1820 1097 1926 1151 τῶν

332 1179 782 1249 ἐπιξενουμέιων
836 1184 1123 1254 ὑποδοχήν.
1156 1186 1393 1246 Ἔπειτα
1451 1190 1544 1242 καὶ
1598 1189 1730 1242 αὐτὸ
1761 1189 1828 1260 δὴ
1871 1191 1928 1242 τὸ

334 1270 575 1334 γελλίον,
604 1273 666 1324 ὲν
694 1265 850 1343 ᾧπερ
877 1277 907 1327 ὁ
927 1276 1023 1335 τοῦ
1055 1279 1294 1347 μεγάλου
1316 1282 1508 1348 τάφος,
1532 1281 1634 1351 τῆς
1654 1281 1927 1352 προτέρας

332 1361 777 1431 μεταϐάλλουσιν
831 1365 1030 1435 ὄψεως,
1081 1370 1176 1422 καὶ
1229 1370 1307 1434 εἰς
1353 1371 1496 1440 ἱερὸν
1535 1372 1826 1441 εὐκτήριον
1867 1374 1926 1424 ἐν

331 1454 622 1523 σταυρικῷ
671 1454 751 1524 τῷ
821 1458 1065 1528 σχήματι
1146 1462 1440 1541 παγκάλως
1495 1463 1882 1532 μεταποιοῦσιν
1908 1479 1923 1495 ’

330 1546 476 1600 ὥστε
527 1548 707 1618 πέρας
748 1550 957 1613 λαῦεἴν,
1004 1553 1064 1606 τὸ
1115 1552 1220 1606 ὑπὸ
1284 1556 1556 1625 μακαρίου
1586 1555 1794 1625 λεχθὲν,
1831 1556 1926 1609 καὶ.

330 1638 466 1709 περὶ
488 1639 588 1695 τοῦ
622 1640 793 1695 τόπου
818 1640 1024 1713 δηλαδὴ
1048 1644 1263 1706 τούτου,
1299 1648 1393 1703 καὶ
1419 1647 1547 1716 περὶ
1576 1647 1685 1704 τῶν
1716 1649 1798 1710 είς
1822 1647 1926 1703 αὐ·-

335 1729 433 1782 τδν
460 1731 539 1793 εἰς
567 1729 772 1801 πλῆθος
799 1736 1239 1806 συνερχομένων.

413 1821 551 1891 Γυνή
611 1839 697 1887 τις
744 1826 1039 1896 ἀκινήτους
1084 1823 1199 1897 εἶχε
1261 1829 1360 1893 τὰς
1424 1847 1614 1900 χειρας
1671 1832 1770 1884 σὺν
1812 1832 1923 1894 τοῖς

354 1913 546 1966 ποσίν·
576 1914 739 1969 ἅτινα
783 1917 880 1969 τοῦ
935 1918 1035 1986 μὲν
1086 1919 1211 1972 ὅλου
1260 1920 1514 1991 σώματος
1548 1920 1925 1993 ἀπηρτῆσθαι,

349 2005 443 2059 καὶ
462 2006 556 2076 τὴν
581 2008 789 2062 οἰκείαν
818 2009 1014 2075 σώζειν
1045 2012 1306 2066 ὲϐλέπετο
1333 2013 1496 2083 πῆξιν
1521 2031 1536 2045 ο
1565 2014 1690 2068 ὅσον
1704 2016 1762 2068 δὲ
1791 2015 1927 2085 πρὸς

335 2099 644 2167 ἐνέργειαν,
707 2102 968 2172 ἀλλότρια
1016 2100 1106 2175 ἦν,
1145 2107 1240 2159 καὶ
1272 2106 1370 2177 τὴν
1409 2107 1546 2160 ἰδίαν
1571 2109 1800 2163 ἕκαστον
1841 2108 1964 2172 ἐξ·-

334 2193 560 2259 ηρνεῖτο
601 2193 998 2265 λειτουργίαν·
1045 2194 1186 2249 ὥστε
1238 2196 1300 2250 τὸ
1354 2196 1494 2251 αὐτὰ
1540 2193 1697 2269 ἧκον,
1748 2199 1928 2253 θανεῖν

332 2280 555 2352 ἐκείνην
603 2282 925 2354 νομίζεσθαι
969 2287 1063 2340 καὶ
1134 2287 1211 2358 μὴ
1255 2288 1394 2359 ζῇν·
1468 2290 1561 2345 καὶ
1611 2291 1671 2345 τό
1720 2308 1784 2360 γε
1847 2293 1928 2356 εἰς

333 2373 664 2445 προσθήκην
700 2376 792 2430 τοῦ
850 2377 1071 2433 τοσοῦδε
1124 2379 1322 2446 κακοῦ,
1355 2381 1560 2452 μᾶλλον
1608 2382 1665 2437 δὲ
1709 2383 1927 2438 καὶτοῦ

332 2463 624 2534 λεχθέντος
647 2467 749 2537 ἤδη
777 2467 1104 2540 βαρύτερον.
1138 2470 1222 2524 ὅτι
1250 2471 1345 2524 τὸν
1368 2473 1506 2536 υἱὸν,
1528 2476 1591 2525 δν
1618 2474 1699 2535 εἰς
1725 2472 1930 2543 ἀναψυ-

333 2554 438 2626 χὴν
465 2556 701 2625 ἔμελλεν
733 2558 881 2630 ἔχειν
920 2561 1017 2613 καὶ
1073 2560 1167 2615 τοῦ
1202 2563 1475 2627 ἐνδέοντος
1517 2564 1925 2633 ἀναπλήρωσιν,

333 2648 499 2711 αὐτὸς
527 2643 687 2712 οὗτος
712 2650 985 2721 δαιμονῶν
1023 2652 1258 2724 ὑπῆρχε,
1292 2655 1389 2708 καὶ
1439 2656 1684 2725 συνεχῶς
1712 2657 1793 2719 είς
1824 2657 1931 2728 γῆν

337 2741 599 2808 mpm;
623 2759 684 2794 τε
715 2742 810 2795 καὶ
840 2745 1310 2817 σπαραττόμενος.

408 2833 638 2905 Ταύτην
675 2834 725 2888 οί
753 2837 1130 2906 προσήκοντες
1188 2838 1331 2891 κατὰ
1374 2839 1533 2907 γένος
1578 2839 1677 2910 τῆς
1713 2855 1928 2911 συμφοη

340 2927 441 2996 ρᾶς
476 2927 833 2999 ἐλεήσαντες,
865 2931 961 2984 καὶ
992 2931 1156 2984 οίονεὶ
1182 2931 1380 3001 φόρτον
1409 2931 1620 3002 ᾷψυχον
1656 2931 1763 3002 ὄνῳ
1802 2934 1929 2986 ὲπι-

337 3018 672 3085 ὗιὸἀσαντες
760 3022 856 3076 καὶ
908 3022 1372 3094 περικρατοῦντες
1394 3063 1410 3086 ,
1458 3023 1600 3094 πρὸς
1651 3023 1746 3078 τὸν
1807 3026 1930 3079 νέον

2034 550 2155 609 post
2193 547 2424 594 mouent
2472 553 2717 607 quoque,
2766 550 3009 604 congrua
3059 549 3088 587 a
3127 541 3299 586 morte
3347 531 3611 598 obsequia

2027 636 2293 700 praestare
2340 628 2680 691 viderentur,
2733 626 2914 679 statim
2967 624 3032 678 ad
3083 622 3446 679 exstruendas
3499 622 3611 676 cel-

2033 721 2173 777 lulas
2202 736 2267 775 ac
2301 719 2559 788 templum
2596 718 2928 772 excitantur.
2968 715 3046 768 Ae
3079 715 3317 783 primum
3361 712 3609 781 quidem,

2031 813 2175 869 divae
2218 811 2478 881 martyris
2527 809 2779 863 Barbara:
2829 808 3088 877 templum
3138 806 3320 860 minus
3362 802 3612 857 elabora-

2033 918 2166 972 tutn,
2203 906 2316 963 cito
2345 916 2758 969 consummant,
2793 912 3048 957 ornatum
3094 899 3418 954 adhibentes
3447 911 3612 964 quam

2032 1000 2183 1055 licuit
2232 999 2556 1053 maximum.
2600 994 2737 1051 Tum
2774 1009 2904 1047 vero
2935 992 3199 1049 aediculas
3255 999 3341 1046 sat
3391 991 3612 1050 multas,

2031 1090 2247 1160 aliaque
2283 1105 2347 1145 ac
2392 1089 2497 1142 alia
2538 1086 2710 1141 forma
2755 1085 3049 1147 mdilicant,
3095 1099 3221 1137 cum
3258 1081 3328 1136 ad
3373 1081 3613 1136 fratrum

2029 1197 2380 1238 communem
2428 1195 2611 1243 usum,
2664 1189 2774 1232 tum
2822 1176 3022 1245 quibus
3074 1176 3317 1243 hospites
3361 1173 3612 1239 suscipe-

2031 1284 2169 1333 rcnl.
2214 1274 2415 1332 Aillwec
2470 1273 2769 1336 cellulam,
2808 1287 2911 1339 qua
2981 1269 3163 1337 magni
3228 1268 3376 1320 illius
3421 1265 3612 1333 sepul-

2031 1382 2185 1422 crum
2220 1367 2452 1435 positum
2498 1373 2652 1428 erat,
2713 1361 2880 1431 priori
2923 1369 3131 1415 mutata
3183 1359 3383 1428 specie,
3421 1358 3474 1411 in
3521 1373 3615 1412 sa-

2027 1476 2181 1517 crum
2232 1459 2534 1515 oratorium
2584 1457 2639 1513 in
2686 1456 2868 1510 crucis
2917 1452 3208 1508 efformant
3237 1461 3350 1505 tum
3382 1449 3613 1519 ﬁguram

2028 1551 2400 1627 pulcherrime
2449 1556 2796 1605 commutant
2850 1565 2866 1599 :
2922 1560 3032 1613 quo
3086 1545 3245 1597 linem
3300 1543 3609 1610 acciperet,

2026 1645 2230 1699 dictum
2280 1642 2411 1696 illud
2442 1655 2471 1693 a
2517 1639 2676 1694 beato
2724 1637 2862 1699 viro,
2897 1635 3118 1689 deloco
3162 1633 3385 1702 pariter,
3436 1633 3612 1700 deque

2030 1740 2098 1795 iis
2126 1739 2223 1807 qui
2253 1735 2529 1806 frequenti
2565 1732 2919 1790 multitudine
2951 1746 3017 1784 eu
3044 1725 3375 1783 conventuri
3401 1733 3609 1779 essent.

2104 1830 2363 1894 Quadam
2430 1827 2634 1881 femina
2702 1823 2957 1880 manibus
3012 1821 3215 1889 pariter
3267 1833 3334 1872 ac
3387 1816 3616 1886 pedibus

2035 1922 2330 1978 immobilis
2379 1930 2521 1986 erat,
2568 1929 2627 1972 ut
2675 1917 2832 1987 plane
2882 1915 3118 1984 pendere
3173 1911 3261 1964 illa
3311 1925 3340 1964 a
3406 1908 3615 1976 reliquo

2035 2030 2286 2085 corpore,
2321 2029 2384 2067 ac
2413 2026 2730 2080 compagem
2771 2007 3045 2076 prppriam
3096 2005 3317 2059 servare
3362 2002 3616 2055 videren-

2037 2119 2123 2162 tur
2152 2124 2167 2165 :
2199 2107 2342 2176 quod
2398 2114 2574 2157 tamen
2618 2109 2826 2170 spectat
2872 2099 2937 2152 ad
2989 2097 3283 2158 actionem,
3319 2095 3496 2147 aliena
3526 2108 3615 2147 es-

2037 2208 2179 2259 sent,
2207 2210 2477 2265 suumque
2501 2194 2757 2262 quodque
2781 2207 2970 2245 eorum
2999 2188 3321 2255 obsequium
3353 2194 3573 2254 negaret
3600 2201 3613 2234 :

2038 2298 2096 2346 ut
2132 2285 2279 2356 quod
2326 2285 2542 2337 illorum
2593 2288 2730 2342 erat,
2776 2294 2889 2341 non
2939 2278 3471 2344 vivens.putaretur,
3520 2273 3614 2325 sed

2038 2391 2276 2433 mortua.
2304 2373 2611 2430 Accedebat
2657 2370 2781 2424 mali
2828 2368 2961 2423 tanti
2998 2366 3242 2429 cumulo,
3275 2364 3401 2431 quin
3438 2373 3492 2417 et
3526 2362 3618 2415 illo

2038 2469 2240 2524 malum
2281 2467 2525 2537 gravius,
2574 2473 2634 2517 ut
2681 2478 2841 2531 quem
2892 2460 2983 2512 illa
3032 2455 3348 2526 indigentiae
3395 2454 3615 2523 supple-

2038 2573 2276 2618 mentum
2325 2575 2389 2614 ac
2442 2558 2791 2612 refectionem
2828 2554 3019 2631 lilium
3076 2551 3326 2605 habitura
3379 2558 3516 2613 erat,
3571 2548 3618 2601 is

2038 2657 2151 2727 ipse
2189 2651 2561 2709 daemoniacus
2592 2658 2758 2709 esset,
2804 2661 2868 2700 ac
2912 2644 3172 2699 continue
3223 2642 3413 2696 allisus
3460 2650 3618 2695 terra:

2036 2750 2461 2817 discerperetur.

2106 2840 2238 2909 Ejus
2276 2834 2606 2893 calamitatis
2663 2831 2896 2896 miserti,
2946 2830 3040 2901 qui
3080 2842 3276 2900 genere
3326 2824 3616 2893 continge-

2037 2932 2187 2995 bant,
2215 2944 2280 2984 ac
2325 2928 2474 2983 velut
2500 2941 2643 2981 onus
2675 2922 2918 2979 inanime
2961 2922 3303 2990 imponentes
3345 2917 3519 2978 asino,
3554 2930 3618 2968 ac

2038 3023 2294 3077 manibus
2342 3026 2621 3081 tenentes,
2674 3014 2744 3070 ad
2790 3029 2995 3068 novum
3051 3010 3200 3065 Siloe
3259 3008 3402 3063 beati
3456 3005 3620 3060 Lucae

339 3109 568 3180 Σιλωὰμ
617 3111 711 3165 τὸν
768 3113 865 3166 τοῦ
903 3115 1176 3185 μακαρίου
1225 3116 1413 3168 Λουκᾶ
1473 3116 1703 3185 φέρουσι
1733 3117 1928 3186 τάφον,

2038 3115 2349 3185 sepulcrum
2386 3111 2687 3173 adducunt,
2722 3115 2986 3177 sequente
3021 3117 3240 3175 quoque
3282 3116 3404 3156 eam
3456 3099 3568 3154 filio
3600 3114 3616 3152 :

342 3202 716 3271 συνεπομένου
743 3204 947 3273 δηλαδὴ
990 3206 1167 3278 ταύτῃ
1221 3207 1319 3260 καὶ
1349 3206 1442 3260 τοῦ
1473 3206 1594 3260 υίοῦ
1615 3224 1630 3238 ·
1678 3207 1808 3261 ἔνθα
1839 3209 1933 3262 καὶ

2038 3222 2178 3278 quos
2211 3206 2324 3261 illic
2361 3202 2757 3273 relinquentes,
2799 3197 3003 3254 reversi
3042 3205 3192 3252 sunt.
3236 3192 3451 3260 Quanta
3486 3206 3621 3245 vero

341 3291 744 3357 καταλιπόντες
783 3295 1007 3362 αὐτοὺς,
1075 3296 1407 3367 ἐπανῄεσαν.
1457 3291 1559 3350 Οἷα
1604 3298 1662 3350 δὲ
1716 3299 1788 3351 τὰ
1835 3295 1932 3350 τοῦ

338 3380 476 3434 Θεοῦ
506 3382 758 3453 κρίματα
782 3385 795 3438 !
840 3384 1158 3455 ’Υπερεῑδεν
1186 3386 1356 3458 αὐτὴν
1376 3389 1403 3441 ὁ
1426 3386 1606 3455 ἅγιος,
1625 3389 1723 3443 καὶ
1741 3388 1933 3458 χρόνον

338 3474 442 3547 ήδη
479 3475 701 3546 συχνὸν,
736 3475 838 3547 τὴν
890 3477 1038 3534 τασιν
1097 3479 1443 3535 ἀνεὸάλλετο.
1482 3480 1701 3550 ’Λμὲλει
1754 3483 1850 3535 καὶ
1899 3484 1933 3551 ἡ

338 3568 482 3638 γυνὴ
508 3567 772 3638 καμοῦσα
811 3569 892 3640 τῷ
942 3571 1144 3642 χρόνῳ,
1194 3572 1292 3624 καὶ
1320 3571 1423 3642 τὴν
1458 3562 1760 3644 θεραπείαν
1791 3575 1935 3628 ἀπα-

337 3659 701 3732 γορεύσασα,
762 3660 1130 3735 ὑποστρέφειν
1186 3663 1470 3719 διενοεῖτο.
1536 3664 1681 3718 Ἀλλ’
1736 3663 1783 3719 ὣ
1834 3667 1935 3737 τῆς

338 3754 666 3826 ἀπορρήτου
702 3771 820 3822 σου,
853 3755 1080 3827 Χριστὲ,
1116 3757 1510 3827 χρηστότητος,
1552 3756 1771 3826 καὶτῆς
1804 3757 1935 3828 περὶ

340 3846 516 3916 αὐτὴν
577 3848 825 3919 ἀρρήτου
890 3848 1379 3919 θαυματουργίαςί
1430 3849 1630 3920 Ὀλίγῳ
1666 3849 1934 3921 πρότερον

344 3935 432 4005 τῆς
495 3937 596 3991 τοῦ
657 3937 818 4006 ἁγίου
859 3938 1033 4011 θήκης
1084 3941 1238 4010 πηγῇ
1314 3928 1719 4011 παραπλησίως
1759 3941 1932 4013 μύρον

336 4028 541 4103 εὑῶδες
573 4030 982 4101 ἀποὸλυσάσης,
1014 4032 1042 4085 ὃ
1079 4033 1352 4100 νεωκόρος
1383 4033 1646 4104 ἐπιμελὲς
1679 4034 1930 4105 θέμενος,

340 4121 437 4175 καὶ
488 4120 655 4175 τοῦτο
715 4122 933 4186 λαϐὼν,
994 4124 1076 4186 είς
1132 4125 1260 4194 μίαν
1319 4140 1381 4176 τε
1425 4110 1533 4178 τιῖἶν
1583 4110 1935 4196 φωταγωγῶν

334 4214 619 4288 ἐμϐαλὼν,
646 4215 741 4269 τοῦ
767 4215 916 4289 ἱεροῦ
937 4217 1143 4288 ταύτην
1174 4216 1288 4288 ἀπή
1300 4234 1465 4290 ρτησε
1490 4219 1683 4288 τάφου.

407 4310 606 4378 Τούτῳ
635 4309 727 4362 οῦν
763 4310 1247 4381 προσεδρευούσης
1276 4312 1383 4380 τῆς
1417 4313 1698 4380 γυναικὸς,
1737 4316 1938 4381 μεσού-

339 4421 444 4475 σης
497 4404 739 4476 ἡμέρας,
791 4405 888 4458 καὶ
911 4405 1139 4475 μηδενὸς
1169 4403 1351 4469 ἄλλου,
1385 4406 1470 4460 ὅτι
1499 4407 1576 4479 μὴ
1619 4407 1712 4460 τοῦ
1732 4408 1934 4481 παιδὸς

339 4498 485 4568 αὐτῇ
547 4499 974 4578 ’συμπαρόντος
1030 4499 1216 4570 ἡρέμα.
1282 4501 1423 4570 πρὸς
1476 4500 1648 4571 αὐτὴν
1707 4503 1933 4563 ἐκεῖνος.

2046 4500 2113 4553 ad
2156 4513 2276 4552 eam
2312 4493 2587 4549 submissa
2631 4503 2769 4545 voce
2817 4505 2832 4542 :

355 4590 501 4643 Ἀλλ’
560 4588 694 4658 ἐγὼ,
755 4590 944 4659 φησὶν,
1002 4592 1264 4658 ἀναστὰς,
1299 4591 1362 4644 τὸ
1409 4593 1466 4642 ὲν
1508 4595 1574 4663 τῇ
1616 4594 1940 4662 φωταγωγῷ

342 4683 521 4756 ταύτῃ
556 4682 814 4752 πιοῦμαι.
859 4683 924 4736 Ἢ
953 4682 1011 4737 δέ
1041 4700 1104 4752 γε
1138 4685 1324 4755 μήτηρ
1371 4684 1604 4756 ἀπεῖργε
1626 4685 1721 4738 τοῦ
1757 4686 1940 4756 ἐγχει-

351 4780 619 4847 ρήματος,
659 4794 678 4826 ι
712 4775 833 4845 Μὴ,
885 4774 1097 4838 τέκνον,
1133 4772 1262 4838 ὀξὶς
1305 4774 1334 4826 ὀ
1361 4775 1651 4844 νεωκόρος,
1681 4773 1940 4842 λέγουσα,

354 4871 450 4923 καὶ
500 4872 710 4939 μήποτε
759 4867 857 4920 καὶ
914 4864 1180 4935 μαστίξας
1235 4866 1381 4934 ἡμᾶς
1427 4864 1742 4934 ἀπώσηται.
1793 4884 1812 4918 ι
1843 4867 1943 4927 Οὐ,

355 4965 540 5031 φησὶν,
572 4961 714 5015 ἀλλὰ
736 4961 801 5013 τὸ
855 4957 1153 5029 ἐνθύμημα
1181 4959 1407 5029 περανῶ
1435 4974 1453 4989 -
1485 4959 1578 5010 καὶ
1621 4958 1737 5028 ἆμα
1770 4957 1943 5012 διανί-

352 5073 538 5121 στατο,
594 5056 691 5108 καὶ
741 5056 842 5123 τῆς
872 5049 1215 5120 φωταγωγοῦ
1264 5049 1626 5122 δραξάμενος,
1656 5049 1836 5119 ἐγχέει
1865 5049 1944 5120 τῷ

346 5153 586 5221 στόματι
650 5145 1020 5216 παραχρῆμα,
1059 5144 1156 5197 καὶ
1205 5144 1267 5197 τὸ
1335 5142 1521 5195 λοιπὸν
1565 5141 1716 5195 οὐδὲν
1754 5142 1955 5219 ἕτερον.

348 5244 447 5320 ἦν’
484 5243 607 5299 ἀλλ’
639 5245 668 5295 ὁ
691 5241 823 5302 παῖς
845 5237 1006 5299 εὐθὺς
1042 5230 1290 5290 ἐκυλίετό
1321 5253 1380 5290 τε
1415 5238 1507 5290 καί
1533 5235 1938 5307 ὲσπαράσσετο.

2043 3300 2135 3373 Dei
2166 3297 2419 3371 judicia?
2454 3296 2714 3373 ~Despexit
2749 3308 2869 3347 eam
2903 3300 3146 3356 sanctus,
3179 3297 3343 3358 atque
3386 3287 3452 3340 ad
3501 3286 3621 3339 lon-

2036 3407 2162 3461 gum
2200 3391 2335 3444 satis
2381 3398 2593 3456 tempus
2638 3382 2981 3438 sanationem
3030 3379 3335 3435 dillerebat.
3376 3375 3621 3445 Denique

2037 3479 2233 3534 mulier
2275 3476 2417 3547 ipsa,
2449 3489 2603 3529 mora
2636 3472 2916 3537 fatiscens,
2950 3485 3014 3525 ac
3055 3485 3151 3539 spe
3185 3464 3495 3523 curationis
3526 3464 3623 3519 ab-

2033 3572 2178 3641 jecta
2207 3609 2222 3635 ,
2275 3567 2475 3623 reverti
2538 3564 2835 3636 cogitabat.
2891 3561 3225 3623 Enimvero,
3274 3573 3308 3613 ο
3362 3571 3623 3610 arcanam

2038 3673 2212 3727 tuam,
2261 3660 2504 3725 Christe,
2539 3659 2864 3724 bonitatem,
2895 3669 2962 3710 ac
3011 3652 3262 3707 miraculi
3312 3651 3366 3704 in
3403 3664 3468 3704 ea
3516 3665 3617 3718 pa-

2040 3756 2166 3813 trati
2194 3753 2522 3811 ineffabilem
2559 3749 2975 3822 praestantiam!
3018 3745 3172 3801 Haud
3211 3744 3304 3800 diu
3338 3751 3486 3808 ante,
3519 3741 3627 3795 viri

2038 3849 2214 3907 sancti
2277 3848 2492 3903 loculus
2542 3844 2714 3902 fontis
2768 3843 2945 3898 instar
2990 3839 3312 3895 suaveolens
3368 3851 3621 3905 unguen-

2038 3953 2153 3999 tum
2190 3942 2304 4011 (l5)
2336 3938 2663 3996 scaturierat
2703 3952 2720 3990 :
2772 3935 2921 4006 quod
2970 3933 3203 3987 aedituus
3251 3928 3485 3986 sollicite
3518 3927 3623 3980 haa

2042 4040 2197 4102 bens,
2231 4053 2296 4091 ae
2327 4033 2623 4103 accipiens,
2656 4030 2992 4097 mittensque
3038 4025 3091 4079 in
3138 4038 3309 4078 unum
3341 4018 3626 4092 quoddam

2042 4128 2434 4193 lucernarium‘
2479 4122 2812 4188 vasculum,
2878 4134 3039 4175 sacro
3104 4115 3358 4186 sepulcro
3417 4125 3626 4181 appen-

2041 4224 2218 4280 dcrat.

2113 4314 2249 4369 Cum
2299 4325 2430 4380 ergo
2479 4307 2696 4372 mulier,
2750 4304 2869 4374 ipso
2922 4299 3170 4363 meridie,
3224 4295 3442 4350 nemine
3493 4306 3631 4361 prae-

2047 4418 2295 4475 terquam
2344 4402 2457 4456 tilio
2492 4407 2779 4470 praesente,
2829 4394 3009 4452 eidem
3059 4392 3366 4447 asSisteret.
3414 4385 3493 4439 ait
3542 4383 3634 4439 ille

2879 4487 2949 4543 At
2997 4500 3097 4552 ego
3146 4495 3399 4551 surgens,
3449 4476 3632 4531 bibam

2046 4591 2190 4662 quod
2226 4590 2281 4642 in
2323 4589 2428 4640 hoc
2458 4581 2773 4639 lueernario
2810 4576 3046 4632 exsistit.
3081 4573 3252 4627 Mater
3286 4584 3417 4624 vero
3450 4567 3636 4621 deter-

2049 4658 2222 4749 rebat,
2260 4696 2328 4735 ne
2377 4679 2429 4733 id
2476 4677 2567 4731 ille
2616 4680 2910 4728 attentaret
2958 4686 2973 4724 :
3027 4687 3045 4718 ι
3085 4664 3184 4728 Ne,
3222 4663 3495 4731 inquiens,
3537 4658 3634 4724 fili,

2049 4775 2349 4830 iracundus
2400 4780 2485 4825 est
2533 4754 2807 4826 aedituus,
2863 4777 2929 4818 ac
2985 4776 3050 4812 ne
3109 4772 3211 4811 nos
3267 4754 3406 4808 forte
3461 4749 3636 4821 plagis

2057 4869 2333 4940 impositis
2378 4860 2777 4918 amandaverit.
2836 4875 2855 4909 ι
2906 4854 3378 4922 Haudquaquam,
3432 4845 3632 4914 inquit,

2057 4963 2153 5021 sed
2184 4963 2352 5017 animi
2401 4955 2734 5015 desiderium
2782 4951 3053 5021 implebo;
3092 4960 3328 5022 moxque
3379 4956 3634 5011 surgens,

2056 5071 2121 5111 ac
2154 5054 2519 5109 lucernarium
2567 5047 2813 5118 capiens,
2851 5043 3039 5098 statim
3080 5040 3163 5101 pri
3219 5036 3495 5100 infundit;
3537 5048 3637 5087 nec

2055 5147 2324 5201 hactenus
2369 5141 2516 5197 aliud
2565 5139 2868 5210 quidquam
2894 5134 3042 5208 ‘fuit.
3091 5128 3394 5186 ConfeStint
3455 5137 3635 5181 autem

2051 5240 2217 5311 erepit
2249 5235 2480 5299 volutari
2520 5248 2654 5305 puer
2691 5246 2757 5286 ac
2803 5225 3059 5296 discerpi.
3100 5223 3270 5279 Mater
3303 5231 3509 5277 autem.
3551 5219 3630 5271 Ae

1624 5400 1723 5459 Fr.
1772 5398 2137 5461 Combeﬁsii
2175 5406 2360 5460 notae.

424 5561 542 5628 (l3)
580 5554 901 5628 Suaveolens
928 5560 1275 5628 unguentum.
1305 5549 1624 5603 Miraenlum
1659 5549 1781 5614 hoc,
1826 5553 1941 5604 vico

351 5621 596 5703 pldritint
639 5628 752 5703 _sit.
813 5624 921 5677 Nec
972 5621 1116 5703 enim
1183 5621 1253 5674 ita
1315 5630 1682 5703 unguentum“
1716 5635 1940 5673 manare

351 5690 511 5765 solet,
547 5699 653 5753 nisi
684 5702 1024 5765 monstrante
1054 5692 1162 5746 llco
1190 5732 1203 5751 ,
1245 5708 1367 5765 esse
1418 5690 1685 5765 ejusmodi
1722 5698 1941 5744 sancto-

354 5789 476 5829 rum
499 5759 509 5765 ’
532 5783 800 5841 corpora,
826 5779 924 5821 ceu
957 5763 1135 5819 fontes
1171 5764 1437 5833 quosdam
1469 5759 1835 5829 curationum,
1861 5762 1937 5815 uti

2051 5553 2103 5603 in
2160 5548 2384 5603 Nicolau
2435 5564 2497 5600 ac
2555 5548 2678 5601 aliis
2752 5544 3115 5615 μυροὸλύτοις
3186 5536 3345 5592 facile
3399 5530 3637 5615 ςιιιίεει,ιιο

2046 5621 2423 5689 perspexerit.
2464 5600 2626 5670 Erant
2666 5600 2769 5689 alia
2830 5600 2992 5689 plura
3034 5600 3281 5669 subnexa
3340 5600 3632 5667 miracula,

2044 5687 2137 5748 Sed
2167 5687 2362 5747 onutto
2396 5705 2561 5745 causa
2591 5687 2893 5758 brevitatis.
