4086 6396
282 366 394 435 481
1435 376 1532 435 DE
1572 374 1895 436 PABADIS

1940 382 1974 436 ι.
2014 402 2082 412 ·-
2122 378 2316 438 PARS
2354 379 2406 442 1.
3446 383 3553 445 482

283 488 476 543 Latine
513 495 898 556 interpretatus
929 498 1008 544 est
1038 506 1122 545 utr
1155 490 1497 544 doctissimus
1520 491 1759 545 Andreas
1790 489 2020 557 Masius,
2052 509 2172 563 quia
2221 495 2394 545 eersio
2436 493 2670 563 primum
2718 493 2856 562 typis
2893 492 3263 549 Plantinianis
3301 498 3470 561 edita,
3498 502 3553 554 in

280 572 668 627 Bibliothecam
697 573 926 628 Patrum
955 577 1219 631 translata
1249 587 1347 632 est.
1391 576 1495 632 Sed
1550 578 1668 647 quis
1714 577 1875 645 fuerit
1914 590 2007 632 aut
2063 579 2278 649 quando
2326 581 2515 633 uixerit
2554 579 2747 644 Moses,
2796 597 2958 649 neque
2982 582 3162 635 docuit
3196 599 3289 638 nos
3323 584 3551 651 ilosius,

279 677 443 730 neque
519 660 737 715 aliunde
805 675 947 717 certo
1023 665 1164 718 scire
1219 666 1511 734 potuimus.
1592 663 1795 719 Vixisse
1849 665 2003 717 illum
2052 667 2145 718 diu
2192 676 2310 718 ante
2375 665 2683 736 Dionysium
2755 667 3021 721 Barsalibi
3070 670 3405 739 perspicuum
3472 681 3550 725 est

276 764 399 802 cum
456 750 504 802 is
564 748 621 802 in
679 748 1073 804 Commentario
1116 769 1214 806 suo
1264 752 1334 805 ad
1382 761 1612 822 quatuor
1662 751 1965 822 Evangelia
2037 762 2087 806 et
2161 753 2310 816 alibi,
2358 752 2505 807 illius
2581 755 2885 808 testimonia
2934 755 3230 824 frequenter
3307 758 3551 825 referat:

273 847 332 890 stt
391 838 557 891 etiam
618 837 886 906 juniorem
941 840 1105 909 [uisse
1135 838 1334 893 Jacobo
1401 838 1684 901 Edessena,
1741 848 1791 892 et
1828 838 1996 893 altera
2053 839 2335 906 Serugcnsi
2383 855 2447 894 ea:
2509 856 2568 893 eo
2620 842 2897 909 probatur,
2955 843 3092 910 quod
3150 843 3364 897 illorum
3429 862 3552 898 sen-

274 924 473 976 tentias
504 922 698 989 referat
727 923 913 977 eodem
938 926 990 977 in
1033 941 1207 994 opere.
1252 924 1418 981 Valde
1449 936 1626 980 autem
1673 925 2032 981 Itallucinatus
2062 938 2141 981 est
2176 928 2402 994 Masins,
2435 934 2561 982 dum
2589 929 2745 983 illum
2792 945 2895 982 non
2948 929 3101 1000 longe
3135 941 3253 998 post
3282 931 3547 987 Joannem

272 1008 714 1088 Clirgsostomum
752 1011 944 1066 uixisse
964 1013 1315 1077 existimavit,
1352 1030 1474 1067 cum
1498 1011 1749 1068 Severum
1778 1014 1925 1077 citet,
1961 1013 2350 1068 Antiochenum
2398 1014 2603 1068 scilicet
2642 1014 3133 1086 Honopltysitarum
3190 1023 3544 1088 prwcipuum.

272 1098 376 1152 Sed
409 1084 628 1168 gravius
659 1099 833 1152 adhuc
852 1100 1051 1154 erravit
1082 1098 1431 1171 Margarinus
1465 1099 1679 1167 Binius,
1712 1103 1805 1172 qui
1843 1103 1914 1156 ad
1946 1112 2180 1167 tempora
2209 1102 2350 1157 Julii
2386 1102 2449 1156 ll
2484 1114 2534 1157 et
2570 1103 2728 1157 l‘auli
2756 1102 2849 1158 111
2875 1084 3027 1158 illum
3055 1084 3294 1168 reduicit.
3322 1084 3547 1163 immani

270 1186 712 1252 anachronisnto,
749 1204 870 1241 cum
898 1186 1073 1242 lloses
1100 1188 1194 1244 ille
1215 1190 1354 1245 alter
1389 1188 1773 1246 Meredinensis
1808 1190 1994 1261 fuerit,
2022 1188 2315 1244 Mat-«lenus
2349 1206 2381 1243 a
2413 1187 2601 1244 Musio
2626 1190 2738 1260 ejus
2777 1193 2833 1245 in
2866 1191 3104 1262 Syriacis
3137 1193 3396 1263 discipulo
3425 1212 3547 1264 per-

267 1288 453 1344 peram
492 1274 814 1342 appellatus.
850 1274 965 1329 Nec
1029 1278 1251 1332 meliora
1291 1275 1635 1333 Passerinus.
1672 1277 1814 1333 Sane
1856 1294 1977 1333 eum
2032 1275 2467 1346 Monopliysitam
2507 1278 2673 1345 fuisse
2720 1289 2952 1343 constat,
2995 1281 3175 1349 quales
3213 1293 3387 1344 erant,
3416 1298 3547 1351 quos

268 1362 493 1415 honoris
517 1372 567 1414 et
584 1363 872 1415 testimonii
901 1380 1064 1417 causa
1090 1365 1344 1433 appellat,
1376 1365 1619 1427 Severus.
1639 1365 1873 1421 Iacobus
1914 1364 2232 1426 Edessenus,
2258 1373 2306 1416 et
2327 1364 2464 1417 alter
2495 1363 2827 1434 Serugensis.
2858 1363 3024 1418 Illum
3044 1370 3343 1436 episcopum
3373 1368 3545 1436 fuisse

269 1449 553 1503 uerisimile
583 1458 682 1511 est,
708 1465 771 1502 ea:
800 1450 1044 1520 Liturgia
1064 1468 1181 1521 quce
1202 1453 1305 1522 ipsi
1333 1452 1588 1509 tribuitur
1614 1472 1629 1508 :
1660 1471 1826 1525 neque
1844 1453 1983 1507 enim
2012 1451 2076 1504 ab
2108 1451 2230 1503 aliis
2255 1466 2414 1521 quam
2448 1452 2514 1505 ab
2538 1455 2795 1521 episcopis
2818 1464 2908 1506 aut
2933 1456 3251 1521 patriarchis
3280 1458 3545 1525 composi-

270 1548 351 1589 tas
414 1547 512 1590 aut
546 1537 737 1591 saltem
763 1538 872 1592 illis
899 1541 1161 1609 ascriptus
1197 1542 1444 1611 liturgias
1473 1541 1596 1614 Syri
1630 1552 1940 1612 agnoscunt,
1967 1549 2023 1592 ut
2050 1553 2113 1592 ea;
2138 1538 2368 1592 ltlenclzo
2390 1541 2605 1594 illarum
2643 1556 2776 1611 quas
2798 1542 3133 1611 interpretati
3150 1559 3332 1596 sumus
3369 1546 3537 1597 mani-

268 1619 463 1687 festum
492 1629 596 1674 est.
623 1618 762 1673 Eum
782 1624 983 1676 decimo
1003 1623 1197 1679 sicculo
1226 1626 1418 1680 vixisse
1445 1625 1627 1680 scribit
1646 1626 1943 1691 Nairouus,
1968 1625 2058 1680 sed
2083 1624 2284 1679 nullout
2313 1626 2471 1696 hujus
2491 1627 2810 1697 conjecturte
2839 1646 2948 1684 sua:
2972 1630 3333 1699 probationem
3362 1631 3536 1699 o/j'ert.

1178 1897 1617 1976 LECTORI
1688 1899 2166 1979 ANDBEAS
2225 1899 2626 1979 MASIUS.

338 2076 498 2133 Hosis
529 2077 698 2149 hujus
740 2078 1029 2134 historiam
1067 2077 1229 2148 plane
1259 2090 1347 2130 me
1373 2077 1592 2132 nescire
1620 2076 1817 2141 fateor,
1845 2092 1949 2133 nec
1974 2078 2044 2135 de
2073 2079 2168 2134 illo
2208 2077 2511 2150 quidquam
2565 2076 2841 2147 expiscari
2892 2079 3137 2150 potuisse
3172 2080 3226 2134 in
3275 2085 3537 2141 ecclesia-

260 2166 429 2231 sticis,
450 2166 842 2231 conciliorum,
869 2166 955 2220 vel
1010 2173 1328 2220 sanctorum
1383 2163 1832 2229 narrationibus;
1861 2167 2059 2234 quibus
2089 2183 2154 2221 ex
2184 2166 2447 2231 fontibus,
2488 2165 2653 2219 multa
2686 2165 3037 2236 ein-onologis
3092 2178 3148 2223 et
3182 2168 3534 2226 historiarum

261 2255 632 2323 scriptoribus
665 2271 774 2310 non
802 2256 1049 2326 vulgaria
1090 2255 1314 2308 haurire
1351 2267 1497 2323 stupe
1533 2254 1665 2307 mihi
1693 2255 1970 2309 usuvenit.
2016 2256 2096 2309 Ac
2125 2268 2193 2307 ne
2221 2267 2287 2308 ex
2334 2252 2420 2306 his
2445 2251 2668 2322 quidem
2716 2252 2863 2307 illius
2894 2254 3340 2323 Commentariis,
3381 2261 3536 2326 potui

258 2339 678 2411 deprehendere
713 2343 1005 2413 vestigium
1037 2342 1206 2397 ullum
1235 2341 1419 2396 atatis
1454 2356 1562 2411 qua
1589 2343 1808 2406 vixerit,
1843 2342 1948 2396 nisi
1982 2345 2126 2410 quod
2163 2348 2222 2394 ut
2254 2354 2511 2407 magnum
2539 2338 2903 2394 Athanasium
2933 2351 2984 2395 et
3007 2342 3273 2412 Cyrillum
3298 2345 3536 2399 Alexan—

257 2430 505 2495 drinum,
548 2431 626 2485 ita
652 2442 707 2487 et
729 2431 794 2485 D.
831 2431 1318 2500 Chrysostomum,
1345 2428 1465 2483 sine
1488 2429 1773 2498 splendida
1798 2429 1906 2484 ulla
1938 2428 2168 2483 honoris
2202 2427 2529 2483 Praelatioue
2568 2428 2719 2490 citat,
2757 2429 3116 2500 nominatque
3144 2429 3311 2485 Joan.
3342 2431 3532 2486 Monao

257 2516 479 2582 clums,l
512 2517 608 2572 lib.
639 2533 688 2573 c.
726 2519 745 2571 1
786 2528 841 2573 et
870 2533 920 2573 c.
954 2518 1041 2572 lt).
1070 2515 1357 2570 Dominum
1386 2514 1672 2582 Joannem,
1709 2518 1957 2587 ejusdem
1991 2516 2136 2580 libri,
2171 2532 2273 2586 cap
2304 2516 2356 2580 7,
2390 2525 2445 2570 et
2476 2517 2601 2569 libri
2650 2533 2747 2572 seu
2807 2518 2979 2586 partis
3030 2516 3117 2583 lii,
3148 2536 3269 2590 cap.
3319 2520 3374 2586 5,
3407 2523 3533 2592 qui-

257 2606 358 2658 bus
386 2604 532 2660 locis
563 2605 814 2659 meminit
846 2607 970 2675 ejus
1005 2606 1320 2659 orationum
1354 2604 1474 2659 sive
1503 2618 1824 2658 sermonum
1856 2604 1921 2659 de
1947 2621 2141 2659 occasu
2171 2606 2376 2671 mundi,
2407 2605 2473 2658 de
2506 2620 2638 2658 navo
2684 2609 2905 2671 mundo,
2941 2622 3036 2660 cur
3066 2608 3228 2661 arbor
3260 2622 3442 2663 vocatu
3468 2611 3532 2663 sit

256 2691 494 2745 scientiis
514 2692 637 2746 boni
668 2703 718 2746 et
747 2695 899 2759 mali,
932 2702 987 2747 et
1016 2692 1086 2747 ad
1118 2691 1405 2762 Sitigrium
1434 2707 1527 2746 seu
1554 2690 1852 2762 Stagiriunt
1886 2710 1906 2750 :
1934 2704 1988 2750 et
2014 2703 2201 2748 centra
2234 2709 2321 2747 eos
2351 2696 2441 2763 qui
2469 2703 2660 2761 putant
2691 2696 2948 2747 mundum
2971 2695 3257 2764 gubernari
3279 2714 3310 2751 a
3335 2698 3532 2751 daemo-

255 2779 481 2845 nibus,i
528 2782 627 2836 lib.
659 2796 781 2851 cap.
809 2781 902 2835 22.
934 2784 1013 2836 Ac
1060 2783 1290 2852 proinde
1323 2781 1410 2835 his
1458 2796 1570 2835 non
1606 2781 1780 2836 multo
1817 2784 2086 2851 posterior
2132 2783 2266 2837 mihi
2313 2785 2554 2856 videtur,
2601 2781 2741 2836 forte
2776 2796 2886 2836 non
2918 2797 3169 2851 prorsum
3201 2784 3349 2839 inani
3382 2802 3521 2839 cou-

249 2867 464 2937 jeetura
498 2886 626 2924 cum
659 2872 865 2941 saepius
885 2872 1072 2926 divum
1101 2871 1289 2926 Mosen
1323 2871 1494 2938 dicat,
1522 2870 1544 2925 l
1579 2879 1749 2942 part.,
1781 2887 1903 2942 cap.
1927 2871 2017 2927 28.
2047 2871 2159 2927 llos
2206 2880 2474 2941 praeterea
2527 2871 2662 2926 citat
2714 2874 3014 2942 scriptores
3041 2873 3452 2930 ecclesiasticos
3474 2886 3530 2932 et

254 2958 519 3025 probatos
549 2969 830 3026 auctores,
854 2950 923 3013 ‘ut
957 2960 1214 3030 appellat,
1240 2959 1484 3030 ejusdem
1514 2969 1681 3028 part.,
1716 2975 1836 3030 cap.
1872 2960 1964 3015 22.

325 3047 390 3099 υ.
433 3046 629 3100 Severi
662 3058 801 3101 orat.
833 3047 925 3114 22,
959 3050 1025 3102 de
1049 3047 1399 3118 Epithrouio,
1429 3047 1454 3101 1
1485 3048 1634 3113 libri,
1668 3064 1793 3118 cap,
1826 3047 1856 3099 7
1892 3059 1947 3104 et
1978 3048 2064 3114 11,
2098 3058 2153 3102 et
2202 3047 2435 3101 alteram
2487 3047 2735 3117 ejusdem
2784 3048 3118 3119 argumenti,
3176 3047 3203 3103 1
3234 3048 3387 3117 libr.,
3433 3050 3523 3104 35.

252 3132 514 3203 Ejusdem
542 3136 790 3190 auctoris
813 3144 960 3190 orat.
990 3144 1185 3190 contra
1223 3133 1652 3201 Felicissimum,
1704 3146 1858 3207 parte
1882 3136 1951 3192 ll.
3182 3160 3185 3165 ·

322 3221 385 3276 1).
423 3223 710 3293 Ephraim,
742 3225 859 3280 sive
891 3224 1126 3294 Ephrem
1165 3223 1315 3297 Syri,
1359 3226 1562 3281 librum
1595 3226 1879 3284 Geneseos
1910 3228 2026 3282 sive
2053 3226 2120 3280 de
2151 3238 2336 3279 rerum
2366 3231 2514 3287 ortu,
2541 3225 2658 3279 sive
2686 3225 2996 3280 Comment.
3026 3225 3079 3280 iu
3105 3225 3306 3281 Cenes.
3340 3226 3365 3281 1
3397 3225 3524 3290 lib.,

247 3326 298 3368 c.
335 3310 360 3363 1
399 3320 534 3366 etc.
564 3310 620 3379 9,
656 3327 819 3382 quem
857 3315 1055 3383 opinor
1081 3328 1208 3369 eum
1255 3329 1379 3369 esse
1430 3329 1541 3384 quo
1592 3314 1876 3369 dominum
1943 3313 2178 3384 Ephrem
2225 3310 2466 3379 paradisi
2517 3310 2889 3366 conditionem
2938 3313 3302 3383 essequi'ait,
3340 3315 3362 3366 1
3403 3314 3526 3378 lib.,

248 3414 372 3469 cap.
414 3399 467 3465 7,
499 3408 555 3455 et
578 3416 742 3471 quem
778 3401 942 3456 etiam
973 3404 1270 3470 quemdam
1304 3403 1453 3457 illius
1482 3404 1948 3458 commentarium
1998 3402 2258 3471 appellat,
2300 3399 2322 3452 1
2363 3398 2484 3462 lib.,
2514 3415 2564 3454 e.
2595 3400 2686 3456 27.

317 3490 361 3546 D
393 3490 685 3546 .Jacobum
716 3490 1090 3559 Orrobaitam,
1134 3493 1304 3562 partis
1334 3492 1351 3546 Ι
1383 3507 1505 3562 cap.
1541 3492 1629 3556 14,
1665 3502 1723 3547 et
1757 3493 1926 3561 partis
1958 3491 2077 3545 lle.
2108 3491 2164 3545 2.

320 3583 387 3636 ι).
415 3580 610 3636 Jacobi
647 3580 983 3653 Sarugensis
1011 3582 1320 3637 orationem
1354 3582 1422 3638 de
1453 3584 1664 3636 Adamo
1697 3582 1874 3651 ejecto
1905 3594 1937 3635 e
1972 3582 2230 3648 paradiso
2251 3622 2266 3645 ,
2296 3589 2440 3650 part.
2474 3578 2516 3644 Ι,
2546 3595 2670 3649 cap.
2693 3571 2783 3646 20',
2819 3595 2986 3650 quam
3022 3581 3187 3635 etiam
3222 3578 3522 3633 Commen—

247 3673 452 3727 tsrium
513 3670 776 3741 appellat,
830 3671 1081 3742 ejusdem
1139 3673 1313 3742 partis
1354 3687 1405 3727 c.
1440 3670 1533 3728 27.
1568 3671 1829 3742 Ejusdem
1874 3670 2160 3725 orationes
2214 3671 2281 3725 de
2325 3670 2528 3724 Clu-isti
2566 3670 2822 3738 passione
2873 3678 2929 3722 et
2977 3684 3232 3732 ascensu,
3275 3682 3380 3719 non
3447 3666 3521 3721 ita

244 3762 481 3817 multum
512 3771 640 3816 ante
680 3760 864 3825 linem,
894 3752 1090 3817 llibri.

313 3853 374 3905 ι).
412 3849 609 3906 Jacobi
647 3848 1006 3907 Botnacensis
1032 3852 1344 3906 orationem
1374 3850 1443 3905 de
1471 3850 1683 3905 Adamo
1713 3850 1890 3920 ejrcto
1914 3858 2066 3903 extra
2097 3849 2432 3918 paradisum,
2471 3850 2497 3903 1
2529 3848 2648 3912 lib.,
2689 3863 2740 3904 c.
2775 3847 2866 3904 22.

320 3943 378 3994 D.
418 3940 559 3994 Julii
594 3940 1054 3994 commentarium
1092 3940 1146 3994 in
1194 3939 1550 4010 Evangelium
1585 3939 1844 3995 Joannis.

316 4025 616 4083 Plutoxeni
668 4024 916 4097 Mabuga:
950 4027 1196 4100 episcopi
1244 4043 1559 4083 sermonem
1606 4029 1675 4082 de
1723 4025 2186 4097 contemplatione
2225 4025 2441 4082 arboris
2491 4027 2634 4090 vitae,
2672 4027 2691 4080 l
2747 4026 2919 4097 partis
2983 4043 3033 4081 e.
3079 4025 3132 4092 8,
3169 4025 3259 4092 l9,
3286 4024 3379 4089 22,
3408 4035 3516 4080 etc.

240 4114 504 4187 Ejusdem
538 4116 783 4186 capitula
818 4125 1008 4171 contra
1045 4115 1371 4183 Diodorum,
1404 4126 1559 4187 parte
1590 4116 1680 4172 Ill.

3013 4292 3509 4329 -----·-δ

257 4300 2403 4328 v————————l———-—————————_——'———f~r

995 4360 1578 4662 MOSIS
1694 4344 2803 4611 BAR-CEPHA

1627 4725 1937 4783 EPISCOPI
1980 4726 2137 4782 SYRl

816 4905 1877 5019 COMMENTARIA
1976 4906 2158 5017 DE
2260 4900 2959 5016 PARADISO

1400 5126 1506 5185 AD
1538 5122 1926 5186 lGNATIUM
1963 5123 2354 5183 FRATREM.

808 5291 1113 5354 (interprete
1145 5288 1344 5342 Andrea
1370 5290 1540 5341 Masio.
1563 5318 1624 5327 —
1649 5288 1817 5342 Critici
1848 5287 1998 5350 sacri,
2033 5295 2151 5339 tom.
2180 5285 2242 5347 li,
2268 5302 2318 5350 p.
2340 5286 2431 5337 387
2453 5286 2532 5335 ed.
2566 5264 2966 5350 Amstelodaml.)

1528 5529 2251 5632 PBOtEMIUM.

303 5735 906 5804 Posteaquam,sancte
938 5727 1105 5783 frater
1121 5726 1697 5800 lguati,absolvimus,
1723 5740 1832 5780 non
1940 5724 2038 5779 diti
2062 5725 2232 5791 orbis,
2274 5723 2502 5780 minime
2536 5722 2836 5794 perfectum
2863 5724 3084 5795 quidem
3126 5724 3302 5791 illum,
3340 5742 3404 5782 ne
3428 5741 3518 5793 ηδε

233 5829 354 5886 sine
383 5844 491 5899 ope
514 5826 735 5891 divina,
767 5823 1229 5879 Commentarium
1250 5823 1316 5877 de
1347 5835 1440 5877 sex
1466 5818 1664 5874 diebus
1696 5833 1829 5873 con-
1936 5817 2087 5870 οιηηὶ
2141 5831 2206 5871 ex
2237 5826 2391 5886 parte
2450 5815 2785 5879 absolutum,
2840 5816 3187 5871 orationibus
3237 5818 3513 5887 quinque:
