4086 6394
509 393 618 456 483

1795 381 2027 445 MOSiS
2062 375 2503 440 BAR-CEPHA

3679 363 3791 428 484

503 506 816 563 accedimus
844 505 910 561 ad
940 505 1290 562 tractandum
1325 505 1392 560 de
1433 503 1706 576 paradiso,
1737 510 1845 554 tum
1876 498 2092 569 pietatis
2122 503 2166 556 Α
2200 492 2422 546 Decimo
2469 499 2666 561 quarto
2719 485 3132 558 disceptabitur,
3193 478 3477 554 quomodo
3537 477 3792 533 homines

504 599 792 652 voluntate
817 599 1287 668 persuasioneque
1334 595 1566 651 inducti.
1602 597 1659 646 In
1702 609 1808 662 qua
1867 592 2084 662 quidem

505 689 833 743 tractatione
866 689 940 741 ita
975 701 1196 758 quoque
1229 673 1592 747 versabimur,
1631 693 1690 738 ιιι
1723 693 1776 738 et
1833 693 2084 737 accurata

502 790 558 834 et
587 781 735 834 clara
773 785 847 834 sit
879 783 1058 834 oratio
1089 797 1104 842 ξ
1137 789 1188 833 ct
1229 778 1446 849 singula
1479 776 1654 846 capita
1715 776 1856 829 inter
1889 790 1948 830 se
1977 775 2088 828 dis-

505 873 674 926 tincta
707 871 1193 942 particulatimque
1221 869 1396 924 divisa
1429 868 1752 931 habeantur,
1811 881 1922 936 qtto
1957 863 2088 918 faci-

506 963 614 1018 lius
647 964 882 1018 lectores
912 963 1098 1016 omnia
1131 961 1464 1030 intelligant,
1497 975 1676 1027 neque
1725 973 1825 1028 per
1853 956 2088 1012 oblivio-

505 1072 630 1111 nem
655 1055 861 1123 aliquid
912 1055 978 1108 de
1019 1069 1118 1108 sua
1154 1057 1415 1106 tneinoria
1473 1053 1730 1105 amittant
1767 1068 1782 1104 :
1819 1059 2090 1120 quatenus

503 1161 652 1203 certe
686 1149 826 1202 Dens
886 1163 1050 1201 Verus
1107 1147 1202 1216 qui
1237 1144 1508 1198 illuminat
1559 1159 1764 1198 onlnem
1825 1143 2091 1196 hominem

504 1243 790 1297 venientem
817 1241 872 1292 in
903 1240 1040 1292 hunc
1077 1240 1332 1292 mundum
1367 1242 1408 1302 ',
1435 1247 1665 1291 conatus
1697 1246 1915 1320 nostrps
1941 1236 2094 1306 adju-

503 1343 752 1397 vaturus,
808 1332 1074 1400 nobisque
1109 1331 1398 1398 pra-iturus
1434 1340 1538 1391 est,
1563 1337 1617 1380 et
1649 1327 1961 1380 directurus
1982 1326 2096 1380 dic-

503 1426 704 1481 tionem
745 1432 1012 1478 nostram.
1047 1420 1222 1477 Verba
1269 1421 1434 1492 igitur
1489 1421 1690 1490 quibus
1753 1419 1930 1474 Moses
1968 1433 2096 1488 pro-

505 1520 666 1586 pheta
703 1520 770 1570 de
815 1518 1069 1586 paradiso
1114 1516 1298 1570 dicere
1325 1524 1482 1570 ortus
1513 1524 1617 1576 est,
1652 1513 1769 1568 haec
1813 1521 1941 1568 sunt
1973 1530 1988 1566 :
2025 1511 2093 1564 Et

503 1610 837 1678 plantat-erat
873 1607 1134 1660 Dominus
1187 1606 1331 1661 Deus
1383 1607 1696 1675 paradisum
1748 1606 1798 1660 in
1835 1603 1981 1658 Eden
2031 1604 2094 1658 ab

503 1701 662 1752 initio
689 1715 708 1753 :
741 1701 913 1770 ibique
941 1701 1121 1770 posuit
1176 1699 1444 1753 Adamum
1473 1715 1626 1769 quem
1657 1698 1888 1767 ﬁnxerat
1920 1700 1964 1754 ’.
1991 1697 2096 1752 Sed

506 1794 824 1862 priusquam
891 1792 1033 1846 beati
1066 1790 1234 1846 illusis
1268 1791 1430 1846 verba
1461 1791 1819 1860 explicemus,
1849 1801 2097 1860 pertrac-

2196 583 2608 638 transmiserint
2645 596 2798 635 mare
2853 581 3154 639 Oceanum,
3211 573 3571 642 venerintque
3613 585 3678 623 ex
3717 583 3784 623 ea

2193 676 2419 746 regione
2452 677 2506 727 in
2537 687 2644 743 qua
2706 671 2994 742 paradisus
3021 677 3126 731 est,
3186 666 3252 720 ad
3294 665 3436 717 hanc
3476 675 3642 731 quam
3689 671 3794 712 nos

2196 765 2532 825 incolimus;
2577 774 2628 816 et
2686 765 2866 814 ntr'um
2901 760 3072 812 Adam
3108 754 3370 828 habitarit
3419 750 3562 822 apud
3600 748 3798 804 Hiero-

2196 856 2424 926 solyma,
2455 869 2522 907 an
2556 867 2684 906 \cro
2709 849 2956 904 minime.
2985 847 3206 902 Decimo
3231 845 3444 914 quinto,
3476 837 3793 910 disputabi-

2199 957 2309 1012 tur,
2375 957 2580 1016 quanta
2635 953 2816 1012 pateat
2874 940 3114 1010 paradisi
3177 933 3504 1005 amplitudo.
3566 931 3799 987 Decimo

2199 1045 2380 1102 Sexto,
2420 1039 2550 1108 quid
2585 1037 2658 1091 sit
2689 1035 2860 1099 Edon,
2884 1042 2937 1088 et
2983 1047 3083 1086 cur
3132 1027 3427 1101 paradisus
3453 1025 3524 1080 sit
3553 1023 3798 1094 paradisi

2195 1131 2467 1188 vocabulo
2497 1129 2822 1202 appellatus.
2847 1127 3066 1181 Decimo
3089 1125 3350 1194 septimo,
3373 1115 3802 1187 investigabitnr

2201 1243 2330 1281 num
2361 1225 2586 1280 arbores
2613 1233 2669 1278 et
2709 1221 2920 1276 fructus
2959 1216 3198 1290 paradisi
3233 1214 3442 1272 similes
3491 1211 3696 1264 fuerint
3728 1210 3800 1263 iis

2200 1320 2292 1388 qni
2326 1321 2379 1374 in
2417 1322 2516 1374 hoc
2549 1329 2740 1372 nostro
2787 1315 2906 1370 solo
2939 1301 3294 1384 proveniunt,
3335 1322 3403 1360 an
3439 1320 3570 1358 vero
3606 1303 3677 1356 ab
3713 1302 3799 1355 bis

2201 1413 2433 1468 diversi.
2473 1405 2697 1464 Decimo
2747 1417 2967 1472 octavo,
2996 1404 3320 1461 ostendetur
3363 1399 3488 1469 quis
3521 1397 3592 1451 sit
3637 1397 3802 1450 modo

2203 1503 2441 1574 puradisi
2493 1518 2625 1557 usus
2675 1501 2760 1554 vel
2791 1499 2915 1570 quis
2945 1497 3110 1551 etiam
3149 1501 3271 1563 post
3325 1488 3794 1546 resurrectionem

2206 1605 2546 1651 mortuarum
2583 1593 2822 1647 futurus.
2853 1591 3074 1646 Decimo
3097 1601 3268 1652 nono,
3288 1583 3660 1640 declarabitur
3677 1596 3804 1650 quae

2207 1688 2366 1742 fuerit
2396 1688 2561 1742 arbor
2589 1685 2835 1740 scientia:
2864 1695 2918 1738 et
2947 1681 3072 1736 boni
3113 1691 3168 1735 et
3219 1679 3369 1742 mali,
3407 1693 3514 1747 qua
3577 1676 3800 1727 Adamo

2211 1781 2352 1837 Deus
2407 1781 2809 1834 interdixerat:
2854 1787 2908 1832 et
2963 1773 3326 1846 quamobrem
3385 1767 3654 1839 app-llata
3723 1766 3801 1820 sit

509 1861 858 1938 tamlanobis
881 1892 1012 1938 sunt
1045 1885 1100 1938 in
1154 1887 1254 1938 hac
1287 1885 1458 1954 prima
1491 1883 1888 1938 Commentarii
1917 1883 2092 1938 nostri
2121 1867 2170 1927 B
2198 1875 2440 1930 scientia:
2470 1874 2593 1927 boni
2620 1884 2674 1926 et
2708 1872 2834 1926 mali
2857 1871 3044 1925 arbor.
3079 1864 3374 1926 Vicesimo.
3418 1861 3796 1932 disputabitur

508 1987 684 2044 parte,
724 1975 914 2044 viginti
951 1985 1159 2045 septem
1191 1982 1640 2045 argumentorum
1672 1974 1852 2044 capita
1884 1974 1936 2028 in
1959 1989 2102 2044 quo-

507 2085 628 2122 rum
673 2067 852 2138 primo
880 2078 1073 2138 agetur
1111 2087 1125 2124 :
1157 2067 1317 2123 Sitne
1335 2069 1628 2138 paradisus
1659 2083 1750 2122 res
1787 2077 2096 2138 corporata,

507 2179 575 2215 an
613 2176 747 2215 vero
817 2161 1104 2230 spiritalis.
1166 2162 1442 2226 Secundo,
1478 2159 1798 2214 ostendetur
1847 2159 1974 2227 quis
2031 2160 2102 2214 sit

503 2233 843 2318 corporatus
857 2253 1166 2322 paradisus,
1181 2262 1236 2306 et.
1266 2249 1698 2322 quisjspiritalis.
1725 2247 1938 2314 Tertio,
1969 2264 2099 2318 pro-

507 2345 728 2400 habitur
749 2356 1186 2401 consentaneum
1215 2359 1358 2408 esse,
1395 2355 1456 2398 ut
1493 2344 1617 2398 libri
1655 2339 1868 2398 Veteris
1902 2340 2098 2398 Testa-

511 2437 679 2494 menti
716 2440 1146 2510 interpretentur
1177 2452 1286 2492 non
1328 2438 1504 2493 solum
1525 2437 1690 2492 rebus
1727 2437 1882 2508 ipsis,
1911 2451 2099 2490 verum

505 2534 670 2585 etiam
699 2531 931 2602 mystice
951 2539 1007 2585 et
1037 2529 1532 2602 ligurate.Quarto,
1555 2531 1944 2598 declarabitur,
1971 2545 2100 2584 num

461 2669 466 2677 .
505 2618 575 2674 de
616 2635 674 2673 re
709 2619 824 2688 ipsa
879 2629 1189 2689 corporata.
1225 2637 1293 2672 an
1323 2635 1450 2672 vero
1477 2619 1706 2688 mystico
1745 2618 1909 2672 modo
1944 2633 2103 2688 para-

507 2709 661 2763 disus
692 2707 930 2778 primum
965 2709 1036 2762 sit
1055 2709 1434 2778 explicandus.
1465 2707 1692 2774 Quinto,
1731 2709 1970 2774 dicetur,
1993 2723 2103 2778 quo

506 2805 598 2854 die
637 2803 781 2855 inter
821 2799 948 2855 illos
989 2815 1084 2854 sex
1111 2799 1228 2855 dies
1261 2803 1462 2870 quibus
1499 2801 1746 2855 condidit
1779 2801 1922 2856 Deus
1961 2803 2103 2855 banc

508 2882 820 2950 machinam
857 2905 1206 2966 corporatam
1237 2905 1399 2966 atque
1431 2898 1843 2966 aspectabilem,
1871 2899 1945 2952 sit
1972 2913 2105 2968 cop—

505 2989 654 3043 ditus
687 2989 976 3058 paradisus
1009 3004 1331 3058 corporeus.
1368 2986 1560 3056 Sexto,
1603 2991 1878 3059 aperietur
1930 3006 2098 3046 causa

507 3082 580 3136 ob
602 3097 766 3151 quam
801 3081 1048 3162 copdidit
1089 3080 1231 3136 Deus
1269 3083 1435 3137 istum
1489 3093 1840 3154 corporatum
1896 3083 2105 3154 paradi-

509 3189 655 3228 sum.
717 3173 990 3244 Septimo,
1031 3176 1506 3246 pervestigabitur,
1535 3177 1678 3230 sitne
1733 3176 2021 3247 paradisus
2047 3177 2098 3230 in

507 3269 668 3338 ciete,
695 3282 760 3320 an
795 3267 1058 3328 interris.
1081 3268 1308 3334 Octavo,
1344 3269 1699 3336 expendetur,
1729 3279 1912 3323 utrum
1943 3285 2104 3339 para-

509 3359 668 3412 disus
697 3359 768 3413 sit
829 3360 882 3412 in
926 3359 1031 3413 hoc
1059 3371 1332 3414 terrarum
1365 3369 1540 3415 tractu
1593 3377 1755 3431 quem
1793 3378 1896 3416 nos
1934 3361 2102 3417 babe-

513 3463 654 3510 mus,
689 3463 756 3500 an
791 3447 846 3501 in
879 3449 1007 3502 alio.
1034 3445 1212 3514 Nono,
1235 3451 1556 3519 probabitur
1586 3467 1706 3504 eam
1743 3461 1899 3505 terrae
1917 3451 2096 3523 regio-

511 3554 636 3592 nem
672 3539 725 3591 in
767 3553 878 3608 qua
910 3539 1202 3609 paradisus
1249 3549 1449 3608 exSIat,
1481 3541 1731 3596 altiorem
1767 3543 2096 3596 eminentio-

515 3645 743 3700 rcmque
772 3646 898 3686 esse
933 3633 1033 3687 bac
1061 3641 1272 3688 nostra.
1320 3633 1563 3700 Decimo,
1597 3645 1790 3704 agetur
1822 3637 1891 3690 de
1923 3651 2092 3706 regno

509 3725 800 3791 caelorum,
837 3724 889 3778 in
923 3734 1139 3780 terrane
1171 3731 1326 3780 sitan
1356 3727 1408 3780 in
1440 3728 1600 3781 cmlo.
1637 3727 1961 3794 Undecimo,
1991 3729 2106 3786 dis-

512 3823 748 3883 seretur,
784 3818 878 3886 qui
909 3815 1127 3871 differat
1158 3835 1386 3885 regnum
1441 3820 1706 3874 caelorum
1740 3835 1770 3874 a
1825 3822 2104 3890 paradiso.

517 3905 881 3970 Duodecimo,
919 3907 1248 3962 tractabitur
1285 3919 1467 3962 utrum
1527 3911 1816 3979 paradisus
1877 3911 2108 3965 exsistat

515 3999 659 4053 intra
710 3999 899 4053 orbem
939 4009 1210 4054 terrarum
1263 4001 1638 4066 habitabilem,
1673 4017 1744 4056 an
1775 4013 1930 4055 extra
1954 4018 2104 4057 eum.

516 4089 738 4142 Decimo
771 4091 952 4156 tertio,
981 4092 1032 4144 in
1059 4108 1164 4160 qna
1190 4092 1408 4146 tandem
1443 4095 1667 4163 regione
1689 4098 1762 4148 sit
1793 4095 2104 4164 paradisus.

2202 1985 2327 2038 quae.
2360 1968 2526 2021 fuerit
2556 1965 2724 2019 arbor
2770 1966 2919 2028 vitae,
2955 1971 3010 2017 et
3037 1977 3138 2016 cur
3181 1960 3252 2014 sit
3285 1959 3412 2013 vita:
3434 1957 3600 2012 dicta.
3644 1956 3804 2010 Vice—

2201 2058 2345 2112 simo
2406 2056 2608 2124 primo,
2633 2063 2824 2124 agetur
2856 2053 2925 2110 de
2980 2053 3078 2106 illo
3128 2049 3296 2104 lluvio
3331 2049 3427 2119 qui
3481 2047 3793 2118 paradisum

2206 2149 2491 2217 irrigabat,
2521 2147 2660 2202 etde
2690 2154 2932 2214 quatuor
2960 2142 3285 2198 ﬂuminibus
3308 2142 3363 2196 in
3386 2157 3509 2210 qua:
3534 2139 3618 2193 ille
3640 2138 3796 2194 scin-

2205 2243 2455 2297 debatur.
2495 2238 2770 2296 Vicesimo
2819 2239 3083 2305 secundo,
3115 2239 3331 2294 dicetur
3381 2235 3514 2305 quid
3552 2233 3798 2288 futurum

2205 2335 2401 2390 fuisset
2447 2333 2681 2399 Adamo,
2731 2333 2778 2389 si
2835 2317 3189 2388 observasset
3243 2329 3584 2384 mandatum.
3641 2325 3804 2378 Vice-

2203 2430 2346 2482 simo
2382 2427 2566 2491 tertio,
2627 2426 2995 2497 explicabitur
3047 2423 3294 2496 quandiu
3351 2420 3690 2477 mansissent
3745 2417 3804 2473 in

2203 2520 2462 2588 paradiso
2497 2521 2745 2573 Adamus
2775 2526 2830 2572 et
2861 2517 2992 2582 Eva,
3031 2519 3354 2588 priusquam
3427 2515 3582 2570 illinc
3613 2516 3670 2568 in
3709 2527 3808 2568 re-

2204 2627 2372 2683 gnum
2402 2613 2624 2668 «celeste
2657 2611 2978 2682 emigraturi
3026 2609 3288 2676 fuissent,
3344 2609 3392 2665 si
3425 2607 3808 2664 obedivissent

2207 2707 2488 2762 mandato.
2526 2704 2800 2761 Vicesimo
2828 2711 3052 2775 quarto,
3089 2703 3412 2774 probabitur
3441 2715 3676 2756 numero
3699 2713 3806 2754 au-

2208 2799 2418 2869 gendos
2463 2798 2634 2854 fuisse
2695 2799 2748 2851 in
2809 2797 3062 2867 paradiso
3119 2796 3394 2860 homines,
3453 2795 3497 2849 si
3535 2793 3706 2846 Adam
3745 2799 3806 2846 et

2206 2885 2316 2940 Eva
2347 2886 2818 2956 obtemperassent
2870 2885 2997 2955 legi,
3059 2899 3239 2953 neque
3284 2897 3380 2938 eos
3434 2883 3580 2937 duos
3642 2880 3804 2936 solos

2207 2979 2378 3034 fuisse
2413 2979 2548 3034 inibi
2587 2993 2904 3032 mansuros.
2935 2975 3212 3032 Vicesimo
3267 2975 3489 3046 quinto,
3518 2973 3803 3044 discepta-

2205 3071 2372 3136 bitur,
2405 3087 2473 3124 an
2506 3085 2604 3142 per
2625 3083 2879 3125 venerem
2912 3067 3220 3122 commistis
3241 3065 3566 3136 corporibus
3585 3065 3804 3135 prolem

2206 3163 2549 3234 procreaturi
2593 3161 2829 3218 fuissent
2862 3170 2977 3215 tmn
3011 3157 3184 3215 Adam
3216 3157 3455 3230 Evaque,
3492 3167 3606 3212 tum
3660 3157 3808 3210 isto-

2207 3270 2328 3308 rum
2363 3253 2563 3324 posteri
2599 3270 2614 3306 :
2665 3269 2734 3306 an
2757 3267 2888 3306 vero
2921 3251 3040 3307 sine
3088 3251 3459 3320 amplexibus.
3520 3246 3806 3303 Vicesimo

2201 3359 2384 3412 sexto,
2425 3345 2800 3401 declarabitur
2828 3343 3106 3415 quomodo
3133 3344 3466 3413 voluptatem
3522 3343 3806 3411 cepissent

2199 3443 2254 3496 in
2293 3439 2549 3511 paradiso
2582 3439 2753 3494 Adam
2779 3448 2834 3495 et
2867 3440 2999 3506 Eva,
3029 3453 3092 3492 ac
3120 3428 3317 3507 reliqui
3351 3453 3414 3491 ex
3449 3435 3582 3506 ipsis
3608 3433 3804 3488 nasci-

2199 3535 2334 3588 turi.
2370 3532 2648 3588 Vicesimo
2671 3532 2908 3602 septimo
2929 3541 3126 3600 agetur
3141 3531 3208 3586 de
3235 3537 3486 3600 serpente
3510 3527 3602 3598 qui
3627 3525 3804 3579 Evam

2193 3623 2418 3679 adortus
2437 3619 2960 3693 decepit.Vicesimo
3003 3632 3199 3676 octavo
3245 3621 3505 3690 denique,
3532 3620 3806 3685 interpre-

2215 3719 2478 3772 tabantur
2514 3733 2577 3771 ea
2609 3717 2796 3784 verba,
2825 3732 2948 3785 qua:
2977 3715 3174 3770 beatus
3207 3713 3386 3768 Moses
3414 3712 3608 3778 scripta
3666 3710 3800 3761 reli-
3843 3721 3850 3728 ·

2214 3809 2335 3879 quit
2367 3809 2434 3862 de
2471 3807 2729 3878 paradiso
2759 3818 2812 3860 et
2844 3807 2912 3860 de
2942 3805 3009 3860 iis
3067 3821 3191 3876 qua:
3257 3805 3308 3859 in
3363 3803 3616 3874 paradiso
3678 3806 3809 3852 acta

2215 3911 2346 3957 sunt
2394 3918 2499 3956 ιιοιι
2551 3903 2773 3972 quidem
2835 3900 3082 3964 mystice,
3143 3898 3238 3953 sed
3287 3897 3362 3952 ita
3432 3906 3492 3952 ut
3545 3909 3635 3949 res
3670 3891 3814 3962 ipsa:

2211 3995 2580 4064 explicentur.

1887 4243 3806 4269 W

1785 4377 2076 4467 PARS
2147 4378 2568 4468 PRIMA.

1019 4551 1252 4609 CAPUT
1324 4553 1620 4612 PRIMUM.

595 4640 785 4694 Utrum
812 4641 878 4694 sit
905 4643 1190 4708 paradisus
1221 4659 1302 4696 res
1329 4654 1636 4714 corporata,
1660 4661 1728 4698 an
1778 4661 1897 4698 vero
1939 4645 2006 4697 ad
2035 4647 2116 4699 in-

525 4736 876 4806 telligentiam
910 4737 1104 4790 utentis
1131 4739 1416 4805 pertinens.
1437 4769 1492 4778 —
1521 4739 1594 4792 De
1611 4741 1886 4808 paradiso,
1917 4741 1982 4794 de
2007 4755 2118 4810 quo

523 4828 586 4881 Β.
617 4827 793 4882 Moses
824 4831 1047 4896 scripsit
1081 4831 1164 4880 bis
1197 4830 1376 4884 verbis
1412 4847 1427 4884 :
1481 4830 1824 4886 Plantaverat
1857 4831 2114 4886 Dominus

523 4920 661 4972 Deus
693 4920 1003 4988 paradisum
1036 4921 1089 4972 in
1124 4919 1268 4974 Eden
1334 4927 1397 4976 ab
1435 4925 1588 4976 initio
1619 4967 1636 4990 ,
1664 4925 1810 4980 scire
1869 4926 2118 4980 laborant

526 5014 778 5067 homines
809 5027 990 5064 t'ct'ultl
1022 5014 1358 5081 cogn'tionis
1389 5017 1600 5085 cupidi,
1629 5017 1772 5072 sitne
1815 5029 2108 5088 corporata

525 5123 636 5172 res,
685 5121 753 5160 an
795 5122 922 5160 vero
953 5106 1298 5176 incorporea,
1339 5118 1502 5178 atque
1533 5110 1798 5178 spiritalis
1822 5112 2112 5174 duntaxat,

525 5208 580 5251 et
614 5200 726 5253 sola
766 5198 1119 5272 intelligentia
1151 5200 1489 5268 spectabilis.
1549 5201 1612 5253 Et
1645 5201 1734 5253 alii
1790 5201 2010 5270 quidem
2041 5201 2113 5253 ita

526 5308 591 5345 ex
626 5293 954 5360 corporibus
997 5300 1256 5344 constare
1286 5295 1464 5354 aiunt,
1495 5301 1554 5346 ut
1577 5294 1714 5346 nihil
1743 5293 1940 5347 habeat
1969 5292 2116 5362 quod

526 5387 592 5438 ad
619 5392 852 5437 mentem
886 5395 1092 5453 spectet
1119 5400 1134 5448 ;
1164 5383 1254 5436 alii
1287 5400 1414 5436 vero
1445 5385 1520 5438 ita
1552 5385 1618 5438 ad
1669 5385 1843 5439 solam
1885 5397 2116 5438 mentem

528 5477 803 5546 pertinere
834 5485 1048 5544 putant,
1110 5485 1170 5529 ut
1230 5477 1457 5530 cumino
1507 5477 1828 5546 incorporea
1886 5495 1973 5532 res
2023 5479 2116 5531 sit.

532 5569 673 5621 Sunt
704 5568 868 5622 etiam
911 5569 1006 5638 qui
1065 5567 1208 5622 duos
1259 5585 1382 5622 esse
1417 5570 1604 5623 dicant
1639 5571 1946 5639 paradisus,
1989 5572 2126 5624 alte-

533 5671 654 5708 rum
685 5671 1068 5727 corporalem,
1108 5659 1491 5728 incorporeum
1545 5660 1801 5723 alterum.
1866 5660 1968 5716 Sed
2029 5679 2128 5716 nos

607 5837 624 5869 ⁸
659 5837 813 5894 Joau.
860 5859 902 5907 ι,
933 5843 988 5896 9.
1064 5845 1084 5876 '
1125 5843 1262 5899 Gen.
1304 5859 1362 5912 tt,
1399 5843 1431 5898 8

2152 4563 2197 4620 ο
2225 4555 2516 4612 adversum
2558 4557 2681 4614 illos
2705 4557 2795 4627 qui
2841 4557 3000 4626 plane
3027 4560 3380 4622 eorporatnm
3405 4549 3614 4605 faciunt
3642 4565 3819 4620 paras

2223 4652 2428 4714 disum,
2459 4651 2634 4706 tribus
2654 4651 2918 4707 utendum
2944 4650 3246 4703 rationibus
3273 4656 3550 4716 putamus,
3573 4659 3819 4714 quarum

2224 4745 2399 4814 prima
2435 4745 2652 4798 est:Si
2706 4745 2932 4798 omnino
2989 4757 3288 4812 corporeus
3347 4747 3431 4793 est
3494 4737 3818 4807 paradisus,

2223 4853 2428 4906 corpus
2458 4839 2635 4891 solum
2693 4838 2822 4890 Adae
2874 4837 2926 4890 in
2973 4837 3092 4904 ipso
3139 4833 3568 4887 oblectabatur:
3627 4830 3818 4884 anima

2225 4945 2350 4982 vero
2397 4947 2503 4983 non
2540 4933 2688 4984 item.
2722 4929 2857 4984 Nam
2892 4937 3185 4998 eorporata
3233 4942 3324 4980 res
3355 4941 3461 4979 non
3496 4933 3676 4994 potest
3695 4925 3822 4977 ani-

2226 5037 2400 5087 mum,
2435 5022 2528 5092 qui
2565 5023 2793 5092 spiritus
2839 5033 2944 5086 est,
2975 5021 3194 5075 afﬁcere
3247 5019 3548 5088 voluptate,
3573 5031 3682 5086 quo
3725 5017 3820 5070 lic-t

2228 5123 2286 5168 ιιι
2341 5114 2550 5168 l‘randis
2613 5131 2742 5170 reus
2803 5115 2975 5169 videri
3031 5113 3174 5168 Deus
3221 5113 3413 5182 possit,
3463 5111 3666 5180 quippe
3721 5113 3821 5180 qui

2227 5209 2383 5276 quasi
2409 5208 2712 5261 oblcctundi
2746 5207 2874 5260 Adit:
2919 5206 3087 5276 gratia
3135 5205 3449 5274 paradisqu
3483 5201 3824 5267 condiderit.

2227 5309 2281 5349 et
2306 5308 2486 5349 tamen
2537 5313 2646 5350 non
2689 5305 2863 5352 totum
2895 5295 3188 5360 Adamum,
3229 5295 3324 5348 sed
3357 5295 3585 5348 alteram
3619 5295 3825 5348 dunt..-

2234 5399 2324 5440 χιιι
2359 5388 2477 5454 ejus
2504 5399 2710 5456 partem
2743 5403 2866 5458 qua:
2897 5401 3130 5454 corpore
3165 5385 3478 5450 const:=bat,
3538 5383 3826 5454 voluptate

2231 5480 2490 5533 imbuerit
2519 5497 2534 5547 ;
2568 5482 2794 5534 alteram
2819 5495 2968 5540 vero,
2999 5479 3242 5532 animum
3274 5477 3486 5532 scilicet
3523 5477 3827 5546 voluptatis

2231 5581 2528 5640 rspcttetn'
2565 5572 2864 5641 reliquerit.
2933 5571 3182 5626 Secunda
3240 5572 3381 5625 ratio
3435 5571 3549 5624 hinc
3603 5578 3713 5635 est,
3777 5567 3827 5622 si

2241 5665 2399 5735 plane
2448 5676 2776 5735 eorporatus
2822 5679 2904 5720 est
2977 5664 3266 5734 paradisus
3294 5705 3310 5729 ,
3351 5678 3694 5734 consequens
3737 5670 3830 5716 est

3587 6375 3614 6380 _.
3672 6371 3720 6378 »—_
3799 6371 3822 6378 -ι
3897 6369 3914 6376 -ι
3970 6369 3992 6374 ’-
