4086 6422
328 376 437 444 435

1475 376 2016 439 DE’PARADISO.
2056 402 2125 415 -
2163 378 2363 438 PARS
2405 379 2453 438 ἰ.

3497 380 3610 445 486

331 500 393 548 ιιι
435 504 596 545 sacra
659 489 876 545 Veteris
923 489 1262 546 Testameuti
1311 491 1513 558 scripta
1576 503 1748 544 vacua
1812 489 1922 542 sint
1951 507 1993 560 ν
2023 489 2198 543 disus.
2253 490 2430 557 Atque
2489 490 2602 543 lure
2662 489 2926 547 hactenus
2975 506 3004 545 a
3041 493 3199 547 nobis
3245 504 3372 551 sunt
3419 506 3608 573 contra

334 582 583 653 mysticis
606 582 815 644 sensis,
845 581 897 635 id
928 582 1073 651 quod
1104 580 1302 634 falsum
1335 596 1455 634 esse
1503 590 1684 650 capite
1730 580 1916 645 tertio,

331 676 549 729 volente
582 671 721 736 Deo,
770 673 1354 728 commonstrabimus.
1397 670 1582 727 Tertia
1620 673 1759 727 ratio
1813 680 1918 736 est,

329 768 376 823 si
394 764 700 850 paradisus
747 764 884 853 nihil
921 772 1006 820 est
1053 764 1153 820 nisi
1188 780 1277 820 res
1308 778 1596 833 corporea,
1628 765 1920 819 coniicitur

327 873 428 916 eos
471 872 757 914 sacrarum
793 873 977 913 rerum
1026 858 1283 913 doctores
1318 859 1579 913 mentitos
1628 872 1771 921 esse,
1823 860 1918 925 qui

328 952 679 1021 incorporea:
723 951 903 1020 ipsum
937 950 1101 1004 etiam
1138 960 1348 1003 naturae
1390 963 1514 1004 esse
1534 947 1919 1018 prodiderunt.

324 1044 636 1100 Conﬁcitur
675 1042 844 1112 Igitur
871 1042 1037 1096 exiis
1081 1057 1205 1111 qua;
1244 1041 1355 1110 jam
1389 1041 1536 1096 dicta
1571 1049 1721 1103 sunt,
1754 1055 1917 1110 para-

324 1137 515 1190 disum
580 1134 725 1188 haud
793 1135 868 1187 ita
915 1143 1268 1204 corporatum
1321 1148 1468 1199 esse,
1521 1142 1578 1186 ut
1611 1132 1919 1199 incorporei

325 1225 467 1279 nihil
529 1224 753 1277 habeat.
786 1220 1002 1277 Rursus
1064 1237 1161 1277 eos
1213 1222 1308 1292 qui
1346 1222 1413 1277 ad
1457 1225 1656 1276 mentis
1710 1222 1915 1277 intelli-

324 1314 574 1387 gentiam
605 1313 874 1369 duntaxat
899 1312 1175 1384 pertinere
1203 1314 1357 1368 aiunt
1375 1315 1720 1384 paradisum,
1753 1326 1921 1384 atque

323 1408 560 1463 oinnino
592 1409 982 1477 incorporeum
1032 1422 1177 1471 esse,
1229 1422 1324 1463 sex
1361 1408 1485 1463 istis
1539 1422 1921 1479 oppugnamus

324 1500 698 1570 argumentis.
722 1497 931 1563 Primo,
967 1514 1195 1569 prorsus
1228 1500 1382 1555 tmllo
1424 1499 1937 1571 alfecissetvolup-‘

326 1593 455 1647 tatis
474 1607 649 1648 sensu
688 1591 822 1646 Adae
856 1607 1079 1661 corpus,
1122 1592 1215 1648 sed
1252 1591 1429 1649 solum
1461 1593 1724 1658 animam,
1754 1603 1920 1662 atque

330 1687 431 1739 hac
460 1686 677 1739 ratione
700 1699 876 1753 nuper
907 1699 1127 1754 quoque
1159 1685 1242 1739 usi
1292 1700 1509 1741 sumus.
1552 1685 1753 1741 Deinde
1783 1666 1920 1742 falsa

333 1785 515 1831 essent
540 1790 666 1844 qum
698 1775 767 1828 de
825 1774 1079 1842 paradiso
1129 1785 1350 1830 exstant
1378 1774 1544 1831 Mosis
1573 1775 1740 1840 dicta,
1793 1791 1911 1830 rem

345 1878 677 1938 corporataiu
717 1868 966 1922 notantia
1003 1885 1017 1922 :
1048 1867 1359 1937 cuiusmodi
1391 1878 1539 1935 sunt,
1590 1870 1736 1939 quod
1770 1869 1921 1938 plan-

348 1970 544 2014 taverat
565 1957 829 2014 Dominus
853 1958 1000 2016 Deus
1015 1959 1329 2029 paradisum
1356 1959 1409 2014 in
1443 1958 1589 2014 Eden
1621 1960 1690 2014 ab
1720 1960 1915 2027 initio;

338 2051 482 2120 quod
527 2051 715 2119 posuit
775 2049 888 2105 illic
929 2050 1200 2104 Adatuum
1256 2066 1417 2120 quem
1475 2050 1727 2115 ﬁnxerat,
1770 2051 1916 2121 quod

329 2145 646 2215 procreavit
673 2158 703 2198 e
743 2153 889 2198 terra
939 2159 1159 2199 onmem
1208 2144 1463 2200 arborem
1499 2160 1619 2200 vtsu
1648 2145 1919 2216 expetibi-

327 2240 460 2305 lom,
482 2248 656 2308 atque
686 2237 740 2292 in
773 2237 954 2292 cibum
988 2236 1262 2301 idoneam,
1295 2246 1349 2290 et
1377 2236 1630 2290 arborem
1676 2235 1920 2291 scientiae

326 2330 455 2385 boni
504 2339 563 2383 et
605 2329 781 2394 mali;
842 2330 989 2398 quod
1048 2327 1389 2399 sumpserint
1448 2328 1623 2383 Adam
1693 2341 1748 2382 et
1803 2327 1917 2382 Eva

329 2420 463 2475 folia
503 2420 767 2488 ﬁculnea,
818 2419 1162 2490 l'ecerintque
1200 2420 1305 2475 sibi
1359 2418 1702 2489 subligacula
1731 2420 1917 2489 ;quod

322 2530 450 2570 sese
473 2514 815 2569 occultarint
875 2514 1018 2568 inter
1065 2512 1302 2583 paradisi
1346 2513 1572 2569 arbores
1604 2552 1621 2577 ,
1686 2522 1741 2568 et
1796 2528 1919 2581 quat

323 2618 453 2661 sunt
478 2607 591 2662 alia
621 2605 786 2675 hujus
812 2605 1030 2677 generis
1057 2621 1090 2661 a
1120 2605 1272 2661 Mose
1303 2606 1515 2675 prodita
1541 2610 1608 2660 de
1638 2604 1917 2674 paradiso.

327 2700 545 2766 Tertio,
579 2700 687 2756 nisi
725 2700 1006 2756 habuisset
1030 2701 1319 2769 paradisus
1348 2714 1436 2754 res
1458 2699 1622 2754 etiam
1658 2713 1922 2768 corpora-

326 2803 409 2848 tas
442 2794 499 2849 in
558 2808 641 2859 se,
700 2792 798 2862 qui
850 2793 1161 2863 potuissent
1207 2808 1272 2848 ex
1320 2793 1442 2862 ipso
1489 2791 1710 2847 allluere
1764 2804 1920 2859 aqua:

326 2883 394 2938 ad
428 2886 742 2954 irrigaudas
775 2891 976 2949 terras,
1007 2892 1064 2939 et
1094 2883 1161 2939 ad
1220 2899 1356 2938 usus
1397 2883 1673 2938 humanos
1695 2897 1920 2938 accom-

327 2974 544 3030 ιιιθιΙειδῖ
570 2975 804 3042 Quarto,
855 2977 1019 3032 exiis
1059 2991 1183 3046 quae
1235 2975 1414 3032 Moses
1467 2975 1674 3045 Spiritu
1725 2986 1921 3030 sancto

323 3067 554 3122 afﬂatus
603 3068 808 3137 scripta
846 3069 1089 3138 reliquit,
1122 3080 1340 3123 certum
1374 3075 1460 3122 est.
1485 3067 1759 3123 Adamum
1794 3080 1921 3121 cor-

2025 590 2137 636 tres
2167 581 2288 634 illas
2326 581 2608 634 hominum
2640 581 2708 635 de
2736 583 2992 652 paradiso
3019 584 3266 642 diversas
3295 587 3602 656 opiniones;

2021 684 2206 727 nostra
2235 687 2367 728 vero
2400 674 2672 728 sententia
2725 685 2811 730 est
2873 693 3043 731 unum
3076 693 3201 734 esse
3263 682 3604 748 paradisum,

2020 778 2128 818 non
2155 764 2323 824 duos:
2360 779 2601 835 eumque
2640 781 2810 820 unmn
2848 769 3165 836 paradisum
3221 771 3453 840 duplicis
3485 788 3610 827 esse

2019 856 2355 912 conditionis
2388 874 2404 911 :
2432 872 2712 927 corporea:
2775 870 2826 915 et
2876 861 3234 930 incorporeas,
3266 862 3381 916 sive
3410 873 3464 918 et
3491 865 3613 931 ejus

2019 962 2142 1016 qua:
2203 962 2393 1013 sensu,
2424 957 2479 1002 et
2521 949 2643 1017 ejus
2711 964 2833 1017 quae
2871 951 3082 1004 ratione
3138 952 3610 1022 iutelligentiaque

2021 1041 2222 1094 mentis
2257 1041 2604 1110 percipitur;
2664 1056 2789 1110 quae
2839 1043 3058 1112 quidem
3115 1053 3299 1098 nostra
3341 1045 3608 1100 sententia

2021 1130 2107 1185 his
2126 1133 2460 1200 argumentis
2487 1141 2665 1200 potest
2692 1133 3056 1187 demonstrari
3092 1152 3106 1189 :
3137 1136 3309 1189 Adam
3342 1153 3404 1189 ex
3425 1138 3609 1191 anima

2019 1232 2073 1277 et
2100 1236 2331 1291 corpore
2389 1227 2728 1295 compositus
2780 1234 2917 1288 erat,
2971 1241 3102 1296 ergo
3157 1238 3209 1281 et
3273 1230 3606 1296 paradisum,

2020 1313 2119 1382 qui
2193 1328 2295 1381 pro
2352 1314 2447 1368 illo
2499 1315 2825 1372 oblcctando
2878 1319 3132 1373 conditus
3186 1318 3260 1372 [ιιι
3282 1330 3386 1385 rat,
3424 1320 3608 1390 dupli-

2018 1404 2095 1458 cis
2123 1404 2164 1457 it
2184 1420 2251 1457 -ιιι
2295 1406 2628 1460 conditiOais
2674 1422 2796 1462 esse
2844 1410 3148 1476 oportebat,
3222 1419 3281 1464 ut
3329 1426 3435 1480 qua
3463 1422 3609 1467 θεενι

2018 1509 2339 1564 corporeus,
2365 1510 2569 1566 corpus
2602 1515 2615 1552 :
2650 1513 2757 1569 qua
2792 1514 2920 1554 vero
2943 1500 3322 1567 incorporeus,
3358 1502 3604 1557 animum

2019 1585 2150 1640 Adae
2174 1597 2466 1642 recrearet.
2506 1587 2709 1643 Deinde
2739 1591 2956 1644 beatum
3018 1592 3250 1661 Ephrem
3287 1595 3489 1663 duplici
3526 1597 3608 1649 in-

2023 1681 2413 1748 terpretatione
2461 1681 2719 1751 exposuit
2782 1682 2982 1736 librum
3059 1683 3226 1740 Hosis
3292 1688 3607 1755 propheta);

2023 1784 2258 1839 quarum
2301 1772 2471 1826 altera
2535 1773 2765 1844 mystica
2822 1785 2927 1839 est,
2967 1785 3131 1845 atque
3195 1791 3393 1831 art-ana
3463 1780 3609 1832 eruit

2026 1876 2225 1926 sensa;
2254 1862 2423 1918 altera
2466 1878 2556 1919 res
2604 1865 2753 1934 ipsas
2774 1874 3070 1935 pertractat
3096 1882 3127 1921 a
3179 1866 3327 1922 Mose
3359 1869 3609 1939 descrip-

2025 1961 2132 2009 tas.
2177 1953 2283 2009 Sed
2317 1964 2371 2008 et
2395 1955 2556 2010 dtvus
2592 1956 2854 2027 Cyrillus,
2903 1958 3105 2028 legales
3143 1962 3308 2012 etiam
3344 1975 3609 2014 caeremo-

2021 2048 2161 2107 nias,
2182 2045 2281 2101 etsi
2303 2062 2360 2100 re
2380 2046 2497 2116 ipsa
2514 2048 2947 2114 celebrabantur,
2974 2032 3264 2121 mysticum
3284 2058 3461 2104 tamen
3477 2052 3609 2121 quid

2020 2148 2188 2208 atque
2238 2153 2502 2194 arcanum
2560 2141 2902 2197 continuisse
2937 2150 3167 2198 testatus
3194 2153 3302 2200 est.
3340 2145 3606 2200 Praeterea

2021 2231 2316 2287 venerandi
2344 2246 2633 2287 sacrarum
2666 2247 2850 2287 rerum
2877 2234 3131 2289 doctores
3162 2236 3357 2305 partim
3384 2237 3452 2291 de
3479 2251 3606 2291 cor-

2021 2339 2211 2393 poreo.
2239 2324 2327 2380 alii
2358 2325 2425 2379 de
2456 2325 2780 2395 incorporeo
2813 2327 3067 2396 paradiso
3097 2337 3229 2383 sunt
3262 2329 3428 2383 locuti
3459 2344 3475 2393 ;
3503 2344 3608 2384 nec

2021 2430 2152 2471 sane
2174 2418 2270 2472 abs
2301 2431 2360 2471 re
2397 2417 2668 2483 alterutri,
2692 2433 2818 2472 cum
2845 2419 2933 2475 ille
2961 2421 3248 2490 utriusque
3286 2420 3451 2476 fuerit
3474 2435 3606 2477 con-

2019 2507 2266 2564 ditionis.
2302 2506 2530 2578 Mystice
2559 2509 2705 2579 enim
2757 2511 2825 2565 de
2859 2511 3116 2580 paradiso
3147 2512 3258 2580 agit
3308 2512 3608 2580 Gregorius

2021 2598 2334 2670 Theologus
2365 2601 2418 2655 in
2447 2615 2510 2655 ea
2531 2603 2779 2656 oratione
2800 2618 2968 2673 quam
3003 2603 3072 2661 de
3100 2603 3301 2659 Christi
3322 2604 3608 2661 Natalibus

2021 2694 2378 2761 composuit,
2438 2692 2530 2747 ubi
2584 2693 2871 2747 Adamum‘
2901 2694 2978 2748 ait
3032 2696 3285 2751 colonum
3331 2695 3502 2752 fuisse
3549 2698 3607 2751 in

2021 2782 2297 2854 paradiso,
2330 2784 2643 2853 plantarum
2665 2784 3059 2840 immortalium
3089 2824 3105 2850 ,
3139 2802 3334 2857 nempe
3361 2788 3606 2859 ipsarum

2022 2874 2333 2930 divinarum
2368 2878 2654 2931 notionum
2681 2886 2737 2933 et
2785 2878 3185 2948 simpliciorum
3242 2893 3297 2935 et
3336 2882 3610 2951 perfecto-

2022 2983 2143 3022 rum
2177 2983 2193 3034 ;
2225 2966 2353 3039 item
2391 2968 2670 3035 arborem,
2719 2967 2894 3024 fuisse
2943 2969 3352 3026 meditationem
3410 2974 3609 3043 animi,

2023 3070 2286 3132 quantum
2321 3060 2436 3132 ipse
2464 3070 2612 3117 certe
2634 3062 2950 3117 meditetur.
2980 3062 3208 3135 Mystice
3238 3064 3367 3119 item
3394 3064 3605 3136 Grego-

329 3177 431 3232 pps
458 3161 725 3216 habuisse
755 3176 820 3215 ex
852 3162 967 3215 luto
999 3150 1369 3230 compactum,
1402 3160 1566 3230 idque
1591 3159 1919 3214 collocatum
1949 3172 1996 3234 ρ
2027 3156 2140 3210 rius
2167 3154 2448 3227 Nyssenus
2484 3157 2536 3210 in
2561 3156 2977 3212 Commentario
3007 3157 3078 3213 de
3114 3159 3353 3223 homine,
3384 3173 3504 3229 cap.
3537 3158 3610 3213 20

324 3251 559 3306 luissea
613 3250 805 3306 Deoin
859 3251 1151 3321 paradiso;
1200 3260 1317 3306 erat
1345 3264 1485 3320 ergo
1515 3259 1571 3306 et
1604 3250 1761 3306 locus
1823 3248 1916 3302 ille

325 3346 383 3398 in
417 3359 534 3414 quo
567 3343 623 3399 id
676 3360 877 3415 corpus
940 3344 1258 3409 insistebat,
1318 3358 1643 3421 corporeus.
1698 3343 1921 3410 Quinto,

325 3450 620 3490 necessum
661 3447 745 3492 est
796 3447 1147 3506 corporatura
1205 3450 1330 3491 esse
1397 3436 1737 3507 paradisum,
1776 3437 1922 3506 quod

324 3528 517 3584 Enoclt
550 3536 606 3583 et
636 3527 786 3584 Elias
851 3528 908 3583 in
966 3543 1033 3584 eo
1094 3524 1354 3594 manent,
1409 3536 1467 3581 ut
1525 3528 1765 3583 afﬁrmat
1820 3529 1921 3581 do-

330 3621 523 3675 minus
580 3618 822 3690 Ephrem
886 3619 940 3674 in
996 3634 1063 3674 eo
1122 3636 1327 3690 opere,
1361 3619 1508 3690 quod
1564 3621 1760 3675 librmu
1811 3619 1921 3674 Ge-

324 3727 547 3775 neseos,
602 3710 708 3766 hoc
772 3718 877 3774 est,
942 3710 1009 3766 de
1065 3727 1250 3766 rerum
1328 3721 1453 3766 ortu
1505 3711 1919 3778 interpretatur,

322 3815 378 3859 ct
406 3803 463 3857 in
510 3802 582 3856 iis
632 3801 795 3856 etiam
831 3802 1180 3857 sermonibus
1224 3817 1362 3872 quos
1389 3802 1456 3856 de
1489 3802 1746 3871 paradiso
1783 3816 1920 3854 cono

328 3892 578 3963 scripsit.
641 3891 720 3946 llli
759 3892 909 3947 enim
959 3893 1086 3956 Viri,
1137 3906 1262 3947 cum
1329 3900 1606 3962 corporati
1654 3893 1766 3946 sint
1825 3894 1922 3963 (ut

327 3986 417 4056 qui
474 3984 604 4039 vitae
659 3984 824 4055 huius
880 3985 1117 4041 vinculis
1177 3986 1357 4040 adhuc
1422 3994 1553 4040 sunt
1606 3984 1848 4054 colligati
1876 3985 1917 4053 ),

324 4084 762 4131 coarsentaneum
797 4082 882 4130 est
908 4084 969 4129 ut
1004 4074 1058 4129 in
1103 4076 1487 4147 corporalibus
1519 4090 1737 4146 quoque
1787 4076 1919 4130 locis

323 4177 609 4227 maneant.
639 4165 810 4223 Sexto
866 4167 1124 4236 denique,
1150 4177 1329 4223 exstat
1355 4168 1642 4223 doctorum
1674 4167 1916 4221 virorum

321 4260 676 4324 auctoritas,
737 4259 841 4314 llde
899 4259 1374 4329 diguissimorum,
1415 4276 1523 4330 qua
1569 4268 1915 4329 corporatum

320 4367 449 4407 esse
477 4352 800 4421 paradisum
830 4350 1152 4406 aliirmatur.
1195 4350 1365 4407 Recte
1401 4353 1566 4422 igitur
1608 4354 1917 4424 colligimus

321 4439 531 4496 falsum
598 4455 722 4496 esse
771 4441 929 4507 illud,
995 4441 1315 4513 paradisum
1377 4444 1479 4498 sub
1539 4445 1712 4499 solam
1765 4460 1916 4499 men-

2023 3254 2080 3301 et
2108 3246 2199 3301 21.
2229 3247 2496 3303 Similiter
2515 3247 2854 3306 Philoxenus
2888 3249 3236 3320 Mabugensis
3260 3254 3313 3305 in
3349 3266 3606 3307 sermone

2024 3338 2091 3394 de
2122 3339 2477 3396 meditatione
2512 3356 2635 3412 quae
2669 3342 2815 3398 circa
2845 3342 3099 3398 arborem
3139 3343 3266 3399 vita:
3304 3353 3560 3401 versatur
3589 3361 3606 3410 ;

2024 3432 2101 3485 ait
2124 3431 2271 3486 enim
2326 3449 2387 3488 ar
2406 3449 2550 3489 caua
2586 3449 2752 3490 censa
2787 3436 3109 3504 ruentisque
3133 3435 3518 3491 meditationes
3542 3438 3611 3491 de

2024 3525 2277 3591 paradiso
2309 3526 2519 3580 haberi.
2561 3525 2803 3596 Denique
2837 3526 3100 3584 Dominus
3159 3526 3398 3584 Jocobus
3442 3528 3612 3583 Orro—

2024 3614 2170 3669 haita
2231 3631 2297 3670 eo
2341 3633 2596 3673 sermone
2652 3634 2815 3689 quem
2851 3621 2917 3673 de
2965 3618 3264 3692 Theologia
3311 3620 3507 3685 edidit,
3534 3622 3610 3675 ait

2023 3703 2210 3760 Mosen
2250 3705 2478 3776 ﬁgurate
2516 3709 2756 3761 locutum
2789 3722 2913 3762 esse
2958 3709 3025 3762 de
3077 3710 3355 3777 paradiso.
3394 3706 3608 3765 Rursus

2024 3798 2089 3851 de
2117 3810 2384 3866 corporeo
2409 3798 2667 3865 paradiso
2710 3798 2932 3867 scripsit
2980 3799 3236 3853 dominus
3283 3797 3519 3854 Jeannes
3550 3817 3604 3854 ιιι

2022 3890 2271 3945 oratione
2312 3889 2398 3944 cui
2438 3890 2655 3942 titulum
2682 3888 2809 3944 fecit
2839 3908 2853 3940 :
2887 3889 3000 3944 Cur
3020 3890 3180 3944 arbor
3210 3890 3307 3943 ilfa
3331 3891 3604 3959 appellata

2021 3981 2090 4034 sit
2121 3981 2282 4034 arbor
2303 3981 2538 4035 scientia:
2559 3980 2680 4035 boui
2706 3992 2753 4033 et
2776 3980 2924 4047 mali,
2948 3992 2999 4035 et
3033 3981 3161 4051 quid
3186 3981 3288 4035 sibi
3318 3983 3438 4036 velit
3469 3982 3605 4036 illud

2021 4068 2258 4124 Christi:
2302 4087 2321 4120 ι
2353 4068 2525 4124 Hodie
2570 4084 2785 4124 mecum
2814 4071 2927 4125 eris
2961 4071 3017 4124 in
3056 4072 3337 4141 paradiso,
3365 4090 3385 4124 ι
3419 4073 3606 4128 initltts

2021 4162 2167 4218 enim
2202 4162 2332 4216 illud
2358 4163 2557 4216 astruit
2592 4164 2933 4232 argumentis
2968 4177 3294 4234 corporeum
3322 4163 3603 4220 exstitisse

2021 4254 2334 4324 paradisum
2386 4270 2402 4310 :
2459 4254 2602 4308 inter
2642 4254 2747 4309 alia
2805 4254 3105 4324 inquiens,
3173 4255 3365 4310 Adami
3427 4256 3605 4310 oculis

2021 4356 2330 4416 aspectum,
2363 4346 2589 4400 auribus
2612 4347 2884 4412 auditum,
2923 4349 3111 4401 animo
3141 4346 3379 4416 denique
3413 4348 3606 4402 obsee-

2025 4449 2210 4493 vatum
2250 4453 2371 4493 esse
2400 4441 2738 4508 paradisum,
2763 4446 2817 4493 et
2847 4437 3159 4507 ltujusmodi
3191 4439 3319 4494 alia.
3342 4437 3608 4497 Similiter

321 4537 395 4588 tis
451 4533 871 4604 intelligentiam
929 4535 1150 4602 cadere,
1202 4545 1369 4604 atque
1417 4536 1577 4606 plane
1610 4551 1675 4590 ex
1723 4552 1912 4591 earum
1944 4513 1996 4573 Ῑ)
2020 4532 2277 4587 dominus
2319 4530 2553 4587 Severus
2585 4534 2832 4588 oratione
2861 4532 2953 4599 22,
2977 4533 3044 4587 dc
3080 4533 3401 4602 Epithronio
3425 4575 3441 4598 ,
3466 4547 3605 4588 cou-

321 4641 516 4682 rerum
548 4640 675 4681 esse
706 4642 933 4682 numero
964 4642 1086 4697 quae
1117 4627 1457 4697 incorporeas
1485 4639 1635 4685 sunt.
1673 4630 1918 4700 Denique

321 4720 394 4775 iis
424 4720 522 4790 qui
546 4720 687 4773 duos
720 4726 949 4773 censent
999 4734 1124 4774 esse
1163 4718 1462 4789 paradisus,
1523 4719 1751 4776 alterum
1793 4736 1917 4775 cor-

325 4820 612 4881 poratum,
647 4811 1037 4881 incorporeum
1072 4813 1328 4877 alterum,
1383 4813 1673 4884 objiciums
1732 4813 1915 4867 Mosen

330 4901 432 4970 qui
457 4915 559 4954 non
589 4901 647 4954 in
679 4901 896 4955 duobus
918 4902 1204 4970 paradisis,
1229 4900 1322 4955 scd
1354 4902 1407 4955 in
1440 4916 1551 4961 uno
1587 4901 1912 4956 collocatum

331 4992 601 5048 Adamum
627 5009 643 5059 ;
676 5009 853 5064 neque
879 5008 1073 5049 rursus
1096 5008 1125 5048 e
1155 4994 1392 5059 duobus,
1412 4996 1504 5048 sed
1538 4994 1591 5047 in
1639 5010 1746 5048 uno
1768 4993 1915 5064 ejec-

328 5096 442 5142 tum
477 5103 511 5143 a
549 5088 659 5143 Deo
684 5087 925 5157 scripsit.
962 5088 1039 5142 Ad
1073 5089 1195 5150 hoc,
1239 5087 1503 5142 Dominus
1548 5097 1731 5142 uoster
1753 5087 1912 5142 Chri-

322 5190 442 5235 stus
475 5196 586 5235 non
616 5180 755 5235 duos
784 5180 1095 5250 paradisos,
1124 5177 1220 5235 sed
1277 5182 1501 5233 unicum
1558 5180 1913 5249 promittebat

325 5265 526 5327 latroni
566 5273 820 5342 inquiens
851 5291 866 5328 :
905 5270 1077 5326 Hodie
1103 5288 1303 5325 mecum
1336 5272 1439 5325 eris
1467 5273 1522 5326 in
1580 5273 1834 5339 paradiso
1869 5273 1911 5325 ³.

321 5363 517 5433 Neque
556 5371 1130 5420 sanecousentaueum
1163 5374 1267 5430 cst,
1291 5374 1352 5419 ut
1378 5364 1707 5433 ejuscemodi
1733 5364 1917 5429 dictis,

319 5458 661 5527 scriptisque
691 5458 930 5512 oraculis
955 5458 1115 5511 tidem
1147 5459 1475 5527 abrogemus
1500 5473 1514 5519 ;
1548 5455 1614 5511 iis
1640 5472 1765 5510 vero
1795 5472 1917 5526 qua:

325 5565 509 5619 neque
539 5550 685 5604 dit-ta
730 5565 908 5619 neque
942 5550 1143 5617 scripta
1176 5558 1397 5605 exsmut
1421 5553 1474 5603 iu
1510 5550 1683 5605 sacris
1714 5544 1913 5612 Libris,

326 5644 709 5697 adhibeamus.
742 5643 861 5697 Non
904 5643 1069 5712 igitur
1110 5643 1243 5707 duo,
1291 5643 1385 5697 sed
1421 5642 1615 5697 unicus
1637 5651 1718 5695 est
1755 5658 1913 5711 para-

400 5800 419 5830 ³
460 5801 597 5856 Luc.
637 5816 749 5855 uti
782 5801 871 5855 45.
949 5801 971 5832 ‘
1001 5800 1135 5857 Gen.
1170 5818 1229 5864 ιι,
1264 5800 1348 5863 l6,
1385 5802 1470 5856 Π.

2025 4627 2133 4682 [icit
2162 4640 2486 4695 corporeum
2529 4625 2700 4680 fuisse
2738 4627 3075 4695 paradisum,
3123 4626 3252 4678 dum
3285 4625 3449 4680 etiam
3484 4627 3608 4696 ipse

2021 4716 2255 4771 aﬂirmat
2289 4718 2559 4771 Adamum
2596 4718 2770 4773 oculis
2819 4718 2970 4770 illum
3025 4717 3281 4771 intuitum
3321 4730 3463 4779 esse,
3504 4730 3602 4770 au-

2020 4812 2283 4878 ribusque
2321 4810 2617 4865 audivisse.
2653 4808 2786 4861 Nam
2811 4809 3041 4873 audivit,
3063 4809 3265 4879 inquit,
3294 4807 3385 4863 illa
3419 4806 3510 4862 Dei
3530 4808 3601 4861 ad

2021 4919 2081 4958 se
2110 4905 2272 4956 verba
2306 4919 2320 4954 :
2360 4901 2437 4955 De
2487 4902 2630 4955 omni
2662 4902 2849 4956 arbore
2877 4916 2993 4971 quae
3038 4901 3094 4954 in
3121 4901 3376 4969 paradiso
3403 4911 3597 4967 exstat,

2019 4997 2256 5061 vesceris,
2300 5007 2495 5063 prwter
2530 4994 2770 5048 arborem
2803 4995 3114 5066 cognitionis
3148 4994 3270 5048 boui
3292 5005 3340 5048 et
3374 4995 3501 5048 ntali
3533 4995 3553 5025 ⁸
3580 5012 3597 5050 ς

2019 5099 2072 5140 et
2090 5087 2287 5143 intueri
2305 5089 2467 5158 igitur
2484 5088 2624 5143 hanc
2647 5089 2842 5158 potuit,
2870 5089 3010 5144 vesci
3036 5102 3164 5144 vero
3187 5088 3599 5158 prohibebatur.

2021 5179 2320 5250 Gregorius
2349 5196 2538 5235 rursus
2555 5181 2888 5252 Theologus,
2918 5182 2970 5235 in
3000 5182 3250 5237 oratione
3289 5181 3358 5237 de
3384 5182 3600 5253 palieu;

2023 5271 2189 5338 tia,ad
2223 5273 2369 5326 hunc
2389 5273 2607 5326 tuodutu
2635 5273 2702 5326 de
2736 5273 2991 5342 paradiso
3020 5288 3284 5342 corporeo
3309 5273 3548 5342 loquitur
3583 5288 3601 5325 :

2034 5382 2052 5414 ‹
2088 5366 2315 5433 Liguum
2338 5365 2601 5419 adversus
2624 5365 2826 5435 lignum
2851 5366 3089 5435 ;crucis,
3110 5369 3370 5421 adversus
3396 5366 3602 5435 lignum

1999 5457 2265 5535 _Scicutia:
2296 5458 2424 5511 boni
2448 5466 2504 5512 et
2527 5457 2677 5510 mali.
2711 5478 2730 5509 ι
2764 5458 2860 5512 Est
2884 5460 3048 5528 igitur
3081 5468 3510 5514 consentaneum
3540 5464 3603 5510 ut

2022 5566 2314 5621 utrumque
2333 5561 2428 5605 aut
2449 5560 2795 5619 corporatura
2825 5553 3029 5623 lignum
3066 5551 3249 5617 fuerit,
3270 5558 3366 5605 aut
3388 5558 3601 5604 utrum—

2022 5660 2130 5712 que
2195 5645 2446 5713 corporis
2501 5658 2739 5713 expers,
2805 5657 2968 5715 atque
3023 5644 3127 5700 sub
3180 5642 3598 5715 intelligentiam
