4086 6392
490 359 590 425 18⁷

1776 361 2009 423 MOSIS
2048 358 2199 419 ΒΑΗ
2214 357 2493 418 ὈΕΡΠΑ

3667 354 3779 419 488

491 475 664 529 solam
711 472 956 541 cadens;
1003 488 1172 545 quam
1225 454 1347 547 pari
1398 475 1563 531 modo
1600 473 1734 541 ligni
1783 471 2081 536 vocabulo,
2114 483 2160 538 Α
2191 484 2315 523 sum
2349 469 2443 540 qui
2480 468 2534 521 in
2577 465 2696 523 sola
2720 474 2905 522 mente
2929 472 3203 527 versetur,
3233 462 3341 518 hoc
3380 470 3484 530 est,
3513 463 3780 535 incorpo-

489 566 650 620 atubo
684 565 877 618 abillo
937 565 1330 634 subjiciantur.
1387 565 1494 619 Sed
1552 564 1779 633 objiciet
1850 560 2085 614 fortasse

491 658 695 726 aliquis
727 657 873 710 hunc
901 657 1082 726 ipsum
1115 655 1441 726 Gregorium
1467 695 1483 720 ,
1512 655 1605 725 qui
1641 654 1695 707 in
1724 652 1975 707 oratione
2017 651 2086 704 de

491 750 698 805 Christi
742 748 921 803 Natali
971 764 1094 803 eam
1144 750 1395 803 arborem
1445 746 1780 816 cognitionis
1837 745 1968 799 boui
2030 751 2086 798 et

496 843 624 896 mali
650 843 876 913 mystice
913 841 1330 911 interpretatur,
1378 839 1907 907 meditationemque
1960 851 2087 891 esse

493 933 644 987 dicit.
703 932 866 1002 Atqui
923 931 1013 985 ille
1077 930 1314 997 duplicis
1385 929 1718 984 conditionis
1766 926 2084 996 paradisum

492 1043 618 1082 esse
678 1043 787 1081 non
851 1026 1171 1096 ignoravit;
1234 1034 1289 1079 et
1328 1026 1561 1093 proinde
1622 1023 1874 1077 arborem
1935 1022 2084 1075 illam

492 1121 764 1175 interdum
792 1135 890 1189 pro
918 1123 1122 1188 reipsa,
1142 1119 1417 1173 interdum
1450 1116 1682 1188 mystico
1713 1129 1876 1169 sensu
1912 1114 2085 1170 inter-

494 1223 741 1280 pretatus
770 1220 878 1276 est,
934 1211 1081 1280 quod
1119 1210 1426 1279 praesertim
1458 1209 1512 1262 itt
1553 1223 1618 1262 eo
1660 1221 1919 1262 sermone
1976 1220 2088 1275 quo

495 1305 711 1359 Natales
744 1303 950 1358 Christi
989 1303 1326 1364 celebrabat,
1356 1302 1461 1356 sibi
1494 1301 1721 1371 putabat
1744 1298 2086 1353 faciendum.

493 1392 627 1445 Nam
668 1408 796 1447 eum
828 1407 955 1446 eum
999 1391 1104 1446 sibi
1146 1391 1257 1444 illic
1308 1404 1537 1459 scopum
1586 1388 1992 1459 proposuisset,
2029 1394 2089 1440 ut

492 1484 751 1552 populum
815 1482 1061 1547 doceret,
1115 1496 1222 1536 non
1276 1495 1570 1550 corporum
1627 1480 1720 1533 sed
1772 1480 2085 1533 animorum

496 1575 768 1628 rationem
821 1572 875 1626 in
916 1575 1089 1627 sacris
1126 1572 1490 1626 conciouibus
1535 1578 1700 1637 atque
1737 1568 1954 1638 pompis
1990 1568 2088 1621 ha-

491 1667 725 1721 bendam
787 1680 934 1730 esse,
1002 1679 1102 1719 nec
1159 1664 1348 1719 valvas
1404 1664 1569 1717 sertis
1611 1660 1940 1730 ciugendas,
1973 1661 2094 1730 pla-

503 1769 734 1827 teasque
763 1755 1136 1819 exornandas,
1171 1765 1221 1809 et
1254 1770 1308 1823 qt
1331 1769 1378 1808 aa
1407 1762 1671 1823 praeterea
1705 1752 1820 1806 illic
1846 1765 2092 1806 comme-

495 1858 700 1913 morat,
771 1858 1092 1917 cteteraque
1158 1846 1390 1917 mystice
1436 1854 1586 1900 esset
1657 1844 2084 1913 interpretatus,
2122 1857 2163 1911 Β

495 1943 613 2011 ipsa
633 1940 902 1994 orationis
927 1940 1072 1994 serie
1105 1940 1364 1993 inductus
1395 1948 1480 1993 est
1512 1949 1566 1992 ut
1592 1937 1846 1991 arborem
1870 1949 2089 2006 quoque

501 2036 651 2088 illam
715 2034 946 2103 tigni-ate
1000 2031 1482 2100 contetnplaudam
1536 2038 1857 2099 exponeret.
1912 2028 1990 2085 Ita
2037 2037 2092 2082 et

493 2128 758 2182 dominus
813 2125 1050 2195 Ephrem
1081 2126 1134 2178 itt
1165 2139 1265 2198 suo
1295 2122 1714 2177 Commentario
1742 2135 1855 2191 quo
1888 2121 2087 2175 librant

497 2220 778 2274 Geneseos
808 2219 877 2273 de
922 2220 1089 2273 rebus
1131 2218 1269 2288 ipsis
1317 2217 1734 2286 interpretatur,
1772 2215 2090 2285 paradisum

499 2318 665 2371 etiam
705 2330 763 2367 re
798 2317 913 2384 ipsa
944 2313 1229 2368 exstitisse
1250 2311 1505 2365 aﬂirmat.
1535 2310 1679 2376 Quin
1705 2319 1761 2365 et
1788 2310 1950 2364 divus
1980 2310 2086 2380 Cy-

497 2408 654 2462 rillus
679 2407 733 2460 in
772 2422 839 2460 eo
874 2404 1287 2460 Commentario
1319 2405 1465 2472 quod
1507 2404 1562 2458 in
1594 2402 1790 2457 Isaiam
1837 2402 2084 2472 prophe-

501 2509 612 2553 tam
653 2498 921 2560 condidit,
952 2504 1141 2551 censet
1169 2495 1471 2558 Adamum,
1499 2504 1790 2564 postquam
1834 2494 2092 2564 paradiso

500 2599 646 2644 esset
686 2603 967 2660 egressus,
1026 2592 1080 2641 in
1127 2586 1318 2641 Juda-a
1356 2587 1597 2656 primum
1635 2586 1940 2641 habitasse.
1983 2585 2092 2641 Sed

499 2684 647 2737 dices
676 2738 679 2741 ,
719 2684 787 2737 de
813 2681 1048 2749 mystico
1078 2681 1225 2735 exitu
1266 2679 1398 2734 Adae
1421 2678 1687 2749 Cyrillum
1739 2679 1850 2733 illic
1880 2680 2031 2748 loqui
2071 2696 2087 2733 :

497 2775 649 2844 atqui
686 2789 810 2843 quze
833 2772 1084 2842 subjicit,
1115 2772 1219 2826 hoc
1252 2787 1360 2826 non
1388 2771 1754 2841 permittunt:
1797 2773 1875 2827 ait
1924 2774 2092 2838 enim,

498 2875 790 2935 postquam
826 2864 977 2918 varia
1006 2863 1342 2932 pervasisset
1371 2862 1510 2927 loca,
1531 2864 1750 2917 tandem
1782 2862 2097 2935 Hierosoly-

501 2959 605 3011 mis
637 2956 846 3011 obiisse
904 2966 1159 3009 mortem.
1239 2955 1317 3008 Re
1364 2955 1536 3024 igitur
1593 2955 1735 3024 ipsa,
1800 2956 1910 3010 huc
1965 2956 2099 3010 illuc

500 3057 732 3119 vagatus
759 3049 959 3114 iuerat,
991 3061 1059 3100 ae
1093 3047 1341 3117 proinde,
1376 3056 1441 3102 re‘
1480 3063 1702 3118 quoque
1732 3049 1851 3120 ipsa
1884 3051 2102 3121 paradi-

501 3158 622 3197 sum
670 3155 950 3210 egressus.
994 3140 1231 3210 lusttper
1266 3139 1512 3196 Joannes
1557 3141 1861 3197 monachus
1919 3143 1994 3213 (l)
2044 3141 2098 3194 in

500 3245 758 3283 set-mone
785 3244 888 3284 suo
913 3230 981 3284 de
1005 3244 1207 3284 occasu
1231 3230 1422 3284 mundi
1461 3230 1646 3299 hujus,
1680 3244 1734 3287 et
1766 3234 1832 3286 de
1864 3242 2095 3287 venturo

503 3323 708 3375 mundo
741 3336 883 3376 novo
908 3360 924 3386 ,
963 3323 1154 3377 multis
1185 3323 1447 3389 ostendit,
1483 3338 1545 3378 ea
1570 3339 1694 3394 quae
1731 3326 1798 3380 de
1830 3327 2095 3396 paradiso

501 3415 713 3481 scripta
742 3423 896 3481 sunt,
948 3426 1387 3470 consentaneum
1423 3431 1548 3472 esse
1581 3427 1641 3471 ut
1670 3419 1738 3474 de
1766 3420 1933 3474 rebus
1959 3420 2097 3489 ipsis

503 3505 920 3576 intelligantur;
976 3508 1262 3577 utiturque
1354 3510 1497 3563 inter
1558 3511 1662 3564 alia
1713 3512 1798 3565 his
1860 3512 2095 3568 verbis:

506 3596 773 3665 Quaenam
809 3599 963 3653 fuere
1010 3601 1204 3654 Adami
1255 3616 1390 3672 opes
1444 3603 1497 3656 in
1565 3606 1866 3674 paradiso?
1914 3621 2096 3661 annon

512 3690 740 3744 arbores
793 3690 1133 3760 fructifera,
1188 3692 1401 3750 feraces
1458 3695 1719 3752 foliorum
1777 3701 1982 3770 quibus
2041 3717 2100 3755 se

504 3783 667 3853 primi
699 3794 961 3854 parentes
984 3797 1291 3851 comerent,
1328 3797 1384 3842 et
1409 3787 1614 3843 flumen
1636 3793 1795 3861 aquis
1827 3793 2102 3862 proﬂuen-

511 3876 661 3929 tibus
717 3876 940 3931 illorum
1001 3876 1152 3931 sitim
1219 3881 1605 3950 restinguens;
1677 3899 1912 3952 quarum
1980 3886 2103 3940 alia:

511 3980 680 4033 super
720 3968 930 4022 hancce
964 3975 1192 4033 terram,
1223 3970 1344 4024 alia:
1389 3974 1582 4026 subter
1626 3973 2098 4038 diﬂundebautur,

509 4066 649 4110 teste
678 4054 871 4111 Mosa?
898 4056 1034 4110 Nam
1081 4059 1127 4113 si
1178 4060 1305 4129 quis
1338 4070 1422 4114 est
1459 4052 1553 4130 qui
1588 4072 1741 4130 putet
1765 4064 1994 4117 arbores
2046 4063 2101 4116 in

513 4149 774 4217 paradiso
812 4163 918 4203 non
950 4148 1122 4205 fuisse
1151 4162 1497 4219 corporatas,
1527 4155 1648 4223 ejus
1674 4156 1861 4209 animo
1904 4157 2103 4211 intelli.

510 4239 659 4305 genti
694 4252 850 4307 aeque
881 4238 1130 4292 divinum
1167 4239 1485 4309 Eloquium,
1536 4241 1718 4295 lumen
1753 4244 2103 4312 suppeditare

510 4327 774 4392 debebat,
803 4330 950 4398 quod
997 4344 1095 4398 per
1126 4328 1311 4384 Mosen
1345 4331 1414 4385 de
1440 4333 1697 4402 paradiso
1725 4334 1929 4389 diserte
1959 4335 2106 4390 alIir-

514 4429 673 4486 tuat,
739 4419 906 4475 Evam
960 4423 1181 4492 generis
1231 4423 1462 4478 humani
1521 4435 1749 4480 matrem
1802 4430 2107 4498 sumpsisse

513 4514 749 4579 fructus,
776 4529 984 4585 eosque
1015 4516 1221 4571 edisse.
1253 4516 1357 4582 Qui
1390 4519 1653 4587 potuisset
1689 4522 1834 4574 enim
1879 4524 1969 4575 illa
2012 4524 2108 4577 de—

511 4624 735 4681 cerpere
776 4611 827 4664 id
859 4612 1005 4682 quod
1041 4615 1146 4667 sub
1178 4623 1383 4668 tactum
1432 4629 1541 4668 non
1584 4616 1853 4684 cadebat,
1899 4618 1993 4672 aut
2035 4619 2103 4673 de

512 4706 607 4757 iilo
642 4718 841 4773 capere
868 4705 1015 4774 quod
1067 4707 1454 4775 incorporeum
1489 4721 1605 4762 erat
1633 4751 1648 4776 ,
1675 4725 1801 4764 cum
1857 4712 1909 4765 id
1948 4714 2098 4781 quod

511 4807 883 4866 corporaturm
909 4813 1107 4867 expers
1148 4810 1256 4863 est,
1287 4800 1455 4855 dividi
1494 4818 1600 4855 nou
1632 4806 1826 4872 possit,
1854 4821 1919 4859 eo
1945 4806 2095 4875 quod

512 4888 585 4941 sit
618 4891 1223 4957 incorporetenaturaa?
1263 4890 1390 4946 llaec
1436 4891 1679 4948 Joannes
1751 4896 1860 4958 ille,
1904 4909 1960 4950 et
1998 4902 2101 4950 aLa

514 4980 799 5047 complura
850 4996 916 5035 eo
970 4982 1072 5036 loci
1129 4985 1334 5052 scripta
1383 4986 1628 5054 reliquit,
1665 4988 1867 5056 quibus
1910 4993 2105 5043 cdoret

515 5085 843 5139 corporequ
898 5071 1075 5127 fuisse
1127 5075 1489 5142 paradisum:
1531 5082 1677 5146 quod
1731 5079 1910 5148 ipsum
1961 5082 2097 5134 satis

516 5166 665 5220 dare
715 5166 879 5219 etiam
914 5164 1084 5221 Mosis
1118 5169 1286 5223 verba
1335 5178 1607 5224 testantur
1634 5170 1763 5224 dum
1818 5173 1870 5224 in
1905 5170 2102 5226 Genesi

516 5261 597 5315 sic
629 5259 859 5314 scribit:
901 5258 970 5312 Et
997 5262 1217 5314 sustulit
1248 5261 1346 5314 Lot
1383 5263 1564 5315 oculos
1591 5281 1734 5329 suos,
1774 5274 1823 5316 et
1843 5264 2106 5335 viditpm-

515 5368 635 5406 nem
663 5367 865 5405 terram
903 5351 1185 5419 Iordanis,
1230 5359 1371 5423 quod
1416 5357 1668 5410 universa
1707 5366 1843 5411 esset
1876 5360 2108 5428 irrigua,

520 5446 833 5515 vriusquam
867 5446 1208 5500 subvertisset
1260 5446 1402 5500 Deus
1438 5446 1727 5503 Sodomam
1783 5460 1831 5504 et
1885 5449 2113 5505 Cantor-

519 5538 863 5608 rltam,quasi
883 5540 1169 5607 paradisus
1208 5540 1299 5594 Dei
1319 5542 1361 5595 ⁵.
1390 5540 1511 5595 Non
1545 5543 1693 5598 enim
1733 5560 1859 5600 eum
1892 5548 2113 5617 paradi-

625 5684 648 5714 ⁸
676 5684 812 5739 Cen.
842 5682 1080 5752 χιιιξω.

600 5835 678 5902 (1)
710 5837 1164 5904 Chtysostomum
1199 5842 1357 5897 dicit.

2189 577 2368 627 reum,
2422 561 2726 616 contulisse
2779 575 2903 615 cum
2943 560 3165 629 regione
3198 556 3477 621 Iordanis,
3515 558 3612 612 sed
3647 572 3778 611 eum

2187 653 2281 725 qui
2319 669 2379 708 re
2418 653 2537 723 ipsa
2569 652 2865 707 exsisteret
2921 661 3357 721 corporatusqtte
3389 660 3556 714 esset.
3595 650 3790 705 existi-

2187 747 2422 802 mandus
2451 757 2553 801 est.
2596 744 2736 799 Tum
2769 744 2913 801 alius
2942 758 3164 815 quoque
3208 743 3471 813 prepbeta
3503 744 3571 798 de
3615 757 3789 812 para-

2187 841 2308 896 diso
2336 841 2665 894 vaticinatus
2698 846 2782 893 est
2807 838 2873 891 ad
2911 836 3057 891 hunc
3084 843 3307 891 modum
3339 852 3354 890 :
3386 854 3405 887 ‹
3443 836 3583 890 Ante
3623 835 3789 889 illum

2189 931 2484 1003 paradisus
2527 928 2670 993 Dei,
2726 939 2850 998 post
2907 928 3062 982 illum
3124 943 3256 982 vero
3315 928 3482 983 veluti
3540 942 3787 997 campus

2187 1025 2528 1079 devastatus.
2569 1019 2785 1092 tlgitur
2849 1036 2916 1074 ex
2981 1020 3050 1075 iis
3102 1019 3360 1075 omnibus
3423 1034 3547 1090 qua:
3606 1020 3794 1074 adhuc

2190 1117 2462 1181 diximus,
2498 1125 2718 1170 constat
2759 1114 2982 1169 unicum
3021 1114 3244 1184 quidem
3278 1128 3401 1169 esse
3441 1112 3788 1182 paradisum,

2191 1208 2286 1263 sed
2321 1223 2447 1263 eum
2490 1206 2727 1277 duplicis
2767 1206 3151 1271 conditionis;
3193 1220 3499 1276 corporeae,
3549 1208 3785 1274 inquam

2189 1311 2246 1357 et
2272 1301 2613 1371 incorporea
2648 1318 2664 1368 ;
2695 1299 2801 1354 hoc
2828 1308 2938 1366 est,
2974 1309 3030 1353 et
3061 1299 3129 1353 ad
3173 1312 3373 1353 sensus
3421 1298 3596 1368 ipsos,
3625 1306 3682 1351 et
3714 1298 3783 1351 ad

2191 1395 2392 1449 mentis
2422 1392 2838 1463 intelligentiam
2862 1390 3140 1462 pertinere
3164 1406 3179 1445 :
3214 1388 3527 1460 falsumque
3552 1390 3791 1459 proinde

2196 1502 2320 1543 esse
2367 1487 2512 1557 quod
2550 1496 2645 1542 aut
2682 1486 2788 1542 sub
2834 1486 3013 1542 solum
3061 1500 3287 1543 sensum
3318 1485 3502 1551 cadat,
3556 1493 3655 1539 aut
3685 1485 3796 1539 sub

2192 1580 2369 1635 solam
2428 1579 2876 1650 intelligentiam,
2925 1588 3025 1634 aut
3074 1581 3313 1649 denique
3361 1577 3511 1634 quod
3556 1578 3796 1633 omnino

2193 1676 2306 1730 duo
2340 1681 2561 1729 exstent
2593 1671 2879 1744 paradisi.”

2804 1803 3035 1862 CAPUT
3086 1804 3154 1862 ll.

2267 1943 2402 2011 Quis
2433 1953 2775 2015 corporatus,
2813 1955 2861 1999 et
2890 1946 3009 2015 quis
3038 1942 3309 2015 spiritalis
3356 1944 3645 2013 paradisus
3691 1946 3789 1999 sit.

2195 2037 2492 2093 Paradt‘sus
2539 2053 2847 2108 corporeus.
2877 2068 2936 2078 -
2977 2040 3098 2093 Jam
3125 2053 3258 2093 vero
3306 2048 3658 2109 posteaquam
3686 2039 3786 2093 de-

2197 2131 2636 2187 monstravimus
2658 2131 2885 2186 unicum
2914 2145 3038 2186 esse
3063 2131 3381 2202 paradisum
3401 2173 3416 2197 ,
3468 2146 3573 2185 non
3612 2132 3776 2193 duos,

2196 2229 2291 2279 sed
2326 2241 2452 2279 eum
2506 2224 2744 2295 duplicis
2796 2238 2919 2280 esse
2955 2224 3332 2288 conditionis,
3380 2238 3655 2293 corporeae
3713 2233 3776 2278 et

2197 2315 2557 2385 incorporeas,
2621 2329 2971 2385 consequens
3023 2325 3107 2371 est
3163 2323 3223 2370 ut
3266 2315 3608 2379 doceamus,
3653 2316 3792 2385 quis

2197 2422 2517 2477 corporeus,
2549 2417 2601 2463 et
2643 2408 2768 2479 quis
2797 2408 3158 2477 incorporeus
3188 2409 3260 2464 sit
3285 2409 3598 2479 paradisus.
3639 2407 3786 2463 Cor-

2198 2514 2425 2569 porcum
2461 2501 2627 2570 igitur
2673 2502 2990 2571 paradisum
3035 2516 3159 2556 esse
3202 2502 3521 2564 statuimus,
3555 2501 3793 2556 arbores

2201 2593 2383 2649 omnis
2413 2593 2631 2663 generis
2655 2593 2942 2663 plurimas,
2969 2593 3238 2647 varietate
3262 2592 3792 2663 pulchritudineqne

2201 2682 2581 2748 admirandas,
2637 2694 2805 2754 atque
2858 2683 3119 2739 [oliorum
3168 2684 3223 2739 et
3289 2682 3569 2738 fructuum
3599 2723 3616 2748 ,
3666 2698 3794 2753 quae

2202 2778 2289 2832 sui
2327 2778 2686 2848 cupiditatem
2722 2779 2965 2832 excitent
2995 2779 3316 2842 maximam,
3343 2776 3578 2843 feraces,
3605 2792 3797 2847 aequa-

2204 2871 2411 2938 bilique
2463 2880 2629 2940 atque
2675 2869 3060 2925 amceniSsimo
3112 2870 3324 2940 positas
3376 2871 3496 2925 loco
3539 2869 3792 2924 :ﬂumen

2204 2974 2471 3034 praeterea
2508 2964 2699 3032 ingens
2727 2974 2783 3018 et
2815 2964 3059 3034 amplum
3097 2979 3209 3035 quo
3256 2964 3363 3018 illa:
3390 2964 3665 3033 rigantur,
3702 2963 3793 3016 lo-

2205 3073 2329 3111 cum
2364 3057 2604 3127 denique
2646 3057 2826 3126 ipsum
2860 3056 3194 3126 spatiosum,
3228 3067 3471 3127 gratum.
3495 3063 3663 3124 atque
3691 3069 3795 3108 ac-

2205 3153 2554 3206 commodum
2598 3152 2665 3206 ad
2714 3168 2877 3207 usum
2913 3152 3426 3220 habitationemque
3479 3152 3798 3207 hominum.

2210 3240 2428 3296 Rursus
2487 3243 2803 3311 paradisum
2855 3243 2948 3312 qui
2996 3242 3067 3296 ad
3127 3242 3326 3296 mentis
3373 3241 3799 3312 intelligentiam

2198 3320 2434 3404 spectat,
2461 3349 2739 3405 quemque
2771 3336 3158 3404 incorporeum
3196 3334 3551 3390 nominamus
3573 3376 3587 3401 ,
3620 3336 3793 3389 vitam

2199 3443 2322 3482 esse
2349 3429 2643 3503 deﬁnimus
2680 3443 2800 3498 qua:
2841 3430 3002 3498 plane
3051 3430 3358 3484 secundum
3397 3438 3660 3490 mentem,
3694 3444 3802 3499 per

2203 3521 2623 3591 temperantiam
2654 3522 3118 3591 sanetitatemque
3154 3523 3487 3578 excellenter
3521 3523 3793 3594 agitatur,

2208 3615 2431 3685 plenam
2484 3615 2862 3669 meditationis
2910 3631 3097 3673 rerum
3143 3625 3258 3670 tum
3307 3614 3616 3670 divinarum
3668 3622 3794 3668 tum

2207 3709 2598 3774 cooditarum;
2640 3725 2667 3761 a
2699 3725 2806 3779 qua
2841 3712 3032 3777 procul
3063 3709 3247 3763 absint
3275 3725 3445 3769 curae,
3500 3723 3794 3775 maerores,

2204 3804 2464 3874 gemitus,
2518 3802 2956 3857 concomitautcr
3016 3817 3146 3855 vero
3205 3802 3505 3871 gaudium,
3562 3801 3793 3868 laetitia,

2204 3895 2518 3950 exsultatio.
2552 3894 2688 3948 Nam
2731 3894 2824 3964 qui
2848 3894 2902 3947 itt
2932 3893 3034 3947 hoc
3083 3893 3347 3964 paradiso
3383 3908 3687 3955 versantur,
3711 3893 3806 3947 vi-

2209 3998 2316 4042 tam
2356 3987 2517 4056 plane
2564 3987 2776 4040 beatam
2814 3996 2980 4052 atque
3011 3986 3314 4056 angelicam
3345 3987 3558 4049 vivunt,
3599 3986 3810 4039 radiis-

2207 4095 2315 4150 que
2343 4081 2546 4132 divinm
2579 4079 2824 4133 notionis
2866 4079 3235 4144 illustrantur,
3263 4087 3320 4133 ut
3349 4078 3551 4150 angeli.
3590 4077 3807 4147 Duplex

2207 4175 2375 4243 igitur
2432 4172 2523 4226 ille
2581 4172 2875 4242 paradisus
2909 4182 3185 4242 quatenus
3218 4172 3440 4241 quidem
3498 4185 3812 4238 corporeus

2212 4276 2353 4331 erat,
2390 4265 2608 4328 Adami,
2637 4262 2871 4334 Evazque
2902 4280 3108 4333 corpus
3134 4265 3445 4319 oblectabat
3478 4279 3491 4316 :
3518 4274 3803 4333 quatenus

2211 4373 2339 4411 vero
2375 4358 2735 4426 incorporeus
2763 4368 2927 4426 atque
2960 4357 3026 4410 ad
3061 4366 3297 4410 mentem
3330 4364 3608 4426 spectans,
3644 4354 3807 4423 ipso-

2213 4464 2337 4504 rum
2371 4449 2662 4503 recreabat
2696 4449 2931 4502 animos.
2965 4447 3179 4518 Quippe
3204 4449 3439 4502 uteibus
3473 4456 3810 4518 corporatus

2134 4545 2187 4605 υ
2213 4541 2314 4594 alit
2346 4554 2550 4608 corpus
2576 4556 2590 4593 :
2614 4539 2687 4592 ita
2738 4538 3001 4608 cogitatio
3034 4548 3146 4593 tum
3172 4539 3240 4593 de
3284 4537 3395 4592 Deo
3428 4537 3547 4607 ipso
3577 4546 3691 4589 tum
3735 4539 3810 4591 de

2212 4632 2282 4686 iis
2314 4634 2482 4686 rebus
2515 4646 2652 4700 quas
2688 4630 2833 4686 Deus
2865 4632 3146 4693 condidit,
3184 4632 3360 4701 pascit
3404 4634 3650 4683 animum
3705 4646 3807 4682 ra-

2215 4729 2364 4781 tione
2391 4727 2710 4795 praeditum.
2749 4726 2986 4780 Perinde
3021 4726 3169 4780 enim
3209 4724 3438 4779 scicntia
3473 4734 3527 4778 et
3556 4724 3807 4794 cognitio

2226 4819 2420 4885 animi,
2457 4830 2623 4889 atque
2655 4821 2836 4890 panis,
2870 4820 3119 4890 corporis
3159 4828 3241 4873 est
3275 4819 3621 4872 alimentum.

2835 4952 3073 5010 CAPUT
3119 4953 3208 5009 Ill.

2279 5090 2699 5147 Consentaneum
2734 5102 2811 5146 est
2867 5091 3061 5146 Veteris
3103 5091 3424 5146 Testameuti
3475 5088 3817 5159 Srripturam

2212 5186 2430 5255 mystice
2448 5185 2817 5254 interpretari.
2837 5215 2903 5223 --
2923 5184 3064 5238 Sunt
3090 5185 3232 5238 inter
3255 5183 3542 5238 haereticos
3565 5184 3655 5251 qui
3676 5196 3782 5234 con
3799 5211 3817 5222 ο

2216 5276 2449 5328 tendunt
2488 5276 2714 5328 minime
2770 5276 3090 5338 convenire,
3144 5286 3196 5328 ut
3233 5272 3449 5329 Veteris
3474 5273 3818 5327 'l‘estamettti

2223 5367 2429 5436 scripta
2465 5369 2716 5437 mystice,
2745 5378 2910 5437 atque
2943 5368 3103 5422 aliter
3134 5383 3298 5437 quant
3355 5368 3424 5422 de
3459 5369 3594 5436 ipsis
3623 5369 3813 5432 rebus,

2226 5457 2665 5527 interpretentur
2693 5476 2708 5514 :
2752 5461 3106 5530 graviterque
3134 5470 3404 5515 accusant
3427 5474 3526 5514 eos
3557 5460 3649 5528 qui
3681 5473 3820 5514 cett-

2223 5562 2305 5605 tra
2337 5536 2568 5608 faciunt.
2622 5550 2790 5623 Atqui
2824 5554 2869 5609 si
2903 5554 2976 5609 ita
3030 5562 3267 5620 statuas,
3303 5554 3473 5608 multa
3507 5565 3564 5608 ut
3616 5566 3821 5606 Conse-
