4086 6388
264 322 369 388 459

1414 322 1511 382 DE
1554 321 1952 382 PARADISO.
2000 348 2067 357 -
2107 322 2299 381 PARS
2338 325 2390 384 Ι.

3440 323 3549 386 490

268 442 509 504 quatitur
541 436 786 492 absurda
826 450 1111 493 necessum
1140 447 1243 493 est.
1282 436 1465 492 Primo
1497 439 1643 499 enim
1679 438 1852 492 Vetus
1886 456 1929 512 Α
1960 437 2225 494 Praeterea
2276 437 2445 494 Mosis
2472 446 2780 511 serpentem
2812 454 3022 495 reiteum
3054 454 3213 510 quem
3245 443 3298 495 in
3330 442 3551 498 deserto

274 528 698 585 Testamentum
725 530 862 584 nihil
898 530 1004 585 nisi
1031 546 1208 585 meras
1240 531 1527 602 nudasque
1558 534 1864 587 continebit

275 622 537 678 historias
596 640 610 676 :
666 622 985 693 carebitque
1056 640 1282 694 prorsus
1367 626 1614 696 mysuicis
1692 626 1864 679 sancti

278 717 518 788 Spiritus
564 717 775 785 sensis,
824 717 1020 773 deinde
1080 717 1470 772 obﬁrmabitur
1525 718 1751 772 Manetis
1814 731 1868 771 et

274 809 574 865 Marcionis
608 811 904 879 sententia,
940 811 1033 881 qui
1064 811 1323 866 dicebant
1351 811 1514 865 Vetus
1538 812 1862 866 Testamen-

275 913 391 957 tum
428 918 774 973 nequaquam
805 903 873 957 ab
903 913 1126 958 auctore
1160 902 1251 957 Dei
1284 903 1491 957 Christi
1520 902 1686 958 Patre
1709 918 1857 958 esse.

280 994 558 1049 Praterea
628 994 735 1048 nisi
799 993 853 1047 in
908 993 1003 1048 illo
1058 993 1343 1048 recondita
1404 993 1609 1048 fuerint
1669 1008 1869 1047 arcana

275 1100 466 1151 sensa,
541 1084 688 1139 unde
746 1093 977 1153 potuere
1027 1085 1193 1155 prisci
1269 1093 1490 1154 patres,
1568 1087 1869 1155 prophetae,

274 1177 486 1245 aliique
519 1176 695 1230 sancti
728 1176 832 1230 viri
865 1176 1169 1247 intelligere
1202 1176 1484 1231 Christum
1513 1177 1642 1231 olim
1678 1188 1874 1231 ventu-

275 1286 441 1336 rum;
479 1286 549 1323 ex
593 1284 771 1339 eaque
804 1284 863 1322 re
907 1278 1057 1324 tanto
1108 1267 1246 1323 δίἣοί
1272 1268 1519 1338 gaudio?
1555 1268 1798 1338 Denique
1827 1269 1873 1323 si

274 1364 345 1418 ita
373 1377 511 1417 cum
562 1362 672 1417 illis
721 1362 997 1417 haereticis
1030 1363 1324 1427 sentimus,
1373 1362 1620 1433 profecto
1666 1362 1719 1416 in
1774 1359 1871 1415 Ju-

260 1456 554 1512 .daismum
605 1455 941 1517 incidimus;
977 1456 1178 1527 quippe
1217 1456 1412 1521 Judaei,
1453 1463 1511 1510 ut.
1558 1456 1651 1526 qui
1701 1452 1875 1525 Spiri-

278 1559 366 1605 tus
416 1550 601 1605 sancti
655 1557 907 1619 expertes
959 1559 1125 1615 sunt,
1189 1550 1293 1604 alia
1350 1566 1512 1617 quam
1571 1549 1875 1619 corporalia

274 1659 579 1713 crassaque
606 1658 771 1697 sensa
814 1643 961 1697 nulla
992 1643 1420 1712 amplectuntur.
1464 1640 1667 1695 Verum
1704 1644 1879 1696 enim-

278 1752 412 1791 vero
437 1737 663 1791 arcanis
694 1737 861 1789 etiam
928 1736 1109 1790 modis
1171 1745 1337 1805 atque
1400 1735 1650 1805 mysticis
1704 1735 1878 1804 expli-

1970 532 2257 602 snspendit
2293 533 2365 588 ob
2396 535 2590 588 oculos
2614 532 2803 604 populi
2828 532 2894 599 ¹⁶,
2929 534 3073 587 idem
3097 532 3349 589 Christus
3382 536 3551 589 inter-

1972 631 2218 693 pretatur
2250 624 2478 694 mystice
2505 624 2570 677 de
2593 638 2692 679 sua
2721 638 2910 688 cruce,
2950 623 3080 677 dum
3112 624 3189 677 ait
3220 642 3233 678 :
3278 624 3551 690 Quemad-

1972 717 2188 770 modum
2242 718 2297 770 in
2332 718 2498 769 altum
2545 716 2764 771 sustulit
2799 717 2967 771 Moses
3017 727 3311 785 serpentem
3338 718 3394 770 in
3423 717 3557 771 solt-

1974 812 2193 875 tudine,
2233 810 2309 863 ita
2362 809 2693 863 excitabitur
2746 808 2918 863 Filius
2964 810 3193 863 hominis
3213 810 3277 862 ¹⁷.
3316 809 3555 864 Rursum

1972 917 2130 973 aquae
2151 902 2256 955 illa:
2290 901 2358 955 de
2386 902 2587 971 quibus
2613 916 2737 955 cum
2772 899 3121 956 Samaritana
3181 902 3410 957 muliere
3442 902 3579 955 cols

1974 997 2204 1065 loquens
2234 994 2356 1048 ait:
2392 997 2559 1064 Aquae
2604 1010 2733 1063 quas
2799 1011 2891 1063 ego
2947 995 3016 1047 do
3072 996 3142 1061 ei,
3175 995 3301 1063 ﬁent
3352 996 3407 1047 in
3445 996 3559 1060 ipso

1976 1088 2144 1158 fontes
2170 1090 2523 1141 scaturientes
2552 1088 2607 1140 in
2638 1088 2802 1140 vitam
2829 1097 3082 1142 wternam
3104 1087 3147 1119 ‘°
3168 1128 3182 1152 ,
3210 1103 3557 1160 nequaquam

1975 1181 2220 1252 profecto
2276 1190 2584 1253 corporale:
2641 1197 2820 1252 aqum,
2879 1184 2973 1236 sed
3031 1182 3275 1254 mysticae
3313 1183 3559 1237 fuerunt.

1978 1273 2221 1342 Denique
2279 1272 2483 1329 Paulus
2534 1288 2761 1343 quoque
2817 1276 3101 1344 apostolus
3155 1290 3361 1330 arcano
3393 1290 3558 1331 sensu

1979 1366 2371 1435 interpretatur
2414 1367 2551 1422 duas
2593 1367 2827 1421 Abrahae
2860 1382 3086 1433 uxores,
3113 1366 3305 1423 Saram
3335 1378 3389 1422 et
3415 1368 3561 1438 Aga-

1980 1474 2119 1524 rem,
2156 1460 2389 1514 duorum
2456 1460 2710 1528 inquiens
2756 1469 3209 1514 testamentorum
3256 1460 3379 1515 illas
3441 1474 3565 1516 esse

1995 1552 2278 1620 ﬁguras“.
2313 1549 2577 1606 Similiter
2611 1563 2822 1621 petram
2864 1552 3012 1605 illam
3050 1567 3172 1622 qua:
3198 1551 3566 1607 comitabatur

1984 1645 2283 1711 lsraelitas,
2329 1644 2806 1713 proinndebatque
2859 1644 2967 1697 illis
3021 1658 3192 1713 aquas
3244 1644 3296 1698 in
3351 1652 3565 1714 potum,

1986 1737 2220 1806 ﬁgurate
2275 1735 2516 1805 explicat
2549 1735 2771 1805 quando
2794 1735 2956 1801 ait",
3006 1750 3127 1789 eam
3157 1745 3363 1805 petram
3398 1734 3569 1789 fuisse

291 1830 498 1883 candos
540 1842 666 1881 esse
701 1842 894 1882 sacros
946 1827 1163 1893 Libros,
1212 1844 1276 1881 ex
1331 1827 1399 1881 iis
1432 1828 1727 1881 coniicitur
1757 1844 1875 1896 qum
1908 1802 1953 1861 Β
1982 1829 2284 1885 Christum.
2347 1827 2426 1882 Ex
2482 1828 2566 1883 his
2625 1828 2796 1898 igitur
2839 1827 3095 1881 omnibus
3147 1827 3406 1896 colligere
3460 1836 3568 1883 est.

306 1923 473 1976 modo
508 1921 852 1989 subjieimus.
902 1921 958 1974 Si
994 1922 1140 1976 enim
1189 1922 1334 1991 quod
1384 1922 1635 1992 capiendi
1674 1919 1873 1987 Judaei,

292 2015 459 2083 inque
491 2014 749 2068 exsilium
784 2014 1050 2078 ducendi,
1074 2014 1331 2083 quodque
1365 2028 1560 2069 rursus
1607 2013 1876 2067 liberandi

282 2106 697 2171 reducendique
747 2106 802 2160 in
836 2106 1069 2176 patriam
1117 2117 1302 2160 essent
1329 2122 1344 2171 ;
1369 2120 1490 2173 quae
1526 2106 1703 2175 rcipsa
1740 2120 1876 2159 con-

287 2199 567 2269 tingentes
623 2201 809 2270 iigura:
856 2198 1079 2253 l’ucrunt
1111 2214 1125 2251 :
1156 2198 1298 2268 jnssi
1354 2209 1484 2252 sunt
1514 2199 1683 2252 divini
1727 2207 1878 2252 vates

283 2292 480 2361 ﬁguris
510 2300 675 2360 atque
729 2291 873 2361 typis
907 2291 1236 2360 quibusdam
1274 2289 1595 2359 praedicere,
1650 2307 1759 2360 quo
1796 2292 1879 2344 vi-

281 2386 484 2441 delicet
540 2384 636 2440 Dei
691 2385 1036 2454 providentia
1093 2384 1207 2452 jam
1265 2393 1379 2438 tum
1427 2393 1823 2454 agnosceretur
1867 2401 1879 2438 :

282 2476 433 2530 sicut
481 2474 631 2544 apud
684 2473 1026 2529 Ezechielem
1068 2477 1133 2529 de
1162 2473 1430 2527 sumendo
1459 2472 1652 2537 latere,
1699 2473 1766 2527 de
1796 2472 1882 2526 di-

283 2566 539 2621 videndis
568 2566 753 2619 barha:
789 2576 845 2620 et
870 2566 1068 2636 capitis
1097 2566 1226 2636 pilis
1272 2573 1327 2619 et
1355 2565 1611 2619 cubando
1658 2565 1712 2617 in
1742 2564 1881 2617 lute-

284 2661 467 2725 ribus,
503 2660 687 2713 videre
742 2659 881 2725 est“;
937 2658 1069 2712 item
1124 2657 1267 2726 apud
1312 2657 1519 2711 Isaiam
1574 2656 1641 2711 de
1672 2656 1882 2711 amictu

288 2752 460 2815 sacci,
500 2754 683 2822 deque
734 2751 995 2805 nudanda
1045 2750 1357 2820 corpore';
1411 2758 1673 2818 praeterea
1738 2746 1883 2817 apud

288 2843 588 2901 Jeremiam
642 2844 711 2898 de
769 2843 902 2914 jugo
958 2853 1013 2898 et
1065 2841 1379 2907 vinculis“;
1445 2840 1685 2909 denique
1738 2838 1886 2909 apud

289 2934 490 2991 Oscam
525 2936 591 2990 de
620 2936 870 3005 ducenda
905 2949 1078 2989 uxore
1129 2934 1379 2988 adultera
1410 2942 1467 2986 et
1517 2932 1883 2997 meretrice’;

293 3037 458 3093 atque
485 3026 561 3079 ita
582 3025 648 3079 de
672 3024 798 3080 aliis
838 3024 1092 3095 plurimis
1117 3040 1239 3095 qua:
1272 3038 1421 3077 nunc
1454 3039 1561 3078 non
1598 3032 1680 3078 est
1707 3038 1888 3092 opera:

296 3120 537 3187 pretium
577 3133 905 3188 percensere
944 3135 959 3173 :
996 3130 1206 3188 quanto
1232 3118 1407 3187 inagis
1447 3125 1884 3172 consentaneum

296 3212 638 3281 putabimus,
692 3211 749 3264 in
796 3211 913 3280 iege
963 3220 1130 3280 atque
1176 3212 1459 3283 prophetis
1492 3210 1719 3282 mystice
1749 3208 1887 3279 ligno

297 3313 527 3375 rateque
595 3304 685 3357 illa
747 3304 1069 3358 admiranda
1126 3315 1294 3375 atque
1363 3303 1881 3375 praecellentissima

297 3411 478 3467 neque
511 3411 753 3463 unquam
798 3396 932 3449 satis
972 3396 1245 3449 laudanda
1280 3411 1445 3465 opera
1490 3410 1610 3465 quae
1646 3391 1885 3448 Verbum

297 3488 397 3544 Dei
454 3489 735 3553 Christus,
771 3487 901 3542 dum
943 3487 997 3542 in
1060 3504 1226 3543 carne
1280 3496 1551 3550 versatur,
1610 3486 1885 3556 patravit,

296 3596 535 3652 quaeque
566 3581 727 3636 nobis
759 3583 812 3635 in
849 3582 1057 3635 mundo
1087 3580 1179 3633 illo
1209 3580 1568 3649 sempiterno,
1597 3578 1755 3647 cujus
1793 3589 1889 3645 spe

297 3674 614 3732 certissima
632 3673 891 3739 fruimur,
911 3682 1173 3729 eventura
1193 3671 1466 3742 promisit,
1483 3685 1605 3725 esse
1628 3684 1887 3740 praenun-

297 3770 472 3824 tiata!
533 3768 617 3823 Ad
668 3768 793 3834 hoc,
845 3766 1257 3821 tabernaculum
1314 3764 1442 3818 illud
1492 3763 1690 3831 exiguo
1721 3760 1887 3815 dura-

304 3870 488 3916 turum
520 3868 801 3928 tempore,
844 3874 955 3928 quo
1009 3868 1210 3911 ornatu
1264 3868 1535 3925 corporeo
1589 3861 1739 3908 esset
1786 3868 1887 3906 ex-

306 3954 630 4007 struendum
660 3967 692 4005 a
724 3949 894 4017 Mose,
930 3965 1038 4004 non
1069 3959 1198 4003 ante
1239 3949 1292 4001 in
1324 3948 1447 4015 ipse
1478 3956 1665 4001 monte
1697 3945 1890 4015 mysti-

299 4046 380 4101 cis
410 4045 598 4101 modis
630 4044 735 4114 ipsi
774 4045 1096 4099 ostenderat
1123 4041 1302 4097 Deus!
1342 4041 1488 4095 Sane
1532 4054 1600 4095 eo
1636 4049 1890 4108 spectant

298 4142 468 4195 verba
491 4138 585 4193 illa
611 4154 755 4208 quae,
779 4148 1071 4207 postquam
1092 4136 1183 4189 ille
1202 4134 1581 4191 descendisset
1602 4134 1669 4187 de
1683 4142 1887 4196 monte,

294 4233 365 4286 ad
397 4234 580 4302 ipsum
630 4232 717 4285 hic
752 4230 1008 4295 faciebat,
1042 4230 1303 4300 inquiens
1339 4244 1353 4281 :
1394 4226 1577 4282 Videte
1618 4244 1682 4280 ac
1724 4227 1889 4295 facito

294 4330 485 4383 omnia
511 4326 583 4379 ad
605 4325 660 4378 id
679 4325 953 4395 exemplar
987 4325 1125 4394 quod
1160 4323 1257 4376 tibi
1287 4323 1344 4376 in
1377 4333 1554 4375 monte
1591 4322 1801 4375 ostendi
1823 4322 1887 4373 '°.

297 4420 447 4487 Quid
468 4417 744 4474 Gedeonis
776 4417 950 4473 vellus
967 4416 1054 4470 “'7
1080 4416 1221 4482 Quid
1253 4413 1434 4469 Elisaei
1466 4414 1662 4485 hydria
1683 4414 1771 4467 "Y
1796 4429 1894 4467 ana-

298 4530 412 4568 non
468 4520 668 4583 praeter
708 4511 857 4580 ipsas
900 4524 989 4564 res
1018 4524 1141 4579 quae
1191 4508 1518 4577 agebantur,
1557 4505 1662 4561 alia
1721 4508 1887 4560 etiam
1926 4529 1971 4586 ι)

300 4607 523 4662 seclusa
553 4605 609 4657 in
645 4602 781 4673 ipsis
808 4611 968 4656 erant
1007 4600 1213 4655 sensa?
1242 4599 1374 4668 quid
1406 4598 1674 4664 triticum,
1712 4598 1892 4668 palea,

300 4697 705 4761 ventilabrum,
723 4708 847 4766 quae
872 4702 1269 4749 commemorat
1289 4691 1534 4747 Joannes
1555 4690 1797 4761 Baptista
1814 4689 1895 4742 ⁸⁸2

306 4806 442 4847 num
474 4804 573 4860 pro
601 4790 738 4860 ipsis
770 4788 935 4843 rebus
962 4786 1455 4856 suntaccipienda,
1482 4798 1548 4839 ac
1581 4798 1691 4839 non
1717 4784 1899 4853 potius

315 4898 583 4938 arcanum
622 4882 755 4952 quid
788 4896 883 4952 per
913 4896 975 4935 ea
1033 4879 1345 4949 signiﬁcare
1366 4879 1460 4933 ille
1493 4877 1750 4945 volebat?
1766 4876 1898 4946 quin

315 4977 435 5047 ipse
461 4980 627 5032 etiam
665 4976 931 5031 Dominus
962 4984 1152 5029 noster
1204 4973 1281 5027 ait
1330 4972 1711 5053 Abrahamum
1742 4982 1899 5041 opta-

310 5075 459 5128 vissc
487 5082 541 5126 ut
577 5071 785 5126 videret
822 5054 968 5124 diem
1015 5069 1227 5139 ipsius,
1274 5082 1339 5123 ac
1379 5066 1582 5122 vidisse
1615 5067 1901 5138 gavisnm-

308 5181 416 5235 que
447 5164 665 5231 esse“;
699 5178 860 5237 quem
893 5172 1074 5219 tamen
1125 5163 1282 5217 aliter
1308 5161 1624 5232 prospicere
1655 5174 1764 5214 non
1802 5173 1901 5229 po-

312 5262 414 5314 tuit
486 5259 618 5331 ille,
683 5273 850 5329 quam
899 5272 998 5329 per
1035 5264 1220 5326 typum
1281 5270 1345 5310 ac
1384 5255 1675 5325 mysteria,
1740 5251 1901 5325 quale

309 5353 447 5408 illud
498 5348 611 5414 Iuit
639 5351 785 5421 quod
820 5352 990 5407 lilium
1028 5364 1187 5404 suum
1216 5348 1502 5403 immolare
1530 5342 1899 5416 jubebatur".

307 5460 372 5502 ea
404 5446 558 5501 enim
594 5446 814 5499 victima
848 5444 1054 5499 Christi
1095 5444 1239 5496 diem
1281 5442 1513 5512 ﬁgurate
1548 5439 1898 5495 oSIendehat.

385 5654 409 5685 '
442 5652 646 5708 Ezech.
679 5665 756 5713 Iv,
784 5651 839 5706 5.
914 5651 933 5681 ’
975 5649 1079 5704 lsa.
1104 5663 1196 5710 xx.
1226 5646 1282 5703 2.
1362 5646 1381 5678 ⁸
1420 5644 1622 5700 Jerem.
1668 5657 1839 5707 xxv",
1869 5642 1925 5697 2.

315 5741 475 5794 seqq.
554 5722 599 5754 “
631 5720 699 5776 iV
724 5721 857 5794 Reg.
887 5736 962 5794 iv_,
990 5720 1023 5794 _l
1073 5734 1228 5788 seqq.
1294 5720 1371 5794 [³
1410 5716 1620 5794 Matth._
1648 5732 1730 5781 ιιι,
1788 5715 1876 5794 ιῖλ

317 5797 358 5827 ’⁷
399 5790 565 5850 loan.
598 5809 657 5848 ιιι
684 5835 697 5856 ,
740 5790 827 5845 Ml
908 5790 950 5821 “'
982 5790 1143 5845 Joan.
1186 5806 1261 5854 Iv,
1288 5791 1375 5845 li.

703 5892 972 5950 l’smon.
1021 5887 1140 5949 Gn.
1185 5887 1333 5949 CXI.

1957 5714 1999 5745 ιδ
2027 5712 2189 5769 Joan.
2226 5726 2347 5777 vni.
2381 5710 2472 5766 56.

1461 5791 1501 5819 "
1528 5778 1811 5860 Galat.’|v,
1841 5785 1934 5841 2i.
2010 5785 2058 5817 '°
2105 5783 2282 5839 lCor.
2323 5798 2378 5849 ι,
2412 5783 2465 5839 Al.
2544 5780 2587 5814 “
2617 5778 2757 5837 Gen.
2794 5796 2811 5835 ι
2871 5780 2960 5833 Η.

1982 1918 2190 1974 Veteris
2255 1915 2590 1972 Testamenti
2656 1916 2826 1972 libros
2886 1931 2994 1970 non
3070 1915 3233 1971 modo
3286 1915 3353 1971 de
3405 1915 3575 1971 rebus

1982 2009 2141 2079 ἱρδίε,
2167 2022 2357 2064 verum
2387 2009 2549 2062 etiam
2585 2009 2813 2078 mystice
2835 2022 2899 2062 ac
2928 2007 3159 2077 ﬁgurate
3186 2016 3347 2076 atque
3368 2022 3569 2062 recon-

1984 2102 2286 2157 ditiorihus
2322 2102 2502 2157 modis
2535 2101 2883 2172 interpretari
2910 2100 3127 2157 debere.

2580 2194 2815 2251 CAPUT
2858 2193 2947 2250 ιν.

2059 2287 2192 2342 Utra
2218 2289 2546 2358 expositione
2576 2288 2797 2358 mystica
2831 2305 2893 2341 ne
2934 2305 3003 2342 an
3045 2288 3299 2345 historica
3348 2291 3414 2344 sit
3460 2292 3576 2360 pri-

1986 2397 2130 2434 mum
2172 2383 2603 2451 interpretandus
2645 2381 2957 2450 paradisus.
2999 2382 3265 2453 -—lgitur
3296 2398 3422 2438 cum
3472 2383 3567 2439 duo

1987 2476 2149 2547 plicis
2218 2475 2290 2531 sit
2349 2474 2685 2552 conditionis
2749 2475 3075 2545 paradisus,
3143 2484 3577 2532 consentaneum

1986 2568 2153 2621 etiam
2210 2574 2297 2621 est
2328 2576 2387 2620 ut
2421 2567 2623 2637 duplici
2662 2567 2826 2622 modo
2858 2567 3287 2638 interpretetur,
3346 2566 3579 2638 mystice

1987 2669 2043 2713 et
2072 2668 2368 2728 corporate
2402 2676 2416 2712 ε
2454 2658 2561 2713 hoc
2593 2668 2699 2725 est,
2738 2668 2799 2713 ut
2825 2666 2939 2713 tum
2969 2673 3059 2714 res
3085 2658 3216 2729 ipsa:
3247 2668 3583 2731 pertracten-

1991 2766 2103 2819 tur,
2135 2765 2251 2809 tum
2280 2770 2344 2824 ex
2374 2754 2539 2809 rebus
2565 2753 2821 2808 notiones
2852 2753 2974 2807 alia:
3008 2752 3167 2823 quasi
3208 2768 3305 2824 per
3347 2752 3579 2823 ﬁguram

1989 2846 2680 2917 intelligantur;caeterum
2730 2844 2823 2898 illa
2862 2844 3247 2913 interpretatio
3274 2860 3401 2899 cum
3450 2844 3580 2900 fun-

1989 2936 2253 2990 damento
2285 2943 2339 2988 et
2372 2933 2680 3004 parietibus
2708 2943 2854 2987 recte
2882 2931 3222 2987 conferatur.
3252 2932 3391 2987 Cum
3416 2933 3584 3004 igitur

1992 3039 2126 3082 tunc
2163 3026 2385 3081 demum
2433 3025 2578 3079 muri
2611 3024 2924 3079 immobiles
2956 3024 3268 3080 consistant
3307 3025 3399 3081 ubi
3455 3025 3583 3080 fun-

1993 3121 2251 3174 damenta
2302 3128 2431 3174 sunt
2467 3117 2658 3184 ﬁrma,
2695 3132 2758 3172 ac
2806 3117 3035 3188 proinde
3090 3117 3205 3172 haec
3234 3117 3389 3188 prius
3433 3117 3581 3187 jacta

1996 3226 2118 3267 esse
2143 3224 2310 3280 quam
2377 3209 2457 3264 illi
2511 3218 2867 3265 exstruuntur
2915 3217 3184 3279 oporteat,
3219 3209 3435 3264 tametsi
3487 3225 3583 3279 pa-

1997 3306 2184 3371 rietes,
2212 3319 2389 3374 eaque
2419 3318 2543 3374 qua:
2573 3312 2801 3373 paratus
2843 3303 3043 3357 aedium
3083 3301 3280 3367 forma,
3330 3303 3487 3373 prius
3524 3304 3579 3357 in

1997 3397 2185 3454 animo
2207 3405 2375 3468 atque
2408 3395 2743 3467 cogitatione
2785 3411 2817 3450 a
2868 3395 3029 3451 nobis
3057 3403 3353 3451 versentur
3416 3410 3582 3465 quam

1998 3491 2394 3557 fundamenta;
2455 3504 2763 3560 congruum
2815 3502 3037 3558 quoque
3076 3497 3181 3550 est,
3226 3497 3286 3544 ut
3324 3487 3393 3542 de
3424 3487 3588 3543 rebus

1998 3580 2139 3650 ipsis
2212 3578 2596 3650 interpretatio
2655 3577 2807 3648 prior
2856 3577 3265 3644 constituatur;
3311 3590 3446 3647 quo,
3478 3577 3585 3631 hac

1999 3671 2195 3726 deinde
2226 3685 2326 3726 ceu
2384 3670 2764 3736 fundamento,
2809 3670 3042 3739 mystica
3096 3668 3185 3722 illa
3242 3676 3590 3725 sustentetur

2000 3762 2337 3832 uitaturque.

2626 3852 2857 3909 CAPUT
2904 3851 2971 3906 V.

2072 3945 2324 4011 Quotidie
2348 3945 2483 3997 inter
2509 3943 2631 3998 illos
2659 3958 2750 3997 sex
2777 3944 2892 3997 dies
2923 3942 3115 4010 quibus
3161 3941 3402 3997 condidit
3443 3943 3585 3998 Deus

2000 4038 2133 4091 hanc
2156 4037 2529 4106 aspectabilem
2547 4038 2851 4091 machinam
2879 4036 3203 4090 sitconditus
3226 4045 3383 4107 atque
3406 4038 3589 4092 consi-

2002 4140 2087 4186 tus
2127 4129 2430 4200 paradisus.
2461 4160 2521 4169 —-
2560 4130 2833 4184 Cancrum
2872 4127 3052 4184 Moses
3096 4129 3312 4192 scribit,
3349 4138 3443 4184 se‘x
3478 4130 3592 4184 dic-

2000 4220 2403 4277 buscreavisse
2430 4219 2603 4275 Deum
2649 4220 2793 4276 hanc
2822 4221 3140 4275 machinam
3172 4222 3587 4290 aspectabilcm.

2005 4317 2188 4371 Primo
2215 4314 2364 4370 enim
2419 4313 2737 4369 condidisse
2789 4313 3035 4381 caelum,
3098 4321 3326 4380 terram,
3377 4316 3591 4382 lucem;

2002 4409 2267 4472 secundo,
2314 4405 2521 4462 aethera
2572 4419 2687 4460 sive
2740 4404 3591 4472 ﬁrmamentum;tertio,arbo-

2004 4517 2111 4566 res,
2145 4500 2368 4565 herbas,
2396 4500 2653 4563 semina;
2684 4508 2908 4567 quarto,
2963 4500 3161 4565 solem,
3218 4498 3428 4565 lunam,
3462 4501 3594 4555 stel-

2003 4596 2197 4665 lasque
2233 4602 2494 4659 caeteras;
2533 4593 2750 4665 quinto,
2784 4606 2914 4647 aves
2969 4607 3096 4646 aera
3123 4601 3495 4662 peragrantes.
3538 4606 3594 4648 et

2006 4690 2185 4760 pisces
2222 4704 2320 4759 per
2365 4700 2518 4741 mare
2549 4695 2822 4749 natantes,
2850 4700 2910 4739 ac
2944 4685 3095 4739 humi
3124 4699 3347 4757 quoque
3391 4700 3591 4756 repen-

2005 4794 2086 4840 tes
2113 4784 2421 4838 animantes
2446 4799 2458 4841 :
2486 4790 2668 4846 sexto,
2705 4780 2873 4845 feras,
2911 4786 3339 4848 mansuetasque
3366 4778 3594 4841 bestias,

2006 4886 2225 4932 necnon
2284 4876 2553 4930 Adamum
2615 4883 2668 4927 et
2732 4871 2924 4925 Evam.
2981 4870 3050 4925 At
3109 4870 3430 4941 paradisum
3470 4880 3596 4925 esse

2007 4971 2230 5040 quidem
2291 4984 2321 5023 a
2374 4967 2483 5024 Deo
2538 4967 2817 5023 consitum
2860 4973 3278 5032 commemorat,
3340 4963 3437 5020 sed
3482 4978 3591 5020 non

2008 5072 2178 5135 quoto
2212 5063 2299 5117 die
2336 5081 2351 5119 :
2394 5076 2496 5117 nos
2532 5069 2714 5115 tamen
2749 5058 2910 5113 tertio
2954 5066 3009 5114 ct
3037 5056 3344 5124 conditum,
3374 5064 3430 5113 et
3458 5071 3592 5114 con-

2004 5161 2173 5213 situm
2201 5162 2325 5213 esse
2352 5172 2417 5212 es
2458 5156 2529 5212 iis
2558 5155 2742 5210 verbis
2782 5166 2906 5224 qua
2940 5153 3009 5208 de
3052 5153 3172 5224 ipso
3206 5153 3351 5224 apud
3388 5151 3597 5208 Musam

2009 5252 2281 5308 habentur
2310 5290 2325 5317 ,
2386 5248 2793 5319 intelligimus:
2837 5246 2913 5303 ait
2969 5243 3118 5301 enim
3154 5245 3364 5301 dixisse
3421 5242 3597 5300 Deum

2008 5345 2097 5397 die
2130 5342 2332 5400 tertio:
2364 5339 2641 5395 Producat
2669 5347 2816 5395 terra
2853 5337 3053 5393 herbas
3082 5337 3473 5408 germinantes,
3513 5348 3600 5391 se-

2009 5436 2283 5505 minisque
2313 5433 2525 5491 feraces
2552 5435 2605 5490 in
2632 5446 2735 5490 suo
2760 5438 2954 5501 genere
2974 5432 3040 5483 ".
3073 5430 3182 5487 Nec
3234 5447 3338 5486 non
3372 5430 3602 5485 arbores

2038 5644 2060 5675 ’
2094 5632 2231 5696 Dsee
2262 5656 2300 5705 ι,
2329 5640 2381 5694 l.
2498 5639 2542 5671 ¹⁰
2582 5635 2926 5705 Exod.‘x'xv,
2973 5636 3061 5693 40.
3143 5638 3181 5668 ¹¹
3213 5634 3391 5690 Jndic.
3420 5648 3493 5699 vi,
3531 5632 3602 5705 ἴα

2580 5710 2623 5740 ’⁵
2652 5707 2790 5766 Gen.
2834 5704 2969 5772 xxn,
2999 5709 3055 5762 2.
3133 5708 3175 5738 "
3203 5707 3339 5761 Num
3396 5718 3505 5760 nl.
3544 5704 3600 5761 9.

3175 5874 3247 5937 16
