4086 6452
486 325 585 390 491

1781 317 2012 379 MOSIS
2052 318 2206 377 ΒΑΗ
2247 314 2495 378 CEPHA

3662 314 3781 382 432

488 446 798 502 fructiferas
846 442 933 499 sui
993 455 1241 512 quasque
1275 439 1492 512 generis
1525 476 1539 504 ,
1609 445 1715 493 etc.
1778 436 2075 491 Paradisus
2103 448 2147 504 Α
2177 424 2429 491 Profecto
2462 435 2586 489 dico
2614 434 2734 501 tibi,
2774 435 2945 489 Hodie
2972 437 3078 490 eris
3117 451 3315 491 mecum
3348 437 3401 490 in
3434 437 3687 507 paradiso
3702 444 3781 488 ’⁸ο

490 547 672 610 itaque
703 547 829 591 ante
875 534 1143 589 Adamum
1177 532 1430 589 conditus
1463 541 1548 586 est
1588 541 1643 586 ct
1683 529 1846 585 veluti
1876 543 2081 599 sponso

489 636 769 687 tlialamus
791 646 819 684 a
872 628 982 683 Deo
1011 633 1351 698 praeparatus
1395 634 1560 695 atque
1589 623 1915 680 instructus.
1940 621 2080 677 Nam

490 723 637 793 quod
666 721 843 776 Moses
864 720 1104 790 paradisi
1154 716 1361 774 conditi
1416 717 1745 771 mentionem
1775 724 1902 786 post
1923 730 2079 770 crea-

492 827 604 870 tum
632 814 903 869 Adamum
942 810 1091 878 facit,
1117 811 1238 867 ideo
1271 811 1349 875 ﬁt,
1375 809 1518 879 quod
1561 809 1628 864 ad
1665 808 1902 863 nondum
1949 806 2084 862 satis

492 910 819 980 explicatam
883 907 953 963 de
1004 906 1262 978 paradiso
1309 906 1526 961 consito
1561 905 1929 960 narrationem
1975 902 2081 959 sibi

498 997 901 1060 revertendum,
934 1011 1165 1066 eamque
1206 995 1594 1051 absolvendam
1647 995 1900 1065 putavit,
1959 1008 2069 1047 non

496 1095 682 1140 autem
727 1085 886 1155 quasi
924 1084 1015 1140 ille
1067 1094 1190 1156 post
1227 1085 1512 1139 conditum
1571 1084 1845 1139 Adamum
1903 1081 2081 1138 lactus

494 1177 583 1233 sit.

1099 1268 1328 1327 CAPUT
1378 1270 1465 1324 Vl.

564 1362 737 1429 Quam
787 1362 851 1418 ob
910 1378 1132 1417 causam
1187 1362 1491 1418 condiderit
1554 1362 1693 1416 Deus
1769 1361 2119 1431 paradisum'

492 1471 825 1527 corporeum.
876 1487 947 1496 —
996 1454 1188 1527 Neque
1247 1465 1378 1512 vero
1432 1455 1661 1511 dubium
1701 1463 1786 1510 est
1839 1457 1971 1526 quin
2030 1464 2085 1509 et

418 1562 423 1566 ‘
492 1548 890 1603 colioucstandi
933 1557 988 1603 et
1038 1549 1319 1618 voluptate
1351 1547 1621 1603 alliciendi
1674 1547 1868 1601 Adami
1908 1546 2082 1617 gratia

497 1635 638 1692 Deus
668 1637 983 1706 paradisum
1022 1636 1366 1703 condiderit,
1417 1648 1475 1690 ut
1503 1636 1595 1704 qui
1639 1635 1793 1689 illum
1823 1635 1926 1690 sibi
1964 1650 2085 1689 ma-

488 1728 610 1797 jore
659 1745 793 1783 cura
844 1728 1142 1799 studioque
1185 1727 1628 1798 prosequendum
1687 1729 1866 1795 duxit,
1917 1743 2082 1798 quam

2186 528 2304 585 Non
2336 543 2518 586 autem
2550 530 2692 586 dixit
2723 530 2776 584 in
2812 533 2972 596 t-(elo,
3007 530 3134 601 quia
3173 546 3349 601 neque
3395 530 3512 600 ipsa
3561 530 3782 588 Domini

2185 621 2368 675 anima
2405 621 2589 691 (simul
2639 630 2805 689 atque
2842 634 2870 671 a
2923 634 3157 689 corpore
3190 617 3491 673 dissociata
3522 617 3628 690 est)
3658 633 3779 675 cce-

2186 713 2298 767 lum
2350 713 2709 778 conscendit,
2774 714 2867 767 Sed
2927 713 3016 766 die
3082 711 3245 766 tertio
3303 725 3523 766 rursum
3576 726 3784 780 corpus

2187 804 2359 860 subiit
2410 819 2588 875 neque
2617 804 2761 858 latro
2791 818 3011 872 quoque
3036 818 3103 857 eo
3138 803 3227 857 die
3272 801 3329 856 in
3361 802 3562 858 ctelum
3602 804 3785 872 potuit

2187 893 2438 957 evadere,
2461 909 2587 949 cum
2618 893 2768 948 dicat
2801 891 3057 950 Christus
3079 894 3359 947 neminem
3384 895 3788 951 conscendisse

2186 986 2241 1040 in
2269 985 2468 1041 malum
2520 994 2715 1055 praeter
2770 999 2899 1040 cum
2933 985 3024 1056 qui
3077 986 3451 1041 descendisset
3497 986 3565 1041 dc
3612 986 3789 1048 ctelo.

2186 1076 2383 1132 Filium
2446 1078 2710 1143 liomiuis,
2764 1079 2858 1148 qui
2910 1086 3060 1133 esset
3098 1078 3152 1132 in
3183 1077 3406 1132 coelo“.
3437 1076 3564 1130 Fuit
3613 1079 3792 1146 igitur

2187 1171 2508 1241 paradisus,
2540 1188 2650 1226 non
2691 1173 2746 1226 in
2777 1173 2940 1238 cmlo,
2965 1171 3062 1226 sed
3108 1170 3163 1225 in
3192 1172 3374 1226 terris.
3406 1169 3633 1242 Insuper
3648 1188 3794 1226 cur-

2190 1277 2397 1335 poratze
2432 1264 2662 1321 arbores
2687 1302 2702 1331 ,
2736 1266 2928 1336 quales
2980 1280 3170 1320 revera
3209 1267 3262 1318 in
3306 1265 3562 1334 paradiso
3597 1274 3790 1319 exsta-

2189 1358 2322 1414 bant
2350 1374 2414 1413 ex
2447 1359 2598 1430 ligno
2628 1368 2924 1426 concretae,
2950 1375 2980 1413 ρ
3009 1368 3153 1413 terra
3178 1367 3310 1414 salte
3335 1358 3625 1428 pullulant,
3672 1371 3790 1413 non

2187 1461 2371 1507 autem
2431 1467 2601 1523 supra
2660 1452 2858 1509 ccelum
2917 1461 3241 1506 nascuntur.
3282 1448 3529 1521 Denique
3560 1449 3791 1505 Patrum

2187 1543 2535 1612 auctoritate,
2557 1544 2644 1600 cui
2670 1544 2801 1599 ﬁdes
2824 1544 3007 1612 negari
3033 1548 3140 1597 no‘n
3166 1550 3365 1611 potest,
3382 1543 3516 1597 satis
3530 1556 3794 1611 compro-

2188 1633 2351 1690 batur
2378 1643 2698 1691 terrcstrem
2751 1633 2920 1691 fuisse
2956 1634 3295 1704 paradisum.
3337 1633 3472 1687 Nam
3519 1632 3789 1688 dominus

2189 1729 2431 1786 Joannes
2463 1728 2521 1784 in
2551 1745 2613 1784 ea
2644 1729 2897 1784 oratione
2925 1743 3032 1798 qua
3075 1727 3303 1782 disserit
3334 1741 3435 1781 cur
3487 1726 3655 1781 arbor
3694 1726 3787 1780 illa

496 1820 659 1875 ullam
712 1836 893 1875 rerum
946 1830 1267 1876 caeterarum
1299 1835 1622 1891 quat-super
1657 1828 1855 1875 terram
1882 1828 2088 1876 essent.
2120 1814 2165 1870 Β
2195 1824 2269 1880 sit
2333 1831 2526 1878 vocata
2584 1822 2831 1879 scientia
2874 1822 3002 1876 boni
3034 1829 3090 1876 et
3132 1820 3287 1886 mali,
3325 1819 3518 1876 scribit
3557 1820 3613 1873 in
3641 1820 3790 1874 hanc

498 1912 667 1982 Igitur
729 1911 1196 1982 quemadmodum
1261 1912 1592 1981 impensiore
1640 1913 1819 1981 ipsum
1870 1911 2083 1967 honore

495 2020 659 2073 quam
688 2003 828 2059 alias
868 2019 960 2060 res
986 2019 1014 2058 a
1052 2018 1114 2060 se
1138 2012 1356 2059 creatas
1382 2003 1665 2068 aﬁecerat,
1709 2003 1791 2058 sic
1816 2001 1934 2059 suis
1967 2002 2084 2073 ipse

497 2097 773 2163 manibus,
812 2106 980 2169 atque
1020 2097 1087 2154 ad
1122 2112 1277 2154 suam
1309 2096 1605 2167 imaginem
1635 2096 1789 2152 illum
1817 2095 2081 2162 condere,

495 2201 551 2243 et
579 2189 834 2259 paradiso
873 2188 1041 2245 veluti
1081 2188 1365 2245 domicilio
1399 2205 1510 2260 prae
1566 2189 1781 2245 caeteris
1805 2188 2084 2245 honorare

496 2280 688 2336 voluit.
755 2280 943 2351 Itaque
995 2280 1176 2335 locum
1239 2279 1291 2334 ei
1354 2279 1649 2335 destinavit
1685 2287 1739 2334 et
1796 2278 2087 2334 consuevit

496 2372 934 2439 ornatissimum,
968 2369 1577 2442 magniﬁcentissimum
1606 2411 1622 2436 ,
1657 2369 2087 2439 voluptuosissi-

495 2478 672 2529 mum,
698 2473 754 2519 et
787 2464 859 2521 ob
888 2478 1166 2519 summam
1207 2462 1535 2535 elegantiam
1590 2463 2088 2534 pulchritudinem-

496 2569 604 2627 que
655 2554 894 2610 maxime
953 2555 1328 2626 cspetibilem,
1384 2555 1438 2608 in
1476 2568 1587 2624 quo
1631 2555 1722 2610 ille
1774 2562 2090 2611 versaretur

500 2645 924 2718 liabitaretque:
959 2660 1138 2717 neque
1187 2643 1437 2716 permisit
1474 2654 1535 2698 ut
1579 2657 1901 2700 taeterorutn
1936 2658 2091 2700 more

497 2738 861 2794 animantium
895 2780 909 2804 ,
948 2752 1070 2810 qua:
1125 2737 1336 2792 ratione
1393 2745 1612 2798 vacant,
1668 2744 1869 2792 terram
1919 2735 2088 2806 depa-

494 2841 677 2888 sceret
689 2872 700 2883 .

1105 2923 1336 2980 CAPUT
1373 2922 1483 2980 Vll.

569 3019 647 3073 De
679 3016 955 3088 paradiso,
991 3032 1148 3086 super
1189 3028 1413 3083 terram,
1454 3034 1523 3071 an
1578 3018 1635 3071 in
1683 3016 1811 3073 corio
1839 3016 2086 3074 exsistat.

494 3137 569 3155 ---
596 3113 736 3167 Sunt
762 3111 855 3180 qui
910 3111 964 3165 in
1013 3111 1149 3166 caelo
1205 3110 1520 3182 paradisum
1569 3124 1693 3165 esse
1750 3119 1963 3180 putent,
2022 3125 2089 3165 co

2190 1916 2515 1975 sententiam
2550 1934 2565 1972 :
2594 1915 2653 1971 Si
2684 1929 2926 1986 regnum
2958 1916 3084 1971 (εωιί
3111 1914 3367 1984 promisit
3402 1912 3561 1968 nobis
3594 1911 3788 1966 Domi-

2193 2025 2300 2068 nus
2352 2018 2564 2076 noster,
2633 2010 2904 2065 latronem
2934 2026 3067 2065 vero
3125 2009 3180 2063 in
3243 2007 3560 2080 paradisum
3620 2007 3789 2063 modo

2193 2103 2469 2170 subvexit,
2530 2117 2668 2159 sane
2718 2101 3011 2158 conﬁcitur
3059 2118 3167 2157 non
3203 2101 3547 2158 satisfecisse
3598 2100 3778 2170 ipsum

2193 2194 2416 2250 latroni.
2474 2196 2612 2249 Item
2662 2192 2926 2250 dominus
2986 2191 3247 2259 Severus,
3301 2193 3554 2250 oratione
3582 2192 3674 2259 $2,
3711 2200 3781 2247 de

2193 2285 2478 2359 Epitronio
2500 2286 2583 2343 sic
2612 2286 2806 2343 scribit
2840 2303 2855 2340 :
2882 2286 2957 2342 Ea
2980 2301 3104 2357 quae
3131 2286 3290 2343 nobis
3320 2286 3591 2356 psomissa
3628 2295 3786 2350 sunt,

2191 2378 2371 2447 ipsum
2412 2386 2539 2434 sunt
2563 2379 2689 2435 οωιί
2742 2393 3009 2450 regnum;
3041 2394 3150 2434 non
3183 2387 3369 2434 autem
3392 2394 3513 2442 quae
3540 2378 3595 2432 in
3620 2393 3789 2447 para-

2191 2472 2313 2528 diso
2351 2472 2690 2543 percipiatur
2717 2471 2991 2543 voluptas.
3048 2471 3209 2526 Aliud
3245 2470 3413 2542 igitur
3442 2471 3791 2541 paradisum,-

2192 2565 2342 2621 aliud
2386 2580 2619 2634 regnum
2667 2565 2895 2621 caeleste
2929 2579 3072 2628 esse,
3105 2564 3286 2635 palam
3327 2563 3541 2618 faciunt
3592 2564 3646 2617 bi
3678 2563 3788 2616 Pa-

2192 2666 2326 2714 tres.
2365 2657 2655 2714 Postremo
2711 2657 2973 2728 Ephrem,
3003 2657 3058 2712 in
3105 2672 3172 2711 eo
3206 2657 3368 2722 libro,
3395 2672 3507 2726 quo
3539 2657 3789 2726 paradisi

2197 2749 2572 2806 conditionem
2604 2751 2944 2820 exsequitur,
2990 2750 3197 2804 diserte
3237 2749 3436 2804 asserit
3459 2758 3788 2804 terrestrem

2193 2858 2338 2900 esse.
2371 2841 2541 2915 Igitur
2572 2843 2924 2915 perspicuum
2957 2852 3041 2899 est
3074 2843 3142 2897 in
3178 2842 3341 2897 terris
3384 2857 3509 2897 esse
3565 2843 3793 2913 paradi-

2191 2950 2337 3001 sum,
2374 2950 2485 2991 non
2520 2936 2573 2990 in
2603 2937 2768 2991 cmlo.

2798 3072 3034 3130 CAPUT
3080 3071 3217 3127 Vill.

499 3205 647 3275 quod
713 3204 872 3259 divus
952 3201 1154 3259 Paulus
1212 3202 1492 3273 apostolus
1544 3203 1613 3257 de
1675 3203 1857 3274 seipse
1919 3201 2085 3269 dicat,
2117 3173 2162 3233 θ
2266 3207 2456 3267 Utrum
2508 3210 2797 3280 paradisus
2843 3213 2901 3263 in
2951 3210 3048 3264 hoc
3083 3219 3353 3265 terrarum
3399 3217 3576 3263 tractu
3632 3224 3789 3278 quem

498 3307 714 3368 raptum
749 3295 1005 3351 sciuisse
1060 3297 1113 3350 in
1172 3296 1391 3351 tertium
1451 3295 1672 3361 coelum,
1705 3297 1841 3351 etin
1874 3295 2091 3367 paradi-

499 3405 621 3445 sum
641 3390 726 3454 ”;
772 3404 951 3458 neque
980 3386 1123 3441 enim
1158 3388 1261 3442 hoc
1290 3387 1638 3457 adiecturum
1671 3386 1865 3454 fuisse,
1899 3388 2088 3459 nisi_in

498 3482 640 3537 caelo
690 3490 835 3536 esset
870 3479 1180 3550 paradisus.
1225 3477 1422 3533 Verum
1479 3495 1580 3534 nos
1618 3479 1686 3534 ad
1738 3495 1805 3535 ea
1853 3495 2090 3552 respon-

498 3577 716 3643 demus,
742 3576 852 3629 duo
901 3574 1070 3629 fuisse
1094 3574 1210 3629 visa
1244 3572 1333 3628 illa
1368 3573 1423 3628 in
1482 3588 1619 3643 quaa-
1650 3572 1853 3630 Paulus
1903 3584 2091 3646 raptus

500 3680 652 3736 erat;
688 3682 795 3723 non
851 3667 1092 3733 unicum,
1142 3682 1273 3722 cum
1314 3666 1469 3737 ipsus
1500 3666 1650 3721 dicat
1692 3684 1710 3721 :
1764 3664 1980 3721 Veniam
2019 3666 2090 3721 ad

498 3762 615 3817 visa
643 3773 801 3832 atque
839 3760 908 3815 ad
950 3759 1334 3831 patefactiones
1376 3758 1691 3825 Domini”;
1744 3774 1853 3815 non
1906 3767 2088 3815 autem

503 3855 571 3910 ad
609 3855 785 3910 visum
831 3864 885 3909 et
913 3853 979 3906 ad
1014 3852 1459 3924 patefactionem.
1512 3847 1698 3923 Neque
1736 3866 1865 3905 vero
1895 3851 2093 3905 desunt

501 3949 667 4007 etiam
696 3947 857 4003 nobis
892 3948 1188 4015 Scriptum
1221 3944 1325 4001 loci
1351 3945 1553 4014 quibus
1581 3943 1974 3999 convincamus
2001 3942 2091 3998 di-

502 4055 691 4114 versas
740 4038 913 4094 fuisse
942 4037 1081 4093 duas
1140 4037 1260 4093 illas
1317 4036 1740 4107 patefactiones;
1808 4042 1863 4091 et
1909 4035 2094 4106 priore

502 4130 725 4201 quidem
761 4130 813 4184 in
848 4128 1074 4194 ccelum,
1117 4128 1288 4183 altera
1320 4143 1450 4183 vero
1494 4128 1548 4182 iu
1578 4126 1893 4197 paradisum
1924 4125 2094 4182 fuisse

506 4222 780 4278 sublatum
826 4221 1082 4275 Paulum.
1114 4217 1227 4276 Nos
1270 4219 1441 4290 igitur
1493 4233 1658 4289 super
1714 4226 1914 4274 terram
1970 4233 2095 4274 esse

505 4313 821 4395 paradisum
847 4313 1166 4377 statuimus,
1201 4311 1368 4382 idque
1409 4311 1494 4367 his
1536 4312 1878 4382 argumentis
1917 4310 2096 4367 :Con-

510 4417 707 4474 servat,
775 4406 975 4477 inquit,
1034 4404 1296 4460 Dominus
1346 4405 1487 4460 Deus
1513 4405 1827 4475 paradisum
1853 4406 1912 4463 in
1941 4405 2093 4463 Eden

506 4504 573 4557 ab
630 4498 895 4565 initio“;
942 4497 1060 4555 sive
1104 4497 1313 4568 pridem
1360 4515 1376 4554 :
1410 4497 1559 4553 Eden
1592 4512 1722 4554 vero
1760 4498 1944 4556 locum
2000 4516 2094 4554 vo-
2128 4540 2172 4595 υ

506 4609 667 4656 casse
702 4591 941 4657 videtur,
995 4608 1101 4646 non
1128 4591 1222 4663 qui
1257 4602 1425 4661 supra
1454 4591 1654 4647 coelum
1696 4600 1862 4658 esset,
1914 4593 2008 4649 sed
2038 4594 2093 4647 in

507 4685 693 4743 terris.
747 4683 1015 4740 Prmterea
1052 4682 1194 4739 idem
1231 4681 1413 4738 Moses
1445 4680 1678 4737 afﬁrmat
1702 4692 1944 4754 quatuor
1990 4682 2094 4739 ilu-

506 4777 657 4834 mina
672 4791 705 4832 e
728 4773 986 4847 paradiso
1014 4770 1381 4844 proﬂuxisse,
1397 4771 1709 4843 Tigridem,
1734 4773 2093 4844 Euphratem,

506 4871 841 4934 G-iboueum,
869 4878 926 4924 et
961 4858 1266 4923 Pbisonem'
1306 4884 1321 4919 :
1358 4881 1480 4937 qua:
1533 4866 1580 4922 si
1614 4880 1648 4921 e
1690 4867 1831 4923 cmlo
1870 4866 2094 4937 delapsa

505 4970 711 5031 essent,
734 4971 1094 5018 excavassent
1120 4959 1307 5029 utique
1339 4968 1503 5030 atque
1534 4970 1689 5017 vasto
1720 4961 1890 5017 halitu
1916 4963 2092 5033 ipsam

508 5069 713 5114 terram
742 5055 1111 5125 aperuissent,
1145 5051 1347 5123 quippe
1375 5069 1498 5124 quae
1515 5055 1792 5111 sustinere
1813 5056 2094 5125 nequivis-

506 5162 601 5208 set
617 5146 817 5206 molem
851 5157 1083 5213 tantam,
1111 5157 1317 5217 quanta
1370 5162 1528 5218 aqua:
1566 5162 1633 5203 ex
1679 5147 1802 5204 loco
1848 5158 1958 5204 tam
1998 5164 2092 5204 su-

504 5247 663 5304 blimi
692 5243 997 5316 praecipites
1031 5240 1360 5314 (etquidem
1407 5241 1524 5297 dies
1562 5252 1862 5314 noctesque
1910 5245 2092 5299 comis

506 5349 680 5397 nuato
694 5339 887 5405 cursu)
920 5335 1129 5405 absque
1152 5335 1263 5389 ulla
1287 5334 1702 5391 intermissione
1730 5335 1902 5406 ipsam
1937 5352 2094 5406 pres-

500 5434 739 5499 sissent,
773 5444 947 5500 quare
979 5443 1010 5483 e
1042 5436 1185 5482 terra
1214 5440 1578 5498 promanasse
1601 5426 1691 5482 illa
1738 5425 1962 5482 numina
1996 5443 2093 5483 nc-

503 5543 661 5586 cesse
688 5532 793 5590 est,
825 5531 879 5579 et
909 5522 1137 5593 proinde
1173 5519 1492 5592 paradisum
1526 5536 1746 5592 quoque
1780 5530 2096 5578 terrestrem

499 5622 695 5677 tuisse.
731 5617 813 5671 Ad
848 5615 962 5671 haec
1014 5612 1282 5671 Dominus
1318 5622 1507 5670 noster
1549 5614 1626 5670 ait
1668 5613 1737 5669 ad
1779 5613 2051 5672 latronem
2082 5634 2097 5671 :

2198 3317 2292 3357 nos
2323 3301 2611 3356 incolimus
2640 3302 2942 3368 exsisteret,
2969 3318 3038 3355 an
3065 3302 3121 3355 in
3146 3302 3254 3356 alio
3282 3301 3553 3371 quopiam.
3577 3299 3787 3355 —.|atn

2194 3406 2325 3449 vero
2358 3402 2716 3464 posteaquam
2761 3394 3110 3448 ostendimus
3138 3394 3192 3446 iu
3229 3392 3388 3447 terris
3425 3391 3594 3447 fuisse
3621 3406 3790 3462 para-

2195 3484 2374 3541 disum
2405 3524 2421 3548 ,
2475 3485 2845 3556 indagandum
2909 3486 3068 3541 nobis
3118 3493 3419 3555 superest,
3474 3500 3544 3538 an
3604 3484 3658 3537 in
3700 3483 3791 3538 bis

2197 3587 2469 3634 terrarum
2537 3578 2853 3648 regionibus
2925 3594 3062 3648 quas
3138 3592 3240 3633 nos
3296 3575 3553 3633 mortales
3609 3575 3789 3630 habeo

2196 3683 2358 3734 mus,
2388 3683 2458 3724 an
2521 3670 2576 3724 in
2612 3669 2733 3725 aliis
2784 3670 3113 3738 quibusdam
3159 3668 3450 3724 exstiterit.
3513 3667 3783 3722 (laterum

2197 3762 2492 3817 statuimus
2524 3772 2725 3816 terram
2775 3777 2940 3817 unam
2971 3760 3196 3817 omnino
3232 3775 3377 3824 esse,
3409 3768 3571 3831 atque
3613 3758 3784 3814 unius

2197 3853 2509 3909 universam
2549 3854 2904 3925 ejusdemque
2951 3863 3199 3919 naturae;
3234 3868 3469 3924 eamque
3500 3863 3697 3906 terram
3729 3850 3789 3905 in

2196 3959 2304 4015 qua
2335 3944 2624 4015 paradisus
2654 3945 2974 4010 exsistebat,
3001 3946 3272 4001 diversam
3321 3944 3544 4013 quidem
3561 3958 3686 3998 esse
3719 3944 3794 3998 ab

2198 4036 2302 4092 hac
2336 4048 2546 4105 nostra,
2582 4055 2768 4093 verum
2801 4056 2907 4094 non
2942 4039 3389 4109 naturaipsaque
3413 4038 3500 4095 sui
3524 4036 3792 4103 materia,

2197 4128 2296 4184 sed
2329 4130 2554 4186 raritate
2580 4139 2637 4184 et
2652 4130 3024 4186 densitudiue.
3054 4129 3372 4186 Dividamus
3398 4129 3566 4201 igitur
3583 4136 3796 4185 terram

2197 4219 2252 4276 itt
2283 4220 2422 4277 duas
2448 4223 2719 4278 maximas
2775 4231 2993 4294 partes,
3044 4237 3277 4292 quarum
3324 4224 3495 4278 altera
3546 4221 3800 4291 paradisi

2199 4321 2373 4379 terra,
2391 4314 2565 4369 altera
2593 4324 2749 4370 estra
2779 4314 3096 4384 paradisum
3133 4322 3359 4369 vocetur
3390 4312 3520 4371 :illa
3548 4312 3798 4381 subtilis,

2197 4402 2434 4467 sincera,
2458 4419 2612 4474 pura,
2641 4404 2756 4459 lucc
2776 4419 2898 4474 quas
2917 4420 2947 4457 a
2968 4403 3125 4458 nobis
3144 4403 3361 4469 colitur,
3384 4416 3592 4467 crassa,
3617 4413 3803 4459 litate-

2197 4496 2356 4563 riata,
2377 4496 2611 4568 impura,
2629 4497 2861 4552 confusa
2894 4497 2987 4551 sit.
3006 4493 3126 4549 Jam
3157 4509 3286 4551 vero
3309 4494 3585 4563 concipito
3604 4496 3800 4550 animo

2205 4600 2299 4647 tuo
2319 4591 2487 4646 hasce
2504 4602 2743 4660 quatuor
2765 4606 2852 4645 res
2874 4607 2886 4644 :
2911 4589 3117 4645 coelum
3139 4589 3403 4660 superius
3424 4587 3557 4642 illud
3583 4588 3801 4659 spiriti-

2202 4686 2305 4744 bus
2321 4684 2635 4756 angelisque
2664 4682 3069 4753 frequentatum
3091 4700 3107 4749 ;
3127 4682 3324 4738 deinde
3342 4681 3489 4754 quod
3524 4682 3618 4738 illo
3650 4681 3801 4739 infe-

2202 4777 2321 4835 rius
2370 4788 2479 4841 est.
2537 4777 3057 4846 ﬁrmamentumque
3126 4791 3159 4830 a
3188 4776 3348 4832 nobis
3380 4776 3565 4832 vocari
3613 4777 3794 4842 solet;

2204 4881 2391 4943 postea
2409 4887 2530 4927 eam
2555 4880 2756 4926 terram
2774 4885 2899 4940 qua
2921 4870 3158 4941 paradisi
3173 4880 3280 4943 est;
3299 4869 3520 4925 demum
3543 4884 3665 4924 eam
3685 4881 3799 4924 ter-

2203 4977 2460 5032 ramquae
2495 4971 2583 5017 est
2599 4970 2754 5017 extra
2791 4958 3793 5031 paradisum:deindeitacxistimata,

2202 5053 2660 5126 quemadmodum
2675 5055 2727 5109 id
2740 5055 2889 5124 quod
2910 5053 3313 5108 ﬁrmamentum
3328 5051 3513 5107 vocari
3527 5049 3794 5120 diximus,

2202 5149 2567 5222 pracellentia
2595 5147 2836 5219 quadam
2865 5146 3187 5204 subtilitatis
3209 5146 3350 5202 cmlo
3372 5146 3452 5200 illi
3479 5144 3792 5200 sublimiori

2200 5243 2596 5314 spiritibuSque
2624 5243 2807 5299 dicato
2857 5243 3033 5304 cedit;
3067 5257 3133 5298 ac
3158 5257 3380 5297 rursum
3411 5242 3601 5296 eadem
3636 5255 3798 5306 para—

2203 5336 2384 5392 disum
2414 5345 2638 5406 superat
2663 5346 2720 5391 et
2746 5336 3079 5391 crassiorem
3109 5345 3164 5391 et
3191 5334 3369 5406 magis
3402 5334 3746 5388 niateriatutr‘
3775 5350 3792 5386 :

2207 5429 2283 5483 ita
2316 5439 2370 5483 et
2400 5427 2717 5499 paradisum
2760 5428 3027 5497 dignitate
3068 5429 3418 5497 puritateque
3466 5424 3791 5480 inferiorem

2208 5521 2427 5592 quidem
2479 5537 2602 5576 esse
2653 5522 3041 5586 ﬁrmamento;
3096 5521 3194 5576 sed
3246 5530 3416 5588 terra,
3465 5535 3589 5591 quae
3635 5528 3792 5574 extra

2209 5615 2389 5685 ipsum
2435 5627 2555 5682 est,
2608 5614 3071 5685 praestantiorem.
3127 5611 3211 5668 Fit
3262 5614 3447 5684 itaque
3494 5621 3552 5668 tit
3595 5610 3791 5684 cqtluut

576 5792 623 5823 “
652 5793 698 5847 ιι
741 5792 871 5849 Cor.
906 5810 1003 5865 xu,
1026 5798 1082 5852 2.
1160 5797 1207 5831 “
1234 5796 1369 5853 ibid.
1402 5796 1458 5853 1.
1619 5796 1767 5884 Gen;
1800 5812 1860 5869 tt,
1906 5796 1957 5855 8.
2039 5797 2085 5832 ³⁸
2111 5795 2245 5855 Luc.
2284 5812 2440 5866 xxiii,
2477 5797 2565 5853 43.
2645 5795 2689 5830 ³⁸
2715 5794 2874 5852 Joan.
2914 5810 2995 5865 tu,
3047 5793 3133 5849 l3.
