4086 6458
386 328 495 391 £93

1533 328 1630 387 DE
1674 323 2080 387 PARADISO.
2125 350 2193 394 -_-
2239 325 2430 385 PARS
2474 325 2526 382 Ι.

3554 330 3663 393 494

388 445 519 499 illud
550 444 837 496 beatorum
868 442 1160 514 spirituum
1190 441 1529 497 domicilium
1564 441 1968 511 pra'cellentius
2002 458 2043 503 Α
2078 449 2187 495 tate
2218 440 2560 511 genuinaque
2604 436 2860 509 puritate.
2907 436 2994 488 Ait
3021 437 3168 491 enim
3201 458 3213 493 :
3246 439 3478 511 Objit-iat
3509 446 3669 499 nobis

386 544 459 594 sit
492 539 867 603 (irritamento;
900 539 1329 601 lirmamentum,
1364 536 1651 607 paradiso;
1685 534 1975 604 paradisus

386 650 452 689 ca
485 644 628 687 terra
657 647 824 700 quam
859 646 961 686 nos
993 631 1322 686 habitamus.
1355 630 1447 685 Est
1482 630 1645 701 igitur
1679 628 1785 683 alia
1818 642 1976 697 para-

384 726 493 781 disi
521 734 688 788 terra,
720 725 829 779 alia
864 726 979 779 haec
1006 733 1229 792 nostra;
1263 725 1355 780 sed
1390 724 1489 791 ita,
1519 733 1581 777 ut
1612 739 1719 777 non
1751 734 1972 784 natura,

383 836 579 876 verum
616 818 860 873 materiae
891 819 1197 873 subtilitate
1232 816 1667 886 excellentiaque
1699 813 1972 869 diﬂerant.

382 914 492 969 Sed
525 921 709 981 potest
734 913 786 967 id
820 913 984 967 etiam
1022 913 1123 966 hoc
1153 920 1476 981 argumento
1503 927 1534 964 a
1562 924 1747 964 rerum
1782 917 1973 961 natura

380 1007 555 1075 petito
586 1003 976 1057 demonstrari.
1017 1001 1282 1056 Conditus
1311 1000 1456 1054 enim
1503 1000 1747 1055 Adamus
1780 1014 1887 1051 non
1920 997 1973 1050 in

381 1098 491 1152 hoc
523 1108 720 1150 crasso
748 1095 1042 1163 densaeque
1070 1093 1232 1162 pleno
1264 1093 1507 1145 materias
1548 1091 1668 1145 loco
1699 1092 1794 1159 qui
1822 1096 1974 1141 extra

378 1188 708 1259 paradisum
741 1195 850 1250 est,
879 1185 1183 1240 collocatus
1213 1199 1242 1237 a
1272 1181 1384 1238 Deo
1414 1190 1519 1247 est,
1554 1181 1796 1235 nondum
1829 1180 1974 1235 enim

376 1284 698 1351 deliquerat
748 1289 911 1349 atque
960 1288 1248 1348 peccarat;
1287 1290 1465 1345 neque
1518 1289 1711 1329 rursus
1760 1272 1976 1343 positus

376 1385 469 1431 est
520 1375 579 1427 in
632 1374 743 1427 illis
783 1364 1223 1441 praecellentibus
1264 1370 1421 1431 locis,
1468 1367 1607 1427 εωιο
1655 1365 1741 1419 vel
1791 1365 1978 1419 ﬁl‘llta-

376 1477 596 1529 mento,
633 1464 773 1518 nihil
812 1464 958 1517 enim
997 1462 1176 1517 adhuc
1219 1461 1342 1514 boni
1386 1468 1629 1529 patrarat
1661 1474 1675 1510 :
1706 1458 1799 1512 sed
1836 1455 1978 1525 quod

375 1563 816 1612 consentaneum
869 1563 1008 1618 erat,
1043 1552 1333 1607 collocavit
1388 1552 1568 1621 ipsum
1616 1547 1759 1603 Deus
1802 1549 1854 1601 in
1914 1561 1980 1602 eo

377 1651 503 1703 loco
553 1649 650 1717 qui
703 1648 846 1701 inter
898 1658 1161 1712 utrosque
1227 1644 1350 1698 illos
1404 1642 1584 1696 medio
1634 1656 1692 1695 se
1746 1639 1981 1694 habebat

382 1738 585 1803 modo;
642 1739 749 1790 hoc
796 1746 901 1799 est,
952 1734 1257 1804 paradiso:
1297 1734 1383 1786 hic.
1420 1732 1565 1785 enim
1609 1739 1669 1784 ιιι
1716 1746 1825 1783 non
1867 1736 1976 1783 tam

2084 534 2169 588 hic
2198 532 2397 603 aliquis
2432 531 2547 585 ﬂeri
2582 546 2687 585 non
2722 544 2885 601 posse
2918 531 3064 599 (cum
3101 542 3242 588 terra
3272 535 3451 589 omnis
3507 538 3689 592 unius"

2081 626 2437 695 ejusdemque
2491 633 2702 679 naturae
2746 624 2820 679 sit
2867 633 3031 695 atque
3082 626 3357 697 essentia)
3406 637 3466 683 ut
3497 629 3665 684 altera

2079 719 2199 788 ejus
2221 732 2348 789 pars
2370 718 2606 784 subtilis,
2637 732 2795 786 pura,
2825 716 3074 783 sincera;
3105 716 3275 771 altera
3305 733 3432 774 vero
3457 734 3669 786 crassa,

2085 813 2320 882 impura,
2370 811 2559 876 mista,
2610 808 2950 880 confusaque
2996 825 3119 865 esse
3170 820 3353 882 queat.
3410 813 3516 868 Sed
3570 830 3670 868 nos

2082 904 2503 972 respondemus,
2547 901 2660 955 ﬂeri
2715 902 2940 955 omnino
2991 900 3041 955 id
3096 917 3262 972 posse
3312 922 3326 958 :
3378 906 3577 976 quippe
3615 907 3668 960 in

2082 999 2240 1068 aquis
2292 1012 2415 1067 quae
2463 1004 2592 1050 sunt
2642 994 2889 1065 ejusdem
2943 998 3195 1051 essentia:
3246 1013 3483 1065 omnes,
3537 1001 3675 1056 alias

2082 1080 2264 1145 tamen
2318 1089 2600 1160 limpidas,
2647 1088 2785 1143 alias
2835 1088 3118 1157 turbidas;
3155 1092 3420 1160 quasdam
3482 1092 3673 1149 dulces

2084 1196 2327 1253 putuque
2378 1198 2578 1238 suaves
2612 1198 2627 1249 ;
2661 1182 2799 1237 alias
2876 1197 3112 1248 amaras,
3163 1193 3327 1253 atque.
3377 1185 3433 1239 in
3483 1194 3671 1258 potum

2083 1280 2290 1347 ineptas
2320 1296 2332 1331 :
2367 1278 2492 1331 item
2526 1275 2580 1330 in
2624 1291 2784 1344 aere,
2821 1275 2985 1330 alium
3019 1291 3265 1331 crassum
3306 1278 3672 1350 densumque.

2084 1364 2252 1426 alium
2284 1371 2574 1439 liquidum,
2604 1368 2957 1439 naturalique
2994 1379 3355 1440 temperatum
3396 1373 3673 1440 puritate;

2085 1477 2282 1516 rursus
2310 1461 2479 1515 alium
2510 1460 2716 1515 salubri
2745 1470 2909 1531 atque
2936 1475 3153 1517 amoena
3186 1462 3482 1531 temperie,
3504 1464 3671 1518 alium

2086 1552 2248 1607 noxia
2303 1551 2625 1622 intemperie
2688 1552 3012 1621 ingratoque
3069 1551 3238 1606 odore
3287 1554 3605 1622 experimur
3659 1572 3671 1607 :

2085 1644 2324 1712 denique
2357 1643 2473 1710 ipsa
2510 1643 2676 1697 etiam
2709 1645 2960 1713 corporis
2997 1643 3169 1698 nostri
3214 1646 3459 1698 membra
3492 1646 3675 1700 omnia

2084 1735 2329 1807 quidem,
2376 1736 2540 1788 unius
2584 1744 2747 1805 atque
2794 1733 3043 1804 ejusdem
3094 1750 3306 1791 naturae
3352 1752 3474 1791 esse
3511 1752 3676 1791 nemo

389 1848 561 1903 purus
593 1838 870 1901 putusque
898 1838 983 1883 est
1014 1844 1178 1898 quam
1212 1827 1644 1890 ﬁrmamentum,
1676 1825 1748 1878 ita
1782 1837 1979 1877 rursus
2013 1836 2054 1890 Β
2086 1828 2399 1899 negaverit;
2450 1838 2503 1881 ct
2552 1836 2733 1881 tamen
2790 1828 2987 1883 oculus
3027 1829 3245 1886 lucidus
3277 1840 3362 1885 est
3398 1841 3561 1901 atque
3602 1832 3672 1885 li-

397 1940 507 1978 non
543 1936 642 1977 tam
682 1937 872 1976 crassa
922 1930 1222 1989 coactaque
1260 1919 1488 1973 materie
1534 1925 1771 1983 constat,
1813 1924 1978 1985 atque

393 2018 508 2072 haec
550 2024 737 2070 nostra
780 2030 901 2083 quae
952 2024 1106 2069 extra
1160 2012 1473 2082 paradisum
1526 2016 1647 2072 est,
1696 2016 1865 2062 terra.
1917 2006 1979 2059 Et

384 2124 538 2176 vero,
572 2124 638 2163 eo
673 2108 907 2163 consilio
947 2107 1164 2160 videtur
1206 2103 1475 2174 ejusmodi
1526 2100 1705 2155 medio
1756 2100 1877 2154 loco
1910 2098 1979 2153 ab

379 2205 579 2274 opilice
608 2202 718 2256 Deo
747 2201 835 2254 ille
869 2200 1081 2269 positus
1110 2212 1251 2259 esse,
1283 2207 1341 2249 ut
1373 2194 1418 2249 si
1452 2194 1759 2264 morigerus
1787 2193 1977 2246 obser-

377 2304 539 2349 varet
568 2295 749 2362 jussa,
788 2291 1187 2347 subveheretur
1227 2289 1279 2341 in
1327 2289 1733 2340 ﬁrmamentum
1796 2284 1977 2337 locum

378 2386 873 2460 praeellcntiorem
908 2384 1300 2453 purioremque
1336 2380 1591 2449 paradiso
1627 2395 1642 2432 :
1677 2379 1761 2433 sin
1795 2386 1977 2431 autem

378 2479 664 2536 mandatis
713 2493 820 2531 non
874 2484 1114 2545 pareret,
1160 2474 1253 2529 sed
1306 2474 1675 2542 delinqueret,
1712 2483 1879 2539 atque
1913 2470 1981 2524 ab
2020 2471 2029 2477 ’

378 2589 448 2629 ea
480 2588 651 2643 quam
681 2572 784 2625 sibi
818 2586 952 2625 suns
984 2568 1208 2622 eﬂ'eetor
1241 2566 1645 2636 imperavisset,
1674 2565 1791 2634 lege
1819 2561 1983 2618 deﬂe-

383 2676 588 2730 cteret,
628 2664 997 2733 conjiceretur
1025 2662 1079 2715 in
1113 2661 1256 2714 hanc
1281 2656 1697 2719 exsecrabilem,
1738 2671 1980 2710 crassam

381 2774 454 2814 ac
480 2761 724 2821 densam.
747 2766 946 2811 terram
977 2770 1138 2825 quam
1172 2769 1272 2808 nos
1300 2762 1454 2806 extra
1486 2750 1802 2823 paradisum
1838 2763 1984 2804 nunc

387 2852 725 2906 habitamus.
758 2849 900 2915 Quin
952 2844 1262 2917 paradisum
1298 2845 1471 2901 fuisse
1518 2846 1695 2899 medio
1739 2843 1860 2897 loco
1903 2852 1984 2897 te-

389 2956 573 2999 statur
605 2946 772 2999 etiam
818 2942 1152 2996 Philoxenus
1198 2938 1444 3009 Mabugw
1492 2939 1785 3006 episcopus
1828 2936 1882 2989 in
1918 2950 1983 2989 eo

386 3053 651 3093 sermone
701 3053 865 3108 quem
933 3037 1000 3091 de
1065 3034 1535 3104 contemplatione
1599 3032 1814 3085 arboris
1861 3030 1987 3084 vita:

386 3132 722 3203 conscripsit
772 3132 857 3186 his
908 3129 1091 3185 verbis
1135 3147 1148 3182 :
1187 3129 1277 3183 Sic
1323 3129 1573 3182 consitus
1617 3142 1648 3180 a
1680 3124 1792 3180 Deo
1826 3140 1986 3196 para-

387 3227 549 3280 disus
596 3235 710 3291 est,
766 3234 826 3278 ut
876 3223 1117 3277 medium
1168 3231 1401 3291 occupet
1451 3223 1666 3287 locum;
1717 3220 1983 3290 quidquid
2014 3206 2058 3262 ο

389 3319 541 3372 enim
572 3319 830 3387 superius
856 3326 959 3380 est,
990 3326 1085 3371 aut
1116 3316 1317 3369 coelum
1347 3324 1430 3371 cst
1459 3324 1555 3369 aut
1584 3315 1724 3370 coelo
1752 3331 1988 3371 consen-

391 3420 618 3465 taneum
657 3427 670 3463 :
709 3425 931 3463 rursum
983 3408 1244 3478 quidquid
1297 3408 1550 3473 inferius,
1597 3408 1681 3461 vel
1728 3417 1872 3461 terra
1905 3417 1990 3461 est

390 3506 479 3556 vel
506 3503 575 3557 ad
607 3512 808 3556 terram
843 3503 1100 3571 pertinet.
1134 3503 1347 3572 Quippe
1379 3503 1559 3571 qualis
1590 3512 1709 3555 erat
1746 3501 1987 3555 c0nditio

389 3596 837 3665 compositioque
889 3596 1152 3662 hominis,
1206 3598 1368 3650 talem
1422 3597 1714 3666 oportebat
1768 3611 1891 3651 esse
1934 3607 1984 3649 et

387 3690 576 3744 locum
616 3689 669 3742 in
714 3705 824 3759 quo
871 3699 990 3742 erat
1041 3689 1133 3743 ille
1180 3688 1504 3756 ponendus;
1560 3688 1651 3743 illa
1704 3703 1832 3742 vero
1867 3689 1988 3759 ejus

386 3796 513 3837 erat
554 3783 725 3849 modi,
765 3791 825 3837 ut
876 3783 927 3836 in
968 3783 1207 3837 hominis
1243 3793 1392 3837 esset
1439 3784 1618 3852 posita
1668 3782 1898 3837 arbitrio
1936 3791 1990 3837 et

388 3879 524 3932 boni
555 3888 609 3932 et
643 3878 769 3932 mali
806 3876 1002 3931 electio
1036 3896 1048 3931 :
1078 3876 1193 3943 jam
1230 3891 1358 3930 vero
1391 3879 1484 3946 qui
1522 3877 1600 3930 sic
1630 3891 1689 3931 se
1721 3877 1907 3940 habet,
1942 3877 1989 3931 is

389 3974 541 4026 inter
568 3980 866 4040 utrumque
901 3971 1118 4025 medius
1147 3980 1253 4036 est,
1287 3986 1481 4037 neeex
1515 3970 1661 4025 bono
1687 3979 1854 4036 totus,
1890 3985 1991 4024 nec

386 4079 617 4117 rursum
667 4074 816 4117 totus
860 4079 927 4116 ex
973 4065 1117 4117 malo
1164 4061 1456 4127 conﬂatus,
1507 4062 1600 4116 sed
1652 4075 1752 4131 pro
1796 4071 1992 4130 suopte

388 4156 633 4211 arbitrio
668 4154 737 4208 ad
787 4157 1060 4209 utrumvis
1091 4155 1249 4225 juxta
1288 4170 1347 4209 se
1393 4154 1625 4208 habens.
1670 4152 1739 4205 At
1773 4168 1836 4206 ea
1870 4152 1992 4222 qui-

391 4251 521 4304 dem
554 4260 673 4303 erat
703 4248 835 4303 Adae
866 4249 1134 4315 conditio,
1161 4248 1466 4317 eademque
1499 4247 1744 4317 cognitio
1777 4246 1993 4301 arboris

391 4342 528 4396 boni
558 4350 615 4395 et
650 4341 777 4395 mali
809 4357 823 4394 :
851 4354 1023 4411 quare
1048 4349 1096 4394 et
1128 4341 1396 4408 ejusmodi
1428 4349 1549 4394 erat
1579 4354 1804 4411 quoque
1832 4354 1989 4409 para-

392 4435 504 4490 disi
534 4435 675 4490 ratio
700 4435 755 4489 in
786 4434 967 4488 medio
992 4432 1206 4488 scilicet
1230 4431 1511 4498 collocati,
1534 4441 1594 4486 ut
1620 4447 1787 4503 supra
1816 4434 1995 4503 ipsum

393 4540 581 4587 essent
629 4535 1004 4598 corporatura:
1069 4527 1419 4597 materiaeque
1464 4535 1721 4597 expertes
1770 4527 1993 4592 spiritus

393 4625 493 4697 qui
541 4624 658 4679 sola
709 4623 924 4677 ratione
967 4621 1364 4691 intelliguntur,
1416 4631 1470 4674 et
1522 4619 1787 4690 quidquid
1835 4630 1992 4675 extra

393 4732 618 4773 omnem
648 4714 1108 4785 compositionem
1139 4722 1223 4767 est
1249 4729 1263 4766 :
1291 4710 1373 4765 inf
1377 4727 1431 4765 ra
1459 4726 1586 4766 vero
1620 4710 1775 4765 illum
1804 4711 1994 4765 bestiae

397 4818 453 4864 et
497 4808 759 4879 pecudes,
800 4814 1105 4874 casteraque
1147 4805 1360 4858 ratione
1406 4804 1671 4857 carentia.
1708 4804 1826 4872 Ipse
1862 4818 1992 4856 vero

405 4902 692 4971 paradisus
740 4900 884 4955 inter
926 4897 1043 4953 hate
1071 4905 1129 4951 et
1160 4896 1250 4950 illa
1293 4895 1504 4949 medius
1542 4902 1793 4949 maneret
1827 4902 1995 4965 atque

402 4991 506 5046 hac
534 4992 751 5046 ratione
780 5004 904 5045 cum
938 4988 1178 5043 hominis
1213 4987 1611 5042 constitutione
1642 4995 1991 5056 congrueret,

397 5086 497 5154 qui
532 5094 588 5138 et
633 5084 751 5154 ipse
783 5098 849 5138 ex
885 5081 1068 5136 anima
1099 5080 1264 5134 simul
1307 5090 1359 5134 et
1408 5094 1638 5149 corpore
1683 5078 1991 5135 constabat.

395 5177 682 5234 Haeteuus
726 5177 835 5231 ille.
872 5174 1280 5230 Animadvertis
1318 5173 1483 5244 igitur
1512 5173 1789 5227 doctorem
1826 5170 1992 5227 istum

393 5272 697 5345 perspicua
746 5271 959 5325 ratione
1008 5266 1319 5323 ostendisse
1366 5265 1682 5336 paradisum
1720 5264 1774 5318 in
1811 5261 1995 5318 medio

393 5379 523 5420 esse
558 5364 835 5434 positum;
873 5375 1049 5431 neque
1080 5369 1187 5414 tam
1226 5359 1412 5413 subtili
1447 5358 1710 5412 tenuitate
1744 5357 1992 5412 delatum

396 5471 568 5528 quam
597 5470 659 5509 ea
686 5470 807 5525 qua:
840 5469 1004 5523 supra
1032 5453 1211 5523 ipsum
1258 5452 1556 5515 exsistunt,
1592 5464 1768 5519 neque
1798 5463 1995 5503 rursus

397 5564 466 5605 ca
518 5548 887 5604 crassitudine
939 5546 1179 5600 materia:
1225 5558 1331 5614 qua
1375 5542 1463 5596 illa
1517 5541 1815 5610 composita
1866 5550 1994 5593 sunt

399 5657 529 5713 qua
565 5640 707 5695 infra
746 5640 925 5709 ipsum
959 5638 1255 5692 habentur.
1290 5633 1408 5689 Non
1439 5648 1571 5703 ergo
1607 5634 1660 5687 in
1693 5636 1793 5688 hac
1825 5648 1990 5701 quant

401 5749 507 5791 nos
536 5734 846 5788 habitamus
881 5741 1025 5786 terra
1057 5728 1347 5801 paradisus
1380 5728 1609 5789 exstitit,
1640 5725 1733 5781 sed
1769 5726 1820 5779 in
1854 5726 1990 5792 alia;

398 5840 512 5885 non
545 5826 763 5900 quidem
811 5827 925 5896 ipsa
962 5838 1058 5897 sua
1095 5833 1291 5878 natura
1338 5819 1643 5890 diﬂ’erente,
1674 5819 1765 5876 sed
1812 5820 1990 5875 tenui-

2087 1922 2312 1993 quidus,
2362 1936 2557 1977 manus
2599 1935 2731 1975 vero
2779 1936 2967 1977 crassa
3000 1931 3056 1977 et
3091 1924 3375 1979 materiata
3412 1940 3677 1995 compage

2089 2021 2335 2080 constat;
2366 2013 2550 2083 itaque
2575 2022 2631 2066 et
2655 2011 2710 2066 in
2738 2020 2899 2071 terrae
2922 2014 3169 2083 partibus
3200 2014 3344 2071 idem
3373 2032 3476 2070 usu
3504 2017 3675 2078 venit,

2091 2115 2150 2160 ut
2192 2106 2406 2162 scilicet
2435 2106 2607 2161 altera
2649 2113 2796 2162 esset
2828 2122 2968 2177 pura
3016 2116 3148 2178 puta
3183 2116 3238 2163 et
3274 2110 3456 2163 omnis
3484 2124 3678 2165 excre-

2090 2198 2258 2253 menti
2295 2214 2491 2262 vacua,
2525 2214 2589 2254 ac
2622 2199 2802 2253 tenuis
2838 2199 3189 2271 subtilisque,
3223 2201 3404 2270 qualis
3437 2211 3554 2255 erat
3585 2202 3676 2256 illa

2091 2293 2369 2364 paradisi;
2413 2294 2585 2347 altera
2616 2308 2745 2348 vero
2772 2308 2979 2353 crassa,
3019 2295 3201 2357 mista,
3236 2302 3678 2353 excrementosa.

2089 2383 2400 2451 eujusmodi
2449 2395 2533 2437 eSt
2574 2384 2690 2437 haec
2739 2398 2863 2452 quae
2905 2390 3057 2436 extra
3101 2382 3415 2452 paradisum
3456 2398 3485 2438 a
3521 2384 3681 2438 nobis

2095 2474 2347 2529 hnhelur.
2382 2473 2517 2528 Nam
2549 2483 2605 2529 et
2636 2475 2689 2528 in
2723 2475 2845 2529 oleo
2884 2475 2989 2529 hoc
3027 2476 3203 2545 ipsum
3235 2474 3597 2546 deprehendis
3628 2492 3683 2533 et

2095 2568 2148 2622 in
2185 2569 2311 2622 vino
2346 2586 2360 2623 :
2395 2571 2496 2624 etsi
2533 2571 2676 2623 enim
2715 2570 2837 2625 unis
2866 2556 3179 2627 etiam‘hazc
3212 2584 3464 2630 constent
3493 2591 3685 2632 essen-

2094 2662 2204 2724 tiis,
2234 2670 2411 2716 tamen
2444 2664 2679 2732 partium
2709 2664 2827 2718 aliae
2858 2663 3179 2734 liquidiores
3205 2666 3679 2741 defecatioresque

2094 2766 2157 2807 ac
2203 2752 2368 2808 veluti
2425 2755 2598 2824 magis
2653 2756 2964 2824 percolata},
3020 2757 3210 2826 quales
3264 2769 3393 2813 sunt
3440 2777 3470 2816 a
3515 2761 3683 2817 fundo

2095 2842 2455 2907 remotiores,
2512 2843 2632 2898 aliae
2690 2860 2881 2900 rursus
2932 2846 3296 2915 turbidiores,
3352 2849 3683 2937 fequlentio-

2095 2949 2293 3003 resque
2329 2943 2492 3004 atque
2537 2937 2763 2990 omnino
2811 2937 3142 3009 impuriores
3175 2956 3299 2998 esse
3342 2956 3679 3015 cernuntur;

2095 3041 2172 3080 ea:
2204 3041 2399 3098 nempe
2430 3044 2551 3098 quae
2581 3044 2611 3084 a
2644 3028 2814 3084 fundo
2844 3030 3067 3101 propius
3098 3034 3319 3091 absunt.

2702 3143 2933 3200 CAPUT
2976 3146 3068 3202 IX.

2168 3257 2303 3311 Eam
2346 3267 2489 3312 terra
2529 3261 2584 3313 in
2625 3275 2731 3327 qua
2772 3269 2849 3313 est
2891 3262 3177 3330 paradisus
3219 3265 3317 3319 hac
3355 3275 3538 3322 nostra
3586 3285 3682 3322 su-

2093 3352 2386 3406 blimiorem
2424 3367 2558 3405 esse.
2608 3377 2682 3391 -—-
2733 3351 2869 3407 Illud
2920 3356 3147 3426 insuper
3195 3359 3517 3423 asset-imus,
3561 3375 3681 3415 eam

2095 3456 2295 3502 terram
2331 3449 2381 3501 in
2414 3462 2523 3516 qua
2578 3459 2662 3504 est
2699 3450 2990 3519 paradisus
3026 3450 3272 3507 altiorem
3308 3456 3481 3509 multo
3510 3455 3685 3509 subli-

2095 3540 2438 3606 mioremque
2486 3539 2750 3593 exsistere
2802 3540 2904 3594 hac
2955 3556 3121 3610 quam
3175 3558 3274 3597 nos
3326 3544 3597 3609 colimus;
3633 3544 3687 3599 id

2091 3631 2236 3684 enim
2294 3630 2366 3683 ita
2422 3646 2481 3685 se
2538 3632 2778 3697 habere,
2853 3632 3061 3687 indicio
3116 3643 3247 3687 sunt
3305 3643 3544 3702 quatuor
3599 3635 3688 3689 illa

2092 3720 2319 3790 grandia
2366 3720 2593 3776 ﬂumina
2623 3738 2773 3792 quae,
2822 3732 2964 3789 orta,
3001 3723 3055 3777 in
3089 3724 3331 3794 paradisi
3384 3733 3528 3780 terra
3592 3742 3687 3796 per

2096 3814 2236 3869 hanc
2272 3823 2517 3870 nostram
2548 3818 2618 3871 ab
2652 3816 2740 3871 illa
2772 3816 3045 3872 diversam
3079 3815 3355 3872 feruntur.
3386 3816 3503 3873 Nisi
3538 3821 3687 3874 enim

2097 3905 2189 3961 illa
2241 3914 2386 3961 terra
2432 3907 2597 3961 altior
2634 3917 2895 3971 exstaret,
2936 3909 3050 3964 lieri
3090 3925 3203 3965 non
3256 3922 3464 3980 posset,
3515 3922 3576 3967 ut
3624 3930 3689 3969 ea

2098 3998 2324 4054 ﬂumina
2377 4000 2529 4054 illine
2576 4001 2842 4071 praecipiti
2872 4016 3034 4056 cursu
3079 4005 3184 4058 sub
3230 4018 3382 4060 mare
3428 4022 3688 4076 magnum

2095 4094 2297 4160 delata,
2347 4096 2565 4150 tandem
2603 4111 2696 4164 per
2734 4097 2874 4149 hanc
2904 4111 2932 4151 a
2969 4096 3129 4151 nobis
3170 4098 3372 4153 cultam
3409 4101 3687 4171 regionem

2095 4187 2440 4256 erumpentia
2498 4197 2918 4258 spargerentur.
2972 4188 3198 4246 Certum
3242 4192 3410 4264 igitur
3459 4204 3574 4261 est,
3625 4212 3691 4252 ea

2098 4281 2348 4347 ﬂumina,
2382 4284 2511 4353 quia
2542 4297 2573 4337 e
2602 4283 2825 4338 sublimi
2874 4283 2997 4340 loco
3038 4298 3388 4354 promanant,
3421 4287 3539 4358 ipsa
3588 4306 3693 4346 sua

2099 4375 2367 4446 praecipiti
2394 4375 2637 4432 ﬂuxione
2663 4387 2854 4433 coacta
2886 4380 3211 4451 strictaque,
3234 4390 3289 4437 et
3314 4383 3539 4452 proinde
3562 4399 3689 4440 cum

2101 4470 2304 4537 impetu
2340 4470 2520 4524 delata
2571 4472 2675 4524 sub
2725 4479 2921 4526 terram
2957 4481 3012 4528 et
3046 4488 3305 4543 maguum
3354 4491 3504 4532 mare
3552 4480 3693 4549 rapi,

2026 4562 2072 4619 ι)
2098 4570 2261 4630 atque
2301 4563 2373 4616 ob
2405 4561 2585 4631 ipsum
2628 4577 2757 4617 eum
2804 4564 3092 4633 impetum,
3122 4582 3233 4636 quo
3276 4583 3404 4623 sunt
3443 4570 3693 4640 delapsa,

2098 4670 2293 4709 rursus
2330 4654 2583 4724 prosilire
2626 4655 2679 4709 in
2728 4656 2832 4711 hac
2867 4666 3054 4711 nostra
3106 4665 3272 4723 terra,
3322 4674 3421 4727 per
3466 4676 3695 4730 eamque

2097 4745 2288 4802 ﬂuere.
2328 4745 2463 4801 Nam
2496 4756 2735 4815 quatuor
2764 4747 2853 4800 illa
2885 4745 3109 4800 ﬂumina
3146 4746 3409 4818 (Tigrim,
3442 4752 3692 4820 inquam.

2098 4839 2474 4909 Euphratem,
2533 4837 2841 4901 Gihonem,
2898 4846 2952 4892 et
3000 4836 3333 4910 Phisonem)
3385 4843 3488 4895 sub
3539 4859 3693 4899 mare

2099 4931 2252 4999 ferri,
2299 4940 2463 5001 atque
2511 4933 2562 4983 in
2615 4930 2719 4984 hac
2745 4929 2966 4984 deruunt
3008 4944 3171 5001 quam
3211 4944 3313 4986 nos
3376 4932 3691 4989 habitamus

2098 5032 2243 5077 terra
2303 5022 2560 5094 prodire,
2615 5031 2847 5077 testatur
2899 5021 3065 5076 etiam
3122 5021 3381 5080 dominus
3435 5024 3685 5095 Ephraem

2098 5114 2522 5171 Commentariis
2556 5115 2609 5169 in
2642 5113 2897 5170 Genesim
2919 5132 2935 5182 ;
2961 5123 3016 5170 et
3054 5129 3178 5171 cum
3228 5132 3294 5170 eo
3325 5118 3438 5173 alii.
3466 5117 3689 5175 Clarum

2100 5209 2265 5281 igitur
2290 5223 2355 5263 ex
2386 5209 2473 5263 his
2504 5216 2608 5274 est,
2636 5222 2759 5263 eam
2793 5217 2992 5264 terram
3022 5208 3077 5263 in
3105 5222 3211 5280 qua
3246 5211 3387 5267 situs
3417 5220 3501 5267 est
3530 5226 3694 5281 pari-

2098 5302 2253 5357 disus
2320 5299 2493 5355 multo
2559 5299 2981 5356 eminentiorem
3031 5300 3521 5373 sublimioremque
3566 5320 3690 5359 esse

2102 5397 2203 5450 hac
2236 5409 2536 5465 qttanrnos
2567 5408 2927 5464 occupamus.

2721 5509 2955 5566 CAPUT
3000 5512 3067 5567 Χ.

2090 5658 2101 5667 ·
2171 5642 2248 5684 νε
2278 5645 2436 5699 regno
2467 5612 2663 5683 cretati
2692 5629 2744 5681 in
2773 5645 2874 5699 quo
2897 5627 3039 5697 justi
3068 5629 3334 5697 voluptate
3362 5627 3689 5697 afﬁcientur,

2099 5723 2234 5777 sitne
2278 5723 2333 5775 in
2377 5721 2528 5775 terris
2571 5737 2640 5773 an
2683 5736 2845 5790 supra
2895 5719 3103 5774 calum.
3136 5749 3207 5759 --
3237 5718 3484 5790 Regnum
3525 5736 3690 5791 porro

2100 5817 2324 5875 caeleste
2353 5815 2485 5872 illud
2516 5813 2662 5886 quod
2698 5815 2971 5885 jurtorum
3004 5813 3213 5869 deliciis
3248 5813 3577 5871 destinatum
3607 5824 3690 5872 est

2751 5900 2919 5915 ..γαπ-ν’·
