4086 6440
412 350 518 413 495

1684 350 1916 413 MOSIS
1957 354 2107 413 ΒΑΗ
2149 354 2397 415 CEPHA

3577 355 3694 425 £95

409 472 768 533 posteaquam
822 460 1125 517 revixerint
1176 460 1456 528 mortales,
1509 471 1567 519 ut
1616 465 1689 519 ait
1735 463 1999 524 Dominus
2030 474 2073 531 Α
2104 468 2301 535 acturi,
2345 467 2499 539 juxta
2547 482 2709 523 verax
2758 468 2976 525 Domini
3020 471 3389 541 promissum;
3439 472 3491 527 in
3529 488 3698 544 para-

412 566 619 621 noster,
656 569 765 609 non
800 569 921 610 esse
962 555 1014 609 in
1050 554 1231 616 terris.
1278 552 1375 610 sed
1406 571 1569 626 supra
1612 557 1813 613 coelum
1863 558 2001 631 (hoc

413 658 516 713 est.
544 663 714 720 supra
752 647 1199 720 ﬁrmamentum),
1232 647 1380 719 quod
1411 651 1661 721 proxime
1691 668 1853 723 supra
1894 668 2000 711 nos

410 750 517 809 est,
554 742 742 798 multis
789 742 1128 813 argumentis
1163 745 1573 814 comprobatur.
1619 743 1808 800 Primo
1839 747 1998 811 ,enim

413 839 592 908 ipsum
630 838 952 891 vocabulum
990 836 1093 891 hoc
1121 838 1320 907 arguit,
1351 853 1459 909 quo
1488 838 1711 894 caeleste
1746 854 1997 910 regnum,

412 946 520 985 non
560 937 820 985 terrestre
866 943 898 984 a
942 926 1180 983 Domino
1230 930 1562 997 appellatum
1610 940 1695 984 est
1750 945 1765 983 τ
1804 929 2002 985 deinde

413 1022 556 1079 idem
593 1022 682 1078 ille
729 1021 998 1077 Dominus
1045 1022 1183 1076 dixit
1231 1037 1245 1075 :
1296 1018 1444 1074 Vada
1482 1038 1677 1091 parare
1727 1022 1869 1075 vobis
1916 1020 1997 1075 lo-

411 1132 533 1169 cum
574 1113 641 1171 ’⁷.
687 1113 752 1169 Ει
786 1132 800 1168 :
839 1112 939 1168 Ubi
984 1130 1076 1185 ego
1124 1130 1265 1179 sum,
1316 1113 1424 1168 illic
1470 1124 1520 1168 et
1562 1114 1807 1187 minister
1855 1129 2000 1167 meus

409 1212 531 1263 erit.
575 1206 694 1263 Jam
741 1222 868 1262 vero
909 1206 1136 1283 dubium
1196 1207 1407 1261 nullum
1438 1215 1542 1273 est,
1589 1207 1722 1276 quin
1749 1204 2002 1262 Christus

412 1317 537 1356 vere
560 1301 614 1356 in
641 1300 843 1357 celum
877 1300 1281 1356 conscenderit.
1309 1298 1573 1353 Praeterea
1608 1299 1768 1352 divus
1799 1296 2001 1353 Paulus

411 1395 601 1450 scribit
645 1393 701 1448 in
754 1393 871 1448 huic
919 1399 1083 1447 verba
1131 1409 1148 1449 :
1206 1389 1307 1445 Vos
1350 1400 1529 1444 autem
1584 1390 1881 1444 accessistis
1930 1389 2001 1444 ad

411 1498 640 1541 montem
671 1484 824 1552 Sion,
848 1496 899 1540 et
928 1485 998 1539 ad
1027 1478 1295 1539 civitatem
1323 1482 1423 1537 Dei
1451 1483 1576 1547 vivi,
1604 1486 1673 1536 ad
1700 1480 1999 1538 Jerusalem

407 1597 527 1653 qua
559 1591 635 1635 est
672 1581 729 1634 in
761 1581 913 1647 coelo,
956 1589 1005 1634 et
1048 1579 1117 1633 ad
1149 1590 1313 1633 cattus
1355 1580 1654 1649 myriadum
1691 1577 2000 1649 angelorum

409 1684 567 1745 atque
602 1675 672 1729 ad
710 1671 1006 1728 Ecclesium
1037 1674 1510 1743 primogenitorum
1542 1673 1635 1742 qui
1662 1670 1848 1741 scripti
1876 1682 1997 1726 sunt

408 1770 463 1823 in
512 1769 640 1824 caelo
665 1760 845 1825 ".‘Et
878 1767 1007 1822 alibi
1054 1784 1071 1822 :
1118 1764 1332 1822 Scimus
1378 1767 1521 1820 enim
1569 1764 1709 1837 quod
1759 1765 1999 1835 quamvis

408 1865 598 1927 domus
630 1860 742 1913 liceo
768 1867 953 1912 nostra
983 1872 1101 1925 qua:
1130 1857 1185 1910 in
1217 1857 1376 1911 terris
1405 1865 1511 1921 est,
1542 1869 1745 1925 corpus
1787 1870 2001 1923 nempe,
2036 1843 2082 1903 Β

408 1953 756 2016 dissolvatur,
793 1962 1122 2004 structuram
1158 1959 1334 2002 tamen
1373 1947 1663 2001 habeamus
1693 1947 1817 2016 'qute
1839 1962 1870 2000 a
1898 1945 2003 2000 Deo

410 2059 507 2113 est,
542 2049 756 2101 domum
785 2062 889 2099 non
922 2053 1286 2099 constructam
1326 2043 1570 2097 manibus
1609 2043 1664 2096 in
1702 2043 1830 2097 caelo
1868 2060 2005 2096 sem-

409 2142 669 2210 piternam
707 2140 773 2194 ”.
825 2139 906 2193 Ad
962 2138 1065 2192 hoc
1110 2135 1352 2192 Joannes
1388 2137 1712 2202 monachus,
1747 2151 2004 2191 sermone

411 2232 594 2301 priore
642 2245 806 2302 quem
858 2230 926 2286 de
977 2229 1186 2284 mundo
1240 2243 1382 2284 novo
1433 2228 1682 2297 scripsit,
1730 2229 1813 2283 sic
1865 2227 1943 2281 ait
1986 2243 2001 2281 :

409 2322 708 2379 Enimvero
754 2337 982 2394 regnum
1035 2319 1169 2377 illud
1215 2322 1438 2376 cmleste
1481 2320 1708 2385 Christi,
1740 2335 1850 2376 non
1885 2328 2005 2375 erat

410 2415 515 2472 sub
545 2415 912 2478 ﬁrmamento,
949 2413 1044 2469 sed
1077 2428 1243 2484 supra
1275 2414 1498 2475 emlum,
1532 2412 1624 2466 ubi
1669 2422 2001 2482 potestatum

409 2510 632 2567 ordines
663 2510 959 2566 exsistunt.
995 2508 1192 2580 Liquet
1227 2509 1393 2580 igitur
1425 2511 1648 2565 caeleste
1684 2525 1912 2580 regnum
1946 2509 2000 2564 in

409 2619 519 2672 quo
552 2602 697 2659 beati
729 2601 1008 2672 voluptate
1052 2602 1308 2657 fruentur
1356 2611 1644 2672 postquam
1678 2603 2000 2670 revixerint,

408 2707 576 2762 supra
605 2695 805 2747 caelum
836 2693 966 2763 (hoc
994 2702 1080 2747 est
1111 2691 1540 2762 ﬁrmamentum)
1574 2692 1624 2745 id
1657 2694 1800 2763 quod
1831 2708 2000 2764 supra

407 2799 513 2839 nos
542 2795 793 2858 apparet,
826 2784 1065 2853 po‘situm
1100 2800 1244 2840 esse.

1021 2874 1253 2932 CAPUT
1296 2877 1385 2933 XI.

479 2973 642 3027 Aliud
672 2988 791 3027 esse
824 2988 1044 3044 regnum
1086 2973 1311 3040 caeleste,
1359 2974 1511 3027 aliud
1555 2974 1890 3043 paradisum.
1931 3001 2000 3012 —-

408 3066 508 3124 Est
550 3082 679 3123 vero
729 3068 870 3123 inter
903 3068 1125 3125 eteleste
1176 3086 1403 3139 regnum
1438 3079 1492 3124 et
1526 3069 1841 3138 paradisum
1880 3083 1999 3121 ma-

408 3173 515 3228 gna
567 3157 864 3213 admodum
918 3158 1224 3214 diﬂ‘erentia
1276 3172 1440 3230 atque
1497 3161 1812 3215 diversitas.
1865 3157 1998 3214 Nam

409 3266 639 3321 regnum
688 3252 912 3305 cteleste
963 3266 1129 3322 supra
1176 3255 1297 3307 coeli
1348 3257 1753 3307 ﬁrmamentum
1802 3259 1909 3319 est,
1946 3260 2003 3306 at

411 3343 699 3413 paradisus
733 3343 838 3397 sub
875 3340 1218 3399 ﬁrmamento
1266 3345 1318 3397 in
1367 3347 1526 3399 terris
1577 3361 1593 3398 :
1646 3345 1713 3399 ad
1751 3344 1876 3411 hoc,
1914 3359 2003 3400 re-

410 3450 579 3506 gnum
640 3434 864 3490 sceleste
899 3436 1145 3505 spiritale
1178 3448 1297 3503 est;
1336 3437 1625 3507 paradisus
1660 3451 1792 3492 vero
1849 3445 1905 3492 et
1933 3437 2001 3492 ad

407 3544 611 3601 corpus
640 3538 694 3584 et
724 3532 788 3584 ad
823 3530 1075 3599 spiritum
1109 3541 1342 3600 spectat,
1372 3540 1433 3584 nt
1463 3533 1716 3600 superius
1747 3546 2003 3602 eomprm

408 3622 682 3676 harimus.
715 3622 921 3677 Deinde
943 3623 1185 3678 caelestis
1217 3623 1370 3692 regni
1405 3625 1661 3693 voluptas
1683 3638 1747 3678 ea
1772 3633 1857 3680 est
1878 3638 2003 3694 qute

408 3729 473 3770 ex
511 3714 620 3770 Deo
667 3730 795 3769 eum
852 3715 1027 3770 beatis
1058 3714 1267 3785 angelis
1301 3714 1548 3785 capitur;
1595 3715 1835 3785 paradisi
1871 3731 2002 3770 vero

410 3808 620 3864 deliciae
642 3824 707 3864 ex
739 3809 1034 3864 arboribus
1063 3809 1296 3864 arumnis
1324 3820 1491 3879 atque
1518 3809 1998 3872 desiderabilibus.

411 3917 519 3957 nec
542 3916 649 3957 non
681 3916 749 3956 ex
781 3901 994 3970 ingenti
1027 3900 1120 3955 illo
1147 3900 1376 3957 ﬂumine
1414 3903 1699 3957 habentur.
1737 3901 2001 3958 Praeterea

408 4008 639 4066 regnum
670 3994 895 4049 cccleste
938 4008 1033 4047 nec
1061 3992 1245 4047 oculus
1277 3994 1429 4058 vidit,
1466 4010 1563 4049 nec
1598 3996 1745 4049 auris
1773 3995 2000 4062 audirit,

408 4100 578 4157 neque
598 4085 654 4139 in
681 4100 775 4138 cor
801 4084 1037 4139 hominis
1065 4088 1324 4153 ascendit,
1356 4095 1417 4140 ut
1445 4087 1823 4157 apostolorum
1853 4090 2002 4157 prin-

404 4192 537 4249 ceps
567 4178 771 4233 Paulus
808 4179 885 4232 ait
908 4176 996 4243 ’σς
1039 4176 1135 4233 sed
1172 4178 1458 4248 paradisus
1509 4187 1564 4232 et
1593 4179 1722 4232 Aria:
1782 4186 1838 4232 et
1878 4178 2005 4233 Eva:

408 4269 591 4325 oculis
622 4278 887 4338 aspectus
921 4278 1028 4335 est,
1067 4268 1409 4341 auribusque
1447 4270 1693 4333 auditus,
1739 4279 1795 4325 et
1835 4271 2004 4326 subiit

408 4362 471 4417 in
502 4363 743 4432 ipsorum
795 4365 1033 4417 auium.
1075 4361 1305 4433 Insuper
1339 4372 1467 4418 cum
1514 4364 1573 4418 in
1623 4364 1759 4434 lege,
1796 4363 2001 4419 tumin

414 4456 715 4526 Evangelia
778 4455 1191 4525 distinguuntur
1245 4473 1259 4509 :
1313 4456 1368 4511 in
1423 4457 1542 4529 lege
1604 4458 1751 4512 enim
1809 4457 2004 4514 beatus

2104 560 2286 616 disum
2318 576 2451 617 vero
2482 569 2605 631 post
2639 562 3095 617 resurrectionem
3123 578 3285 619 nemo
3332 564 3698 634 ingredietur,

2104 651 2201 704 sed
2237 665 2531 706 mansurus
2561 660 2645 707 est
2676 653 2766 709 ille
2806 654 3113 709 cultoribus
3148 670 3376 712 vacuus.
3411 654 3701 711 Postremo

2103 743 2321 799 diversa
2371 744 2514 799 inter
2560 760 2621 801 se
2651 761 2774 801 esse
2826 760 3057 816 regnum
3108 747 3236 803 οωιί
3268 758 3321 801 et
3352 747 3699 818 paradisum.

2104 834 2376 890 allirmant
2423 838 2588 891 etiam
2626 837 2902 904 doctores,
2951 852 3091 908 quos
3139 836 3364 894 honoris
3397 851 3563 892 causa
3597 849 3707 890 no-

2107 929 2253 984 mino
2302 947 2315 983 :
2363 931 2622 987 duritinus
2667 930 2912 987 Joannes
2962 932 3184 1003 quidem
3218 933 3272 986 in
3308 945 3372 986 ea
3422 930 3701 996 oratione,

2103 1023 2192 1076 cui
2244 1023 2435 1079 titulus
2483 1035 2588 1087 est,
2658 1023 2767 1079 Cur
2822 1027 2988 1078 arbor
3038 1023 3130 1078 illa
3180 1024 3424 1079 scientias
3468 1022 3598 1078 boni
3644 1033 3705 1076 et

2107 1116 2234 1169 mali
2269 1116 2539 1186 appellata
2585 1117 2691 1184 sit;
2731 1126 2786 1171 et
2829 1118 2962 1187 quid
2995 1117 3098 1172 sibi
3143 1117 3274 1171 velit
3308 1115 3442 1171 illud
3488 1114 3704 1170 Cnris'ti

2105 1210 2172 1263 ad
2227 1208 2519 1276 latronem,
2569 1208 2745 1265 Hodie
2793 1228 2997 1265 mecum
3046 1212 3151 1265 eris
3196 1212 3253 1266 in
3322 1208 3575 1276 paradiso
3609 1207 3704 1265 ’νε

2108 1298 2344 1356 Severus
2399 1317 2566 1368 vero,
2614 1304 2864 1358 oratione
2911 1303 2983 1357 2‘2
3029 1303 3374 1374 Epithronii,
3428 1314 3487 1358 ut
3532 1316 3703 1372 supe-

2107 1393 2224 1450 rius
2260 1395 2337 1465 (2)
2377 1396 2747 1451 ostendimus.

2707 1489 2942 1546 CAPUT
2982 1487 3095 1543 XII.

2183 1580 2375 1638 Utrum
2415 1584 2469 1636 in
2509 1583 2608 1637 hoc
2642 1593 2911 1638 terrarum
2952 1584 3075 1637 orbe
3119 1599 3276 1654 quem
3317 1581 3573 1638 mortales
3606 1581 3710 1635 ha-

2109 1675 2280 1729 bitant
2307 1692 2377 1729 an
2402 1687 2557 1729 extra
2581 1693 2699 1730 eum
2725 1678 2792 1731 sit
2820 1679 3129 1746 paradisus.
3152 1704 3221 1716 ——
3244 1675 3706 1745 Philosophorum

2106 1766 2505 1838 profanorum,
2554 1767 2665 1823 imo
2712 1769 3108 1823 nonnullorum
3160 1769 3322 1824 etiam
3370 1768 3709 1824 ecclesiasti-

2109 1874 2301 1915 corum
2377 1857 2668 1914 doctorum
2728 1862 2999 1917 sententia
3065 1871 3189 1925 est,
3255 1860 3526 1915 elementa
3584 1858 3711 1929 ipsa

2108 1953 2340 2008 alterum
2385 1954 2439 2007 in
2492 1954 2667 2009 altero
2716 1971 2862 2018 esse,
2911 1964 3075 2022 atque
3127 1955 3358 2009 alterum
3404 1954 3474 2009 ab
3529 1953 3709 2008 altero

2108 2046 2499 2101 circumdari:
2552 2057 2751 2100 terram
2793 2048 2939 2102 enim
2993 2048 3063 2102 ab
3114 2048 3229 2118 ipsa
3282 2061 3469 2117 aqua,
3502 2061 3699 2117 aquam

2108 2142 2177 2193 ab
2225 2155 2376 2206 aere,
2421 2155 2604 2194 acrem
2645 2140 2716 2195 ab
2766 2140 2889 2211 igne
2925 2141 3193 2195 contineri
3229 2141 3320 2210 (de
3360 2156 3468 2209 qua
3511 2154 3565 2194 re
3598 2154 3698 2193 nos

2108 2245 2331 2302 quoque
2381 2232 2623 2288 dilucide
2666 2235 2883 2302 egimus
2921 2233 2977 2287 in
3022 2248 3088 2288 eo
3124 2232 3265 2287 libro
3308 2247 3472 2301 queat
3511 2231 3576 2286 de
3605 2245 3703 2285 sex

2104 2325 2302 2381 diebus
2327 2325 2813 2396 conscripsimus),
2840 2333 2896 2381 et
2934 2325 3164 2395 proinde
3200 2324 3519 2379 existimant
3551 2338 3705 2377 mare

2109 2417 2392 2473 Oceanum
2446 2429 2615 2473 t0tam
2658 2418 2868 2473 ambire
2915 2427 3142 2481 terram,
3194 2431 3300 2470 non
3343 2432 3501 2471 secus
3541 2424 3713 2485 atque

2105 2524 2367 2565 coronam
2414 2520 2602 2579 caput,
2652 2519 2747 2564 aut
2792 2507 3075 2579 cingulum
3127 2506 3382 2574 lumbos;
3433 2507 3507 2561 ita
3543 2515 3604 2560 ut
3639 2504 3712 2559 ab

2103 2609 2353 2659 extrema
2383 2600 2584 2657 Oceani
2636 2609 2791 2671 parte
2840 2599 2988 2655 nulla
3029 2606 3257 2670 prorsus
3289 2607 3431 2653 terra
3485 2597 3579 2662 sit,
3610 2598 3709 2652 sed

2104 2708 2200 2747 aer
2231 2693 2281 2747 ei
2316 2707 2429 2748 orae
2472 2707 2536 2747 ex
2587 2692 2737 2747 omni
2790 2690 3013 2762 regione
3060 2688 3455 2745 circumfusus.
3502 2691 3574 2742 At
3612 2687 3711 2741 alii

2105 2785 2432 2855 Opinantur,
2469 2783 2725 2854 amplecti
2773 2783 2999 2854 quidem
3051 2797 3199 2838 mare
3234 2779 3514 2837 Oceanum
3558 2781 3714 2835 hunc

2107 2878 2460 2934 habitabilem
2494 2877 2709 2944 orbem,
2744 2886 2988 2948 quantus
3030 2885 3137 2940 est,
3186 2883 3244 2928 ut
3278 2888 3483 2929 corona
3518 2885 3709 2940 caput,

2104 2971 2189 3025 vel
2220 2985 2359 3026 zona
2406 2986 2612 3041 corpus
2643 2970 2849 3043 cingit;
2895 2978 2951 3024 et
2999 2981 3182 3024 tamen
3220 2966 3363 3022 ultra
3400 2974 3708 3021 extremam

2110 3064 2260 3120 illam
2310 3064 2518 3122 Oceani
2555 3080 2706 3121 oram
2741 3079 3034 3135 superesse
3057 3079 3202 3118 ream
3251 3070 3478 3126 terram,
3511 3061 3565 3115 in
3598 3075 3712 3130 qua

2104 3159 2355 3215 consitus
2392 3158 2497 3213 fuit
2527 3158 2846 3229 paradisus.
2872 3158 3065 3229 Itaque
3095 3166 3288 3228 putant
3311 3155 3364 3210 hi
3387 3154 3708 3226 paradisum

2058 3244 2070 3261 ⁸
2106 3263 2262 3308 extra
2312 3252 2460 3307 hunc
2489 3267 2520 3306 a
2558 3252 2884 3307 mortalibus
2934 3250 3343 3320 frequentatum
3386 3249 3576 3303 orbem
3612 3262 3712 3303 ex-

2105 3345 2348 3412 stitisse;
2387 3346 2533 3414 quod
2568 3359 2699 3400 sane
2731 3344 2848 3400 suis
2879 3343 3220 3415 argumentis
3255 3357 3423 3412 posse
3456 3354 3713 3411 compro-

2106 3437 2225 3493 bari
2275 3438 2512 3493 videtur.
2564 3434 2736 3492 Nemo
2784 3438 2931 3492 enim
2988 3452 3230 3506 unquam
3284 3434 3601 3506 regulorum
3640 3454 3709 3488 eo

2105 3531 2389 3603 proiectus
2450 3532 2771 3601 paradisum
2816 3532 3107 3600 conspexit
3142 3549 3153 3584 :
3188 3514 3283 3601 qui
3325 3530 3370 3584 si
3408 3531 3548 3584 intra
3581 3542 3705 3584 eam

2106 3624 2296 3680 mundi
2328 3634 2537 3696 partem
2571 3639 2693 3695 quae
2722 3623 2790 3678 ab
2823 3623 3140 3678 hominibus
3176 3622 3458 3677 habitatur
3495 3622 3702 3693 positus

2106 3725 2274 3783 esset,
2316 3717 2509 3787 procul
2538 3717 2707 3771 dubio
2740 3731 2894 3786 reges
2940 3717 3032 3787 qui
3093 3716 3145 3769 id
3183 3715 3367 3770 facere
3396 3715 3701 3785 puluissrut

2106 3807 2287 3861 visum
2314 3823 2440 3861 eum
2473 3806 2701 3862 ivissent
2728 3822 2744 3861 ε
2774 3823 2802 3861 a
2830 3823 2939 3878 qua
2969 3822 3028 3862 re
3062 3819 3245 3861 tamen
3277 3821 3471 3861 omnes
3499 3804 3699 3870 adhuc,

2106 3901 2177 3953 ob
2207 3916 2326 3955 eam
2357 3908 2418 3955 ut
2448 3903 2663 3956 videtur
2693 3918 2858 3970 quam
2891 3902 3056 3956 modo
3109 3901 3218 3955 dixi
3253 3915 3503 3964 causam,
3536 3900 3704 3954 absti-

2107 4009 2296 4049 nuere.
2329 3996 2420 4049 Ait
2467 3995 2634 4057 enim,
2669 3996 2761 4065 qui
2796 3997 2853 4049 in
2887 3994 2987 4050 hac
3028 4004 3159 4050 sunt
3204 3994 3499 4059 sententia,
3552 3993 3709 4046 aiunt

2107 4102 2259 4142 mare
2285 4086 2417 4143 illud
2441 4089 2587 4158 quod
2618 4088 2761 4142 inter
2789 4088 2930 4141 hanc
2956 4095 3200 4141 nostram
3234 4094 3289 4142 et
3321 4086 3471 4140 illam
3501 4092 3705 4139 terram

2106 4178 2410 4245 interfluit,
2478 4179 2846 4251 innavigabile
2909 4194 3068 4245 esse,
3132 4178 3369 4247 ideoque
3428 4176 3706 4231 neminem

2108 4287 2297 4344 regum
2337 4273 2465 4327 illuc
2503 4274 2808 4341 traiecisse.
2855 4273 2961 4328 Alii
3004 4287 3135 4328 vero
3178 4270 3256 4326 illi
3291 4272 3386 4344 qui
3430 4272 3706 4326 elementa

2106 4368 2307 4422 ambiri
2339 4367 2573 4422 alterum
2609 4367 2679 4422 ab
2714 4365 2910 4431 altero,
2938 4377 3103 4438 atque
3135 4363 3342 4421 Oceani
3374 4380 3549 4435 aquas
3582 4364 3707 4418 uni-

2105 4473 2322 4515 versam
2379 4460 2604 4516 omnino
2665 4461 3013 4515 circumdare
3082 4467 3305 4539 terram,
3354 4464 3588 4529 putant,
3641 4464 3706 4511 ut

413 4549 594 4607 Moses
634 4550 691 4605 in
718 4566 785 4606 eo
828 4551 972 4609 libro
998 4565 1162 4622 quem
1211 4550 1469 4608 Genesim
1508 4551 1655 4623 (hoc.
1689 4559 1794 4617 est,
1824 4552 1889 4606 de
1917 4567 2003 4607 τι·
2035 4566 2078 4622 ι)
2108 4554 2323 4609 nullum
2354 4554 2601 4624 supersit
2625 4554 2805 4610 solum
2838 4555 2979 4609 ultra
3007 4568 3180 4618 mare,
3210 4553 3527 4624 paradisum
3560 4552 3704 4606 intra

413 4659 533 4699 rum
566 4646 721 4715 ortu)
750 4640 1034 4708 vocamus,
1061 4646 1128 4700 de
1154 4645 1415 4716 paradiso
1449 4644 1670 4701 locutus
1698 4654 1804 4711 est,
1847 4659 2005 4700 eum-

412 4751 523 4808 que
566 4739 687 4792 suis
728 4738 885 4793 notis
925 4737 1271 4809 descripsit;.
1303 4740 1373 4793 de
1413 4738 1539 4794 eali
1594 4746 1779 4793 autem
1828 4751 2001 4808 regno

411 4848 522 4891 non
570 4836 799 4890 verbum
847 4833 1081 4905 quidem
1135 4831 1286 4887 fecit.
1336 4831 1553 4888 Rursus
1600 4831 1661 4886 in
1705 4830 2000 4903 Evangelia

414 4926 680 4983 Dominus
724 4933 934 4993 noster,
967 4926 1201 4997 ejusque
1245 4924 1499 4996 discipuli
1543 4935 1601 4981 et
1627 4923 1869 4981 Joamies
1901 4923 2004 4978 Ba-

409 5021 577 5091 ptista
625 5020 1040 5086 coneionantes,
1091 5017 1368 5074 adhortati
1443 5028 1573 5073 sunt
1622 5018 1895 5073 mortales
1934 5015 2002 5071 ad

352 5146 359 5153 κ
407 5117 836 5186 pmtiitentiam,
901 5116 1033 5188 quia
1089 5115 1147 5171 in
1202 5115 1513 5188 propinquo
1567 5124 1713 5171 esset
1773 5128 1999 5185 regnum

411 5209 635 5265 cmieste
664 5209 746 5277 ³¹;
797 5210 895 5264 sed
943 5208 1261 5280 paradisum
1297 5224 1417 5266 esse
1464 5209 1707 5263 vicinum
1760 5220 1873 5261 non
1917 5205 2004 5260 di-

412 5316 563 5358 xere.
602 5304 844 5373 Denique
875 5302 982 5358 hoc
1012 5318 1235 5371 quoque
1264 5302 1407 5357 inter
1441 5301 1531 5356 illa
1566 5299 1863 5355 discrimen
1891 5310 1997 5362 est,

407 5395 555 5466 quod
587 5404 710 5466 post
745 5397 1204 5451 resurrectionem
1232 5394 1594 5452 conscensuri
1628 5394 1743 5450 sint
1764 5394 1900 5463 justi
1933 5395 1999 5448 ad

409 5488 635 5544 caeleste
682 5505 934 5559 regnum,
985 5500 1157 5558 atque
1201 5487 1313 5543 illic
1363 5488 1415 5542 in
1458 5503 1675 5543 summa
1725 5487 2001 5559 voluptate

476 5638 523 5671 οτ
549 5597 853 5700 ιοπηίιιν,
883 5634 938 5689 2.
1017 5634 1064 5667 ἰ
1096 5633 1264 5691 Hebr.
1300 5649 1397 5700 χιι,
1428 5636 1521 5703 es,
1551 5635 1641 5691 εδ.

409 5719 572 5767 xxm,
607 5706 698 5759 45.

484 5842 561 5903 (il
597 5840 772 5908 Supra
802 5858 921 5912 cap.
955 5844 985 5899 7
1014 5846 1117 5903 sub
1149 5845 1357 5901 linem.-

1720 5634 1766 5669 ”
1794 5634 1832 5689 ll
1862 5634 1999 5692 Cor.’
2032 5650 2085 5703 ν,
2118 5636 2170 5691 l.

2108 4663 2265 4703 mare
2290 4647 2510 4719 quidem
2544 4648 2783 4718 positum
2809 4662 2934 4703 esse
2959 4649 3135 4714 aiunt,
3161 4662 3354 4702 verum
3383 4646 3455 4702 ob
3485 4653 3705 4701 montes

2110 4739 2464 4795 dillicillimos
2490 4748 2546 4794 et
2575 4741 2793 4809 penitus
2823 4741 2999 4794 invios
3029 4739 3122 4810 qui
3162 4739 3307 4793 inter
3336 4738 3491 4793 illum
3519 4746 3574 4792 et
3602 4753 3703 4792 nos

2109 4833 2420 4896 exsistunt,
2476 4834 2751 4888 neminem
2802 4832 3117 4888 mortalium
3173 4832 3307 4886 illuc
3373 4830 3699 4886 accessisse.

2107 4925 2415 4982 Conlicitur
2463 4927 2650 4998 itaque
2696 4942 2763 4981 ex
2819 4925 2929 4993 bis,
2985 4923 3307 4997 paradisum
3362 4934 3514 4980 extra
3571 4938 3700 4979 eum

2107 5027 2268 5078 terra:
2308 5021 2497 5077 orbem
2544 5037 2707 5092 quem
2760 5020 3014 5075 homines
3046 5019 3305 5085 colimus,
3337 5019 3506 5073 situm
3551 5031 3698 5072 esse.

2694 5111 2925 5169 CAPUT
2968 5111 3106 5167 Xlll.

2182 5204 2247 5261 In
2282 5225 2389 5279 qua
2434 5207 2621 5262 mundi
2671 5207 2880 5278 regione
2917 5208 3123 5277 positus
3168 5208 3239 5261 sit
3283 5188 3594 5276 paradisus.
3626 5232 3702 5247 -—-

2106 5299 2210 5355 Sed
2265 5310 2478 5372 quaerat
2528 5298 2769 5369 aliquis,
2824 5300 2878 5353 in
2932 5314 3173 5368 quanam
3230 5299 3420 5354 mundi
3475 5298 3700 5368 regione

2102 5395 2320 5466 positus
2364 5396 2436 5449 sit
2474 5394 2760 5465 paradisus
2798 5410 2811 5447 :
2849 5409 3038 5446 versus
3073 5391 3376 5457 Orientem,
3420 5407 3488 5446 an
3538 5391 3697 5445 Occi-

2104 5488 2355 5553 dentem,
2410 5489 2475 5542 ad
2529 5487 2838 5551 Meridiem,
2897 5502 2963 5539 an
3017 5484 3501 5557 Septentrionem?
3557 5483 3697 5539 lluic

2287 5637 2386 5692 ³⁸1
2426 5636 2557 5691 Cor.
2610 5651 2671 5702 ll,
2717 5635 2770 5690 9.
2886 5638 2929 5671 "
2973 5636 3161 5693 Matth.
3213 5654 3296 5704 ltt,
3348 5639 3403 5693 1.
3480 5638 3524 5672 ³⁸
3559 5637 3702 5698 Luc.
