4086 6424
374 357 476 416 ωτ
1508 346 1606 412 DE
1651 351 1937 412 PARADI

2048 398 2057 408 .
2099 375 2168 387 -
2206 352 2408 417 PARS
2446 353 2497 414 Ι.

3521 357 3622 418 498

374 468 797 537 respondemus,
848 464 1108 519 Basilium
1175 464 1392 533 quidem
1445 470 1499 517 et
1545 463 1663 532 ejus
1728 460 1948 515 fratrem
1979 464 2023 520 Δ
2054 460 2175 517 diso
2224 460 2367 516 allini
2418 472 2561 516 terra
2602 460 2654 516 in
2724 462 2864 517 hanc
2915 472 3152 518 nostram
3225 481 3320 537 per
3365 468 3641 525 vadosum

375 560 698 631 Gregorium
731 554 1054 629 Nysaeuum,
1100 565 1264 626 alque
1307 564 1504 627 pra-ter
1542 556 1645 611 bos
1674 556 1951 611 dominum

380 654 671 715 Severum,
723 649 1144 721 compluresque
1191 650 1330 705 alios
1376 634 1587 719 opinari
1637 648 1952 718 paradisum

374 742 448 797 ad
499 740 833 799 Orientalem
889 749 1044 795 terrai
1103 741 1377 811 regionem
1428 749 1665 795 exstare.
1717 740 1953 794 Basilius

372 832 527 887 enim
580 834 835 887 sermone
883 844 1046 898 super
1092 828 1224 884 illud
1274 827 1424 883 Pauli
1469 828 1538 893 ³³,
1599 828 1667 882 In
1709 830 1851 883 omni
1898 845 1953 884 re

369 927 582 995 gratias
613 926 772 997 agite,
821 924 888 978 ad
931 924 1075 979 hunc
1111 923 1333 978 modum
1368 922 1553 979 scribit
1596 939 1611 977 :
1661 942 1679 975 ι
1710 922 1838 978 Ideo
1884 920 1952 976 ad

370 1018 660 1075 Orientem
697 1016 843 1072 versi
888 1018 1030 1072 inter
1061 1017 1324 1070 orandum
1369 1015 1642 1082 stetimus,
1674 1024 1733 1069 ut
1762 1013 1951 1071 oculos

368 1116 599 1165 nostros
632 1107 701 1162 ad
746 1107 1221 1177 contemplandum
1268 1107 1589 1177 paradisum
1638 1104 1953 1163 assueface-

367 1216 583 1264 remus,
627 1215 801 1269 eoque
844 1199 1026 1255 locum
1073 1208 1321 1254 nostrum
1371 1199 1663 1266 pristinum
1707 1199 1952 1268 require-

364 1307 576 1349 remus.
605 1291 903 1361 Gregorius
956 1306 1089 1345 vero
1129 1288 1430 1362 Nysscuus.
1484 1302 1736 1343 sermone
1786 1302 1948 1357 quem

363 1386 424 1440 in
476 1382 797 1441 Orationem
865 1381 1207 1439 Dominicam
1268 1381 1616 1453 composuit,
1673 1381 1754 1436 sic.
1803 1382 1880 1435 ait
1934 1399 1948 1432 :

360 1475 759 1532 Convenimus
810 1490 911 1529 nos
966 1474 1035 1529 ad
1084 1474 1397 1536 Orientem,
1457 1489 1563 1537 non
1612 1472 1734 1528 ideo
1788 1474 1949 1527 nioilo

362 1567 517 1637 quod
564 1565 681 1622 illic
725 1564 871 1621 Deus
917 1564 987 1621 sit
1034 1565 1402 1635 aspectabilis,
1451 1563 1545 1633 qui
1598 1562 1801 1632 ubique
1844 1574 1947 1627 est,

365 1672 551 1729 neque
578 1656 692 1711 ullo
722 1656 1042 1725 particulari
1075 1657 1195 1711 loco
1220 1657 1444 1711 omnino
1478 1656 1795 1711 continetur
1822 1672 1946 1711 cum

369 1764 589 1805 omnem
633 1763 697 1802 ex
745 1763 903 1817 aequo
936 1754 1195 1819 occupet,
1245 1749 1339 1804 sed
1381 1747 1508 1816 quia
1561 1747 1714 1803 locus
1760 1756 1948 1802 noster

379 1843 638 1914 pristinus
684 1843 739 1897 in
786 1840 1011 1897 Oriente
1048 1849 1132 1897 est
1169 1860 1183 1895 :
1213 1841 1278 1897 de
1306 1856 1369 1897 ea
1403 1842 1509 1898 vita
1544 1840 1740 1910 loquor
1782 1855 1944 1908 quam

386 1937 441 1989 in
467 1935 715 2007 paradiso
740 1933 1107 2004 agitabamus,
1135 1949 1200 1988 ex
1233 1948 1342 2003 quo
1373 1931 1571 1987 deinde
1599 1931 1903 1986 excidimus
1928 1947 1944 1998 ;

376 2037 655 2085 conservat
682 2028 828 2082 enim
865 2027 1004 2081 Deus
1027 2026 1338 2096 paradisum
1362 2026 1415 2080 in
1434 2026 1605 2092 Eden,
1625 2025 1679 2079 in
1701 2024 1943 2080 Oriente.

362 2119 504 2175 Cum
533 2120 700 2190 igitur
726 2121 792 2175 ad
817 2118 1093 2176 Orientem
1120 2119 1409 2191 dirigimus
1433 2120 1714 2174 oculorum
1738 2129 1947 2173 nostro-

360 2227 487 2267 rum
521 2211 722 2276 aciem,
752 2219 916 2282 atque
947 2226 1134 2266 casum
1181 2210 1258 2281 (5)
1290 2220 1543 2266 nostrum
1582 2226 1692 2282 quo
1726 2225 1791 2266 ex
1822 2211 1947 2266 bea-

358 2307 598 2362 tissimis
636 2306 742 2362 illis
770 2306 905 2362 locis
935 2306 1268 2370 excidimus,
1298 2322 1618 2362 revocamus
1649 2306 1702 2361 in
1729 2307 1945 2361 animos

359 2408 611 2461 nostros,
650 2400 846 2454 merito
894 2400 1035 2455 hanc
1081 2411 1227 2455 tuam
1275 2400 1645 2471 precationem
1689 2401 1783 2456 tibi
1813 2399 1946 2456 offeo

357 2490 561 2556 rimus,
590 2501 698 2544 etc.
724 2488 968 2559 Denique
994 2491 1253 2547 dominus
1277 2493 1535 2556 Severus,
1562 2494 1808 2549 oratione
1837 2508 1943 2563 qua

357 2582 591 2638 disserit
617 2597 718 2638 cur
748 2583 890 2636 versi
920 2582 988 2636 ad
1014 2582 1292 2638 Orientem
1327 2582 1640 2650 adoremus,
1673 2584 1788 2639 haec
1817 2600 1943 2654 pro-

355 2674 504 2730 didit
536 2690 553 2729 :
581 2674 717 2742 Quia
760 2675 1052 2744 paradisus
1082 2676 1138 2731 in
1170 2674 1393 2731 Oriente
1433 2685 1539 2741 est,
1582 2686 1637 2732 et
1667 2676 1817 2731 illinc
1847 2693 1943 2731 su-

367 2781 499 2825 mus
538 2766 766 2837 egressi,
815 2774 980 2836 atque
1021 2752 1090 2822 ad
1135 2766 1315 2822 locum
1361 2775 1609 2824 nostrum
1657 2769 1942 2839 antiquum

362 2860 564 2916 reverti
592 2873 904 2930 speramus,
924 2867 1032 2919 etc.
1059 2858 1201 2913 Sunt
1223 2859 1389 2913 etiam
1413 2859 1509 2930 qui
1541 2858 1671 2915 hinc
1694 2869 1945 2917 constare

356 2951 705 3014 existiment,
754 2949 1072 3020 paradisum
1120 2949 1177 3003 in
1223 2948 1446 3005 Oriente
1490 2965 1632 3009 esse.
1678 2951 1803 3019 quia
1849 2951 1943 3021 qui

360 3044 567 3112 templa
613 3051 710 3098 aut
753 3043 898 3098 aedes
943 3052 1268 3097 construere
1315 3041 1506 3096 volunt
1552 3042 1620 3096 ad
1666 3040 1940 3097 Orientem

359 3135 690 3206 spectantia,
739 3134 811 3189 ita
856 3133 1197 3198 describunt,
1228 3144 1289 3188 ut
1335 3133 1403 3188 ad
1452 3133 1622 3189 solem
1666 3133 1720 3188 in
1759 3150 1945 3191 mense

358 3227 535 3284 Nisan
562 3226 839 3282 Orientem
869 3226 1100 3282 obversa
1141 3225 1213 3280 sit
1254 3223 1485 3289 fabrica,
1515 3226 1776 3281 nimirutn
1818 3227 1944 3296 quia

361 3322 458 3377 illo
512 3334 699 3374 mense
743 3318 825 3373 sol
871 3332 1036 3387 supra
1090 3315 1329 3387 paradisi
1377 3317 1559 3372 locum
1596 3318 1827 3372 oriatur.
1881 3317 1947 3370 Et

362 3413 564 3469 borum
594 3411 686 3466 alii
717 3411 939 3483 quidem
972 3410 1115 3464 diem
1157 3408 1432 3465 decimum
1461 3409 1712 3480 quintum
1744 3409 1948 3466 mensis

361 3505 536 3564 Nisan
589 3505 923 3571 observant,
975 3502 1133 3574 quasi
1188 3517 1255 3557 eo
1304 3502 1438 3558 solis
1489 3499 1630 3558 radii
1682 3509 1830 3557 recte
1878 3518 1945 3559 ex.

356 3599 732 3656 orientalibus
769 3595 1027 3651 fenestris
1050 3595 1368 3666 prosiliant;
1394 3594 1486 3650 alii
1512 3609 1641 3651 vero
1663 3603 1944 3666 quartum,

355 3706 539 3762 eoque
576 3691 631 3746 id
666 3691 781 3746 tieri
818 3697 1030 3759 putant,
1068 3688 1212 3759 quod
1254 3687 1335 3743 sol
1364 3701 1431 3742 eo
1474 3688 1548 3742 sit
1575 3685 1663 3742 die
1705 3696 1947 3753 creatus,

352 3793 415 3840 et
451 3797 677 3840 cursum
723 3776 886 3836 suum
939 3780 1232 3850 occeperit.
1278 3778 1481 3833 Verum
1522 3777 1771 3848 Ephrtem
1815 3777 1946 3832 dicit

356 3875 677 3946 paradisum
708 3874 1017 3929 universam
1060 3873 1271 3928 ambire
1338 3879 1541 3926 terram
1563 3913 1577 3937 ,
1610 3878 1775 3942 atque
1804 3870 1943 3927 ultra

360 3968 647 4023 Oceanum
699 3965 772 4019 ita
808 3952 1043 4034 positum
1076 3977 1199 4018 esse
1233 3970 1292 4017 ut
1336 3968 1510 4015 totum
1556 3965 1823 4015 terrarum
1851 3972 1944 4013 or-

354 4062 482 4116 bem
518 4059 589 4114 ab
619 4056 768 4113 omni
804 4054 1109 4112 circumdet
1146 4053 1391 4124 regione,
1434 4066 1541 4106 non
1589 4050 1745 4105 aliter
1778 4057 1946 4119 atque

356 4156 509 4208 luna:
554 4150 709 4206 orbis
758 4148 947 4205 lunam
996 4146 1189 4217 cingit.
1240 4145 1382 4200 Sunt
1428 4153 1611 4199 autem
1667 4142 1781 4198 haec
1824 4141 1945 4212 ejus

356 4245 480 4300 fere
522 4245 709 4307 verba,
751 4239 1034 4312 quibusin
1064 4254 1127 4295 ea
1173 4253 1270 4295 sua
1311 4236 1680 4307 disputatione
1727 4236 1941 4291 utitur:

356 4331 505 4397 Quia
551 4329 745 4402 procul
794 4337 946 4382 extra
988 4338 1345 4398 conspectum
1395 4325 1623 4381 dissitus
1663 4335 1744 4378 est
1781 4340 1944 4394 para-

356 4423 544 4487 disus,
575 4436 753 4491 neque
801 4429 908 4474 tam
954 4429 1111 4475 acuta
1144 4420 1286 4473 inest
1325 4419 1503 4473 oculis
1532 4417 1736 4472 nostris
1777 4420 1941 4483 acies,

2054 568 2207 608 mare
2233 554 2461 624 pedibus
2490 569 2850 622 commeasse,
2876 569 3001 610 cum
3031 566 3215 614 essent
3242 568 3470 616 staturae
3501 577 3627 631 pro-

2054 645 2392 711 cerissimae;
2452 656 2615 716 atque
2685 647 2790 702 hoc
2858 657 2972 701 tum
3028 654 3095 703 ‘ex
3157 650 3455 706 Athanasio
3512 661 3623 707 tum

2054 753 2086 794 e
2110 738 2314 810 Cyrillo
2351 739 2709 809 comprobare
2737 740 3011 806 nituntur,
3058 742 3149 813 qui
3183 742 3322 796 inter
3354 743 3455 797 alia
3493 747 3627 798 scri-

2052 830 2219 899 bunt,
2248 831 2638 888 habitationem
2666 831 2897 904 primam
2931 842 3053 903 post
3080 833 3395 902 paradisum
3458 833 3628 889 fuisse

2038 924 2262 1004 .Adamo
2313 926 2368 981 in
2409 925 2598 982 Judtea
2649 943 2664 981 :
2712 934 2975 996 praeterea
3022 926 3227 996 ipsum,
3276 934 3626 997 posteaquam

2052 1030 2151 1087 per
2180 1017 2444 1087 plurimas
2474 1017 2729 1089 regiones
2766 1027 2999 1089 vagatus
3056 1018 3113 1073 in
3147 1018 3274 1074 aliis
3301 1030 3468 1089 atque
3505 1019 3628 1074 aliis

2053 1108 2356 1165 habitasset
2385 1110 2519 1166 locis
2540 1151 2556 1177 ,
2595 1111 2814 1166 tandem
2845 1111 2949 1167 sub
2979 1111 3104 1166 vitae
3134 1110 3291 1166 finem
3326 1112 3541 1167 venisse
3572 1111 3627 1166 in

2052 1210 2293 1255 montem
2326 1200 2515 1263 Iebus.
2552 1202 2738 1272 ibique
2786 1203 3058 1273 sepultum
3107 1217 3264 1269 esse;
3301 1196 3511 1258 certum
3546 1213 3630 1259 est

2053 1303 2236 1347 autem
2268 1291 2438 1350 Jebus
2471 1308 2595 1350 esse
2624 1294 2947 1349 Jerusalem.
2981 1292 3048 1350 Et
3076 1309 3209 1351 vero
3253 1295 3509 1350 dominus
3536 1293 3631 1349 Ja-

2053 1385 2226 1440 cobus
2255 1383 2551 1442 Orrohaita
2588 1387 2751 1441 tradit
2789 1386 2955 1441 etiam
2986 1384 3157 1441 Noam
3188 1386 3298 1441 illic
3328 1385 3627 1453 habitasse,

2052 1482 2215 1545 atque
2246 1475 2299 1529 in
2328 1477 2549 1547 regione
2573 1476 2936 1533 Sodomorum
2970 1476 3247 1548 plantasse
3280 1477 3402 1532 illas
3432 1477 3628 1532 cedros

2051 1582 2117 1621 ex
2166 1565 2368 1637 quibus
2420 1581 2603 1622 arcam
2642 1567 2950 1623 construxit
2998 1584 3013 1620 :
3061 1583 3225 1638 quam
3267 1582 3451 1622 aream
3501 1583 3626 1623 cum

2049 1668 2194 1715 esset
2237 1675 2344 1713 una
2393 1674 2519 1714 cum
2572 1660 2758 1716 liberis
2807 1660 2922 1717 suis
2968 1675 3373 1717 conscensurus
3420 1660 3628 1729 impen-

2050 1751 2215 1808 dente
2245 1752 2475 1815 diluvio,
2508 1768 2692 1815 secum
2728 1754 2782 1806 in
2818 1769 2939 1810 eam
2970 1754 3223 1810 intulisse
3253 1769 3378 1810 ossa
3411 1755 3624 1819 Adami,

2056 1857 2230 1913 eaque
2276 1843 2470 1898 deinde
2512 1851 2635 1914 post
2680 1844 2943 1899 diluvium
2984 1858 3109 1901 arra
3158 1861 3475 1916 egressum.
3513 1847 3629 1901 suis

2054 1931 2183 1987 ﬁliis
2215 1928 2580 1998 distribuisse,
2615 1945 2771 2003 prout
2808 1934 2995 1990 urbem
3032 1943 3301 1991 terrarum
3333 1939 3475 1992 inter
3506 1938 3627 1993 illos

2054 2022 2408 2079 habitandum
2451 2025 2805 2092 partiebatur.
2857 2023 3016 2082 Verbi
3052 2029 3224 2100 gratia
3266 2047 3280 2083 :
3322 2027 3626 2085 Calvariam

2052 2114 2245 2171 Adami
2298 2116 2515 2173 dedisse
2562 2117 2930 2188 primogenita
2975 2133 3077 2175 suo
3124 2119 3276 2185 Sent,
3325 2132 3379 2176 et
3430 2119 3626 2177 terram

2052 2209 2363 2277 assignasse
2392 2208 2439 2264 ei
2471 2207 2734 2276 Juda-am,
2766 2219 2931 2281 atque
2958 2213 3032 2267 ita
3061 2215 3427 2282 posteritatem
3462 2215 3584 2269 Scin
3611 2256 3625 2277 .

2053 2312 2178 2356 cum
2224 2302 2274 2358 ei
2308 2300 2548 2358 Iudaeam
2595 2319 2695 2359 ceu
2752 2319 2907 2360 suam
2962 2306 3333 2364 literalitatem
3364 2311 3624 2374 venisset,

2055 2394 2200 2450 illam
2241 2394 2371 2451 Adae
2419 2396 2725 2452 Calvariam
2776 2414 2899 2469 qua:
2947 2400 3054 2455 sibi
3105 2402 3253 2455 illius
3301 2403 3519 2470 ossibus
3561 2419 3625 2457 ex

2052 2497 2277 2559 paterna
2312 2487 2700 2547 distributione
2748 2493 3067 2559 obvenerat,
3104 2496 3158 2550 in
3195 2497 3324 2551 Adae
3374 2499 3628 2569 sepulcro

2052 2580 2195 2650 quod
2242 2581 2447 2650 alioqui
2493 2583 2609 2652 jam
2658 2585 2934 2653 tumillie
2982 2588 3252 2653 exstabat,
3292 2589 3625 2658 reposuisse.

2053 2672 2159 2727 Sed
2184 2672 2278 2728 alii
2302 2672 2642 2739 existimant,
2666 2675 2791 2730 inde
2812 2691 2879 2732 ex
2903 2692 3013 2745 quo
3036 2678 3339 2749 deliquerat
3360 2681 3624 2746 Adamus,

2052 2778 2192 2833 eque
2223 2765 2480 2835 paradiso
2523 2764 2702 2820 fuerat
2747 2766 3069 2823 eliminatu’s
3096 2786 3112 2821 :
3143 2783 3317 2838 usque
3361 2771 3428 2825 ad
3478 2771 3625 2825 dilu-

2050 2858 2224 2921 vium,
2272 2858 2532 2913 mortales
2578 2873 2771 2915 omnes
2818 2861 3086 2916 mansisse
3124 2862 3178 2916 in
3213 2877 3276 2916 ea
3323 2872 3462 2915 terra
3505 2876 3627 2933 qua:

2052 2955 2204 3003 trans
2234 2946 2510 3004 Oceanum
2558 2948 2765 3004 circum
2798 2950 3112 3020 paradisum
3142 2952 3396 3008 exstabat
3438 2970 3453 3007 :
3488 2954 3627 3009 hanc

2053 3053 2182 3095 vero
2211 3055 2375 3111 quam
2410 3055 2511 3097 nos
2551 3041 2666 3112 jam
2707 3041 2974 3097 habemus
3005 3052 3209 3097 terram
3262 3044 3328 3098 ad
3362 3045 3416 3099 id
3452 3044 3626 3115 usque

1972 3166 2016 3227 ο
2053 3139 2264 3203 tempus
2289 3148 2516 3188 vacuam
2551 3146 2778 3203 prorsus
2809 3132 3300 3216 hominumjfuisse
3325 3136 3627 3192 desertam-

2047 3241 2193 3296 que;
2231 3226 2462 3296 illosque
2502 3241 2702 3282 omnes
2746 3226 2954 3283 diluvio
2983 3227 3212 3284 obrutos
3246 3240 3466 3300 prepter
3498 3231 3623 3285 vitae

2048 3315 2414 3387 impuritatem
2439 3318 2689 3389 periisse,
2713 3331 2826 3373 uno
2846 3316 2959 3375 Noa
2985 3319 3102 3375 viro
3119 3319 3272 3391 justo
3293 3335 3418 3376 cum
3445 3322 3624 3379 tribus

2048 3406 2233 3463 liberis
2263 3417 2428 3479 atque
2465 3408 2793 3481 conjugibus
2827 3411 3144 3482 superstite,
3181 3423 3237 3467 ut
3270 3413 3468 3483 reliqui
3506 3420 3621 3469 tum

2049 3500 2251 3557 fuerint
2281 3501 2385 3558 soli
2417 3511 2541 3558 octo
2569 3503 2847 3558 mortales.
2879 3502 3153 3560 Caeterum
3219 3502 3385 3560 Neam
3431 3506 3624 3562 cedrus

2048 3591 2103 3648 in
2135 3593 2226 3649 illa
2259 3609 2384 3664 qua:
2415 3593 2559 3650 ultra
2593 3595 2869 3651 Oceanum
2901 3604 2987 3653 est
3014 3608 3159 3652 terra
3186 3598 3417 3662 sevisse,
3462 3607 3626 3669 atque

2047 3698 2112 3751 ex
2163 3684 2270 3741 illis
2318 3699 2500 3740 arcam
2539 3686 2650 3742 illic
2701 3687 3009 3752 struxisse;
3063 3703 3235 3757 eaque
3275 3697 3456 3744 tectos
3499 3699 3626 3745 octo

2049 3775 2175 3832 illos
2205 3777 2475 3843 homines,
2509 3793 2634 3831 cum
2666 3794 2697 3832 a
2723 3778 2932 3832 diluvio
2964 3780 3164 3833 servati
3198 3791 3401 3844 essent,
3434 3797 3499 3836 ex
3533 3781 3623 3834 illa

2046 3864 2285 3934 paradisi
2325 3867 2543 3935 regione
2588 3867 2640 3921 in
2673 3867 2814 3922 hanc
2844 3866 3089 3923 nostram
3126 3871 3439 3940 pervenisse
3469 3889 3481 3926 :
3514 3889 3622 3928 non

2048 3966 2230 4011 autem
2280 3956 2508 4026 pedibus
2558 3957 2728 4014 maris
2810 3959 3008 4013 vadum
3066 3960 3458 4018 transmisisse.
3518 3962 3621 4028 Qui

2048 4045 2189 4102 banc
2235 4049 2559 4103 sententiam
2608 4056 2852 4113 tuentur,
2898 4046 3145 4119 Ephrann
3183 4062 3460 4107 auctorem
3512 4055 3626 4109 latt-

2046 4139 2220 4202 daut,
2287 4139 2381 4210 qui
2437 4141 2489 4194 in
2551 4141 2666 4196 suis
2723 4141 3149 4199 Commentariis
3215 4145 3295 4201 sic
3358 4146 3621 4216 scriptum

2047 4232 2269 4300 reliquit
2297 4248 2311 4285 :
2347 4249 2367 4283 ι
2399 4232 2461 4286 Et
2488 4231 2650 4301 eiecit
2676 4247 2800 4286 eum
2825 4248 2891 4287 ex
2921 4249 2986 4288 eo
3013 4232 3624 4307 (paradisumintellige)

2047 4322 2460 4393 assignavitque
2513 4322 2613 4393 ipsi
2663 4338 2774 4378 non
2822 4322 3012 4394 procul
3061 4329 3257 4381 abeo.
3308 4324 3621 4397 Benignitas
3678 4323 3688 4333 ”

2048 4424 2213 4485 atque
2242 4414 2416 4484 gratia
2454 4428 2655 4485 scopus
2682 4425 2768 4471 est
2799 4426 3095 4487 perpetuus
3134 4416 3279 4484 Deo;
3311 4418 3433 4486 ejus
3457 4421 3619 4475 etiam

359 4528 424 4572 ut
455 4514 613 4571 illum
650 4512 873 4584 assequi
923 4510 1234 4581 possimus;
1275 4509 1319 4564 si
1368 4510 1434 4564 de
1478 4509 1597 4580 ipso
1634 4508 1937 4579 periculum
1975 4505 2019 4560 D
2048 4506 2125 4561 rei
2169 4505 2312 4577 apud
2368 4506 2573 4562 inl‘eros
2626 4508 2853 4577 vestigia
2920 4517 3156 4564 exstant.
3217 4507 3621 4564 ilahitationem

361 4608 549 4664 facere
588 4605 747 4667 velis,
798 4602 956 4659 facile
1000 4600 1300 4658 contuleris
1344 4616 1469 4657 cum
1515 4600 1722 4656 circulo
1753 4600 1938 4655 lunam

363 4699 676 4766 ambiente,
728 4705 893 4766 atque
946 4696 1017 4749 ita
1068 4693 1343 4749 intellectu
1399 4692 1880 4762 comprehenderis
1922 4707 1937 4746 :

372 4809 496 4849 nam
544 4791 617 4846 ita
668 4790 758 4845 ille
804 4798 860 4844 et
904 4803 1059 4842 mare
1088 4797 1142 4841 et
1175 4798 1374 4841 terram
1429 4785 1570 4840 intra
1610 4800 1668 4839 se
1699 4784 1941 4856 comple-

376 4885 555 4939 ctitur.

950 4972 1178 5031 CAPUT
1218 4971 1360 5029 XIV.

441 5069 717 5135 Quomodo
757 5069 1060 5138 trajeceriut
1108 5066 1266 5136 primi
1308 5075 1550 5137 parentes
1590 5080 1655 5118 ea:
1702 5060 1942 5133 paradisi

364 5174 513 5217 terra
559 5160 613 5215 in
666 5158 797 5213 hanc
841 5169 1059 5213 terram.
1113 5156 1183 5211 Et
1232 5155 1553 5210 habitat-ima
1605 5150 1840 5206 Adamus
1888 5152 1943 5205 in

364 5254 581 5326 regione
609 5250 1119 5322 Hierosolymorum,
1165 5265 1360 5303 annon.
1396 5280 1463 5290 —
1490 5245 1719 5314 Quidam
1751 5259 1942 5301 eorum

359 5348 680 5410 doctorum,
728 5343 821 5415 qui
864 5352 1090 5399 censent
1130 5341 1439 5410 paradisum
1476 5341 1616 5394 ultra
1666 5337 1941 5394 Oceanum

361 5448 491 5499 esse
520 5436 782 5508 positum,
813 5433 1003 5489 dixere
1037 5433 1247 5505 primos
1281 5431 1531 5488 homines
1560 5445 1624 5486 ex
1660 5426 1751 5486 illa
1789 5444 1947 5500 para-

440 5614 488 5646 ³³
519 5612 541 5668 l
571 5609 765 5669 Thess.
797 5628 847 5677 v,
886 5612 973 5667 18.

447 5795 526 5860 f3)
558 5796 705 5852 Alias
737 5796 958 5850 exitum.

2049 4597 2274 4653 dederat
2320 4597 2422 4669 ipsi
2476 4598 2530 4653 in
2582 4599 2860 4669 paradiso,
2911 4600 3005 4655 sed
3062 4603 3448 4670 praevaricatns
3491 4612 3618 4658 est:

2050 4705 2244 4746 rursus
2284 4706 2414 4760 ergo
2455 4691 2691 4746 extrusit
2739 4691 3017 4761 paradiso,
3060 4691 3154 4746 sed
3208 4692 3261 4745 in
3316 4696 3626 4764 propinquo

2050 4781 2359 4836 collocavit.
2422 4777 2528 4835 Sed
2558 4788 2612 4835 et
2666 4779 2754 4836 hic
2809 4781 3161 4852 perditissimi
3204 4782 3451 4838 homines
3491 4784 3627 4840 deli-

2050 4879 2311 4941 queruut,
2358 4880 2411 4925 et
2445 4867 2537 4940 qui
2565 4868 2723 4939 juxta
2754 4869 3067 4940 paradisum
3104 4870 3434 4938 habitarent,
3485 4873 3626 4928 iudi-

2053 4963 2142 5032 gni
2172 4970 2463 5018 evaserunt
2496 4980 2508 5016 ε
2540 4975 2682 5015 arcte
2709 4959 2876 5033 igitur
2904 4959 3206 5032 imperavit,
3246 4978 3308 5017 ea
3345 4962 3399 5017 in
3430 4965 3624 5020 Arme-

1990 5044 1997 5053 ’
2050 5054 2197 5110 niam
2232 5054 2353 5109 illos
2380 5052 2666 5126 portavita
2696 5051 2972 5109 Hactenus
2994 5053 3263 5124 Ephnem.
3294 5054 3427 5122 Quae
3470 5054 3513 5109 si
3544 5057 3626 5110 sie

2052 5163 2110 5203 se
2143 5148 2366 5212 habent,
2403 5161 2704 5217 verumque
2729 5154 2832 5211 est,
2866 5144 2997 5201 Adae
3025 5145 3331 5202 Calvariam
3378 5148 3432 5202 in
3456 5146 3621 5202 Jebus

2053 5240 2182 5311 (hoc
2209 5247 2310 5307 est,
2345 5236 2696 5312 Jerusalem)_
2727 5237 3018 5309 sepultam,
3071 5249 3122 5293 et
3158 5234 3363 5296 Christi
3407 5252 3626 5295 crucem

2055 5334 2110 5386 in
2139 5346 2258 5386 eam
2291 5331 2523 5385 deﬁxam
2558 5328 2729 5385 fuisse
2762 5337 3011 5386 :certum
3047 5343 3266 5401 quoque
3294 5331 3422 5395 erit,
3454 5329 3624 5384 Neam

2057 5431 2373 5493 asportasse
2405 5434 2531 5479 ossa
2566 5419 2764 5479 Adami
2802 5434 2868 5477 ex
2920 5420 3092 5479 altera
3125 5422 3216 5477 illa
3261 5431 3426 5486 terra,
3469 5414 3646 5476 eum-'
