4086 6406
441 392 550 459 499

1717 393 1952 455 MOSIS
1992 393 2147 454 ΒΑΗ
2186 390 2433 455 CEPHA

3605 360 3712 451 sea

444 526 578 576 quc.
640 506 734 562 ubi
793 505 848 563 in
885 506 1029 563 hanc
1076 516 1325 565 nostram
1388 506 1719 579 trajeclsset,
1770 507 1882 562 tilio
1934 521 2034 562 suo
2060 509 2108 568 Α
2140 506 2351 563 fructus
2385 504 2624 577 paradisi
2661 504 2785 575 (etsi
2819 503 3045 559 arbores
3079 500 3396 571 fructusque
3430 499 3713 570 appellen-

416 600 816 672 'primogenito
867 600 995 656 Sem
1047 611 1212 672 caput
1239 601 1458 658 dedisse
1490 619 1506 656 :
1538 603 1809 672 bujusque
1846 609 2029 671 poste-

444 696 665 751 ritatem
714 695 847 750 illud
900 694 954 749 in
992 693 1161 751 Jebus
1190 694 1402 766 (utpote
1466 710 1566 753 sua
1622 696 1867 763 ipsorum
1904 709 2030 763 pos-

445 786 720 859 sessione)
765 787 1107 858 sepelivisse.
1151 786 1276 842 llaec
1307 787 1470 858 igitur
1515 788 1582 842 ab
1634 786 1743 842 illis
1773 786 2029 841 dicuntur

445 880 541 949 qui
600 880 896 951 opinantur
950 879 1268 949 paradisum
1344 880 1484 935 ultra
1551 894 1700 934 mare
1750 879 2026 935 Oceanum

443 972 756 1039 exsistere;
789 981 846 1026 at
893 972 1110 1027 illorum
1150 972 1244 1042 qui
1296 980 1490 1043 putant
1519 970 1834 1041 paradisum
1887 970 2029 1025 intra

444 1060 724 1119 Oceanum
760 1078 882 1119 esse
912 1064 1180 1134 positum.
1216 1079 1393 1134 neque
1422 1080 1521 1119 nos
1557 1064 1696 1117 mari
1735 1063 1829 1117 sed
1869 1062 2029 1118 inviis

442 1164 496 1210 et
529 1156 671 1211 haud
705 1155 1140 1226 penetrabilibus
1171 1158 1451 1211 montibus
1489 1155 1558 1209 ah
1605 1155 1697 1211 illo
1729 1154 2024 1225 prohiberi,

445 1246 644 1315 partim
670 1247 863 1302 dicunt
889 1248 1018 1303 Δότε
1059 1258 1283 1318 nepotes
1314 1248 1548 1318 pedibus
1581 1262 1644 1302 ex
1688 1245 1777 1323 illa
1807 1245 2029 1314 regione

440 1339 497 1392 in
549 1338 691 1394 hanc
741 1352 983 1395 nostram
1040 1354 1406 1406 commeasse,
1438 1339 1640 1410 partim
1687 1353 1817 1394 vero
1862 1337 2026 1393 ober-

442 1438 597 1485 rante
628 1444 754 1485 area
781 1431 936 1488 illinc
968 1447 1091 1489 esse
1120 1432 1228 1488 huc
1259 1432 1494 1488 delatos.

1035 1524 1267 1581 CAPUT
1306 1524 1426 1580 XV.

512 1613 688 1681 Quam
746 1616 819 1670 sit
887 1617 1128 1688 amplum
1184 1620 1431 1687 paradisi
1488 1622 1741 1690 spatium.
1784 1649 1854 1659 —
1901 1618 2028 1674 Sive

437 1715 621 1761 autem
654 1707 947 1777 paradisus
981 1709 1036 1763 in
1070 1710 1294 1780 regione
1324 1712 1490 1766 modo
1526 1712 1789 1767 Orientali
1818 1713 2027 1782 positus

436 1808 548 1867 est,
615 1809 675 1856 ut
734 1800 925 1857 dixere
981 1801 1241 1870 Basilius,
1301 1804 1623 1876 Gregorius,
1689 1804 1924 1861 Severus
1974 1816 2027 1861 et

2136 602 2245 669 tur)
2304 600 2449 654 tales-
2492 599 2720 655 omnino
2765 596 2973 661 fuisse,
3030 594 3219 666 quales
3266 594 3356 650 hic
3408 592 3550 665 apud
3609 609 3713 651 nos

2134 693 2574 765 progignuntur;
2619 690 2713 745 sed
2759 689 2920 761 longe
2955 688 3041 743 his
3073 686 3557 757 prmcellentiores,
3598 686 3715 741 ele-

2134 785 2429 856 gantiores,
2483 785 2742 852 majores.
2775 780 2913 837 Nam
2965 789 3025 835 ut
3075 779 3149 834 ita
3181 788 3518 842 statuamus,
3558 778 3716 833 hisce

2132 875 2447 932 inducimur
2492 873 2824 931 raﬁonibus.
2879 872 3126 927 Primum
3182 871 3259 925 illi
3331 869 3546 926 fruetus
3599 886 3715 926 non

2133 968 2287 1025 fuere
2325 968 2698 1025 exsecratioui
2728 967 2926 1021 divina:
2960 963 3189 1019 obnoxii
3241 977 3420 1033 neque
3444 962 3712 1027 damnati,

2133 1072 2193 1119 ut
2242 1063 2294 1117 hi
2349 1063 2569 1126 nostri;
2616 1061 2812 1116 deinde
2861 1060 2904 1115 si
2954 1059 3008 1115 in
3050 1060 3154 1113 hac
3185 1065 3373 1112 nostra
3405 1055 3715 1112 detestabili

2132 1162 2274 1209 terra
2310 1161 2472 1220 atque
2511 1151 2748 1220 infelice,
2790 1151 2894 1206 alia
2927 1150 3066 1213 loca,
3118 1148 3265 1212 aliis,
3304 1146 3717 1219 praestantiores

2131 1243 2354 1299 arbores
2385 1253 2438 1299 et
2464 1242 2670 1298 fructus
2708 1241 2964 1297 meliores
2997 1237 3251 1302 fuerunt;
3285 1247 3493 1307 quanto
3542 1234 3719 1304 magis

2129 1336 2555 1392 existimandum
2593 1334 2777 1403 fuerit,
2828 1335 3058 1389 arbores
3098 1329 3424 1401 fructusque
3473 1328 3714 1399 paradisi

2132 1428 2217 1482 his
2290 1428 2495 1483 nostris
2568 1426 2741 1482 multo
2813 1424 3271 1497 prmcellentiores
3351 1421 3718 1490 melioresque

2131 1516 2341 1572 fuisse!
2378 1516 2442 1573 Et
2472 1521 2609 1570 vero‘
2631 1515 2773 1571 hanc
2801 1523 3049 1569 nostram
3083 1511 3412 1568 sententiam
3450 1506 3720 1581 approbat

2130 1611 2295 1666 etiam
2358 1610 2715 1672 Philoxenus,
2775 1623 2838 1663 ea
2888 1607 3141 1663 oratione
3173 1621 3334 1676 quam
3392 1603 3461 1658 de
3518 1601 3720 1657 arbore

2126 1703 2255 1759 vita:
2288 1702 2547 1772 scriptam
2583 1701 2843 1770 reliquit;
2897 1714 3025 1754 nam
3062 1700 3129 1753 de
3156 1697 3437 1769 paradiso,
3484 1695 3721 1765 ejusque

2129 1793 2332 1863 plantis
2392 1793 2558 1848 verba
2620 1791 2830 1847 faciens
2894 1790 3406 1859 ait:Nequaqnam
3459 1785 3722 1855 subjecta:

435 1891 753 1961 complures
784 1893 898 1959 alii,
932 1867 1237 1954 necessum:
1275 1904 1360 1952 es;
1397 1867 1699 1966 ε’ρθιίοεζιηι
1725 1896 2020 1954 admodum
2059 1867 2102 1923 Β
2133 1894 2263 1940 sunt
2307 1883 2677 1939 exsecrationi
2729 1891 2894 1952 atque
2925 1882 3303 1947 damnationi;
3341 1880 3425 1935 ha:
3466 1880 3612 1934 enim
3659 1877 3717 1932 in

438 1993 611 2055 atque
673 1986 917 2057 amplum
990 1986 1202 2053 fuisse;
1264 1988 1315 2044 ei
1363 1991 1510 2044 enim
1555 1990 1630 2045 rei
1683 1988 1843 2046 fidem
1894 1990 2026 2046 facit

438 2077 634 2147 ingens
681 2079 813 2134 illud
850 2080 1051 2135 ﬂumen
1094 2096 1206 2151 quo
1257 2082 1563 2153 rigabatur.
1618 2080 1755 2141 Nam
1808 2084 1853 2140 si
1895 2084 2022 2149 hoc,

438 2163 532 2218 ubi
578 2167 896 2235 paradisum
954 2169 1090 2225 satis
1141 2170 1340 2233 abluit,
1403 2173 1455 2225 in
1499 2181 1736 2242 quatuor
1790 2173 2025 2241 grandes

436 2256 635 2314 ﬂuvios
663 2260 995 2324 dissecatur,
1029 2265 1123 2333 qui
1163 2279 1417 2331 magnam
1466 2267 1617 2322 orbis
1668 2268 1830 2335 hujus
1859 2283 2024 2335 quem

437 2363 540 2403 nos
586 2351 818 2408 colimus
845 2363 1057 2423 partem
1089 2371 1192 2411 suo
1228 2371 1396 2413 cursu
1428 2357 1660 2422 alluunt,
1720 2360 2021 2414 maximum

434 2442 702 2512 proiecto,
751 2447 1151 2516 amplissimum
1203 2460 1367 2522 atque
1412 2449 1936 2521 profundissimum,
1965 2460 2026 2509 ut

435 2535 512 2589 sit
556 2547 991 2596 consentaneum
1040 2553 1144 2608 est,
1182 2554 1477 2615 antequam
1521 2545 1575 2598 in
1623 2553 1864 2614 quatuor
1897 2545 2024 2602 illos

430 2628 715 2685 diductum
748 2640 907 2702 atque
929 2635 1273 2706 dispertitum
1310 2637 1380 2691 sit
1401 2639 1633 2708 grandes
1663 2637 1878 2695 ﬂuvios.
1900 2637 2021 2693 Jam

435 2736 565 2776 vero
594 2737 659 2777 ex
687 2721 932 2781 fluminis
961 2726 1335 2799 magnitudine
1360 2728 1675 2794 conficitur,
1703 2729 2020 2799 paradisum

432 2811 527 2881 qui
579 2813 673 2869 illo
727 2814 938 2885 rigatur
1014 2819 1417 2889 amplissimum
1467 2835 1687 2890 quoque
1724 2836 1866 2876 esse.
1922 2821 2020 2877 Siu

431 2919 567 2959 vero
598 2904 743 2976 (qua:
775 2906 1049 2978 prrzemi
1080 2911 1351 2966 sententia
1391 2920 1498 2981 est)
1523 2927 1740 2966 omnem
1779 2914 2024 2982 undique

431 3008 640 3054 terram
699 3010 944 3057 nostram
1010 3019 1137 3059 cum
1196 3004 1419 3060 Oceano
1474 3006 1645 3059 ambit
1712 3007 2020 3075 paradisus.

430 3089 678 3163 profecto
724 3093 859 3149 nihil
908 3110 1135 3166 prorsus
1180 3096 1543 3152 dubitationis
1594 3098 1864 3168 reliquum
1914 3108 2018 3165 est,

428 3186 565 3257 quin
599 3186 672 3243 sit
703 3189 1084 3261 amplissimus
1115 3191 1661 3261 patentissimusque.

1018 3300 1247 3357 CAPUT
1288 3300 1428 3357 XVI.

501 3413 645 3479 Quid
682 3414 754 3468 sit
806 3412 989 3479 Eden,
1013 3421 1063 3467 et
1098 3430 1194 3467 cur
1232 3414 1514 3482 paradisus
1557 3426 1767 3472 vocetur
1801 3417 2022 3487 paradi-

428 3523 544 3562 sus.
588 3537 660 3548 —
701 3505 853 3561 Eden
907 3506 1152 3561 Hebreis
1208 3508 1500 3577 voluptatis
1576 3512 2018 3582 signiﬁcationem

430 3600 607 3667 habet,
662 3608 714 3655 et
761 3599 1011 3654 credibile
1061 3610 1136 3655 est
1189 3599 1402 3656 Graecos
1461 3619 1617 3656 suum
1669 3603 1839 3674 ἡδονὴ
1899 3605 2021 3659 inde

432 3695 715 3763 formasse.
746 3692 1112 3749 ——Casterum
1166 3694 1316 3750 Eden
1365 3695 1524 3750 locus
1581 3706 1663 3752 est
1697 3698 1912 3765 amplus
1956 3712 2021 3752 ac

429 3785 732 3855 spatiosus,
786 3784 867 3839 sic
912 3782 1116 3851 dictus,
1171 3785 1320 3857 quod
1363 3787 1653 3851 delicatus,
1707 3802 1771 3841 ac
1830 3788 2023 3843 multis

431 3877 711 3946 variisque
744 3876 1039 3935 arboribus
1069 3890 1368 3935 exornatus
1396 3881 1488 3936 sit.
1530 3878 1827 3936 Paradisus
1885 3872 2023 3936 vero

431 3969 742 4039 appellatur
794 3970 1089 4039 paradisus
1140 3974 1284 4044 quod
1326 3973 1479 4030 locus
1529 3975 1601 4029 sit
1633 3975 1814 4030 cultus
1850 3973 2021 4044 pluri-

430 4060 538 4116 mis
586 4059 1080 4128 pulcherrimisque
1140 4065 1386 4134 plantis,
1421 4081 1544 4121 eum
1603 4066 1831 4120 odoratu
1902 4073 2018 4120 tum

430 4163 651 4223 gustatu
697 4155 985 4227 iucundis,
1037 4155 1306 4228 planeque
1350 4171 1654 4224 congruus,
1709 4155 2016 4226 appositus,

430 4248 924 4315 accommodatus,
986 4258 1048 4303 ut
1103 4249 1173 4305 sit
1239 4248 1578 4304 domicilium
1637 4248 1907 4318 sedesque
1963 4256 2020 4302 et

429 4343 729 4397 amoenitas
806 4341 1137 4408 hominum;
1209 4357 1337 4397 nam
1401 4341 1779 4411 hujuscemodi
1835 4341 2015 4396 locum

428 4443 841 4490 consueverunt
867 4434 1131 4490 mortales
1157 4434 1432 4506 appellare
1463 4434 1801 4505 paradisum.
1835 4433 2019 4499 Quare

432 4530 624 4583 beatus
664 4527 877 4600 Moyses
915 4542 1136 4598 quoque
1202 4526 1460 4582 Jordanis
1506 4527 1669 4582 etiam
1714 4529 2042 4596 regionem,’

428 4620 559 4691 quia
611 4637 828 4677 amoma
874 4631 1040 4692 atque
1087 4620 1403 4690 spectabilis
1449 4629 1597 4675 esset
1632 4621 1681 4675 id
1730 4620 2015 4689 temporis,

430 4713 749 4782 paradisum
786 4713 1115 4770 nominavit.
1163 4712 1338 4768 Porro
1376 4719 1434 4766 ut
1487 4712 1638 4784 regio
1688 4710 1837 4765 Eden
1880 4725 2018 4765 cun—

426 4817 546 4861 ctas
582 4807 825 4877 reliquas
856 4805 1121 4876 praecellit
1153 4813 1359 4873 terras;
1408 4805 1483 4859 ita
1510 4813 1561 4860 et
1590 4819 1653 4860 ea
1708 4803 1829 4873 ejus
1864 4816 2012 4874 pars,

427 4894 481 4951 in
537 4912 643 4966 qua
712 4898 851 4952 situs
902 4905 990 4952 est
1040 4896 1367 4967 paradisus,
1420 4906 1614 4952 caetera
1668 4896 1850 4950 omnia
1905 4908 2027 4964 quin

426 4987 578 5042 Eden
624 4986 1007 5058 complectitur
1052 4987 1170 5042 loca
1226 4997 1451 5058 superat
1497 5005 1511 5041 :
1564 5001 1744 5056 neque
1772 4986 1917 5041 enim
1970 4985 2025 5038 iu

427 5078 579 5132 Eden
643 5078 810 5131 ullum
867 5088 944 5134 est
1013 5079 1193 5134 solum
1245 5078 1600 5149 praestantius
1658 5093 1725 5133 eo
1788 5078 1844 5132 in
1910 5092 2020 5148 quo

434 5168 724 5238 paradisus
754 5179 838 5225 est
867 5171 1136 5249 consitus.

1004 5282 1237 5339 CAPUT
1285 5282 1451 5339 XVII.

504 5378 591 5430 Αη
643 5377 848 5444 lucriul
897 5376 1116 5432 arbores
1176 5379 1492 5449 fructusque
1547 5377 1791 5448 paradisi
1837 5378 2020 5449 quales

436 5476 548 5525 ha‘c
605 5478 792 5524 nostra
839 5480 982 5524 terra
1013 5470 1137 5539 fert,
1191 5486 1260 5523 an
1315 5470 1397 5525 his
1444 5470 1753 5525 dissimiles.
1784 5499 1853 5510 —
1882 5469 2019 5525 Illud

439 5574 608 5630 porro
649 5558 989 5616 adﬁrmamus
1034 5573 1277 5630 quoque,
1333 5575 1510 5632 neque
1537 5560 1789 5627 arbores,
1841 5574 2020 5632 neque

514 5734 598 5811 (ι)
632 5738 777 5811 Cave
815 5748 1094 5797 auctorem
1122 5740 1287 5796 istum
1315 5754 1500 5796 errore
1533 5738 1845 5796 Graecorum
1874 5756 2016 5811 quo-

443 5808 695 5883 rumdam
741 5809 1094 5883 implicitum,
1148 5823 1481 5883 sanctorum;
1507 5812 1721 5883 animas
1744 5808 1905 5883 ante
1927 5813 2017 5882 ju-

445 5874 573 5929 dicii
596 5874 738 5930 diem
761 5874 1080 5936 in'terrestri
1108 5880 1357 5939 oaradiso
1382 5881 1629 5939 detineri.
1661 5879 1791 5939 Vide
1814 5874 2012 5940 librum

2126 1993 2246 2033 eam
2307 1979 2470 2033 modo
2526 1988 2731 2032 terram
2785 1975 3153 2044 pronuntiata:
3203 1978 3356 2039 sunt,
3400 1988 3523 2042 quae
3561 1978 3717 2026 extra

2127 2070 2441 2140 paradisum
2482 2079 2585 2133 est,
2623 2079 2743 2139 post
2774 2068 3035 2123 violatam
3069 2068 3138 2121 ab
3164 2066 3374 2121 Adamo
3410 2065 3605 2135 legem,
3636 2064 3709 2118 ita

2127 2172 2187 2216 ut
2238 2162 2307 2218 ab
2348 2161 2484 2231 ipsis
2516 2161 2807 2232 paradisus
2854 2168 3103 2214 maneret
3146 2150 3432 2224 immunis,
3466 2156 3606 2211 sicut
3651 2155 3708 2209 in

2125 2253 2268 2309 hanc
2315 2268 2493 2322 usque
2544 2253 2687 2307 diem
2729 2266 2951 2323 quoque
2994 2251 3261 2307 immunis
3312 2249 3558 2318 liberque
3603 2253 3714 2311 est,

2125 2360 2303 2413 coque
2332 2353 2387 2400 et
2423 2343 2831 2399 delicatissimas
2857 2350 2910 2397 et
2939 2341 3361 2412 speciosissima:
3395 2338 3621 2394 arbores
3658 2335 3718 2391 in

2126 2438 2246 2509 ipso
2272 2437 2436 2493 etiam
2468 2444 2710 2492 exstant.

2690 2548 2919 2605 CAPUT
2960 2547 3147 2604 XVIII.

2196 2684 2297 2741 Cui
2321 2685 2398 2740 vel
2427 2702 2586 2752 nunc,
2627 2685 2708 2741 vel
2731 2694 2849 2755 post
2896 2684 3337 2739 resurrectionem
3369 2682 3495 2738 usui
3519 2683 3720 2738 serviat

2124 2778 2436 2849 paradisus.
2463 2808 2533 2819 —
2563 2777 2669 2833 Sed
2697 2777 2879 2833 solent
2903 2778 3126 2846 quidam
3154 2776 3572 2847 disciplinarum
3602 2786 3719 2831 stu-

2125 2872 2264 2928 diosi
2300 2887 2570 2943 quaerere,
2606 2872 2731 2942 quis
2758 2872 2830 2926 sit
2858 2871 2936 2925 vel
2966 2871 3081 2941 jam
3106 2884 3258 2925 nunc
3288 2868 3528 2941 paradisi
3560 2884 3718 2931 usus.

2123 2966 2208 3020 vel
2265 2964 2392 3034 quis
2434 2964 2566 3020 olim
2609 2965 2828 3019 futurus
2860 3006 2874 3031 ,
2926 2974 3217 3033 postquam
3278 2962 3541 3018 mortales
3589 2976 3718 3016 cum

2125 3057 2454 3126 corporibus
2507 3054 2943 3127 reviset-int”).
3006 3054 3102 3109 liis
3144 3070 3244 3110 nos
3296 3054 3718 3124 respondemus,

2124 3166 2191 3205 eo
2221 3151 2394 3207 fuisse
2430 3159 2676 3205 creatum
2728 3150 2911 3219 primo
2964 3149 3353 3219 consitumqne
3403 3148 3473 3201 ab
3519 3146 3720 3217 opiﬂee

2043 3231 2089 3293 C
2126 3243 2239 3298 Deo
2266 3243 2606 3314 paradisum,
2633 3246 2697 3297 ut
2730 3241 2901 3296 Adam
2935 3256 3058 3296 eum
3096 3241 3210 3296 suis
3254 3240 3307 3293 in
3346 3240 3464 3309 ipso
3499 3238 3722 3293 habita-

2125 3345 2231 3392 ret.
2294 3334 2400 3402 Qui
2472 3332 2599 3392 ubi"
2631 3344 2825 3391 contra
2884 3332 3207 3389 Conditoris
3265 3332 3351 3388 sui
3423 3332 3717 3401 imperium

2124 3434 2467 3499 peccassent,
2516 3425 2781 3483 eliminati
2823 3424 2951 3479 inde
2987 3424 3238 3494 pulsique
3288 3431 3437 3477 sunt.
3498 3424 3573 3476 Ex
3623 3421 3719 3477 illo

2125 3534 2293 3592 porro
2328 3528 2573 3588 tempore
2623 3533 2796 3587 usque
2825 3516 2891 3571 ad
2922 3515 3128 3571 Christi
3179 3513 3477 3569 adventum
3511 3513 3712 3568 versati

2123 3622 2255 3668 sunt
2284 3613 2337 3667 in
2369 3611 2627 3683 paradiso
2659 3608 2848 3665 Enoch
2886 3617 3051 3678 atque
3098 3606 3290 3671 Elius;
3337 3614 3391 3659 at
3421 3621 3551 3660 vero
3585 3612 3714 3673 post

2123 3690 2328 3775 Christi
2357 3704 2501 3774 regis
2536 3702 2859 3765 adventum,
2884 3700 3016 3755 huic
3049 3711 3313 3770 prmterea
3344 3700 3421 3755 rei
3449 3699 3615 3755 servit
3640 3705 3705 3752 ut

2125 3778 2195 3851 in~
2226 3796 2365 3867 ipso,
2403 3794 2655 3850 habitent
2703 3792 2900 3848 anima:
2943 3790 3227 3848 hominum
3271 3791 3543 3862 justorum
3597 3790 3713 3860 pio-

2124 3904 2385 3960 rumque,
2420 3898 2588 3959 atque
2618 3900 2811 3941 eorum
2841 3885 2934 3955 qui
2977 3898 3074 3953 per
3110 3883 3358 3954 corporis
3380 3884 3464 3940 sui
3503 3884 3720 3939 crucia-

2124 3978 2213 4039 tus
2285 3982 2491 4038 Christi
2559 3980 2719 4036 ﬁdem
2783 3964 3210 4048 com-probarunt
3270 3978 3473 4048 quique
3532 3976 3722 4033 ﬁdeles

2124 4077 2295 4130 Deum
2328 4082 2607 4140 amarunt,
2642 4084 2818 4128 exuta:
2845 4071 3171 4143 corporibus
3216 4086 3390 4141 usque
3423 4069 3490 4126 ad
3527 4085 3719 4125 resur-

2124 4167 2383 4223 rectionis
2423 4166 2605 4221 diem:
2648 4165 2793 4236 quod
2839 4166 2892 4220 in
2929 4180 2996 4221 eo
3045 4179 3302 4222 sermone
3347 4164 3721 4231 ostendimus,

2122 4275 2286 4330 quem
2313 4259 2383 4315 de
2414 4259 2595 4314 anima
2629 4258 2883 4315 fecimus.
2931 4256 3066 4313 Nam
3097 4259 3329 4314 latronis
3364 4256 3604 4313 animam
3649 4271 3721 4311 eo

2123 4353 2374 4408 subvexit
2404 4352 2692 4417 Dominus,
2725 4353 2943 4409 dicebat
2975 4356 3119 4409 enim
3146 4353 3211 4407 ad
3251 4352 3431 4423 ipsum
3468 4368 3482 4404 :
3521 4349 3720 4421 Profe-

2124 4458 2207 4502 cto
2239 4451 2358 4502 dico
2387 4448 2482 4503 tibi
2509 4489 2526 4515 ,
2556 4447 2710 4503 hodie
2757 4464 2958 4502 mecum
3004 4450 3109 4502 eris
3141 4448 3192 4501 in
3225 4445 3503 4517 paradiso.
3547 4441 3722 4497 Porro

2126 4550 2249 4610 post
2273 4541 2418 4595 diem
2456 4541 2908 4607 resurrectionis,
2938 4542 3122 4596 nullus
3146 4553 3374 4611 prorsus
3417 4539 3536 4607 ejus
3567 4534 3721 4591 futu-

2129 4649 2224 4689 rus
2257 4645 2341 4690 est
2370 4651 2522 4701 usus,
2556 4636 2650 4691 sed
2676 4650 3119 4706 supervacaneus
3144 4633 3384 4688 manebit
3411 4643 3463 4686 et
3484 4644 3717 4684 vacuus.

2123 4727 2244 4785 Jam
2278 4744 2409 4783 vero
2461 4745 2530 4783 ne
2577 4730 2701 4799 quis
2740 4747 2836 4800 per
2884 4729 3261 4798 conjecturam
3312 4725 3428 4782 haec
3475 4740 3504 4779 a
3557 4723 3720 4780 nobis

2128 4820 2275 4876 dicta
2311 4831 2488 4892 putet,
2520 4820 2653 4877 libet
2689 4822 2965 4877 nonnullis
2999 4821 3050 4876 id
3083 4820 3354 4875 allirmare
3382 4816 3714 4872 rationibus.

2128 4911 2319 4968 Primo
2375 4921 2594 4969 constat
2640 4915 2746 4968 alia
2808 4915 2972 4970 etiam
3037 4914 3266 4983 spiritus
3334 4911 3517 4966 dicata
3571 4907 3717 4971 loca,

2130 5005 2443 5075 cujusmodi
2499 5015 2628 5062 sunt
2668 5022 2730 5062 ea
2776 5022 2841 5062 ex
2876 5006 3080 5076 quibus
3112 5004 3363 5059 diabolus
3416 5017 3542 5058 eum
3596 4999 3718 5054 suis

2129 5097 2308 5168 copiis
2334 5098 2561 5162 excidit,
2593 5114 2762 5154 vacua
2804 5099 2985 5153 adhuc
3041 5112 3264 5153 manere
3312 5106 3475 5165 atque
3514 5108 3713 5162 super-

2130 5207 2372 5248 vacanea
2406 5211 2418 5248 :
2452 5194 2518 5248 ad
2550 5193 2653 5247 hoc
2684 5207 2813 5263 pars
2863 5190 2988 5247 caeli
3018 5190 3243 5245 dimidia
3287 5205 3350 5245 ea
3378 5204 3541 5258 quam
3574 5186 3712 5257 justi

2130 5294 2257 5356 post
2312 5286 2771 5341 resurrectionem
2823 5284 3084 5350 iucolent,
3135 5284 3315 5338 adhuc
3368 5297 3537 5336 vacua
3589 5290 3713 5345 est;

2128 5387 2393 5449 praeterea
2440 5377 2555 5450 ipse
2588 5387 2857 5433 terrarum
2906 5376 3057 5431 orbis
3093 5376 3407 5431 universum
3445 5374 3715 5443 tantisper

2128 5470 2259 5526 dum
2293 5469 2489 5541 lingua
2519 5468 2920 5534 dividerentur,
2967 5466 3250 5522 desolatus
3300 5479 3396 5536 per
3425 5464 3714 5518 hominum

2129 5559 2563 5631 infrequentiam
2614 5562 2897 5625 manebat,
2942 5566 3139 5630 praeter
3189 5571 3355 5611 unam
3401 5553 3714 5626 Babyloniae

2125 5742 2314 5800 fratris
2342 5742 2567 5799 Thomas
2602 5741 3216 5815 Mabiendartthoologi,
3261 5740 3471 5798 ordinis
3503 5733 3710 5795 Pradi-

2129 5824 2398 5883 catorum,
2433 5815 2501 5871 de
2528 5814 2806 5885 paradiso,
2843 5828 2892 5869 e.
2926 5814 2980 5868 9.
