4086 6396
298 377 400 447 501
1453 384 1551 445 DE
1589 383 1911 447 PARADIS

1966 398 1994 446 ι.
2031 407 2101 423 ·-
2139 383 2335 445 PARS
2375 383 2428 445 Ι.
3477 382 3579 448 502

302 492 591 566 regionem
642 492 699 549 in
736 507 904 565 quam
957 493 1114 550 multi
1163 507 1539 551 conveneram
1581 497 1841 552 mortales
1876 515 1888 552 :
1922 488 1969 557 Ἀ
2002 512 2153 553 nere.
2191 496 2348 564 Quod
2379 510 2545 566 porro
2581 493 2789 550 nullam
2821 495 2937 566 ipsa
2970 494 3339 567 cognitionem
3371 495 3581 549 Adamo

300 587 529 658 insuper
573 586 747 642 haece
784 587 951 642 etiam
1009 597 1332 659 tempestate
1376 588 1611 657 plurima
1656 600 1786 645 sunt
1837 590 1891 644 in
1984 588 2230 651 'dederit,
2254 597 2464 644 certum
2502 595 2606 654 est,
2638 585 3088 658 quandoquidem
3117 586 3207 641 ille
3238 583 3440 656 alioqui
3467 586 3582 657 jam

300 679 437 734 orbe
491 679 616 735 loca
678 694 804 750 qua
860 694 1041 751 neque
1093 680 1166 736 ab
1214 679 1533 738 hominibus
1589 696 1765 752 neque
1827 683 1893 737 ab
1997 691 2126 736 ante
2159 679 2340 736 fuerat
2363 679 2590 736 scientia
2615 680 2746 735 boni
2778 679 3020 749 malique
3047 687 3316 735 ornatus:
3356 692 3585 747 compo-

303 768 515 841 angelis
560 770 909 837 incoluntur,
944 771 1178 840 plurima
1212 771 1340 826 item
1376 774 1551 828 maria
1606 774 1890 842 innaviga-
1999 774 2138 828 situs
2204 774 2351 829 enim
2412 782 2531 828 erat
2580 786 2644 827 ex
2705 774 2890 828 anima
2950 770 3204 828 rationali
3273 787 3396 842 quae
3456 771 3588 825 boui

302 863 459 919 bilis.
495 861 747 935 Denique
778 872 903 935 post
940 864 1408 921 resurrectionem
1445 866 1583 921 nihil
1623 867 1728 922 erit
1760 881 1897 936 opus
2000 866 2241 937 malique
2286 865 2496 933 judicio
2533 864 2720 935 pollet.
2756 864 2837 919 Ad
2889 864 3014 927 hoc,
3073 864 3160 919 lex
3212 863 3587 933 imperabatur

303 964 401 1009 aut
451 956 592 1022 sole,
639 964 737 1012 aut
787 956 941 1024 luna,
992 965 1090 1013 aut
1138 957 1313 1014 stellis
1360 950 1596 1026 cancris,
1639 960 1723 1015 vel
1771 960 1898 1016 ullis
2001 960 2237 1025 Adamo,
2277 959 2457 1031 qualis
2508 973 2620 1014 non
2671 958 2777 1014 nisi
2829 957 2899 1014 iis
2940 957 3033 1028 qui
3079 957 3223 1014 inter
3273 957 3486 1013 bonum
3535 965 3595 1011 et

306 1045 542 1102 omnino
596 1047 1017 1112 animantibus,
1071 1048 1460 1120 serpentibus,
1516 1051 1733 1107 avibus.
1792 1050 1901 1107 Po-
2002 1054 2208 1108 malutn
2257 1063 2458 1109 norunt
2502 1051 2824 1116 discrimen,
2878 1058 3029 1107 recte
3080 1050 3385 1121 imponitur
3418 1067 3432 1103 :
3464 1063 3590 1105 nam

307 1145 526 1193 stremo
559 1149 687 1209 post
715 1140 1404 1199 resurrectionem-nullus
1427 1143 1705 1214 iustorum
1740 1158 1901 1200 man-
2004 1145 2209 1216 alioqui
2240 1144 2413 1216 (quod
2462 1144 2660 1217 absit!)
2710 1142 2999 1200 habuisset
3044 1142 3135 1198 ille
3170 1143 3317 1215 quod
3365 1144 3433 1197 de
3480 1141 3594 1196 Deo

302 1243 475 1285 eurus
503 1236 599 1285 est
624 1231 680 1286 in
711 1231 897 1297 terris,
915 1232 1137 1303 .quippe
1159 1234 1255 1306 qui
1292 1250 1461 1306 supra
1491 1235 1899 1292 firmamentum
2004 1246 2353 1310 quereretur,
2406 1237 2504 1308 qui
2551 1235 2727 1308 legem
2775 1235 2882 1291 sibi
2928 1235 3110 1290 omnis
3142 1248 3369 1305 prorsus
3395 1232 3588 1301 iudicii

303 1322 707 1390 conscenderit.
734 1324 832 1381 sed
865 1325 966 1382 soli
996 1326 1110 1383 illic
1134 1327 1521 1400 relinquentur
1547 1338 1601 1385 et
1629 1330 1903 1387 moraturi
2004 1330 2215 1403 experti
2295 1330 2744 1403 praescripsisset.
2819 1330 3054 1401 Insuper
3130 1328 3234 1384 nisi
3298 1326 3594 1383 illiusmodi

305 1420 438 1469 sunt
468 1412 653 1482 impii.
702 1413 773 1470 Ut
798 1429 933 1486 ergo
978 1416 1035 1470 in
1065 1417 1154 1473 bis
1201 1419 1462 1476 omnibus
1491 1433 1617 1475 eum
1655 1420 1731 1477 ita
1780 1436 1904 1480 sese
2005 1425 2234 1482 scientia
2279 1424 2393 1497 jam
2446 1436 2563 1480 tum
2600 1422 2801 1479 fuisset
2843 1421 3090 1477 imbutus
3128 1421 3324 1483 Adam,
3355 1421 3448 1492 qui
3492 1435 3594 1491 pa-

307 1504 576 1570 haheant,
623 1505 765 1562 nihil
792 1508 1097 1565 absurdum
1144 1519 1243 1567 aut
1283 1510 1728 1580 dissentaneum,
1768 1516 1904 1572 nihil
2007 1519 2206 1574 tuisset
2238 1518 2463 1573 nomina
2493 1516 2873 1572 animantibus
2907 1513 3132 1570 indere?
3172 1513 3264 1584 qui
3292 1526 3598 1585 agnoscere

312 1594 573 1653 mutilum
612 1607 713 1653 aut
743 1598 915 1656 hians
934 1614 1060 1657 esse
1083 1601 1369 1659 dicimus:
1404 1603 1480 1660 ita
1515 1619 1696 1676 neque
1719 1606 1771 1660 in
1807 1620 1901 1672 eo,
2007 1610 2177 1668 Evam
2216 1625 2443 1666 uxorem
2475 1625 2659 1674 suam,
2690 1617 2857 1680 atque
2885 1606 2954 1662 de
2980 1621 3043 1662 ea
3081 1605 3264 1662 dicere
3294 1624 3308 1661 :
3345 1603 3461 1659 Hoc
3478 1603 3601 1675 jam

304 1692 452 1760 quod
484 1691 784 1760 paradisus
821 1701 947 1764 post
994 1698 1458 1753 resurrectionem
1490 1699 1657 1756 nullis
1709 1701 1906 1757 usibus
2009 1720 2067 1760 os
2102 1721 2168 1759 es:
2204 1704 2413 1759 ossibus
2457 1704 2606 1768 meis,
2641 1712 2692 1758 et
2747 1717 2872 1756 caro
2914 1699 2979 1755 de
3028 1715 3188 1753 carne
3242 1696 3452 1765 mea",
3486 1707 3597 1752 etc.

315 1783 555 1848 serviet,
607 1784 914 1854 quidquam
964 1785 1217 1845 deforme
1263 1801 1361 1846 aut
1412 1791 1664 1861 hiulcum
1721 1793 2258 1868 inessenbeniqne
2316 1796 2625 1853 divinitatis
2681 1793 2959 1850 desiderio
3015 1792 3342 1861 tangebatur
3403 1792 3600 1853 Adam.

324 1878 595 1933 suturis.
631 1876 865 1949 ittsttper
903 1894 1059 1951 reges
1102 1897 1249 1954 sape
1300 1858 1565 1942 maximis.
1594 1888 1907 1957 sumptibus
1937 1842 2184 1960 Batque|
2249 1889 2371 1959 eius
2435 1889 2805 1960 adipiscendae
2877 1905 3045 1946 causa
3101 1842 3169 1945 de
3238 1889 3437 1944 arbore
3509 1886 3603 1941 illa

332 1982 522 2039 magna
551 1978 822 2026 extruunt
868 1972 1274 2047 atditieia,quae
1306 1989 1605 2049 postquam
1658 1981 1905 2051 ipsorum
2014 1983 2287 2055 gustabat
2339 1999 2355 2038 :
2410 1997 2584 2054 quare
2658 1997 2948 2038 necessum
3015 1990 3101 2037 est
3160 1980 3290 2036 boni
3361 1978 3604 2050 malique

321 2062 444 2119 usui
476 2061 661 2120 fecere
711 2064 876 2132 satis,
923 2081 1099 2123 vacua
1154 2068 1354 2126 deinde
1401 2072 1811 2142 relinquuntur,
1854 2083 1910 2131 et
2006 2074 2384 2147 cognitionem
2438 2074 2493 2129 in
2548 2074 2668 2145 ipso
2720 2072 2912 2138 fuisse,
2953 2073 3048 2144 qui
3099 2072 3408 2128 divinitatis
3451 2087 3607 2143 prae-

313 2165 499 2211 tamen
568 2156 797 2212 minime
865 2168 1111 2227 temere,
1182 2170 1278 2217 aut
1339 2163 1749 2222 inconsiderate
1819 2166 1912 2221 illa
2016 2168 2274 2225 stantiam
2310 2165 3144 2237 dignitatemqueintelligebat,
3193 2179 3424 2233 eamque
3472 2163 3606 2219 alfa-

310 2256 529 2305 atrueta
580 2249 972 2306 existimantur
998 2268 1015 2306 :
1045 2254 1173 2321 quis
1208 2255 1371 2325 igitur
1395 2253 1564 2312 Deum
1596 2257 1911 2328 prudentis-
2016 2261 2220 2317 etabat.
2265 2257 2496 2329 insuper
2546 2256 2859 2313 considerat
2898 2257 3080 2328 ipsum
3117 2251 3258 2310 Deus
3304 2255 3369 2309 ad
3410 2254 3607 2324 imagi-

311 2342 526 2396 simum
571 2357 761 2397 rerum
798 2343 1234 2413 dispensaton
1286 2350 1773 2410 inconsiderantize
1819 2370 1914 2412 ar-
2018 2369 2144 2410 nem
2206 2351 2738 2421 similitudinemque
2788 2365 2987 2415 suam,
3063 2358 3118 2406 et
3178 2349 3425 2403 nuntium
3485 2363 3608 2416 quae

313 2442 469 2503 gnat,
503 2434 756 2505 quicum
782 2437 1100 2505 paradisum
1130 2442 1468 2501 condidisset
1490 2444 1684 2502 Adami
1711 2449 1912 2518 gratia,
2019 2446 2290 2510 viverent,
2332 2444 2813 2501 absolutissimum
2865 2441 3094 2497 fecerat.
3143 2440 3276 2497 Eum
3335 2456 3464 2496 vero
3512 2442 3609 2509 qui

316 2540 566 2596 eumque
624 2527 678 2580 in
742 2526 839 2580 illo
901 2528 1269 2599 eoliocasset,
1326 2545 1387 2591 ut
1452 2552 1576 2592 cum
1637 2539 1919 2609 voluptate
2024 2537 2151 2593 talis
2196 2553 2225 2591 a
2272 2537 2381 2592 Deo
2426 2537 2608 2591 fuerat
2659 2536 2943 2600 conditus,
2992 2534 3119 2604 quis
3170 2542 3350 2605 neget,
3403 2532 3612 2601 judicio

318 2618 574 2686 haberet,
612 2627 924 2689 peccantem
958 2619 1093 2679 inde
1139 2624 1326 2697 eiecit,
1362 2643 1716 2703 vacuumque
1761 2631 1920 2688 illum
2023 2630 2151 2702 (hoc
2181 2639 2288 2694 est,
2314 2628 2446 2683 boni
2476 2629 2713 2697 malique
2753 2627 3090 2700 cognitione)
3121 2628 3370 2682 dotatum
3407 2624 3616 2681 fuisse?

317 2712 585 2785 τδίίίιυίῑῗ
2023 2721 2159 2778 Nam
2183 2720 2331 2791 quod
2362 2719 2768 2776 cacodtemonis
2798 2703 2901 2773 fuit
2932 2716 3125 2773 fraude
3171 2717 3453 2780 seductus,
3502 2731 3613 2769 non

913 2815 1151 2873 CAPUT
1186 2814 1333 2870 XIX.
2025 2814 2159 2871 boni
2212 2813 2457 2883 malique
2508 2812 2858 2883 ignoratione
2899 2809 3121 2873 evenit;
3182 2808 3278 2863 sed
3330 2807 3457 2876 quia
3501 2822 3618 2862 sua:

391 2902 722 2973 Cujusmodi
772 2909 935 2979 fuerit
1007 2911 1169 2964 arbor
1216 2910 1451 2966 scientia:
1500 2910 1623 2967 boni
1683 2922 1732 2968 et
1770 2913 1922 2984 mali,
2028 2910 2161 2981 ipsas
2222 2905 2535 2977 cupiditati,
2595 2903 2887 2975 pellectus,
2945 2900 3195 2956 indulsit.
3254 2899 3391 2954 Nam
3448 2899 3612 2953 etiam

320 3010 487 3064 quam
549 2999 913 3057 interdixerat
960 3002 1165 3059 Adamo
1212 3002 1375 3068 Deus,
1425 3013 1473 3058 et
1505 3022 1623 3077 qum
1664 3006 1733 3061 sit
1784 3009 1924 3062 ratio
2030 2995 2292 3067 nuncqui
2320 3006 2571 3068 peccant,
2601 3007 2952 3065 nequaquam
2982 3000 3041 3046 ut
3070 2989 3252 3045 omnis
3284 2986 3635 3057 cognitionis.

321 3089 441 3157 (ius
474 3093 732 3149 nominis.
766 3127 834 3137 --
864 3095 1070 3152 Beatus
1099 3095 1278 3152 Moses
1319 3097 1496 3168 primo
1534 3100 1675 3155 libro
1703 3100 1927 3169 scripsit
2030 3090 2186 3145 vacui
2237 3080 2493 3160 peccant,
2530 3103 2632 3143 cur
2694 3085 2842 3140 enim
2890 3084 3030 3139 tales
3082 3079 3620 3137 condemnarentur?

325 3183 383 3237 in
441 3183 590 3241 banc
643 3188 1024 3244 sententiam:
1064 3187 1129 3243 Et
1189 3193 1439 3261 prrecepit
1484 3191 1739 3247 Dominus
1784 3192 1924 3248 Deus

2032 3182 2124 3237 sed
2173 3196 2204 3235 a
2257 3194 2358 3235 suo
2393 3178 2642 3249 ipsorum
2680 3174 2878 3232 aﬂ‘ectu
2929 3174 3288 3230 seducuntur.
3329 3169 3619 3225 Postremo

325 3273 487 3339 Ade,
529 3276 769 3348 dixitque
803 3279 852 3332 ei
880 3294 899 3333 :
936 3277 1010 3333 De
1054 3278 1297 3334 omnibus
1346 3280 1629 3336 arboribus
1677 3282 1924 3354 paradisi
2034 3272 2150 3327 ﬁeri
2196 3286 2309 3326 ηοη
2341 3270 2519 3341 Ροῑυίί
2566 3277 2626 3325 ιη
2671 3269 2836 3323 arbor
2886 3282 2952 3322 θο
2995 3263 3269 3320 Adamn”
3325 3263 3619 3328 Ῐιιιῦιιθνυίς

328 3367 540 3423 (dendo
568 3368 691 3424 edes
725 3387 742 3425 :
775 3383 827 3424 at
860 3373 923 3425 de
957 3372 1146 3426 arbore
1193 3373 1431 3428 scientia
1458 3372 1579 3428 boni
1606 3384 1655 3429 ει
1702 3376 1833 3431 ηιαιὶ
1866 3394 1927 3431 ηε
2031 3375 2143 3436 quo
2176 3364 2295 3435 ipsa
2327 3364 2567 3418 carebat.
2600 3361 2891 3417 Pet-ficitur
2928 3375 3058 3430 ergo
3091 3376 3158 3416 ex
3190 3360 3258 3414 iis
3287 3373 3407 3429 quae
3441 3357 3623 3415 adhuc

325 3461 463 3517 edas
489 3477 512 3518 :
539 3478 666 3515 nam
699 3480 804 3534 quo
841 3463 928 3518 die
958 3463 1024 3519 de
1052 3464 1153 3518 hac
1189 3466 1334 3532 edes,
1368 3476 1593 3520 mortem
1629 3476 1835 3535 appetes
1858 3468 1924 3524 ³⁸,
2033 3456 2177 3513 dicta
2207 3466 2358 3521 sunt,
2390 3472 2501 3511 non
2527 3455 2653 3514 ideo
2685 3455 2944 3510 arborem
2980 3452 3224 3509 scientia:
3253 3451 3380 3507 boni
3413 3459 3467 3505 et
3495 3447 3624 3506 tum

326 3554 403 3611 Et
459 3556 629 3626 paulo
687 3567 810 3625 post
858 3575 872 3612 :
925 3557 989 3612 Et
1046 3559 1246 3628 accepit
1299 3558 1497 3613 mulier
1550 3558 1614 3614 de
1665 3560 1929 3630 fructibus
2032 3560 2281 3608 vocatam
2334 3565 2479 3614 esse,
2528 3546 2676 3620 quod
2710 3547 2794 3604 vel
2831 3547 3007 3636 .ullam
3055 3545 3177 3617 ipsa
3226 3543 3369 3600 boni
3406 3558 3435 3597 a
3481 3542 3626 3596 malo

323 3647 572 3714 arboris,
596 3650 825 3720 editque,
858 3666 922 3704 ac
945 3648 1089 3704 dedit
1120 3651 1280 3704 etiam
1323 3651 1436 3705 viro
1468 3666 1587 3714 suo,
1618 3651 1711 3721 qui
1740 3661 1790 3705 et
1820 3653 1933 3722 ipse
2035 3641 2410 3714 distinguendi
2439 3642 2694 3712 Ρθτίῑίίιιιι
2746 3639 3042 3704 habuelil;
3095 3638 3179 3693 νεὶ
3210 3638 3421 3693 Aditum
3465 3637 3533 3690 de
3566 3649 3626 3689 SB

330 3740 450 3795 edit
475 3740 547 3796 ³³.
601 3743 703 3797 Hic
751 3742 853 3797 tria
889 3759 947 3798 se
983 3742 1223 3797 offerunt
1252 3742 1639 3813 disquirenda,
1690 3758 1931 3815 quorum
2035 3736 2215 3809 edenti
2280 3736 2565 3791 scientiam
2613 3733 2886 3804 ejusmodi
2941 3727 3464 3786 accommodaret-it.
3516 3727 3625 3781 Sed

332 3835 584 3903 primum
631 3844 739 3902 est,
783 3850 883 3889 cur
927 3835 1094 3890 arbor
1124 3835 1217 3890 illa
1269 3836 1546 3906 appellata
1576 3835 1648 3890 sit
1681 3836 1934 3891 scientia
2037 3843 2139 3883 cur
2184 3826 2402 3881 demum
2470 3825 2521 3879 id
2579 3821 2820 3878 nominis
2878 3822 3072 3876 sortita
3131 3820 3204 3875 sit
3259 3818 3413 3889 prius
3457 3833 3624 3886 quam

340 3925 474 3981 boni
526 3935 581 3980 et
636 3927 806 3989 mali;
848 3927 1107 3993 alterum,
1140 3927 1274 3998 quid
1327 3929 1400 3982 sit
1450 3928 1681 3990 bonum,
1717 3936 1772 3983 et
1804 3928 1935 3999 quid
2039 3921 2434 3991 expediamus,
2486 3918 2781 3973 dicendum
2837 3925 2961 3982 est;
3009 3913 3140 3986 quid
3193 3913 3343 3980 boni,
3382 3912 3630 3984 quidque

340 4018 596 4085 malum;
639 4019 885 4083 tertium,
941 4019 1098 4089 cujus
1142 4020 1359 4089 generis
1402 4019 1567 4075 fuerit
1604 4020 1696 4075 illa
1750 4022 1935 4078 arbor.
2041 4013 2167 4070 mali
2218 4010 2501 4068 vocabulis
2555 4010 2627 4066 sit
2678 4005 3114 4078 intelligendum.
3169 4005 3379 4060 Bonum
3432 4002 3629 4074 igitur,

333 4107 518 4177 Igitur
545 4110 693 4179 quod
732 4110 796 4163 ad
852 4110 1090 4181 primum
1131 4111 1352 4178 attinet,
1386 4112 1492 4167 hoe
1535 4123 1640 4180 est,
1687 4113 1938 4169 vocabuli
2041 4116 2126 4162 est
2182 4105 2299 4176 ipsa
2358 4101 2713 4169 obedientia;
2781 4099 2986 4154 malum
3044 4112 3218 4165 vero,
3287 4097 3629 4151 contrarium

338 4203 648 4266 rationem,
683 4202 925 4258 dicimus
974 4203 1205 4261 minime
1234 4205 1564 4277 appellatam
1606 4221 1730 4262 esse
1775 4206 1937 4263 arbo-

2045 4197 2370 4255 obedientiaa
2431 4194 2662 4259 vitium,
2727 4193 2975 4249 rebellio.
3046 4188 3184 4244 Nam
3259 4188 3634 4246 obedientiam

342 4311 467 4351 rem
506 4295 753 4352 scientiae
790 4297 918 4352 boni
941 4306 997 4353 et
1026 4299 1181 4364 mali,
1211 4299 1357 4369 quod
1392 4300 1511 4371 ipsa
1545 4309 1691 4356 esset
1713 4301 1940 4372 praedita
2045 4293 2252 4350 bonum
2310 4304 2431 4346 esse
2487 4288 2788 4345 ostendunt
2835 4285 2925 4341 illa
2991 4284 3130 4355 legis
3183 4283 3346 4339 verba
3402 4302 3415 4338 :
3466 4280 3635 4352 Dilige

338 4388 670 4458 cognitione
737 4404 846 4459 qua
904 4389 1047 4444 inter
1110 4391 1313 4446 bonum
1374 4401 1430 4446 et
1496 4392 1702 4446 malum
1757 4407 1944 4464 posset
2047 4386 2334 4443 Dominum
2384 4384 2552 4438 Deum
2596 4393 2746 4436 tuum
2774 4381 2858 4448 ³⁷;
2919 4395 2985 4435 cx
3030 4395 3218 4434 amore
3265 4377 3411 4434 enim
3473 4385 3639 4447 atque

342 4479 683 4551 diiudicare,
710 4496 890 4551 neque
923 4485 1090 4538 etiam
1127 4483 1272 4554 quod
1317 4483 1437 4553 ipsa
1477 4484 1599 4555 ejus
1635 4485 1711 4539 rei
1762 4486 1940 4541 scien-
1976 4543 2016 4555 _
2049 4481 2316 4537 cbaritate
2375 4477 2687 4533 obedientia
2751 4474 3014 4531 nascitur.
3089 4473 3185 4530 Est
3226 4473 3390 4544 igitur
3432 4473 3637 4527 bonum

345 4573 486 4625 tiam
525 4571 582 4626 in
616 4571 887 4627 Adamum
941 4572 1258 4627 contulerit.
1311 4572 1445 4628 Nam
1498 4574 1796 4630 illiusmodi
1853 4591 1944 4629 co-
1976 4543 2021 4601 D
2048 4568 2386 4627 obedientia.
2424 4566 2641 4623 Rursus
2679 4568 2886 4622 malum
2931 4582 3055 4621 esse
3104 4565 3458 4620 rebellionem
3507 4580 3640 4635 pro-

348 4665 624 4738 gnitionis
681 4673 958 4736 expertem
1021 4667 1242 4736 penitus
1305 4665 1475 4722 fuisse
1543 4667 1800 4723 arborem
1861 4668 1946 4722 vel
2052 4664 2183 4719 bant
2216 4661 2307 4717 illa
2339 4660 2431 4716 Dei
2461 4663 2625 4716 verba
2661 4677 2675 4714 :
2713 4658 2830 4713 Duo
2856 4657 2999 4712 mala
3031 4657 3154 4727 fecit
3176 4656 3404 4727 populus
3445 4673 3638 4720 meus;

347 4758 485 4814 hinc
531 4758 829 4829 intelligas,
887 4758 1033 4827 quod
1087 4774 1155 4814 ne
1201 4758 1362 4814 bruta
1412 4758 1634 4829 quidem
1691 4760 1946 4831 (necdum
2055 4772 2137 4810 me
2186 4754 2580 4823 dereliqnerum
2609 4792 2622 4813 ,
2680 4751 2879 4821 [bulam
2916 4765 3071 4813 aqua:
3111 4749 3277 4814 virm,
3323 4756 3371 4802 et
3416 4747 3645 4817 profecti

355 4850 642 4924 rationali)
712 4850 896 4905 anima
948 4849 1114 4905 fuerit
1169 4850 1607 4921 praeditaznam
1665 4851 1713 4907 si
1761 4853 1949 4917 bruta,
2054 4844 2303 4914 foderuut
2371 4842 2473 4896 sibi
2532 4841 2702 4910 fossus
2766 4841 3020 4910 e/fractas
3085 4854 3203 4909 qua:
3251 4854 3356 4892 non
3421 4847 3646 4908 possunt

365 4943 646 4998 mactanda
710 4943 952 5015 primum
1011 4942 1213 4999 fuisset
1266 4953 1327 4999 ut
1375 4958 1572 5000 uetera
1627 4944 1952 5012 animantia,
2058 4944 2329 4998 continere
2373 4942 2427 4995 in
2462 4956 2516 4995 se
2544 4955 2711 5011 aquas
2738 4938 2803 4994 ³⁸.
2845 4936 2965 4992 Jant
3002 4952 3134 4992 vero
3178 4928 3439 4999 dicimus,
3474 4934 3643 4990 arbo-

359 5046 657 5109 antequam
697 5042 761 5094 de
798 5055 858 5093 ea
896 5043 1208 5109 petuissent
1257 5038 1421 5094 edere
1463 5038 1622 5109 primi
1657 5047 1950 5107 parentes;
2065 5051 2180 5090 rem
2220 5033 2465 5090 scientia-2
2494 5032 2623 5087 boni
2654 5041 2708 5086 et
2758 5029 2885 5085 mali
2920 5029 3071 5083 illam
3117 5043 3244 5083 esse
3294 5027 3643 5099 appellatam.

358 5131 623 5187 rationali
660 5148 792 5188 vero
842 5134 1071 5190 omnino
1122 5134 1374 5189 caruisse
1425 5130 1796 5187 certissimum
1846 5140 1951 5193 est,
2061 5127 2190 5198 quia
2248 5142 2346 5195 per
2409 5140 2555 5191 eam,
2607 5124 2787 5192 reipsa
2855 5121 3001 5177 facto
3065 5121 3337 5193 periculo,
3397 5120 3643 5177 Adamus

356 5238 489 5277 cum
552 5223 705 5278 nulla
761 5224 1021 5280 facultate
1074 5225 1239 5282 rebus
1309 5241 1409 5296 pro
1473 5223 1705 5279 arbitrio
1763 5223 1952 5278 utendi
2063 5218 2287 5289 agnovit
2336 5217 2541 5271 bonum
2600 5223 2659 5270 et
2705 5213 2934 5270 malum.
2982 5213 3055 5268 At
3103 5212 3250 5270 enim
3303 5213 3477 5277 dices,
3520 5211 3650 5268 hinc

354 5318 553 5374 dolata
599 5319 790 5387 fuerit,
841 5337 1019 5393 neque
1074 5321 1314 5392 aliquam
1364 5336 1393 5373 a
1435 5318 1734 5375 Conditore
1780 5317 1952 5387 legem
2063 5308 2276 5380 colligi.
2312 5309 2582 5363 Adamum
2635 5307 2809 5361 fuisse
2863 5305 3171 5361 cariturum
3233 5306 3361 5362 boni
3425 5316 3479 5362 «ιι
3519 5304 3649 5359 mali

356 5410 663 5480 acceperit,
714 5413 934 5483 qualem
987 5413 1057 5469 iis
1101 5413 1193 5468 ille
1249 5410 1514 5481 imposuit
1564 5425 1687 5481 quae
1743 5408 1957 5464 ratione
2062 5398 2423 5469 cognitione.
2478 5396 2586 5452 nisi
2635 5395 2703 5452 de
2767 5397 2859 5453 illa
2917 5397 3115 5455 arhOre
3181 5406 3486 5469 gustasset-
3545 5394 3650 5451 Sed

362 5503 621 5560 donavit.
651 5504 834 5572 Qu’are
862 5505 908 5561 si
939 5520 1039 5579 per
1067 5513 1318 5561 neutram
1344 5505 1614 5559 dietarum
1642 5501 1954 5557 animarum
2061 5493 2485 5565 respondemus.
2531 5491 2762 5548 St‘it‘isse
2794 5491 3020 5562 quidem
3065 5491 3336 5547 Adalllum
3388 5488 3652 5547 οὺεάίθηο

360 5594 585 5651 vivebat
623 5595 788 5650 arbor
810 5595 926 5661 illa,
961 5594 1237 5666 colligitur
1264 5606 1442 5665 neque
1488 5591 1775 5647 scientiam
1808 5591 1861 5645 in
1895 5605 1958 5646 se
2063 5585 2193 5642 tiam
2235 5585 2442 5641 bonum
2488 5598 2632 5650 esse,
2665 5592 2720 5639 et
2768 5582 3120 5639 rebellionem
3173 5582 3404 5645 malum.
3452 5592 3514 5637 ut
3554 5580 3653 5652 qui

361 5688 543 5744 ullam
581 5688 840 5745 habuisse
880 5704 989 5760 qua
1019 5687 1224 5743 bonum
1274 5694 1459 5759 posset
1508 5703 1536 5740 a
1574 5685 1717 5740 malo
1747 5684 1956 5741 disccr-
2066 5687 2214 5736 esset
2263 5677 2329 5732 ad
2392 5675 2484 5732 Dei
2530 5676 2954 5732 similitudinem
3006 5675 3285 5740 conditus,
3339 5683 3394 5728 ct
3443 5675 3655 5729 ratione

445 5868 493 5903 "
521 5868 661 5927 Gen.
697 5884 756 5936 tl,
805 5869 887 5939 l6,
931 5871 1012 5926 l7.
1094 5871 1136 5903 ³⁸
1165 5871 1298 5928 Gen.
1338 5884 1418 5935 ιιι,
1452 5866 1504 5923 ti.
1584 5866 1628 5898 ’θ
1654 5864 1789 5923 Gen.
1826 5881 1885 5929 ιι,
1918 5865 2058 5929 9.,’Ξζ

1609 5869 1628 5898 θ
1654 5864 1789 5923 Gen.
1826 5881 1885 5929 tt,
1918 5865 2098 5929 2,25.
2176 5861 2223 5895 ³⁷
2248 5858 2404 5917 Deut.
2438 5874 2512 5925 vr,
2545 5857 2629 5939 5.,
2717 5857 2761 5890 ³⁸
2788 5855 2991 5916 Jcrcm.
3029 5869 3068 5911 tt
3133 5853 3217 5910 15.
