4086 6472
423 329 567 438 sos

1701 377 1932 450 nosts
1972 339 2121 437 exn
2157 378 2403 448 CEPHA

3611 375 3718 442 505

383 505 385 508 ⁴
467 487 700 551 pollens,
744 481 1115 554 facultateque
1147 496 1332 539 rerum
1364 498 1501 554 quas
1535 483 1721 539 animo
1750 483 2040 554 concepis-
2071 487 2117 546 Α
2145 484 2374 542 edoctus
2405 485 2536 557 quid
2566 495 2712 544 esset
2755 488 2957 544 bonum
2995 496 3051 544 et
3077 487 3208 558 quid
3254 486 3484 554 malum,
3520 491 3722 560 quippe

468 588 551 633 set
578 575 1053 646 dijudicandarum
1088 594 1102 632 :
1141 585 1520 631 verumtamen
1570 574 1621 631 id
1684 576 1863 645 ipsum
1895 583 2036 644 post,

469 686 566 741 per
605 668 999 740 experientiam
1043 684 1263 740 quoque
1309 667 1387 723 rei
1418 668 1698 732 didicisse,
1731 668 1822 723 ubi
1863 666 2043 722 conti-

467 765 640 834 gisset
690 773 854 832 atque
903 771 1176 832 gustasset
1246 763 1441 817 vetitos
1502 761 1734 816 fructus.
1787 760 1942 816 Sicut
1987 769 2043 815 et

465 855 605 910 Cain
665 869 773 909 non
832 853 1119 925 ignorabat
1176 854 1396 924 quidem
1467 869 1581 909 rem
1643 853 1841 908 malam
1919 867 2041 909 esse

468 946 848 1012 homicidium,
905 947 1225 1016 priusquam
1281 946 1333 1001 id
1391 954 1799 1016 perpetrasset;
1851 958 2038 1000 verum

466 1037 663 1093 deinde
709 1038 910 1092 clarius
966 1037 1069 1093 hoc
1125 1039 1301 1110 ipsum
1356 1054 1452 1108 per
1507 1038 1897 1108 experientiam
1958 1035 2038 1091 rei

465 1130 659 1187 didicit
709 1129 1004 1185 homicidio
1058 1130 1322 1197 admisso,
1355 1146 1476 1186 cum
1510 1129 1689 1200 fugaci
1736 1129 2040 1186 mobilitate

463 1231 609 1279 esset
653 1221 937 1277 multatus.
977 1219 1122 1288 Quin
1155 1231 1210 1276 et
1250 1238 1348 1278 nos
1400 1239 1622 1296 quoque
1672 1221 1924 1276 novimus
1973 1236 2035 1282 ea

463 1328 586 1382 quae
643 1313 784 1367 mala
837 1322 1008 1378 sunt,
1069 1323 1364 1383 antequam
1427 1315 1570 1374 mala
1631 1315 2035 1383 designemus:

463 1418 654 1458 verum
688 1404 779 1458 ubi
819 1403 933 1474 jam
967 1405 1084 1475 ipsa
1110 1405 1470 1475 patravimus,
1508 1414 1618 1460 tum
1654 1406 1832 1476 reipsa
1878 1405 2038 1461 intel-

462 1495 688 1566 ligimus
726 1495 868 1548 mala
895 1510 1051 1562 esse;
1094 1508 1149 1551 et
1185 1497 1404 1566 quidem
1437 1499 1609 1553 multo
1651 1498 1881 1564 certius,
1921 1506 2035 1564 tum

462 1604 588 1642 cum
626 1590 878 1644 meritam
911 1591 980 1645 ob
1029 1591 1119 1646 illa
1157 1607 1378 1662 pmnam
1432 1595 1744 1664 pendimus.
1789 1592 2036 1665 Denique

460 1681 928 1749 quemadmodum
960 1684 1164 1738 malum
1200 1700 1323 1739 esse
1348 1687 1598 1752 morbum
1627 1702 1732 1740 non
1759 1687 2035 1760 nescimus

462 1771 620 1843 longe
649 1782 945 1844 antequam
971 1783 1320 1844 aegrotamus,
1345 1787 1398 1830 et
1423 1786 1601 1830 tamen
1629 1776 1771 1832 factu
1794 1778 2034 1846 periculo

463 1861 569 1918 hoc
615 1863 794 1934 ipsum
852 1866 1082 1936 prepius
1133 1869 1466 1937 penitusque
1514 1870 1860 1940 agnoscimus
1907 1886 2031 1924 eum

465 1954 657 2010 morbo
689 1971 989 2022 vexamur;
1040 1965 1093 2011 et
1129 1966 1188 2012 ut
1243 1961 1534 2013 sanitatem
1588 1975 1778 2014 omnes
1834 1971 2036 2016 norunt

465 2043 666 2101 bonam
717 2059 838 2101 esse
896 2047 1061 2101 etiam
1116 2047 1338 2116 quando
1385 2063 1450 2102 ea
1505 2059 1718 2112 carent,
1776 2060 2032 2105 caeterum

464 2137 558 2192 ubi
594 2139 852 2193 fruuntur
897 2140 1157 2205 sanitate,
1195 2139 1305 2210 jam
1332 2141 1642 2210 cujusmodi
1677 2149 1732 2195 et
1769 2151 2032 2209 quantum

463 2230 668 2285 bonum
703 2231 795 2296 sit,
842 2246 938 2300 per
986 2233 1382 2302 experientiam
1425 2233 1634 2288 certius
1669 2233 1976 2304 intelligunt
2015 2250 2027 2285 :

463 2323 536 2378 ita
559 2333 612 2378 et
643 2323 894 2379 Adamus
941 2325 1150 2380 sciebat
1177 2324 1736 2395 quidem,antequam
1764 2325 1834 2380 de
1872 2309 2034 2379 ve'tita

461 2419 658 2473 arbore
703 2426 998 2487 gustasset,
1053 2417 1250 2473 bonam
1305 2433 1429 2474 esse
1476 2418 1866 2482 obedientiam,
1922 2434 2036 2472 ma-

462 2508 680 2578 lamque
723 2509 1113 2576 rebellionem;
1150 2526 1338 2566 verum
1376 2526 1502 2565 cum
1548 2510 1886 2574 rebellasset,
1921 2510 2030 2567 hoc

463 2599 641 2670 ipsum
673 2601 1009 2670 experientia
1078 2603 1337 2672 magistra
1379 2605 1587 2658 rectius
1631 2603 1873 2671 agnovit.
1919 2603 2035 2669 Qua

461 2690 609 2746 enim
657 2695 925 2747 sententia
965 2693 1032 2748 de
1062 2694 1302 2764 paradisi
1349 2696 1507 2749 bonis
1549 2695 1818 2765 dejectus,
1870 2703 2036 2764 atque

463 2785 516 2838 in
558 2784 696 2839 hanc
727 2784 1041 2841 damnatam
1094 2795 1292 2842 terram
1333 2788 1602 2858 relegatus
1648 2796 1753 2849 est,
1789 2789 2034 2843 eamdem

461 2892 556 2948 per
590 2879 890 2948 periculum
927 2879 1119 2936 didicit
1157 2891 1420 2950 quantum
1470 2883 1672 2936 bonum
1703 2890 1852 2937 esset
1900 2881 2035 2935 obe-

460 2969 688 3034 dientia,
718 2979 772 3026 et
801 2982 1067 3042 quantum
1099 2983 1285 3026 contra
1325 2973 1527 3027 malum
1585 2974 1825 3029 rebellio.
1868 2973 2038 3045 Igitur

458 3071 654 3119 vocata
704 3074 787 3120 est
854 3064 1021 3129 arbor
1082 3065 1325 3124 scientiae
1369 3065 1496 3120 boni
1565 3074 1619 3120 et
1684 3065 1855 3132 mali,
1908 3064 2034 3134 quia

2147 577 2200 629 in
2241 591 2304 631 ea
2337 575 2532 632 arbore
2560 578 2796 646 positum
2821 587 2940 634 erat
2972 579 3278 648 periculum
3310 586 3365 632 et
3395 578 3725 634 obedientia

2143 677 2197 724 et
2229 669 2547 726 rebellionis
2575 668 2792 734 Adami,
2846 679 3009 739 atque
3049 685 3146 740 per
3173 685 3296 724 eam
3329 669 3475 724 clare
3498 672 3726 740 agnovit

2143 759 2234 815 ille
2265 759 2390 814 boni
2441 758 2681 829 malique
2718 761 2985 814 rationem
3039 759 3270 830 ipsorei
3316 760 3536 824 ell‘ectu,
3571 762 3726 816 didi-

2141 852 2325 924 citque
2379 861 2644 922 quantum
2706 863 2858 909 esset
2915 853 3044 909 boni
3105 854 3160 908 in
3219 854 3563 910 observando
3623 853 3722 908 Dei

2141 946 2402 1000 mandato
2462 947 2700 1016 positum
2733 985 2748 1010 ,
2797 956 2852 1002 et
2911 956 3178 1016 quantum
3235 955 3427 1000 contra
3477 945 3604 999 mali
3662 945 3722 999 in

2142 1036 2569 1106 praevaricando.
2601 1037 2799 1092 Parere
2830 1037 2976 1091 enim
3013 1044 3286 1107 praecepto
3315 1035 3558 1100 bonum;
3606 1049 3722 1088 non

2137 1145 2355 1200 parcre,
2387 1128 2591 1184 malum
2626 1129 2920 1199 appellavit
2951 1127 3254 1198 Scriptura.
3297 1125 3426 1182 Haec
3455 1127 3618 1196 igitur
3648 1126 3724 1181 de

2138 1221 2380 1278 nominis
2426 1223 2636 1276 ratione
2667 1221 2813 1276 dicta
2861 1221 2995 1276 satis
3036 1230 3236 1286 sunto;
3281 1219 3394 1291 jam
3447 1219 3724 1290 reliquum

2137 1323 2222 1370 est
2254 1327 2311 1368 ut
2342 1314 2712 1384 expendamus
2743 1313 2902 1384 cujus
2945 1313 3038 1368 ilia
3072 1314 3290 1384 generis
3332 1312 3497 1366 arbor
3528 1313 3717 1368 fuerit.

2143 1403 2282 1459 Sunt
2309 1405 2535 1476 quidam
2566 1405 2659 1475 qui
2690 1404 3008 1460 existiment
3034 1418 3143 1458 non
3177 1402 3347 1458 fuisse
3375 1401 3627 1456 arborem
3659 1401 3719 1456 id

2137 1504 2204 1558 de
2233 1517 2343 1573 quo
2393 1501 2630 1573 gustavit
2676 1501 2876 1566 Adam,
2916 1500 3010 1556 sed
3055 1514 3350 1556 venereum
3401 1498 3719 1568 amplexum

2137 1609 2247 1668 quo
2291 1610 2414 1649 cum
2461 1608 2636 1652 uxore
2689 1594 2780 1650 ille
2827 1607 3028 1662 corpus
3060 1593 3314 1654 miscuit;
3365 1606 3596 1661 eamque
3647 1591 3720 1646 ob

2142 1703 2255 1744 rem
2290 1692 2444 1744 aiunt
2473 1698 2688 1758 partum
2723 1686 2970 1743 mulieris
2990 1700 3114 1742 esse
3135 1698 3232 1755 per
3261 1684 3356 1738 Dei
3389 1684 3719 1740 sententiam

2136 1780 2425 1836 doloribus
2458 1779 2664 1844 factum
2699 1778 3042 1845 obnoxium;
3076 1792 3254 1847 neque
3293 1777 3438 1831 aliud
3481 1777 3724 1832 voluisse

2089 1869 2107 1906 -'
2140 1874 2270 1928 illud
2313 1881 2668 1944 praeceptum,
2699 1869 2778 1926 Ne
2826 1870 3005 1928 edatis
3037 1870 3106 1924 de
3145 1869 3236 1924 illa
3272 1869 3492 1933 arbore,
3524 1883 3719 1938 quam,

2136 1964 2252 2020 Non
2303 1965 2531 2034 coeatis,
2576 1966 2670 2020 sed
2720 1974 2909 2020 sancte
2958 1971 3016 2019 et
3058 1962 3266 2032 absque
3311 1962 3458 2016 omni
3501 1959 3718 2016 Venere

2137 2057 2370 2121 vivatis;
2410 2066 2465 2112 et
2499 2074 2512 2111 :
2545 2055 2664 2122 Quo
2695 2056 2782 2118 die
2815 2058 2882 2111 de
2910 2055 2999 2112 illa
3027 2053 3220 2119 edetis,
3253 2063 3484 2108 mortem
3513 2052 3717 2108 morie-

2139 2151 2301 2214 mini,
2339 2150 2391 2204 id
2444 2165 2566 2204 esse
2604 2164 2713 2219 quo
2744 2149 3104 2218 dieeorpora
3148 2146 3470 2202 miscebitis.
3516 2143 3709 2199 Verum

2139 2241 2281 2296 hanc
2336 2241 2664 2296 sententiam
2703 2240 2929 2294 minime
2975 2253 3162 2297 veram
3202 2252 3329 2294 esse
3372 2237 3454 2290 vel
3491 2235 3544 2291 id
3583 2236 3718 2292 satis

2138 2335 2318 2408 arguit
2365 2334 2512 2405 quod
2590 2334 2804 2402 integra
2877 2331 3194 2400 virginitate
3258 2329 3402 2400 pulsi
3463 2330 3576 2384 sint
3638 2328 3718 2383 illi

2140 2409 2417 2497 paradiso.
2443 2424 2683 2480 Censent
2705 2438 2837 2494 ergo
2868 2424 2958 2478 alii
2991 2422 3336 2478 frumentum
3367 2422 3543 2477 fuisse
3573 2423 3724 2477 hanc

2139 2504 2434 2584 arborem,
2504 2525 2668 2588 atque
2732 2516 2854 2571 ideo
2909 2514 3184 2571 Christum
3260 2528 3481 2584 quoque
3551 2527 3715 2568 suum

2138 2628 2340 2683 corpus
2397 2612 2452 2666 in
2505 2625 2645 2682 pane
2701 2609 2917 2665 dedisse
2952 2616 3054 2663 :ut
3092 2622 3200 2676 qua
3261 2621 3321 2660 re
3369 2613 3718 2661 contractum

2138 2714 2285 2761 esset
2322 2704 2587 2768 debitum,
2619 2701 2807 2757 eadem
2842 2711 2898 2756 et
2931 2701 3329 2756 exsolveretur.
3373 2696 3588 2754 Rursus
3621 2694 3724 2752 alii

2137 2798 2302 2852 vitem
2357 2795 2528 2851 fuisse
2574 2793 2952 2858 contendunt,
3016 2801 3073 2847 et
3128 2791 3336 2846 idcirco
3398 2790 3722 2860 sanguinem

2139 2905 2298 2945 suum
2329 2888 2546 2944 dedisse
2578 2885 2861 2942 Christum
2908 2885 2964 2940 in
2994 2884 3124 2940 vino
3157 2899 3262 2953 pro
3303 2883 3575 2953 expianda
3608 2882 3726 2952 pri-

2139 2995 2356 3035 morum
2385 2988 2674 3049 parentum
2702 2990 2867 3031 noxa.
2904 2974 3008 3030 Sed
3037 2989 3137 3029 nos
3172 2973 3287 3028 haec
3308 2988 3436 3027 vera
3463 2986 3574 3026 non
3599 2983 3729 3026 esse

2138 3079 2429 3142 putamus;
2457 3066 2790 3122 frumentum
2813 3065 2959 3119 enim
2981 3077 3162 3135 seges,
3181 3078 3289 3118 non
3314 3063 3478 3118 arbor
3499 3061 3728 3129 dicitur,

461 3155 707 3212 Adamus
737 3170 834 3226 per
863 3157 1038 3226 ipsam
1072 3166 1327 3225 expertus
1370 3166 1455 3212 est
1488 3157 1618 3226 quid
1653 3165 1798 3211 esset
1834 3141 2036 3210 bonum
2067 3163 2109 3222 C
2143 3141 2406 3232 utraeque
2447 3160 2592 3216 vitis.
2635 3157 2804 3229 Igitur
2828 3156 3162 3213 Philoxenus
3191 3155 3564 3226 Mabugensis,
3599 3167 3726 3210 ora-

459 3261 516 3310 et
544 3252 678 3324 quid
710 3252 940 3320 malum,
970 3259 1133 3320 atque
1185 3251 1361 3322 reipsa
1417 3251 1634 3322 agnovit
1669 3249 2033 3306 obedientiam

459 3361 585 3402 esse
617 3346 848 3411 bonum,
882 3344 1087 3398 malum
1131 3359 1261 3397 vero
1311 3343 1681 3399 rebellionem.
1723 3341 1830 3398 Sed
1865 3342 2034 3412 enim,

381 3435 392 3444 ’
459 3438 608 3495 dicet
636 3437 838 3506 aliquis
867 3475 881 3500 ,
922 3435 1115 3490 demus
1146 3437 1416 3490 Adamum
1459 3450 1557 3505 per
1603 3434 1748 3489 illam
1785 3433 2035 3490 arborem

461 3545 585 3586 esse
615 3539 893 3598 expertum
931 3528 1058 3597 quid
1107 3527 1308 3582 bonum
1350 3537 1404 3582 et
1454 3527 1582 3598 quid
1634 3526 1833 3581 malum
1871 3535 2035 3594 esset,

465 3639 576 3678 non
608 3621 839 3693 proinde
865 3622 1007 3691 justa
1042 3620 1182 3675 ratio
1215 3636 1278 3676 ea
1311 3619 1545 3686 videtur,
1578 3619 1646 3674 ob
1679 3634 1841 3690 quam
1875 3618 2040 3673 arbor

463 3717 582 3786 ipsa
638 3713 879 3770 scientiae
923 3712 1052 3767 boni
1089 3722 1143 3767 et
1187 3712 1311 3767 mali
1349 3722 1654 3776 vocaretur,
1703 3727 1824 3782 quae
1857 3709 2040 3802 scien-

463 3806 596 3860 tiam
629 3805 684 3858 in
711 3819 770 3859 se
802 3803 1006 3857 nullam
1035 3802 1281 3858 haberet.
1315 3802 1731 3873 Respondemus
1767 3819 1890 3859 eum
1916 3817 2038 3858 esse

462 3912 671 3952 morem
705 3911 986 3952 sacrarum
1019 3893 1371 3968 Litterarum,
1416 3903 1475 3948 ut
1503 3906 1557 3949 et
1580 3895 1713 3950 locis
1747 3905 1801 3951 et
1833 3904 2040 3966 tempo—

465 3989 618 4044 ribus
661 4001 849 4043 earum
919 4001 1124 4040 rerum.
1157 3985 1572 4041 accommodent
1612 3985 1860 4053 nomina,
1919 4000 2040 4055 quae

464 4081 628 4136 rebus
664 4080 796 4149 ipsis
833 4078 888 4132 iu
913 4079 1046 4133 locis
1076 4087 1129 4132 et
1158 4077 1495 4148 temporibus
1519 4078 1626 4132 illis
1663 4077 2039 4133 evenientibus

465 4171 755 4227 debentur.
790 4171 882 4226 Sic
912 4181 1132 4241 puteum
1168 4171 1459 4240 quemdam
1477 4171 1648 4241 jurgii
1673 4171 2034 4240 appeliarunt,

463 4280 590 4318 eum
624 4271 822 4334 puteus
849 4279 956 4318 non
986 4263 1261 4333 jurgasset
1310 4264 1404 4318 sed
1443 4264 1510 4317 de
1539 4273 1704 4333 puteo
1751 4264 1868 4334 ipso
1899 4264 2042 4319 inter

466 4373 525 4410 se
586 4354 997 4408 contendissent
1053 4363 1302 4434 pastores
1330 4353 1394 4408 ".
1463 4353 1526 4407 Et
1608 4369 1799 4410 rursus
1867 4355 2036 4409 alium

466 4458 682 4514 puteum
726 4446 1040 4515 juramenti,
1083 4461 1192 4500 non
1241 4446 1401 4515 quasi
1453 4446 1568 4514 ipse
1609 4446 1831 4516 juratus
1871 4457 2036 4510 esset,

467 4513 564 4591 sed
632 4513 758 4606 quia
828 4536 896 4590 de
965 4537 1086 4605 ipso
1139 4513 1284 4590 facta
1349 4513 1569 4591 fuerant
1612 4513 2117 4607 Vjuraruenta‘°.D

471 4628 732 4682 Similiter
784 4627 1064 4682 cumulum
1144 4627 1435 4696 quemdam
1492 4627 1738 4698 lapidum
1778 4639 2044 4684 vocarunt

469 4720 738 4775 tumulum
794 4720 1082 4774 testimonii
1105 4721 1172 4786 δ’,
1228 4720 1320 4790 qui
1380 4721 1590 4782 nullum
1627 4722 1805 4793 potuit
1858 4723 2043 4778 dicere

467 4810 866 4878 testimonium,
915 4812 1005 4866 sed
1037 4811 1163 4882 quia
1197 4812 1338 4881 apud
1390 4813 1567 4883 ipsum
1607 4822 1826 4883 peracta
1863 4813 2042 4868 fuerat

469 4904 797 4959 contestatio
831 4905 974 4958 inter
1007 4901 1175 4958 Jacob
1205 4911 1258 4958 et
1302 4903 1528 4959 Labam.
1569 4903 1814 4973 Denique
1871 4902 2042 4959 Jacob

469 4997 660 5050 Bethcl
693 4995 999 5050 nominavit
1028 4997 1314 5050 exercitum
1342 4996 1436 5050 Dei
1466 4997 1534 5060 δ’,
1571 5010 1694 5050 cum
1726 4996 1880 5051 locus
1929 4997 2045 5065 ipse

473 5087 621 5142 haud
669 5097 814 5142 esset
860 5089 1138 5143 exercitus
1175 5088 1290 5156 Dei,
1330 5104 1516 5142 verum
1551 5088 1676 5157 quia
1729 5088 1781 5140 in
1813 5102 1878 5142 eo
1925 5087 2044 5142 loco

470 5179 774 5233 exercitum
827 5177 921 5233 Dei
981 5180 1070 5234 ille
1132 5180 1376 5255 vidisset.
1441 5181 1521 5233 Ad
1576 5181 1829 5234 eumdem
1881 5181 2046 5250 igitur

469 5272 694 5326 modum
742 5271 908 5325 arbor
955 5271 1044 5325 illa
1097 5272 1476 5340 cognominata
1517 5278 1604 5324 est
1636 5272 1878 5326 scientia:
1915 5273 2046 5326 boni

469 5369 525 5414 et
572 5359 725 5424 mali,
769 5375 875 5415 non
911 5361 1054 5430 quod
1091 5359 1208 5430 ipsa
1243 5359 1324 5415 vel
1379 5361 1429 5413 in
1472 5377 1532 5415 se
1563 5362 1723 5416 talem
1758 5363 2046 5418 scientiam

473 5450 728 5524 habuerit
764 5459 856 5504 aut
882 5466 1002 5504 eam
1038 5452 1091 5505 in
1132 5451 1342 5505 Adamn
1377 5451 1634 5514 effecerit,
1673 5469 1780 5523 qua
1812 5453 1902 5508 hic
1930 5455 2044 5524 jam

470 5551 598 5597 ante
631 5543 889 5614 pollebat,
927 5545 1019 5598 sed
1054 5543 1182 5612 quia
1232 5559 1327 5614 per
1375 5560 1493 5598 eam
1540 5545 1793 5600 arborem
1827 5556 1908 5601 est
1955 5546 2045 5601 ille

472 5633 648 5703 reipsa
693 5643 975 5704 expertus,
1026 5644 1190 5706 atque
1225 5637 1306 5704 (ut
1358 5637 1428 5690 ita
1486 5636 1688 5708 dicam)
1747 5638 2045 5694 cflicienter

543 5809 743 5866 "Gen.
781 5827 899 5886 χιιι,
939 5813 988 5867 7.
1069 5814 1112 5846 ⁸ο
1141 5816 1274 5871 ch.
1317 5833 1421 5882 xxi,
1456 5817 1643 5875 29-52.

1727 5822 1762 5851 “
1791 5820 1924 5877 Gen.
1966 5837 2117 5890 xxxi,
2148 5826 2235 5882 (l7.

2145 3255 2294 3309 tione
2317 3254 2384 3307 de
2407 3252 2606 3307 arbore
2634 3250 2778 3318 vitae,
2821 3257 2878 3305 et
2908 3249 3066 3304 multi
3092 3249 3183 3303 alii
3210 3247 3531 3304 existimant
3555 3247 3722 3310 ticum

2144 3345 2319 3401 fuisse
2348 3359 2467 3399 eam
2499 3343 2779 3406 arborem,
2813 3355 3101 3410 qua,.cum
3130 3349 3276 3395 esset
3306 3339 3520 3394 Adamo
3550 3339 3724 3394 inter-

2143 3439 2371 3504 dictum,
2395 3451 2503 3505 non
2549 3435 2832 3490 abstinuit.
2871 3432 3011 3488 Huic
3052 3430 3335 3490 sententiae
3371 3447 3470 3485 nos
3499 3444 3724 3500 quoque

2142 3539 2201 3585 ut
2227 3544 2357 3585 vero
2401 3527 2650 3584 similiori
2680 3525 3103 3582 subscribimus.
3141 3522 3416 3578 Credibile
3444 3522 3589 3576 enim
3615 3530 3726 3586 est,

2141 3624 2306 3678 simul
2349 3629 2513 3690 atque
2563 3620 2630 3674 de
2663 3633 2725 3675 ea
2771 3617 2968 3678 arbore
3009 3615 3272 3679 edissent,
3301 3615 3509 3684 pudore
3537 3627 3722 3668 corre-

2143 3723 2283 3786 ptos,
2311 3728 2377 3767 ex
2406 3726 2473 3766 eo
2501 3711 2643 3781 quod
2686 3710 2933 3780 proxime
2968 3709 3034 3764 ad
3061 3723 3279 3763 manum
3309 3717 3452 3768 erat.
3473 3705 3712 3774 subliga-

2142 3807 2263 3863 cula
2295 3805 2399 3862 sibi
2429 3805 2844 3875 comparavisse
2881 3803 3083 3873 quibus
3113 3816 3212 3857 sua
3252 3799 3570 3855 obvelarent
3614 3812 3715 3868 pu-

2143 3900 2317 3956 denda
2345 3939 2357 3964 ,
2387 3913 2450 3954 ea
2495 3914 2625 3952 vero
2650 3913 2714 3952 ex
2749 3896 2994 3952 ficulneis
3027 3894 3174 3950 foliis
3222 3893 3391 3948 inisse
3442 3892 3584 3946 facta
3638 3899 3722 3944 te-

2149 3991 2472 4064 Staturipsa
2523 3989 2808 4062 Scriptura
2840 3989 2905 4043 ⁸⁸³.
2951 3987 3140 4058 Neque
3189 3987 3334 4041 enim
3385 3985 3562 4040 simile
3611 3983 3726 4038 veri

2144 4090 2323 4155 potest
2352 4081 2681 4147 existimari,
2713 4081 2857 4150 ipsos
2877 4078 3244 4151 praetermissa
3282 4092 3344 4131 ea
3366 4077 3564 4130 arbore
3602 4091 3727 4144 quae

2144 4175 2390 4248 proxima
2417 4183 2554 4240 erat,
2605 4173 2670 4229 ad
2717 4172 2877 4228 aliam
2913 4170 3256 4242 longiuscule
3280 4168 3530 4226 dissitam
3573 4169 3727 4223 festi-

2145 4284 2342 4334 nasse;
2367 4283 2431 4322 ex
2458 4267 2618 4336 cujus
2649 4264 2793 4320 follis
2812 4265 3156 4320 concinnatis
3185 4260 3540 4332 subligaculis
3564 4274 3724 4314 suam

2145 4370 2493 4432 contegerent
2546 4358 2872 4414 nuditatem.
2917 4357 2984 4412 Et
3045 4371 3176 4426 ergo
3229 4356 3366 4409 ficus
3422 4355 3586 4408 arbor
3632 4352 3728 4407 illa

2148 4453 2392 4510 scientiae
2423 4452 2549 4508 boni
2598 4464 2654 4507 et
2701 4451 2865 4516 mali;
2905 4464 3011 4519 qua
3044 4464 3153 4527 non
3193 4447 3337 4503 vesci
3377 4461 3502 4502 cum
3541 4455 3729 4500 essent

2145 4548 2306 4619 jussi,
2344 4560 2452 4600 non
2485 4551 2784 4616 paruerunt
2816 4541 3018 4596 edicto.
3060 4540 3198 4595 Sunt
3225 4549 3402 4594 tamen
3433 4539 3524 4607 qui
3558 4536 3726 4590 velint

2152 4637 2572 4705 haudquaquam
2619 4633 2782 4686 ticum
2833 4629 3023 4693 fuisse,
3093 4628 3188 4682 sed
3242 4626 3421 4696 potius
3470 4623 3723 4677 arborem

2149 4726 2462 4799 quampiam
2503 4724 2628 4778 novi
2672 4721 2889 4793 generis
2924 4731 3087 4790 atque
3127 4717 3394 4783 inusitati,
3432 4717 3592 4785 longe
3637 4731 3729 4768 reo

2149 4819 2315 4888 liquis
2358 4813 2827 4885 praestantiorem;
2864 4810 3023 4880 cujus
3066 4809 3334 4864 fructibus
3380 4807 3726 4868 interdictum

2151 4909 2314 4964 fuerit
2344 4909 2550 4961 Adamo
2583 4922 2597 4958 :
2637 4906 2799 4973 idque
2864 4903 2967 4958 hac
3014 4902 3279 4972 colligunt
3333 4901 3564 4964 ratione,
3598 4897 3727 4967 quia

2150 4999 2387 5070 peccarit
2429 4997 2600 5050 Adam
2633 4993 2842 5048 edendo
2880 5003 2933 5048 et
2974 4992 3234 5047 multatus
3295 4991 3386 5044 sit.
3437 4989 3571 5042 Nam
3607 4987 3728 5040 vul-

2152 5095 2268 5164 gari
2297 5093 2590 5162 (inquiunt)
2628 5090 2808 5145 fructu
2858 5086 3150 5153 vescendo,
3188 5100 3364 5155 neque
3395 5084 3731 5155 peccavisset

2155 5186 2263 5249 ille,
2294 5198 2471 5254 neque
2517 5198 2732 5254 pmnam
2765 5182 3205 5236 commeruisset.
3241 5177 3441 5232 Verum
3490 5177 3556 5230 ad
3613 5177 3729 5229 haec

2147 5277 2538 5346 respondemus
2572 5292 2586 5328 :
2619 5273 2754 5328 Cum
2804 5289 2895 5329 res
2940 5273 3123 5340 aliqua
3161 5273 3276 5342 lege
3317 5269 3588 5340 prohibita
3625 5277 3728 5330 est,

2149 5383 2259 5422 non
2286 5367 2360 5422 rei
2396 5367 2479 5421 vel
2509 5366 2876 5436 praestantiam
2924 5365 3354 5434 dignitatemque
3407 5361 3489 5416 vel
3529 5361 3732 5414 utilita-

2155 5468 2260 5515 tem
2299 5467 2464 5530 atque
2497 5460 2900 5530 indignitatem,
2933 5457 3058 5512 dmn
3091 5466 3184 5510 aut
3220 5456 3401 5511 editur
3435 5464 3529 5509 aut
3567 5453 3731 5508 omit-

2153 5553 2287 5608 titur
2339 5552 2674 5624 quidquam,
2715 5551 2917 5606 referre
2955 5560 3048 5604 aut
3090 5549 3155 5602 ad
3201 5557 3479 5620 peccatum
3527 5554 3621 5600 aut
3662 5543 3728 5599 ad

2144 5643 2417 5711 justitiam
2464 5642 2544 5698 vel
2592 5643 2658 5697 ad
2707 5657 2918 5697 orenam
2977 5641 3351 5712 praemiumve,
3402 5639 3496 5695 sed
3559 5638 3729 5708 ipsam

2335 5826 2378 5859 "’
2405 5826 2542 5886 Gen.
2577 5841 2745 5892 χχχιι,
2777 5825 2866 5880 '50.
2947 5827 2988 5857 “
3018 5823 3152 5880 Gen.
3187 5839 3264 5893 ιιι,
3301 5823 3347 5880 7.
