4086 6402
333 371 448 435 505

1476 369 1574 431 DE
1614 369 1911 431 PARADI:

2014 421 2015 424 η
2057 394 2121 404 --
2169 368 2361 430 PARS
2401 369 2450 426 Ι.
3503 374 3611 435 ἷιῐιδ

334 489 510 545 solam
566 483 658 540 hic
720 483 956 554 spectari
1019 481 1382 540 obedientiam
1443 493 1498 540 ct
1543 483 1919 540 rebellionem.
1951 488 1997 543 Δ
2029 481 2204 537 tbaies
2267 481 2446 537 solent
2501 446 2813 537 interimere
2857 495 2954 538 eos
2993 483 3248 554 aquibus
3293 497 3556 542 vorantur
3596 507 3612 543 :

335 579 501 636 Verbi
535 591 702 632 causa
736 595 752 632 :
791 576 908 632 Divi
951 575 1242 634 Machabati
1279 590 1404 631 cum
1431 590 1460 632 a
1485 576 1706 646 porcina
1747 589 1914 632 carne

334 686 465 728 sese
501 669 865 734 abstinerent,
891 682 1124 737 eamque
1170 668 1240 722 ob
1270 682 1382 722 rem
1434 666 1666 736 plurima
1711 668 1912 721 tulera-

330 771 458 818 rent
483 763 649 828 mala,
682 776 792 815 non
845 761 1018 830 ipsam
1057 761 1378 829 spectabant
1422 761 1634 816 suillam
1665 775 1909 818 carnem.

328 867 506 921 eaque
549 868 650 907 ceu
681 853 774 906 vili
821 861 875 906 et
932 853 1327 921 contemptibili
1366 853 1491 908 cibo
1523 851 1909 906 abstinebant:

330 945 426 1002 sed
476 945 727 999 divinum
769 945 1060 999 versabant
1117 945 1304 998 animo
1371 954 1722 1014 praeceptum,
1763 942 1910 1012 quod

330 1036 516 1093 modis
543 1036 798 1089 omnibus
821 1034 925 1089 sibi
960 1034 1384 1096 observandum,
1417 1049 1591 1104 neque
1616 1035 1728 1090 ullo
1755 1043 1911 1103 pacto

330 1127 752 1183 transiliendum
787 1126 1101 1181 statuebant
1128 1124 1195 1180 ⁸⁸.
1229 1126 1294 1180 Et
1326 1136 1599 1198 martyres
1639 1137 1910 1188 tormenta

328 1221 564 1291 pturima
600 1229 729 1274 sunt
773 1218 1015 1287 perpessi
1045 1217 1176 1288 quia
1205 1218 1273 1272 de
1311 1218 1504 1276 hostiis
1538 1218 1767 1274 deorum
1809 1233 1912 1290 gus-

327 1323 474 1370 stare
527 1312 892 1376 recusabant;
945 1327 1052 1366 non
1087 1312 1234 1381 quod
1284 1311 1391 1366 cibi
1443 1312 1592 1368 illius
1644 1313 1908 1372 rationem

326 1405 596 1461 baberent
633 1404 725 1470 qui
755 1418 822 1458 ex
851 1405 1091 1462 victimis
1129 1405 1450 1474 parabatur,
1478 1407 1572 1461 sed
1597 1422 1666 1462 ne
1703 1421 1798 1464 sua
1827 1405 1910 1475 ip-

325 1513 515 1554 sorum
569 1482 842 1553 adversus
898 1497 1066 1554 Deum
1124 1499 1458 1554 conscientia
1508 1499 1906 1567 polluerentur.

327 1592 418 1646 Sic
437 1591 603 1646 divus
630 1588 835 1646 Paulus
855 1590 1137 1660 permittit
1165 1589 1322 1646 nobis
1349 1600 1407 1644 ut
1438 1591 1574 1644 cibis
1607 1590 1758 1645 nullo
1783 1604 1907 1645 cunt

328 1683 652 1740 discriminc
710 1696 1028 1748 vescamur,
1074 1683 1342 1752 tantisper
1381 1683 1510 1737 dum
1565 1684 1754 1750 quales
1801 1683 1912 1737 sint

330 1777 680 1847 ignoramus;
733 1791 923 1830 verum
955 1775 1209 1832 conscios
1229 1775 1382 1845 jubet
1411 1775 1714 1839 abstinere,
1745 1774 1910 1830 nimi.-

1922 741 1950 756 ρ

2019 574 2125 630 snii
2156 572 2258 637 illi,
2300 574 2379 628 vel
2411 582 2524 628 tum
2555 589 2682 628 cum
2717 574 3098 639 vescebantur,
3132 577 3212 630 vel
3243 587 3365 644 post
3391 581 3607 648 oppeti-

2017 667 2229 721 vissent
2271 673 2526 720 mortem.
2561 663 2749 734 Neque
2805 682 2995 722 rursus
3052 666 3124 722 ob
3167 667 3337 722 solam
3371 671 3594 725 rebellio

2016 775 2144 814 nem
2183 760 2309 815 illos
2338 769 2565 814 mortem
2592 761 2887 816 incurrisse
2919 779 2933 815 :
2965 761 3404 831 quandoquidem
3441 761 3608 819 David

2023 851 2202 907 tribus
2258 852 2435 906 modis
2503 852 2912 921 praevaricatus,
2956 868 3053 923 per
3103 853 3455 919 adulterium,
3507 869 3610 924 per

2016 942 2179 1008 iram,
2211 959 2306 1013 per
2337 944 2716 1006 homicidium,
2751 959 2857 1002 non
2903 955 3082 999 tamen
3111 945 3332 1013 punitus
3361 953 3466 1011 est,
3514 943 3610 1000 sed

2015 1034 2341 1088 delictorum
2386 1037 2614 1103 gratiam
2645 1049 2674 1087 a
2715 1032 2824 1088 Deo
2861 1042 3191 1090 consecutus
3224 1052 3238 1088 :
3282 1050 3474 1090 verum
3525 1034 3614 1090 di-

2017 1125 2260 1181 trinitatis
2293 1124 2690 1180 allectationem
2728 1125 2900 1181 fuisse
2939 1124 3048 1180 illis
3094 1140 3318 1184 causam
3375 1126 3610 1183 mortis.

2015 1215 2192 1272 Simul
2237 1224 2402 1286 atque
2441 1217 2588 1270 enim
2625 1216 2870 1288 (inquit)
2897 1217 2962 1272 ad
3003 1216 3168 1272 Evam
3219 1217 3451 1274 dixisset
3487 1232 3613 1274 ser—

2017 1323 2152 1379 pons
2183 1325 2198 1361 :
2231 1307 2400 1362 Eritis
2437 1309 2572 1364 sicut
2595 1308 2695 1371 dii,
2729 1295 2951 1366 scientes
2971 1308 3097 1366 boni
3123 1317 3174 1364 et.
3205 1309 3336 1364 mali
3359 1310 3428 1373 ⁸⁹,
3459 1311 3508 1365 si
3537 1309 3606 1364 de

2016 1400 2103 1455 illa
2126 1403 2323 1458 arbore
2345 1401 2712 1469 gustareritis,
2763 1401 3026 1472 evestigio
3073 1401 3187 1468 illa,
3214 1403 3450 1458 maxima
3475 1417 3603 1457 cum

2011 1492 2294 1557 aviditate,
2325 1503 2548 1561 accepto
2593 1491 2773 1548 fructu
2825 1494 3190 1549 vescebatur:
3219 1509 3390 1564 quare
3415 1494 3603 1549 existi-

2016 1583 2272 1638 mandum
2314 1599 2421 1638 non
2447 1593 2553 1651 est,
2587 1585 2694 1638 cibi
2730 1584 2880 1640 illius
2943 1600 3138 1654 sapore
3168 1585 3402 1642 illectum
3437 1584 3601 1656 Evam

2019 1674 2253 1734 violasse
2281 1674 2568 1742 imperium
2615 1675 2732 1735 Dei.
2763 1675 2856 1731 sed
2887 1676 3034 1744 quod
3069 1684 3316 1746 speraret
3357 1691 3417 1732 se
3440 1677 3600 1732 deam

2018 1764 2157 1825 fore.
2184 1765 2643 1836 divinitatemque
2697 1766 3000 1832 all‘ectaret,
3033 1777 3087 1824 et
3130 1768 3304 1842 ipsam
3345 1769 3524 1830 edisse
3549 1775 3606 1824 et

343 1884 460 1921 ηιηι
488 1867 610 1936 quia
652 1882 762 1922 non
787 1867 841 1921 in
882 1867 1014 1935 ipsi.
1056 1866 1214 1932 cibis,
1253 1867 1346 1922 sed
1387 1866 1442 1920 in
1474 1881 1664 1921 eorum
1704 1867 1796 1937 qui
1829 1865 1917 1920 his
1946 1847 1992 1909 Β
2020 1857 2138 1914 viro
2182 1856 2517 1923 porrexisse.
2563 1856 2670 1918 Sed
2722 1873 2900 1928 neque
2944 1859 3218 1918 Adamum
3275 1869 3370 1918 aut
3422 1859 3603 1916 fructu

347 1967 632 2012 vescuntur
659 1957 997 2015 conscientia
1017 1997 1034 2022 ,
1063 1973 1153 2013 res
1177 1957 1278 2013 sita
1310 1966 1394 2013 est
1419 1957 1486 2012 ⁸⁸.
1521 1956 1713 2026 Itaque
1745 1958 1914 2012 Adam

336 2064 440 2105 aea
470 2065 535 2104 ex
573 2049 793 2106 arboris
822 2049 890 2103 de
948 2065 1056 2120 qua
1100 2049 1340 2120 gustavit
1373 2050 1550 2118 pretio
1586 2047 1918 2120 dignitateve

325 2143 544 2212 agnovit
574 2140 837 2198 delictum
871 2155 1054 2203 suum,
1081 2139 1176 2195 sed
1202 2156 1269 2196 ex
1303 2139 1420 2210 ipsa
1449 2155 1546 2195 sua
1584 2140 1914 2206 rebellione;

325 2233 662 2302 partitaeque
691 2241 778 2287 est
813 2231 969 2301 plane
1014 2247 1124 2292 non
1157 2247 1255 2302 pro
1279 2232 1478 2301 gustati
1543 2231 1650 2286 cibi
1696 2241 1913 2296 natura,

323 2323 418 2380 sed
451 2333 681 2394 propter
713 2325 967 2382 violatam
1015 2324 1210 2396 legem.
1237 2326 1448 2394 Quippe
1484 2324 1537 2379 in
1569 2325 1914 2384 observanda

325 2425 418 2472 aut
482 2417 739 2478 violanda
789 2417 928 2487 lege,
957 2417 1140 2472 omnis
1185 2417 1399 2486 iustitia
1438 2418 1689 2474 consistit
1748 2427 1915 2488 atque

327 2507 638 2575 injustitia;
677 2523 784 2562 non
817 2517 996 2566 autem
1030 2507 1084 2562 in
1118 2522 1182 2563 ea
1217 2523 1276 2564 re
1309 2509 1376 2563 de
1399 2523 1503 2577 qua
1540 2507 1623 2562 lex
1663 2507 1778 2576 ipsa
1811 2508 1915 2563 lata

323 2609 426 2655 est.
489 2599 620 2654 Fuit
658 2599 825 2670 igitur
869 2599 1012 2656 ﬁcus
1075 2599 1239 2656 arbor
1272 2600 1363 2656 illa
1420 2601 1666 2656 scientia».
1709 2601 1834 2656 boni
1863 2593 1918 2656 ει

325 2693 481 2759 mali,
510 2692 580 2747 de
605 2708 714 2762 qua
762 2693 1086 2749 vescebatur
1123 2693 1386 2749 Adamus.
1422 2691 1518 2748 llic
1554 2708 1747 2750 rursus
1775 2693 1916 2765 obji-

323 2785 429 2840 ciet
453 2784 658 2855 aliquis
683 2802 697 2839 :
725 2782 782 2839 Si
809 2793 1033 2841 mortem
1071 2786 1254 2840 attulit
1286 2786 1414 2840 Adae
1457 2769 1673 2856 gustata
1715 2786 1905 2850 arbor,

324 2877 524 2932 merito
581 2891 682 2946 pro
721 2877 991 2936 homicida
1046 2876 1295 2932 habenda
1364 2876 1567 2946 Deique
1606 2877 1762 2933 hoste
1791 2888 1912 2946 est;

321 2982 449 3024 cum
488 2968 580 3024 hic
625 2967 895 3034 Adamum
933 2970 1239 3025 condiderit
1265 2971 1486 3039 vitaque
1519 2970 1758 3032 donarit,
1812 2971 1904 3028 illa

321 3060 624 3130 perdiderit
660 3071 716 3116 et
766 3061 934 3120 vitam
983 3063 1268 3132 eripuerit.
1315 3061 1420 3117 Sed
1473 3061 1540 3116 ad
1591 3062 1697 3117 boc
1756 3061 1913 3116 facile

323 3152 709 3223 respondetur,
751 3168 858 3208 non
887 3152 1119 3210 arborea
1151 3153 1245 3214 sed
1279 3154 1629 3211 rebellionem
1662 3155 1910 3210 attulisse

319 3254 556 3300 mortem
613 3245 842 3299 Adamo.
889 3241 1026 3298 Nam
1080 3254 1136 3302 et
1183 3247 1238 3302 in
1287 3245 1404 3314 lege
1463 3245 1770 3302 scribitur:
1805 3245 1910 3311 Qui

318 3334 622 3388 maledictis
661 3350 790 3389 usus
817 3334 1064 3404 fueritin
1087 3345 1287 3404 patrem
1318 3345 1410 3390 aut
1445 3349 1667 3392 matrem
1712 3339 1913 3390 moria-

318 3437 414 3481 tur
435 3425 512 3480 ⁸⁸.
537 3423 708 3480 Nemo
733 3434 916 3485 tamen
963 3425 1170 3488 dixerit
1219 3427 1334 3498 ipsa
1380 3427 1696 3496 maledicta,
1728 3431 1778 3484 ei
1812 3429 1908 3500 qui

318 3519 459 3589 ipsis
501 3526 783 3585 parentem
838 3517 1158 3583 insectatur,
1207 3527 1436 3578 mortem
1473 3520 1738 3589 inﬂigere,
1785 3521 1910 3575 ani-

317 3623 582 3678 rnamque
617 3607 737 3680 ejus
773 3623 805 3662 a
837 3623 1066 3678 corpore
1089 3607 1347 3664 divellere
1375 3627 1391 3664 :
1427 3609 1521 3664 sed
1555 3610 1908 3678 impietatem,

316 3699 399 3752 illi
449 3713 576 3758 esse
624 3697 819 3754 mortis
859 3713 1108 3758 causam.
1147 3698 1228 3753 Ad
1267 3697 1390 3768 hoc,
1420 3699 1475 3752 iu
1512 3697 1714 3763 lloreli,
1761 3712 1911 3754 mors

319 3791 767 3864 praestituebatur
813 3792 1012 3862 popqu
1036 3833 1050 3855 ,
1083 3792 1332 3861 quisquis
1367 3807 1519 3846 oram
1570 3792 1773 3848 montis
1810 3790 1911 3846 ,Si-

326 3883 413 3936 nai
479 3883 822 3952 contingeret
861 3881 903 3913 ⁸⁷
941 3899 955 3936 :
994 3881 1414 3954 haudquaquam
1481 3893 1659 3938 tamen
1710 3883 1905 3939 existi-

327 3973 584 4026 mandum
637 3982 740 4037 est,
774 3989 802 4026 a
836 3984 1018 4032 monte
1068 3973 1217 4028 Sinai
1273 3991 1603 4050 quemquam
1663 3976 1906 4036 occisum

317 4078 467 4128 esse,
501 4065 596 4118 sed
625 4065 802 4132 potius
833 4081 864 4118 a
895 4052 1165 4136 praecepto
1212 4066 1431 4122 violato.
1467 4065 1706 4144 Denique
1738 4068 1782 4121 si
1815 4085 1906 4123 rex

315 4154 546 4224 aliquis,
578 4156 798 4210 civitate
840 4158 941 4210 hac
970 4167 1063 4210 aut
1118 4157 1238 4223 illa,
1273 4157 1437 4212 alicui
1487 4159 1590 4213 sub
1637 4159 1908 4228 supplicio

315 4248 541 4318 capitali
573 4248 936 4310 interdixerit,
970 4249 1182 4302 accidat
1224 4264 1386 4319 porro
1417 4260 1475 4304 ut
1517 4250 1562 4306 is
1596 4266 1661 4306 ea
1692 4250 1909 4305 civitate

316 4352 431 4390 non
484 4336 787 4399 abstineat,
823 4353 887 4391 ac
921 4339 1146 4407 proinde
1199 4339 1372 4408 capite
1401 4339 1708 4409 puniatura
1744 4355 1906 4409 rege:

315 4427 449 4498 quis
505 4427 656 4481 ἰιιιιιιι
713 4428 912 4482 dixerit
941 4444 970 4481 a
1001 4428 1220 4484 civitate
1257 4429 1608 4486 interfectum
1651 4447 1792 4496 esse,
1845 4448 1910 4486 ac

318 4532 434 4572 non
494 4519 678 4586 potius
716 4534 816 4574 sua
848 4519 1025 4588 ipsum
1074 4519 1369 4577 rebellione
1424 4522 1694 4592 periisse?
1724 4522 1910 4594 Neque
1943 4515 1987 4572 ι)

317 4625 454 4664 vero
498 4625 697 4664 manna
732 4610 1127 4676 lsraelitarum,
1156 4615 1301 4680 quod
1334 4614 1554 4668 Sabbati
1602 4625 1760 4670 nocte
1790 4631 1910 4670 ser-

320 4711 510 4756 vatum
547 4715 656 4754 non
689 4703 1057 4771 putrescebat,
1093 4703 1318 4773 reliquis
1353 4721 1482 4760 vero
1515 4705 1762 4762 noctibus
1785 4723 1909 4762 cor-

325 4793 723 4862 rumpebatur;
762 4795 843 4846 vul
898 4795 1014 4864 ipsa
1068 4793 1294 4851 Sabbati
1339 4813 1446 4851 uox
1500 4801 1786 4864 servabat,
1830 4797 1911 4854 vel

329 4894 532 4937 canem:
586 4886 883 4954 perdebant
935 4904 948 4941 :
1005 4888 1100 4942 sed
1137 4903 1203 4942 ex
1268 4889 1556 4944 observato
1603 4890 1912 4961 violatoque

326 4984 596 5044 praacepto
630 4993 715 5038 res
749 4988 859 5030 tuza
907 4981 1177 5049 pendebat
1211 4979 1278 5037 ⁸⁸.
1305 4979 1422 5035 Non
1479 4981 1643 5052 igitur
1693 4983 1902 5036 Adamo

324 5065 405 5120 vel
437 5069 624 5132 arbor,
661 5071 741 5123 vel
773 5078 1019 5140 gustatus
1049 5069 1262 5127 fructus
1294 5081 1520 5128 mortem
1554 5073 1784 5143 peperit,
1813 5073 1908 5128 sed

319 5158 437 5227 ipsa
470 5157 719 5212 rebellio.

384 5254 667 5305 Caeterum
707 5250 1042 5308 Pliiloxenus
1098 5251 1444 5323 Mabugensis
1477 5257 1530 5308 in
1558 5270 1620 5309 ea
1661 5264 1743 5310 est
1779 5273 1902 5311 scn-

317 5345 524 5408 tentia,
553 5353 609 5396 ut
660 5353 812 5412 putet
868 5359 1046 5414 neque
1098 5347 1351 5400 arborem
1404 5347 1548 5400 illam
1602 5347 1904 5404 fractumve

315 5445 603 5506 gustatum
644 5435 896 5490 attulisse
945 5445 1180 5490 mortem
1227 5437 1418 5505 primis
1462 5441 1780 5506 pereuntibus
1813 5458 1826 5496 :
1859 5441 1904 5494 si

316 5527 492 5592 enim,
537 5525 740 5594 inquit,
768 5541 892 5581 esca
935 5528 1016 5582 sic
1045 5526 1168 5582 illos
1197 5538 1498 5593 eaet-asset,
1531 5540 1586 5583 ut
1624 5531 1802 5585 herba:
1834 5532 1905 5586 le-

394 5733 438 5761 ⁸⁸
465 5730 506 5786 ll
547 5725 720 5803 Maeli.
758 5748 807 5786 vt
848 5741 903 5786 et
935 5749 1048 5796 vtt;
1088 5731 1260 5788 chit.
1291 5749 1340 5786 χι
1372 5750 1385 5796 ;
1418 5733 1573 5788 Deut.
1607 5749 1717 5788 inv.
1751 5734 1793 5766 ⁸⁵
1832 5733 1848 5787 Ι
1891 5737 1911 5788 (

2053 5751 2104 5796 κ,
2138 5736 2207 5789 “25
2235 5752 2388 5803 seqq.

327 5801 374 5836 ⁸⁷
405 5802 583 5857 Exod.
611 5817 723 5869 avt,
763 5803 826 5856 li
857 5817 1044 5873 seqq.;
1073 5803 1236 5858 Num.
1264 5819 1338 5868 XI,
1369 5805 1433 5872 7;
1467 5805 1618 5860 Deut.
1658 5821 1771 5868 \‘Itl,
1814 5806 1892 5860 lt}.
1976 5807 2018 5838 “
2049 5806 2184 5860 Gctt.
2217 5801 2386 5872 ιιιίὸ.
2467 5806 2512 5836 ⁵⁸
2539 5807 2642 5860 lsa.
2679 5822 2786 5872 MV,
2813 5805 2894 5860 li.

2018 1947 2261 2018 ciboque
2317 1947 2414 2004 illo
2464 1948 2768 2012 inescatam
2840 1949 3208 2010 transilivisse
3253 1962 3604 2021 prmerptum,

2017 2052 2141 2093 cum
2189 2047 2378 2095 essent
2403 2039 2457 2094 in
2495 2040 2752 2108 paradiso
2789 2040 3040 2110 plurimae
3082 2041 3310 2103 arbores
3337 2044 3456 2099 aliae
3487 2043 3608 2114 qui-

2016 2129 2120 2187 bus
2169 2133 2274 2187 sibi
2322 2133 2600 2188 libidinem
2645 2133 2712 2202 (si
2769 2149 2833 2186 ea
2893 2133 3068 2203 ipsum
3124 2143 3272 2196 tanta
3323 2135 3607 2202 tenuisset)

2017 2221 2293 2277 easatiare
2331 2223 2618 2292 potuisset,
2653 2230 2749 2278 aut
2782 2224 3010 2279 omnino
3043 2224 3206 2282 ullius
3235 2241 3373 2280 escae
3405 2229 3602 2294 gratia,

2017 2327 2204 2385 spreto
2241 2325 2408 2387 atque
2459 2318 2706 2386 neglecto
2741 2317 2846 2372 Deo
2875 2318 3157 2374 conditore
3185 2333 3306 2382 suo,
3327 2319 3606 2386 obtempe-

2019 2407 2234 2461 ravisse
2287 2407 2550 2466 insidioso
2601 2410 2832 2465 dannoni
2873 2427 2889 2463 :
2930 2409 3025 2465 sed
3068 2409 3378 2478 perculsum
3436 2409 3600 2463 etiam

2019 2495 2196 2564 ipsum
2263 2497 2565 2553 divinitatis
2628 2500 2931 2556 ambitione
2997 2500 3405 2569 praevaricatum
3462 2513 3606 2563 esse.

2003 2588 2193 2660 deque
2220 2590 2385 2644 vetita
2410 2591 2604 2645 arbore
2630 2593 2830 2656 edisse.
2858 2591 2968 2648 Nisi
3001 2592 3147 2645 enim
3190 2592 3279 2646 illa
3319 2591 3607 2650 allectione

2018 2679 2395 2749 perturbatum
2429 2680 2675 2738 animum
2709 2683 3030 2748 habuisset,
3071 2683 3268 2752 inquit,
3299 2683 3457 2739 facile
3487 2684 3604 2739 ba~c

2021 2783 2190 2843 atque
2223 2774 2538 2843 liujusmodi
2565 2775 2670 2832 alia
2695 2775 3042 2847 opposuisset
3068 2775 3603 2854 uxOriargumenta:

2016 2862 2128 2918 Cur
2162 2878 2270 2918 non
2305 2879 2530 2933 serpens
2570 2865 2660 2931 qui
2707 2866 2866 2921 nobis
2906 2865 3243 2920 divinitatem
3283 2880 3351 2919 ex
3409 2864 3604 2920 arbore

2016 2962 2229 3025 gustata
2277 2955 2568 3026 promittit,
2596 2956 2710 3026 ipse
2751 2958 2899 3026 prior
2928 2957 3060 3018 edit.
3102 2957 3350 3026 deusque
3393 2957 3606 3011 evasit?

2014 3045 2132 3102 Jam
2166 3063 2291 3102 vero
2319 3064 2494 3118 neque
2526 3060 2598 3112 te,
2630 3059 2688 3104 ut
2726 3049 2910 3112 edisti,
2969 3049 3126 3104 dcam
3167 3048 3364 3105 factam
3401 3049 3600 3104 video:

2014 3139 2106 3208 qui
2153 3138 2357 3208 possim
2388 3153 2516 3210 ergo
2557 3140 2670 3210 ipse
2699 3140 3032 3195 divinitatem
3068 3155 3291 3212 sperare
3321 3140 3366 3196 si
3397 3138 3553 3194 edam
3579 3139 3604 3191 τ

2015 3231 2098 3296 Et,
2131 3231 2224 3302 qui
2265 3231 2442 3287 valeat
2472 3231 2658 3298 arbor,
2681 3247 2804 3306 qua:
2835 3234 2998 3288 etiam
3034 3233 3230 3305 spiritu
3260 3241 3426 3296 caret,
3462 3232 3599 3288 deos

2013 3321 2225 3378 eliicere
2270 3323 2364 3393 qui
2412 3338 2471 3382 se
2520 3323 2856 3384 vescantur?
2887 3324 3046 3394 quasi
3091 3340 3218 3380 vero
3271 3341 3433 3381 suum
3483 3324 3598 3396 ipsa

2016 3421 2238 3482 superet
2285 3411 2633 3470 cll‘ectoremi
2679 3413 2872 3468 Verum
2909 3415 3044 3469 nihil
3075 3415 3179 3472 tale
3208 3415 3485 3484 respondit
3514 3414 3604 3468 ille

2015 3502 2194 3567 uxori,
2221 3518 2396 3572 neque
2427 3520 2552 3558 cum
2585 3503 2702 3576 ipsa
2761 3515 2843 3560 est
2866 3519 2927 3559 ea
2957 3505 3024 3560 de
3064 3521 3122 3560 re
3150 3515 3598 3578 argumentatus:

2015 3593 2275 3648 nimirum
2327 3595 2419 3668 qui
2465 3596 2628 3654 etiam
2665 3597 3111 3668 ipse‘divinitatis
3139 3598 3393 3667 cupidine
3426 3599 3602 3655 victus

2015 3701 2110 3755 per
2145 3687 2456 3742 vecordiam
2511 3689 2821 3744 tenebatur.
2869 3689 3112 3750 Ellicitur
3156 3689 3377 3756 itaque,
3425 3704 3601 3757 neque

2015 3777 2264 3832 arborem
2290 3779 2572 3833 arborisve
2603 3778 2837 3834 fructum
2875 3780 2956 3833 vel
2983 3795 3186 3844 escam,
3219 3795 3392 3850 neque
3423 3781 3602 3836 rebel-

2012 3868 2208 3923 lionem
2242 3870 2487 3924 attulisse
2522 3871 2711 3939 primis
2737 3871 2939 3925 nostris
2981 3871 3297 3940 parentibus
3327 3870 3579 3938 exitium,

2013 3961 2107 4016 sed
2161 3963 2340 4031 ipsum
2393 3979 2586 4018 eorum
2639 3964 2885 4018 animum
2937 3979 3046 4034 quo
3078 3964 3597 4034 praevaricabantur,

2019 4057 2126 4112 hoc
2159 4067 2264 4121 est,
2295 4058 2466 4126 ipsam
2499 4057 2802 4112 divinitatis
2838 4059 3212 4113 ambitionem.
3243 4057 3376 4112 Nam
3407 4057 3597 4112 eadem

2025 4149 2327 4204 ambitione
2357 4150 2608 4205 diabolus
2648 4166 2865 4220 quoque
2909 4167 3032 4206 cum
3077 4151 3193 4207 suis
3241 4152 3415 4220 copiis
3461 4152 3601 4204 deli-

2009 4243 2124 4314 quit
2157 4261 2169 4295 :
2204 4243 2582 4298 dicebateuitn
2608 4260 2624 4300 :
2654 4242 2857 4297 Ponant
2880 4245 3056 4298 sedem
3085 4260 3433 4311 meamsupra
3477 4245 3603 4296 stel-

2011 4332 2091 4387 las
2132 4332 2250 4393 Dei.
2281 4343 2331 4386 et
2362 4349 2450 4387 ero
2471 4333 2660 4387 similis
2685 4333 2959 4388 Altissimo
2983 4335 3067 4402 l5°;
3097 4346 3259 4406 atque
3287 4336 3356 4390 ob
3388 4337 3488 4391 hoc
3520 4340 3603 4407 ip-

2013 4441 2130 4480 sum
2147 4434 2424 4495 peccatum
2449 4426 2589 4480 cmlo
2614 4425 2884 4480 deturbati
2906 4427 3330 4498 praecipitatiquc
3349 4434 3476 4484 su'nt
3500 4429 3598 4483 illi.

2089 4515 2366 4571 Hactenus
2410 4517 2767 4571 Pliiloxenus.
2823 4517 2930 4572 Sed
2981 4534 3080 4574 nos
3125 4520 3380 4583 dicimus,
3426 4520 3598 4591 ipsam

2017 4611 2522 4688 praevaricationem
2579 4609 2744 4665 fuisse
2774 4625 2992 4665 causam
3028 4613 3217 4666 mortis
3246 4612 3485 4676 Adamo,
3519 4614 3599 4667 id-

2015 4719 2122 4778 que
2152 4704 2364 4757 duabus
2416 4703 2724 4756 rationibus
2774 4703 3222 4772 comprobamus,
3255 4719 3484 4772 quarum
3531 4719 3598 4758 ex

2017 4796 2111 4850 Dei
2176 4797 2342 4850 verbo
2388 4803 2607 4866 sumpta
2689 4795 2804 4848 inec
2848 4805 2952 4849 est.
2985 4793 3208 4849 Dicebat
3255 4795 3399 4847 enim
3455 4794 3598 4852 Deus

2014 4888 2225 4941 Adamo
2258 4904 2272 4940 :
2309 4883 2427 4952 Quo
2463 4886 2546 4938 die
2585 4883 2873 4938 comederis
2923 4892 2978 4937 tu
3022 4885 3084 4938 de
3122 4884 3328 4947 arbore,
3379 4888 3597 4939 mortem

2012 4989 2218 5050 o;~petes
2245 4979 2314 5032 ⁸⁸.
2345 4979 2527 5031 Altera
2555 4977 2671 5032 haec
2699 4985 2821 5031 est:
2850 4975 2905 5030 Si
2937 4977 3238 5033 divinitatis
3269 4993 3364 5049 spe
3393 4979 3597 5046 oblata,

2012 5069 2223 5122 dwmon
2255 5083 2362 5122 non
2389 5067 2656 5138 quivissct
2705 5065 2972 5120 Adamum
3007 5078 3174 5137 atque
3213 5066 3377 5122 Evam
3432 5068 3596 5123 sedu-

2011 5176 2154 5224 cere,
2188 5159 2376 5228 procul
2409 5159 2574 5213 dubio
2607 5159 3015 5214 immortalitate
3048 5160 3314 5229 promissa
3348 5162 3600 5232 impulis-

2016 5261 2098 5307 set
2126 5251 2191 5305 ad
2236 5251 2756 5320 praevaricandum;
2815 5253 3072 5322 atqueita
3134 5254 3327 5323 quovis
3380 5255 3595 5322 tandem

2016 5346 2178 5400 modo
2234 5345 2309 5399 illi
2341 5345 2662 5406 incidissent
2702 5346 2754 5400 in
2799 5357 3030 5402 mortem
3068 5349 3266 5403 violato
3295 5349 3385 5402 Dei
3429 5349 3598 5418 impe-

2016 5439 2116 5503 rio,
2144 5452 2306 5508 quam
2339 5440 2452 5508 ipse
2484 5441 2657 5492 fuerat
2678 5441 2760 5494 eis
2785 5441 3183 5506 comminatus;
3216 5439 3440 5510 fregisse
3467 5455 3598 5508 ergo

1975 5538 2348 5601 ‘praeceptum
2407 5530 2520 5594 Dei,
2553 5530 2657 5585 fuit
2705 5533 2836 5602 ipsis
2862 5533 3016 5587 exitii
3069 5547 3254 5588 causa.
3314 5529 3422 5586 Sed
3469 5546 3592 5596 cur,

2469 5735 2513 5765 "
2552 5735 2716 5788 Exod.
2754 5749 2866 5797 xvi,
2907 5736 2989 5790 Π.
3069 5736 3111 5766 ⁸⁷
3147 5737 3317 5790 Exod.
3351 5752 3460 5803 xix,
3499 5738 3586 5792 1'2.

2469 5806 2512 5836 ⁵⁸
2539 5807 2642 5860 lsa.
2679 5822 2786 5861 MV.
2813 5805 2894 5860 li.
2975 5807 3013 5835 ³³
3049 5803 3180 5861 Gen.
3211 5823 3270 5861 tt.
3315 5807 3397 5861 l7.
