4086 6402
469 365 573 428 507

1754 364 1985 425 MOSIS
2021 364 2080 421 Β.

2213 361 2458 426 ΕΕΡΙῙΑ
3644 365 3757 429 508

470 479 750 548 inquiunt,
798 479 1057 550 imposuit
1087 479 1228 536 Deus
1255 478 1466 535 Adamo
1501 479 1697 548 legem,
1726 491 1890 546 quam
1923 489 2054 546 prae-
2088 475 2135 533 Δ
2165 473 2254 529 illa
2280 477 2480 531 arbore
2506 483 2672 541 esset,
2717 477 2770 532 in
2805 479 3022 534 animas
3061 493 3252 536 eorum
3285 480 3377 550 qui
3419 479 3511 534 illo
3541 482 3763 536 aleren-

473 572 680 628 seiebat
727 573 906 642 ipsum
964 587 1072 628 non
1131 588 1253 628 esse
1304 571 1760 628 observaturum?
1808 570 2061 624 Proiecto

476 660 580 716 nisi
621 662 704 714 lex
749 660 824 714 illl
871 661 1062 716 fuisset
1105 665 1253 725 data,
1293 660 1346 715 in
1394 659 1570 714 multo
1628 657 1807 728 majus
1854 656 2058 711 malum

482 753 792 818 incidisset,
825 768 990 824 quam
1037 754 1228 809 incidit
1250 753 1420 809 Satan
1454 768 1470 806 :
1501 752 1803 822 praesertim
1843 765 1966 805 cum
2004 749 2059 804 in

477 854 589 897 tant
636 845 804 914 regali
839 855 1150 900 versaretur
1188 846 1410 916 palatio,
1444 845 1564 914 ipso
1600 842 1851 913 paradiso
1883 841 2064 897 omni-

477 934 582 988 bus
612 934 827 990 deliciis
857 934 1130 1001 alilttente,
1176 936 1440 1005 imperata
1479 944 1562 989 est
1595 949 1726 1004 ergo
1758 934 1830 986 illi
1865 933 1947 988 lex
1973 933 2061 988 cui

480 1042 588 1080 non
616 1040 734 1086 erat
760 1029 1255 1094 obsecundatnrus,
1291 1042 1358 1082 ne
1390 1029 1442 1080 in
1471 1026 1651 1095 majus
1691 1026 1896 1079 malum
1929 1039 2064 1093 pro-

477 1120 778 1184 laberetur,
801 1137 966 1191 quam
991 1121 1115 1176 data
1141 1120 1257 1191 lege
1290 1120 1419 1174 ruit.
1458 1119 1598 1173 Sunt
1621 1131 1750 1171 vero
1771 1117 1892 1171 aliae
1913 1131 2065 1172 com-

479 1213 662 1282 plures
724 1216 964 1272 rationes
1012 1214 1436 1284 praescribendaa
1493 1214 1641 1268 illius
1692 1214 1826 1285 legis
1858 1230 1871 1266 :
1900 1225 2063 1282 quas,

477 1308 696 1362 volente
729 1307 858 1371 Deo,
888 1315 1012 1380 post
1045 1323 1237 1363 sumus
1259 1307 1604 1378 explicaturi.

549 1400 750 1456 Verum
785 1402 1068 1457 enimvero
1121 1410 1334 1471 querat
1411 1399 1648 1468 aliquis,
1717 1415 1816 1454 cur
1872 1399 2066 1454 Adami

477 1503 761 1563 peceatum
793 1495 938 1564 quod
971 1493 1191 1564 quidem
1223 1507 1332 1547 non
1362 1493 1650 1548 videbatur
1679 1492 2066 1563 gravissimum

479 1585 779 1641 durissima
831 1585 904 1641 sit
957 1601 1118 1656 ptena
1187 1593 1506 1647 consecuta,
1546 1585 1658 1654 ipsa
1707 1599 1877 1639 mors.
1932 1582 2070 1639 lluic

477 1675 658 1746 primo
698 1675 1117 1746 respondemus,
1160 1675 1335 1745 magis
1383 1674 1538 1729 illum
1584 1675 1871 1730 admisisse
1919 1673 2073 1744 ﬂagi-

478 1768 639 1832 tium,
689 1784 854 1840 quam
899 1768 1231 1840 pependisse
1283 1782 1498 1838 pmnam
1538 1767 1877 1837 :multiplici
1922 1767 2068 1822 enim

478 1877 752 1917 noxarum
778 1877 976 1933 genere
1024 1862 1250 1917 rebellio
1293 1862 1383 1916 illa
1411 1860 1722 1922 constabat,
1759 1859 2071 1924 inscientia,
2107 1837 2147 1893 Β

471 1969 688 2020 errore,
717 1955 999 2025 superbia,
1039 1953 1446 2017 incredulitate,
1486 1952 1786 2015 calumnia,
1821 1961 2072 2007 contem-

479 2056 576 2116 ptu
617 2047 875 2117 denique.
932 2045 1226 2102 lnscientia
1273 2046 1494 2116 quidem
1532 2087 1547 2109 ,
1599 2045 1726 2114 quia
1790 2045 2069 2113 iumentis,

485 2140 786 2208 bestiisque
816 2139 1015 2194 similis
1052 2140 1247 2204 evasit,
1281 2140 1376 2209 qui
1413 2139 1621 2207 alioqui
1665 2138 1933 2207 sapientia
1987 2146 2074 2192 at-

479 2246 590 2300 que
629 2230 841 2286 ratione
893 2230 1147 2300 pollebat.
1191 2230 1389 2286 Errore
1419 2246 1570 2292 vero,
1599 2229 1798 2300 quippe
1826 2228 2074 2284 insidiosi

479 2321 804 2392 impostoris
842 2323 928 2377 sui
961 2323 1145 2378 verbis
1196 2323 1458 2378 seductus
1487 2329 1592 2377 est.
1632 2321 1898 2392 Superbia
1929 2336 2071 2392 quo-

483 2431 616 2484 que,
657 2430 780 2470 nam
809 2415 1154 2471 divinitatem
1185 2415 1494 2472 allectabat.
1526 2414 1753 2485 Insuper
1783 2415 2079 2470 increduli-

476 2517 611 2574 tate,
649 2523 758 2562 non
789 2509 1046 2564 credebat
1075 2509 1220 2564 enim
1253 2519 1519 2564 eventura
1551 2524 1615 2562 ea
1651 2524 1772 2579 qua:
1809 2509 1912 2564 sibi
1943 2524 2078 2564 suus

478 2600 734 2655 conditor
758 2601 901 2657 Dens
928 2611 1044 2656 erat
1066 2602 1470 2658 interminatus.
1493 2599 1794 2656 Calumniis
1819 2601 2077 2670 denique,

483 2703 541 2745 ttt
573 2693 770 2761 quibus
804 2694 894 2748 ille
924 2711 1085 2749 suum
1131 2704 1215 2750 est
1264 2695 1573 2750 insectatus
1615 2703 1920 2765 parentem.
1972 2694 2076 2749 Po-

477 2795 691 2840 stremo
745 2788 908 2840 etiam
989 2798 1350 2858 contemptu;
1414 2803 1540 2841 nam
1591 2788 1912 2855 imperatam
1972 2787 2079 2843 sibi

484 2879 656 2946 legem
691 2878 996 2948 vilipendit,
1029 2881 1253 2949 sprevit,
1287 2881 1542 2949 neglexit.
1569 2879 1754 2948 Neque
1782 2880 1925 2934 enim
1962 2895 2080 2935 sce-

481 2972 616 3026 leris
643 2971 789 3026 illius
815 2972 1226 3027 existimatione
1258 2974 1590 3040 spectandus
1621 2981 1703 3026 est
1726 2971 1884 3026 cibus
1914 2987 2078 3042 quem

483 3066 741 3133 sumpsit,
777 3065 870 3120 sed
903 3066 1044 3134 quod
1073 3075 1258 3135 spreto
1287 3081 1390 3122 suo
1428 3065 1686 3121 ell'ectore
1735 3065 1870 3129 Deo,
1900 3065 2065 3136 hujus

2168 578 2278 632 tur,
2307 571 2416 624 vim
2438 572 2734 641 quamdam
2773 573 3184 646 eliicaciamque
3214 576 3401 631 indere
3427 578 3692 643 divinam,
3728 595 3761 634 a

2165 663 2379 718 eteteris
2427 663 2623 719 anima:
2661 665 2872 722 viribus
2908 667 3220 732 diversam;
3267 669 3410 723 sicut
3465 674 3649 726 earnls
3689 687 3761 726 ac

2165 755 2280 810 vini
2307 755 2412 810 alia
2443 767 2529 812 est
2568 756 2622 810 in
2648 757 2892 813 humano
2921 774 3156 830 corpore
3180 761 3468 816 efficientia
3497 803 3510 824 ,
3543 763 3648 816 alia
3675 764 3764 817 le-

2168 848 2454 919 guminum
2487 850 2735 919 :qttaavis
2784 851 2969 906 divina
3022 852 3427 922 eﬂicaeitasque
3473 854 3677 909 bonum
3729 872 3762 909 a

2169 940 2314 996 malo
2340 953 2609 998 secernat.
2639 943 2841 999 Eadem
2875 946 3043 1014 igitur
3064 947 3228 1000 etiam
3257 947 3469 1002 ratione
3501 948 3763 1002 arborem

2167 1034 2293 1089 vitas
2328 1045 2600 1103 vocatam,
2627 1038 2753 1106 quia
2779 1040 2947 1092 vitam
2982 1039 3344 1094 immortalem
3385 1042 3770 1110 suppeditaret

2169 1126 2237 1183 iis
2271 1127 2364 1197 qui
2401 1143 2470 1182 ex
2520 1129 2635 1197 ipsa
2685 1127 2869 1182 cibum
2910 1129 3421 1200 nutrimentumth
3461 1139 3764 1200 caperent;

2170 1220 2333 1289 idque
2367 1218 2550 1273 divina
2595 1220 2852 1288 quapiam
2893 1219 3203 1275 eiiicientia.
3237 1219 3390 1275 Hanc
3430 1221 3764 1276 sententiam

2171 1311 2352 1368 tlrtnat
2389 1311 2688 1383 Numysius
2719 1312 3081 1382 philosophus
3125 1311 3475 1369 Christianus
3504 1313 3583 1369 sic
3617 1316 3768 1368 seri-

2172 1403 2308 1457 bens
2343 1421 2358 1457 :
2397 1401 2478 1456 En
2522 1402 2692 1455 Adam
2739 1405 2902 1457 evasit
2934 1404 3112 1473 qualis
3142 1419 3276 1481 unus
3309 1422 3335 1458 e
3385 1405 3536 1458 nobis
3564 1407 3633 1458 ad
3669 1422 3770 1460 co-

2171 1493 2522 1565 gnoscendum
2570 1496 2763 1548 bonum
2815 1505 2865 1548 et
2900 1495 3138 1559 malum;
3167 1493 3238 1549 ἠε
3303 1496 3470 1566 igitur
3513 1497 3775 1551 extendat

2171 1602 2392 1640 manum
2426 1602 2580 1640 suam
2607 1596 2659 1641 et
2694 1595 2872 1641 sumat
2899 1589 2964 1641 de
2990 1587 3178 1642 arbore
3205 1589 3351 1650 vim,
3384 1598 3764 1658 rescaturque,

2171 1686 2222 1730 et
2252 1678 2390 1731 vivat
2407 1689 2653 1744 perpetuo
2671 1675 2738 1730 “.
2755 1675 2874 1732 Non
2895 1677 3012 1732 haec
3032 1677 3248 1733 dicebat
3283 1677 3425 1732 Dens
3457 1693 3551 1747 per
3574 1680 3769 1733 odium

2176 1776 2341 1838 atque
2386 1768 2673 1832 invidiam,
2719 1769 2813 1824 sed
2865 1771 2996 1838 quia
3043 1770 3301 1840 indignus
3331 1778 3477 1824 esset
3519 1770 3771 1826 Adamus

2178 1860 2270 1929 qui
2302 1861 2467 1914 vitam
2501 1863 2894 1930 sempiternam
2924 1869 3371 1930 consequeretur,
3403 1860 3605 1929 quippe
3633 1875 3774 1915 con-

2178 1964 2260 2008 tra
2294 1969 2455 2023 quem
2497 1953 2607 2024 jam
2643 1963 2769 2008 ante
2802 1953 2908 2007 lata
2954 1953 3134 2008 fuerat
3181 1955 3456 2009 sententia
3489 1973 3501 2008 :
3547 1952 3609 2008 In
3639 1955 3771 2024 pal-

2176 2063 2349 2102 verem
2376 2047 2647 2102 reverteris
2671 2047 2740 2103 ³⁸.
2760 2046 3004 2102 Semovit
3044 2047 3228 2118 itaque
3277 2047 3430 2101 illum
3459 2048 3529 2101 ab
3571 2048 3767 2102 arbore

2178 2140 2324 2204 vitaz,
2362 2153 2430 2194 ne
2462 2139 2529 2194 de
2568 2139 2658 2193 illa
2696 2137 2879 2192 cibum
2928 2147 3176 2194 sumeret
3208 2157 3222 2194 :
3249 2140 3342 2210 qui
3385 2141 3540 2195 cibus
3577 2140 3764 2212 divino

2181 2234 2403 2288 decreto
2453 2232 2527 2287 illi
2578 2241 2725 2288 esset
2757 2231 3044 2288 adversus.
3070 2231 3196 2286 Haec
3245 2233 3335 2286 ille
3381 2231 3768 2302 philosophus,

2179 2326 2381 2396 quibus
2409 2326 2543 2381 satis
2574 2325 2752 2382 innuit
2793 2326 3114 2380 existimare
3145 2339 3226 2389 se,
3280 2324 3552 2395 ejusmodi
3600 2324 3778 2379 fuisse

2180 2435 2302 2473 eam
2324 2419 2579 2474 arborem
2601 2428 2662 2474 ut
2687 2419 2854 2473 vitam
2878 2418 3035 2473 daret
3055 2419 3124 2474 iis
3143 2417 3234 2488 qui
3267 2418 3446 2488 ipsam
3467 2427 3774 2487 gustarem.

2181 2510 2449 2566 Dominus
2473 2524 2602 2563 vero
2636 2507 2877 2564 Jacobus
2911 2507 3266 2579 Sarugensis,
3293 2508 3543 2563 oratione
3577 2524 3676 2561 sua
3705 2507 3782 2564 de

2180 2603 2354 2672 ejecto
2394 2602 2606 2656 Adamo
2624 2617 2689 2656 ex
2718 2602 2997 2670 paradiso,
3018 2601 3149 2655 dicit
3193 2601 3306 2654 ﬁeri
3337 2615 3498 2669 posse.
3523 2609 3582 2654 ut
3611 2599 3783 2654 arbor

2184 2695 2276 2749 illa
2311 2696 2476 2750 vitam
2506 2695 2741 2750 allatura
2772 2695 2939 2750 fuerit
2975 2693 3347 2748 immortalem
3389 2692 3601 2747 Adamo
3626 2693 3672 2746 si
3708 2693 3783 2745 de

2181 2803 2244 2842 ea
2277 2789 2498 2849 edisset.
2549 2798 2838 2859 propterea
2879 2787 3025 2857 quod
3094 2785 3421 2854 mysterium
3473 2785 3676 2839 Christi
3721 2787 3780 2838 in

2184 2883 2274 2937 illa
2303 2883 2514 2943 lateret.
2560 2897 2623 2936 ac
2664 2881 2896 2952 proinde
2935 2880 3152 2935 occulta
3197 2877 3435 2947 quadam
3483 2875 3783 2931 efﬁcientia

2183 2975 2358 3044 ipsius
2415 2975 2625 3028 fructus
2676 2973 2928 3042 ramique
2982 2971 3296 3040 pollerent,
3343 2984 3468 3024 cum
3524 2969 3786 3025 Christus

2184 3068 2302 3137 ipse
2330 3077 2524 3137 suapte
2553 3077 2748 3120 natura
2775 3066 2880 3120 vita
2921 3063 3012 3127 sit,
3036 3078 3100 3117 ac
3137 3063 3450 3131 ubicunque
3501 3062 3592 3116 ille
3625 3062 3788 3118 adest

480 3156 638 3226 jussa
671 3156 923 3211 violarit:
946 3167 1136 3213 contra
1161 3173 1293 3212 vero
1321 3157 1568 3212 insidiosi
1597 3156 1774 3212 hostis
1807 3159 1890 3213 sui
1915 3159 2080 3214 verba
2107 3196 2153 3256 ο
2188 3160 2242 3214 in
2276 3161 2604 3230 propinquo,
2640 3158 2792 3213 illinc
2824 3159 2982 3228 longe
3009 3157 3150 3211 absit
3185 3170 3357 3210 mors.
3387 3153 3453 3208 Et
3477 3170 3608 3210 vero
3640 3155 3786 3210 hanc

487 3250 677 3320 magni
712 3249 940 3314 fecerit;
980 3252 1032 3306 id
1066 3267 1197 3307 vero
1223 3251 1275 3306 in
1314 3253 1582 3306 rationem
1617 3254 1924 3306 vocandum
1975 3264 2082 3319 est,

483 3343 612 3397 inde
630 3342 914 3412 ﬂagitium.
942 3342 1074 3399 Illud
1100 3361 1355 3416 magnum
1386 3346 1558 3402 fuitet
1577 3349 1898 3418 gravissima
1924 3364 2084 3419 paena

484 3434 748 3505 piandum
786 3451 893 3490 non
928 3435 982 3490 in
1015 3437 1143 3492 Δάαι
1175 3447 1339 3507 caput
1389 3439 1562 3494 solum
1588 3480 1602 3505 ,
1638 3441 1733 3497 sed
1775 3441 1828 3495 in
1861 3457 2082 3497 omnem

487 3544 719 3597 prorsus
759 3529 1138 3598 posteritatem
1176 3541 1491 3600 propagata.
1514 3531 1673 3586 Sicut
1708 3544 1761 3587 et
1785 3531 1954 3599 Esau,
1987 3534 2081 3604 qtti

486 3623 572 3689 (ut
603 3622 678 3677 ait
714 3623 1011 3692 Apostolus
1036 3624 1108 3692 ")
1150 3640 1251 3677 non
1288 3624 1483 3679 invenit
1519 3624 1693 3679 locum
1718 3628 2082 3696 paenitentiae;

490 3731 598 3770 non
632 3731 786 3783 sane,
817 3716 946 3785 quia
997 3731 1110 3770 rem
1157 3718 1472 3786 quampiam
1524 3717 1844 3773 inusitatam
1896 3734 2085 3774 come-

481 3809 662 3864 disset
710 3809 904 3879 (lentes
950 3809 1095 3864 enim
1149 3810 1311 3865 modo
1341 3811 1577 3876 ederat),
1607 3813 1700 3866 sed
1744 3813 1890 3882 quod
1938 3821 2084 3867 esset

491 3917 606 3958 suae
655 3904 1066 3960 obsecundatus
1113 3905 1422 3974 cupiditati,
1471 3913 1866 3977 auctoremque
1916 3922 2080 3961 suum

489 3996 660 4050 Deum
697 3997 1142 4068 contempsisset.

1082 4087 1314 4145 CAPUT
1352 4087 1476 4144 XX.

567 4182 697 4247 Qua:
727 4184 890 4251 fuerit
944 4184 1104 4236 arbor
1135 4183 1231 4236 illa
1275 4185 1398 4238 vita:
1429 4184 1479 4236 in
1519 4183 1690 4237 medio
1733 4185 1986 4254 paradiso
2034 4189 2086 4236 et

491 4291 591 4330 cur
613 4276 732 4328 vita:
761 4278 920 4329 arbor
946 4277 1014 4329 sit
1049 4285 1253 4330 vocata.
1286 4277 1563 4346 Scriptum
1594 4287 1676 4332 est
1716 4278 1767 4330 in
1813 4279 1950 4333 libro
1978 4275 2085 4333 Ge-

494 4386 689 4424 ttescos
722 4386 736 4423 :
766 4373 836 4423 Et
870 4379 1238 4436 procreaverat
1274 4370 1529 4424 Dominus
1564 4370 1703 4424 Deus
1732 4387 1760 4424 e
1803 4381 1944 4425 terra
1975 4387 2089 4424 om-

494 4480 611 4516 nem
643 4465 883 4517 arborem
907 4465 1017 4517 visu
1043 4462 1403 4532 appetibilem,
1424 4476 1471 4517 et
1509 4466 1560 4518 t'n
1587 4466 1758 4518 cibum
1789 4463 2086 4534 pulchram;

2185 3253 2518 3310 sententiam
2570 3252 2646 3306 ait
2710 3251 3051 3306 Philoxenus
3105 3247 3453 3318 Mabugensis
3519 3261 3579 3302 se
3635 3248 3782 3303 nolle

2188 3357 2531 3414 eppttgnare,
2565 3357 2690 3397 eum
2723 3340 2909 3396 credat
2942 3340 3053 3394 Deo
3083 3340 3266 3394 omnia
3295 3353 3420 3393 esse
3454 3339 3601 3393 laetu
3641 3337 3784 3391 fari-

2187 3437 2281 3495 lia.
2318 3437 2586 3492 Caeterum
2621 3435 2710 3490 alii
2743 3435 3018 3502 doctores,
3059 3448 3200 3506 quos
3249 3447 3348 3488 nos
3399 3433 3660 3488 libentius
3691 3447 3786 3486 se-

2187 3533 2436 3602 quimur,
2471 3529 2646 3593 aiunt,
2678 3528 2822 3583 haud
2859 3527 2978 3582 ideo
3013 3527 3160 3596 quod
3199 3526 3365 3581 vitam
3419 3526 3538 3594 ipsa
3597 3524 3789 3577 conci-

2189 3626 2346 3679 liaret
2373 3621 2745 3684 vescentibus,
2776 3630 3021 3676 vocatam
3052 3633 3174 3674 esse
3207 3619 3327 3673 vitae
3348 3619 3592 3672 arborem
3623 3616 3782 3686 (per-

2189 3717 2316 3772 inde
2363 3717 2508 3770 enim
2545 3713 2698 3769 rudis
2731 3727 2794 3768 ac
2826 3712 2977 3768 stulti
3033 3710 3234 3782 ingenii
3275 3725 3420 3776 esse,
3468 3707 3780 3763 existimare

2190 3810 2441 3865 arborem
2496 3807 2660 3862 ullam
2701 3805 2832 3861 boni
2889 3803 3129 3874 malique
3180 3803 3547 3872 cognitionem
3592 3799 3780 3868 largiri

2188 3917 2348 3972 posse
2386 3901 2451 3955 iis
2489 3914 2519 3953 a
2559 3899 2759 3968 quibus
2793 3897 3047 3951 ederetur
3076 3914 3089 3950 :
3121 3903 3174 3948 et
3211 3909 3332 3948 esse
3361 3894 3612 3947 arborem
3633 3931 3646 3952 ,
3677 3906 3788 3959 qua

2189 3995 2232 4049 si
2267 4007 2516 4057 vescare,
2542 3990 2748 4046 evadas
2772 3985 3150 4056 immortalis),
3187 3986 3280 4041 sed
3324 3985 3394 4040 ob
3442 3985 3517 4049 id,
3566 3984 3670 4038 hoc
3708 3981 3794 4038 illi

2191 4100 2390 4140 nomen
2426 4099 2456 4138 a
2491 4082 2599 4136 Deo
2631 4081 2818 4136 datum
2850 4093 2993 4142 esse,
3033 4093 3144 4148 quo
3196 4077 3442 4132 Adamus
3475 4077 3540 4128 ad
3581 4089 3795 4145 paren-

2189 4179 2318 4234 dum
2373 4175 2702 4246 praescripta:
2769 4172 2876 4227 sibi
2935 4170 3036 4240 legi
3083 4169 3440 4224 anitnaretur.
3477 4167 3612 4222 Nam
3659 4182 3793 4222 cum

2190 4272 2361 4328 soleat
2390 4268 2594 4340 quaevis
2623 4267 2706 4321 lex
2737 4265 2949 4319 duabus
2989 4264 3101 4318 fere
3135 4263 3335 4316 muniri
3367 4263 3550 4322 rebus,
3611 4276 3795 4330 paenae

2193 4366 2407 4421 scilicet
2471 4358 2923 4423 denuntiatione,
2978 4366 3030 4411 et
3088 4355 3299 4425 prtemii
3364 4354 3792 4424 pollicitatione,

2191 4470 2422 4528 quarum
2464 4454 2554 4507 illa
2604 4448 3104 4521 prtevaricationenlt
3129 4486 3144 4508 ,
3179 4446 3296 4500 haec
3337 4445 3782 4499 observationem

493 4558 664 4626 ipsam
707 4559 865 4611 etiam
912 4557 1150 4610 arborem
1179 4557 1296 4610 vita:
1326 4557 1378 4609 in
1407 4559 1575 4610 medio
1610 4557 1887 4625 paradiso,
1921 4567 1970 4612 et
1999 4575 2080 4612 ar-

2190 4547 2481 4603 comitetur
2528 4544 2730 4615 (neque
2757 4541 2900 4595 enim
2950 4540 3134 4593 minus
3171 4537 3356 4592 deberi
3383 4537 3601 4591 videtur
3651 4551 3798 4605 prm-

490 4651 672 4705 borem
697 4651 931 4704 scientia:
971 4650 1096 4703 boni
1121 4660 1167 4704 et
1201 4649 1413 4713 mali”,
1443 4661 1550 4704 etc.
1584 4649 1657 4703 De
1695 4649 1891 4705 arbore
1915 4651 2092 4706 scien-

495 4741 585 4794 tiae
621 4739 746 4793 boni
778 4749 828 4792 et
867 4738 994 4791 tnali
1028 4738 1166 4792 satis
1197 4753 1226 4791 a
1263 4738 1422 4791 nobis
1465 4738 1576 4807 jam
1603 4736 1809 4792 dictum
1852 4746 1954 4804 est,
2001 4754 2092 4794 su-

498 4843 681 4904 perest
736 4833 902 4903 igitur
935 4841 994 4886 ut
1025 4831 1092 4886 de
1123 4825 1321 4886 arbOre
1363 4831 1487 4885 vita:
1529 4847 1677 4885 nunc
1729 4833 2090 4898 disseramus,

498 4929 568 4981 de
599 4943 703 4996 qua
730 4926 840 4980 duo
871 4927 987 4980 haec
1027 4925 1254 4980 veniunt
1285 4923 1639 4994 disqttircttda
1676 4941 1690 4978 :
1720 4940 1817 4980 Cur
1846 4925 1971 4980 vita:
2006 4942 2094 4980 ar-

497 5017 600 5071 bor
630 5026 876 5082 vocetur,
909 5025 963 5071 et
994 5016 1299 5087 cujnsmodi
1335 5020 1498 5069 arbor
1527 5014 1643 5082 ipsa
1675 5015 1767 5069 sit.
1811 5015 1951 5069 Sunt
1997 5031 2095 5070 au-

501 5123 611 5165 tem
648 5111 738 5181 qui
771 5110 892 5166 ideo
922 5110 1045 5164 vittc
1072 5111 1323 5166 arborem
1360 5109 1685 5179 appellatam
1725 5117 1914 5180 putent
1945 5108 2094 5179 quod

498 5222 565 5260 ea
599 5214 743 5261 esset
779 5207 948 5276 ipsius
978 5206 1223 5262 conditio
1253 5215 1424 5274 atque
1463 5217 1658 5260 natura
1690 5214 1750 5257 ut
1785 5205 1950 5257 vitam
1993 5203 2096 5255 im-

500 5302 790 5356 mortalem
830 5302 897 5356 iis
927 5299 1247 5356 conciliaret
1285 5300 1376 5370 qui
1423 5315 1480 5354 se
1513 5308 1894 5363 vescerentur;
1944 5297 2093 5350 enim

502 5412 632 5452 vero
661 5397 713 5450 hi
745 5397 998 5451 arborem
1037 5394 1280 5450 scientia:
1307 5392 1433 5447 boni
1468 5400 1522 5447 et
1547 5391 1698 5456 mali,
1730 5389 1846 5461 pari
1874 5405 2096 5460 quoque

503 5489 714 5543 ratione
739 5488 938 5542 dictant
975 5486 1184 5553 volunt,
1216 5485 1344 5556 quia
1393 5485 1766 5555 cognitionem
1797 5483 1925 5538 boni
1981 5499 2111 5540 ma-.

502 5569 749 5652 liqtte'iis
782 5589 996 5651 pareret
1028 5581 1120 5650 qui
1169 5579 1344 5649 ipsam
1393 5579 1641 5645 ederent,
1682 5579 1979 5647 cibumque
2029 5592 2096 5629 ex

502 5693 565 5730 ea
603 5685 890 5747 caperent;
954 5689 1076 5730 nam
1131 5675 1341 5742 Deum,
1380 5690 1476 5745 per
1503 5689 1628 5729 eum
1673 5673 1854 5728 cibum
1897 5671 1992 5743 qui
2030 5685 2094 5725 ex

571 5855 623 5886 »ιι
657 5858 820 5912 llcbr.
873 5873 966 5924 λιι,
1008 5858 1087 5913 l7.
1166 5859 1211 5892 ³³
1234 5859 1369 5919 Gen.
1405 5871 1466 5924 tt,
1493 5857 1546 5912 9.
1626 5858 1666 5888 ‘“
1697 5856 1832 5912 Gen.
1877 5870 1958 5920 ιιι,
1991 5854 2081 5908 22.

2195 4641 2362 4694 mium
2395 4640 2460 4693 iis
2491 4637 2581 4707 qui
2616 4638 2996 4704 obtemperant
3022 4673 3036 4697 ,
3064 4648 3228 4703 quam
3283 4629 3450 4684 multa
3482 4631 3548 4683 iis
3576 4630 3667 4698 qui
3704 4645 3796 4682 rc-

2192 4729 2417 4802 bellant)
2455 4731 2672 4798 lataque
2704 4743 2734 4783 a
2777 4726 2889 4780 Deo
2935 4727 3020 4780 lex
3061 4733 3230 4789 esset,
3285 4738 3350 4776 ne
3395 4723 3564 4776 Adam
3621 4722 3687 4775 de
3727 4737 3797 4776 ea

2196 4826 2392 4881 arbore
2421 4837 2542 4893 qua:
2573 4821 2814 4876 scientiae
2861 4819 2984 4873 boni
3022 4827 3075 4872 et
3105 4817 3231 4871 mali
3264 4815 3573 4878 dicebatur,
3607 4825 3800 4884 gusm-

2196 4927 2299 4984 ret,
2346 4925 2400 4971 et
2454 4913 2830 4986 pracvarieanti
2880 4927 3038 4981 poena
3086 4909 3375 4979 prostituta
3423 4909 3536 4977 ipsa
3589 4923 3736 4960 mors
3780 4925 3794 4960 :

2199 5012 2317 5078 Qua
2345 5012 2481 5064 enim
2519 5008 2624 5072 die,
2655 5006 2850 5076 inquit,
2893 5005 2956 5059 de
2993 5002 3087 5056 illa
3116 5002 3313 5064 ederis,
3343 5010 3561 5054 mortem
3601 4999 3800 5062 abibis;

2199 5105 2468 5172 reliquum
2530 5109 2688 5164 erat,
2748 5111 2807 5152 ut
2851 5096 3130 5168 praemium
3177 5093 3340 5148 etiam
3390 5092 3800 5162 promitteretttr

2198 5195 2513 5253 observanti
2564 5193 2758 5263 legem.
2795 5193 2984 5258 Itaque
3024 5186 3168 5242 Deus
3216 5193 3646 5242 commonstrata
3690 5183 3800 5236 alia

2199 5293 2394 5348 arbore
2426 5306 2546 5360 qua:
2582 5289 2636 5339 in
2672 5283 2979 5339 meditullio
3009 5280 3246 5350 paradisi
3300 5287 3438 5342 sata,
3476 5292 3673 5347 magno
3703 5293 3802 5329 ex-

2201 5387 2380 5441 stabat
2419 5381 2652 5450 insignis
2683 5381 2897 5439 decore,
2934 5373 3057 5427 vita:
3111 5386 3230 5425 eam
3268 5368 3584 5439 appellavit,
3633 5366 3801 5436 quasi

2201 5477 2452 5532 diceret:
2490 5475 2546 5527 Si
2599 5472 2665 5526 ab
2728 5471 2817 5524 illa
2872 5470 3068 5522 arbore
3125 5465 3371 5519 scientitr.
3403 5461 3530 5516 boni
3580 5470 3634 5515 et
3671 5458 3802 5513 mali

2202 5583 2256 5627 te
2321 5567 2685 5633 continueris,
2730 5565 2943 5636 legique
2991 5576 3124 5616 mea:
3174 5555 3661 5626 obtemperaveris,
3732 5568 3802 5606 cn

2206 5666 2302 5723 tibi
2347 5667 2598 5720 arborem
2644 5662 2766 5716 vita:
2799 5658 2864 5716 de
2896 5674 3000 5729 qua
3035 5655 3187 5720 edes,
3221 5651 3482 5722 vivesque
3516 5649 3568 5704 in
3605 5661 3770 5718 perpe

2161 5852 2205 5883 ”
2239 5848 2369 5907 ibid.
2414 5847 2490 5903 19.
