4086 6426
262 382 368 448 509

1417 396 1519 457 DE
1558 375 1967 457 PARADISO.
2009 419 2082 432 -—
2116 395 2312 458 rans
2352 395 2406 458 ῐ.

3451 392 3573 459 5Ῑο

269 510 443 556 tuum.
477 498 592 557 Pro
626 503 970 561 cohortando
1009 505 1175 577 igitur
1226 506 1437 562 Adamo
1462 509 1529 563 ad
1560 509 1867 580 obsequen-
1898 517 1942 573 Α
1974 508 2222 575 duraret,
2267 509 2371 564 hac
2419 512 2638 579 gustata
2696 505 2952 562 eraderet
2994 505 3367 563 immortalis?
3399 507 3573 575 igitur

274 594 404 653 dum
453 596 581 664 legi,
645 608 844 653 vocata
886 605 971 653 est
1027 600 1189 655 arbor
1252 600 1343 655 illa
1395 602 1522 657 vita:
1569 603 1755 667 arbor,
1816 612 1877 657 ut

274 698 537 759 quantum
566 692 766 747 mortis
806 692 1026 747 nomine
1062 708 1091 747 a
1120 692 1435 749 rebellando
1456 694 1830 749 deterreretur
1856 735 1872 759 ,

280 786 497 834 tantum
529 779 655 834 vitae
683 779 955 835 vocabulo
995 781 1061 836 ad
1112 782 1415 852 parendum
1470 782 1872 852 impelleretur;

284 886 465 942 eaque
505 872 680 943 gratia
726 876 1010 944 premium
1065 890 1286 947 quoque
1328 876 1485 947 plane
1535 890 1602 930 ex
1646 875 1874 928 adverso

276 980 465 1037 pinnae
497 967 879 1037 responderet,
910 979 966 1024 et
998 969 1107 1024 vita
1154 970 1338 1025 morti.
1368 969 1517 1023 Hanc
1547 968 1871 1024 sententiam

271 1058 468 1131 probat
496 1060 664 1114 etiam
695 1061 856 1116 divus
901 1065 1156 1127 Severus,
1188 1064 1436 1118 oratione
1492 1064 1581 1128 5'5,
1629 1062 1700 1116 de
1753 1060 1873 1132 epi-

271 1152 522 1219 thronio,
556 1153 651 1208 ubi
678 1152 751 1210 de
779 1166 944 1211 cruce
990 1155 1191 1213 Christi
1246 1157 1476 1227 loquens
1529 1157 1603 1219 ait
1639 1172 1655 1208 :
1689 1155 1872 1210 Altera

269 1259 409 1300 vero
435 1243 532 1299 illa
556 1245 701 1314 (vitae
726 1245 977 1300 arborem
1012 1246 1161 1317 dico)
1195 1245 1423 1318 gloriam
1461 1245 1590 1300 Adae
1626 1243 1870 1314 paritura

268 1346 409 1400 erat,
443 1337 555 1392 nisi
625 1337 714 1392 ille
779 1337 1148 1406 intempestivi
1193 1338 1453 1409 cupidine
1521 1337 1630 1393 cibi
1669 1336 1868 1400 victus,

274 1443 382 1485 non
419 1429 701 1500 paruisset
738 1430 940 1486 edicto.
970 1439 1076 1487 etc.
1112 1432 1183 1486 At
1214 1431 1360 1485 enim
1410 1440 1616 1501 qua-ret
1646 1428 1869 1498 aliquis,

272 1536 373 1577 cur
407 1536 523 1577 non
560 1522 749 1592 potius
778 1536 1028 1594 regnum,
1064 1532 1159 1578 aut
1196 1523 1510 1593 incorrupta
1553 1520 1870 1576 immutabi-

270 1614 451 1687 lisque
481 1615 731 1673 conditio
780 1617 906 1672 vitae
930 1618 1196 1689 promissa
1228 1617 1301 1673 sit
1323 1616 1473 1683 Adte,
1499 1616 1543 1672 si
1580 1614 1722 1671 foret
1752 1627 1871 1668 mo-

273 1710 514 1781 rigerus.
544 1708 651 1763 Sed
686 1710 1083 1780 respondemus
1138 1725 1397 1781 capacem
1432 1710 1582 1765 illum
1619 1708 1870 1780 perfectae

280 1798 608 1869 disciplinae,
641 1799 807 1853 simul
839 1808 1002 1871 atque
1027 1800 1280 1856 conditus
1307 1810 1444 1866 erat,
1474 1814 1597 1856 esse
1631 1814 1739 1855 non
1775 1814 1870 1868 po-

1978 616 2041 655 ex
2080 600 2146 656 iis
2197 617 2318 672 qum
2356 600 2468 669 jam
2521 599 2681 654 dicta
2708 607 2864 664 sunt,
2901 599 3110 654 clarum
3140 608 3259 664 est,
3294 599 3417 653 ideo
3445 600 3572 654 vita:

1978 707 2174 748 nomen
2216 708 2245 746 a
2280 690 2389 747 Deo
2439 690 2625 746 arbori
2675 690 2753 745 illi
2786 705 2908 746 esse
2953 686 3211 755 inditum,
3242 700 3302 745 ut
3346 704 3414 745 eo
3461 706 3570 745 non

1977 785 2164 839 minus
2190 784 2460 838 Adamum
2484 783 2551 839 ad
2580 784 2980 839 observandam
3006 783 3122 854 jam
3167 792 3282 838 tum
3320 783 3573 855 praeseri-

1975 886 2124 949 ptam
2154 893 2181 930 a
2210 891 2269 932 se
2303 877 2477 946 legem
2511 876 2782 930 animaret
2813 886 2977 947 atque
3000 891 3333 948 propensum
3372 878 3572 934 redde-

1975 979 2080 1028 ret.
2140 983 2303 1038 quam
2336 967 2501 1038 paulo
2546 978 2671 1022 ante
2712 967 2911 1023 mortis
2951 968 3174 1025 nomine
3198 985 3228 1024 a
3259 969 3575 1024 rebellando
3609 963 3623 1051 ξ

1973 1060 2331 1116 deterruerat.
2356 1060 2463 1117 Sed
2487 1060 2601 1116 haec
2623 1060 2690 1117 de
2717 1061 2960 1117 nominis
2987 1063 3206 1117 ratione
3229 1061 3365 1117 satis
3387 1069 3575 1119 sunto.

1975 1152 2133 1221 Quod
2165 1168 2332 1224 porro
2359 1160 2553 1221 restat,
2586 1153 2748 1223 cujus
2793 1168 2856 1209 ea
2906 1153 3073 1209 arbor
3115 1154 3334 1224 generis
3388 1153 3575 1217 fuerit,

1976 1248 2247 1303 neminem
2305 1247 2485 1303 adhuc
2538 1246 2824 1306 doctorum
2892 1246 3140 1302 onmium
3188 1246 3423 1318 legimus
3477 1248 3574 1317 qui

1974 1340 2154 1413 qualis
2204 1341 2381 1411 rcipsa
2435 1349 2600 1411 atque
2650 1339 2787 1395 adeo
2842 1339 3091 1408 corporis
3138 1338 3326 1395 habitu
3377 1337 3566 1401 fuerit.

1973 1434 2302 1505 explicarit;
2344 1447 2468 1486 nam
2498 1433 2590 1503 qui
2640 1432 2869 1504 mystice
2903 1431 3398 1500 interpretarentur
3423 1430 3577 1482 inve-

1980 1527 2165 1582 nimus
2193 1523 2529 1595 complures,
2563 1532 2615 1578 et
2644 1538 2750 1578 nos
2779 1535 2999 1595 quoque
3032 1519 3144 1576 Deo
3176 1518 3324 1586 freti,
3354 1519 3577 1591 quando

1972 1618 2028 1675 in
2064 1616 2245 1689 operis
2276 1593 2437 1687 hujus
2491 1593 2807 1686 progressui
2826 1612 3143 1685 paradisum
3197 1612 3438 1680 ﬁgurare
3482 1626 3579 1667 ex-

1972 1711 2299 1783 plicabimus
2325 1749 2342 1774 ,
2373 1723 2438 1765 ea
2470 1723 2593 1779 qua:
2621 1707 2688 1762 ad
2722 1722 2925 1762 arcana
2958 1705 3123 1776 hujus
3155 1705 3375 1760 arboris
3415 1718 3577 1759 sensa

1979 1811 2235 1873 spectant
2256 1844 2272 1867 ,
2306 1815 2665 1873 exponemus.
2702 1798 2941 1868 lngenue
2978 1799 3144 1870 igitur
3174 1799 3411 1853 fatemur
3439 1811 3579 1851 non-

291 1890 460 1947 tuisse
497 1890 615 1977 (ν).
669 1889 726 1946 Si
756 1892 902 1946 enim
937 1901 1060 1962 post
1092 1893 1398 1948 universam
1451 1892 1598 1948 illam
1648 1892 1785 1964 legis
1824 1902 1878 1948 et
1909 1874 1952 1929 Β
1980 1899 2109 1953 dum
2143 1896 2404 1953 didicisse
2438 1908 2547 1950 nos
2576 1893 2884 1964 qualisnam
2918 1891 3085 1945 arbor
3117 1888 3281 1945 fuerit
3305 1904 3429 1959 quae
3454 1888 3580 1945 vita:

291 1980 668 2051 prophetarum
699 1983 1028 2049 doctrinam,
1058 1982 1372 2039 Judaeorum
1408 1985 1628 2055 quidam
1656 1986 1712 2039 in
1739 1984 1879 2040 Sad-

284 2071 621 2140 ἀπεαπ-ατη,
649 2080 712 2128 ut
742 2086 964 2142 vocant,
1013 2085 1218 2130 sectam
1258 2076 1495 2147 prolapsi
1525 2089 1678 2143 sunt,
1724 2090 1876 2131 mor-

276 2170 622 2236 tuorumque
673 2168 1157 2223 resurrectionem
1189 2179 1244 2224 et
1289 2171 1393 2223 alia
1437 2183 1572 2225 sana
1621 2169 1876 2240 dogmata

272 2266 548 2327 negarunt
604 2275 620 2312 :
701 2271 914 2329 quanto
974 2260 1150 2332 magis
1218 2262 1643 2317 existimandum
1714 2261 1879 2318 fuerit

270 2349 573 2417 Adamum,
604 2351 657 2405 in
686 2351 809 2421 ipso
844 2354 1029 2408 statim
1055 2353 1353 2410 creationis
1383 2369 1497 2410 suae
1530 2355 1872 2423 rudimento,

271 2440 599 2509 incapacem
631 2442 802 2499 fuisse
847 2444 1117 2500 absolutae
1142 2445 1292 2502 illius
1323 2447 1587 2503 doctrina:
1609 2463 1714 2518 qua
1749 2463 1876 2516 per-

274 2534 504 2590 suaderi
566 2536 874 2605 quivisset,
922 2552 1149 2593 manere
1197 2539 1417 2611 aliquod
1450 2541 1687 2596 sublime
1737 2556 1878 2611 pras-

274 2628 446 2683 mium
498 2644 600 2685 eos
646 2630 741 2700 qui
797 2630 967 2687 Deum
1034 2642 1322 2700 amarent,
1372 2644 1877 2707 praeceptoremque

277 2720 401 2790 ejus
454 2722 821 2778 observantes
874 2732 1094 2788 essent;
1158 2725 1337 2797 ipsum
1397 2741 1592 2798 nempe
1656 2729 1880 2784 caeleste

273 2815 555 2886 regnum?
625 2814 883 2872 Profecto
931 2826 991 2873 ut
1015 2818 1157 2874 filios
1207 2822 1427 2875 nostros
1467 2835 1604 2889 quos
1650 2820 1879 2876 tenellos

276 2907 345 2962 ad
396 2908 593 2962 ludum
644 2907 973 2964 litterarium
1040 2912 1310 2967 mittimus
1360 2911 1715 2977 erudiendos,
1751 2913 1878 2982 quia

275 3000 504 3071 ingenio
542 3000 727 3057 adhuc
758 3003 880 3059 rudi
913 3012 1063 3070 sunt,
1097 3012 1152 3059 et
1182 3003 1425 3059 nondum
1460 3004 1734 3070 absoluto,
1767 3021 1878 3060 non

275 3092 669 3164 hujuscemodi
727 3096 907 3151 verbis
934 3097 1457 3168 prosequimur”,
1519 3097 1587 3154 da
1654 3112 1876 3168 operam

275 3186 507 3254 litteris,
555 3197 614 3242 ut
670 3188 723 3243 in
757 3191 932 3244 virum
964 3190 1287 3261 prudentem
1334 3200 1498 3263 atque
1530 3193 1749 3249 doctum
1775 3233 1789 3257 ,
1820 3202 1879 3247 et

275 3281 631 3353 popularium
679 3290 900 3339 tuorum
957 3288 1245 3353 primatem
1285 3284 1484 3340 evadas
1513 3303 1526 3341 :
1555 3287 1651 3342 sed
1708 3286 1877 3343 meris

274 3376 568 3433 blanditiis
604 3377 670 3432 ad
724 3376 1185 3449 frequentandum
1241 3379 1426 3434 ludum
1481 3380 1878 3451 discendasque

274 3468 500 3525 litteras
579 3469 954 3537 cohortamur,
1010 3480 1063 3527 et
1138 3472 1450 3528 inducimus
1489 3490 1502 3527 :
1538 3473 1609 3528 ita
1669 3473 1878 3528 Adamo

275 3578 505 3634 quoque
564 3561 734 3630 Deus,
770 3580 961 3621 recens
994 3581 1022 3621 a
1051 3580 1108 3622 se
1132 3566 1377 3622 conditio
1410 3568 1582 3638 legem
1633 3567 1879 3639 praescri-

273 3655 468 3719 bebat,
507 3670 606 3725 per
633 3671 798 3726 quam
841 3672 901 3711 se
944 3659 1181 3713 revereri
1227 3660 1489 3724 disceret,
1521 3674 1751 3730 eamque
1799 3659 1879 3715 le-

276 3764 401 3820 gem
430 3748 479 3804 si
514 3749 839 3816 transiliret,
865 3761 1096 3805 mortem
1129 3750 1486 3807 denuntiabat
1513 3770 1526 3806 :
1565 3753 1647 3808 sin
1690 3751 1879 3808 obser-

278 3849 471 3908 varet,
523 3856 922 3898 concessurum
964 3858 1025 3899 se
1068 3845 1172 3916 ipsi
1214 3847 1574 3915 promittebat
1619 3846 1874 3900 arborem

288 3932 430 3996 vita,
458 3932 529 3986 de
560 3948 669 4002 qua
698 3933 787 3987 ubi
817 3941 1114 4003 gustasset,
1141 3933 1371 4004 adeptus
1404 3933 1874 3988 immortalitatem

283 4023 533 4080 victurus
577 4034 722 4079 esset
764 4027 930 4080 vitam
974 4026 1385 4096 sempiternam.
1419 4023 1535 4082 Non
1576 4041 1708 4096 ergo
1752 4024 1876 4081 rudi

277 4120 470 4176 adhuc
500 4132 553 4176 et
581 4120 802 4177 indocili
837 4120 1047 4177 homini
1077 4122 1330 4178 dicebat?
1363 4121 1600 4177 Daturus
1630 4137 1751 4177 sum
1779 4121 1875 4176 tibi

268 4211 534 4283 jussibus
585 4212 718 4267 meis
764 4213 976 4282 parenti
1016 4211 1240 4268 caeleste
1283 4225 1554 4280 regnum;
1589 4211 1685 4266 sed
1715 4210 1879 4264 arbo-

272 4319 398 4358 rem
435 4301 608 4356 Veluti
640 4302 813 4372 digito
834 4303 1158 4358 ostendebat
1192 4317 1410 4359 amoena
1449 4303 1632 4372 specie
1669 4301 1879 4371 appeti-

276 4399 475 4465 bilem,
509 4398 801 4470 fructuque
834 4409 1107 4469 comptam
1146 4413 1271 4463 suo,
1335 4415 1502 4471 quam
1555 4399 1678 4454 vita:
1711 4398 1875 4453 arbo-

278 4506 400 4546 rem
442 4492 695 4555 rocabat,
726 4492 1110 4563 morigeroque
1143 4492 1218 4546 illi
1251 4492 1598 4561 promittebat
1646 4488 1764 4546 fore
1817 4494 1877 4544 ut

1977 1990 2313 2054 vocabatur,
2368 1987 2590 2042 interim
2647 1991 2997 2056 corporatam
3048 1996 3239 2038 revera
3301 1980 3581 2038 exstitisse

1979 2091 2130 2140 certo
2190 2081 2436 2153 persuasi
2504 2094 2737 2146 sumus,
2789 2078 3083 2150 ipsumque
3128 2077 3460 2132 vocabulum
3513 2090 3580 2130 ex

1976 2175 2291 2232 creationis
2344 2174 2487 2229 libro
2542 2173 2904 2235 didiscimus,
2955 2168 3100 2239 quod
3151 2183 3251 2239 pro
3302 2166 3581 2222 incitando

1976 2268 2190 2324 Adamo
2223 2267 2286 2322 ad
2318 2266 2683 2322 obedientiam
2716 2264 2907 2319 datum
2941 2262 3016 2317 illi
3052 2261 3311 2331 essejam
3346 2260 3580 2315 demon-

1966 2362 2276 2418 stravimus
2311 2379 2326 2416 :
2361 2375 2548 2415 verum
2581 2359 2816 2430 speciem
2843 2358 3119 2427 ipsam,et
3150 2353 3364 2410 fructus
3390 2354 3580 2424 quales

1978 2452 2220 2517 fuerint,
2282 2453 2596 2524 quibusque
2620 2460 2840 2521 compta
2889 2449 3055 2505 fuerit
3091 2447 3403 2512 frondibus,
3436 2461 3580 2501 nou-

1983 2549 2114 2602 dum
2149 2546 2411 2602 discendo
2447 2560 2635 2600 sumus
2666 2542 2925 2599 assecuti.

2557 2635 2791 2692 CAPUT
2847 2633 2990 2691 XXI.

2053 2731 2130 2786 De
2155 2731 2316 2801 ﬂuvio
2361 2731 2455 2801 qui
2506 2714 2834 2798 paradisuuf
2874 2725 3108 2797 rigabat,
3150 2734 3201 2781 et
3236 2726 3301 2779 de
3349 2734 3580 2796 quatuor

1980 2824 2157 2895 ﬂuviis
2177 2824 2268 2894 qui
2301 2837 2365 2877 ex
2402 2821 2500 2876 illo
2533 2820 2944 2874 diducebantur.
3002 2848 3074 2860 —
3134 2818 3309 2874 Porro
3363 2818 3430 2873 de
3467 2816 3572 2871 llu-

1982 2913 2131 2969 mine
2178 2912 2327 2983 quod
2388 2900 2701 2982 paradisiim
2769 2911 2980 2981 irrigat,
3030 2909 3146 2965 haec
3177 2911 3378 2980 scripta
3413 2911 3574 2964 nobis

1982 3006 2208 3075 reliquit
2259 3005 2416 3060 divus
2469 3003 2692 3060 Moses:
2741 3002 2806 3058 Et
2847 3007 3045 3076 [tanien
3097 3003 3458 3076 egrediebatur
3506 3018 3571 3055 ca;

1990 3098 2137 3153 πάθη
2165 3098 2236 3152 ad
2262 3096 2596 3168 irrigandum
2625 3097 2964 3167 paradisum,
2999 3107 3159 3168 atque
3188 3096 3310 3150 inde
3342 3096 3574 3150 divisum

1984 3192 2150 3247 evasit
2181 3191 2239 3244 in
2264 3199 2499 3261 quatuor
2526 3190 2785 3260 capita".
2824 3189 2920 3245 Est
2969 3198 3154 3245 autem
3190 3203 3220 3244 a
3271 3189 3430 3244 nobis
3458 3189 3573 3259 jam

1980 3285 2190 3341 dictum
2239 3285 2417 3354 capite
2450 3283 2534 3337 l6.
2566 3283 2714 3339 Edeu
2776 3298 2900 3339 esse
2930 3282 3210 3354 regiOnem
3241 3283 3569 3351 spatiosum,

1980 3376 2244 3448 amplam,
2272 3390 2570 3441 ammnam,
2598 3376 2829 3432 variam.
2859 3374 3186 3431 Paradisum
3234 3388 3369 3430 vero
3390 3374 3574 3429 locum

1980 3487 2126 3538 esse,
2158 3471 2428 3543 pulchris,
2462 3469 2787 3535 fructuOsis,
2820 3470 3241 3542 praestantibus,
3276 3468 3571 3525 laudabili-

1979 3565 2192 3634 busque
2217 3563 2532 3626 arboribus,
2564 3578 2676 3633 prae
2711 3562 2996 3632 quibusvis
3032 3563 3156 3619 aliis
3194 3563 3249 3616 in
3276 3571 3385 3617 tota
3421 3561 3569 3616 Edon

1978 3657 2118 3713 locis
2150 3665 2404 3711 ornatum
2447 3674 2461 3710 :
2496 3656 2823 3711 Paradisum
2854 3655 3001 3711 enim
3026 3655 3147 3724 ejus
3175 3655 3415 3726 regionis
3448 3670 3573 3725 qua:

1979 3748 2129 3804 Eden
2158 3749 2381 3812 dicitur,
2418 3759 2626 3819 partem
2679 3763 2803 3804 esse
2854 3749 2995 3803 inter
3031 3748 3167 3802 alias
3195 3764 3390 3803 omnes
3424 3764 3571 3819 prae-

1978 3843 2399 3907 stantissimum,
2460 3841 2978 3907 laudabilissimam,
3039 3851 3207 3914 atque
3259 3841 3568 3897 cultoribus

1980 3937 2099 3994 suis
2148 3934 2676 3991 commodissimam.
2746 3933 2913 4005 igitur
2976 3934 3106 3989 illud
3140 3932 3345 3987 ﬂnuicn
3380 3950 3573 3989 revera

1979 4030 2195 4101 ingens.
2226 4027 2490 4097 amplum,
2525 4029 2831 4096 copiosum,
2862 4028 3096 4098 insigne,
3140 4043 3205 4082 ex
3243 4036 3385 4082 terra
3419 4027 3568 4082 Edon

1979 4123 2292 4178 araturiens
2319 4130 2483 4186 atque
2538 4135 2892 4191 promauans,
2938 4120 2993 4176 in
3039 4122 3292 4185 medium,
3324 4129 3577 4191 penetrat

1980 4213 2298 4284 paradisum
2324 4253 2339 4279 ,
2367 4228 2609 4284 eumque
2655 4212 2975 4268 universum
3038 4213 3267 4286 irrigat;
3301 4231 3411 4286 quo
3450 4229 3574 4284 pet-

1977 4305 2115 4373 luto,
2153 4306 2376 4361 linditnr
2430 4306 2483 4361 in
2534 4315 2772 4377 quatuor
2835 4306 3031 4362 deinde
3087 4307 3307 4371 fluvios,
3344 4308 3577 4380 etipsos

1978 4399 2237 4472 grandes,
2270 4399 2364 4470 qui
2405 4398 2473 4454 ab
2522 4399 2616 4454 illo
2651 4399 2885 4464 diducti,
2950 4401 3116 4456 simul
3148 4410 3316 4470 atque
3360 4401 3578 4470 paradi-

1979 4509 2101 4550 sum
2132 4493 2431 4563 reliquere,
2467 4494 2572 4549 sub
2624 4493 2744 4565 ipsa
2806 4493 2976 4549 maris
3009 4492 3215 4549 Oceani
3260 4497 3393 4551 vada
3424 4494 3578 4549 dela-

275 4598 344 4638 ea
395 4592 718 4637 vescrrelur
754 4593 809 4639 et
860 4585 1115 4639 evaderet
1159 4584 1509 4640 immortalis.
1553 4581 1742 4654 Neque
1789 4591 1876 4639 est
1906 4584 1952 4642 D
1982 4584 2216 4651 buntur;
2252 4593 2417 4655 atque
2447 4583 2573 4639 inde
2596 4600 2790 4640 rursus
2834 4585 2889 4639 in
2916 4584 3068 4640 baca
3119 4584 3281 4640 nobis
3333 4585 3576 4642 habitata

276 4674 433 4746 quod
480 4674 608 4744 quis
659 4675 775 4729 haec
822 4675 1051 4730 miretur
1085 4676 1418 4742 in'Adamo,
1470 4677 1692 4746 quando
1740 4675 1875 4747 ipsis

279 4766 451 4823 etiam
486 4763 694 4822 Judaeis
722 4763 1166 4837 post’omnifaria
1216 4770 1352 4839 legis
1393 4777 1660 4839 praecepta
1710 4780 1875 4840 atque

288 4859 540 4914 instituta
580 4899 597 4925 ,
632 4874 738 4914 non
777 4860 1014 4934 caeleste
1037 4875 1262 4930 regnum
1311 4876 1341 4916 a
1383 4859 1496 4916 Deo
1541 4863 1873 4931 promissum

292 4960 404 5018 est,
429 4951 474 5007 si
517 4954 680 5009 dictis
735 4954 854 5025 ejus
895 4954 1356 5018 obsecundarent,
1397 4955 1491 5010 sed
1538 4963 1682 5008 terra
1738 4954 1878 5009 lacte

287 5043 557 5114 mellaque
598 5043 846 5111 afﬂuens,
877 5053 933 5099 et
966 5045 1224 5099 arborum
1267 5043 1656 5115 fructuumque
1700 5045 1878 5111 ferax,

282 5138 482 5207 quales
511 5149 643 5192 sunt
679 5139 804 5192 mali
843 5137 1084 5208 punicas,
1114 5137 1282 5205 oleae,
1334 5139 1528 5209 palmae
1549 5181 1564 5207 ,
1597 5148 1703 5195 etc.
1736 5140 1879 5207 Quid

285 5230 460 5299 igitur
514 5230 717 5285 mirum
772 5232 819 5287 si
871 5231 1104 5299 Adamo,
1156 5234 1243 5288 cui
1292 5248 1470 5302 nuper
1517 5234 1655 5289 adeo
1710 5224 1880 5305 legem

283 5321 674 5395 imposuerat,
705 5323 921 5379 cdulem
955 5325 1208 5381 arborem
1241 5326 1520 5393 ostendit,
1545 5343 1710 5399 quam
1759 5330 1882 5385 vitae

280 5416 605 5486 appellarit,
634 5431 697 5472 ea
723 5416 1092 5487 promissione
1117 5417 1350 5490 adjecta,
1374 5429 1435 5476 ut
1466 5419 1512 5476 si
1541 5420 1596 5477 in
1622 5423 1886 5495 obsequio

357 5591 407 5627 “
439 5590 578 5646 Gen.
614 5607 675 5654 Il,
713 5591 801 5647 10.

360 5736 464 5814 μ’)
494 5734 722 5793 Fallitur
744 5737 1089 5814 _llar-Ceplia.
1109 5739 1245 5814 Nam
1271 5756 1395 5796 vera
1427 5741 1696 5814 theologia
1720 5743 1881 5799 docet

290 5804 567 5881 Adamum
617 5808 894 5864 conditum
953 5804 984 5864 ἑ
1039 5811 1146 5868 Deo
1201 5813 1254 5866 in
1315 5822 1460 5866 statu
1511 5804 1875 5881 perfecturum

288 5879 644 5933 scicntzarum
680 5890 734 5933 et
771 5882 1169 5948 cognitionum,
1200 5891 1308 5938 tam
1348 5879 1677 5939 naturalium
1713 5900 1877 5955 quam

1982 4686 2270 4748 emergunt
2303 4686 2470 4733 terra.
2506 4674 2698 4745 Neque
2725 4692 2857 4732 vero
2889 4677 3003 4732 haec
3059 4678 3218 4732 nobis
3280 4678 3387 4749 ipsi
3410 4679 3575 4749 tingi-

1986 4786 2111 4827 ntus
2156 4770 2251 4826 sed
2284 4779 2546 4841 tanquam
2580 4768 2748 4825 illusis
2780 4770 3057 4840 propheta:
3103 4768 3284 4823 verbis
3333 4785 3573 4826 consen-

1984 4874 2147 4920 tanea
2204 4863 2647 4934 pronuntiamus,
2679 4878 2803 4932 qua
2857 4873 3050 4918 sancto
3107 4858 3314 4932 Spiritu
3349 4873 3575 4919 auctore

1986 4958 2194 5028 scripta
2227 4969 2374 5011 sunt.
2405 4954 2543 5010 Nam
2575 4956 2775 5010 ilumcu
2808 4955 2941 5010 illud
2975 4972 3043 5011 ex
3106 4966 3251 5011 terra
3277 4954 3426 5011 Eden
3462 4958 3572 5013 ori.

1987 5050 2169 5121 ginem
2198 5050 2418 5115 ducere,
2449 5059 2614 5120 atque
2644 5047 2919 5120 proﬂuere
2960 5048 3048 5105 his
3079 5050 3263 5105 verbis
3293 5048 3570 5106 affirmat:

1981 5139 2215 5197 Flumen
2248 5142 2618 5214 egrediebatur
2671 5158 2737 5197 ex
2784 5140 2959 5197 Eden.
2992 5140 3207 5198 Rursus
3237 5143 3384 5215 quod
3414 5159 3572 5215 para-

1986 5234 2163 5289 disum
2196 5235 2592 5305 perluatatque
2618 5235 2830 5307 irriget,
2847 5235 2933 5292 his
2964 5253 2978 5290 :
3005 5235 3443 5307 Ad-irrigaudum
3472 5253 3574 5307 pa-

1988 5329 2251 5383 radisum.
2292 5327 2566 5385 Pra-terea
2597 5329 2994 5386 derivationem
3014 5331 3161 5385 illam
3185 5346 3351 5400 quam
3386 5331 3566 5401 iugen-

1967 5426 2070 5474 -tes
2096 5417 2294 5474 ﬂuvios
2319 5419 2434 5476 ﬁeri
2457 5419 2723 5487 diximus,
2745 5418 2980 5491 irrigato
3007 5421 3120 5492 jam
3141 5430 3255 5475 tum
3277 5419 3569 5487 paradiso;

1988 5732 2521 5817 supernaturalium,
2556 5763 2678 5819 qua:
2718 5748 3019 5819 principem
3052 5757 3105 5801 et
3138 5760 3304 5814 caput
3346 5748 3573 5805 humani

1987 5820 2206 5889 generis
2239 5819 2453 5875 dicebat
2486 5821 2544 5874 S.
2584 5818 2780 5877 Thom.
2812 5835 2826 5876 ι
2854 5818 2913 5889 νζ
2942 5837 2998 5890 ιι.
3040 5819 3110 5877 94
3139 5829 3243 5874 art.
3276 5821 3332 5875 ’5.
