4086 6388
530 341 627 401 5H

1806 338 2035 401 MOSIS
2074 336 2225 396 nan
2266 337 2514 399 CEPHA
3122 357 3135 378 α
3700 343 3809 407 513

533 451 649 504 haec
682 448 846 504 verba
881 447 1192 518 significant
1224 450 1244 503 :'
1275 448 1341 502 Et
1370 449 1517 504 illinc
1540 450 1791 519 ﬁnditur,
1841 462 1889 507 et
1938 452 2115 508 evadit
2146 450 2192 507 Δ
2222 462 2318 515 per
2348 450 2495 520 quod
2526 450 2726 518 ﬂuunt,
2759 450 3061 518 dulciores,
3095 454 3422 520 amariores,
3457 455 3809 526 insulsiorcs,

528 544 585 597 in
619 544 653 596 4
675 543 852 611 capita
875 558 894 596 .°
929 543 1163 612 denique
1196 558 1319 597 cum
1347 543 1500 598 addit
1527 545 1710 601 Moses
1741 547 1907 603 unius
1962 548 2111 602 ﬂuvii

530 650 732 689 nomen
768 650 890 689 esse
931 633 1156 701 Phison,
1213 651 1447 705 cultuque
1499 639 1737 693 circuire
1800 641 2112 695 universam

532 737 732 781 terram
762 724 985 791 Hevila;
1040 728 1266 780 alterius
1322 742 1451 781 vero
1485 727 1698 793 Gehon,
1731 730 1823 799 qui
1858 732 2115 800 pervadat

533 826 700 870 totam
770 816 1044 886 regionem
1102 816 1434 886 Ethiopian;
1474 819 1691 873 tertium
1743 836 1909 889 porro
1944 822 2116 877 Diclat

529 907 835 977 appellari,
894 922 1134 977 eumque
1201 916 1393 962 contra
1469 909 1631 965 Attur
1683 912 1800 979 ire;
1875 915 2114 985 denique

529 1008 786 1070 quartum
825 1002 1007 1055 vocari
1042 999 1370 1072 Euphratem
1410 1022 1421 1059 :
1457 1005 1590 1061 satis
1638 1006 1843 1061 indicat
1879 1019 2116 1077 quatuor

528 1107 626 1147 eos
654 1092 871 1157 ﬂuvios,
898 1102 1251 1162 posteaquam
1277 1097 1592 1165 paradisnm
1622 1099 1985 1169 reliquerunt,
2009 1104 2114 1158 sub

529 1188 727 1233 terram
754 1178 1030 1250 delapsos,
1063 1183 1279 1237 tandem
1310 1184 1363 1239 in
1414 1186 1519 1242 hoc
1561 1203 1590 1241 a
1622 1190 1781 1246 nobis
1804 1192 1951 1247 culto
1981 1195 2114 1251 orbe

528 1284 907 1339 prorumpere,
965 1274 1368 1345 scaturireque.
1430 1276 1505 1333 Ea
1554 1279 1723 1351 igitur
1745 1299 1870 1353 quae
1893 1292 2010 1339 tum
2043 1287 2112 1344 de

527 1377 638 1417 uno
665 1363 758 1416 illo
798 1364 1046 1431 ﬂumine,
1080 1376 1194 1422 tum
1220 1369 1287 1424 de
1314 1382 1551 1439 quatuor
1581 1375 1705 1430 aliis
1726 1380 1795 1430 ab
1852 1378 1945 1433 illo
1968 1379 2115 1435 deri-

523 1453 665 1509 vatis
696 1454 934 1511 diximus
963 1473 1089 1516 cum
1137 1459 1305 1517 Mosis
1334 1462 1507 1519 divini
1551 1465 1791 1525 hominis
1834 1473 2109 1528 sententia

523 1556 851 1618 congruunt.
916 1551 1021 1608 Sed
1077 1555 1292 1625 urgebit
1338 1557 1585 1628 aliquis:
1634 1558 1738 1627 Qui
1788 1564 1961 1632 possit
1993 1566 2108 1622 fleri

523 1651 585 1694 ut
611 1649 846 1710 quatuor
873 1643 949 1697 illi
984 1643 1135 1700 ﬂuvii
1170 1648 1429 1717 paradiso
1457 1654 1665 1720 egressi
1696 1656 2111 1725 praecipitentur

2217 543 2474 600 salsiores
2532 547 2787 611 evadunt,
2845 564 2943 603 cur
2995 563 3104 604 non
3166 550 3609 608 existimabimus
3681 555 3812 611 illos

2216 653 2433 708 quoque
2460 640 2655 697 ﬂuvios
2688 643 2953 714 tantisper
2999 644 3130 699 dum
3192 660 3289 715 per
3336 646 3719 702 beatissimum
3744 664 3814 704 ac

2219 731 2607 790 felicissimum
2643 736 2821 791 locum
2872 738 3190 806 paradisum
3242 738 3465 807 ﬂuunt,
3507 741 3812 809 iucundis-

2216 826 2355 881 simo
2389 837 2557 898 atque
2600 830 2931 885 suavissimo
2966 847 3163 902 sapore
3194 848 3318 889 esse
3348 852 3363 901 ;
3428 835 3480 888 in
3516 835 3625 890 hoc
3668 851 3807 892 vero

2216 919 2579 976 exsecrabilis
2613 930 2816 977 nostrrc
2847 931 3026 978 tractu
3055 933 3214 979 terra:
3255 925 3322 979 de
3376 925 3468 981 illa
3524 930 3807 983 suavitate

2215 1011 2514 1081 plurimum
2541 1014 2858 1070 remittere?
2892 1014 3061 1072 Porro
3082 1019 3271 1074 beatus
3296 1020 3477 1076 Moses
3499 1030 3554 1075 et
3580 1024 3810 1079 nomina

2216 1104 2434 1162 illorum
2464 1115 2702 1176 quatuor
2736 1107 3054 1173 ﬂuviorum,
3078 1117 3134 1163 et
3176 1111 3290 1165 loca
3326 1127 3421 1181 per
3454 1130 3577 1183 quia:
3611 1114 3810 1169 ferun-

2215 1204 2325 1263 tur,
2380 1198 2601 1269 aliaque
2655 1200 2847 1255 eodem
2884 1203 3190 1271 spectantia
3244 1203 3448 1259 diserte
3479 1206 3808 1274 explicavit,

2216 1298 2277 1343 ut
2308 1304 2431 1359 quae
2464 1290 2555 1345 illa
2584 1299 2745 1347 aetate
2801 1308 2907 1346 non
2972 1293 3154 1363 ignota
3219 1305 3447 1351 essent:
3490 1298 3569 1351 ait
3602 1299 3754 1353 enim
3790 1318 3805 1353 :

2217 1378 2426 1436 Nomen
2488 1384 2649 1437 unius
2722 1380 2955 1449 Phison,
3013 1387 3103 1455 qui
3148 1386 3445 1455 perlabitur
3494 1390 3803 1444 universam

2214 1484 2414 1531 terram
2467 1475 2697 1543 Havt'le,
2768 1477 2879 1532 illic
2927 1487 3003 1532 est
3052 1495 3269 1543 aurum,
3323 1492 3373 1534 et
3420 1482 3535 1547 ejus
3566 1484 3807 1551 regionis

2214 1581 2404 1620 aurum
2468 1576 2734 1635 prtrstans
2793 1576 2912 1631 est;
2966 1567 3079 1620 illic
3155 1567 3443 1633 Bedolach,
3484 1584 3808 1639 gemmaque

2212 1656 2446 1723 Berilli;
2479 1660 2635 1728 quasi
2668 1660 2814 1713 dicat
2841 1678 2853 1712 :
2892 1657 3047 1714 Unus
3082 1660 3301 1714 illorum
3328 1670 3569 1728 quatuor
3599 1661 3805 1717 ﬂuvio-

522 1733 627 1788 sub
665 1731 867 1791 Oceani
894 1738 1053 1802 vada,
1085 1748 1248 1808 atque
1282 1742 1407 1796 inde
1434 1746 1652 1800 tandem
1710 1748 1762 1802 in
1795 1750 1899 1804 hac
1923 1762 2107 1808 nostra
2142 1792 2184 1849 Β
2216 1765 2339 1805 rum
2423 1750 2628 1806 Phison
2667 1752 2744 1822 (5)
2813 1763 3061 1819 vocatur,
3095 1754 3188 1821 qui
3240 1753 3331 1807 ubi
3369 1754 3438 1807 ab
3469 1753 3673 1824 ingenti
3706 1754 3803 1811 illc

523 1835 668 1883 terra
700 1832 1033 1898 erumpant?
1072 1831 1209 1888 lluic
1243 1835 1419 1904 primo
1448 1840 1860 1910 respondemus,
1892 1860 1953 1900 ea
1986 1863 2110 1917 qua;
2142 1831 2184 1849 “’
2213 1837 2434 1893 ﬂumine
2466 1840 2699 1893 medium
2735 1840 3015 1908 perluente
3039 1841 3350 1910 paradisum
3380 1841 3661 1896 derivatus
3690 1852 3801 1905 est,

521 1934 555 1974 a
584 1919 745 1976 nobis
782 1921 896 1977 ﬂeri
921 1939 1028 1979 non
1059 1940 1223 1994 posse
1271 1929 1678 1999 existimantur,
1744 1934 1923 1992 facilia
1986 1956 2109 1996 csse

523 2015 634 2068 Deo
666 2032 681 2069 :
720 2014 871 2070 illum
904 2031 1032 2072 vero
1060 2034 1223 2088 quem
1263 2020 1505 2080 diximus
1537 2036 1777 2095 quatuor
1815 2029 2104 2088 ﬂuviorum

521 2120 763 2173 cursum,
796 2116 962 2179 atque
983 2110 1102 2181 ejus
1135 2113 1350 2180 generis
1375 2115 1501 2183 alia,
1527 2118 1770 2174 divinum
1802 2138 1926 2177 esse
1945 2141 2104 2195 opus,

520 2204 631 2245 non
699 2194 1024 2253 humanum.
1101 2198 1308 2256 Deinde
1374 2204 1476 2259 hoc
1530 2222 1750 2279 quoque
1780 2228 2101 2282 responsum

518 2284 796 2351 volumus,
822 2291 1140 2359 paradisum
1175 2295 1349 2350 multo
1375 2298 1698 2357 sublimiore
1725 2306 1960 2373 positum
1984 2326 2104 2369 esse

521 2376 764 2448 regione,
793 2388 957 2451 atque
989 2382 1104 2438 haac
1139 2395 1328 2441 nostra
1381 2402 1555 2446 exstet
1577 2400 1721 2450 terra
1743 2412 1758 2463 ;
1784 2413 1960 2469 eoque
1985 2404 2101 2460 fieri

520 2478 579 2522 ut
604 2469 755 2525 illinc
803 2476 1314 2553 per'przecipitium
1378 2482 1704 2540 delabantur
1761 2487 1909 2544 ﬂuvii
1951 2502 2101 2551 tanto

517 2576 643 2616 cum
667 2563 890 2632 impetu,
919 2578 1186 2636 quantum
1216 2572 1401 2629 verbis
1422 2576 1732 2646 exprimere
1757 2597 1863 2636 non
1898 2589 2097 2654 possis,

516 2667 693 2722 eoque
718 2655 919 2726 impetu
964 2659 1207 2731 impulsi,
1238 2667 1521 2737 pressique
1566 2672 1669 2726 sub
1711 2679 1903 2731 oceani
1961 2681 2097 2735 vada

517 2744 820 2813 rapiantur,
880 2750 1026 2805 unde
1090 2769 1283 2810 rursus
1311 2758 1597 2825 prosiliant
1629 2763 2014 2839 ebulliantque
2042 2770 2096 2826 in

518 2834 619 2888 hoc
649 2851 679 2891 a
711 2839 871 2894 nobis
900 2842 1049 2896 culto
1081 2845 1235 2900 orbe.
1261 2846 1398 2903 Nam
1423 2850 1517 2919 qui
1574 2834 1749 2925 aquas
1784 2859 1835 2911 in
1859 2834 2095 2920 sublime

513 2925 737 2991 ducere,
775 2939 938 2999 atque
964 2948 1030 2988 ex
1056 2934 1185 2991 altis
1235 2940 1548 3009 erectisque
1591 2947 1876 3004 canalibus
1929 2954 2097 3015 veluti

516 3015 843 3109 siphonibus
893 3024 1230 3091 profundere
1255 3028 1526 3097 laborant,
1560 3032 1600 3100 ii
1631 3051 1696 3091 ex
1732 3038 1895 3109 longo
1922 3043 2096 3101 inter-

2211 1933 2455 2002 atquein
2493 1942 2692 1987 terram
2728 1933 2830 1987 sub
2872 1932 3075 1987 Oceani
3103 1934 3237 1987 vade
3291 1948 3349 1988 se
3388 1934 3611 2001 recepit,
3667 1949 3801 1986 rur-

2208 2041 2303 2082 sus
2328 2026 2561 2094 prosilit,
2589 2027 2809 2091 emicat,
2843 2026 3181 2095 scaturitque
3234 2026 3288 2080 in
3325 2024 3566 2081 Occidua
3605 2026 3798 2081 mundi

2208 2118 2451 2188 regione,
2484 2119 2629 2173 unde
2658 2116 3150 2186 Septentrionalem
3208 2128 3421 2185 petens,
3485 2127 3647 2171 totam
3702 2115 3795 2170 In.

2206 2210 2399 2265 dorum
2428 2208 2688 2264 ditionem
2750 2209 2903 2263 alluit
2950 2210 3087 2279 (haec
3133 2208 3279 2264 enim
3325 2207 3528 2261 llavila:
3573 2206 3801 2261 nomine

2208 2302 2595 2373 significatur),
2655 2318 2719 2358 ac
2772 2303 2992 2358 tandem
3049 2303 3101 2357 in
3160 2317 3311 2357 mare
3337 2301 3557 2357 desinit.
3610 2299 3805 2355 Graece

2209 2392 2407 2448 Phison
2475 2391 2683 2448 Diiobis
2748 2404 2994 2449 vocatur.
3062 2391 3270 2447 Ferunt
3332 2401 3513 2447 autem
3560 2393 3804 2461 plerum-

2203 2500 2312 2555 que
2352 2485 2486 2555 ripae
2537 2485 2702 2555 hujus
2746 2486 2892 2540 ﬂuvii
2939 2501 3164 2541 arenam
3222 2492 3390 2555 atque
3442 2484 3604 2537 etiam
3657 2485 3802 2538 alvei

2202 2586 2498 2648 praestante
2518 2593 2655 2632 auro
2686 2578 3060 2643 abundare,et
3075 2578 3305 2649 gemmis
3331 2577 3587 2646 pretiosis
3617 2593 3631 2641 ;
3669 2593 3800 2630 nam

2200 2685 2306 2724 vox
2337 2669 2585 2734 Hebraea,
2620 2670 2875 2733 Bedotah,
2897 2672 3223 2742 margaritas
3253 2670 3546 2739 significat.
3582 2667 3801 2725 Secun-

2204 2761 2254 2815 di
2284 2759 2430 2815 ﬂuvii
2465 2774 2664 2815 nomen
2713 2769 2797 2815 est
2825 2760 3037 2816 Gehon.
3076 2746 3127 2817 is
3175 2770 3429 2832 peragrat
3478 2761 3800 2815 universam

2204 2861 2406 2907 terram
2469 2852 2641 2916 Chus,
2703 2852 2755 2908 id
2804 2864 2910 2917 est,
2945 2851 3278 2923 Ethiopian;
3337 2851 3799 2909 hicanonnullis

2201 2947 2365 3002 etiam
2391 2946 2593 3002 Sichor
2629 2945 2704 3016 (6)
2743 2947 3066 3015 appellatur.
3124 2945 3296 3001 Graeci
3330 2944 3513 3000 Nilum
3542 2955 3748 3000 vocant
3780 2965 3797 3001 :

2201 3037 2293 3108 qui
2328 3053 2358 3092 a
2389 3053 2585 3110 magno
2644 3038 2870 3093 ﬂumine
2930 3038 3232 3109 digressus,
3298 3046 3462 3108 atque
3490 3039 3594 3093 sub
3624 3039 3801 3095 maris

516 3105 660 3205 vallo
713 3117 1048 3169 cataractam
1083 3117 1197 3173 sive
1252 3123 1613 3193 praecipitium
1651 3128 1783 3198 ipsis
1822 3105 2096 3205 quoddam
2128 3140 2172 3201 C
2202 3105 2431 3185 fundum
2460 3105 2734 3197 delapsus,
2761 3105 3214 3195 prosilittaudetn
3237 3105 3541 3201 ebullitque
3563 3131 3615 3185 in
3640 3132 3800 3202 plaga

516 3198 626 3253 alta
658 3200 961 3260 devexitate
989 3208 1280 3278 abruptum
1308 3224 1472 3284 atque
1496 3218 1721 3276 difficile
1753 3198 2099 3298 comparant,

518 3307 613 3361 per
642 3295 786 3363 quod
818 3297 1121 3356 deturbatus
1147 3320 1344 3375 magno
1366 3324 1489 3366 cum
1525 3312 1728 3384 impetu
1759 3320 1861 3373 sub
1888 3295 2092 3381 terram

516 3386 823 3443 condantur
857 3408 872 3448 :
901 3393 1005 3448 Sub
1031 3411 1137 3464 qua
1176 3408 1463 3471 postquam
1498 3417 1724 3472 coactae,
1780 3420 1944 3482 atque
1995 3432 2098 3474 suo

518 3480 757 3547 ipsarum
791 3483 992 3555 impetu
1018 3502 1217 3556 pressze
1240 3491 1603 3567 aliquousque
1626 3480 1867 3569 ﬂuxere,
1884 3509 2096 3566 tandem

516 3585 612 3638 per
666 3573 884 3628 canales
944 3576 1066 3633 illos
1091 3596 1287 3652 magna
1338 3585 1390 3639 vi
1442 3603 1548 3657 qua
1607 3607 1672 3647 ex
1704 3599 1970 3666 praecipiti
2005 3602 2098 3659 illo

513 3676 645 3716 casu
688 3676 970 3734 urgentur,
995 3684 1217 3726 sursum
1258 3677 1518 3733 emicant.
1554 3681 1678 3735 [Lee
1704 3684 1776 3741 ita
1809 3704 1867 3742 se
1897 3690 2097 3749 habere

511 3753 767 3810 dominus
811 3760 975 3813 etiam
1038 3761 1310 3832 Ephrasm,
1347 3778 1554 3825 etcum
1614 3790 1679 3828 eo
1708 3778 1959 3837 doctores
2002 3784 2094 3843 alii

513 3843 827 3935 affirmant:
862 3867 1033 3920 quare
1066 3870 1168 3909 nos
1199 3874 1419 3929 quoque
1478 3864 1707 3921 libenter
1738 3877 2093 3935 assentimur.

510 3933 780 3991 Cancrum
832 3942 976 4010 quod
1024 3945 1092 3998 ad
1142 3961 1392 4016 saporem
1440 3966 1669 4023 spectat,
1725 3960 1942 4018 idemne
1986 3933 2095 4023 illis

510 4028 669 4095 aquis
700 4041 918 4087 maneat
952 4035 1093 4104 apud
1123 4053 1245 4101 nos,
1282 4045 1375 4110 qui
1402 4042 1580 4099 fuerat
1607 4049 1660 4101 in
1700 4053 1975 4118 paradiso,
2023 4074 2091 4113 an

512 4119 739 4175 minime
773 4141 786 4175 :
818 4139 919 4179 nos
942 4132 1299 4193 pronuntiare
1333 4150 1438 4188 non
1470 4137 1812 4208 dubitamus,
1848 4146 1899 4198 in
1933 4164 2093 4216 para-

511 4212 634 4265 diso
665 4229 781 4270 esse
814 4228 1032 4286 gustatu
1081 4224 1425 4289 gratissimas
1455 4212 1946 4306 suavissimasquc;
1971 4241 2095 4298 inde

512 4314 693 4366 autem
724 4324 1064 4381 progressas,
1128 4316 1424 4384 plurimum
1476 4327 1765 4383 suavitatis
1820 4332 2090 4400 amittere,

511 4400 785 4456 acredinis
814 4418 942 4457 vero
969 4409 1315 4474 contrahere,
1336 4430 1459 4468 cum
1485 4417 1615 4472 illud
1648 4422 1881 4486 paradisi
1912 4427 2089 4482 solum

512 4491 631 4546 beta
685 4493 777 4549 Dei
828 4500 1141 4565 precatione
1205 4503 1422 4560 beatqu
1481 4523 1536 4564 et
1591 4512 1717 4567 felix
1744 4514 1852 4582 sit;
1892 4527 1947 4571 at
1984 4520 2086 4576 hoc

511 4600 754 4646 nostrum
816 4606 1041 4663 contra,
1106 4605 1482 4662 exsecratione
1533 4607 1720 4665 infelix
1788 4622 1842 4666 et
1908 4616 2081 4672 triste.

509 4682 785 4747 Quantum
835 4687 1002 4757 igitur
1052 4690 1280 4748 interest
1337 4696 1478 4751 inter
1536 4714 1661 4754 eum
1729 4700 1931 4759 fontem
1990 4707 2080 4764 cui

510 4775 836 4831 benedicunt
866 4794 1077 4847 onmes,
1103 4797 1157 4838 et
1188 4802 1311 4840 eum
1344 4805 1507 4859 quem
1558 4808 1720 4846 nemo
1785 4811 1893 4850 non
1937 4798 2087 4853 dete-

508 4876 684 4923 statur
717 4886 732 4936 ;
770 4880 979 4926 tantum
1034 4875 1209 4929 diﬂert
1239 4882 1511 4957 suavitate
1558 4894 1723 4955 atque
1749 4890 2087 4957 amoenitate,

511 4960 726 5014 illorum
761 4959 1049 5019 ﬂuviorutn
1102 4983 1266 5039 sapor
1298 4952 1457 5041 qu'cm
1490 4952 1540 5027 in
1572 4979 1853 5046 paradiso,
1903 4983 1971 5036 ab
2023 4999 2088 5038 eo

509 5069 673 5119 quem
710 5057 849 5123 apud
880 5073 980 5112 nos
1010 5059 1281 5117 obtinent.
1309 5064 1444 5121 Nam
1482 5069 1526 5122 si
1582 5081 1857 5128 nostrates
1912 5093 2088 5145 aquae,

512 5146 679 5201 mlius
707 5148 1063 5222 ejusdemque
1088 5164 1297 5210 natura:
1332 5176 1455 5213 cum
1490 5162 1619 5227 sint,
1654 5179 1751 5232 pro
1778 5168 1877 5221 soli
1914 5168 2091 5223 indole

589 5354 664 5420 (ii)
694 5351 849 5409 Unde
884 5356 1016 5437 hoc_
1056 5374 1270 5437 nomen.
1295 5362 1507 5437 haheat
1545 5365 1777 5437 _n_escire
1807 5383 1891 5424 me
1910 5367 2100 5437 fateor,

511 5426 653 5502 inira
703 5437 895 5502 autem
932 5428 1094 5482 habet
1122 5429 1355 5498 Dijabis,
1386 5448 1507 5502 cap.
1539 5434 1631 5488 ‘28.

584 5494 895 5579 (6).$ichor
919 5513 1031 5579 [vox
1058 5511 1150 5579 _cst
1184 5494 1468 5579 lleb_r_a_ica'
1512 5503 1827 5579 significans
1884 5514 2094 5579 nigrant

512 5582 577 5643 ac
608 5566 884 5651 rubidum._
916 5566 1069 5633 Quod
1090 5566 1679 5651 autet'uNilusetiawma
1703 5566 1973 5651 veteribus
2002 5584 2098 5651 μὲ-

517 5637 611 5753 ‘mb;
637 5637 813 5691 dictus
841 5639 914 5693 sit
960 5647 1193 5695 testatur
1230 5641 1555 5699 Plutarchus
1596 5644 1777 5704 libello
1813 5650 1885 5704 De
1921 5637 2099 5719 ﬂuini-

520 5718 568 5753 Nl
611 5722 695 5753 HS-

520 5718 695 5759 mons.

595 5773 670 5845 (Ἰ)
694 5775 915 5843 Melius,
948 5780 1002 5836 in
1036 5781 1513 5858 Mcditcrraneum,
1547 5809 1666 5860 cap.
1702 5792 1788 5846 ΞΒ.

2205 3220 2569 3284 meridionali,
2604 3232 2767 3292 atque
2799 3223 3114 3278 universam
3145 3222 3467 3294 Etliiopum
3505 3226 3789 3295 regionem

2202 3328 2525 3384 peragrans,
2556 3314 2775 3369 demum
2803 3315 2856 3369 in
2885 3315 3110 3370 Adriam
3140 3326 3469 3371 exoneratur
3501 3317 3580 3385 (7)
3609 3316 3791 3386 :quod

2203 3423 2355 3462 mare
2408 3408 2621 3478 [E‘AYpli
2696 3408 2830 3465 fines
2885 3410 3063 3465 alluit.
3104 3410 3327 3465 Tertius
3359 3409 3557 3465 ﬂuvius
3582 3411 3794 3476 Diclat,

2202 3501 2307 3555 hoc
2338 3508 2442 3567 est,
2478 3498 2678 3571 Tigris,
2718 3512 2910 3557 contra
2939 3502 3100 3557 Attur
3133 3502 3212 3573 (8)
3260 3500 3399 3557 ﬂuit.
3441 3501 3683 3569 Quartus
3710 3513 3802 3558 est

2203 3590 2425 3658 Perath,
2488 3594 2539 3646 id
2591 3603 2695 3655 est,
2748 3593 3072 3662 Euphrates.
3112 3594 3179 3648 Et
3222 3595 3275 3648 hi
3310 3609 3530 3665 quoque
3551 3594 3682 3655 duo,
3717 3594 3795 3650 ab

2204 3684 2299 3737 illo
2325 3684 2616 3753 grandiore
2646 3684 2880 3748 diducti,
2912 3696 2967 3739 et
2997 3686 3100 3741 sub
3130 3702 3279 3740 mare
3310 3686 3475 3741 mersi
3512 3691 3791 3755 prodeunt

2202 3777 2416 3831 tandem
2464 3776 2517 3831 in
2584 3777 2762 3831 medio
2829 3777 2931 3832 hoc
2972 3786 3161 3832 nostro
3182 3778 3313 3833 orbe
3337 3778 3530 3833 vicinis
3556 3779 3697 3833 inter
3727 3795 3794 3835 so

2202 3866 2443 3923 fontibus
2483 3868 2791 3940 perluitque
2817 3868 2990 3923 Diclat
3015 3870 3335 3925 orientalem
3371 3870 3801 3941 Mesopotamia:

2199 3960 2511 4031 regionem;
2543 3970 2727 4028 (luem,
2762 3971 2819 4015 ut
2846 3961 3044 4015 Perath
3078 3971 3255 4017 tractu
3315 3964 3500 4020 vicino
3539 3965 3802 4035 aliquau-

2197 4052 2289 4107 diu
2326 4054 2617 4107 comitatus
2649 4062 2751 4117 est,
2774 4054 3031 4109 labuntur
3072 4056 3234 4110 ambo
3265 4057 3318 4110 in
3350 4074 3607 4129 magnum
3646 4076 3802 4117 mare

2197 4147 2456 4201 australre
2484 4145 2666 4201 Bosraz
2699 4148 2800 4215 (9).

2769 4239 3000 4295 CAPUT
3054 4241 3222 4297 XXII.

2206 4366 2209 4369 ν
2278 4330 2403 4383 Tria
2436 4331 2553 4383 loca
2591 4347 2686 4399 pro
2733 4332 2938 4385 Adamo
3005 4337 3220 4389 condita
3262 4354 3293 4390 a
3344 4337 3447 4392 Deo
3476 4369 3547 4379 -—-
3600 4339 3803 4394 Solent

2197 4424 2417 4494 quidam
2456 4425 2787 4493 percontari,
2846 4427 2977 4495 quid
3023 4427 3233 4483 Adamo
3260 4429 3493 4501 Evaeque
3544 4432 3798 4488 futurum

2199 4518 2408 4583 fuisset,
2442 4519 2487 4574 si
2552 4518 2862 4589 impositam
2920 4520 3025 4575 sibi
3076 4538 3102 4575 a
3144 4521 3251 4576 Deo
3299 4522 3467 4593 legem
3524 4524 3575 4576 in
3628 4539 3800 4592 para-

2194 4613 2316 4667 diso
2414 4628 2517 4666 non
2603 4611 2913 4683 fregissent.
3004 4614 3100 4669 llis
3163 4618 3598 4686 respondemus,
3658 4618 3797 4672 sub-

2193 4705 2670 4760 vehendosvfuisse
2697 4721 2762 4760 ex
2794 4706 3051 4775 paradiso
3076 4723 3241 4777 supra
3290 4709 3397 4764 hoc
3425 4710 3548 4765 cceli
3603 4709 3796 4763 firma-

2197 4808 2441 4854 mentum
2472 4798 2617 4868 quod
2650 4814 2813 4867 supra
2839 4814 2939 4854 nos
2974 4800 3211 4868 positum
3265 4800 3566 4865 intuemur,
3624 4809 3797 4871 atque

2196 4892 2250 4946 in
2289 4892 2495 4947 etnlesti
2544 4907 2711 4961 regno
2740 4894 3016 4962 voluptate
3048 4894 3353 4949 incredibili
3404 4904 3459 4949 et
3502 4895 3798 4950 immorta-

2193 4986 2346 5041 litate
2372 5001 2599 5055 prorsus
2617 4986 2855 5041 beandos
2881 5003 2895 5049 ;
2928 4986 3030 5041 hoc
3044 4986 3189 5041 enim
3209 4987 3416 5055 prtemii
3448 4997 3609 5056 atque
3629 4987 3792 5056 pretii

2196 5093 2294 5150 pro
2320 5080 2607 5135 observata
2653 5080 2768 5151 lege
2802 5079 3041 5134 dandum
3082 5080 3187 5136 illis
3250 5080 3438 5136 fuisse.
3474 5079 3603 5134 Tria
3638 5080 3790 5133 enim

2195 5172 2314 5227 loca
2349 5173 2666 5227 condiderat
2692 5188 2789 5242 pro
2821 5172 3030 5227 Adamo
3091 5173 3231 5228 Deus
3260 5191 3274 5228 ;
3305 5174 3526 5238 malum,
3568 5173 3791 5243 paradi-

2284 5370 2359 5440 (8)
2391 5372 2588 5434 Ascur,
2623 5370 2785 5445 infra.
2841 5371 3027 5445 Tigrin
3061 5373 3223 5428 etiam
3252 5373 3413 5427 hodie
3459 5372 3578 5445 Syri
3615 5373 3790 5430 Diclat

2202 5444 2373 5515 vulgo
2403 5453 2638 5508 vocant;
2674 5453 2726 5497 et
2758 5442 2969 5496 Plinius
2999 5444 3160 5498 aliine
3194 5446 3461 5515 vocabulo
3500 5442 3785 5515 ‘Diglitum

2202 5514 2529 5586 appellatum
2564 5524 2851 5577 memorat,
2893 5531 2997 5583 (μυ
3035 5516 3209 5568 lenior
3244 5514 3382 5579 ﬂuit,
3422 5515 3518 5570 lib.
3545 5514 3619 5581 vt,
3658 5531 3784 5586 Cap.

2200 5583 2289 5637 27.

2288 5654 2364 5717 (9)
2416 5653 2641 5708 Bosram
2682 5656 2835 5707 aiunt
2891 5654 3009 5725 Syri
3074 5656 3262 5725 urbem
3316 5670 3438 5711 esse
3499 5658 3563 5708 ad
3596 5656 3785 5709 sinum

2208 5726 2515 5784 Persicum,
2547 5725 2746 5792 alioqui
2782 5724 2946 5777 Amos
2985 5742 3043 5785 tt,
3076 5726 3127 5778 in
3172 5724 3386 5779 Idumen
3423 5737 3777 5790 rcccusclu”;

2208 5807 2255 5847 et
2289 5797 2428 5866 apud
2460 5795 2772 5860 Jcrcmium,
2811 5814 2858 5849 ς.
2911 5796 2989 5860 ts,
3031 5798 3080 5850 in
3111 5796 3419 5852 Moabitidc.
