4086 6456
298 373 394 439 m
1453 378 1550 441 DE
1589 379 1993 454 PARADISO.
2033 405 2101 415 -
2144 379 2340 440 PARS
2379 381 2432 441 ι.
3481 386 3584 453 sit

300 509 443 559 sum,
468 503 524 546 et
555 490 704 546 hanc
760 507 881 562 qua:
936 498 1086 545 extra
1146 491 1460 560 paradisum
1517 502 1600 547 est
1660 501 1855 546 terram
1886 511 1898 546 :
1931 500 1976 556 Α
2007 506 2256 562 parentes
2279 493 2450 548 nostri
2481 492 2754 549 cavissent
2776 494 2878 550 sibi
2903 504 3067 566 atque
3104 499 3389 556 Dominum
3420 517 3579 558 suum

303 586 462 652 idque
496 581 600 634 hae
624 581 938 650 justissima
985 581 1196 635 ratione
1250 583 1457 637 scilicet
1488 594 1546 636 ut
1587 583 1739 637 illiilli
1776 600 1805 636 a
1837 598 1896 638 se

302 675 553 731 eiectum
583 673 886 727 oblectaret
920 673 973 726 in
1008 673 1281 742 paradiso,
1313 676 1476 728 simul
1511 683 1566 729 et
1588 675 1894 744 periculum

304 766 544 830 faceret,
600 765 986 835 morigerusne
1045 764 1186 820 foret
1248 766 1300 820 in
1370 768 1706 822 observanda
1758 769 1894 840 lege,

305 877 374 916 an
407 860 677 914 rebellis:
743 867 796 912 et
846 858 1119 928 morigero
1172 859 1391 928 quidem
1440 861 1722 930 praemium
1765 855 1894 915 culti

305 955 560 1026 pnecepti
607 953 836 1006 daretur
870 967 1090 1018 regnum
1128 953 1373 1018 cmleste,
1407 954 1460 1006 in
1495 968 1604 1024 quo
1640 970 1703 1008 ex
1731 969 1896 1024 para-

301 1048 420 1102 diso
446 1046 858 1105 snstolleretur,
897 1055 954 1098 ut
1007 1045 1080 1098 ibi
1120 1045 1300 1101 omnis
1322 1060 1518 1116 expers
1545 1049 1896 1104 mortalitatis

305 1138 358 1192 in
389 1152 614 1191 summa
646 1137 926 1207 voluptate
983 1138 1143 1192 vitam
1178 1141 1442 1210 agitaret;
1492 1141 1713 1198 rebellis
1763 1157 1896 1197 vero

299 1237 465 1296 atque
497 1229 890 1297 prmvaricator
949 1243 978 1280 e
1008 1231 1263 1298 paradiso
1291 1231 1344 1284 in
1378 1233 1518 1286 hanc
1551 1233 1892 1289 maledictam

299 1327 501 1371 terram
536 1319 940 1374 detruderetnr.
975 1320 1108 1376 Nam
1144 1332 1194 1376 et
1225 1325 1398 1393 angeli
1426 1325 1582 1393 jussa
1610 1334 1893 1396 peragunt,

297 1409 612 1479 divinaque
652 1412 918 1466 voluntati
955 1415 1320 1484 obsequentes
1349 1425 1498 1482 sunt,
1533 1433 1641 1471 non
1679 1419 1884 1486 absque

295 1515 393 1569 spe
425 1501 642 1568 praemii
673 1502 818 1570 quod
860 1503 991 1572 ipsis
1016 1505 1235 1558 dabitur
1257 1512 1378 1574 post
1411 1508 1717 1576 generalem
1744 1523 1892 1562 mor-

297 1593 487 1646 talium
521 1595 985 1649 resurrectionem
1022 1597 1134 1666 (I0)
1165 1614 1178 1651 :
1209 1599 1372 1670 igitur
1398 1600 1440 1652 si
1471 1603 1732 1669 angelica
1767 1618 1890 1656 cum

296 1702 394 1756 spe
425 1687 522 1741 Dei
561 1689 771 1742 cultum
803 1702 1198 1759 exsequuntur,
1261 1694 1434 1746 Adam
1486 1711 1702 1763 quoque
1730 1705 1894 1764 atque

303 1776 416 1831 Eva
451 1792 572 1831 cum
621 1781 770 1832 omni
803 1795 900 1834 sua
933 1783 1254 1849 posteritate
1294 1784 1396 1852 legi
1423 1784 1619 1840 divinae
1653 1788 1704 1840 in
1740 1804 1893 1858 para-

311 1868 436 1923 diso
458 1871 562 1924 hac
591 1885 686 1940 spe
709 1872 1040 1940 paruissent,
1074 1874 1445 1943 virtutemque
1496 1881 1884 1943 excoluissent,

317 1960 465 2029 quod
488 1963 604 2016 inde
628 1964 693 2016 ad
722 1965 848 2018 cceli
891 1981 1113 2035 regnum
1135 1977 1319 2022 essent
1338 1969 1622 2024 evehendi.
1647 1969 1890 2025 Ellieitur

309 2065 441 2120 ergo
471 2063 527 2106 at
564 2057 1022 2124 quemadmodum
1055 2059 1250 2126 abjecti
1301 2073 1428 2114 sunt
1477 2062 1530 2114 in
1565 2062 1704 2118 hanc
1738 2065 1891 2118 dete-

298 2145 554 2200 stabilem
590 2157 790 2202 terram
845 2160 1064 2220 propter
1095 2167 1256 2206 suum
1285 2164 1565 2224 peccatum
1607 2157 1890 2228 legemque

297 2234 394 2291 Dei
425 2238 710 2302 violatam,
743 2241 817 2296 ita
845 2242 890 2296 si
931 2243 1063 2313 legis
1115 2244 1470 2303 observantes
1532 2251 1888 2319 mansissent,

292 2325 542 2382 futurum
577 2330 774 2395 fuisse,
811 2344 869 2388 ut
890 2335 1113 2391 caeleste
1146 2350 1375 2407 regnum
1431 2341 1888 2406 conscenderent,

290 2429 462 2488 atque
488 2422 628 2476 inibi
659 2423 716 2477 in
760 2423 971 2480 deliciis
1027 2438 1348 2498 perpetuum
1387 2430 1648 2501 degerent
1685 2449 1886 2490 aevum.

293 2507 424 2564 llaec
457 2511 534 2565 ita
553 2525 682 2568 esse
729 2522 959 2569 testatur
1007 2515 1302 2587 Gregorius
1330 2517 1637 2592 Theologus
1669 2537 1732 2578 ea
1760 2539 1888 2579 ora-

292 2604 445 2658 tione
473 2620 645 2674 quam
679 2607 903 2676 scripsit
934 2609 989 2663 in
1021 2611 1357 2667 Dominicam
1407 2629 1626 2682 novam,
1661 2616 1744 2671 his
1765 2633 1887 2673 ver-

296 2695 382 2751 bis
417 2712 434 2750 :
471 2696 530 2750 Si
561 2700 960 2755 mansissemus
999 2701 1049 2754 id
1111 2705 1256 2773 quod
1308 2719 1550 2770 eramus,
1607 2709 1888 2778 legemque

299 2785 390 2841 Dei
428 2787 911 2856 observassetnus,
942 2791 995 2846 id
1029 2791 1156 2848 facti
1199 2810 1443 2850 essemus
1475 2798 1620 2866 quod
1645 2813 1748 2852 non
1769 2802 1888 2854 fue-

2001 585 2370 653 agnovissent,
2397 586 2626 655 ejusque
2648 589 2961 655 paruissent
2983 590 3173 658 jussis,
3193 600 3246 646 et
3275 593 3442 647 animi
3470 610 3588 648 mn-

1999 674 2227 728 destiam
2268 676 2740 744 bnmilitatemqne
2796 679 3188 747 retinuissent,
3243 698 3583 755 nequaquam

1998 766 2315 820 amisissent
2373 767 2423 821 id
2455 783 2564 837 quo
2622 771 2831 835 praediti
2870 769 3082 826 fuerant
3115 775 3282 829 decus
3315 785 3476 846 atque
3499 793 3588 831 or-

1999 863 2342 910 namentum.
2377 857 2621 927 Denique
2658 858 2913 915 dominus
2937 859 3174 918 Jacobus
3195 862 3583 932 Botuauensis,

1998 948 2248 1001 oratione
2278 949 2345 1002 de
2395 949 2571 1019 ejecto
2601 951 2814 1006 Adamo
2855 963 3010 1008 extra
3072 958 3412 1024 paradisum,
3471 959 3586 1014 haec

1998 1041 2200 1112 scripta
2258 1043 2478 1112 reliquit
2516 1059 2532 1096 :
2578 1042 2906 1100 Condiderat
2949 1045 3088 1102 Deus
3150 1049 3442 1114 Adamum,
3477 1067 3584 1105 nou

1997 1147 2104 1202 quo
2140 1135 2392 1201 paradiso
2413 1135 2662 1204 pelleret,
2697 1137 2790 1192 sed
2824 1146 2882 1190 ut
2921 1139 3235 1207 paradisum
3269 1141 3434 1195 veluti
3460 1143 3586 1212 jure

2000 1224 2344 1279 luereditario
2401 1228 2726 1292 possideret,
2766 1229 2816 1281 in
2859 1243 3034 1298 eoque
3085 1231 3482 1302 dominaretur,
3517 1251 3585 1291 eo

2001 1315 2280 1370 hominem
2314 1317 2563 1382 linxcrat,
2596 1319 2795 1389 quippe
2831 1321 2991 1390 cujus
3025 1323 3198 1392 gratia
3233 1327 3394 1379 etiam
3420 1342 3586 1381 mun-

1998 1409 2124 1459 dum
2169 1407 2348 1475 ipsum
2400 1417 2732 1466 creaverat:
2797 1414 3152 1482 quamobrem
3207 1416 3371 1470 simul
3424 1429 3586 1490 atque

1997 1497 2246 1551 conditus
2297 1508 2402 1566 est,
2465 1500 2706 1555 incolere
2766 1505 3079 1572 paradisum
3132 1510 3321 1578 coepit,
3365 1514 3584 1580 quando

1997 1588 2174 1640 adhuc
2209 1589 2356 1642 nulla
2387 1591 2696 1658 nuptiarum
2732 1595 2937 1648 mentio
2969 1605 3108 1651 erat.
3134 1597 3270 1651 Tum
3299 1616 3422 1653 mox
3453 1603 3585 1656 sub-

1991 1679 2112 1747 jieit
2145 1698 2160 1735 :
2190 1678 2256 1733 Et
2287 1691 2344 1733 ut
2391 1684 2443 1734 in
2473 1685 2748 1750 paradiso,
2788 1685 2861 1738 itn
2890 1689 2941 1739 in
2983 1689 3120 1742 cmlo
3151 1706 3366 1759 quoque
3389 1693 3582 1746 victuri

1996 1784 2151 1826 erant
2188 1773 2240 1826 in
2278 1775 2606 1828 suavissima
2645 1793 2768 1830 cum
2826 1777 2934 1833 Deo
2976 1784 3390 1847 consuetudine,
3422 1795 3584 1854 atque

1994 1859 2366 1918 familiaritate
2386 1906 2402 1927 ,
2425 1874 2530 1918 etc.
2556 1864 3042 1938 Colligituritnque
3064 1887 3126 1924 ex
3163 1872 3244 1926 his
3272 1884 3581 1928 Sanctorum

1991 1955 2209 2009 l’atrum
2239 1966 2399 2024 atque
2422 1947 2770 2024 probatorum
2801 1972 3083 2016 auctorum
3113 1965 3291 2031 dictis,
3316 1966 3581 2021 Adamutn

1989 2057 2042 2102 et
2077 2047 2270 2114 Evam,
2319 2051 2363 2103 si
2394 2051 2632 2105 mandati
2671 2054 2838 2107 divini
2867 2054 3220 2111 observantes
3252 2061 3584 2114 mansissent

1993 2156 2174 2210 neque
2226 2141 2584 2212 deliquissent
2624 2145 2993 2200 sustollendos
3052 2148 3222 2204 fuisse
3255 2151 3306 2203 in
3357 2152 3581 2206 caeleste

1992 2248 2219 2302 regnum
2256 2250 2420 2302 supra
2461 2234 2892 2303 ﬁrmamentum,
2929 2239 3018 2293 ubi
3050 2255 3275 2308 prorsus
3299 2243 3581 2296 immorta-

1989 2323 2140 2378 litate
2171 2326 2376 2391 donati,
2408 2327 2461 2380 in
2490 2329 2818 2397 sempiterna
2838 2330 3411 2402 vixissentvoluptate.
3437 2333 3579 2400 Quin

1992 2415 2096 2469 hcc
2129 2417 2304 2486 ipsum
2339 2417 2535 2472 rationi
2598 2435 2750 2489 teque
2783 2431 2931 2476 certe
2978 2433 3404 2479 consentaneum
3449 2436 3532 2481 est
3561 2442 3578 2491 ;

1990 2520 2046 2562 ut
2074 2509 2218 2562 enim
2279 2520 2500 2579 prepter
2548 2510 2760 2566 violatae
2816 2513 2950 2582 legis
2985 2529 3266 2583 peccatum
3325 2519 3582 2586 paradiso

1989 2600 2254 2654 eliminati
2300 2609 2448 2664 sunt,
2478 2611 2643 2671 atque
2698 2603 2750 2656 in
2783 2605 2924 2658 hanc
2975 2608 3314 2661 maledictam
3364 2609 3573 2664 detrusi

1991 2700 2215 2756 terram,
2247 2694 2318 2745 ita
2352 2694 2397 2746 si
2419 2693 2806 2763 divinisjussis
2827 2690 3379 2766 Obtemperavissent,
3403 2717 3580 2771 eoque

1985 2784 2120 2853 justi
2163 2784 2337 2839 elfecti
2377 2785 2631 2854 fuissent,
2670 2789 2773 2842 hoc
2826 2800 2984 2843 erant
3017 2793 3242 2859 praemio
3267 2794 3574 2859 alliciendi;

297 2893 512 2943 ramus,
548 2895 645 2949 per
670 2896 956 2937 accessum
993 2885 1250 2939 nimirum
1275 2886 1343 2940 ad
1377 2888 1583 2958 lignum
1611 2891 1735 2944 vita:
1765 2900 1886 2959 post

1990 2879 2205 2933 scilicet
2235 2889 2292 2932 ut
2329 2895 2396 2934 ex
2441 2879 2694 2949 paradiso
2729 2883 2782 2935 in
2814 2883 3036 2938 cteleste
3071 2899 3296 2954 regnum
3339 2888 3578 2960 emigra-

291 2972 503 3042 lignum
535 2975 808 3030 scientiae.
869 2976 975 3032 Sed
1003 2978 1131 3048 quid
1165 2978 1291 3034 facti
1321 2981 1342 3034 ἲ
1373 2981 1500 3036 facti
1528 2981 1883 3049 immortales,
1917 2977 1922 2983 ’

290 3077 460 3136 atque
496 3069 570 3120 ad
595 3065 767 3122 Deum
808 3071 1031 3139 propius
1081 3072 1330 3128 admissi.
1366 3072 1700 3132 Pbiloxenus
1751 3093 1890 3147 prae-

294 3168 443 3213 terea
497 3161 752 3217 oratione
806 3163 877 3217 de
926 3168 1394 3236 contemplatione
1453 3169 1584 3238 ligni
1633 3170 1758 3224 vita:
1807 3173 1959 3237 sica

291 3252 489 3306 scribit
517 3265 535 3304 :
581 3251 726 3307 Deus
757 3267 866 3308 non
898 3258 1076 3309 solum
1113 3271 1209 3324 per
1244 3267 1455 3313 natura;
1479 3259 1800 3316 instinctum
1831 3272 1888 3319 et

293 3340 598 3412 Scriptum
650 3348 1028 3403 auctoritatem
1071 3349 1225 3404 ducit
1287 3367 1387 3407 nos
1441 3353 1494 3406 in
1545 3355 1884 3424 agnitionem

291 3437 684 3506 mysteriorum
749 3441 954 3508 crucis,
1008 3441 1103 3496 sed
1144 3458 1242 3513 per
1297 3445 1473 3514 ipsum
1516 3447 1682 3502 etiam
1719 3435 1886 3518 quem

290 3530 581 3583 conseruit
603 3531 940 3596 paradisum,
971 3549 1092 3604 qua:
1123 3536 1293 3602 prima
1333 3535 1438 3591 fuit
1465 3539 1678 3608 generis
1705 3541 1879 3594 nostri

291 3621 580 3675 habitatio.
619 3619 754 3675 Nam
789 3633 846 3678 ut
873 3627 1190 3694 angelorum
1223 3630 1382 3684 sedes
1402 3639 1486 3683 est
1521 3631 1746 3698 cmlum,
1774 3634 1884 3688 da:-

289 3727 521 3768 monum
552 3730 682 3770 vero
735 3725 858 3784 post
906 3719 1146 3788 ipsorum
1200 3735 1390 3776 casum
1452 3738 1548 3778 aer
1585 3726 1886 3794 (nimirum

293 3809 473 3862 medio
497 3809 716 3878 positus
749 3810 928 3881 loco);
965 3812 1185 3883 insuper
1215 3815 1577 3870 animantium
1598 3817 1882 3873 brutorum

299 3908 356 3952 et
389 3901 673 3955 hominum
706 3914 828 3972 post
857 3906 1114 3959 violatam
1148 3907 1345 3977 legem,
1375 3908 1490 3963 haec
1525 3919 1666 3963 terra
1693 3910 1746 3963 in
1773 3925 1881 3979 qua

299 4007 442 4047 tiune
495 4009 824 4062 versamur;
891 3997 1126 4067 denique
1181 3999 1410 4066 piscium
1477 4008 1536 4054 et
1577 4003 1878 4055 natatilium

288 4085 541 4138 omnium
587 4101 778 4156 aquae;
817 4098 1090 4155 postremo
1125 4091 1319 4144 animae
1377 4106 1580 4160 corpus
1631 4092 1685 4145 in
1735 4095 1881 4160 quod

287 4177 532 4245 primum
563 4188 652 4233 est
682 4180 978 4248 inspirata:
1016 4181 1096 4236 sic
1121 4198 1338 4252 quoque
1368 4183 1674 4240 destinatus
1704 4185 1882 4241 fuerat

285 4265 588 4332 paradisus
640 4275 700 4320 ut
741 4278 887 4323 esset
933 4270 1240 4335 hominum,
1292 4273 1608 4344 priusquam
1661 4291 1882 4345 peccas.-

285 4367 432 4421 sent,
493 4357 859 4414 domicilium.
919 4362 1054 4416 Cum
1111 4378 1277 4432 porro
1340 4367 1398 4420 in
1436 4382 1504 4421 eo
1541 4367 1664 4423 leve
1716 4381 1880 4439 atque

286 4448 590 4504 observata
631 4451 789 4506 facile
826 4455 1141 4509 mandatum
1174 4459 1476 4527 accepisset
1536 4459 1796 4526 Adamus,
1831 4462 1878 4516 si

1991 2980 2131 3033 rent,
2151 2986 2259 3041 quo
2296 2972 2424 3026 inde
2462 2973 2536 3026 ab
2559 2973 2691 3027 olbe
2713 2975 2934 3029 condito
2955 2976 3085 3045 ipsis
3111 2978 3287 3032 fuerat
3305 2989 3574 3049 paratum,

1991 3069 2050 3114 ut
2075 3063 2150 3116 ait
2181 3061 2465 3127 Dominus,
2519 3064 2585 3117 ad
2620 3067 2750 3120 Adae
2779 3074 2834 3120 et
2883 3064 3010 3122 Erae
3039 3071 3435 3138 posteritatem.

2540 3155 2770 3211 CAPUT
2835 3158 3023 3213 XXIII.

2063 3246 2326 3313 Quanditt
2379 3251 2432 3302 in
2467 3250 2724 3319 paradiso
2773 3253 3097 3308 mansissent
3136 3256 3450 3324 priusquam
3508 3261 3577 3312 ad

1987 3342 2192 3396 calcate
2225 3358 2438 3411 regnum
2468 3345 2781 3398 traducendi
2811 3347 3066 3415 fuissent,
3098 3352 3144 3403 si
3174 3367 3276 3405 non
3311 3353 3576 3424 deliquis-

1986 3445 2100 3488 aeut
2120 3434 2281 3502 primi
2310 3448 2575 3503 parentes.
2609 3466 2682 3476 —
2731 3436 2834 3492 Sed
2865 3442 2977 3508 jam
3037 3447 3273 3511 quaestio
3297 3449 3475 3502 oritur
3509 3451 3579 3504 de

1997 3527 2255 3594 temporis
2279 3530 2456 3596 spatio
2489 3532 2809 3600 quantisper
2842 3534 3052 3588 scilicet
3077 3536 3130 3588 in
3160 3538 3414 3605 paradiso
3445 3539 3580 3598 fuis-

1989 3627 2111 3671 sent
2133 3623 2529 3675 commoraturi
2561 3622 2723 3690 primi
2756 3626 2928 3678 nostri
2968 3638 3246 3695 parentes,
3280 3640 3572 3702 antequam

1985 3711 2052 3762 ad
2115 3711 2338 3766 cmleste
2402 3728 2627 3782 regnum
2683 3715 3081 3784 etnigrassent,
3143 3719 3188 3773 si
3264 3725 3577 3790 paruissent

1986 3799 2184 3854 divina:
2217 3801 2340 3871 legi.
2371 3801 2659 3872 Tantisper
2683 3819 2816 3858 sane
2868 3807 2996 3859 dum
3060 3822 3161 3876 pro
3193 3809 3377 3866 divina
3406 3813 3574 3868 bene-

1984 3893 2220 3947 dictione
2262 3909 2278 3948 :
2338 3892 2570 3950 Crescite
2627 3906 2674 3951 et
2712 3898 3177 3968 multiplicamini,
3220 3905 3362 3958 aucti
3425 3907 3574 3975 prole

1985 3993 2148 4053 atque
2210 3986 2547 4055 multiplicati
2607 3989 2856 4044 homines
2915 4007 3204 4047 numerum
3265 4009 3574 4065 :equassent

1986 4075 2200 4132 Satanae
2256 4088 2308 4130 et
2377 4093 2566 4132 earum
2619 4081 2900 4149 c0piarnm
2953 4097 3074 4151 qua:
3129 4099 3252 4138 cum
3302 4086 3418 4157 ipso
3474 4104 3572 4144 ex-

1982 4171 2226 4225 ciderant
2255 4173 2413 4226 endo.
2461 4174 2536 4226 Eo
2583 4175 2728 4227 enim
2764 4191 2996 4230 numero
3051 4179 3287 4246 expleto,
3322 4183 3412 4250 qui
3470 4199 3570 4236 nu-

1983 4279 2169 4319 merus
2214 4265 2268 4318 in
2320 4263 2415 4318 Dei
2450 4265 2760 4336 cognitione
2793 4266 2901 4322 fuit
2951 4269 3226 4336 deﬁnitus,
3277 4276 3572 4344 elapsoque

1977 4356 2091 4426 jam
2145 4363 2259 4410 tum
2300 4355 2452 4426 justo
2505 4367 2791 4427 tempore;
2848 4359 3200 4415 traducturus
3255 4372 3374 4417 erat
3421 4363 3571 4435 ipsos

1983 4447 2128 4504 Deus
2160 4449 2212 4502 in
2244 4464 2472 4521 regnum
2503 4449 2749 4506 cmleste.
2797 4451 2928 4520 Ejus
2958 4452 3104 4508 enim
3140 4453 3426 4531 reipgratia
3461 4466 3568 4513 tam

286 4543 378 4596 cui
426 4545 724 4613 paruisset,
750 4546 804 4599 in
833 4547 1034 4601 emittm
1069 4547 1216 4604 illinc
1249 4525 1562 4607 evehendus
1593 4561 1712 4608 erat
1743 4570 1758 4607 :
1786 4525 1878 4608 illo
1912 4525 1954 4580 D
1984 4540 2304 4610 ⁸Ρ²ιί⁰ε¹³¹ην
2329 4543 2594 4612 amplum:
2618 4556 2872 4612 capacem
2896 4544 3211 4600 condiderat
3232 4526 3568 4616 βπδάίευιιιο

286 4645 510 4705 spreto,
571 4635 778 4706 Deique
825 4640 1070 4710 neglecto
1098 4641 1288 4706 verbo,
1354 4657 1464 4699 non
1511 4647 1671 4701 modo
1704 4647 1882 4700 caruit

286 4729 454 4793 ecelo,
481 4729 627 4796 quod
653 4730 760 4785 sibi
787 4731 994 4800 alioqui
1025 4747 1148 4787 cum
1180 4735 1524 4804 incorporeis
1546 4735 1654 4793 illis
1706 4739 1880 4807 copiis

291 4833 591 4874 commune
628 4818 875 4876 futurum
923 4821 1150 4889 luisset;
1183 4838 1368 4879 verum
1409 4826 1578 4880 etiam
1597 4829 1876 4896 paradiso,

295 4908 396 4977 qui
425 4911 631 4966 medius
661 4923 780 4966 erat
811 4912 984 4978 locus,
1016 4929 1114 4983 per
1147 4915 1501 4984 ignominiam
1529 4917 1770 4986 deiectus
1790 4927 1873 4974 est

299 4997 356 5054 in
384 5000 520 5057 banc
546 5012 750 5058 terram
808 5016 1030 5074 peccato
1078 5007 1396 5074 obnoxiam,
1448 5015 1507 5062 ut
1539 5007 1595 5062 in
1629 5023 1693 5064 ea
1749 5025 1873 5064 cuin

291 5094 471 5150 brutis
541 5097 848 5166 pecudibus
916 5107 1248 5154 versaretur.
1299 5100 1567 5156 Praeterea
1623 5101 1876 5158 dominus

291 5184 533 5244 luntres
550 5188 799 5243 oratione
828 5200 1018 5245 contra
1049 5206 1146 5246 eos
1171 5192 1264 5262 qui
1299 5191 1559 5247 mundum
1583 5193 1875 5264 gubernari

293 5292 322 5331 a
347 5279 692 5335 daemonibus
719 5291 930 5349 putant,
966 5282 1227 5351 scriptum
1255 5283 1472 5353 reliquit
1497 5285 1553 5338 in
1582 5287 1718 5340 banc
1741 5300 1868 5339 sen-

288 5371 518 5424 tentiam
543 5387 559 5423 :
595 5368 652 5424 Si
676 5372 982 5440 ejiciendus
1011 5383 1128 5426 erat
1157 5373 1328 5427 Adam
1358 5375 1427 5431 de
1474 5375 1751 5443 paradiso,
1775 5389 1874 5429 cur

287 5463 352 5516 ab
379 5463 546 5516 initio
579 5462 807 5519 donatos
830 5475 911 5518 est
941 5478 969 5517 a
1014 5463 1122 5519 Deo
1164 5465 1462 5532 paradiso?
1488 5475 1674 5520 nostra
1727 5475 1872 5520 certe

287 5569 456 5610 causa
485 5557 599 5609 haec
636 5555 709 5611 ita
761 5558 982 5610 evenire
1027 5557 1330 5624 oportebat.
1356 5555 1490 5610 Nam
1523 5556 1567 5610 si
1596 5558 1758 5626 primi
1791 5558 1867 5612 illi

256 5747 264 5757 ’
360 5765 475 5835 (10)
507 5765 676 5820 Caute
735 5767 849 5836 lege
886 5783 900 5819 :
963 5766 1098 5821 nihil
1153 5769 1298 5822 enim
1327 5767 1534 5838 prtemii
1567 5768 1875 5823 essentialis

291 5839 502 5906 angelis
527 5839 750 5892 obvertit
798 5849 889 5896 aut
924 5848 1202 5896 accrescet
1245 5847 1371 5908 post
1416 5839 1724 5910 generalem
1766 5840 1869 5893 lio-

1986 4638 2047 4684 ut
2076 4632 2347 4686 universa:
2375 4634 2682 4701 posteritati
2715 4634 2844 4688 Adae
2881 4636 3018 4690 satis
3055 4636 3108 4690 in
3151 4636 3270 4706 ipso
3295 4647 3440 4694 esset
3463 4641 3567 4696 loci

1989 4721 2055 4776 ad
2087 4723 2434 4778 morandum.
2467 4724 2524 4778 In
2554 4725 2654 4779 hac
2701 4727 2864 4781 etiam
2918 4729 3186 4781 sententia
3225 4739 3310 4784 est
3357 4729 3568 4800 Grego-

1981 4815 2097 4870 rius
2119 4811 2430 4886 Tlieologus
2456 4816 2585 4868 dum
2645 4816 2723 4870 ait
2761 4816 3026 4872 mundum
3067 4819 3428 4888 superiorem,
3475 4837 3569 4876 ex-

1981 4907 2116 4977 pleri
2137 4909 2369 4970 debere;
2391 4918 2544 4964 vocat
2577 4909 2722 4964 enim
2745 4909 3009 4964 mundum
3037 4910 3396 4980 superiorem,
3421 4911 3567 4983 ipsas

1983 5000 2234 5056 caelestes
2260 5001 2465 5070 copias,
2495 5015 2724 5068 quarum
2754 5016 3042 5056 numerum
3062 5041 3079 5068 ,
3112 5003 3307 5057 diaboli
3359 5013 3414 5061 et
3444 5004 3567 5075 ejus

1985 5091 2264 5146 sociorum
2318 5107 2451 5148 casu
2489 5092 2842 5158 diminutum,
2892 5105 3082 5148 censet
3145 5095 3564 5152 instaurandum

1987 5199 2110 5238 esse
2163 5192 2329 5254 atque
2352 5184 2736 5254 supplendum,
2771 5184 2960 5240 ascitis
2995 5185 3216 5240 totidem
3253 5187 3306 5240 in
3346 5189 3563 5244 illorum

1983 5275 2076 5346 qui
2108 5276 2356 5332 excidere
2405 5277 2624 5342 locum;
2658 5277 2764 5332 hoc
2794 5285 2900 5340 est,
2945 5280 3211 5335 traductis
3248 5280 3301 5333 in
3341 5281 3562 5336 caeleste

1981 5383 2208 5438 regnum
2263 5367 2597 5423 hominibus.
2659 5367 2952 5437 Gregorius
2996 5386 3216 5441 quoque
3271 5371 3560 5441 Nysszenns

1981 5460 2392 5516 Commentario
2416 5462 2484 5516 de
2524 5463 2924 5532 compositione
2977 5464 3238 5524 hominis.
3267 5466 3428 5535 capit.
3472 5465 3557 5530 18,

1979 5555 2044 5608 ad
2069 5555 2214 5609 hunc
2241 5555 2462 5608 modum
2493 5555 2681 5609 scribit
2709 5571 2726 5610 ε
2758 5553 2863 5610 Sed
2928 5557 3124 5611 modus
3159 5556 3247 5610 ille
3297 5556 3562 5623 multipli-

1988 5767 2198 5821 minum
2254 5767 2734 5828 resurrectionem,
2789 5765 2898 5821 nisi
2958 5773 3167 5818 tantum
3222 5763 3560 5821 accidentnle

1981 5836 2114 5893 Vide
2165 5838 2378 5893 Sixtum
2416 5840 2510 5893 lib.
2551 5853 2600 5906 v,
2636 5835 2910 5904 Biblioth.,
2954 5846 3138 5890 auuol.
3185 5834 3303 5889 126.
