4086 6392
544 326 651 389 515

1833 325 2064 386 MOSIS
2107 325 2258 383 ΒΑΗ
2297 323 2389 382 CE
2399 323 2545 382 PIIA

3729 326 3836 392 516

537 437 696 492 candi
726 437 906 507 quiin
933 437 1250 506 angelorum
1285 447 1480 490 natura
1513 446 1618 500 est,
1648 436 1700 489 in
1734 435 1800 490 iis
1840 437 2006 490 etiam
2034 436 2129 504 qui
2161 443 2205 498 Α
2235 435 2329 489 sed
2348 432 2490 489 idem
2511 433 3257 503 illemodusquoangelorum
3276 442 3467 488 natura
3485 435 3836 506 multipueata

542 531 766 600 paulum
795 529 1048 583 diminnti
1101 537 1228 584 sunt
1249 531 1315 582 ab
1359 529 1720 598 angelis(hoc
1774 537 1892 593 est,
1944 528 1996 581 in
2031 529 2128 581 ho-

546 622 809 692 minibus)
833 624 974 676 viain
1009 638 1165 676 suam
1181 623 1511 676 exercuisset
1553 622 1619 676 ad
1657 619 2130 689 multiplicandum

545 730 719 782 genus
779 715 1079 768 humanum
1121 729 1291 783 usque
1332 715 1398 767 ad
1430 713 1712 767 definitum
1747 711 1967 782 Opiticis
2002 727 2136 765 eon-

543 809 667 862 silio
699 823 1009 862 numerum.

1107 919 1334 974 CAPUT
1369 918 1565 975 XXIV.

617 1039 881 1091 Adamum
904 1047 948 1090 et
979 1035 1146 1089 Evam
1181 1052 1282 1089 non
1315 1037 1452 1088 solos
1487 1035 1540 1087 in
1569 1034 1823 1104 paradiso
1855 1048 2135 1087 mansuros

545 1130 838 1198 fuisse,sed
874 1129 1049 1184 sobole
1081 1128 1249 1181 multa
1275 1127 1564 1198 augendos,
1588 1128 1634 1180 si
1673 1127 1985 1180 mandatum
2038 1126 2136 1179 Dei

543 1236 646 1273 non
666 1218 1234 1274 violassent.—Solent
1253 1233 1415 1288 porro
1433 1217 1536 1272 hoc
1557 1218 1720 1272 etiam
1739 1233 1979 1288 quazrere
1999 1217 2134 1288 (ll),

541 1312 634 1381 qui
702 1328 880 1366 rerum
945 1311 1450 1380 cognoscendarum
1512 1311 1788 1364 desiderio
1843 1319 2132 1374 tenentur;

540 1404 774 1457 fuissent
811 1417 878 1456 ne
913 1402 1074 1471 primi
1125 1411 1378 1471 parentes
1415 1401 1514 1456 soli
1575 1402 1627 1455 in
1667 1402 1921 1472 paradiso
1953 1416 2136 1455 mora-

547 1495 677 1556 turi,
709 1496 755 1549 si
811 1497 980 1561 legem
1019 1495 1446 1558 observassent;
1497 1510 1564 1548 an
1599 1510 1729 1548 vero
1774 1495 1960 1549 sobole
2010 1510 2137 1564 pro-

539 1597 718 1641 creata
774 1589 1135 1641 nihilominus
1194 1588 1502 1642 crevissent
1564 1604 1794 1642 numero
1861 1587 2133 1642 homines.

541 1682 750 1746 Quibus
764 1698 1088 1751 responsum
1115 1684 1366 1736 volumus
1385 1692 1764 1750 generaturos,
1787 1681 2138 1747 maximoque

540 1788 771 1828 numero
821 1773 1260 1844 mnltiplieandos
1309 1773 1522 1827 fuisse:
1579 1774 1743 1841 idque
1789 1771 1871 1824 vel
1914 1786 1980 1824 ex
2020 1769 2134 1839 ipsa
2166 1802 2210 1860 Β

540 1867 917 1920 benedictione
978 1882 1083 1932 qua
1139 1865 1288 1934 ipsos
1351 1874 1676 1934 prosecutus
1729 1854 1910 1917 fuerat
1990 1859 2136 1917 Deus

539 1968 819 2022 constare,
854 1973 979 2012 cum
1027 1957 1273 2012 diceret:
1308 1956 1539 2012 Crescite
1573 1966 1622 2010 et
1682 1954 2133 2025 multiplicamini,

543 2059 844 2120 terramque
879 2049 1072 2120 replete
1113 2059 1163 2103 et
1212 2067 1328 2104 eam
1361 2049 1606 2119 subigite.
1657 2048 1733 2104 Ea
1767 2051 1913 2104 enim
1971 2048 2138 2104 verba

541 2155 668 2197 cuin'
704 2143 867 2198 simul
898 2160 1020 2198 cum
1057 2142 1234 2198 fausta
1270 2145 1590 2212 precatione
1650 2143 1973 2198 mandatum
2006 2159 2139 2198 con-

545 2233 790 2298 tineant;
821 2231 944 2300 quis
982 2220 1242 2298 ambigat.
1275 2232 1408 2302 quin
1466 2232 1559 2287 Dei
1614 2242 1668 2286 ct
1721 2233 2036 2302 apprecatio
2084 2241 2139 2288 et

548 2325 863 2376 mandatum
915 2339 1142 2394 prorsus
1180 2326 1487 2394 praestanda
1543 2325 1793 2380 fuerint?
1839 2325 2140 2381 Conﬁcitur

546 2415 771 2483 itaque,
839 2415 1111 2470 Adamum
1173 2426 1227 2471 et
1281 2416 1447 2471 Evam
1503 2417 1746 2472 sobolem
1787 2431 2138 2472 numerosam

545 2520 938 2576 propagaturos
978 2510 1189 2572 fuisse;
1239 2525 1414 2581 neque
1460 2513 1608 2567 solus
1661 2511 1786 2566 illos
1824 2509 2136 2582 paradisum

549 2602 908 2667 habitaturus,
943 2605 985 2657 si
1015 2603 1335 2658 obedientes
1369 2605 1724 2658 mansissent.

1096 2717 1329 2775 CAPUT
1402 2719 1574 2805 XXIV.

615 2835 906 2900 Caeterum,
931 2836 1076 2905 quod
1103 2837 1274 2905 quaeri
1301 2836 1458 2903 solet,
1481 2851 1576 2906 per
1594 2835 1969 2892 Venereumne
1992 2852 2142 2891 com-

545 2928 765 2998 plexum
831 2942 1054 2998 Operam
1092 2929 1279 2984 liberis
1335 2929 1622 3000 gignendis
1675 2929 1854 2984 daturi
1912 2929 2142 2985 fuissent

549 3021 798 3075 homines
839 3019 890 3072 in
923 3021 1203 3089 paradiso,
1234 3035 1302 3074 an
1355 3023 1564 3091 absque
1599 3023 1804 3093 nuptiis
1836 3041 1851 3078 :
1879 3023 2136 3090 dicimus,

2238 538 2323 584 est
2372 529 2424 581 in
2466 530 2704 582 lmmano
2763 544 2959 597 genere
2999 528 3142 596 quod
3197 527 3488 582 Paululum
3531 531 3594 582 ab
3637 533 3839 602 angelis

2239 621 2500 674 minutum
2535 621 2694 684 est",
2719 621 2905 675 ellirax
2947 620 3160 683 fuisset,
3186 633 3243 674 ut
3275 622 3342 674 ad
3364 637 3488 676 eum
3518 635 3842 692 augesceret

2239 728 2528 768 numerum
2546 714 2639 782 qui
2670 713 2766 767 Dei
2794 714 3024 770 consilio
3044 714 3302 768 definitus
3326 723 3463 768 erat.
3485 715 3636 780 Quod
3657 717 3844 786 siquis

2239 823 2369 860 vero
2394 817 2603 876 quaerat
2641 807 3100 876 procreandarum
3137 807 3444 862 animarum
3480 809 3689 878 absque
3733 826 3842 864 nu-

2240 899 2367 968 ptiis
2393 901 2659 952 rationem
2703 899 3037 969 modumque
3063 939 3078 962 ,
3112 899 3159 954 is
3193 899 3428 954 vicissim
3476 900 3631 953 nobis
3669 898 3843 962 dicat,

2239 1007 2351 1061 quo
2386 990 2691 1046 subsistant
2723 993 2884 1046 modo
2918 991 3117 1059 angeli,
3153 991 3234 1046 sic
3259 991 3401 1046 enim
3434 991 3688 1047 homines
3721 991 3845 1046 sine

2240 1086 2525 1155 complexu
2564 1085 2796 1140 fuissent
2822 1085 3163 1154 multiplicati
3192 1093 3248 1138 ut
3274 1085 3478 1156 angeli.
3513 1085 3659 1140 Idem
3686 1084 3839 1154 Nys-

2240 1193 2403 1241 smus.
2435 1195 2555 1248 cap.
2595 1179 2680 1233 14.
2713 1180 2831 1249 ejus
2890 1179 3095 1247 operis,
3153 1179 3234 1233 sic
3283 1179 3444 1233 habet
3483 1198 3495 1233 :
3540 1178 3598 1232 Si
3635 1194 3723 1233 me
3756 1178 3845 1232 in-

2241 1274 2628 1341 terrogaveris,
2669 1273 2763 1342 qui
2818 1273 3128 1341 potuissent
3177 1281 3258 1326 tot
3317 1273 3602 1326 hominum
3666 1272 3844 1328 millia

2243 1367 2541 1433 procreari,
2575 1367 2619 1420 si
2669 1367 2995 1422 concubitus
3037 1367 3223 1421 nullus
3279 1366 3497 1431 fuisset,
3560 1381 3663 1438 ego
3719 1383 3844 1439 mu-

2243 1472 2392 1514 tuum
2425 1475 2491 1513 ex
2529 1469 2581 1514 te
2627 1469 2830 1529 petam,
2869 1460 2960 1528 qui
3016 1462 3086 1516 sit
3145 1473 3442 1532 prognatus
3481 1463 3678 1529 Adam,
3745 1465 3842 1534 qui

2241 1551 2374 1616 Eva,
2400 1554 2622 1623 quando
2651 1556 2812 1608 nullae
2833 1553 3203 1609 intervenerat
3232 1555 3463 1624 nuptize!
3495 1555 3636 1622 Quid
3666 1555 3843 1627 ergo?

2241 1649 2306 1702 ad
2333 1663 2534 1702 eumne
2569 1649 2820 1714 modum,
2855 1664 2968 1716 quo
3005 1648 3078 1702 illi
3131 1659 3254 1704 sunt
3307 1647 3511 1716 eﬂ‘ecti,
3570 1651 3840 1704 nascituri

2241 1748 2399 1794 erant
2459 1740 2719 1809 deinceps
2764 1755 2957 1794 omnes
3008 1737 3321 1794 mortales?
3380 1739 3522 1794 Sane
3572 1740 3844 1809 genitura:

2242 1833 2440 1887 modus
2471 1833 2668 1886 talisne
2702 1847 2770 1885 an
2823 1831 2960 1886 alius
2995 1830 3157 1886 fuerit
3192 1831 3430 1893 futurus,
3467 1830 3518 1885 id
3554 1833 3667 1900 jam
3702 1834 3840 1886 mihi

2243 1937 2350 1976 non
2387 1931 2471 1976 est
2509 1922 2890 1991 explicandum
2929 1941 2942 1976 :
2999 1925 3100 1976 hoc
3150 1923 3293 1976 enim
3334 1921 3496 1977 modo
3549 1922 3837 1992 quatitur,

2243 2018 2594 2070 connubione
2628 2031 2767 2085 Opus
2822 2015 3018 2070 fuisset
3070 2015 3178 2070 Deo
3211 2016 3279 2070 ad
3330 2016 3630 2070 humanum
3661 2031 3836 2084 genus

2242 2109 2719 2177 tnultiplieandum
2781 2113 2834 2162 in
2888 2109 3071 2173 terris,
3129 2124 3198 2162 an
3250 2108 3500 2164 tninime.
3560 2108 3830 2162 l‘lactenus

2149 2221 2156 2226 θ
2240 2214 2306 2254 ex
2342 2199 2590 2269 Nyssaao.
2629 2199 2734 2253 Sed
2781 2209 2838 2254 et
2886 2199 3145 2254 dominus
3169 2196 3408 2253 Jacobus
3438 2200 3506 2255 de
3553 2198 3778 2254 Botuam
3815 2216 3834 2254 :

2243 2291 2318 2348 Et
2353 2293 2556 2362 quibus
2583 2293 2808 2364 (inquit)
2837 2308 3023 2362 quaeso
3060 2294 3271 2360 nuptiis
3306 2292 3488 2349 editus
3519 2302 3602 2347 est
3628 2294 3842 2348 Adam?

2242 2401 2381 2455 quos
2413 2401 2610 2456 passus
2649 2387 2764 2454 ipse
2796 2385 3015 2442 dolores
3066 2397 3123 2440 ut
3156 2385 3322 2440 Evam
3359 2387 3615 2456 pareret?
3643 2385 3842 2442 Millies

2243 2479 2563 2550 angelorum
2621 2479 2794 2532 millia
2852 2487 3002 2534 stant
3051 2494 3238 2533 coram
3301 2478 3434 2545 Deo,
3491 2494 3593 2534 nec
3654 2489 3842 2535 tamen

2243 2588 2433 2628 eorum
2486 2573 2636 2628 ullus
2674 2582 2829 2628 uti-ro
2869 2581 3136 2640 gestatus,
3166 2580 3262 2627 aut
3307 2571 3528 2642 gravida
3561 2573 3686 2627 alvo
3713 2589 3843 2628 cum

2245 2665 2531 2721 doloribus
2574 2666 2629 2719 in
2665 2665 2844 2719 lucem
2901 2665 3084 2718 editus
3114 2674 3242 2719 est:
3282 2666 3457 2718 multo
3486 2679 3618 2734 ergo
3665 2663 3846 2735 magis

2245 2756 2673 2811 existimandum
2729 2766 2812 2812 est
2854 2756 3104 2827 opificem
3134 2755 3303 2810 Deum
3338 2757 3590 2811 homines
3630 2759 3846 2826 absque

2244 2852 2452 2919 nuptiis
2498 2862 2918 2922 procreaturum
2954 2851 3155 2918 fuisse,
3191 2853 3333 2906 sicut
3365 2851 3574 2920 primos
3621 2866 3848 2920 quoque

2247 2945 2368 2999 illos
2403 2955 2681 3014 parentes,
2729 2960 2758 2999 e
2789 2946 2992 3011 quibus
3041 2945 3296 3000 universa
3330 2943 3445 3000 hac
3488 2944 3706 3014 generis
3749 2945 3847 2996 hu-

2247 3038 2394 3092 mani
2451 3039 2744 3106 posteritas
2775 3048 2901 3092 nata
2935 3046 3042 3103 est,
3092 3038 3424 3107 procreavit.
3459 3035 3527 3089 Et
3566 3036 3734 3105 paulo
3769 3037 3845 3090 in—

548 3125 609 3167 υι
644 3116 759 3229 illia
812 3124 1017 3229 ιιοξιτθο
1039 3124 1233 3170 natura
1297 3130 1504 3170 arcano
1569 3117 1869 3172 conditoris
1922 3118 2010 3172 Slli
2045 3117 2137 3173 Dei
2165 3166 2211 3229 C
2247 3127 2420 3184 ferius
2449 3145 2464 3182 :
2498 3127 2639 3194 Quid
2669 3145 2822 3199 ergo,
2866 3130 3038 3183 dicito
3071 3129 3224 3193 mihi,
3259 3128 3576 3184 Abrahamo
3633 3127 3844 3196 profuit

549 3207 779 3260 consilio
828 3207 963 3262 scite
994 3207 1345 3275 fecundatur,
1400 3222 1652 3279 augetur,
1696 3211 2137 3281 multiplicatur;

547 3300 622 3351 ita
656 3300 974 3354 universum
1011 3314 1233 3369 quoque
1274 3301 1575 3355 humanum
1617 3317 1790 3371 genus
1840 3301 2141 3357 fecundan-

547 3391 702 3455 dum,
734 3393 1067 3462 augendum,
1102 3395 1579 3464 multiplicandum
1613 3396 1805 3462 fuisse,
1830 3407 1888 3452 et
1915 3398 2136 3468 quidem

548 3483 761 3552 absque
808 3485 1128 3539 concubitu.
1157 3484 1292 3540 Nam
1320 3496 1374 3540 et
1413 3487 1590 3558 angeli
1642 3490 1798 3544 inulti
1844 3501 2141 3548 evaserunt

546 3578 790 3647 quidem,
824 3578 918 3632 sed
951 3579 1162 3647 absque
1218 3580 1444 3650 nuptiis,
1484 3591 1540 3636 et
1577 3583 1751 3636 Adam
1807 3594 1970 3653 atque
2027 3584 2138 3642 Eva

547 3670 665 3724 sine
708 3670 914 3725 Venere
954 3671 1068 3725 nati
1114 3670 1362 3738 fuerant;
1395 3674 1461 3728 ad
1519 3673 1646 3737 hoc,
1689 3677 1851 3730 etiam
1884 3693 2032 3733 nunc
2060 3679 2141 3732 vi-

544 3763 674 3818 dere
704 3773 788 3818 est
828 3765 998 3819 multa
1029 3765 1352 3820 animalium
1389 3782 1586 3836 genera
1616 3769 1826 3840 absque
1847 3772 1991 3826 coitu
2025 3788 2142 3842 pro-

545 3857 754 3924 pagari,
774 3860 934 3926 quale
958 3866 1042 3912 est
1060 3860 1325 3914 vermium
1346 3877 1542 3932 genus,
1571 3871 1621 3917 et
1645 3863 1906 3930 culicum,
1925 3866 2142 3936 aliaque

544 3949 847 4016 complura.
882 3949 1034 4005 lianc
1067 3955 1394 4009 sententiain
1442 3957 1708 4025 approbat
1741 3973 1961 4026 quoque
1994 3959 2141 4014 Gre-

545 4043 731 4110 gorius
768 4041 1046 4114 Nyssaeus,
1071 4046 1496 4102 Commentariis
1517 4049 1585 4102 de
1607 4049 1847 4105 hominis
1865 4052 2142 4121 composi-

549 4133 718 4197 tione,
747 4135 912 4203 capit.
946 4133 1034 4200 18,
1061 4136 1321 4206 inquiens
1355 4153 1371 4193 :
1401 4138 1569 4193 Aiunt
1615 4140 1860 4209 quidam,
1894 4143 1939 4195 si
1961 4142 2142 4196 nullus

549 4228 821 4281 fuissetiu
849 4228 1106 4297 paradiso
1152 4230 1496 4300 complexus,
1525 4231 1798 4289 humanas
1842 4237 2056 4292 animas
2087 4237 2144 4291 in

550 4336 749 4392 magno
781 4338 1007 4378 numero
1027 4325 1240 4380 futuras
1271 4340 1379 4380 non
1411 4325 1602 4382 fuisse.
1629 4326 1737 4383 Nos
1759 4345 1887 4385 vero
1909 4331 2144 4388 dicimus

548 4411 826 4466 hominem
858 4425 986 4469 ante
1031 4429 1312 4485 peccatum
1373 4417 1676 4473 admissum
1717 4422 2140 4493 ]uasiangelum

2247 3236 2314 3276 ne
2362 3222 2694 3276 concubitus
2728 3225 2795 3276 ad
2833 3223 3237 3290 procreandam
3277 3222 3574 3277 sobolem?
3614 3221 3839 3276 Minime

2243 3329 2422 3369 sane:
2457 3316 2660 3384 quippe
2716 3315 2811 3384 qui
2866 3323 2945 3370 tot
2997 3317 3160 3371 annis
3191 3331 3414 3385 Operam
3465 3315 3672 3372 frustra
3710 3316 3839 3371 huic

2243 3408 2522 3472 dedisset,
2559 3408 2710 3464 hisce
2737 3410 2880 3479 apud
2925 3411 3094 3465 Deum
3145 3411 3331 3465 verbis
3361 3411 3523 3464 etiam
3556 3422 3672 3464 tum
3707 3426 3844 3468 usus

2243 3510 2329 3555 est
2362 3518 2375 3554 :
2409 3499 2655 3568 Domine,
2694 3502 2820 3571 quid
2844 3503 2973 3556 mihi
3006 3503 3234 3557 daturus
3260 3520 3312 3557 es
3343 3504 3434 3573 qui
3452 3503 3629 3557 liberis
3649 3505 3848 3560 careo?

2243 3591 2412 3664 Igitur
2439 3605 2499 3647 ut
2542 3601 2675 3648 tunc
2721 3609 2786 3649 ex
2821 3606 3040 3652 mortuo
3070 3595 3217 3652 elleti
3249 3598 3401 3652 senis
3435 3597 3581 3650 illius
3605 3611 3846 3663 corpore

2243 3687 2415 3740 edidit
2445 3685 2592 3742 Deus
2626 3699 2737 3742 tam
2767 3689 2937 3742 multa
2973 3690 3255 3744 hominum
3294 3691 3464 3744 milli-i
3490 3707 3503 3744 :
3527 3691 3595 3744 ita
3628 3691 3673 3742 si
3705 3691 3843 3745 inde

2246 3779 2316 3832 ab
2377 3779 2538 3833 initio
2604 3779 2700 3835 Dei
2763 3781 3050 3852 praeceptis
3127 3785 3537 3850 acquievissent
3591 3781 3842 3837 Adamus

2247 3887 2497 3943 uxorque
2526 3872 2658 3940 Eva,
2693 3884 2859 3944 atque
2903 3876 2970 3929 ah
3000 3879 3198 3932 arbore
3227 3877 3532 3947 appetenda
3572 3893 3630 3933 se
3669 3878 3852 3932 absti-

2245 3967 2527 4030 nuissent;
2584 3983 2692 4022 non
2744 3970 3010 4026 defuisset
3065 3970 3174 4026 Deo
3237 3971 3564 4028 fecundandi
3625 3973 3854 4040 generis

2247 4055 2472 4110 humani
2541 4059 2702 4113 ratio.
2763 4059 3069 4114 Conficitur
3115 4075 3248 4130 ergo
3279 4063 3446 4117 exiis
3486 4078 3610 4131 quae
3661 4061 3856 4116 adhuc

2246 4149 2390 4204 dicta
2424 4159 2576 4211 sunt,
2603 4151 2857 4207 homines
2918 4152 2971 4205 in
3010 4155 3267 4221 paradiso
3323 4153 3699 4223 absqnegullo
3753 4171 3858 4208 nn-

2255 4241 2418 4312 ptiali
2457 4242 2743 4313 complexu
2780 4244 2959 4314 reipsa
2995 4244 3356 4301 fetilicaturos
3394 4247 3600 4313 fuisse,
3635 4253 3735 4302 sed
3791 4262 3856 4303 eo

2247 4335 2412 4392 modo
2449 4351 2616 4405 quem
2648 4335 2803 4391 solus
2844 4337 3029 4406 Opifex
3065 4338 3207 4393 Deus
3239 4339 3414 4394 novit.

2808 4427 2990 4482 CAPU
3003 4427 3046 4483 Τ
3096 4428 3190 4482 XX
3203 4428 3290 4484 Vl.

551 4504 743 4570 fuisse,
780 4507 874 4563 sed
932 4523 1029 4578 per
1064 4519 1346 4579 peccatum
1389 4512 1600 4576 ruisse;
1637 4514 1752 4583 ipsa
1782 4517 1925 4569 enim
1965 4533 2144 4572 resur-
2175 4519 2218 4574 D
2321 4520 2482 4576 Sicut
2511 4533 2693 4578 autem
2730 4523 2937 4591 absque
2970 4524 3270 4580 concubitu
3302 4523 3540 4581 fuissent
3562 4526 3854 4594 prognati,

549 4602 724 4654 rectio
761 4601 968 4657 reditus
999 4609 1082 4657 est
1113 4604 1178 4656 ad
1211 4604 1498 4672 pristinam
1564 4607 1957 4662 conditionem.
2004 4609 2145 4681 Ergo

549 4691 594 4744 si
631 4699 751 4760 pust
787 4696 1248 4749 resurrectionem
1284 4697 1492 4752 erimus
1533 4699 1699 4752 veluti
1753 4701 1956 4770 angeli,
2004 4717 2142 4757 con-

550 4784 800 4852 sequitur
833 4783 966 4839 tales
994 4800 1213 4854 quoque
1248 4784 1423 4842 fuisse
1469 4795 1596 4842 ante
1627 4803 1939 4858 peccatum.
1974 4791 2138 4860 Atqui

549 4875 725 4942 angeli
764 4890 867 4928 non
891 4877 1490 4949 junguntuﬁamplexu;
1521 4896 1652 4952 ergo
1691 4897 1868 4951 neque
1893 4885 2142 4939 homines

545 4964 726 5034 juncti
779 4967 1011 5022 fuissent
1059 4971 1162 5024 nisi
1199 4985 1517 5041 peccassent
1566 4989 1579 5027 :
1629 4976 1720 5030 sed
1763 4976 1904 5030 sicut
1965 4979 2142 5050 angeli

552 5057 760 5125 absque
791 5061 996 5130 nuptiis
1031 5063 1225 5118 millies
1263 5065 1410 5118 mille
1438 5077 1591 5133 sunt,
1622 5077 1674 5122 et
1722 5070 1994 5140 myriades
2025 5088 2143 5142 my-

551 5148 769 5202 riadum
824 5168 1051 5206 numero
1098 5165 1383 5224 superant,
1413 5157 1485 5209 ita
1514 5172 1614 5212 nos
1639 5174 1878 5228 quoque,
1907 5161 2010 5215 nisi
2045 5178 2142 5216 an-

554 5246 759 5314 gelicus
775 5246 860 5299 ille
879 5256 1050 5302 status
1069 5249 1120 5302 in
1140 5250 1295 5304 nobis
1316 5259 1557 5305 mutatus
1579 5252 1771 5307 fuisset
1788 5255 2064 5309 connubio
2077 5256 2145 5311 ad

555 5339 730 5392 nostri
759 5343 1266 5412 multiplicationem
1300 5345 1525 5399 minime
1557 5361 1695 5416 opus
1739 5347 2143 5415 habuissemus,

622 5486 669 5518 ⁸⁷
704 5485 850 5540 Psal.
885 5502 1001 5552 vni,
1043 5488 1076 5540 5
1102 5505 1116 5553 ;
1146 5485 1311 5542 Hebr.
1342 5504 1400 5554 tt,
1431 5488 1480 5543 7.

625 5606 739 5674 (ll)
775 5613 945 5660 caute
978 5607 1092 5677 lege
1122 5607 1225 5661 hoc
1249 5616 1434 5677 caput,
1468 5622 1589 5661 nam
1644 5608 1893 5664 dissonat
1934 5626 1962 5664 a
1989 5626 2143 5665 com-

556 5679 710 5730 muni
763 5694 926 5748 sensu
995 5679 1377 5748 theologorum
1446 5681 1759 5733 docentium
1797 5682 1849 5733 in
1880 5691 2024 5736 statu
2059 5684 2144 5735 in-

557 5747 1077 5822 nocentize‘fuluram
1109 5747 1278 5822 fuisse
1308 5750 1590 5822 hominum
1616 5753 2024 5822 generationem
2059 5769 2150 5821 per

561 5817 1002 5873 connuistionetu
1035 5821 1204 5875 maris
1236 5829 1290 5875 et
1325 5819 1512 5878 feinin.
1542 5817 1674 5875 Vide
1698 5821 1756 5875 S.
1793 5821 1984 5877 Thom.
2018 5817 2068 5890 ι,’
2095 5842 2148 5892 p.

2255 4616 2516 4682 auctique
2575 4629 2806 4668 numero
2837 4614 3090 4668 homines
3122 4613 3178 4669 in
3214 4617 3497 4685 paradiso,
3520 4616 3592 4670 ita
3625 4615 3676 4668 in
3722 4631 3857 4669 veza

2248 4707 2550 4773 voluptate,
2588 4712 2756 4775 atque
2785 4704 3019 4759 inﬁnitis
3042 4707 3295 4775 partibus
3330 4707 3540 4772 majore
3566 4720 3737 4774 quam
3772 4714 3860 4761 est

2247 4813 2312 4850 ea
2346 4812 2451 4865 qua
2491 4797 2652 4851 hodie
2688 4798 2953 4853 mortales
2987 4797 3249 4854 fruuntur
3278 4800 3542 4860 maxima,
3576 4798 3688 4851 illic
3715 4809 3860 4853 aeta-

2253 4895 2360 4940 tem
2415 4888 2971 4958 agitassent,utpote
3021 4890 3204 4944 omnis
3259 4889 3500 4955 laboris,
3557 4893 3860 4959 perturba-

2253 4983 2441 5048 tionis,
2501 4984 2789 5048 ntolestiae,
2842 4984 3091 5050 doloris,
3154 4987 3331 5040 morbi
3386 4985 3625 5054 denique
3681 4993 3857 5054 atque

2248 5073 2594 5140 aegritudinis
2613 5084 2885 5144 expertes.
2909 5074 3163 5131 Edissent
3180 5078 3326 5131 enim
3346 5077 3412 5132 de
3435 5073 3672 5144 paradisi
3686 5076 3859 5130 arbo-

2253 5165 2427 5230 ribus,
2449 5176 2504 5220 et
2521 5166 2912 5222 suavissimum
2933 5183 3000 5223 ex
3025 5170 3265 5224 maxime
3301 5171 3394 5224 illo
3417 5169 3856 5237 dulcissimoque

2255 5257 2495 5326 paradisi
2527 5257 2754 5314 ﬂumine
2778 5268 2967 5329 potum
2993 5263 3257 5316 bibissent
3284 5263 3494 5332 absque
3519 5260 3669 5315 omni
3707 5261 3855 5314 inter

2255 5364 2318 5406 se
2351 5351 2584 5406 dissidio
2645 5355 2870 5421 rixave;
2919 5357 3135 5425 qualem
3169 5356 3345 5428 angeli
3380 5357 3506 5426 ipsi,
3540 5365 3593 5409 et
3625 5352 3852 5424 qualem

2248 5631 2306 5740 ἶ.
2339 5617 2430 5674 98.
2461 5626 2568 5673 art.
2612 5617 2666 5675 2.
2694 5619 2925 5689 ejusque
2980 5627 3313 5690 interpretes
3350 5619 3587 5682 Bannes,
3628 5614 3850 5678 Cumel,

2282 5686 2586 5740 ’alentiam.
2617 5689 2900 5740 Molinam.
2934 5701 2988 5740 et
3022 5689 3240 5740 Sixtum
3298 5691 3502 5740 Senen.
3537 5687 3676 5740 Jem.
3739 5687 3848 5740 lib.

2256 5687 2586 5753 Valentiam,
2617 5687 2900 5754 Molinarn,
2934 5701 2988 5747 et
3022 5687 3240 5747 Sittium
3298 5691 3502 5747 Senen.
3537 5687 3676 5744 Jem.
3739 5687 3848 5746 lib.

2256 5775 2333 5814 γ..
2378 5758 2515 5811 Bibl.
2553 5772 2741 5814 annot.
2785 5761 2875 5814 20.
