  <div class='ocr_page' id='page_1' title='image "/cluster/home/n/w/nwhite01/storage/ocr_20150623/111/coo.31924054870153/268.png"; bbox 0 0 4086 6438; ppageno 0'>
   <div class='ocr_carea' id='block_1_1' title="bbox 333 347 434 410">
    <p class='ocr_par' dir='ltr' id='par_1_1' title="bbox 333 347 434 410">
     <span class='ocr_line' id='line_1_1' title="bbox 333 347 434 410; baseline 0.01 -1"><span class='ocrx_word' id='word_1_1' title='bbox 333 347 434 410; x_wconf 63' lang='grc' dir='ltr'><strong>ΞΠ</strong></span> 
     </span>
    </p>
   </div>
   <div class='ocr_carea' id='block_1_2' title="bbox 1433 335 2468 414">
    <p class='ocr_par' dir='ltr' id='par_1_2' title="bbox 1433 335 2468 414">
     <span class='ocr_line' id='line_1_2' title="bbox 1433 335 2468 414; baseline -0.001 -1"><span class='ocrx_word' id='word_1_2' title='bbox 1433 335 1452 342; x_wconf 80' lang='grc'><strong><em>“</em></strong></span> <span class='ocrx_word' id='word_1_3' title='bbox 1493 355 1588 413; x_wconf 77' lang='grc' dir='ltr'>ΒΕ</span> <span class='ocrx_word' id='word_1_4' title='bbox 1631 352 2034 414; x_wconf 66' lang='grc' dir='ltr'>ΡιιιιΑῡιδο.</span> <span class='ocrx_word' id='word_1_5' title='bbox 2074 376 2146 385; x_wconf 85' lang='grc'><strong>-</strong></span> <span class='ocrx_word' id='word_1_6' title='bbox 2185 353 2380 411; x_wconf 61' lang='lat' dir='ltr'><strong>rans</strong></span> <span class='ocrx_word' id='word_1_7' title='bbox 2423 351 2468 412; x_wconf 90' lang='lat' dir='ltr'><strong>l.</strong></span> 
     </span>
    </p>
   </div>
   <div class='ocr_carea' id='block_1_3' title="bbox 3523 343 3626 408">
    <p class='ocr_par' dir='ltr' id='par_1_3' title="bbox 3523 343 3626 408">
     <span class='ocr_line' id='line_1_3' title="bbox 3523 343 3626 408; baseline -0.01 0"><span class='ocrx_word' id='word_1_8' title='bbox 3523 343 3626 408; x_wconf 62' lang='lat' dir='ltr'><strong>E113</strong></span> 
     </span>
    </p>
   </div>
   <div class='ocr_carea' id='block_1_4' title="bbox 345 457 3628 534">
    <p class='ocr_par' dir='ltr' id='par_1_4' title="bbox 345 457 3628 534">
     <span class='ocr_line' id='line_1_4' title="bbox 345 457 3628 534; baseline -0 -22"><span class='ocrx_word' id='word_1_9' title='bbox 345 460 597 512; x_wconf 60' lang='lat' dir='ltr'><strong>[vitamus</strong></span> <span class='ocrx_word' id='word_1_10' title='bbox 626 477 754 514; x_wconf 77' lang='lat' dir='ltr'><strong>cum</strong></span> <span class='ocrx_word' id='word_1_11' title='bbox 793 462 899 517; x_wconf 77' lang='lat' dir='ltr'><strong>Eva</strong></span> <span class='ocrx_word' id='word_1_12' title='bbox 941 471 1065 516; x_wconf 83' lang='lat' dir='ltr'><strong>ante</strong></span> <span class='ocrx_word' id='word_1_13' title='bbox 1098 463 1292 516; x_wconf 76' lang='lat' dir='ltr'><strong>iactam</strong></span> <span class='ocrx_word' id='word_1_14' title='bbox 1333 465 1526 534; x_wconf 78' lang='lat' dir='ltr'><strong>legem,</strong></span> <span class='ocrx_word' id='word_1_15' title='bbox 1548 468 1714 520; x_wconf 87' lang='lat' dir='ltr'><strong>vitam</strong></span> <span class='ocrx_word' id='word_1_16' title='bbox 1750 466 1943 519; x_wconf 81' lang='lat' dir='ltr'><strong>viven-</strong></span> <span class='ocrx_word' id='word_1_17' title='bbox 1976 472 2016 526; x_wconf 73' lang='grc' dir='ltr'><strong>Α</strong></span> <span class='ocrx_word' id='word_1_18' title='bbox 2046 477 2370 532; x_wconf 89' lang='lat' dir='ltr'><strong>corporeum</strong></span> <span class='ocrx_word' id='word_1_19' title='bbox 2395 460 2636 532; x_wconf 85' lang='lat' dir='ltr'><strong>quidem,</strong></span> <span class='ocrx_word' id='word_1_20' title='bbox 2659 460 2706 516; x_wconf 91' lang='lat' dir='ltr'><strong>si</strong></span> <span class='ocrx_word' id='word_1_21' title='bbox 2739 459 2918 530; x_wconf 87' lang='lat' dir='ltr'><strong>ipsum</strong></span> <span class='ocrx_word' id='word_1_22' title='bbox 2947 457 3332 528; x_wconf 83' lang='lat' dir='ltr'><strong>aspectabilem</strong></span> <span class='ocrx_word' id='word_1_23' title='bbox 3355 471 3584 528; x_wconf 66' lang='lat' dir='ltr'><strong>anguem</strong></span> <span class='ocrx_word' id='word_1_24' title='bbox 3613 479 3628 524; x_wconf 73' lang='grc' dir='ltr'>ς</span> 
     </span>
    </p>
   </div>
   <div class='ocr_carea' id='block_1_5' title="bbox 350 553 1940 628">
    <p class='ocr_par' dir='ltr' id='par_1_5' title="bbox 350 553 1940 628">
     <span class='ocr_line' id='line_1_5' title="bbox 350 553 1940 628; baseline 0.004 -22"><span class='ocrx_word' id='word_1_25' title='bbox 350 562 434 606; x_wconf 85' lang='lat' dir='ltr'><strong>tes</strong></span> <span class='ocrx_word' id='word_1_26' title='bbox 468 553 522 604; x_wconf 89' lang='lat' dir='ltr'><strong>iu</strong></span> <span class='ocrx_word' id='word_1_27' title='bbox 560 553 809 621; x_wconf 78' lang='lat' dir='ltr'><strong>perfecta</strong></span> <span class='ocrx_word' id='word_1_28' title='bbox 851 571 1002 626; x_wconf 83' lang='lat' dir='ltr'><strong>pace,</strong></span> <span class='ocrx_word' id='word_1_29' title='bbox 1058 556 1342 619; x_wconf 83' lang='lat' dir='ltr'><strong>charitate,</strong></span> <span class='ocrx_word' id='word_1_30' title='bbox 1385 557 1702 612; x_wconf 87' lang='lat' dir='ltr'><strong>concordia.</strong></span> <span class='ocrx_word' id='word_1_31' title='bbox 1727 557 1940 628; x_wconf 87' lang='lat' dir='ltr'><strong>Quippe</strong></span> 
     </span>
    </p>
   </div>
   <div class='ocr_carea' id='block_1_6' title="bbox 353 642 1940 714">
    <p class='ocr_par' dir='ltr' id='par_1_6' title="bbox 353 642 1940 714">
     <span class='ocr_line' id='line_1_6' title="bbox 353 642 1940 714; baseline 0.005 -22"><span class='ocrx_word' id='word_1_32' title='bbox 353 642 439 693; x_wconf 89' lang='lat' dir='ltr'><strong>his</strong></span> <span class='ocrx_word' id='word_1_33' title='bbox 466 642 671 710; x_wconf 80' lang='lat' dir='ltr'><strong>quibus</strong></span> <span class='ocrx_word' id='word_1_34' title='bbox 702 642 817 707; x_wconf 87' lang='lat' dir='ltr'><strong>jam</strong></span> <span class='ocrx_word' id='word_1_35' title='bbox 847 646 1104 700; x_wconf 85' lang='lat' dir='ltr'><strong>mortales</strong></span> <span class='ocrx_word' id='word_1_36' title='bbox 1142 645 1380 700; x_wconf 82' lang='lat' dir='ltr'><strong>fruimur</strong></span> <span class='ocrx_word' id='word_1_37' title='bbox 1414 649 1808 714; x_wconf 88' lang='lat' dir='ltr'><strong>voluptatibus,</strong></span> <span class='ocrx_word' id='word_1_38' title='bbox 1841 663 1940 701; x_wconf 89' lang='lat' dir='ltr'><strong>sua</strong></span> 
     </span>
    </p>
   </div>
   <div class='ocr_carea' id='block_1_7' title="bbox 349 733 1943 812">
    <p class='ocr_par' dir='ltr' id='par_1_7' title="bbox 349 733 1943 812">
     <span class='ocr_line' id='line_1_7' title="bbox 349 733 1943 812; baseline 0.004 -25"><span class='ocrx_word' id='word_1_39' title='bbox 349 733 552 803; x_wconf 89' lang='lat' dir='ltr'><strong>cuique</strong></span> <span class='ocrx_word' id='word_1_40' title='bbox 617 736 872 802; x_wconf 78' lang='lat' dir='ltr'><strong>molestia</strong></span> <span class='ocrx_word' id='word_1_41' title='bbox 900 738 1157 802; x_wconf 68' lang='lat' dir='ltr'><strong>cohwret,</strong></span> <span class='ocrx_word' id='word_1_42' title='bbox 1192 741 1354 793; x_wconf 82' lang='lat' dir='ltr'><strong>veluti</strong></span> <span class='ocrx_word' id='word_1_43' title='bbox 1385 740 1507 795; x_wconf 91' lang='lat' dir='ltr'><strong>cibo</strong></span> <span class='ocrx_word' id='word_1_44' title='bbox 1565 742 1782 812; x_wconf 80' lang='lat' dir='ltr'><strong>largiori</strong></span> <span class='ocrx_word' id='word_1_45' title='bbox 1816 757 1943 796; x_wconf 83' lang='lat' dir='ltr'><strong>cru-</strong></span> 
     </span>
    </p>
   </div>
   <div class='ocr_carea' id='block_1_8' title="bbox 349 826 1942 899">
    <p class='ocr_par' dir='ltr' id='par_1_8' title="bbox 349 826 1942 899">
     <span class='ocr_line' id='line_1_8' title="bbox 349 826 1942 899; baseline 0.009 -25"><span class='ocrx_word' id='word_1_46' title='bbox 349 826 539 878; x_wconf 79' lang='lat' dir='ltr'><strong>ditatis</strong></span> <span class='ocrx_word' id='word_1_47' title='bbox 601 826 844 893; x_wconf 85' lang='lat' dir='ltr'><strong>malum,</strong></span> <span class='ocrx_word' id='word_1_48' title='bbox 903 829 1054 896; x_wconf 86' lang='lat' dir='ltr'><strong>potui</strong></span> <span class='ocrx_word' id='word_1_49' title='bbox 1109 830 1403 898; x_wconf 90' lang='lat' dir='ltr'><strong>copiosiori</strong></span> <span class='ocrx_word' id='word_1_50' title='bbox 1483 849 1723 899; x_wconf 83' lang='lat' dir='ltr'><strong>nausea,</strong></span> <span class='ocrx_word' id='word_1_51' title='bbox 1784 835 1942 888; x_wconf 72' lang='lat' dir='ltr'><strong>bonae</strong></span> 
     </span>
    </p>
   </div>
   <div class='ocr_carea' id='block_1_9' title="bbox 347 917 1942 990">
    <p class='ocr_par' dir='ltr' id='par_1_9' title="bbox 347 917 1942 990">
     <span class='ocr_line' id='line_1_9' title="bbox 347 917 1942 990; baseline 0.008 -22"><span class='ocrx_word' id='word_1_52' title='bbox 347 917 650 970; x_wconf 72' lang='lat' dir='ltr'><strong>valetudini</strong></span> <span class='ocrx_word' id='word_1_53' title='bbox 744 923 1011 986; x_wconf 87' lang='lat' dir='ltr'><strong>adversa,</strong></span> <span class='ocrx_word' id='word_1_54' title='bbox 1086 923 1269 976; x_wconf 82' lang='lat' dir='ltr'><strong>robori</strong></span> <span class='ocrx_word' id='word_1_55' title='bbox 1344 924 1724 990; x_wconf 87' lang='lat' dir='ltr'><strong>inrbecillitas,</strong></span> <span class='ocrx_word' id='word_1_56' title='bbox 1789 927 1942 981; x_wconf 79' lang='lat' dir='ltr'><strong>home</strong></span> 
     </span>
    </p>
   </div>
   <div class='ocr_carea' id='block_1_10' title="bbox 347 1005 1937 1085">
    <p class='ocr_par' dir='ltr' id='par_1_10' title="bbox 347 1005 1937 1085">
     <span class='ocr_line' id='line_1_10' title="bbox 347 1005 1937 1085; baseline 0.009 -27"><span class='ocrx_word' id='word_1_57' title='bbox 347 1005 545 1060; x_wconf 68' lang='lat' dir='ltr'><strong>formae</strong></span> <span class='ocrx_word' id='word_1_58' title='bbox 603 1005 958 1076; x_wconf 77' lang='lat' dir='ltr'><strong>deformitas;</strong></span> <span class='ocrx_word' id='word_1_59' title='bbox 1010 1019 1170 1082; x_wconf 83' lang='lat' dir='ltr'><strong>atque</strong></span> <span class='ocrx_word' id='word_1_60' title='bbox 1217 1013 1270 1066; x_wconf 90' lang='lat' dir='ltr'><strong>in</strong></span> <span class='ocrx_word' id='word_1_61' title='bbox 1321 1016 1442 1069; x_wconf 90' lang='lat' dir='ltr'><strong>aliis</strong></span> <span class='ocrx_word' id='word_1_62' title='bbox 1501 1032 1740 1085; x_wconf 88' lang='lat' dir='ltr'><strong>quoque.</strong></span> <span class='ocrx_word' id='word_1_63' title='bbox 1772 1017 1836 1072; x_wconf 81' lang='lat' dir='ltr'><strong>At</strong></span> <span class='ocrx_word' id='word_1_64' title='bbox 1884 1018 1937 1072; x_wconf 90' lang='lat' dir='ltr'><strong>in</strong></span> 
     </span>
    </p>
   </div>
   <div class='ocr_carea' id='block_1_11' title="bbox 349 1101 1936 1178">
    <p class='ocr_par' dir='ltr' id='par_1_11' title="bbox 349 1101 1936 1178">
     <span class='ocr_line' id='line_1_11' title="bbox 349 1101 1936 1178; baseline 0.008 -25"><span class='ocrx_word' id='word_1_65' title='bbox 349 1101 610 1167; x_wconf 77' lang='lat' dir='ltr'><strong>paradiso</strong></span> <span class='ocrx_word' id='word_1_66' title='bbox 626 1101 773 1154; x_wconf 88' lang='lat' dir='ltr'><strong>nulla</strong></span> <span class='ocrx_word' id='word_1_67' title='bbox 804 1102 995 1158; x_wconf 83' lang='lat' dir='ltr'><strong>luisset</strong></span> <span class='ocrx_word' id='word_1_68' title='bbox 1020 1105 1355 1175; x_wconf 82' lang='lat' dir='ltr'><strong>ejuscemodi</strong></span> <span class='ocrx_word' id='word_1_69' title='bbox 1378 1108 1559 1164; x_wconf 55' lang='lat' dir='ltr'><strong>rei-uin</strong></span> <span class='ocrx_word' id='word_1_70' title='bbox 1587 1112 1936 1178; x_wconf 80' lang='lat' dir='ltr'><strong>vicissitudo;</strong></span> 
     </span>
    </p>
   </div>
   <div class='ocr_carea' id='block_1_12' title="bbox 346 1194 1939 1268">
    <p class='ocr_par' dir='ltr' id='par_1_12' title="bbox 346 1194 1939 1268">
     <span class='ocr_line' id='line_1_12' title="bbox 346 1194 1939 1268; baseline 0.009 -25"><span class='ocrx_word' id='word_1_71' title='bbox 346 1206 502 1246; x_wconf 76' lang='lat' dir='ltr'><strong>Iaera</strong></span> <span class='ocrx_word' id='word_1_72' title='bbox 556 1194 704 1247; x_wconf 87' lang='lat' dir='ltr'><strong>enim</strong></span> <span class='ocrx_word' id='word_1_73' title='bbox 766 1195 878 1250; x_wconf 90' lang='lat' dir='ltr'><strong>illic</strong></span> <span class='ocrx_word' id='word_1_74' title='bbox 929 1198 1180 1268; x_wconf 83' lang='lat' dir='ltr'><strong>voluptas</strong></span> <span class='ocrx_word' id='word_1_75' title='bbox 1232 1199 1456 1268; x_wconf 86' lang='lat' dir='ltr'><strong>luisset,</strong></span> <span class='ocrx_word' id='word_1_76' title='bbox 1516 1203 1777 1258; x_wconf 63' lang='lat' dir='ltr'><strong>molestia</strong></span> <span class='ocrx_word' id='word_1_77' title='bbox 1808 1219 1939 1259; x_wconf 88' lang='lat' dir='ltr'><strong>vero</strong></span> 
     </span>
    </p>
   </div>
   <div class='ocr_carea' id='block_1_13' title="bbox 343 1285 1936 1360">
    <p class='ocr_par' dir='ltr' id='par_1_13' title="bbox 343 1285 1936 1360">
     <span class='ocr_line' id='line_1_13' title="bbox 343 1285 1936 1360; baseline 0.01 -25"><span class='ocrx_word' id='word_1_78' title='bbox 343 1296 583 1350; x_wconf 85' lang='lat' dir='ltr'><strong>prorsus</strong></span> <span class='ocrx_word' id='word_1_79' title='bbox 615 1285 800 1350; x_wconf 74' lang='lat' dir='ltr'><strong>nullae,</strong></span> <span class='ocrx_word' id='word_1_80' title='bbox 831 1297 1028 1358; x_wconf 71' lang='lat' dir='ltr'><strong>utqua:</strong></span> <span class='ocrx_word' id='word_1_81' title='bbox 1050 1298 1173 1360; x_wconf 91' lang='lat' dir='ltr'><strong>post</strong></span> <span class='ocrx_word' id='word_1_82' title='bbox 1199 1291 1457 1347; x_wconf 87' lang='lat' dir='ltr'><strong>violatum</strong></span> <span class='ocrx_word' id='word_1_83' title='bbox 1490 1294 1582 1349; x_wconf 91' lang='lat' dir='ltr'><strong>Dei</strong></span> <span class='ocrx_word' id='word_1_84' title='bbox 1620 1297 1936 1351; x_wconf 88' lang='lat' dir='ltr'><strong>mandatum</strong></span> 
     </span>
    </p>
   </div>
   <div class='ocr_carea' id='block_1_14' title="bbox 347 1376 1938 1457">
    <p class='ocr_par' dir='ltr' id='par_1_14' title="bbox 347 1376 1938 1457">
     <span class='ocr_line' id='line_1_14' title="bbox 347 1376 1938 1457; baseline 0.01 -29"><span class='ocrx_word' id='word_1_85' title='bbox 347 1376 572 1453; x_wconf 77' lang='lat' dir='ltr'><strong>tandem</strong></span> <span class='ocrx_word' id='word_1_86' title='bbox 604 1387 781 1434; x_wconf 70' lang='lat' dir='ltr'><strong>errata:</strong></span> <span class='ocrx_word' id='word_1_87' title='bbox 812 1381 945 1436; x_wconf 90' lang='lat' dir='ltr'><strong>sint.</strong></span> <span class='ocrx_word' id='word_1_88' title='bbox 987 1382 1285 1453; x_wconf 78' lang='lat' dir='ltr'><strong>Majoribus</strong></span> <span class='ocrx_word' id='word_1_89' title='bbox 1317 1403 1444 1457; x_wconf 78' lang='lat' dir='ltr'><strong>ergo</strong></span> <span class='ocrx_word' id='word_1_90' title='bbox 1468 1389 1679 1444; x_wconf 87' lang='lat' dir='ltr'><strong>deliciis</strong></span> <span class='ocrx_word' id='word_1_91' title='bbox 1710 1406 1775 1445; x_wconf 76' lang='lat' dir='ltr'><strong>ex</strong></span> <span class='ocrx_word' id='word_1_92' title='bbox 1813 1393 1938 1446; x_wconf 90' lang='lat' dir='ltr'><strong>cibo</strong></span> 
     </span>
    </p>
   </div>
   <div class='ocr_carea' id='block_1_15' title="bbox 342 1471 1938 1552">
    <p class='ocr_par' dir='ltr' id='par_1_15' title="bbox 342 1471 1938 1552">
     <span class='ocr_line' id='line_1_15' title="bbox 342 1471 1938 1552; baseline 0.013 -32"><span class='ocrx_word' id='word_1_93' title='bbox 342 1476 594 1538; x_wconf 86' lang='lat' dir='ltr'><strong>potuquc</strong></span> <span class='ocrx_word' id='word_1_94' title='bbox 643 1471 754 1526; x_wconf 89' lang='lat' dir='ltr'><strong>illic</strong></span> <span class='ocrx_word' id='word_1_95' title='bbox 795 1474 975 1530; x_wconf 74' lang='lat' dir='ltr'><strong>affecti</strong></span> <span class='ocrx_word' id='word_1_96' title='bbox 1023 1475 1294 1545; x_wconf 82' lang='lat' dir='ltr'><strong>fuissent,</strong></span> <span class='ocrx_word' id='word_1_97' title='bbox 1333 1495 1498 1549; x_wconf 87' lang='lat' dir='ltr'><strong>quam</strong></span> <span class='ocrx_word' id='word_1_98' title='bbox 1530 1483 1731 1552; x_wconf 87' lang='lat' dir='ltr'><strong>quibus</strong></span> <span class='ocrx_word' id='word_1_99' title='bbox 1777 1484 1938 1540; x_wconf 84' lang='lat' dir='ltr'><strong>hodie</strong></span> 
     </span>
    </p>
   </div>
   <div class='ocr_carea' id='block_1_16' title="bbox 343 1564 1059 1622">
    <p class='ocr_par' dir='ltr' id='par_1_16' title="bbox 343 1564 1059 1622">
     <span class='ocr_line' id='line_1_16' title="bbox 343 1564 1059 1622; baseline 0.011 -8"><span class='ocrx_word' id='word_1_100' title='bbox 343 1564 619 1618; x_wconf 81' lang='lat' dir='ltr'><strong>mortales</strong></span> <span class='ocrx_word' id='word_1_101' title='bbox 651 1564 1059 1622; x_wconf 87' lang='lat' dir='ltr'><strong>demulccntur.</strong></span> 
     </span>
    </p>
   </div>
   <div class='ocr_carea' id='block_1_17' title="bbox 898 1660 1397 1719">
    <p class='ocr_par' dir='ltr' id='par_1_17' title="bbox 898 1660 1397 1719">
     <span class='ocr_line' id='line_1_17' title="bbox 898 1660 1397 1719; baseline 0.012 -6"><span class='ocrx_word' id='word_1_102' title='bbox 898 1660 1128 1716; x_wconf 80' lang='lat' dir='ltr'><strong>CAPUT</strong></span> <span class='ocrx_word' id='word_1_103' title='bbox 1181 1663 1397 1719; x_wconf 81' lang='lat' dir='ltr'><strong>XXVII.</strong></span> 
     </span>
    </p>
   </div>
   <div class='ocr_carea' id='block_1_18' title="bbox 426 1749 1932 1827">
    <p class='ocr_par' dir='ltr' id='par_1_18' title="bbox 426 1749 1932 1827">
     <span class='ocr_line' id='line_1_18' title="bbox 426 1749 1932 1827; baseline 0.01 -28"><span class='ocrx_word' id='word_1_104' title='bbox 426 1749 503 1802; x_wconf 82' lang='lat' dir='ltr'><strong>De</strong></span> <span class='ocrx_word' id='word_1_105' title='bbox 547 1758 786 1817; x_wconf 76' lang='lat' dir='ltr'><strong>serpente</strong></span> <span class='ocrx_word' id='word_1_106' title='bbox 818 1751 908 1820; x_wconf 85' lang='lat' dir='ltr'><strong>qui</strong></span> <span class='ocrx_word' id='word_1_107' title='bbox 961 1751 1130 1807; x_wconf 75' lang='lat' dir='ltr'><strong>Evam</strong></span> <span class='ocrx_word' id='word_1_108' title='bbox 1165 1756 1386 1810; x_wconf 86' lang='lat' dir='ltr'><strong>adortus</strong></span> <span class='ocrx_word' id='word_1_109' title='bbox 1422 1758 1727 1827; x_wconf 37' lang='lat' dir='ltr'><strong>derepit&quot;:</strong></span> <span class='ocrx_word' id='word_1_110' title='bbox 1766 1761 1932 1814; x_wconf 85' lang='lat' dir='ltr'><strong>Porro</strong></span> 
     </span>
    </p>
   </div>
   <div class='ocr_carea' id='block_1_19' title="bbox 2046 550 3626 624">
    <p class='ocr_par' dir='ltr' id='par_1_19' title="bbox 2046 550 3626 624">
     <span class='ocr_line' id='line_1_19' title="bbox 2046 550 3626 624; baseline -0.002 -14"><span class='ocrx_word' id='word_1_111' title='bbox 2046 556 2347 624; x_wconf 82' lang='lat' dir='ltr'><strong>spiritalem</strong></span> <span class='ocrx_word' id='word_1_112' title='bbox 2407 569 2558 620; x_wconf 86' lang='lat' dir='ltr'><strong>vero,</strong></span> <span class='ocrx_word' id='word_1_113' title='bbox 2609 554 2656 609; x_wconf 88' lang='lat' dir='ltr'><strong>si</strong></span> <span class='ocrx_word' id='word_1_114' title='bbox 2721 569 2944 609; x_wconf 86' lang='lat' dir='ltr'><strong>sensum</strong></span> <span class='ocrx_word' id='word_1_115' title='bbox 3006 566 3227 606; x_wconf 85' lang='lat' dir='ltr'><strong>omnem</strong></span> <span class='ocrx_word' id='word_1_116' title='bbox 3279 550 3626 620; x_wconf 75' lang='lat' dir='ltr'><strong>el‘l‘ugientem</strong></span> 
     </span>
    </p>
   </div>
   <div class='ocr_carea' id='block_1_20' title="bbox 2047 645 3629 717">
    <p class='ocr_par' dir='ltr' id='par_1_20' title="bbox 2047 645 3629 717">
     <span class='ocr_line' id='line_1_20' title="bbox 2047 645 3629 717; baseline -0.001 -15"><span class='ocrx_word' id='word_1_117' title='bbox 2047 647 2307 702; x_wconf 82' lang='lat' dir='ltr'><strong>Satanam</strong></span> <span class='ocrx_word' id='word_1_118' title='bbox 2340 648 2434 717; x_wconf 90' lang='lat' dir='ltr'><strong>qui</strong></span> <span class='ocrx_word' id='word_1_119' title='bbox 2473 647 2614 702; x_wconf 90' lang='lat' dir='ltr'><strong>intra</strong></span> <span class='ocrx_word' id='word_1_120' title='bbox 2669 647 2822 700; x_wconf 89' lang='lat' dir='ltr'><strong>illum</strong></span> <span class='ocrx_word' id='word_1_121' title='bbox 2857 645 3058 700; x_wconf 82' lang='lat' dir='ltr'><strong>latebat</strong></span> <span class='ocrx_word' id='word_1_122' title='bbox 3108 653 3273 714; x_wconf 89' lang='lat' dir='ltr'><strong>atque</strong></span> <span class='ocrx_word' id='word_1_123' title='bbox 3307 646 3433 699; x_wconf 88' lang='lat' dir='ltr'><strong>inde</strong></span> <span class='ocrx_word' id='word_1_124' title='bbox 3466 650 3629 700; x_wconf 85' lang='lat' dir='ltr'><strong>verba</strong></span> 
     </span>
    </p>
   </div>
   <div class='ocr_carea' id='block_1_21' title="bbox 2044 735 3635 807">
    <p class='ocr_par' dir='ltr' id='par_1_21' title="bbox 2044 735 3635 807">
     <span class='ocr_line' id='line_1_21' title="bbox 2044 735 3635 807; baseline -0.001 -15"><span class='ocrx_word' id='word_1_125' title='bbox 2044 739 2277 793; x_wconf 80' lang='lat' dir='ltr'><strong>faciebat</strong></span> <span class='ocrx_word' id='word_1_126' title='bbox 2297 739 2633 794; x_wconf 90' lang='lat' dir='ltr'><strong>consideres.</strong></span> <span class='ocrx_word' id='word_1_127' title='bbox 2655 738 2841 792; x_wconf 84' lang='lat' dir='ltr'><strong>Altera</strong></span> <span class='ocrx_word' id='word_1_128' title='bbox 2878 737 3110 807; x_wconf 82' lang='lat' dir='ltr'><strong>quaestio</strong></span> <span class='ocrx_word' id='word_1_129' title='bbox 3161 745 3267 790; x_wconf 89' lang='lat' dir='ltr'><strong>est.</strong></span> <span class='ocrx_word' id='word_1_130' title='bbox 3305 735 3380 788; x_wconf 80' lang='lat' dir='ltr'><strong>Ex</strong></span> <span class='ocrx_word' id='word_1_131' title='bbox 3417 753 3635 805; x_wconf 78' lang='lat' dir='ltr'><strong>genere-</strong></span> 
     </span>
    </p>
   </div>
   <div class='ocr_carea' id='block_1_22' title="bbox 2045 827 3634 900">
    <p class='ocr_par' dir='ltr' id='par_1_22' title="bbox 2045 827 3634 900">
     <span class='ocr_line' id='line_1_22' title="bbox 2045 827 3634 900; baseline -0.003 -15"><span class='ocrx_word' id='word_1_132' title='bbox 2045 848 2112 885; x_wconf 88' lang='lat' dir='ltr'><strong>ne</strong></span> <span class='ocrx_word' id='word_1_133' title='bbox 2147 831 2445 900; x_wconf 87' lang='lat' dir='ltr'><strong>reptilium,</strong></span> <span class='ocrx_word' id='word_1_134' title='bbox 2469 847 2536 886; x_wconf 90' lang='lat' dir='ltr'><strong>an</strong></span> <span class='ocrx_word' id='word_1_135' title='bbox 2563 847 2695 886; x_wconf 87' lang='lat' dir='ltr'><strong>vero</strong></span> <span class='ocrx_word' id='word_1_136' title='bbox 2729 839 3054 885; x_wconf 67' lang='lat' dir='ltr'><strong>cancrorum</strong></span> <span class='ocrx_word' id='word_1_137' title='bbox 3084 827 3446 882; x_wconf 88' lang='lat' dir='ltr'><strong>animantium</strong></span> <span class='ocrx_word' id='word_1_138' title='bbox 3473 828 3634 882; x_wconf 80' lang='lat' dir='ltr'><strong>itterit</strong></span> 
     </span>
    </p>
   </div>
   <div class='ocr_carea' id='block_1_23' title="bbox 2046 919 3635 990">
    <p class='ocr_par' dir='ltr' id='par_1_23' title="bbox 2046 919 3635 990">
     <span class='ocr_line' id='line_1_23' title="bbox 2046 919 3635 990; baseline 0 -17"><span class='ocrx_word' id='word_1_139' title='bbox 2046 921 2133 974; x_wconf 90' lang='lat' dir='ltr'><strong>ille</strong></span> <span class='ocrx_word' id='word_1_140' title='bbox 2165 937 2411 990; x_wconf 86' lang='lat' dir='ltr'><strong>serpens,</strong></span> <span class='ocrx_word' id='word_1_141' title='bbox 2438 921 2492 974; x_wconf 92' lang='lat' dir='ltr'><strong>in</strong></span> <span class='ocrx_word' id='word_1_142' title='bbox 2515 935 2677 990; x_wconf 84' lang='lat' dir='ltr'><strong>quem</strong></span> <span class='ocrx_word' id='word_1_143' title='bbox 2720 935 2780 974; x_wconf 88' lang='lat' dir='ltr'><strong>se</strong></span> <span class='ocrx_word' id='word_1_144' title='bbox 2804 920 3060 973; x_wconf 88' lang='lat' dir='ltr'><strong>Satanam</strong></span> <span class='ocrx_word' id='word_1_145' title='bbox 3112 919 3441 983; x_wconf 86' lang='lat' dir='ltr'><strong>insinuasse,</strong></span> <span class='ocrx_word' id='word_1_146' title='bbox 3469 928 3635 988; x_wconf 82' lang='lat' dir='ltr'><strong>atque</strong></span> 
     </span>
    </p>
   </div>
   <div class='ocr_carea' id='block_1_24' title="bbox 2045 1009 3634 1068">
    <p class='ocr_par' dir='ltr' id='par_1_24' title="bbox 2045 1009 3634 1068">
     <span class='ocr_line' id='line_1_24' title="bbox 2045 1009 3634 1068; baseline 0.001 -4"><span class='ocrx_word' id='word_1_147' title='bbox 2045 1012 2116 1066; x_wconf 89' lang='lat' dir='ltr'><strong>ita</strong></span> <span class='ocrx_word' id='word_1_148' title='bbox 2149 1028 2274 1067; x_wconf 90' lang='lat' dir='ltr'><strong>cum</strong></span> <span class='ocrx_word' id='word_1_149' title='bbox 2305 1013 2538 1067; x_wconf 87' lang='lat' dir='ltr'><strong>muliere</strong></span> <span class='ocrx_word' id='word_1_150' title='bbox 2560 1013 2893 1067; x_wconf 89' lang='lat' dir='ltr'><strong>collocutum</strong></span> <span class='ocrx_word' id='word_1_151' title='bbox 2919 1009 3205 1066; x_wconf 72' lang='lat' dir='ltr'><strong>diximus&quot;!</strong></span> <span class='ocrx_word' id='word_1_152' title='bbox 3237 1013 3634 1068; x_wconf 83' lang='lat' dir='ltr'><strong>Existimamus</strong></span> 
     </span>
    </p>
   </div>
   <div class='ocr_carea' id='block_1_25' title="bbox 2043 1105 3630 1174">
    <p class='ocr_par' dir='ltr' id='par_1_25' title="bbox 2043 1105 3630 1174">
     <span class='ocr_line' id='line_1_25' title="bbox 2043 1105 3630 1174; baseline 0.001 -16"><span class='ocrx_word' id='word_1_153' title='bbox 2043 1121 2170 1159; x_wconf 90' lang='lat' dir='ltr'><strong>vero</strong></span> <span class='ocrx_word' id='word_1_154' title='bbox 2209 1121 2274 1160; x_wconf 80' lang='lat' dir='ltr'><strong>ex</strong></span> <span class='ocrx_word' id='word_1_155' title='bbox 2320 1105 2622 1160; x_wconf 82' lang='lat' dir='ltr'><strong>bestiarum</strong></span> <span class='ocrx_word' id='word_1_156' title='bbox 2657 1121 2763 1160; x_wconf 90' lang='lat' dir='ltr'><strong>non</strong></span> <span class='ocrx_word' id='word_1_157' title='bbox 2810 1105 3118 1174; x_wconf 88' lang='lat' dir='ltr'><strong>repentium</strong></span> <span class='ocrx_word' id='word_1_158' title='bbox 3169 1122 3400 1161; x_wconf 89' lang='lat' dir='ltr'><strong>numero</strong></span> <span class='ocrx_word' id='word_1_159' title='bbox 3431 1106 3630 1171; x_wconf 81' lang='lat' dir='ltr'><strong>fuisse,</strong></span> 
     </span>
    </p>
   </div>
   <div class='ocr_carea' id='block_1_26' title="bbox 2043 1196 3634 1270">
    <p class='ocr_par' dir='ltr' id='par_1_26' title="bbox 2043 1196 3634 1270">
     <span class='ocr_line' id='line_1_26' title="bbox 2043 1196 3634 1270; baseline 0.002 -20"><span class='ocrx_word' id='word_1_160' title='bbox 2043 1196 2206 1266; x_wconf 83' lang='lat' dir='ltr'><strong>idque</strong></span> <span class='ocrx_word' id='word_1_161' title='bbox 2240 1197 2324 1252; x_wconf 90' lang='lat' dir='ltr'><strong>his</strong></span> <span class='ocrx_word' id='word_1_162' title='bbox 2359 1198 2509 1252; x_wconf 88' lang='lat' dir='ltr'><strong>ducti</strong></span> <span class='ocrx_word' id='word_1_163' title='bbox 2534 1199 2894 1268; x_wconf 76' lang='lat' dir='ltr'><strong>argumentis.</strong></span> <span class='ocrx_word' id='word_1_164' title='bbox 2912 1197 3096 1253; x_wconf 89' lang='lat' dir='ltr'><strong>Primo</strong></span> <span class='ocrx_word' id='word_1_165' title='bbox 3114 1198 3292 1254; x_wconf 84' lang='lat' dir='ltr'><strong>Moses</strong></span> <span class='ocrx_word' id='word_1_166' title='bbox 3309 1202 3382 1254; x_wconf 86' lang='lat' dir='ltr'><strong>ait</strong></span> <span class='ocrx_word' id='word_1_167' title='bbox 3407 1216 3634 1270; x_wconf 87' lang='lat' dir='ltr'><strong>serpen-</strong></span> 
     </span>
    </p>
   </div>
   <div class='ocr_carea' id='block_1_27' title="bbox 2045 1290 3630 1358">
    <p class='ocr_par' dir='ltr' id='par_1_27' title="bbox 2045 1290 3630 1358">
     <span class='ocr_line' id='line_1_27' title="bbox 2045 1290 3630 1358; baseline 0.003 -17"><span class='ocrx_word' id='word_1_168' title='bbox 2045 1297 2150 1342; x_wconf 88' lang='lat' dir='ltr'><strong>tem</strong></span> <span class='ocrx_word' id='word_1_169' title='bbox 2205 1290 2374 1344; x_wconf 80' lang='lat' dir='ltr'><strong>fuisse</strong></span> <span class='ocrx_word' id='word_1_170' title='bbox 2404 1290 2725 1344; x_wconf 85' lang='lat' dir='ltr'><strong>astutiorem</strong></span> <span class='ocrx_word' id='word_1_171' title='bbox 2758 1290 3015 1344; x_wconf 89' lang='lat' dir='ltr'><strong>omnibus</strong></span> <span class='ocrx_word' id='word_1_172' title='bbox 3043 1291 3269 1358; x_wconf 83' lang='lat' dir='ltr'><strong>bestiis;</strong></span> <span class='ocrx_word' id='word_1_173' title='bbox 3309 1308 3416 1346; x_wconf 89' lang='lat' dir='ltr'><strong>non</strong></span> <span class='ocrx_word' id='word_1_174' title='bbox 3445 1303 3630 1346; x_wconf 89' lang='lat' dir='ltr'><strong>autem</strong></span> 
     </span>
    </p>
   </div>
   <div class='ocr_carea' id='block_1_28' title="bbox 2040 1378 3634 1449">
    <p class='ocr_par' dir='ltr' id='par_1_28' title="bbox 2040 1378 3634 1449">
     <span class='ocr_line' id='line_1_28' title="bbox 2040 1378 3634 1449; baseline 0.003 -17"><span class='ocrx_word' id='word_1_175' title='bbox 2040 1378 2199 1444; x_wconf 83' lang='lat' dir='ltr'><strong>dixit,</strong></span> <span class='ocrx_word' id='word_1_176' title='bbox 2235 1379 2493 1433; x_wconf 87' lang='lat' dir='ltr'><strong>omnibus</strong></span> <span class='ocrx_word' id='word_1_177' title='bbox 2523 1379 2832 1447; x_wconf 89' lang='lat' dir='ltr'><strong>reptilibus.</strong></span> <span class='ocrx_word' id='word_1_178' title='bbox 2877 1379 2943 1430; x_wconf 82' lang='lat' dir='ltr'><strong>Et</strong></span> <span class='ocrx_word' id='word_1_179' title='bbox 2990 1379 3152 1448; x_wconf 80' lang='lat' dir='ltr'><strong>paulo</strong></span> <span class='ocrx_word' id='word_1_180' title='bbox 3182 1389 3303 1449; x_wconf 85' lang='lat' dir='ltr'><strong>post</strong></span> <span class='ocrx_word' id='word_1_181' title='bbox 3341 1382 3456 1449; x_wconf 88' lang='lat' dir='ltr'><strong>ipse</strong></span> <span class='ocrx_word' id='word_1_182' title='bbox 3490 1381 3634 1437; x_wconf 91' lang='lat' dir='ltr'><strong>Deus</strong></span> 
     </span>
    </p>
   </div>
   <div class='ocr_carea' id='block_1_29' title="bbox 2043 1469 3632 1544">
    <p class='ocr_par' dir='ltr' id='par_1_29' title="bbox 2043 1469 3632 1544">
     <span class='ocr_line' id='line_1_29' title="bbox 2043 1469 3632 1544; baseline 0.002 -21"><span class='ocrx_word' id='word_1_183' title='bbox 2043 1471 2106 1523; x_wconf 89' lang='lat' dir='ltr'><strong>ad</strong></span> <span class='ocrx_word' id='word_1_184' title='bbox 2135 1480 2444 1538; x_wconf 88' lang='lat' dir='ltr'><strong>serpentem</strong></span> <span class='ocrx_word' id='word_1_185' title='bbox 2469 1470 2630 1523; x_wconf 88' lang='lat' dir='ltr'><strong>verba</strong></span> <span class='ocrx_word' id='word_1_186' title='bbox 2657 1484 2851 1524; x_wconf 84' lang='lat' dir='ltr'><strong>rursus</strong></span> <span class='ocrx_word' id='word_1_187' title='bbox 2874 1469 3086 1525; x_wconf 83' lang='lat' dir='ltr'><strong>faciens</strong></span> <span class='ocrx_word' id='word_1_188' title='bbox 3126 1489 3138 1525; x_wconf 93' lang='lat'>:</span> <span class='ocrx_word' id='word_1_189' title='bbox 3180 1471 3498 1526; x_wconf 82' lang='lat' dir='ltr'><strong>Matedictus</strong></span> <span class='ocrx_word' id='word_1_190' title='bbox 3524 1473 3632 1544; x_wconf 77' lang='lat' dir='ltr'><strong>(in—</strong></span> 
     </span>
    </p>
   </div>
   <div class='ocr_carea' id='block_1_30' title="bbox 2039 1563 3632 1633">
    <p class='ocr_par' dir='ltr' id='par_1_30' title="bbox 2039 1563 3632 1633">
     <span class='ocr_line' id='line_1_30' title="bbox 2039 1563 3632 1633; baseline 0.002 -19"><span class='ocrx_word' id='word_1_191' title='bbox 2039 1564 2176 1633; x_wconf 77' lang='lat' dir='ltr'><strong>quit)</strong></span> <span class='ocrx_word' id='word_1_192' title='bbox 2207 1579 2318 1632; x_wconf 69' lang='lat' dir='ltr'><strong>prce</strong></span> <span class='ocrx_word' id='word_1_193' title='bbox 2346 1564 2489 1616; x_wconf 87' lang='lat' dir='ltr'><strong>omni</strong></span> <span class='ocrx_word' id='word_1_194' title='bbox 2521 1563 2686 1615; x_wconf 79' lang='lat' dir='ltr'><strong>bestia</strong></span> <span class='ocrx_word' id='word_1_195' title='bbox 2735 1563 2875 1631; x_wconf 84' lang='lat' dir='ltr'><strong>agri,</strong></span> <span class='ocrx_word' id='word_1_196' title='bbox 2907 1573 2955 1617; x_wconf 89' lang='lat' dir='ltr'><strong>et</strong></span> <span class='ocrx_word' id='word_1_197' title='bbox 2985 1579 3096 1632; x_wconf 73' lang='lat' dir='ltr'><strong>pra:</strong></span> <span class='ocrx_word' id='word_1_198' title='bbox 3117 1565 3260 1618; x_wconf 87' lang='lat' dir='ltr'><strong>omni</strong></span> <span class='ocrx_word' id='word_1_199' title='bbox 3285 1565 3508 1617; x_wconf 82' lang='lat' dir='ltr'><strong>animali</strong></span> <span class='ocrx_word' id='word_1_200' title='bbox 3531 1605 3545 1628; x_wconf 89' lang='lat'><strong>,</strong></span> <span class='ocrx_word' id='word_1_201' title='bbox 3581 1572 3632 1617; x_wconf 86' lang='lat' dir='ltr'><strong>et</strong></span> 
     </span>
    </p>
   </div>
   <div class='ocr_carea' id='block_1_31' title="bbox 2038 1655 3629 1725">
    <p class='ocr_par' dir='ltr' id='par_1_31' title="bbox 2038 1655 3629 1725">
     <span class='ocr_line' id='line_1_31' title="bbox 2038 1655 3629 1725; baseline 0.002 -18"><span class='ocrx_word' id='word_1_202' title='bbox 2038 1672 2148 1725; x_wconf 74' lang='lat' dir='ltr'><strong>prce</strong></span> <span class='ocrx_word' id='word_1_203' title='bbox 2178 1655 2422 1709; x_wconf 88' lang='lat' dir='ltr'><strong>omnibus</strong></span> <span class='ocrx_word' id='word_1_204' title='bbox 2459 1655 2756 1723; x_wconf 76' lang='lat' dir='ltr'><strong>reptrlibns,</strong></span> <span class='ocrx_word' id='word_1_205' title='bbox 2790 1655 2999 1709; x_wconf 89' lang='lat' dir='ltr'><strong>dictum</strong></span> <span class='ocrx_word' id='word_1_206' title='bbox 3051 1671 3160 1710; x_wconf 90' lang='lat' dir='ltr'><strong>non</strong></span> <span class='ocrx_word' id='word_1_207' title='bbox 3198 1666 3301 1716; x_wconf 82' lang='lat' dir='ltr'><strong>est,</strong></span> <span class='ocrx_word' id='word_1_208' title='bbox 3359 1657 3437 1710; x_wconf 82' lang='lat' dir='ltr'><strong>Ad</strong></span> <span class='ocrx_word' id='word_1_209' title='bbox 3494 1657 3629 1722; x_wconf 85' lang='lat' dir='ltr'><strong>hoc,</strong></span> 
     </span>
    </p>
   </div>
   <div class='ocr_carea' id='block_1_32' title="bbox 2041 1748 3631 1820">
    <p class='ocr_par' dir='ltr' id='par_1_32' title="bbox 2041 1748 3631 1820">
     <span class='ocr_line' id='line_1_32' title="bbox 2041 1748 3631 1820; baseline 0.001 -18"><span class='ocrx_word' id='word_1_210' title='bbox 2041 1750 2282 1804; x_wconf 85' lang='lat' dir='ltr'><strong>Adamus</strong></span> <span class='ocrx_word' id='word_1_211' title='bbox 2341 1749 2396 1802; x_wconf 89' lang='lat' dir='ltr'><strong>in</strong></span> <span class='ocrx_word' id='word_1_212' title='bbox 2460 1750 2579 1818; x_wconf 87' lang='lat' dir='ltr'><strong>ipso</strong></span> <span class='ocrx_word' id='word_1_213' title='bbox 2615 1748 2770 1801; x_wconf 89' lang='lat' dir='ltr'><strong>initio</strong></span> <span class='ocrx_word' id='word_1_214' title='bbox 2822 1749 3048 1802; x_wconf 89' lang='lat' dir='ltr'><strong>nomina</strong></span> <span class='ocrx_word' id='word_1_215' title='bbox 3097 1749 3288 1803; x_wconf 87' lang='lat' dir='ltr'><strong>bestiis</strong></span> <span class='ocrx_word' id='word_1_216' title='bbox 3322 1750 3631 1820; x_wconf 89' lang='lat' dir='ltr'><strong>avibusque</strong></span> 
     </span>
    </p>
   </div>
   <div class='ocr_carea' id='block_1_33' title="bbox 357 1829 1936 1910">
    <p class='ocr_par' dir='ltr' id='par_1_33' title="bbox 357 1839 1936 1907">
     <span class='ocr_line' id='line_1_33' title="bbox 357 1839 1936 1907; baseline 0.009 -17"><span class='ocrx_word' id='word_1_217' title='bbox 357 1839 430 1891; x_wconf 83' lang='lat' dir='ltr'><strong>de</strong></span> <span class='ocrx_word' id='word_1_218' title='bbox 461 1849 706 1906; x_wconf 74' lang='lat' dir='ltr'><strong>serpente</strong></span> <span class='ocrx_word' id='word_1_219' title='bbox 745 1843 825 1896; x_wconf 86' lang='lat' dir='ltr'><strong>sic</strong></span> <span class='ocrx_word' id='word_1_220' title='bbox 859 1843 1076 1899; x_wconf 89' lang='lat' dir='ltr'><strong>locutus</strong></span> <span class='ocrx_word' id='word_1_221' title='bbox 1127 1857 1212 1901; x_wconf 89' lang='lat' dir='ltr'><strong>est</strong></span> <span class='ocrx_word' id='word_1_222' title='bbox 1257 1850 1416 1904; x_wconf 87' lang='lat' dir='ltr'><strong>divus</strong></span> <span class='ocrx_word' id='word_1_223' title='bbox 1470 1849 1646 1906; x_wconf 74' lang='lat' dir='ltr'><strong>Moses</strong></span> <span class='ocrx_word' id='word_1_224' title='bbox 1681 1871 1694 1906; x_wconf 87' lang='lat'><strong>:</strong></span> <span class='ocrx_word' id='word_1_225' title='bbox 1727 1852 1798 1906; x_wconf 79' lang='lat' dir='ltr'><strong>Et</strong></span> <span class='ocrx_word' id='word_1_226' title='bbox 1828 1870 1936 1907; x_wconf 83' lang='lat' dir='ltr'><strong>ser-</strong></span> 
     </span>
    </p>
   </div>
   <div class='ocr_carea' id='block_1_34' title="bbox 2038 1829 3631 1910">
    <p class='ocr_par' dir='ltr' id='par_1_34' title="bbox 2044 1837 3631 1910">
     <span class='ocr_line' id='line_1_34' title="bbox 2044 1837 3631 1910; baseline 0 -16"><span class='ocrx_word' id='word_1_227' title='bbox 2044 1841 2345 1906; x_wconf 87' lang='lat' dir='ltr'><strong>indiderat,</strong></span> <span class='ocrx_word' id='word_1_228' title='bbox 2381 1847 2439 1892; x_wconf 90' lang='lat' dir='ltr'><strong>ut</strong></span> <span class='ocrx_word' id='word_1_229' title='bbox 2470 1847 2702 1892; x_wconf 81' lang='lat' dir='ltr'><strong>testatur</strong></span> <span class='ocrx_word' id='word_1_230' title='bbox 2752 1837 3062 1908; x_wconf 88' lang='lat' dir='ltr'><strong>Scriptura,</strong></span> <span class='ocrx_word' id='word_1_231' title='bbox 3091 1855 3201 1894; x_wconf 90' lang='lat' dir='ltr'><strong>non</strong></span> <span class='ocrx_word' id='word_1_232' title='bbox 3230 1842 3391 1894; x_wconf 88' lang='lat' dir='ltr'><strong>etiam</strong></span> <span class='ocrx_word' id='word_1_233' title='bbox 3426 1842 3631 1910; x_wconf 86' lang='lat' dir='ltr'><strong>reptili-</strong></span> 
     </span>
    </p>
   </div>
   <div class='ocr_carea' id='block_1_35' title="bbox 363 1931 1940 2016">
    <p class='ocr_par' dir='ltr' id='par_1_35' title="bbox 363 1931 1940 2016">
     <span class='ocr_line' id='line_1_35' title="bbox 363 1931 1940 2016; baseline 0.013 -36"><span class='ocrx_word' id='word_1_234' title='bbox 363 1943 487 1996; x_wconf 68' lang='lat' dir='ltr'><strong>pons</strong></span> <span class='ocrx_word' id='word_1_235' title='bbox 518 1931 762 1985; x_wconf 77' lang='lat' dir='ltr'><strong>callidior</strong></span> <span class='ocrx_word' id='word_1_236' title='bbox 794 1945 908 1988; x_wconf 86' lang='lat' dir='ltr'><strong>erat</strong></span> <span class='ocrx_word' id='word_1_237' title='bbox 955 1937 1194 1993; x_wconf 83' lang='lat' dir='ltr'><strong>omnibus</strong></span> <span class='ocrx_word' id='word_1_238' title='bbox 1229 1942 1590 1998; x_wconf 75' lang='lat' dir='ltr'><strong>animantibus</strong></span> <span class='ocrx_word' id='word_1_239' title='bbox 1637 1946 1774 2013; x_wconf 87' lang='lat' dir='ltr'><strong>agri,</strong></span> <span class='ocrx_word' id='word_1_240' title='bbox 1820 1962 1940 2016; x_wconf 60' lang='lat' dir='ltr'><strong>qua?</strong></span> 
     </span>
    </p>
   </div>
   <div class='ocr_carea' id='block_1_36' title="bbox 357 2024 1938 2106">
    <p class='ocr_par' dir='ltr' id='par_1_36' title="bbox 357 2024 1938 2106">
     <span class='ocr_line' id='line_1_36' title="bbox 357 2024 1938 2106; baseline 0.013 -33"><span class='ocrx_word' id='word_1_241' title='bbox 357 2024 656 2078; x_wconf 69' lang='lat' dir='ltr'><strong>condiderat</strong></span> <span class='ocrx_word' id='word_1_242' title='bbox 687 2026 948 2082; x_wconf 75' lang='lat' dir='ltr'><strong>Dominus</strong></span> <span class='ocrx_word' id='word_1_243' title='bbox 971 2030 1150 2099; x_wconf 82' lang='lat' dir='ltr'><strong>Deus;</strong></span> <span class='ocrx_word' id='word_1_244' title='bbox 1174 2035 1415 2106; x_wconf 73' lang='lat' dir='ltr'><strong>dixitque</strong></span> <span class='ocrx_word' id='word_1_245' title='bbox 1437 2054 1650 2106; x_wconf 78' lang='lat' dir='ltr'><strong>serpens</strong></span> <span class='ocrx_word' id='word_1_246' title='bbox 1677 2041 1889 2094; x_wconf 80' lang='lat' dir='ltr'><strong>mulieri</strong></span> <span class='ocrx_word' id='word_1_247' title='bbox 1918 2057 1938 2095; x_wconf 82' lang='lat'><strong>.&#39;</strong></span> 
     </span>
    </p>
   </div>
   <div class='ocr_carea' id='block_1_37' title="bbox 362 2113 1940 2202">
    <p class='ocr_par' dir='ltr' id='par_1_37' title="bbox 362 2113 1940 2202">
     <span class='ocr_line' id='line_1_37' title="bbox 362 2113 1940 2202; baseline 0.015 -37"><span class='ocrx_word' id='word_1_248' title='bbox 362 2113 488 2168; x_wconf 82' lang='lat' dir='ltr'><strong>l’ere</strong></span> <span class='ocrx_word' id='word_1_249' title='bbox 539 2117 676 2170; x_wconf 76' lang='lat' dir='ltr'><strong>dixit</strong></span> <span class='ocrx_word' id='word_1_250' title='bbox 731 2119 892 2185; x_wconf 85' lang='lat' dir='ltr'><strong>Deus,</strong></span> <span class='ocrx_word' id='word_1_251' title='bbox 939 2140 1001 2178; x_wconf 85' lang='lat' dir='ltr'><strong>ne</strong></span> <span class='ocrx_word' id='word_1_252' title='bbox 1041 2130 1378 2182; x_wconf 77' lang='lat' dir='ltr'><strong>vescercmiui</strong></span> <span class='ocrx_word' id='word_1_253' title='bbox 1412 2131 1475 2182; x_wconf 87' lang='lat' dir='ltr'><strong>de</strong></span> <span class='ocrx_word' id='word_1_254' title='bbox 1509 2132 1748 2186; x_wconf 83' lang='lat' dir='ltr'><strong>omnibus</strong></span> <span class='ocrx_word' id='word_1_255' title='bbox 1777 2150 1940 2202; x_wconf 78' lang='lat' dir='ltr'><strong>para-</strong></span> 
     </span>
    </p>
   </div>
   <div class='ocr_carea' id='block_1_38' title="bbox 341 2204 1938 2296">
    <p class='ocr_par' dir='ltr' id='par_1_38' title="bbox 341 2204 1938 2296">
     <span class='ocr_line' id='line_1_38' title="bbox 341 2204 1938 2296; baseline 0.016 -42"><span class='ocrx_word' id='word_1_256' title='bbox 341 2204 540 2259; x_wconf 77' lang='lat' dir='ltr'><strong>disi&quot;.</strong></span> <span class='ocrx_word' id='word_1_257' title='bbox 591 2207 692 2265; x_wconf 88' lang='lat' dir='ltr'><strong>Hic</strong></span> <span class='ocrx_word' id='word_1_258' title='bbox 749 2212 934 2296; x_wconf 73' lang='lat' dir='ltr'><strong>decem</strong></span> <span class='ocrx_word' id='word_1_259' title='bbox 991 2217 1151 2273; x_wconf 85' lang='lat' dir='ltr'><strong>nobis</strong></span> <span class='ocrx_word' id='word_1_260' title='bbox 1189 2222 1556 2288; x_wconf 72' lang='lat' dir='ltr'><strong>expendendze</strong></span> <span class='ocrx_word' id='word_1_261' title='bbox 1597 2235 1758 2293; x_wconf 88' lang='lat' dir='ltr'><strong>atque</strong></span> <span class='ocrx_word' id='word_1_262' title='bbox 1809 2239 1938 2280; x_wconf 81' lang='lat' dir='ltr'><strong>exa-</strong></span> 
     </span>
    </p>
   </div>
   <div class='ocr_carea' id='block_1_39' title="bbox 343 2301 1939 2386">
    <p class='ocr_par' dir='ltr' id='par_1_39' title="bbox 343 2301 1939 2386">
     <span class='ocr_line' id='line_1_39' title="bbox 343 2301 1939 2386; baseline 0.016 -37"><span class='ocrx_word' id='word_1_263' title='bbox 343 2301 621 2355; x_wconf 64' lang='lat' dir='ltr'><strong>minandae</strong></span> <span class='ocrx_word' id='word_1_264' title='bbox 646 2307 980 2373; x_wconf 70' lang='lat' dir='ltr'><strong>qumstioues</strong></span> <span class='ocrx_word' id='word_1_265' title='bbox 1030 2322 1603 2384; x_wconf 90' lang='lat' dir='ltr'><strong>occurrunt,quarum</strong></span> <span class='ocrx_word' id='word_1_266' title='bbox 1641 2317 1817 2386; x_wconf 91' lang='lat' dir='ltr'><strong>prima</strong></span> <span class='ocrx_word' id='word_1_267' title='bbox 1853 2330 1939 2374; x_wconf 89' lang='lat' dir='ltr'><strong>est</strong></span> 
     </span>
    </p>
   </div>
   <div class='ocr_carea' id='block_1_40' title="bbox 341 2390 1938 2473">
    <p class='ocr_par' dir='ltr' id='par_1_40' title="bbox 341 2390 1938 2473">
     <span class='ocr_line' id='line_1_40' title="bbox 341 2390 1938 2473; baseline 0.015 -30"><span class='ocrx_word' id='word_1_268' title='bbox 341 2390 586 2448; x_wconf 77' lang='lat' dir='ltr'><strong>fueritne</strong></span> <span class='ocrx_word' id='word_1_269' title='bbox 641 2411 964 2466; x_wconf 87' lang='lat' dir='ltr'><strong>corporatus</strong></span> <span class='ocrx_word' id='word_1_270' title='bbox 1016 2419 1242 2473; x_wconf 89' lang='lat' dir='ltr'><strong>serpens</strong></span> <span class='ocrx_word' id='word_1_271' title='bbox 1299 2407 1371 2460; x_wconf 83' lang='lat' dir='ltr'><strong>ila</strong></span> <span class='ocrx_word' id='word_1_272' title='bbox 1426 2417 1485 2461; x_wconf 89' lang='lat' dir='ltr'><strong>ut</strong></span> <span class='ocrx_word' id='word_1_273' title='bbox 1548 2410 1724 2466; x_wconf 90' lang='lat' dir='ltr'><strong>oculis</strong></span> <span class='ocrx_word' id='word_1_274' title='bbox 1788 2421 1938 2467; x_wconf 88' lang='lat' dir='ltr'><strong>esset</strong></span> 
     </span>
    </p>
   </div>
   <div class='ocr_carea' id='block_1_41' title="bbox 341 2485 1937 2567">
    <p class='ocr_par' dir='ltr' id='par_1_41' title="bbox 341 2485 1937 2567">
     <span class='ocr_line' id='line_1_41' title="bbox 341 2485 1937 2567; baseline 0.016 -34"><span class='ocrx_word' id='word_1_275' title='bbox 341 2485 699 2550; x_wconf 83' lang='lat' dir='ltr'><strong>aspectabilis</strong></span> <span class='ocrx_word' id='word_1_276' title='bbox 719 2489 815 2558; x_wconf 86' lang='lat' dir='ltr'><strong>qui</strong></span> <span class='ocrx_word' id='word_1_277' title='bbox 846 2505 970 2544; x_wconf 91' lang='lat' dir='ltr'><strong>cum</strong></span> <span class='ocrx_word' id='word_1_278' title='bbox 1010 2495 1235 2550; x_wconf 88' lang='lat' dir='ltr'><strong>muliere</strong></span> <span class='ocrx_word' id='word_1_279' title='bbox 1259 2497 1692 2567; x_wconf 87' lang='lat' dir='ltr'><strong>colloquehatur,</strong></span> <span class='ocrx_word' id='word_1_280' title='bbox 1713 2517 1781 2557; x_wconf 87' lang='lat' dir='ltr'><strong>an</strong></span> <span class='ocrx_word' id='word_1_281' title='bbox 1809 2519 1937 2558; x_wconf 88' lang='lat' dir='ltr'><strong>vero</strong></span> 
     </span>
    </p>
   </div>
   <div class='ocr_carea' id='block_1_42' title="bbox 343 2573 1934 2662">
    <p class='ocr_par' dir='ltr' id='par_1_42' title="bbox 343 2573 1934 2662">
     <span class='ocr_line' id='line_1_42' title="bbox 343 2573 1934 2662; baseline 0.017 -37"><span class='ocrx_word' id='word_1_282' title='bbox 343 2574 520 2630; x_wconf 85' lang='lat' dir='ltr'><strong>Satan</strong></span> <span class='ocrx_word' id='word_1_283' title='bbox 572 2582 850 2648; x_wconf 80' lang='lat' dir='ltr'><strong>corporali</strong></span> <span class='ocrx_word' id='word_1_284' title='bbox 900 2588 1172 2654; x_wconf 87' lang='lat' dir='ltr'><strong>serpentis</strong></span> <span class='ocrx_word' id='word_1_285' title='bbox 1215 2591 1454 2659; x_wconf 84' lang='lat' dir='ltr'><strong>speciem</strong></span> <span class='ocrx_word' id='word_1_286' title='bbox 1490 2609 1602 2662; x_wconf 66' lang='lat' dir='ltr'><strong>prae</strong></span> <span class='ocrx_word' id='word_1_287' title='bbox 1634 2610 1693 2649; x_wconf 90' lang='lat' dir='ltr'><strong>se</strong></span> <span class='ocrx_word' id='word_1_288' title='bbox 1729 2573 1934 2662; x_wconf 82' lang='lat' dir='ltr'><strong>ferens,</strong></span> 
     </span>
    </p>
   </div>
   <div class='ocr_carea' id='block_1_43' title="bbox 343 2665 1934 2756">
    <p class='ocr_par' dir='ltr' id='par_1_43' title="bbox 343 2665 1934 2756">
     <span class='ocr_line' id='line_1_43' title="bbox 343 2665 1934 2756; baseline 0.016 -38"><span class='ocrx_word' id='word_1_289' title='bbox 343 2665 493 2719; x_wconf 83' lang='lat' dir='ltr'><strong>illam</strong></span> <span class='ocrx_word' id='word_1_290' title='bbox 533 2671 606 2722; x_wconf 89' lang='lat' dir='ltr'><strong>sit</strong></span> <span class='ocrx_word' id='word_1_291' title='bbox 634 2669 956 2739; x_wconf 82' lang='lat' dir='ltr'><strong>aﬂ‘atus;an</strong></span> <span class='ocrx_word' id='word_1_292' title='bbox 987 2677 1226 2747; x_wconf 86' lang='lat' dir='ltr'><strong>denique</strong></span> <span class='ocrx_word' id='word_1_293' title='bbox 1254 2682 1416 2735; x_wconf 82' lang='lat' dir='ltr'><strong>Satau</strong></span> <span class='ocrx_word' id='word_1_294' title='bbox 1447 2685 1587 2738; x_wconf 87' lang='lat' dir='ltr'><strong>intra</strong></span> <span class='ocrx_word' id='word_1_295' title='bbox 1626 2697 1934 2756; x_wconf 89' lang='lat' dir='ltr'><strong>serpentem</strong></span> 
     </span>
    </p>
   </div>
   <div class='ocr_carea' id='block_1_44' title="bbox 343 2756 1939 2837">
    <p class='ocr_par' dir='ltr' id='par_1_44' title="bbox 343 2756 1939 2837">
     <span class='ocr_line' id='line_1_44' title="bbox 343 2756 1939 2837; baseline 0.018 -27"><span class='ocrx_word' id='word_1_296' title='bbox 343 2756 551 2823; x_wconf 84' lang='lat' dir='ltr'><strong>latens,</strong></span> <span class='ocrx_word' id='word_1_297' title='bbox 584 2763 746 2816; x_wconf 81' lang='lat' dir='ltr'><strong>verba</strong></span> <span class='ocrx_word' id='word_1_298' title='bbox 783 2764 870 2819; x_wconf 89' lang='lat' dir='ltr'><strong>illa</strong></span> <span class='ocrx_word' id='word_1_299' title='bbox 902 2767 968 2821; x_wconf 90' lang='lat' dir='ltr'><strong>ad</strong></span> <span class='ocrx_word' id='word_1_300' title='bbox 1013 2770 1296 2826; x_wconf 86' lang='lat' dir='ltr'><strong>mulierem</strong></span> <span class='ocrx_word' id='word_1_301' title='bbox 1336 2772 1548 2830; x_wconf 76' lang='lat' dir='ltr'><strong>fecerit.</strong></span> <span class='ocrx_word' id='word_1_302' title='bbox 1579 2777 1724 2833; x_wconf 87' lang='lat' dir='ltr'><strong>Sane</strong></span> <span class='ocrx_word' id='word_1_303' title='bbox 1762 2781 1939 2837; x_wconf 80' lang='lat' dir='ltr'><strong>domi-</strong></span> 
     </span>
    </p>
   </div>
   <div class='ocr_carea' id='block_1_45' title="bbox 344 2848 1934 2941">
    <p class='ocr_par' dir='ltr' id='par_1_45' title="bbox 344 2848 1934 2941">
     <span class='ocr_line' id='line_1_45' title="bbox 344 2848 1934 2941; baseline 0.017 -41"><span class='ocrx_word' id='word_1_304' title='bbox 344 2864 452 2902; x_wconf 87' lang='lat' dir='ltr'><strong>nus</strong></span> <span class='ocrx_word' id='word_1_305' title='bbox 487 2848 743 2921; x_wconf 73' lang='lat' dir='ltr'><strong>Ephrrem</strong></span> <span class='ocrx_word' id='word_1_306' title='bbox 779 2858 1016 2926; x_wconf 87' lang='lat' dir='ltr'><strong>quodam</strong></span> <span class='ocrx_word' id='word_1_307' title='bbox 1063 2875 1166 2914; x_wconf 92' lang='lat' dir='ltr'><strong>suo</strong></span> <span class='ocrx_word' id='word_1_308' title='bbox 1201 2867 1597 2922; x_wconf 86' lang='lat' dir='ltr'><strong>commentario</strong></span> <span class='ocrx_word' id='word_1_309' title='bbox 1623 2869 1700 2922; x_wconf 86' lang='lat' dir='ltr'><strong>ait</strong></span> <span class='ocrx_word' id='word_1_310' title='bbox 1729 2886 1934 2941; x_wconf 87' lang='lat' dir='ltr'><strong>corpo-</strong></span> 
     </span>
    </p>
   </div>
   <div class='ocr_carea' id='block_1_46' title="bbox 343 2945 1934 3019">
    <p class='ocr_par' dir='ltr' id='par_1_46' title="bbox 343 2945 1934 3019">
     <span class='ocr_line' id='line_1_46' title="bbox 343 2945 1934 3019; baseline 0.017 -29"><span class='ocrx_word' id='word_1_311' title='bbox 343 2948 527 2994; x_wconf 85' lang='lat' dir='ltr'><strong>ratum</strong></span> <span class='ocrx_word' id='word_1_312' title='bbox 560 2954 868 3013; x_wconf 88' lang='lat' dir='ltr'><strong>serpentem</strong></span> <span class='ocrx_word' id='word_1_313' title='bbox 889 2945 1079 3013; x_wconf 77' lang='lat' dir='ltr'><strong>fuisse,</strong></span> <span class='ocrx_word' id='word_1_314' title='bbox 1099 2950 1192 3019; x_wconf 90' lang='lat' dir='ltr'><strong>qui</strong></span> <span class='ocrx_word' id='word_1_315' title='bbox 1212 2953 1497 3008; x_wconf 89' lang='lat' dir='ltr'><strong>mulierem</strong></span> <span class='ocrx_word' id='word_1_316' title='bbox 1519 2957 1794 3014; x_wconf 88' lang='lat' dir='ltr'><strong>allocutus</strong></span> <span class='ocrx_word' id='word_1_317' title='bbox 1818 2971 1934 3017; x_wconf 89' lang='lat' dir='ltr'><strong>est:</strong></span> 
     </span>
    </p>
   </div>
   <div class='ocr_carea' id='block_1_47' title="bbox 344 3026 1937 3111">
    <p class='ocr_par' dir='ltr' id='par_1_47' title="bbox 344 3026 1937 3111">
     <span class='ocr_line' id='line_1_47' title="bbox 344 3026 1937 3111; baseline 0.017 -33"><span class='ocrx_word' id='word_1_318' title='bbox 344 3026 616 3084; x_wconf 87' lang='lat' dir='ltr'><strong>Satanam</strong></span> <span class='ocrx_word' id='word_1_319' title='bbox 639 3033 782 3086; x_wconf 89' lang='lat' dir='ltr'><strong>enim</strong></span> <span class='ocrx_word' id='word_1_320' title='bbox 808 3049 838 3087; x_wconf 90' lang='lat' dir='ltr'><strong>a</strong></span> <span class='ocrx_word' id='word_1_321' title='bbox 867 3034 976 3090; x_wconf 90' lang='lat' dir='ltr'><strong>Deo</strong></span> <span class='ocrx_word' id='word_1_322' title='bbox 997 3038 1276 3106; x_wconf 85' lang='lat' dir='ltr'><strong>petivisse,</strong></span> <span class='ocrx_word' id='word_1_323' title='bbox 1298 3051 1354 3094; x_wconf 91' lang='lat' dir='ltr'><strong>ut</strong></span> <span class='ocrx_word' id='word_1_324' title='bbox 1376 3046 1613 3111; x_wconf 85' lang='lat' dir='ltr'><strong>serpenti</strong></span> <span class='ocrx_word' id='word_1_325' title='bbox 1665 3051 1937 3105; x_wconf 85' lang='lat' dir='ltr'><strong>sermonis</strong></span> 
     </span>
    </p>
   </div>
   <div class='ocr_carea' id='block_1_48' title="bbox 343 3116 1932 3208">
    <p class='ocr_par' dir='ltr' id='par_1_48' title="bbox 343 3116 1932 3208">
     <span class='ocr_line' id='line_1_48' title="bbox 343 3116 1932 3208; baseline 0.015 -38"><span class='ocrx_word' id='word_1_326' title='bbox 343 3116 666 3176; x_wconf 77' lang='lat' dir='ltr'><strong>facultatem</strong></span> <span class='ocrx_word' id='word_1_327' title='bbox 725 3127 1049 3180; x_wconf 85' lang='lat' dir='ltr'><strong>concederet</strong></span> <span class='ocrx_word' id='word_1_328' title='bbox 1120 3131 1188 3182; x_wconf 92' lang='lat' dir='ltr'><strong>ad</strong></span> <span class='ocrx_word' id='word_1_329' title='bbox 1245 3133 1567 3188; x_wconf 88' lang='lat' dir='ltr'><strong>tentandum</strong></span> <span class='ocrx_word' id='word_1_330' title='bbox 1621 3137 1932 3208; x_wconf 87' lang='lat' dir='ltr'><strong>Adamum;</strong></span> 
     </span>
    </p>
   </div>
   <div class='ocr_carea' id='block_1_49' title="bbox 344 3211 1934 3303">
    <p class='ocr_par' dir='ltr' id='par_1_49' title="bbox 344 3211 1934 3303">
     <span class='ocr_line' id='line_1_49' title="bbox 344 3211 1934 3303; baseline 0.016 -40"><span class='ocrx_word' id='word_1_331' title='bbox 344 3211 494 3266; x_wconf 86' lang='lat' dir='ltr'><strong>sicut</strong></span> <span class='ocrx_word' id='word_1_332' title='bbox 528 3227 663 3283; x_wconf 91' lang='lat' dir='ltr'><strong>opes</strong></span> <span class='ocrx_word' id='word_1_333' title='bbox 683 3213 807 3270; x_wconf 85' lang='lat' dir='ltr'><strong>Jobi</strong></span> <span class='ocrx_word' id='word_1_334' title='bbox 843 3233 1062 3288; x_wconf 90' lang='lat' dir='ltr'><strong>quoque</strong></span> <span class='ocrx_word' id='word_1_335' title='bbox 1087 3222 1187 3275; x_wconf 83' lang='lat' dir='ltr'><strong>sibi</strong></span> <span class='ocrx_word' id='word_1_336' title='bbox 1213 3226 1449 3291; x_wconf 84' lang='lat' dir='ltr'><strong>permitti</strong></span> <span class='ocrx_word' id='word_1_337' title='bbox 1481 3230 1798 3296; x_wconf 82' lang='lat' dir='ltr'><strong>postulavit,</strong></span> <span class='ocrx_word' id='word_1_338' title='bbox 1823 3247 1934 3303; x_wconf 91' lang='lat' dir='ltr'><strong>quo</strong></span> 
     </span>
    </p>
   </div>
   <div class='ocr_carea' id='block_1_50' title="bbox 343 3304 1936 3391">
    <p class='ocr_par' dir='ltr' id='par_1_50' title="bbox 343 3304 1936 3391">
     <span class='ocr_line' id='line_1_50' title="bbox 343 3304 1936 3391; baseline 0.016 -36"><span class='ocrx_word' id='word_1_339' title='bbox 343 3304 415 3358; x_wconf 86' lang='lat' dir='ltr'><strong>de</strong></span> <span class='ocrx_word' id='word_1_340' title='bbox 452 3306 574 3372; x_wconf 84' lang='lat' dir='ltr'><strong>ejus</strong></span> <span class='ocrx_word' id='word_1_341' title='bbox 613 3308 873 3376; x_wconf 85' lang='lat' dir='ltr'><strong>patientia</strong></span> <span class='ocrx_word' id='word_1_342' title='bbox 903 3310 1108 3366; x_wconf 82' lang='lat' dir='ltr'><strong>laceret</strong></span> <span class='ocrx_word' id='word_1_343' title='bbox 1133 3317 1458 3384; x_wconf 87' lang='lat' dir='ltr'><strong>periculum.</strong></span> <span class='ocrx_word' id='word_1_344' title='bbox 1491 3319 1568 3374; x_wconf 80' lang='lat' dir='ltr'><strong>Ex</strong></span> <span class='ocrx_word' id='word_1_345' title='bbox 1603 3338 1711 3391; x_wconf 91' lang='lat' dir='ltr'><strong>quo</strong></span> <span class='ocrx_word' id='word_1_346' title='bbox 1742 3338 1936 3380; x_wconf 80' lang='lat' dir='ltr'><strong>conse-</strong></span> 
     </span>
    </p>
   </div>
   <div class='ocr_carea' id='block_1_51' title="bbox 343 3397 1933 3474">
    <p class='ocr_par' dir='ltr' id='par_1_51' title="bbox 343 3397 1933 3474">
     <span class='ocr_line' id='line_1_51' title="bbox 343 3397 1933 3474; baseline 0.017 -28"><span class='ocrx_word' id='word_1_347' title='bbox 343 3397 558 3463; x_wconf 85' lang='lat' dir='ltr'><strong>quitur,</strong></span> <span class='ocrx_word' id='word_1_348' title='bbox 593 3398 668 3453; x_wconf 90' lang='lat' dir='ltr'><strong>ita</strong></span> <span class='ocrx_word' id='word_1_349' title='bbox 718 3401 793 3455; x_wconf 91' lang='lat' dir='ltr'><strong>illi</strong></span> <span class='ocrx_word' id='word_1_350' title='bbox 842 3418 1111 3472; x_wconf 89' lang='lat' dir='ltr'><strong>corporeo</strong></span> <span class='ocrx_word' id='word_1_351' title='bbox 1146 3409 1386 3474; x_wconf 90' lang='lat' dir='ltr'><strong>serpenti</strong></span> <span class='ocrx_word' id='word_1_352' title='bbox 1436 3415 1708 3470; x_wconf 89' lang='lat' dir='ltr'><strong>sermonis</strong></span> <span class='ocrx_word' id='word_1_353' title='bbox 1771 3432 1933 3473; x_wconf 90' lang='lat' dir='ltr'><strong>usum</strong></span> 
     </span>
    </p>
   </div>
   <div class='ocr_carea' id='block_1_52' title="bbox 341 3483 1935 3567">
    <p class='ocr_par' dir='ltr' id='par_1_52' title="bbox 341 3483 1935 3567">
     <span class='ocr_line' id='line_1_52' title="bbox 341 3483 1935 3567; baseline 0.017 -31"><span class='ocrx_word' id='word_1_354' title='bbox 341 3483 525 3540; x_wconf 75' lang='lat' dir='ltr'><strong>fuisse</strong></span> <span class='ocrx_word' id='word_1_355' title='bbox 573 3488 784 3556; x_wconf 86' lang='lat' dir='ltr'><strong>datum,</strong></span> <span class='ocrx_word' id='word_1_356' title='bbox 837 3503 896 3547; x_wconf 93' lang='lat' dir='ltr'><strong>ut</strong></span> <span class='ocrx_word' id='word_1_357' title='bbox 957 3495 1129 3550; x_wconf 82' lang='lat' dir='ltr'><strong>asinae</strong></span> <span class='ocrx_word' id='word_1_358' title='bbox 1176 3496 1434 3567; x_wconf 86' lang='lat' dir='ltr'><strong>Balaam;</strong></span> <span class='ocrx_word' id='word_1_359' title='bbox 1469 3503 1580 3556; x_wconf 91' lang='lat' dir='ltr'><strong>imo</strong></span> <span class='ocrx_word' id='word_1_360' title='bbox 1634 3520 1764 3559; x_wconf 90' lang='lat' dir='ltr'><strong>vero</strong></span> <span class='ocrx_word' id='word_1_361' title='bbox 1827 3523 1935 3564; x_wconf 91' lang='lat' dir='ltr'><strong>non</strong></span> 
     </span>
    </p>
   </div>
   <div class='ocr_carea' id='block_1_53' title="bbox 343 3577 1934 3656">
    <p class='ocr_par' dir='ltr' id='par_1_53' title="bbox 343 3577 1934 3656">
     <span class='ocr_line' id='line_1_53' title="bbox 343 3577 1934 3656; baseline 0.017 -28"><span class='ocrx_word' id='word_1_362' title='bbox 343 3577 524 3633; x_wconf 82' lang='lat' dir='ltr'><strong>solam</strong></span> <span class='ocrx_word' id='word_1_363' title='bbox 573 3582 964 3652; x_wconf 72' lang='lat' dir='ltr'><strong>elocutionem,</strong></span> <span class='ocrx_word' id='word_1_364' title='bbox 1009 3605 1196 3643; x_wconf 91' lang='lat' dir='ltr'><strong>verum</strong></span> <span class='ocrx_word' id='word_1_365' title='bbox 1243 3594 1405 3646; x_wconf 86' lang='lat' dir='ltr'><strong>etiam</strong></span> <span class='ocrx_word' id='word_1_366' title='bbox 1469 3597 1806 3653; x_wconf 88' lang='lat' dir='ltr'><strong>intellectum</strong></span> <span class='ocrx_word' id='word_1_367' title='bbox 1858 3603 1934 3656; x_wconf 90' lang='lat' dir='ltr'><strong>illi</strong></span> 
     </span>
    </p>
   </div>
   <div class='ocr_carea' id='block_1_54' title="bbox 341 3666 1932 3756">
    <p class='ocr_par' dir='ltr' id='par_1_54' title="bbox 341 3666 1932 3756">
     <span class='ocr_line' id='line_1_54' title="bbox 341 3666 1932 3756; baseline 0.017 -34"><span class='ocrx_word' id='word_1_368' title='bbox 341 3675 593 3740; x_wconf 74' lang='lat' dir='ltr'><strong>serpenti</strong></span> <span class='ocrx_word' id='word_1_369' title='bbox 650 3676 884 3733; x_wconf 86' lang='lat' dir='ltr'><strong>inditum</strong></span> <span class='ocrx_word' id='word_1_370' title='bbox 943 3679 1115 3736; x_wconf 81' lang='lat' dir='ltr'><strong>fuisse</strong></span> <span class='ocrx_word' id='word_1_371' title='bbox 1169 3666 1405 3738; x_wconf 83' lang='lat' dir='ltr'><strong>allirmat.</strong></span> <span class='ocrx_word' id='word_1_372' title='bbox 1464 3686 1750 3756; x_wconf 70' lang='lat' dir='ltr'><strong>Ephrtem,</strong></span> <span class='ocrx_word' id='word_1_373' title='bbox 1808 3709 1932 3748; x_wconf 85' lang='lat' dir='ltr'><strong>cum</strong></span> 
     </span>
    </p>
   </div>
   <div class='ocr_carea' id='block_1_55' title="bbox 347 3763 1932 3840">
    <p class='ocr_par' dir='ltr' id='par_1_55' title="bbox 347 3763 1932 3840">
     <span class='ocr_line' id='line_1_55' title="bbox 347 3763 1932 3840; baseline 0.016 -26"><span class='ocrx_word' id='word_1_374' title='bbox 347 3763 498 3818; x_wconf 78' lang='lat' dir='ltr'><strong>Deus</strong></span> <span class='ocrx_word' id='word_1_375' title='bbox 533 3766 714 3832; x_wconf 90' lang='lat' dir='ltr'><strong>ipsum</strong></span> <span class='ocrx_word' id='word_1_376' title='bbox 765 3780 822 3824; x_wconf 91' lang='lat' dir='ltr'><strong>ut</strong></span> <span class='ocrx_word' id='word_1_377' title='bbox 853 3771 1248 3840; x_wconf 77' lang='lat' dir='ltr'><strong>iutelligeutem</strong></span> <span class='ocrx_word' id='word_1_378' title='bbox 1290 3778 1362 3831; x_wconf 92' lang='lat' dir='ltr'><strong>sit</strong></span> <span class='ocrx_word' id='word_1_379' title='bbox 1407 3778 1604 3835; x_wconf 68' lang='lat' dir='ltr'><strong>allatus</strong></span> <span class='ocrx_word' id='word_1_380' title='bbox 1640 3783 1724 3838; x_wconf 92' lang='lat' dir='ltr'><strong>his</strong></span> <span class='ocrx_word' id='word_1_381' title='bbox 1759 3785 1932 3838; x_wconf 88' lang='lat' dir='ltr'><strong>male-</strong></span> 
     </span>
    </p>
   </div>
   <div class='ocr_carea' id='block_1_56' title="bbox 351 3853 1934 3942">
    <p class='ocr_par' dir='ltr' id='par_1_56' title="bbox 351 3853 1934 3942">
     <span class='ocr_line' id='line_1_56' title="bbox 351 3853 1934 3942; baseline 0.014 -36"><span class='ocrx_word' id='word_1_382' title='bbox 351 3853 510 3908; x_wconf 85' lang='lat' dir='ltr'><strong>dictis</strong></span> <span class='ocrx_word' id='word_1_383' title='bbox 547 3859 923 3930; x_wconf 73' lang='lat' dir='ltr'><strong>perstringens</strong></span> <span class='ocrx_word' id='word_1_384' title='bbox 971 3881 983 3917; x_wconf 92' lang='lat'>:</span> <span class='ocrx_word' id='word_1_385' title='bbox 1037 3863 1310 3920; x_wconf 83' lang='lat' dir='ltr'><strong>Pulverem</strong></span> <span class='ocrx_word' id='word_1_386' title='bbox 1355 3868 1496 3935; x_wconf 81' lang='lat' dir='ltr'><strong>edes,</strong></span> <span class='ocrx_word' id='word_1_387' title='bbox 1533 3879 1584 3924; x_wconf 88' lang='lat' dir='ltr'><strong>et</strong></span> <span class='ocrx_word' id='word_1_388' title='bbox 1628 3889 1786 3942; x_wconf 82' lang='lat' dir='ltr'><strong>super</strong></span> <span class='ocrx_word' id='word_1_389' title='bbox 1813 3891 1934 3928; x_wconf 78' lang='lat' dir='ltr'><strong>ven-</strong></span> 
     </span>
    </p>
   </div>
   <div class='ocr_carea' id='block_1_57' title="bbox 350 3952 1932 4030">
    <p class='ocr_par' dir='ltr' id='par_1_57' title="bbox 350 3952 1932 4030">
     <span class='ocr_line' id='line_1_57' title="bbox 350 3952 1932 4030; baseline 0.016 -33"><span class='ocrx_word' id='word_1_390' title='bbox 350 3955 483 4000; x_wconf 75' lang='lat' dir='ltr'><strong>trem</strong></span> <span class='ocrx_word' id='word_1_391' title='bbox 506 3961 655 4030; x_wconf 58' lang='lat' dir='ltr'><strong>tinum</strong></span> <span class='ocrx_word' id='word_1_392' title='bbox 678 3952 1058 4011; x_wconf 82' lang='lat' dir='ltr'><strong>ambulabis”.</strong></span> <span class='ocrx_word' id='word_1_393' title='bbox 1084 3958 1319 4029; x_wconf 85' lang='lat' dir='ltr'><strong>Cyrillus</strong></span> <span class='ocrx_word' id='word_1_394' title='bbox 1341 3965 1754 4026; x_wconf 85' lang='lat' dir='ltr'><strong>vero,oratione</strong></span> <span class='ocrx_word' id='word_1_395' title='bbox 1777 3968 1932 4022; x_wconf 90' lang='lat' dir='ltr'><strong>tertia</strong></span> 
     </span>
    </p>
   </div>
   <div class='ocr_carea' id='block_1_58' title="bbox 347 4041 1935 4124">
    <p class='ocr_par' dir='ltr' id='par_1_58' title="bbox 347 4041 1935 4124">
     <span class='ocr_line' id='line_1_58' title="bbox 347 4041 1935 4124; baseline 0.011 -28"><span class='ocrx_word' id='word_1_396' title='bbox 347 4041 618 4099; x_wconf 78' lang='lat' dir='ltr'><strong>adversus</strong></span> <span class='ocrx_word' id='word_1_397' title='bbox 647 4044 924 4102; x_wconf 83' lang='lat' dir='ltr'><strong>Juliauum</strong></span> <span class='ocrx_word' id='word_1_398' title='bbox 955 4049 1264 4120; x_wconf 80' lang='lat' dir='ltr'><strong>perlugam,</strong></span> <span class='ocrx_word' id='word_1_399' title='bbox 1289 4054 1366 4108; x_wconf 90' lang='lat' dir='ltr'><strong>ait</strong></span> <span class='ocrx_word' id='word_1_400' title='bbox 1390 4055 1570 4124; x_wconf 87' lang='lat' dir='ltr'><strong>ipsum</strong></span> <span class='ocrx_word' id='word_1_401' title='bbox 1595 4053 1851 4112; x_wconf 85' lang='lat' dir='ltr'><strong>Satanam</strong></span> <span class='ocrx_word' id='word_1_402' title='bbox 1876 4075 1935 4115; x_wconf 80' lang='lat' dir='ltr'><strong>se</strong></span> 
     </span>
    </p>
   </div>
   <div class='ocr_carea' id='block_1_59' title="bbox 339 4134 1936 4215">
    <p class='ocr_par' dir='ltr' id='par_1_59' title="bbox 339 4134 1936 4215">
     <span class='ocr_line' id='line_1_59' title="bbox 339 4134 1936 4215; baseline 0.012 -26"><span class='ocrx_word' id='word_1_403' title='bbox 339 4134 404 4189; x_wconf 84' lang='lat' dir='ltr'><strong>in</strong></span> <span class='ocrx_word' id='word_1_404' title='bbox 448 4149 708 4206; x_wconf 87' lang='lat' dir='ltr'><strong>serpente</strong></span> <span class='ocrx_word' id='word_1_405' title='bbox 750 4140 1196 4208; x_wconf 82' lang='lat' dir='ltr'><strong>trausformasse,</strong></span> <span class='ocrx_word' id='word_1_406' title='bbox 1226 4154 1390 4215; x_wconf 87' lang='lat' dir='ltr'><strong>atque</strong></span> <span class='ocrx_word' id='word_1_407' title='bbox 1424 4147 1499 4201; x_wconf 92' lang='lat' dir='ltr'><strong>ita</strong></span> <span class='ocrx_word' id='word_1_408' title='bbox 1547 4164 1671 4202; x_wconf 90' lang='lat' dir='ltr'><strong>eum</strong></span> <span class='ocrx_word' id='word_1_409' title='bbox 1709 4153 1936 4208; x_wconf 76' lang='lat' dir='ltr'><strong>muliere</strong></span> 
     </span>
    </p>
   </div>
   <div class='ocr_carea' id='block_1_60' title="bbox 340 4229 1933 4309">
    <p class='ocr_par' dir='ltr' id='par_1_60' title="bbox 340 4229 1933 4309">
     <span class='ocr_line' id='line_1_60' title="bbox 340 4229 1933 4309; baseline 0.009 -25"><span class='ocrx_word' id='word_1_410' title='bbox 340 4229 682 4284; x_wconf 86' lang='lat' dir='ltr'><strong>collocutum</strong></span> <span class='ocrx_word' id='word_1_411' title='bbox 726 4247 883 4296; x_wconf 89' lang='lat' dir='ltr'><strong>esse;</strong></span> <span class='ocrx_word' id='word_1_412' title='bbox 933 4249 996 4288; x_wconf 89' lang='lat' dir='ltr'><strong>ac</strong></span> <span class='ocrx_word' id='word_1_413' title='bbox 1052 4237 1281 4304; x_wconf 89' lang='lat' dir='ltr'><strong>proinde</strong></span> <span class='ocrx_word' id='word_1_414' title='bbox 1335 4238 1509 4306; x_wconf 90' lang='lat' dir='ltr'><strong>ipsum</strong></span> <span class='ocrx_word' id='word_1_415' title='bbox 1563 4254 1782 4309; x_wconf 85' lang='lat' dir='ltr'><strong>quoque</strong></span> <span class='ocrx_word' id='word_1_416' title='bbox 1831 4245 1933 4298; x_wconf 88' lang='lat' dir='ltr'><strong>sub</strong></span> 
     </span>
    </p>
   </div>
   <div class='ocr_carea' id='block_1_61' title="bbox 337 4323 1930 4402">
    <p class='ocr_par' dir='ltr' id='par_1_61' title="bbox 337 4323 1930 4402">
     <span class='ocr_line' id='line_1_61' title="bbox 337 4323 1930 4402; baseline 0.009 -27"><span class='ocrx_word' id='word_1_417' title='bbox 337 4323 622 4390; x_wconf 88' lang='lat' dir='ltr'><strong>serpentis</strong></span> <span class='ocrx_word' id='word_1_418' title='bbox 639 4339 870 4392; x_wconf 88' lang='lat' dir='ltr'><strong>persona</strong></span> <span class='ocrx_word' id='word_1_419' title='bbox 898 4325 1098 4382; x_wconf 89' lang='lat' dir='ltr'><strong>divinis</strong></span> <span class='ocrx_word' id='word_1_420' title='bbox 1122 4329 1425 4385; x_wconf 83' lang='lat' dir='ltr'><strong>maledictis</strong></span> <span class='ocrx_word' id='word_1_421' title='bbox 1447 4335 1930 4402; x_wconf 66' lang='lat' dir='ltr'><strong>esse&#39;pcrculsum.</strong></span> 
     </span>
    </p>
   </div>
   <div class='ocr_carea' id='block_1_62' title="bbox 343 4413 1934 4498">
    <p class='ocr_par' dir='ltr' id='par_1_62' title="bbox 343 4413 1934 4498">
     <span class='ocr_line' id='line_1_62' title="bbox 343 4413 1934 4498; baseline 0.012 -33"><span class='ocrx_word' id='word_1_422' title='bbox 343 4413 646 4469; x_wconf 76' lang='lat' dir='ltr'><strong>Existimat</strong></span> <span class='ocrx_word' id='word_1_423' title='bbox 699 4417 843 4470; x_wconf 88' lang='lat' dir='ltr'><strong>enim</strong></span> <span class='ocrx_word' id='word_1_424' title='bbox 915 4417 1182 4490; x_wconf 72' lang='lat' dir='ltr'><strong>Cyrillus,</strong></span> <span class='ocrx_word' id='word_1_425' title='bbox 1244 4423 1546 4478; x_wconf 67' lang='lat' dir='ltr'><strong>daemonem</strong></span> <span class='ocrx_word' id='word_1_426' title='bbox 1613 4441 1776 4496; x_wconf 89' lang='lat' dir='ltr'><strong>posse</strong></span> <span class='ocrx_word' id='word_1_427' title='bbox 1835 4444 1934 4498; x_wconf 88' lang='lat' dir='ltr'><strong>pro</strong></span> 
     </span>
    </p>
   </div>
   <div class='ocr_carea' id='block_1_63' title="bbox 2044 1931 3627 2001">
    <p class='ocr_par' dir='ltr' id='par_1_63' title="bbox 2044 1931 3627 2001">
     <span class='ocr_line' id='line_1_63' title="bbox 2044 1931 3627 2001; baseline 0.001 -15"><span class='ocrx_word' id='word_1_428' title='bbox 2044 1933 2202 1988; x_wconf 86' lang='lat' dir='ltr'><strong>bus:</strong></span> <span class='ocrx_word' id='word_1_429' title='bbox 2245 1948 2310 1987; x_wconf 88' lang='lat' dir='ltr'><strong>ac</strong></span> <span class='ocrx_word' id='word_1_430' title='bbox 2362 1931 2592 2001; x_wconf 87' lang='lat' dir='ltr'><strong>proinde</strong></span> <span class='ocrx_word' id='word_1_431' title='bbox 2652 1932 2761 1984; x_wconf 81' lang='lat' dir='ltr'><strong>Eva</strong></span> <span class='ocrx_word' id='word_1_432' title='bbox 2817 1948 2846 1984; x_wconf 89' lang='lat' dir='ltr'><strong>a</strong></span> <span class='ocrx_word' id='word_1_433' title='bbox 2903 1931 3021 1985; x_wconf 87' lang='lat' dir='ltr'><strong>viro</strong></span> <span class='ocrx_word' id='word_1_434' title='bbox 3074 1932 3268 1987; x_wconf 89' lang='lat' dir='ltr'><strong>edocta</strong></span> <span class='ocrx_word' id='word_1_435' title='bbox 3329 1932 3627 1987; x_wconf 85' lang='lat' dir='ltr'><strong>bestiarum</strong></span> 
     </span>
    </p>
   </div>
   <div class='ocr_carea' id='block_1_64' title="bbox 2042 2023 3626 2096">
    <p class='ocr_par' dir='ltr' id='par_1_64' title="bbox 2042 2023 3626 2096">
     <span class='ocr_line' id='line_1_64' title="bbox 2042 2023 3626 2096; baseline 0.002 -17"><span class='ocrx_word' id='word_1_436' title='bbox 2042 2025 2263 2080; x_wconf 88' lang='lat' dir='ltr'><strong>nomine</strong></span> <span class='ocrx_word' id='word_1_437' title='bbox 2290 2031 2622 2095; x_wconf 88' lang='lat' dir='ltr'><strong>serpentem,</strong></span> <span class='ocrx_word' id='word_1_438' title='bbox 2651 2023 2799 2094; x_wconf 91' lang='lat' dir='ltr'><strong>quod</strong></span> <span class='ocrx_word' id='word_1_439' title='bbox 2817 2039 2882 2078; x_wconf 80' lang='lat' dir='ltr'><strong>ex</strong></span> <span class='ocrx_word' id='word_1_440' title='bbox 2909 2024 3209 2079; x_wconf 88' lang='lat' dir='ltr'><strong>bestiarum</strong></span> <span class='ocrx_word' id='word_1_441' title='bbox 3235 2041 3432 2096; x_wconf 78' lang='lat' dir='ltr'><strong>genere</strong></span> <span class='ocrx_word' id='word_1_442' title='bbox 3457 2037 3626 2090; x_wconf 89' lang='lat' dir='ltr'><strong>esset,</strong></span> 
     </span>
    </p>
   </div>
   <div class='ocr_carea' id='block_1_65' title="bbox 2046 2116 3624 2190">
    <p class='ocr_par' dir='ltr' id='par_1_65' title="bbox 2046 2116 3624 2190">
     <span class='ocr_line' id='line_1_65' title="bbox 2046 2116 3624 2190; baseline 0.003 -20"><span class='ocrx_word' id='word_1_443' title='bbox 2046 2116 2245 2185; x_wconf 81' lang='lat' dir='ltr'><strong>licvio;</strong></span> <span class='ocrx_word' id='word_1_444' title='bbox 2293 2118 2398 2173; x_wconf 90' lang='lat' dir='ltr'><strong>hoc</strong></span> <span class='ocrx_word' id='word_1_445' title='bbox 2445 2128 2552 2183; x_wconf 91' lang='lat' dir='ltr'><strong>est,</strong></span> <span class='ocrx_word' id='word_1_446' title='bbox 2588 2118 2782 2172; x_wconf 69' lang='lat' dir='ltr'><strong>bestia:</strong></span> <span class='ocrx_word' id='word_1_447' title='bbox 2825 2119 3049 2172; x_wconf 88' lang='lat' dir='ltr'><strong>nomine</strong></span> <span class='ocrx_word' id='word_1_448' title='bbox 3099 2121 3438 2188; x_wconf 84' lang='lat' dir='ltr'><strong>appellavit;</strong></span> <span class='ocrx_word' id='word_1_449' title='bbox 3476 2121 3624 2190; x_wconf 89' lang='lat' dir='ltr'><strong>quod</strong></span> 
     </span>
    </p>
   </div>
   <div class='ocr_carea' id='block_1_66' title="bbox 2041 2210 3625 2280">
    <p class='ocr_par' dir='ltr' id='par_1_66' title="bbox 2041 2210 3625 2280">
     <span class='ocr_line' id='line_1_66' title="bbox 2041 2210 3625 2280; baseline 0.002 -14"><span class='ocrx_word' id='word_1_450' title='bbox 2041 2227 2240 2266; x_wconf 88' lang='lat' dir='ltr'><strong>nomen</strong></span> <span class='ocrx_word' id='word_1_451' title='bbox 2294 2213 2364 2266; x_wconf 91' lang='lat' dir='ltr'><strong>ab</strong></span> <span class='ocrx_word' id='word_1_452' title='bbox 2417 2210 2627 2265; x_wconf 83' lang='lat' dir='ltr'><strong>Adamo</strong></span> <span class='ocrx_word' id='word_1_453' title='bbox 2661 2211 2929 2266; x_wconf 84' lang='lat' dir='ltr'><strong>didicerat</strong></span> <span class='ocrx_word' id='word_1_454' title='bbox 2983 2212 3213 2266; x_wconf 85' lang='lat' dir='ltr'><strong>scilicet.</strong></span> <span class='ocrx_word' id='word_1_455' title='bbox 3276 2212 3404 2266; x_wconf 88' lang='lat' dir='ltr'><strong>Erat</strong></span> <span class='ocrx_word' id='word_1_456' title='bbox 3460 2215 3625 2280; x_wconf 77' lang='lat' dir='ltr'><strong>igitur</strong></span> 
     </span>
    </p>
   </div>
   <div class='ocr_carea' id='block_1_67' title="bbox 2040 2303 3625 2374">
    <p class='ocr_par' dir='ltr' id='par_1_67' title="bbox 2040 2303 3625 2374">
     <span class='ocr_line' id='line_1_67' title="bbox 2040 2303 3625 2374; baseline -0.001 -15"><span class='ocrx_word' id='word_1_457' title='bbox 2040 2319 2267 2374; x_wconf 85' lang='lat' dir='ltr'><strong>serpens</strong></span> <span class='ocrx_word' id='word_1_458' title='bbox 2315 2320 2380 2358; x_wconf 82' lang='lat' dir='ltr'><strong>ex</strong></span> <span class='ocrx_word' id='word_1_459' title='bbox 2434 2303 2732 2359; x_wconf 88' lang='lat' dir='ltr'><strong>bestiarum</strong></span> <span class='ocrx_word' id='word_1_460' title='bbox 2791 2319 3007 2374; x_wconf 80' lang='lat' dir='ltr'><strong>genere,</strong></span> <span class='ocrx_word' id='word_1_461' title='bbox 3046 2320 3152 2357; x_wconf 92' lang='lat' dir='ltr'><strong>non</strong></span> <span class='ocrx_word' id='word_1_462' title='bbox 3203 2314 3383 2358; x_wconf 91' lang='lat' dir='ltr'><strong>autem</strong></span> <span class='ocrx_word' id='word_1_463' title='bbox 3432 2320 3625 2359; x_wconf 88' lang='lat' dir='ltr'><strong>eorum</strong></span> 
     </span>
    </p>
   </div>
   <div class='ocr_carea' id='block_1_68' title="bbox 2041 2395 3627 2466">
    <p class='ocr_par' dir='ltr' id='par_1_68' title="bbox 2041 2395 3627 2466">
     <span class='ocr_line' id='line_1_68' title="bbox 2041 2395 3627 2466; baseline -0.001 -14"><span class='ocrx_word' id='word_1_464' title='bbox 2041 2399 2402 2452; x_wconf 89' lang='lat' dir='ltr'><strong>animantium</strong></span> <span class='ocrx_word' id='word_1_465' title='bbox 2441 2413 2562 2466; x_wconf 76' lang='lat' dir='ltr'><strong>quae</strong></span> <span class='ocrx_word' id='word_1_466' title='bbox 2595 2395 2807 2466; x_wconf 87' lang='lat' dir='ltr'><strong>reptilia</strong></span> <span class='ocrx_word' id='word_1_467' title='bbox 2862 2395 3140 2450; x_wconf 87' lang='lat' dir='ltr'><strong>dicuntur.</strong></span> <span class='ocrx_word' id='word_1_468' title='bbox 3176 2395 3420 2460; x_wconf 74' lang='lat' dir='ltr'><strong>Quaestio</strong></span> <span class='ocrx_word' id='word_1_469' title='bbox 3471 2397 3627 2450; x_wconf 90' lang='lat' dir='ltr'><strong>tertia</strong></span> 
     </span>
    </p>
   </div>
   <div class='ocr_carea' id='block_1_69' title="bbox 2039 2488 3626 2559">
    <p class='ocr_par' dir='ltr' id='par_1_69' title="bbox 2039 2488 3626 2559">
     <span class='ocr_line' id='line_1_69' title="bbox 2039 2488 3626 2559; baseline -0.004 -14"><span class='ocrx_word' id='word_1_470' title='bbox 2039 2498 2123 2545; x_wconf 86' lang='lat' dir='ltr'><strong>est</strong></span> <span class='ocrx_word' id='word_1_471' title='bbox 2156 2509 2167 2544; x_wconf 93' lang='lat'><strong>:</strong></span> <span class='ocrx_word' id='word_1_472' title='bbox 2199 2493 2281 2543; x_wconf 88' lang='lat' dir='ltr'><strong>An</strong></span> <span class='ocrx_word' id='word_1_473' title='bbox 2305 2491 2468 2559; x_wconf 80' lang='lat' dir='ltr'><strong>pedes</strong></span> <span class='ocrx_word' id='word_1_474' title='bbox 2496 2489 2746 2543; x_wconf 88' lang='lat' dir='ltr'><strong>habuerit</strong></span> <span class='ocrx_word' id='word_1_475' title='bbox 2768 2503 3027 2557; x_wconf 88' lang='lat' dir='ltr'><strong>serpens;</strong></span> <span class='ocrx_word' id='word_1_476' title='bbox 3054 2497 3127 2551; x_wconf 89' lang='lat' dir='ltr'><strong>et,</strong></span> <span class='ocrx_word' id='word_1_477' title='bbox 3149 2489 3192 2541; x_wconf 90' lang='lat' dir='ltr'><strong>si</strong></span> <span class='ocrx_word' id='word_1_478' title='bbox 3218 2488 3407 2541; x_wconf 82' lang='lat' dir='ltr'><strong>habuit</strong></span> <span class='ocrx_word' id='word_1_479' title='bbox 3432 2488 3626 2558; x_wconf 63' lang='lat' dir='ltr'><strong>pedes;</strong></span> 
     </span>
    </p>
   </div>
   <div class='ocr_carea' id='block_1_70' title="bbox 2040 2579 3628 2652">
    <p class='ocr_par' dir='ltr' id='par_1_70' title="bbox 2040 2579 3628 2652">
     <span class='ocr_line' id='line_1_70' title="bbox 2040 2579 3628 2652; baseline -0.001 -16"><span class='ocrx_word' id='word_1_480' title='bbox 2040 2582 2295 2652; x_wconf 91' lang='lat' dir='ltr'><strong>bipesne,</strong></span> <span class='ocrx_word' id='word_1_481' title='bbox 2328 2598 2395 2636; x_wconf 86' lang='lat' dir='ltr'><strong>an</strong></span> <span class='ocrx_word' id='word_1_482' title='bbox 2430 2598 2559 2636; x_wconf 89' lang='lat' dir='ltr'><strong>vero</strong></span> <span class='ocrx_word' id='word_1_483' title='bbox 2591 2581 2905 2650; x_wconf 89' lang='lat' dir='ltr'><strong>quadrupes</strong></span> <span class='ocrx_word' id='word_1_484' title='bbox 2943 2579 3105 2632; x_wconf 80' lang='lat' dir='ltr'><strong>fuerit</strong></span> <span class='ocrx_word' id='word_1_485' title='bbox 3135 2580 3159 2632; x_wconf 85' lang='lat'><strong>?</strong></span> <span class='ocrx_word' id='word_1_486' title='bbox 3184 2580 3264 2634; x_wconf 83' lang='lat' dir='ltr'><strong>Ad</strong></span> <span class='ocrx_word' id='word_1_487' title='bbox 3297 2584 3437 2634; x_wconf 89' lang='lat' dir='ltr'><strong>hanc</strong></span> <span class='ocrx_word' id='word_1_488' title='bbox 3477 2597 3628 2650; x_wconf 71' lang='lat' dir='ltr'><strong>quo:—</strong></span> 
     </span>
    </p>
   </div>
   <div class='ocr_carea' id='block_1_71' title="bbox 2039 2671 3626 2744">
    <p class='ocr_par' dir='ltr' id='par_1_71' title="bbox 2039 2671 3626 2744">
     <span class='ocr_line' id='line_1_71' title="bbox 2039 2671 3626 2744; baseline -0.004 -14"><span class='ocrx_word' id='word_1_489' title='bbox 2039 2677 2272 2730; x_wconf 87' lang='lat' dir='ltr'><strong>stionem</strong></span> <span class='ocrx_word' id='word_1_490' title='bbox 2337 2674 2756 2744; x_wconf 80' lang='lat' dir='ltr'><strong>respondemus,</strong></span> <span class='ocrx_word' id='word_1_491' title='bbox 2813 2673 3223 2742; x_wconf 86' lang='lat' dir='ltr'><strong>quadrupedem</strong></span> <span class='ocrx_word' id='word_1_492' title='bbox 3260 2671 3461 2740; x_wconf 79' lang='lat' dir='ltr'><strong>fuisse,</strong></span> <span class='ocrx_word' id='word_1_493' title='bbox 3501 2689 3626 2726; x_wconf 89' lang='lat' dir='ltr'><strong>cum</strong></span> 
     </span>
    </p>
   </div>
   <div class='ocr_carea' id='block_1_72' title="bbox 2038 2762 3632 2834">
    <p class='ocr_par' dir='ltr' id='par_1_72' title="bbox 2038 2762 3632 2834">
     <span class='ocr_line' id='line_1_72' title="bbox 2038 2762 3632 2834; baseline -0.006 -13"><span class='ocrx_word' id='word_1_494' title='bbox 2038 2782 2104 2822; x_wconf 78' lang='lat' dir='ltr'><strong>cx</strong></span> <span class='ocrx_word' id='word_1_495' title='bbox 2163 2767 2460 2820; x_wconf 87' lang='lat' dir='ltr'><strong>bestiarum</strong></span> <span class='ocrx_word' id='word_1_496' title='bbox 2520 2779 2718 2832; x_wconf 85' lang='lat' dir='ltr'><strong>genere</strong></span> <span class='ocrx_word' id='word_1_497' title='bbox 2758 2763 2928 2834; x_wconf 86' lang='lat' dir='ltr'><strong>(Mose</strong></span> <span class='ocrx_word' id='word_1_498' title='bbox 2985 2769 3148 2831; x_wconf 83' lang='lat' dir='ltr'><strong>teste)</strong></span> <span class='ocrx_word' id='word_1_499' title='bbox 3195 2762 3632 2831; x_wconf 75' lang='lat' dir='ltr'><strong>fuerit;easquo</strong></span> 
     </span>
    </p>
   </div>
   <div class='ocr_carea' id='block_1_73' title="bbox 2038 2854 3633 2926">
    <p class='ocr_par' dir='ltr' id='par_1_73' title="bbox 2038 2854 3633 2926">
     <span class='ocr_line' id='line_1_73' title="bbox 2038 2854 3633 2926; baseline -0.003 -15"><span class='ocrx_word' id='word_1_500' title='bbox 2038 2859 2367 2921; x_wconf 86' lang='lat' dir='ltr'><strong>animantes,</strong></span> <span class='ocrx_word' id='word_1_501' title='bbox 2429 2871 2568 2926; x_wconf 91' lang='lat' dir='ltr'><strong>quas</strong></span> <span class='ocrx_word' id='word_1_502' title='bbox 2599 2856 2803 2909; x_wconf 89' lang='lat' dir='ltr'><strong>bestias</strong></span> <span class='ocrx_word' id='word_1_503' title='bbox 2844 2854 3088 2910; x_wconf 90' lang='lat' dir='ltr'><strong>solemus</strong></span> <span class='ocrx_word' id='word_1_504' title='bbox 3139 2868 3356 2916; x_wconf 87' lang='lat' dir='ltr'><strong>vocare,</strong></span> <span class='ocrx_word' id='word_1_505' title='bbox 3388 2857 3633 2922; x_wconf 88' lang='lat' dir='ltr'><strong>quadru-</strong></span> 
     </span>
    </p>
   </div>
   <div class='ocr_carea' id='block_1_74' title="bbox 2039 2947 3626 3031">
    <p class='ocr_par' dir='ltr' id='par_1_74' title="bbox 2039 2947 3626 3031">
     <span class='ocr_line' id='line_1_74' title="bbox 2039 2947 3626 3031; baseline -0.002 -28"><span class='ocrx_word' id='word_1_506' title='bbox 2039 2949 2202 3020; x_wconf 81' lang='lat' dir='ltr'><strong>pedes</strong></span> <span class='ocrx_word' id='word_1_507' title='bbox 2263 2965 2384 3004; x_wconf 90' lang='lat' dir='ltr'><strong>esse</strong></span> <span class='ocrx_word' id='word_1_508' title='bbox 2440 2950 2741 3004; x_wconf 82' lang='lat' dir='ltr'><strong>videamus.</strong></span> <span class='ocrx_word' id='word_1_509' title='bbox 2796 2949 2861 3005; x_wconf 87' lang='lat' dir='ltr'><strong>Et</strong></span> <span class='ocrx_word' id='word_1_510' title='bbox 2921 2963 3048 3002; x_wconf 82' lang='lat' dir='ltr'><strong>vero</strong></span> <span class='ocrx_word' id='word_1_511' title='bbox 3096 2947 3353 3031; x_wconf 66' lang='lat' dir='ltr'><strong>dpminus</strong></span> <span class='ocrx_word' id='word_1_512' title='bbox 3379 2947 3626 3016; x_wconf 68' lang='lat' dir='ltr'><strong>Ephrazm</strong></span> 
     </span>
    </p>
   </div>
   <div class='ocr_carea' id='block_1_75' title="bbox 2038 3038 3627 3107">
    <p class='ocr_par' dir='ltr' id='par_1_75' title="bbox 2038 3038 3627 3107">
     <span class='ocr_line' id='line_1_75' title="bbox 2038 3038 3627 3107; baseline -0.003 -10"><span class='ocrx_word' id='word_1_513' title='bbox 2038 3043 2165 3097; x_wconf 91' lang='lat' dir='ltr'><strong>dum</strong></span> <span class='ocrx_word' id='word_1_514' title='bbox 2202 3043 2314 3096; x_wconf 72' lang='lat' dir='ltr'><strong>hanc</strong></span> <span class='ocrx_word' id='word_1_515' title='bbox 2360 3041 2413 3095; x_wconf 89' lang='lat' dir='ltr'><strong>in</strong></span> <span class='ocrx_word' id='word_1_516' title='bbox 2466 3043 2580 3096; x_wconf 87' lang='lat' dir='ltr'><strong>suis</strong></span> <span class='ocrx_word' id='word_1_517' title='bbox 2613 3040 3041 3095; x_wconf 75' lang='lat' dir='ltr'><strong>Commentariis</strong></span> <span class='ocrx_word' id='word_1_518' title='bbox 3075 3039 3331 3107; x_wconf 83' lang='lat' dir='ltr'><strong>explicat,</strong></span> <span class='ocrx_word' id='word_1_519' title='bbox 3359 3038 3501 3092; x_wconf 84' lang='lat' dir='ltr'><strong>inter</strong></span> <span class='ocrx_word' id='word_1_520' title='bbox 3521 3038 3627 3092; x_wconf 85' lang='lat' dir='ltr'><strong>alia</strong></span> 
     </span>
    </p>
   </div>
   <div class='ocr_carea' id='block_1_76' title="bbox 2040 3127 3621 3197">
    <p class='ocr_par' dir='ltr' id='par_1_76' title="bbox 2040 3127 3621 3197">
     <span class='ocr_line' id='line_1_76' title="bbox 2040 3127 3621 3197; baseline -0.004 -11"><span class='ocrx_word' id='word_1_521' title='bbox 2040 3133 2166 3186; x_wconf 89' lang='lat' dir='ltr'><strong>ait:</strong></span> <span class='ocrx_word' id='word_1_522' title='bbox 2209 3133 2358 3186; x_wconf 85' lang='lat' dir='ltr'><strong>Itane</strong></span> <span class='ocrx_word' id='word_1_523' title='bbox 2415 3132 2665 3196; x_wconf 86' lang='lat' dir='ltr'><strong>volebas,</strong></span> <span class='ocrx_word' id='word_1_524' title='bbox 2707 3141 2766 3185; x_wconf 92' lang='lat' dir='ltr'><strong>ut</strong></span> <span class='ocrx_word' id='word_1_525' title='bbox 2816 3131 2991 3185; x_wconf 85' lang='lat' dir='ltr'><strong>Adam</strong></span> <span class='ocrx_word' id='word_1_526' title='bbox 3053 3130 3329 3183; x_wconf 87' lang='lat' dir='ltr'><strong>amitteret</strong></span> <span class='ocrx_word' id='word_1_527' title='bbox 3391 3127 3621 3197; x_wconf 78' lang='lat' dir='ltr'><strong>gloriam</strong></span> 
     </span>
    </p>
   </div>
   <div class='ocr_carea' id='block_1_77' title="bbox 1962 3197 3630 3294">
    <p class='ocr_par' dir='ltr' id='par_1_77' title="bbox 1962 3197 3630 3294">
     <span class='ocr_line' id='line_1_77' title="bbox 1962 3197 3630 3294; baseline -0.004 -15"><span class='ocrx_word' id='word_1_528' title='bbox 1962 3197 2008 3256; x_wconf 68' lang='grc' dir='ltr'>ο</span> <span class='ocrx_word' id='word_1_529' title='bbox 2039 3240 2232 3290; x_wconf 88' lang='lat' dir='ltr'><strong>suam;</strong></span> <span class='ocrx_word' id='word_1_530' title='bbox 2266 3239 2488 3294; x_wconf 87' lang='lat' dir='ltr'><strong>serpens</strong></span> <span class='ocrx_word' id='word_1_531' title='bbox 2542 3237 2669 3277; x_wconf 88' lang='lat' dir='ltr'><strong>vero</strong></span> <span class='ocrx_word' id='word_1_532' title='bbox 2738 3239 2805 3277; x_wconf 91' lang='lat' dir='ltr'><strong>ne</strong></span> <span class='ocrx_word' id='word_1_533' title='bbox 2857 3221 3089 3293; x_wconf 85' lang='lat' dir='ltr'><strong>pedibus</strong></span> <span class='ocrx_word' id='word_1_534' title='bbox 3121 3221 3337 3288; x_wconf 85' lang='lat' dir='ltr'><strong>quidem</strong></span> <span class='ocrx_word' id='word_1_535' title='bbox 3370 3219 3630 3273; x_wconf 87' lang='lat' dir='ltr'><strong>multare-</strong></span> 
     </span>
    </p>
   </div>
   <div class='ocr_carea' id='block_1_78' title="bbox 2042 3311 3629 3384">
    <p class='ocr_par' dir='ltr' id='par_1_78' title="bbox 2042 3311 3629 3384">
     <span class='ocr_line' id='line_1_78' title="bbox 2042 3311 3629 3384; baseline -0.006 -13"><span class='ocrx_word' id='word_1_536' title='bbox 2042 3317 2162 3371; x_wconf 88' lang='lat' dir='ltr'><strong>tur?</strong></span> <span class='ocrx_word' id='word_1_537' title='bbox 2197 3316 2322 3370; x_wconf 86' lang='lat' dir='ltr'><strong>Erat</strong></span> <span class='ocrx_word' id='word_1_538' title='bbox 2352 3331 2480 3384; x_wconf 75' lang='lat' dir='ltr'><strong>ergo</strong></span> <span class='ocrx_word' id='word_1_539' title='bbox 2515 3316 2826 3384; x_wconf 83' lang='lat' dir='ltr'><strong>quadrupes</strong></span> <span class='ocrx_word' id='word_1_540' title='bbox 2851 3314 3047 3384; x_wconf 81' lang='lat' dir='ltr'><strong>anguis</strong></span> <span class='ocrx_word' id='word_1_541' title='bbox 3074 3331 3087 3365; x_wconf 90' lang='lat'><strong>:</strong></span> <span class='ocrx_word' id='word_1_542' title='bbox 3117 3313 3210 3367; x_wconf 90' lang='lat' dir='ltr'><strong>sed</strong></span> <span class='ocrx_word' id='word_1_543' title='bbox 3237 3313 3364 3381; x_wconf 88' lang='lat' dir='ltr'><strong>quia</strong></span> <span class='ocrx_word' id='word_1_544' title='bbox 3393 3312 3494 3365; x_wconf 89' lang='lat' dir='ltr'><strong>l&#39;uit</strong></span> <span class='ocrx_word' id='word_1_545' title='bbox 3525 3311 3593 3364; x_wconf 86' lang='lat' dir='ltr'><strong>Sa</strong></span> <span class='ocrx_word' id='word_1_546' title='bbox 3613 3339 3629 3352; x_wconf 87' lang='lat'><strong>-</strong></span> 
     </span>
    </p>
   </div>
   <div class='ocr_carea' id='block_1_79' title="bbox 2042 3403 3627 3478">
    <p class='ocr_par' dir='ltr' id='par_1_79' title="bbox 2042 3403 3627 3478">
     <span class='ocr_line' id='line_1_79' title="bbox 2042 3403 3627 3478; baseline -0.005 -16"><span class='ocrx_word' id='word_1_547' title='bbox 2042 3419 2180 3462; x_wconf 80' lang='lat' dir='ltr'><strong>lana:</strong></span> <span class='ocrx_word' id='word_1_548' title='bbox 2218 3424 2512 3478; x_wconf 72' lang='lat' dir='ltr'><strong>organum,</strong></span> <span class='ocrx_word' id='word_1_549' title='bbox 2547 3417 2600 3462; x_wconf 84' lang='lat' dir='ltr'><strong>et</strong></span> <span class='ocrx_word' id='word_1_550' title='bbox 2658 3406 2877 3462; x_wconf 70' lang='lat' dir='ltr'><strong>inhaesit</strong></span> <span class='ocrx_word' id='word_1_551' title='bbox 2929 3407 3029 3475; x_wconf 87' lang='lat' dir='ltr'><strong>ipsi</strong></span> <span class='ocrx_word' id='word_1_552' title='bbox 3084 3405 3267 3458; x_wconf 89' lang='lat' dir='ltr'><strong>divina</strong></span> <span class='ocrx_word' id='word_1_553' title='bbox 3298 3403 3627 3467; x_wconf 82' lang='lat' dir='ltr'><strong>exsecratio,</strong></span> 
     </span>
    </p>
   </div>
   <div class='ocr_carea' id='block_1_80' title="bbox 2038 3497 3629 3569">
    <p class='ocr_par' dir='ltr' id='par_1_80' title="bbox 2038 3497 3629 3569">
     <span class='ocr_line' id='line_1_80' title="bbox 2038 3497 3629 3569; baseline -0.004 -14"><span class='ocrx_word' id='word_1_554' title='bbox 2038 3518 2102 3555; x_wconf 76' lang='lat' dir='ltr'><strong>ex</strong></span> <span class='ocrx_word' id='word_1_555' title='bbox 2132 3501 2307 3556; x_wconf 88' lang='lat' dir='ltr'><strong>bestia</strong></span> <span class='ocrx_word' id='word_1_556' title='bbox 2364 3502 2544 3555; x_wconf 85' lang='lat' dir='ltr'><strong>iactus</strong></span> <span class='ocrx_word' id='word_1_557' title='bbox 2591 3509 2674 3555; x_wconf 83' lang='lat' dir='ltr'><strong>est</strong></span> <span class='ocrx_word' id='word_1_558' title='bbox 2739 3501 2930 3569; x_wconf 69' lang='lat' dir='ltr'><strong>reptile</strong></span> <span class='ocrx_word' id='word_1_559' title='bbox 2994 3497 3218 3559; x_wconf 91' lang='lat' dir='ltr'><strong>animal,</strong></span> <span class='ocrx_word' id='word_1_560' title='bbox 3251 3507 3302 3549; x_wconf 89' lang='lat' dir='ltr'><strong>et</strong></span> <span class='ocrx_word' id='word_1_561' title='bbox 3339 3513 3461 3550; x_wconf 83' lang='lat' dir='ltr'><strong>cum</strong></span> <span class='ocrx_word' id='word_1_562' title='bbox 3500 3499 3629 3549; x_wconf 81' lang='lat' dir='ltr'><strong>ante</strong></span> 
     </span>
    </p>
   </div>
   <div class='ocr_carea' id='block_1_81' title="bbox 2039 3589 3624 3664">
    <p class='ocr_par' dir='ltr' id='par_1_81' title="bbox 2039 3589 3624 3664">
     <span class='ocr_line' id='line_1_81' title="bbox 2039 3589 3624 3664; baseline -0.004 -18"><span class='ocrx_word' id='word_1_563' title='bbox 2039 3595 2264 3664; x_wconf 82' lang='lat' dir='ltr'><strong>pedibus</strong></span> <span class='ocrx_word' id='word_1_564' title='bbox 2283 3595 2609 3662; x_wconf 78' lang='lat' dir='ltr'><strong>gradiretur,</strong></span> <span class='ocrx_word' id='word_1_565' title='bbox 2640 3593 2897 3662; x_wconf 77' lang='lat' dir='ltr'><strong>deinceps</strong></span> <span class='ocrx_word' id='word_1_566' title='bbox 2920 3607 3090 3662; x_wconf 89' lang='lat' dir='ltr'><strong>prono</strong></span> <span class='ocrx_word' id='word_1_567' title='bbox 3113 3601 3298 3644; x_wconf 82' lang='lat' dir='ltr'><strong>ventre</strong></span> <span class='ocrx_word' id='word_1_568' title='bbox 3321 3589 3588 3658; x_wconf 87' lang='lat' dir='ltr'><strong>prorepsit</strong></span> <span class='ocrx_word' id='word_1_569' title='bbox 3613 3606 3624 3640; x_wconf 91' lang='lat'>:</span> 
     </span>
    </p>
   </div>
   <div class='ocr_carea' id='block_1_82' title="bbox 2038 3672 3641 3756">
    <p class='ocr_par' dir='ltr' id='par_1_82' title="bbox 2038 3672 3641 3756">
     <span class='ocr_line' id='line_1_82' title="bbox 2038 3672 3641 3756; baseline -0.004 -17"><span class='ocrx_word' id='word_1_570' title='bbox 2038 3672 2181 3739; x_wconf 83' lang='lat' dir='ltr'><strong>sicut</strong></span> <span class='ocrx_word' id='word_1_571' title='bbox 2215 3697 2268 3740; x_wconf 88' lang='lat' dir='ltr'><strong>et</strong></span> <span class='ocrx_word' id='word_1_572' title='bbox 2303 3685 2494 3750; x_wconf 85' lang='lat' dir='ltr'><strong>Satan,</strong></span> <span class='ocrx_word' id='word_1_573' title='bbox 2536 3687 2662 3755; x_wconf 85' lang='lat' dir='ltr'><strong>quia</strong></span> <span class='ocrx_word' id='word_1_574' title='bbox 2703 3686 3091 3756; x_wconf 71' lang='lat' dir='ltr'><strong>praevaricatus</strong></span> <span class='ocrx_word' id='word_1_575' title='bbox 3118 3683 3313 3744; x_wconf 79' lang='lat' dir='ltr'><strong>fuerat,</strong></span> <span class='ocrx_word' id='word_1_576' title='bbox 3343 3697 3406 3734; x_wconf 86' lang='lat' dir='ltr'><strong>ex</strong></span> <span class='ocrx_word' id='word_1_577' title='bbox 3432 3682 3641 3751; x_wconf 76' lang='lat' dir='ltr'><strong>angelo</strong></span> 
     </span>
    </p>
   </div>
   <div class='ocr_carea' id='block_1_83' title="bbox 2022 3759 3630 3844">
    <p class='ocr_par' dir='ltr' id='par_1_83' title="bbox 2022 3759 3630 3844">
     <span class='ocr_line' id='line_1_83' title="bbox 2022 3759 3630 3844; baseline -0.004 -12"><span class='ocrx_word' id='word_1_578' title='bbox 2022 3762 2284 3834; x_wconf 76' lang='lat' dir='ltr'><strong>evaserat</strong></span> <span class='ocrx_word' id='word_1_579' title='bbox 2321 3780 2687 3842; x_wconf 67' lang='lat' dir='ltr'><strong>daemonium;</strong></span> <span class='ocrx_word' id='word_1_580' title='bbox 2729 3787 2782 3833; x_wconf 91' lang='lat' dir='ltr'><strong>et</strong></span> <span class='ocrx_word' id='word_1_581' title='bbox 2809 3788 2864 3832; x_wconf 92' lang='lat' dir='ltr'><strong>ut</strong></span> <span class='ocrx_word' id='word_1_582' title='bbox 2895 3793 3031 3831; x_wconf 74' lang='lat' dir='ltr'><strong>uxor</strong></span> <span class='ocrx_word' id='word_1_583' title='bbox 3061 3775 3181 3838; x_wconf 82' lang='lat' dir='ltr'><strong>Lot,</strong></span> <span class='ocrx_word' id='word_1_584' title='bbox 3206 3776 3330 3844; x_wconf 86' lang='lat' dir='ltr'><strong>quia</strong></span> <span class='ocrx_word' id='word_1_585' title='bbox 3366 3759 3630 3844; x_wconf 75' lang='lat' dir='ltr'><strong>respexit,</strong></span> 
     </span>
    </p>
   </div>
   <div class='ocr_carea' id='block_1_84' title="bbox 2039 3864 3624 3941">
    <p class='ocr_par' dir='ltr' id='par_1_84' title="bbox 2039 3864 3624 3941">
     <span class='ocr_line' id='line_1_84' title="bbox 2039 3864 3624 3941; baseline -0.003 -19"><span class='ocrx_word' id='word_1_586' title='bbox 2039 3886 2104 3922; x_wconf 78' lang='lat' dir='ltr'><strong>ex</strong></span> <span class='ocrx_word' id='word_1_587' title='bbox 2142 3871 2366 3924; x_wconf 88' lang='lat' dir='ltr'><strong>muliere</strong></span> <span class='ocrx_word' id='word_1_588' title='bbox 2397 3887 2518 3941; x_wconf 76' lang='lat' dir='ltr'><strong>quae</strong></span> <span class='ocrx_word' id='word_1_589' title='bbox 2543 3881 2669 3925; x_wconf 89' lang='lat' dir='ltr'><strong>ante</strong></span> <span class='ocrx_word' id='word_1_590' title='bbox 2705 3878 2850 3934; x_wconf 88' lang='lat' dir='ltr'><strong>erat,</strong></span> <span class='ocrx_word' id='word_1_591' title='bbox 2893 3867 3278 3922; x_wconf 83' lang='lat' dir='ltr'><strong>transformata</strong></span> <span class='ocrx_word' id='word_1_592' title='bbox 3306 3875 3385 3919; x_wconf 89' lang='lat' dir='ltr'><strong>est</strong></span> <span class='ocrx_word' id='word_1_593' title='bbox 3422 3864 3474 3918; x_wconf 88' lang='lat' dir='ltr'><strong>in</strong></span> <span class='ocrx_word' id='word_1_594' title='bbox 3506 3874 3624 3919; x_wconf 86' lang='lat' dir='ltr'><strong>sta-</strong></span> 
     </span>
    </p>
   </div>
   <div class='ocr_carea' id='block_1_85' title="bbox 2039 3959 3628 4032">
    <p class='ocr_par' dir='ltr' id='par_1_85' title="bbox 2039 3959 3628 4032">
     <span class='ocr_line' id='line_1_85' title="bbox 2039 3959 3628 4032; baseline -0.003 -16"><span class='ocrx_word' id='word_1_595' title='bbox 2039 3971 2187 4016; x_wconf 90' lang='lat' dir='ltr'><strong>tuam</strong></span> <span class='ocrx_word' id='word_1_596' title='bbox 2236 3963 2388 4016; x_wconf 79' lang='lat' dir='ltr'><strong>salis.</strong></span> <span class='ocrx_word' id='word_1_597' title='bbox 2422 3963 2626 4028; x_wconf 85' lang='lat' dir='ltr'><strong>Quarta</strong></span> <span class='ocrx_word' id='word_1_598' title='bbox 2669 3961 2903 4032; x_wconf 70' lang='lat' dir='ltr'><strong>qumstio</strong></span> <span class='ocrx_word' id='word_1_599' title='bbox 2929 3969 3033 4022; x_wconf 87' lang='lat' dir='ltr'><strong>est,</strong></span> <span class='ocrx_word' id='word_1_600' title='bbox 3069 3960 3114 4013; x_wconf 91' lang='lat' dir='ltr'><strong>si</strong></span> <span class='ocrx_word' id='word_1_601' title='bbox 3150 3959 3383 4013; x_wconf 63' lang='lat' dir='ltr'><strong>Satanas</strong></span> <span class='ocrx_word' id='word_1_602' title='bbox 3421 3961 3472 4013; x_wconf 89' lang='lat' dir='ltr'><strong>in</strong></span> <span class='ocrx_word' id='word_1_603' title='bbox 3529 3974 3628 4012; x_wconf 87' lang='lat' dir='ltr'><strong>an-</strong></span> 
     </span>
    </p>
   </div>
   <div class='ocr_carea' id='block_1_86' title="bbox 1992 4047 3626 4124">
    <p class='ocr_par' dir='ltr' id='par_1_86' title="bbox 1992 4047 3626 4124">
     <span class='ocr_line' id='line_1_86' title="bbox 1992 4047 3626 4124; baseline -0.002 -17"><span class='ocrx_word' id='word_1_604' title='bbox 1992 4047 1998 4053; x_wconf 74' lang='grc'><em>’</em></span> <span class='ocrx_word' id='word_1_605' title='bbox 2038 4070 2196 4124; x_wconf 75' lang='lat' dir='ltr'><strong>gnem</strong></span> <span class='ocrx_word' id='word_1_606' title='bbox 2219 4069 2277 4108; x_wconf 91' lang='lat' dir='ltr'><strong>se</strong></span> <span class='ocrx_word' id='word_1_607' title='bbox 2310 4053 2628 4118; x_wconf 84' lang='lat' dir='ltr'><strong>insinuavit,</strong></span> <span class='ocrx_word' id='word_1_608' title='bbox 2659 4062 2822 4122; x_wconf 87' lang='lat' dir='ltr'><strong>atque</strong></span> <span class='ocrx_word' id='word_1_609' title='bbox 2846 4067 2910 4105; x_wconf 83' lang='lat' dir='ltr'><strong>ex</strong></span> <span class='ocrx_word' id='word_1_610' title='bbox 2933 4066 2998 4104; x_wconf 88' lang='lat' dir='ltr'><strong>eo</strong></span> <span class='ocrx_word' id='word_1_611' title='bbox 3024 4051 3137 4120; x_wconf 88' lang='lat' dir='ltr'><strong>ipse</strong></span> <span class='ocrx_word' id='word_1_612' title='bbox 3169 4052 3233 4102; x_wconf 89' lang='lat' dir='ltr'><strong>ad</strong></span> <span class='ocrx_word' id='word_1_613' title='bbox 3267 4049 3431 4102; x_wconf 86' lang='lat' dir='ltr'><strong>Evam</strong></span> <span class='ocrx_word' id='word_1_614' title='bbox 3464 4049 3626 4103; x_wconf 88' lang='lat' dir='ltr'><strong>verba</strong></span> 
     </span>
    </p>
   </div>
   <div class='ocr_carea' id='block_1_87' title="bbox 2041 4141 3628 4213">
    <p class='ocr_par' dir='ltr' id='par_1_87' title="bbox 2041 4141 3628 4213">
     <span class='ocr_line' id='line_1_87' title="bbox 2041 4141 3628 4213; baseline -0.003 -14"><span class='ocrx_word' id='word_1_615' title='bbox 2041 4146 2198 4212; x_wconf 79' lang='lat' dir='ltr'><strong>fecit;</strong></span> <span class='ocrx_word' id='word_1_616' title='bbox 2252 4161 2350 4200; x_wconf 90' lang='lat' dir='ltr'><strong>cur</strong></span> <span class='ocrx_word' id='word_1_617' title='bbox 2404 4145 2454 4198; x_wconf 93' lang='lat' dir='ltr'><strong>id</strong></span> <span class='ocrx_word' id='word_1_618' title='bbox 2508 4160 2538 4198; x_wconf 92' lang='lat' dir='ltr'><strong>a</strong></span> <span class='ocrx_word' id='word_1_619' title='bbox 2595 4145 2741 4198; x_wconf 83' lang='lat' dir='ltr'><strong>Mose</strong></span> <span class='ocrx_word' id='word_1_620' title='bbox 2776 4143 3040 4213; x_wconf 82' lang='lat' dir='ltr'><strong>scriptum</strong></span> <span class='ocrx_word' id='word_1_621' title='bbox 3080 4158 3185 4195; x_wconf 88' lang='lat' dir='ltr'><strong>nou</strong></span> <span class='ocrx_word' id='word_1_622' title='bbox 3211 4141 3303 4203; x_wconf 87' lang='lat' dir='ltr'><strong>sit,</strong></span> <span class='ocrx_word' id='word_1_623' title='bbox 3329 4141 3423 4195; x_wconf 88' lang='lat' dir='ltr'><strong>sed</strong></span> <span class='ocrx_word' id='word_1_624' title='bbox 3456 4141 3628 4194; x_wconf 87' lang='lat' dir='ltr'><strong>solius</strong></span> 
     </span>
    </p>
   </div>
   <div class='ocr_carea' id='block_1_88' title="bbox 2036 4232 3630 4308">
    <p class='ocr_par' dir='ltr' id='par_1_88' title="bbox 2036 4232 3630 4308">
     <span class='ocr_line' id='line_1_88' title="bbox 2036 4232 3630 4308; baseline -0.006 -16"><span class='ocrx_word' id='word_1_625' title='bbox 2036 4239 2228 4308; x_wconf 81' lang='lat' dir='ltr'><strong>anguis</strong></span> <span class='ocrx_word' id='word_1_626' title='bbox 2248 4235 2388 4290; x_wconf 80' lang='lat' dir='ltr'><strong>facta</strong></span> <span class='ocrx_word' id='word_1_627' title='bbox 2413 4237 2635 4290; x_wconf 90' lang='lat' dir='ltr'><strong>mentio.</strong></span> <span class='ocrx_word' id='word_1_628' title='bbox 2660 4235 2758 4289; x_wconf 85' lang='lat' dir='ltr'><strong>Hic</strong></span> <span class='ocrx_word' id='word_1_629' title='bbox 2776 4234 3200 4302; x_wconf 88' lang='lat' dir='ltr'><strong>respondemus:</strong></span> <span class='ocrx_word' id='word_1_630' title='bbox 3221 4232 3420 4286; x_wconf 69' lang='lat' dir='ltr'><strong>llosem</strong></span> <span class='ocrx_word' id='word_1_631' title='bbox 3442 4233 3515 4285; x_wconf 55' lang='lat' dir='ltr'><strong>rei</strong></span> <span class='ocrx_word' id='word_1_632' title='bbox 3536 4247 3630 4301; x_wconf 76' lang='lat' dir='ltr'><strong>ge-</strong></span> 
     </span>
    </p>
   </div>
   <div class='ocr_carea' id='block_1_89' title="bbox 2037 4325 3630 4400">
    <p class='ocr_par' dir='ltr' id='par_1_89' title="bbox 2037 4325 3630 4400">
     <span class='ocr_line' id='line_1_89' title="bbox 2037 4325 3630 4400; baseline -0.005 -14"><span class='ocrx_word' id='word_1_633' title='bbox 2037 4343 2134 4386; x_wconf 53' lang='lat' dir='ltr'><strong>stas</strong></span> <span class='ocrx_word' id='word_1_634' title='bbox 2157 4332 2500 4400; x_wconf 85' lang='lat' dir='ltr'><strong>scriptorem,</strong></span> <span class='ocrx_word' id='word_1_635' title='bbox 2540 4346 2648 4383; x_wconf 91' lang='lat' dir='ltr'><strong>non</strong></span> <span class='ocrx_word' id='word_1_636' title='bbox 2685 4329 3032 4398; x_wconf 69' lang='lat' dir='ltr'><strong>interpretetur</strong></span> <span class='ocrx_word' id='word_1_637' title='bbox 3060 4328 3237 4396; x_wconf 76' lang='lat' dir='ltr'><strong>egisse</strong></span> <span class='ocrx_word' id='word_1_638' title='bbox 3273 4342 3287 4379; x_wconf 88' lang='lat'><strong>:</strong></span> <span class='ocrx_word' id='word_1_639' title='bbox 3313 4341 3375 4378; x_wconf 88' lang='lat' dir='ltr'><strong>ac</strong></span> <span class='ocrx_word' id='word_1_640' title='bbox 3399 4325 3630 4395; x_wconf 87' lang='lat' dir='ltr'><strong>proinde</strong></span> 
     </span>
    </p>
   </div>
   <div class='ocr_carea' id='block_1_90' title="bbox 2037 4417 3628 4494">
    <p class='ocr_par' dir='ltr' id='par_1_90' title="bbox 2037 4417 3628 4494">
     <span class='ocr_line' id='line_1_90' title="bbox 2037 4417 3628 4494; baseline -0.004 -17"><span class='ocrx_word' id='word_1_641' title='bbox 2037 4423 2216 4494; x_wconf 90' lang='lat' dir='ltr'><strong>qualis</strong></span> <span class='ocrx_word' id='word_1_642' title='bbox 2259 4439 2488 4493; x_wconf 65' lang='lat' dir='ltr'><strong>quaeque</strong></span> <span class='ocrx_word' id='word_1_643' title='bbox 2541 4438 2625 4476; x_wconf 86' lang='lat' dir='ltr'><strong>res</strong></span> <span class='ocrx_word' id='word_1_644' title='bbox 2671 4421 2782 4475; x_wconf 88' lang='lat' dir='ltr'><strong>visa</strong></span> <span class='ocrx_word' id='word_1_645' title='bbox 2814 4418 3103 4486; x_wconf 88' lang='lat' dir='ltr'><strong>est,talem</strong></span> <span class='ocrx_word' id='word_1_646' title='bbox 3138 4419 3205 4472; x_wconf 89' lang='lat' dir='ltr'><strong>ab</strong></span> <span class='ocrx_word' id='word_1_647' title='bbox 3231 4418 3349 4489; x_wconf 90' lang='lat' dir='ltr'><strong>ipso</strong></span> <span class='ocrx_word' id='word_1_648' title='bbox 3382 4433 3504 4472; x_wconf 86' lang='lat' dir='ltr'><strong>esse</strong></span> <span class='ocrx_word' id='word_1_649' title='bbox 3532 4417 3628 4471; x_wconf 87' lang='lat' dir='ltr'><strong>de-</strong></span> 
     </span>
    </p>
   </div>
   <div class='ocr_carea' id='block_1_91' title="bbox 348 4505 3628 4607">
    <p class='ocr_par' dir='ltr' id='par_1_91' title="bbox 348 4505 3628 4607">
     <span class='ocr_line' id='line_1_91' title="bbox 348 4505 3628 4607; baseline 0.001 -47"><span class='ocrx_word' id='word_1_650' title='bbox 348 4505 590 4560; x_wconf 86' lang='lat' dir='ltr'><strong>arbitrio</strong></span> <span class='ocrx_word' id='word_1_651' title='bbox 639 4520 735 4562; x_wconf 90' lang='lat' dir='ltr'><strong>aut</strong></span> <span class='ocrx_word' id='word_1_652' title='bbox 783 4512 1054 4580; x_wconf 84' lang='lat' dir='ltr'><strong>serpentis</strong></span> <span class='ocrx_word' id='word_1_653' title='bbox 1104 4523 1199 4568; x_wconf 91' lang='lat' dir='ltr'><strong>aut</strong></span> <span class='ocrx_word' id='word_1_654' title='bbox 1233 4515 1375 4570; x_wconf 89' lang='lat' dir='ltr'><strong>alius</strong></span> <span class='ocrx_word' id='word_1_655' title='bbox 1406 4517 1661 4572; x_wconf 85' lang='lat' dir='ltr'><strong>animalis</strong></span> <span class='ocrx_word' id='word_1_656' title='bbox 1693 4523 1932 4591; x_wconf 89' lang='lat' dir='ltr'><strong>speciem</strong></span> <span class='ocrx_word' id='word_1_657' title='bbox 1971 4553 2013 4607; x_wconf 63' lang='grc' dir='ltr'><strong>Β</strong></span> <span class='ocrx_word' id='word_1_658' title='bbox 2043 4516 2324 4585; x_wconf 88' lang='lat' dir='ltr'><strong>scriptam,</strong></span> <span class='ocrx_word' id='word_1_659' title='bbox 2362 4531 2468 4569; x_wconf 91' lang='lat' dir='ltr'><strong>non</strong></span> <span class='ocrx_word' id='word_1_660' title='bbox 2508 4516 2636 4570; x_wconf 85' lang='lat' dir='ltr'><strong>item</strong></span> <span class='ocrx_word' id='word_1_661' title='bbox 2661 4514 2994 4582; x_wconf 79' lang='lat' dir='ltr'><strong>explicatum</strong></span> <span class='ocrx_word' id='word_1_662' title='bbox 3025 4511 3116 4581; x_wconf 88' lang='lat' dir='ltr'><strong>qui</strong></span> <span class='ocrx_word' id='word_1_663' title='bbox 3146 4526 3204 4564; x_wconf 90' lang='lat' dir='ltr'><strong>sc</strong></span> <span class='ocrx_word' id='word_1_664' title='bbox 3232 4525 3420 4566; x_wconf 89' lang='lat' dir='ltr'><strong>revera</strong></span> <span class='ocrx_word' id='word_1_665' title='bbox 3459 4509 3628 4564; x_wconf 88' lang='lat' dir='ltr'><strong>habe-</strong></span> 
     </span>
    </p>
   </div>
   <div class='ocr_carea' id='block_1_92' title="bbox 343 4601 1938 4670">
    <p class='ocr_par' dir='ltr' id='par_1_92' title="bbox 343 4601 1938 4670">
     <span class='ocr_line' id='line_1_92' title="bbox 343 4601 1938 4670; baseline 0.013 -19"><span class='ocrx_word' id='word_1_666' title='bbox 343 4613 518 4666; x_wconf 90' lang='lat' dir='ltr'><strong>quam</strong></span> <span class='ocrx_word' id='word_1_667' title='bbox 556 4601 789 4656; x_wconf 84' lang='lat' dir='ltr'><strong>voluerit</strong></span> <span class='ocrx_word' id='word_1_668' title='bbox 815 4608 1052 4659; x_wconf 83' lang='lat' dir='ltr'><strong>sumere‘.</strong></span> <span class='ocrx_word' id='word_1_669' title='bbox 1097 4605 1167 4660; x_wconf 90' lang='lat' dir='ltr'><strong>At</strong></span> <span class='ocrx_word' id='word_1_670' title='bbox 1215 4607 1472 4666; x_wconf 88' lang='lat' dir='ltr'><strong>dominus</strong></span> <span class='ocrx_word' id='word_1_671' title='bbox 1505 4609 1741 4668; x_wconf 81' lang='lat' dir='ltr'><strong>lacohus</strong></span> <span class='ocrx_word' id='word_1_672' title='bbox 1773 4613 1938 4670; x_wconf 79' lang='lat' dir='ltr'><strong>Satu-</strong></span> 
     </span>
    </p>
   </div>
   <div class='ocr_carea' id='block_1_93' title="bbox 346 4688 1934 4770">
    <p class='ocr_par' dir='ltr' id='par_1_93' title="bbox 346 4688 1934 4770">
     <span class='ocr_line' id='line_1_93' title="bbox 346 4688 1934 4770; baseline 0.009 -25"><span class='ocrx_word' id='word_1_673' title='bbox 346 4693 564 4760; x_wconf 76' lang='lat' dir='ltr'><strong>gcnsis,</strong></span> <span class='ocrx_word' id='word_1_674' title='bbox 618 4698 1015 4751; x_wconf 84' lang='lat' dir='ltr'><strong>conunentario</strong></span> <span class='ocrx_word' id='word_1_675' title='bbox 1069 4688 1281 4755; x_wconf 41' lang='lat' dir='ltr'><strong>suo‘de</strong></span> <span class='ocrx_word' id='word_1_676' title='bbox 1315 4703 1472 4770; x_wconf 86' lang='lat' dir='ltr'><strong>pulso</strong></span> <span class='ocrx_word' id='word_1_677' title='bbox 1523 4703 1735 4760; x_wconf 84' lang='lat' dir='ltr'><strong>Adamn</strong></span> <span class='ocrx_word' id='word_1_678' title='bbox 1781 4717 1934 4760; x_wconf 82' lang='lat' dir='ltr'><strong>extra</strong></span> 
     </span>
    </p>
   </div>
   <div class='ocr_carea' id='block_1_94' title="bbox 349 4786 1934 4870">
    <p class='ocr_par' dir='ltr' id='par_1_94' title="bbox 349 4786 1934 4870">
     <span class='ocr_line' id='line_1_94' title="bbox 349 4786 1934 4870; baseline 0.011 -32"><span class='ocrx_word' id='word_1_679' title='bbox 349 4786 696 4854; x_wconf 83' lang='lat' dir='ltr'><strong>paradisum,</strong></span> <span class='ocrx_word' id='word_1_680' title='bbox 737 4789 890 4855; x_wconf 85' lang='lat' dir='ltr'><strong>dicit,</strong></span> <span class='ocrx_word' id='word_1_681' title='bbox 933 4791 1192 4847; x_wconf 72' lang='lat' dir='ltr'><strong>Satanam</strong></span> <span class='ocrx_word' id='word_1_682' title='bbox 1225 4810 1285 4848; x_wconf 80' lang='lat' dir='ltr'><strong>se</strong></span> <span class='ocrx_word' id='word_1_683' title='bbox 1316 4796 1722 4865; x_wconf 90' lang='lat' dir='ltr'><strong>incorporatum</strong></span> <span class='ocrx_word' id='word_1_684' title='bbox 1768 4809 1934 4870; x_wconf 86' lang='lat' dir='ltr'><strong>atque</strong></span> 
     </span>
    </p>
   </div>
   <div class='ocr_carea' id='block_1_95' title="bbox 355 4878 1930 4953">
    <p class='ocr_par' dir='ltr' id='par_1_95' title="bbox 355 4878 1930 4953">
     <span class='ocr_line' id='line_1_95' title="bbox 355 4878 1930 4953; baseline 0.008 -23"><span class='ocrx_word' id='word_1_685' title='bbox 355 4878 738 4945; x_wconf 79' lang='lat' dir='ltr'><strong>aspectabilem</strong></span> <span class='ocrx_word' id='word_1_686' title='bbox 785 4895 1018 4950; x_wconf 77' lang='lat' dir='ltr'><strong>anguem</strong></span> <span class='ocrx_word' id='word_1_687' title='bbox 1052 4883 1387 4953; x_wconf 87' lang='lat' dir='ltr'><strong>insinuasse,</strong></span> <span class='ocrx_word' id='word_1_688' title='bbox 1414 4893 1469 4940; x_wconf 89' lang='lat' dir='ltr'><strong>et</strong></span> <span class='ocrx_word' id='word_1_689' title='bbox 1499 4885 1624 4941; x_wconf 89' lang='lat' dir='ltr'><strong>inde</strong></span> <span class='ocrx_word' id='word_1_690' title='bbox 1652 4903 1778 4943; x_wconf 88' lang='lat' dir='ltr'><strong>eum</strong></span> <span class='ocrx_word' id='word_1_691' title='bbox 1807 4905 1930 4942; x_wconf 91' lang='lat' dir='ltr'><strong>mu-</strong></span> 
     </span>
    </p>
   </div>
   <div class='ocr_carea' id='block_1_96' title="bbox 358 4969 1936 5050">
    <p class='ocr_par' dir='ltr' id='par_1_96' title="bbox 358 4969 1936 5050">
     <span class='ocr_line' id='line_1_96' title="bbox 358 4969 1936 5050; baseline 0.008 -26"><span class='ocrx_word' id='word_1_692' title='bbox 358 4969 494 5024; x_wconf 87' lang='lat' dir='ltr'><strong>liere</strong></span> <span class='ocrx_word' id='word_1_693' title='bbox 553 4987 688 5050; x_wconf 65' lang='lat' dir='ltr'><strong>esse</strong></span> <span class='ocrx_word' id='word_1_694' title='bbox 759 4973 1093 5030; x_wconf 87' lang='lat' dir='ltr'><strong>collocutum</strong></span> <span class='ocrx_word' id='word_1_695' title='bbox 1155 4996 1168 5032; x_wconf 92' lang='lat'><strong>:</strong></span> <span class='ocrx_word' id='word_1_696' title='bbox 1229 4994 1395 5049; x_wconf 89' lang='lat' dir='ltr'><strong>quam</strong></span> <span class='ocrx_word' id='word_1_697' title='bbox 1448 4981 1766 5050; x_wconf 88' lang='lat' dir='ltr'><strong>opinionem</strong></span> <span class='ocrx_word' id='word_1_698' title='bbox 1834 4998 1936 5037; x_wconf 88' lang='lat' dir='ltr'><strong>nos</strong></span> 
     </span>
    </p>
   </div>
   <div class='ocr_carea' id='block_1_97' title="bbox 351 5037 1938 5142">
    <p class='ocr_par' dir='ltr' id='par_1_97' title="bbox 351 5037 1938 5142">
     <span class='ocr_line' id='line_1_97' title="bbox 351 5037 1938 5142; baseline 0.008 -26"><span class='ocrx_word' id='word_1_699' title='bbox 351 5063 520 5117; x_wconf 87' lang='lat' dir='ltr'><strong>etiam</strong></span> <span class='ocrx_word' id='word_1_700' title='bbox 550 5037 561 5068; x_wconf 59' lang='grc'><em>’</em></span> <span class='ocrx_word' id='word_1_701' title='bbox 597 5066 970 5134; x_wconf 86' lang='lat' dir='ltr'><strong>approbamus</strong></span> <span class='ocrx_word' id='word_1_702' title='bbox 1053 5078 1218 5140; x_wconf 89' lang='lat' dir='ltr'><strong>atque</strong></span> <span class='ocrx_word' id='word_1_703' title='bbox 1247 5037 1260 5049; x_wconf 44' lang='lat'>&#39;</span> <span class='ocrx_word' id='word_1_704' title='bbox 1301 5037 1708 5142; x_wconf 73' lang='lat' dir='ltr'><strong>amplectimur.</strong></span> <span class='ocrx_word' id='word_1_705' title='bbox 1787 5073 1938 5130; x_wconf 86' lang='lat' dir='ltr'><strong>llanc</strong></span> 
     </span>
    </p>
   </div>
   <div class='ocr_carea' id='block_1_98' title="bbox 343 5156 1938 5238">
    <p class='ocr_par' dir='ltr' id='par_1_98' title="bbox 343 5156 1938 5238">
     <span class='ocr_line' id='line_1_98' title="bbox 343 5156 1938 5238; baseline 0.006 -26"><span class='ocrx_word' id='word_1_706' title='bbox 343 5156 498 5212; x_wconf 85' lang='lat' dir='ltr'><strong>enim</strong></span> <span class='ocrx_word' id='word_1_707' title='bbox 559 5173 744 5211; x_wconf 85' lang='lat' dir='ltr'><strong>veram</strong></span> <span class='ocrx_word' id='word_1_708' title='bbox 792 5174 930 5214; x_wconf 84' lang='lat' dir='ltr'><strong>esse-</strong></span> <span class='ocrx_word' id='word_1_709' title='bbox 962 5159 1046 5216; x_wconf 86' lang='lat' dir='ltr'><strong>vel</strong></span> <span class='ocrx_word' id='word_1_710' title='bbox 1102 5161 1156 5214; x_wconf 90' lang='lat' dir='ltr'><strong>id</strong></span> <span class='ocrx_word' id='word_1_711' title='bbox 1211 5165 1412 5234; x_wconf 79' lang='lat' dir='ltr'><strong>arguit.</strong></span> <span class='ocrx_word' id='word_1_712' title='bbox 1459 5167 1604 5234; x_wconf 91' lang='lat' dir='ltr'><strong>quod</strong></span> <span class='ocrx_word' id='word_1_713' title='bbox 1651 5168 1938 5238; x_wconf 84' lang='lat' dir='ltr'><strong>paradisus</strong></span> 
     </span>
    </p>
   </div>
   <div class='ocr_carea' id='block_1_99' title="bbox 347 5253 1942 5331">
    <p class='ocr_par' dir='ltr' id='par_1_99' title="bbox 347 5253 1942 5331">
     <span class='ocr_line' id='line_1_99' title="bbox 347 5253 1942 5331; baseline 0.006 -25"><span class='ocrx_word' id='word_1_714' title='bbox 347 5253 551 5324; x_wconf 83' lang='lat' dir='ltr'><strong>duplex</strong></span> <span class='ocrx_word' id='word_1_715' title='bbox 584 5265 732 5321; x_wconf 89' lang='lat' dir='ltr'><strong>erat;</strong></span> <span class='ocrx_word' id='word_1_716' title='bbox 763 5270 1063 5325; x_wconf 89' lang='lat' dir='ltr'><strong>corporeus</strong></span> <span class='ocrx_word' id='word_1_717' title='bbox 1108 5269 1159 5312; x_wconf 87' lang='lat' dir='ltr'><strong>et</strong></span> <span class='ocrx_word' id='word_1_718' title='bbox 1199 5259 1485 5326; x_wconf 87' lang='lat' dir='ltr'><strong>spiritalis,</strong></span> <span class='ocrx_word' id='word_1_719' title='bbox 1530 5269 1586 5315; x_wconf 92' lang='lat' dir='ltr'><strong>ut</strong></span> <span class='ocrx_word' id='word_1_720' title='bbox 1613 5261 1825 5331; x_wconf 80' lang='lat' dir='ltr'><strong>magnis</strong></span> <span class='ocrx_word' id='word_1_721' title='bbox 1855 5276 1942 5316; x_wconf 90' lang='lat' dir='ltr'><strong>ra-</strong></span> 
     </span>
    </p>
   </div>
   <div class='ocr_carea' id='block_1_100' title="bbox 349 5347 1936 5408">
    <p class='ocr_par' dir='ltr' id='par_1_100' title="bbox 349 5347 1936 5408">
     <span class='ocr_line' id='line_1_100' title="bbox 349 5347 1936 5408; baseline 0.005 -8"><span class='ocrx_word' id='word_1_722' title='bbox 349 5347 601 5400; x_wconf 84' lang='lat' dir='ltr'><strong>tionibus</strong></span> <span class='ocrx_word' id='word_1_723' title='bbox 638 5357 722 5402; x_wconf 86' lang='lat' dir='ltr'><strong>est</strong></span> <span class='ocrx_word' id='word_1_724' title='bbox 769 5363 798 5401; x_wconf 91' lang='lat' dir='ltr'><strong>a</strong></span> <span class='ocrx_word' id='word_1_725' title='bbox 857 5349 1015 5403; x_wconf 89' lang='lat' dir='ltr'><strong>nobis</strong></span> <span class='ocrx_word' id='word_1_726' title='bbox 1064 5349 1500 5406; x_wconf 88' lang='lat' dir='ltr'><strong>demonstratum</strong></span> <span class='ocrx_word' id='word_1_727' title='bbox 1537 5371 1550 5407; x_wconf 88' lang='lat'><strong>:</strong></span> <span class='ocrx_word' id='word_1_728' title='bbox 1585 5353 1759 5406; x_wconf 82' lang='lat' dir='ltr'><strong>Adam</strong></span> <span class='ocrx_word' id='word_1_729' title='bbox 1808 5353 1936 5408; x_wconf 90' lang='lat' dir='ltr'><strong>item</strong></span> 
     </span>
    </p>
   </div>
   <div class='ocr_carea' id='block_1_101' title="bbox 347 5437 1940 5516">
    <p class='ocr_par' dir='ltr' id='par_1_101' title="bbox 347 5437 1940 5516">
     <span class='ocr_line' id='line_1_101' title="bbox 347 5437 1940 5516; baseline 0.005 -24"><span class='ocrx_word' id='word_1_730' title='bbox 347 5437 576 5508; x_wconf 84' lang='lat' dir='ltr'><strong>Evaque</strong></span> <span class='ocrx_word' id='word_1_731' title='bbox 605 5439 840 5508; x_wconf 89' lang='lat' dir='ltr'><strong>duplicis</strong></span> <span class='ocrx_word' id='word_1_732' title='bbox 865 5451 919 5496; x_wconf 90' lang='lat' dir='ltr'><strong>ct</strong></span> <span class='ocrx_word' id='word_1_733' title='bbox 945 5446 1266 5512; x_wconf 73' lang='lat' dir='ltr'><strong>composita:</strong></span> <span class='ocrx_word' id='word_1_734' title='bbox 1302 5445 1454 5500; x_wconf 82' lang='lat' dir='ltr'><strong>luere</strong></span> <span class='ocrx_word' id='word_1_735' title='bbox 1482 5457 1711 5509; x_wconf 83' lang='lat' dir='ltr'><strong>naturae,</strong></span> <span class='ocrx_word' id='word_1_736' title='bbox 1739 5447 1940 5516; x_wconf 85' lang='lat' dir='ltr'><strong>quippe</strong></span> 
     </span>
    </p>
   </div>
   <div class='ocr_carea' id='block_1_102' title="bbox 345 5529 1938 5606">
    <p class='ocr_par' dir='ltr' id='par_1_102' title="bbox 345 5529 1938 5606">
     <span class='ocr_line' id='line_1_102' title="bbox 345 5529 1938 5606; baseline 0.006 -26"><span class='ocrx_word' id='word_1_737' title='bbox 345 5529 443 5600; x_wconf 90' lang='lat' dir='ltr'><strong>qui</strong></span> <span class='ocrx_word' id='word_1_738' title='bbox 486 5545 553 5584; x_wconf 80' lang='lat' dir='ltr'><strong>es</strong></span> <span class='ocrx_word' id='word_1_739' title='bbox 588 5545 815 5599; x_wconf 84' lang='lat' dir='ltr'><strong>corpore</strong></span> <span class='ocrx_word' id='word_1_740' title='bbox 840 5541 1158 5588; x_wconf 83' lang='lat' dir='ltr'><strong>constarent</strong></span> <span class='ocrx_word' id='word_1_741' title='bbox 1191 5543 1245 5588; x_wconf 86' lang='lat' dir='ltr'><strong>et</strong></span> <span class='ocrx_word' id='word_1_742' title='bbox 1275 5535 1486 5600; x_wconf 85' lang='lat' dir='ltr'><strong>anima;</strong></span> <span class='ocrx_word' id='word_1_743' title='bbox 1520 5552 1692 5606; x_wconf 85' lang='lat' dir='ltr'><strong>quare</strong></span> <span class='ocrx_word' id='word_1_744' title='bbox 1715 5551 1938 5605; x_wconf 85' lang='lat' dir='ltr'><strong>serpen—</strong></span> 
     </span>
    </p>
   </div>
   <div class='ocr_carea' id='block_1_103' title="bbox 348 5625 1930 5695">
    <p class='ocr_par' dir='ltr' id='par_1_103' title="bbox 348 5625 1930 5695">
     <span class='ocr_line' id='line_1_103' title="bbox 348 5625 1930 5695; baseline 0.005 -20"><span class='ocrx_word' id='word_1_745' title='bbox 348 5633 461 5676; x_wconf 88' lang='lat' dir='ltr'><strong>tem</strong></span> <span class='ocrx_word' id='word_1_746' title='bbox 517 5639 741 5694; x_wconf 90' lang='lat' dir='ltr'><strong>quoque</strong></span> <span class='ocrx_word' id='word_1_747' title='bbox 789 5625 1065 5695; x_wconf 86' lang='lat' dir='ltr'><strong>duplicem</strong></span> <span class='ocrx_word' id='word_1_748' title='bbox 1112 5625 1286 5683; x_wconf 79' lang='lat' dir='ltr'><strong>fuisse</strong></span> <span class='ocrx_word' id='word_1_749' title='bbox 1324 5627 1753 5684; x_wconf 78' lang='lat' dir='ltr'><strong>existimandum</strong></span> <span class='ocrx_word' id='word_1_750' title='bbox 1797 5639 1881 5685; x_wconf 89' lang='lat' dir='ltr'><strong>est</strong></span> <span class='ocrx_word' id='word_1_751' title='bbox 1917 5645 1930 5683; x_wconf 88' lang='lat'><strong>:</strong></span> 
     </span>
    </p>
   </div>
   <div class='ocr_carea' id='block_1_104' title="bbox 420 5805 1934 5878">
    <p class='ocr_par' dir='ltr' id='par_1_104' title="bbox 420 5805 1934 5878">
     <span class='ocr_line' id='line_1_104' title="bbox 420 5805 1934 5878; baseline 0.001 -14"><span class='ocrx_word' id='word_1_752' title='bbox 420 5805 468 5841; x_wconf 82' lang='lat'><strong>&quot;</strong></span> <span class='ocrx_word' id='word_1_753' title='bbox 491 5806 628 5864; x_wconf 84' lang='lat' dir='ltr'><strong>Gen.</strong></span> <span class='ocrx_word' id='word_1_754' title='bbox 667 5823 755 5874; x_wconf 86' lang='grc' dir='ltr'>ιιι,</span> <span class='ocrx_word' id='word_1_755' title='bbox 785 5808 838 5863; x_wconf 76' lang='grc'><strong>1.</strong></span> <span class='ocrx_word' id='word_1_756' title='bbox 913 5810 957 5841; x_wconf 74' lang='grc'><strong>⁸⁸</strong></span> <span class='ocrx_word' id='word_1_757' title='bbox 993 5806 1132 5864; x_wconf 84' lang='lat' dir='ltr'><strong>Gen.</strong></span> <span class='ocrx_word' id='word_1_758' title='bbox 1187 5822 1263 5876; x_wconf 87' lang='grc' dir='ltr'>ιιι,</span> <span class='ocrx_word' id='word_1_759' title='bbox 1310 5807 1394 5862; x_wconf 68' lang='lat' dir='ltr'><strong>li.</strong></span> <span class='ocrx_word' id='word_1_760' title='bbox 1472 5809 1516 5840; x_wconf 80' lang='lat'><strong>°°</strong></span> <span class='ocrx_word' id='word_1_761' title='bbox 1550 5808 1592 5862; x_wconf 96' lang='lat' dir='ltr'><strong>ll</strong></span> <span class='ocrx_word' id='word_1_762' title='bbox 1625 5807 1754 5874; x_wconf 81' lang='lat' dir='ltr'><strong>Cor.</strong></span> <span class='ocrx_word' id='word_1_763' title='bbox 1789 5823 1850 5878; x_wconf 82' lang='lat' dir='ltr'><strong>tt,</strong></span> <span class='ocrx_word' id='word_1_764' title='bbox 1879 5809 1934 5866; x_wconf 78' lang='grc'><strong>5.</strong></span> 
     </span>
    </p>
   </div>
   <div class='ocr_carea' id='block_1_105' title="bbox 2047 4603 3627 4672">
    <p class='ocr_par' dir='ltr' id='par_1_105' title="bbox 2047 4603 3627 4672">
     <span class='ocr_line' id='line_1_105' title="bbox 2047 4603 3627 4672; baseline -0.004 -13"><span class='ocrx_word' id='word_1_765' title='bbox 2047 4613 2145 4659; x_wconf 91' lang='lat' dir='ltr'><strong>ret.</strong></span> <span class='ocrx_word' id='word_1_766' title='bbox 2170 4603 2280 4658; x_wconf 77' lang='lat' dir='ltr'><strong>Eva</strong></span> <span class='ocrx_word' id='word_1_767' title='bbox 2307 4613 2487 4659; x_wconf 83' lang='lat' dir='ltr'><strong>autem</strong></span> <span class='ocrx_word' id='word_1_768' title='bbox 2511 4615 2818 4672; x_wconf 82' lang='lat' dir='ltr'><strong>serpentem</strong></span> <span class='ocrx_word' id='word_1_769' title='bbox 2847 4604 3083 4668; x_wconf 86' lang='lat' dir='ltr'><strong>videbat,</strong></span> <span class='ocrx_word' id='word_1_770' title='bbox 3107 4611 3416 4671; x_wconf 86' lang='lat' dir='ltr'><strong>serpentem</strong></span> <span class='ocrx_word' id='word_1_771' title='bbox 3440 4616 3627 4657; x_wconf 90' lang='lat' dir='ltr'><strong>secum</strong></span> 
     </span>
    </p>
   </div>
   <div class='ocr_carea' id='block_1_106' title="bbox 2045 4687 3628 4767">
    <p class='ocr_par' dir='ltr' id='par_1_106' title="bbox 2045 4687 3628 4767">
     <span class='ocr_line' id='line_1_106' title="bbox 2045 4687 3628 4767; baseline -0.004 -16"><span class='ocrx_word' id='word_1_772' title='bbox 2045 4698 2356 4767; x_wconf 90' lang='lat' dir='ltr'><strong>loquentem</strong></span> <span class='ocrx_word' id='word_1_773' title='bbox 2419 4687 2672 4750; x_wconf 85' lang='lat' dir='ltr'><strong>audiebat</strong></span> <span class='ocrx_word' id='word_1_774' title='bbox 2703 4709 2718 4748; x_wconf 90' lang='lat'><strong>:</strong></span> <span class='ocrx_word' id='word_1_775' title='bbox 2757 4695 2860 4749; x_wconf 91' lang='lat' dir='ltr'><strong>hoc</strong></span> <span class='ocrx_word' id='word_1_776' title='bbox 2910 4695 3074 4762; x_wconf 79' lang='lat' dir='ltr'><strong>igitur</strong></span> <span class='ocrx_word' id='word_1_777' title='bbox 3107 4694 3285 4762; x_wconf 90' lang='lat' dir='ltr'><strong>ipsum</strong></span> <span class='ocrx_word' id='word_1_778' title='bbox 3321 4691 3497 4746; x_wconf 79' lang='lat' dir='ltr'><strong>Moses</strong></span> <span class='ocrx_word' id='word_1_779' title='bbox 3526 4706 3628 4746; x_wconf 88' lang='lat' dir='ltr'><strong>suo</strong></span> 
     </span>
    </p>
   </div>
   <div class='ocr_carea' id='block_1_107' title="bbox 2046 4783 3628 4860">
    <p class='ocr_par' dir='ltr' id='par_1_107' title="bbox 2046 4783 3628 4860">
     <span class='ocr_line' id='line_1_107' title="bbox 2046 4783 3628 4860; baseline -0.004 -15"><span class='ocrx_word' id='word_1_780' title='bbox 2046 4790 2250 4860; x_wconf 90' lang='lat' dir='ltr'><strong>scripto</strong></span> <span class='ocrx_word' id='word_1_781' title='bbox 2315 4787 2591 4860; x_wconf 87' lang='lat' dir='ltr'><strong>prodidit,</strong></span> <span class='ocrx_word' id='word_1_782' title='bbox 2640 4787 3107 4856; x_wconf 89' lang='lat' dir='ltr'><strong>quemadmodum</strong></span> <span class='ocrx_word' id='word_1_783' title='bbox 3171 4783 3298 4837; x_wconf 91' lang='lat' dir='ltr'><strong>alibi</strong></span> <span class='ocrx_word' id='word_1_784' title='bbox 3348 4792 3458 4837; x_wconf 87' lang='lat' dir='ltr'><strong>tres</strong></span> <span class='ocrx_word' id='word_1_785' title='bbox 3508 4783 3628 4838; x_wconf 81' lang='lat' dir='ltr'><strong>illos</strong></span> 
     </span>
    </p>
   </div>
   <div class='ocr_carea' id='block_1_108' title="bbox 2045 4873 3626 4955">
    <p class='ocr_par' dir='ltr' id='par_1_108' title="bbox 2045 4873 3626 4955">
     <span class='ocr_line' id='line_1_108' title="bbox 2045 4873 3626 4955; baseline -0.008 -16"><span class='ocrx_word' id='word_1_786' title='bbox 2045 4900 2185 4955; x_wconf 90' lang='lat' dir='ltr'><strong>quos</strong></span> <span class='ocrx_word' id='word_1_787' title='bbox 2217 4882 2817 4944; x_wconf 85' lang='lat' dir='ltr'><strong>videbatAhrahamus,</strong></span> <span class='ocrx_word' id='word_1_788' title='bbox 2854 4878 3003 4933; x_wconf 83' lang='lat' dir='ltr'><strong>viros</strong></span> <span class='ocrx_word' id='word_1_789' title='bbox 3035 4875 3345 4947; x_wconf 86' lang='lat' dir='ltr'><strong>appellavit,</strong></span> <span class='ocrx_word' id='word_1_790' title='bbox 3379 4889 3500 4927; x_wconf 89' lang='lat' dir='ltr'><strong>cum</strong></span> <span class='ocrx_word' id='word_1_791' title='bbox 3527 4873 3626 4927; x_wconf 82' lang='lat' dir='ltr'><strong>viri</strong></span> 
     </span>
    </p>
   </div>
   <div class='ocr_carea' id='block_1_109' title="bbox 2048 4964 3627 5036">
    <p class='ocr_par' dir='ltr' id='par_1_109' title="bbox 2048 4964 3627 5036">
     <span class='ocr_line' id='line_1_109' title="bbox 2048 4964 3627 5036; baseline -0.009 -5"><span class='ocrx_word' id='word_1_792' title='bbox 2048 4993 2154 5031; x_wconf 91' lang='lat' dir='ltr'><strong>non</strong></span> <span class='ocrx_word' id='word_1_793' title='bbox 2205 4983 2408 5030; x_wconf 88' lang='lat' dir='ltr'><strong>essent.</strong></span> <span class='ocrx_word' id='word_1_794' title='bbox 2441 4973 2523 5026; x_wconf 86' lang='lat' dir='ltr'><strong>Ad</strong></span> <span class='ocrx_word' id='word_1_795' title='bbox 2588 4971 2714 5036; x_wconf 91' lang='lat' dir='ltr'><strong>hoc,</strong></span> <span class='ocrx_word' id='word_1_796' title='bbox 2771 4969 2813 5024; x_wconf 90' lang='lat' dir='ltr'><strong>si</strong></span> <span class='ocrx_word' id='word_1_797' title='bbox 2871 4970 3027 5024; x_wconf 89' lang='lat' dir='ltr'><strong>divus</strong></span> <span class='ocrx_word' id='word_1_798' title='bbox 3089 4967 3312 5030; x_wconf 79' lang='lat' dir='ltr'><strong>Paulus,</strong></span> <span class='ocrx_word' id='word_1_799' title='bbox 3355 4964 3446 5035; x_wconf 89' lang='lat' dir='ltr'><strong>qui</strong></span> <span class='ocrx_word' id='word_1_800' title='bbox 3478 4972 3627 5017; x_wconf 88' lang='lat' dir='ltr'><strong>tanto</strong></span> 
     </span>
    </p>
   </div>
   <div class='ocr_carea' id='block_1_110' title="bbox 2050 5063 3626 5138">
    <p class='ocr_par' dir='ltr' id='par_1_110' title="bbox 2050 5063 3626 5138">
     <span class='ocr_line' id='line_1_110' title="bbox 2050 5063 3626 5138; baseline -0.008 -14"><span class='ocrx_word' id='word_1_801' title='bbox 2050 5068 2305 5138; x_wconf 87' lang='lat' dir='ltr'><strong>temporis</strong></span> <span class='ocrx_word' id='word_1_802' title='bbox 2354 5066 2636 5121; x_wconf 79' lang='lat' dir='ltr'><strong>intervallo</strong></span> <span class='ocrx_word' id='word_1_803' title='bbox 2679 5063 2879 5118; x_wconf 80' lang='lat' dir='ltr'><strong>Mosem</strong></span> <span class='ocrx_word' id='word_1_804' title='bbox 2939 5071 3161 5118; x_wconf 87' lang='lat' dir='ltr'><strong>secutus</strong></span> <span class='ocrx_word' id='word_1_805' title='bbox 3211 5067 3331 5123; x_wconf 71' lang='lat' dir='ltr'><strong>est,</strong></span> <span class='ocrx_word' id='word_1_806' title='bbox 3376 5073 3502 5112; x_wconf 92' lang='lat' dir='ltr'><strong>cum</strong></span> <span class='ocrx_word' id='word_1_807' title='bbox 3541 5073 3626 5111; x_wconf 86' lang='lat' dir='ltr'><strong>res</strong></span> 
     </span>
    </p>
   </div>
   <div class='ocr_carea' id='block_1_111' title="bbox 2043 5149 3627 5234">
    <p class='ocr_par' dir='ltr' id='par_1_111' title="bbox 2043 5149 3627 5234">
     <span class='ocr_line' id='line_1_111' title="bbox 2043 5149 3627 5234; baseline -0.008 -20"><span class='ocrx_word' id='word_1_808' title='bbox 2043 5164 2156 5234; x_wconf 79' lang='lat' dir='ltr'><strong>jam</strong></span> <span class='ocrx_word' id='word_1_809' title='bbox 2207 5172 2323 5216; x_wconf 90' lang='lat' dir='ltr'><strong>tum</strong></span> <span class='ocrx_word' id='word_1_810' title='bbox 2379 5160 2664 5231; x_wconf 66' lang='lat' dir='ltr'><strong>explicata:</strong></span> <span class='ocrx_word' id='word_1_811' title='bbox 2721 5163 2928 5223; x_wconf 90' lang='lat' dir='ltr'><strong>essent,</strong></span> <span class='ocrx_word' id='word_1_812' title='bbox 2973 5153 3212 5224; x_wconf 88' lang='lat' dir='ltr'><strong>serpenti</strong></span> <span class='ocrx_word' id='word_1_813' title='bbox 3267 5168 3373 5226; x_wconf 85' lang='lat' dir='ltr'><strong>non</strong></span> <span class='ocrx_word' id='word_1_814' title='bbox 3412 5149 3627 5204; x_wconf 65' lang='lat' dir='ltr'><strong>Satanae</strong></span> 
     </span>
    </p>
   </div>
   <div class='ocr_carea' id='block_1_112' title="bbox 2049 5242 3677 5324">
    <p class='ocr_par' dir='ltr' id='par_1_112' title="bbox 2049 5242 3677 5324">
     <span class='ocr_line' id='line_1_112' title="bbox 2049 5242 3677 5324; baseline -0.009 -18"><span class='ocrx_word' id='word_1_815' title='bbox 2049 5253 2410 5324; x_wconf 86' lang='lat' dir='ltr'><strong>imposturam</strong></span> <span class='ocrx_word' id='word_1_816' title='bbox 2444 5249 2712 5310; x_wconf 85' lang='lat' dir='ltr'><strong>attribuit,</strong></span> <span class='ocrx_word' id='word_1_817' title='bbox 2744 5246 2997 5318; x_wconf 86' lang='lat' dir='ltr'><strong>inquiens</strong></span> <span class='ocrx_word' id='word_1_818' title='bbox 3037 5263 3049 5299; x_wconf 89' lang='lat'><strong>:</strong></span> <span class='ocrx_word' id='word_1_819' title='bbox 3099 5242 3292 5298; x_wconf 84' lang='lat' dir='ltr'><strong>Vereor</strong></span> <span class='ocrx_word' id='word_1_820' title='bbox 3339 5245 3477 5297; x_wconf 82' lang='lat' dir='ltr'><strong>sicut</strong></span> <span class='ocrx_word' id='word_1_821' title='bbox 3518 5256 3625 5294; x_wconf 79' lang='lat' dir='ltr'><strong>ser-</strong></span> <span class='ocrx_word' id='word_1_822' title='bbox 3675 5243 3677 5246; x_wconf 60' lang='lat'><em>‘</em></span> 
     </span>
    </p>
   </div>
   <div class='ocr_carea' id='block_1_113' title="bbox 2041 5331 3625 5413">
    <p class='ocr_par' dir='ltr' id='par_1_113' title="bbox 2041 5331 3625 5413">
     <span class='ocr_line' id='line_1_113' title="bbox 2041 5331 3625 5413; baseline -0.008 -16"><span class='ocrx_word' id='word_1_823' title='bbox 2041 5343 2410 5413; x_wconf 84' lang='lat' dir='ltr'><strong>pens&#39;decepit</strong></span> <span class='ocrx_word' id='word_1_824' title='bbox 2458 5340 2622 5395; x_wconf 81' lang='lat' dir='ltr'><strong>Evam</strong></span> <span class='ocrx_word' id='word_1_825' title='bbox 2647 5340 2714 5408; x_wconf 81' lang='lat'><strong>‘°,</strong></span> <span class='ocrx_word' id='word_1_826' title='bbox 2755 5347 2886 5402; x_wconf 88' lang='lat' dir='ltr'><strong>etc.,</strong></span> <span class='ocrx_word' id='word_1_827' title='bbox 2927 5351 3026 5394; x_wconf 89' lang='lat' dir='ltr'><strong>cur</strong></span> <span class='ocrx_word' id='word_1_828' title='bbox 3051 5352 3159 5391; x_wconf 89' lang='lat' dir='ltr'><strong>non</strong></span> <span class='ocrx_word' id='word_1_829' title='bbox 3194 5337 3388 5389; x_wconf 89' lang='lat' dir='ltr'><strong>merito</strong></span> <span class='ocrx_word' id='word_1_830' title='bbox 3423 5331 3625 5392; x_wconf 70' lang='lat' dir='ltr'><strong>Moses,</strong></span> 
     </span>
    </p>
   </div>
   <div class='ocr_carea' id='block_1_114' title="bbox 2043 5426 3625 5506">
    <p class='ocr_par' dir='ltr' id='par_1_114' title="bbox 2043 5426 3625 5506">
     <span class='ocr_line' id='line_1_114' title="bbox 2043 5426 3625 5506; baseline -0.01 -15"><span class='ocrx_word' id='word_1_831' title='bbox 2043 5437 2135 5506; x_wconf 88' lang='lat' dir='ltr'><strong>qui</strong></span> <span class='ocrx_word' id='word_1_832' title='bbox 2161 5433 2270 5491; x_wconf 87' lang='lat' dir='ltr'><strong>tam</strong></span> <span class='ocrx_word' id='word_1_833' title='bbox 2298 5435 2485 5490; x_wconf 86' lang='lat' dir='ltr'><strong>multis</strong></span> <span class='ocrx_word' id='word_1_834' title='bbox 2519 5432 2773 5488; x_wconf 60' lang='lat' dir='ltr'><strong>retalibus</strong></span> <span class='ocrx_word' id='word_1_835' title='bbox 2800 5429 3031 5485; x_wconf 87' lang='lat' dir='ltr'><strong>Paulum</strong></span> <span class='ocrx_word' id='word_1_836' title='bbox 3062 5431 3360 5499; x_wconf 72' lang='lat' dir='ltr'><strong>praecessit,</strong></span> <span class='ocrx_word' id='word_1_837' title='bbox 3383 5426 3625 5480; x_wconf 82' lang='lat' dir='ltr'><strong>fraudem</strong></span> 
     </span>
    </p>
   </div>
   <div class='ocr_carea' id='block_1_115' title="bbox 2021 5511 3624 5600">
    <p class='ocr_par' dir='ltr' id='par_1_115' title="bbox 2021 5511 3624 5600">
     <span class='ocr_line' id='line_1_115' title="bbox 2021 5511 3624 5600; baseline -0.011 -13"><span class='ocrx_word' id='word_1_838' title='bbox 2021 5511 2284 5600; x_wconf 79' lang='lat' dir='ltr'><strong>serpenti</strong></span> <span class='ocrx_word' id='word_1_839' title='bbox 2331 5526 2651 5596; x_wconf 88' lang='lat' dir='ltr'><strong>ascripsisse</strong></span> <span class='ocrx_word' id='word_1_840' title='bbox 2681 5524 2975 5580; x_wconf 82' lang='lat' dir='ltr'><strong>videatur?</strong></span> <span class='ocrx_word' id='word_1_841' title='bbox 3013 5522 3312 5591; x_wconf 73' lang='lat' dir='ltr'><strong>Scriptor-is</strong></span> <span class='ocrx_word' id='word_1_842' title='bbox 3339 5521 3484 5573; x_wconf 89' lang='lat' dir='ltr'><strong>enim</strong></span> <span class='ocrx_word' id='word_1_843' title='bbox 3522 5526 3624 5580; x_wconf 82' lang='lat' dir='ltr'><strong>est,</strong></span> 
     </span>
    </p>
   </div>
   <div class='ocr_carea' id='block_1_116' title="bbox 2042 5618 3625 5698">
    <p class='ocr_par' dir='ltr' id='par_1_116' title="bbox 2042 5618 3625 5698">
     <span class='ocr_line' id='line_1_116' title="bbox 2042 5618 3625 5698; baseline -0.009 -15"><span class='ocrx_word' id='word_1_844' title='bbox 2042 5641 2131 5683; x_wconf 88' lang='lat' dir='ltr'><strong>res</strong></span> <span class='ocrx_word' id='word_1_845' title='bbox 2155 5633 2337 5698; x_wconf 75' lang='lat' dir='ltr'><strong>gestas</strong></span> <span class='ocrx_word' id='word_1_846' title='bbox 2357 5638 2617 5688; x_wconf 79' lang='lat' dir='ltr'><strong>narrare;</strong></span> <span class='ocrx_word' id='word_1_847' title='bbox 2645 5633 2700 5677; x_wconf 90' lang='lat' dir='ltr'><strong>at</strong></span> <span class='ocrx_word' id='word_1_848' title='bbox 2718 5618 3031 5690; x_wconf 87' lang='lat' dir='ltr'><strong>interpretis</strong></span> <span class='ocrx_word' id='word_1_849' title='bbox 3058 5629 3280 5681; x_wconf 87' lang='lat' dir='ltr'><strong>munus,</strong></span> <span class='ocrx_word' id='word_1_850' title='bbox 3307 5629 3335 5667; x_wconf 88' lang='lat' dir='ltr'><strong>a</strong></span> <span class='ocrx_word' id='word_1_851' title='bbox 3360 5619 3625 5680; x_wconf 75' lang='lat' dir='ltr'><strong>scriptore</strong></span> 
     </span>
    </p>
   </div>
  </div>
