4086 6396
454 329 560 398 519

1754 326 1986 389 MOSIS
2028 327 2181 387 ΒΑΗ
2219 325 2470 386 ΟΕΡΠΑ

3653 323 3766 388 520

451 446 668 518 prodita
701 443 975 515 explicare
1010 460 1022 496 :
1058 454 1121 496 ac
1171 437 1400 510 proinde
1435 435 1634 505 Moses,
1664 438 1757 506 qui
1805 438 2044 508 scriptor
2075 443 2119 499 Α
2151 453 2255 492 nus
2315 437 2579 492 obsecuta
2617 435 2810 490 fuisset
2844 431 3027 491 dictis.
3079 430 3272 507 Igitur,
3308 447 3366 490 ut
3414 451 3526 493 suae
3578 435 3763 493 fraudi

450 555 559 595 non
621 539 892 605 interpres
953 549 1075 589 esse
1143 534 1355 600 voluit,
1419 543 1564 587 recte
1625 533 1870 588 narravit
1931 547 2049 586 ser-

447 638 668 700 pentem
709 644 834 684 cum
869 627 977 681 Eva
1002 627 1333 682 collocutum
1373 641 1516 691 esse,
1547 642 1656 681 non
1689 637 1872 681 autem
1907 627 2050 682 dixit

453 702 715 777 Sbtanam
751 724 893 776 intra
923 730 1231 792 serpentem
1284 720 1457 775 fuisse
1491 721 1849 775 occultatum.
1886 717 2050 786 Qua:-

451 820 560 874 stio
591 819 784 889 quinta
815 826 920 881 est,
950 821 1309 886 quamobrem
1345 814 1576 872 Satanas
1615 814 1883 869 Adamum
1919 831 2044 868 cum

448 927 620 966 uxore
655 909 956 966 Seduxerit.
997 907 1110 966 Nos
1137 909 1520 963 existimamus
1580 923 1804 964 causam
1829 910 2047 963 Satanae

448 1004 621 1060 fuisse
657 1005 913 1059 invidiam
943 1019 1052 1074 qua
1089 1003 1211 1057 illos
1245 1003 1723 1073 prosequebatur;
1755 1018 1882 1057 nam
1919 1017 2044 1056 cum

447 1097 540 1151 ille
597 1097 820 1152 sublimi
880 1111 978 1150 sua
1042 1094 1310 1164 dignitate
1365 1095 1653 1165 gloriaque
1712 1095 2045 1162 excidisset,

447 1187 764 1256 videretque
797 1201 960 1256 porro
987 1184 1259 1241 Adamum
1289 1201 1354 1240 ex
1381 1186 1496 1240 luto
1527 1185 1955 1252 conformatum,
1977 1186 2045 1241 ad

444 1283 740 1350 imaginem
778 1289 961 1335 tamen
990 1279 1518 1350 similitudinemque
1542 1280 1632 1334 Dei
1668 1279 1870 1335 factum
1899 1297 2041 1347 esse,

444 1384 608 1445 atque
637 1375 884 1429 omnium
924 1389 1105 1428 rerum
1137 1389 1260 1444 qua}
1295 1374 1347 1427 in
1384 1374 1546 1428 terris
1576 1383 1761 1428 essent
1812 1375 2044 1444 imperio

441 1469 708 1540 potitum;
786 1479 1045 1538 praeterea
1127 1458 1443 1538 paradisum
1509 1467 1723 1524 deliciis
1785 1471 2041 1524 omnibus

442 1564 659 1632 plenum
707 1563 1062 1630 incolentem,
1108 1571 1277 1633 atque
1324 1564 1693 1632 angelicarum
1751 1564 2038 1632 copiarum

442 1654 712 1709 fruentem
739 1655 1027 1719 societate,
1051 1672 1110 1710 se
1142 1671 1270 1710 vero
1293 1665 1483 1710 contra
1507 1657 1852 1710 deturbatum
1879 1666 2045 1726 atque

439 1747 737 1818 deiectum,
776 1749 1018 1802 maxima
1072 1758 1353 1818 permotos
1381 1750 1648 1803 adversus
1686 1749 1957 1803 Adamum
1987 1759 2042 1804 et

2156 528 2313 584 locus
2375 539 2520 583 esset
2583 527 2876 599 verbisque
2934 527 3089 596 fides,
3145 527 3326 584 induit
3395 541 3760 601 corporatura

2154 621 2288 676 illud
2327 637 2620 693 organum,
2650 631 2961 692 serpentem
2981 660 2998 686 ,
3027 636 3204 692 eoque
3237 622 3424 677 habitu
3463 623 3757 678 visendum

2155 729 2215 769 se
2237 714 2510 770 exhibuit.
2545 714 2790 784 Septima
2822 715 3055 784 quaestio
3104 723 3210 778 est,
3246 730 3348 769 cur
3398 730 3510 785 prae
3541 715 3762 770 caeteris

2155 805 2346 860 bestiis
2413 820 2645 876 anguem
2680 805 2782 860 sibi
2816 803 3052 860 Satanas
3079 804 3133 860 in
3169 821 3438 877 organum
3468 805 3762 878 delegerit.

2153 898 2330 968 Hujus
2374 899 2455 953 rei
2502 913 2700 953 causas
2740 898 2942 952 multas
2967 912 3091 952 esse
3121 898 3358 952 dicimus
3395 895 3580 952 Primo
3612 897 3764 952 enim

2150 992 2364 1046 nullutn
2412 1000 2534 1046 erat
2565 1006 2745 1061 angue
2791 991 2992 1047 animal
3025 992 3092 1046 ad
3152 991 3457 1047 fallendum
3488 993 3767 1056 astutius;

2149 1083 2202 1137 id
2236 1085 2383 1153 quod
2420 1084 2577 1139 divus
2593 1083 2789 1140 'Moses
2820 1084 3044 1155 quoque
3073 1084 3159 1140 his
3187 1085 3372 1141 verbis
3419 1085 3710 1157 significat
3745 1103 3762 1140 :

2154 1172 2224 1227 Et
2274 1190 2484 1244 serpens
2524 1183 2638 1228 erat
2689 1175 2940 1228 callidior
2968 1179 3114 1230 οηιηὶ
3159 1178 3331 1231 bestia
3365 1178 3507 1247 agri.
3537 1175 3678 1231 Nam
3708 1185 3768 1232 et

2158 1269 2523 1323 animantium
2587 1269 2693 1322 alia
2756 1268 2974 1324 vafritie
3028 1269 3326 1335 excellunt,
3400 1278 3458 1324 ut
3519 1270 3757 1340 vulpes;

2157 1365 2286 1428 alia,
2315 1365 2435 1418 rudi
2491 1364 2843 1433 simplicitate
2895 1373 3047 1427 sunt,
3079 1374 3139 1418 ut
3170 1378 3328 1418 oves.
3367 1361 3575 1418 Deinde
3628 1378 3757 1439 eum

2150 1456 2349 1525 anguis
2389 1453 2600 1508 lethali
2659 1467 2874 1507 veneno
2917 1452 3135 1522 plenum
3183 1451 3425 1515 animal,
3461 1460 3762 1505 consenta-

2148 1563 2313 1602 neum
2355 1557 2501 1611 crat,
2537 1556 2595 1602 ut
2644 1547 3003 1616 veLpropter
3055 1556 3264 1600 naturai
3310 1544 3761 1614 congruentiam,

2149 1641 2496 1694 mortiferum
2562 1655 2726 1693 suum
2787 1639 3030 1692 toxicum
3095 1636 3484 1691 commisceret
3522 1635 3764 1691 Satanas

2146 1747 2272 1788 cum
2311 1734 2583 1802 serpentis
2614 1747 2847 1786 veneno.
2880 1730 3092 1793 Tertio,
3155 1737 3214 1784 ut
3265 1729 3407 1782 idem
3440 1729 3764 1784 usuveniret

441 1841 609 1895 Evam
643 1841 872 1906 invidia,
909 1843 1057 1911 ipsos
1082 1841 1324 1895 seduxit.
1350 1839 1620 1894 Nimirum
1649 1841 2034 1911 hujuscemodi
2069 1833 2109 1885 Β
2141 1821 2362 1877 Satanae
2405 1823 2550 1890 quod
2617 1823 2729 1876 lilio
2784 1821 2859 1875 iiii
2896 1821 3170 1891 pmdism
3211 1821 3256 1875 is
3289 1821 3436 1874 enim
3465 1829 3760 1890 voslqiia

439 1935 872 2004 c0gitationibus
925 1935 1234 2005 exagitatus
1284 1943 1368 1987 est
1404 1951 1418 1986 :
1456 1934 1568 2003 Ego
1633 1934 1727 2004 qui
1779 1933 2041 2003 spiritalis

440 2046 585 2096 smn,
623 2029 848 2095 exsulo;
891 2039 946 2084 at
979 2029 1150 2082 Adam
1184 2029 1277 2100 qui
1309 2043 1608 2098 corporeus
1646 2039 1749 2093 est,
1786 2029 1932 2084 intro
1957 2038 2042 2084 est

440 2132 695 2192 receptus
731 2141 744 2177 :
781 2138 882 2192 ego
931 2119 1255 2192 proﬂigatus
1288 2124 1550 2193 omnique
1578 2122 1751 2189 gloria
1800 2133 2036 2186 exutus;

439 2214 531 2268 ille
563 2214 729 2284 gloria
768 2213 994 2268 indutus
1024 2215 1365 2283 vesulusque
1400 2231 1414 2268 :
1444 2229 1542 2284 ego
1575 2216 1627 2267 in
1675 2215 1816 2278 imo,
1859 2214 1950 2267 ille
1985 2215 2037 2267 in

437 2305 656 2363 summo
683 2327 695 2360 :
723 2321 822 2376 ego
839 2307 981 2377 apud
1009 2307 1232 2373 bestias,
1261 2306 1346 2359 ille
1377 2308 1516 2377 apud
1548 2307 1773 2379 angelos
1807 2325 1821 2361 :
1852 2320 1955 2374 ego
1985 2306 2038 2359 in

435 2409 591 2454 vasta
645 2397 963 2465 solitudine,
1014 2398 1103 2452 ille
1160 2399 1306 2453 inter
1339 2399 1750 2455 amantissimas
1795 2398 2039 2470 paradisi

434 2492 663 2547 arbores
693 2501 967 2548 versatur.
998 2489 1410 2561 Hujuscemodi,
1447 2492 1698 2561 inquam,
1741 2491 2040 2562 cogitatio-

439 2599 539 2639 nes
599 2581 667 2638 ad
726 2583 1148 2653 prosequendos
1203 2581 1327 2638 illos
1376 2583 1580 2638 invidia
1654 2583 2038 2653 fallendosque

436 2677 619 2748 ipsum
655 2676 994 2747 impulerunt
1031 2693 1045 2731 :
1077 2677 1280 2748 quippe
1320 2677 1663 2746 intelligehat
1691 2693 1756 2733 ex
1791 2693 1858 2733 eo
1887 2677 2036 2749 quod

434 2770 538 2825 sibi
572 2769 872 2838 acciderat,
904 2769 949 2825 si
984 2770 1450 2841 peccaretAdam,
1475 2771 1720 2827 futurum
1756 2781 1816 2827 ut
1851 2781 2039 2828 rueret

433 2864 579 2919 sicut
651 2863 768 2932 ipse
823 2863 974 2932 prior
1048 2864 1572 2936 cecideratzatque
1634 2882 1700 2920 ex
1775 2875 2034 2936 peccato,

432 2956 630 3010 horum
680 2956 842 3026 plane
891 2956 1123 3012 alterum
1175 2958 1385 3012 Adamo
1432 2971 1762 3014 eventurum
1795 2975 1940 3027 esse,
1976 2969 2037 3015 ut

431 3047 516 3101 vel
544 3056 873 3106 moreretur.
909 3063 1008 3117 pro
1043 3049 1150 3104 lata
1181 3049 1295 3120 jam
1327 3062 1455 3105 ante
1481 3052 1774 3116 sententia,
1811 3052 1928 3119 Quo
1951 3053 2037 3108 die

432 3141 719 3193 comederis
773 3141 837 3194 de
898 3141 1025 3207 illa,
1083 3155 1307 3197 mortem
1358 3153 1605 3214 appetes;
1640 3145 1724 3198 vel
1775 3147 2105 3240 paradisoC

430 3227 824 3298 expelleretur,
857 3237 1020 3298 atque
1070 3230 1267 3285 deinde
1296 3233 1485 3286 sobole
1525 3242 1810 3298 procreata
1843 3234 2032 3288 multi-

431 3323 730 3392 pliearetur
772 3325 1074 3378 secundum
1127 3324 1360 3380 faustam
1397 3326 1543 3378 illam
1577 3329 2032 3396 apprecationem

432 3433 538 3488 qua
562 3416 706 3474 Deus
725 3418 792 3472 ad
814 3419 939 3474 illos
959 3434 1092 3473 usus
1119 3418 1368 3473 dixerat:
1392 3401 1623 3474 Crescite
1640 3430 1685 3474 et
1707 3421 2036 3492 multiplica-

432 3513 606 3579 mini,-
641 3514 747 3565 hoc
789 3527 919 3565 vero
953 3512 998 3566 si
1030 3511 1103 3566 illi
1136 3514 1497 3578 contingeret,
1531 3522 1644 3566 tum
1679 3514 1794 3567 fore
1837 3523 1897 3569 ut
1924 3516 2038 3585 ipse

432 3615 484 3660 et
509 3605 566 3659 in
594 3605 744 3659 illum
769 3607 1040 3675 ipsum,et
1063 3606 1114 3659 in
1141 3606 1288 3661 illius
1314 3621 1530 3660 onmem
1553 3607 1922 3676 posteritatem
1939 3609 2040 3662 itii-

429 3699 646 3768 perium
679 3707 982 3756 exerceret.
1003 3698 1172 3769 igitur
1195 3700 1260 3753 ad
1282 3699 1434 3752 illum
1468 3699 1765 3754 fallendum
1793 3700 2038 3772 percitus

431 3799 517 3844 est
545 3806 696 3844 mera
723 3789 950 3846 invidia.
987 3790 1149 3846 Sexta
1186 3793 1417 3862 quaestio
1449 3802 1553 3857 est,
1589 3810 1691 3848 cur
1719 3810 1829 3847 non
1867 3809 2035 3865 appa-

430 3884 603 3938 ruerit
650 3882 816 3938 Satan
847 3885 1037 3954 primis
1085 3886 1409 3955 parentibus
1443 3885 1685 3941 humana
1717 3888 1923 3957 specie,
1951 3887 2035 3941 vel

431 3978 612 4033 divina
649 3978 822 4049 (quali
859 3977 1341 4050 Dominusgnoster
1379 3981 1433 4034 iit
1490 3984 1720 4052 monte),
1748 3992 1841 4036 aut
1864 3980 2035 4052 figura

431 4071 706 4141 majorum
765 4070 1092 4138 bestiarum,
1130 4072 1322 4141 quales
1360 4083 1492 4127 sunt
1521 4073 1742 4138 cameli,
1771 4075 2036 4141 elephan-

434 4167 537 4223 tes,
566 4168 619 4212 et
649 4159 834 4226 eiusce
875 4161 1097 4227 generis
1142 4159 1263 4213 alia:
1298 4177 1312 4214 :
1365 4170 1460 4213 aut
1513 4161 1751 4230 denique
1798 4177 1897 4216 cur
1927 4179 2034 4216 non

433 4267 534 4306 suo
564 4253 739 4322 ipsius
769 4253 994 4320 preprio
1024 4263 1190 4323 atque
1222 4253 1406 4308 nativo
1445 4253 1658 4319 habitu,
1698 4253 1793 4308 sed
1823 4269 2036 4323 organo

434 4355 574 4410 Opus
635 4341 912 4396 habuerit.
964 4340 1107 4395 Sane
1141 4341 1381 4394 humana
1413 4343 1596 4412 specie
1621 4357 1729 4396 non
1761 4344 2033 4415 apparuit,

435 4431 585 4504 quod
639 4435 806 4488 sciret
849 4433 1018 4487 Evam
1055 4449 1164 4488 non
1211 4433 1465 4504 ignorare
1526 4434 1716 4502 alium,
1749 4445 1950 4505 printer
1977 4450 2036 4491 se

2147 1932 2363 1972 suntino
2423 1916 2636 1969 honore
2675 1914 2992 1978 excidisset,
3027 1914 3080 1968 in
3114 1927 3208 1968 eas
3227 1917 3484 1968 redactus
3511 1924 3596 1968 est
3628 1913 3758 1968 vita:

2147 2010 2401 2065 miserias
2446 2018 2506 2064 ut
2545 2023 2741 2078 porcos
2771 2021 3001 2077 pascere
3044 2017 3338 2078 cogeretur
3365 2007 3407 2039 °‘
3452 2025 3467 2061 :
3507 2007 3588 2062 sic
3643 2008 3757 2062 sci-

2146 2102 2272 2158 licet
2325 2105 2494 2156 Satan
2531 2116 2598 2156 ex
2639 2115 2738 2154 sua
2774 2102 3033 2170 delapsus
3083 2100 3278 2170 gloria,
3324 2102 3378 2153 in
3411 2115 3637 2169 anguem
3682 2113 3747 2153 se

2145 2193 2468 2248 insinuavit.
2508 2192 2747 2259 Quarto,
2787 2203 2849 2246 ut
2891 2207 3018 2245 cum
3051 2202 3193 2247 esset
3229 2191 3527 2261 aliquando
3555 2191 3752 2260 anguis

2144 2303 2310 2358 super
2339 2297 2582 2341 ventrem
2619 2301 2782 2341 suum
2818 2295 3210 2356 prorepturus;
3245 2285 3298 2339 id
3330 2288 3529 2354 ipsum,
3596 2284 3752 2337 humi

2144 2395 2386 2450 serpere,
2427 2378 2630 2434 diaboli
2649 2379 2744 2448 qui
2783 2378 2838 2431 in
2869 2394 3047 2449 angue
3081 2377 3336 2442 latuerat,
3371 2377 3531 2431 nobis
3557 2391 3754 2431 casum

2143 2473 2216 2528 ob
2245 2473 2440 2528 oculos
2471 2473 2720 2541 poneret.
2756 2471 3005 2542 Denique
3037 2470 3112 2525 ita
3145 2479 3343 2524 natura
3364 2478 3753 2540 comparatum

2143 2575 2232 2622 est
2289 2573 2604 2636 serpentum
2658 2578 2856 2636 genus,
2891 2571 2951 2617 ut
3006 2561 3223 2617 occulta
3283 2560 3538 2632 quaedam
3577 2560 3751 2616 veluti

2143 2657 2389 2714 fraterna
2445 2658 2647 2713 indolis
2706 2656 3040 2727 coniunctio
3091 2655 3193 2725 ipsi
3242 2671 3368 2710 cum
3401 2653 3756 2708 daemonibus

2143 2750 2448 2806 intercedat
2479 2749 2620 2820 (t2),
2660 2751 2768 2805 etsi
2805 2764 2870 2804 ea
2930 2763 3032 2802 nos
3065 2748 3249 2802 lateat.
3279 2744 3483 2801 Octava
3513 2745 3753 2816 quaestio

2142 2850 2247 2910 est,
2275 2858 2376 2898 cur
2403 2843 2720 2914 permiserit
2744 2842 2889 2897 Deus
2909 2840 3129 2896 Satanae
3146 2849 3203 2894 et
3233 2840 3472 2909 serpenti
3501 2840 3558 2892 in
3583 2855 3753 2909 para-

2141 2938 2324 2993 disum
2389 2937 2622 2992 introire
2657 2953 2670 2989 :
2705 2937 2818 2990 imo
2861 2950 2992 2990 vero
3024 2935 3262 3000 Satanae,
3305 2934 3578 2988 Adamum
3613 2949 3750 2987 cum

2141 3045 2316 3086 uxore
2353 3030 2564 3086 fallere.
2606 3028 2687 3084 Ad
2727 3030 2871 3083 hanc
2900 3028 3262 3097 quaestionem
3295 3028 3704 3097 respondemus
3729 3065 3749 3094 ,

2142 3125 2325 3178 varias
2367 3123 2442 3178 ob
2492 3137 2583 3178 res
2613 3123 2884 3192 permissa
2918 3122 3009 3176 illa
3047 3136 3194 3176 esse.
3261 3119 3522 3174 Permisit
3561 3123 3744 3178 enim.

2137 3221 2266 3275 dum
2327 3218 2546 3275 Satanae
2600 3220 2909 3274 libertatem
2963 3236 3070 3275 non
3125 3219 3406 3289 iirpedivit
3443 3219 3746 3289 quominus

2137 3320 2333 3380 suopte
2363 3311 2592 3366 arbitrio
2622 3320 2892 3375 uteretur,
2952 3310 3092 3364 sicut
3128 3326 3305 3381 neque
3334 3311 3521 3364 Oziam
3551 3309 3742 3379 prohi-

2141 3405 2258 3458 huit
2316 3419 2346 3458 a
2384 3403 2751 3458 sanctissimis
2800 3403 3003 3473 adytis,
3028 3417 3095 3456 ne
3129 3417 3228 3472 pro
3282 3401 3561 3471 voluptate
3593 3403 3647 3456 in
3675 3415 3745 3456 ea

2138 3505 2486 3567 penetraret.
2517 3496 2784 3552 Praeterea
2836 3497 2965 3551 sivit
3010 3495 3154 3551 Deus
3215 3497 3304 3550 illa
3352 3496 3594 3561 evenire,
3629 3509 3749 3566 quo

2139 3590 2474 3655 ostenderet,
2509 3588 2975 3659 quemadmodum
3024 3587 3138 3644 fleri
3165 3588 3343 3658 potuit
3372 3597 3431 3642 ut
3461 3588 3740 3641 Adsmuin

2139 3681 2224 3735 sui
2272 3680 2565 3751 imaginem
2613 3680 3146 3749 similitudinemque
3173 3679 3241 3734 de
3274 3687 3418 3734 terra
3459 3678 3735 3738 aboleret;

2139 3772 2213 3825 ita
2257 3787 2453 3827 rursus
2507 3785 2567 3826 se
2620 3770 2750 3826 huic
2797 3770 2900 3840 ipsi
2956 3771 3273 3840 permisisse
3317 3780 3374 3825 ut
3425 3779 3608 3839 posset
3634 3783 3740 3839 per

2140 3868 2456 3937 superbiam
2487 3876 2652 3937 atque
2679 3866 2877 3922 fastum
2914 3865 3173 3922 affectare
3208 3865 3450 3921 divinam
3480 3865 3744 3935 majesta-

2141 3971 2272 4016 tent.
2319 3963 2551 4032 Insuper
2599 3970 2659 4016 ut
2707 3977 2774 4016 ne
2830 3961 2968 4014 nihil
3021 3968 3171 4016 esset
3229 3974 3355 4016 cum
3401 3975 3509 4030 quo
3535 3958 3740 4014 Adami

2139 4053 2366 4109 libertas
2397 4054 2610 4109 arbitrii
2641 4066 2828 4125 posset
2864 4054 3152 4108 decertare
3185 4071 3199 4107 :
3225 4053 3462 4122 denique
3498 4061 3555 4106 ut
3587 4051 3744 4121 peri-

2139 4148 2326 4200 culum
2360 4146 2514 4200 fieret
2547 4147 2614 4200 de
2635 4146 2848 4199 Adamo
2883 4146 3262 4200 obscrvansne
3289 4144 3531 4198 mandati
3562 4143 3741 4197 divini

2141 4249 2313 4306 esset,
2352 4254 2420 4293 an
2454 4240 2704 4294 minime.
2767 4237 2938 4294 Erant
2990 4239 3158 4310 igitur
3208 4254 3336 4293 cum
3385 4238 3548 4292 arbor
3593 4237 3738 4307 ipsa,

2141 4341 2254 4387 tum
2314 4330 2550 4386 Satanas
2585 4343 2750 4402 atque
2783 4345 3010 4401 serpens
3041 4331 3106 4385 ad
3160 4331 3554 4401 explorandam
3607 4329 3745 4383 Adae

2139 4425 2352 4478 arbitrii
2385 4423 2696 4479 libertatem
2727 4425 3146 4479 accommodata
3176 4419 3744 4478 iustrumcnta.Nona

435 4536 712 4590 suumque
767 4523 1025 4577 maritum
1087 4523 1364 4577 hOminem
1400 4522 1611 4578 nullum
1661 4539 1816 4591 esse;
1853 4541 2029 4596 neque
2062 4541 2105 4596 υ
2141 4519 2373 4588 quaestio
2427 4517 2741 4587 hujusmodi
2801 4527 2884 4572 est
2929 4534 2945 4572 :
3000 4515 3112 4572 Cur
3167 4517 3332 4586 angui
3393 4513 3744 4570 malediscrit

437 4628 568 4668 vero
610 4613 752 4669 Deus
784 4615 885 4685 ipsi
917 4614 1272 4684 permittebat
1307 4627 1365 4670 ut
1398 4615 1678 4670 hominem
1714 4617 2026 4687 simularet,

435 4723 506 4764 ne
553 4706 759 4778 justam
802 4708 1027 4763 haberet
1077 4707 1187 4763 Eva
1221 4709 1428 4762 erroris
1462 4709 1548 4764 sui
1594 4708 2026 4776 excusationem,

433 4798 751 4868 conspicata
811 4796 1088 4851 hominem
1124 4795 1231 4853 sibi
1254 4795 1486 4853 similem
1518 4811 1548 4852 a
1573 4812 1684 4869 quo
1726 4795 2026 4853 falleretur.

434 4885 608 4942 Porro
655 4887 878 4956 divina,
911 4886 998 4942 vel
1032 4887 1305 4960 majorum
1358 4887 1664 4946 bestiarum
1704 4889 1877 4962 figura
1919 4903 2028 4944 non

439 4985 715 5055 apparuit,
751 4987 900 5056 quod
954 4987 1038 5042 hie
1081 4987 1292 5057 species
1328 4987 1502 5042 nimio
1533 4997 1684 5043 ntetu
1717 4990 2036 5044 concussis-

437 5085 562 5134 sent
605 5080 1132 5150 perturbassentque
1193 5081 1502 5147 mulierem,
1537 5081 1740 5136 nedum
1785 5082 1855 5136 ad
1931 5097 2034 5136 au-

439 5169 789 5225 scultandum
847 5171 1032 5227 verbis
1060 5171 1178 5227 suis
1234 5172 1598 5227 induxissent.
1633 5172 1744 5228 Sua
1798 5173 2036 5245 denique

436 5262 612 5333 ipsius
661 5264 898 5318 naturali
948 5263 1130 5333 specie
1175 5279 1282 5319 non
1315 5273 1400 5320 est
1440 5265 1588 5319 illam
1620 5264 1872 5332 adortus,
1904 5266 2042 5337 quia

437 5355 616 5422 magis
671 5355 832 5409 etiam
903 5364 1248 5412 consternata
1289 5356 1407 5426 ipsa
1455 5354 1651 5412 fuisset
1699 5358 1742 5412 si
1776 5358 1898 5429 ejus
1932 5358 2027 5428 qui

435 5448 653 5504 videndi
693 5463 914 5504 sensum
964 5447 1172 5505 falleret
1208 5449 1369 5503 verba
1409 5447 1686 5516 audisset;
1717 5465 1891 5520 eoque
1933 5448 2039 5505 mi-

439 5625 499 5708 _"
532 5626 671 5680 Luc.
706 5642 799 5693 xv,
837 5625 896 5679 Η
933 5641 1091 5697 seqq.

443 5842 596 5896 bolo.

2137 4611 2303 4678 Deus,
2356 4609 2452 4682 qui
2508 4610 2721 4664 nullum
2781 4610 2965 4666 scelus
3021 4617 3286 4680 patrarat,
3337 4607 3554 4663 Satanas
3601 4621 3744 4660 vero

2135 4703 2326 4775 ﬂagitii
2372 4717 2467 4758 reo
2515 4703 2791 4773 noxioque
2839 4701 2977 4757 nihil
3038 4701 3168 4756 mali
3217 4701 3557 4770 imprecatus
3609 4697 3738 4754 sit?

2138 4811 2318 4868 neque
2338 4797 2485 4853 enim
2507 4796 2683 4852 libero
2702 4795 2960 4852 utebatur
2982 4795 3179 4864 anguis
3202 4793 3456 4858 arbitrio,
3481 4800 3537 4845 ut
3553 4776 3745 4861 posset

2139 4903 2199 4947 se
2231 4889 2450 4945 Satanae
2492 4905 2593 4960 pro
2638 4889 3010 4944 instrumento
3051 4901 3158 4941 non
3193 4893 3476 4956 praestare.
3508 4883 3588 4939 Ad
3619 4884 3742 4939 haec

2138 4983 2376 5039 dicimus
2440 4983 2768 5039 detestatum
2826 4997 2947 5037 esse
2999 4994 3233 5050 anguem
3295 4987 3357 5034 ut
3407 4978 3511 5033 hoc
3554 4978 3736 5047 ipsum

2139 5076 2364 5132 Satanae
2411 5077 2700 5132 molestum
2764 5076 3060 5140 accideret,
3094 5073 3188 5144 qui
3231 5071 3330 5127 illo
3361 5071 3619 5127 utebatur
3652 5072 3746 5125 in-

2141 5181 2485 5238 strumento;
2521 5165 2691 5223 veluti
2739 5168 2786 5224 si
2836 5167 2963 5239 quis
2997 5167 3274 5223 musicum
3308 5164 3742 5219 instrumentum

2141 5261 2475 5332 confringat,
2508 5272 2776 5333 quocum
2819 5261 2912 5332 qui
2945 5261 3040 5315 illo
3105 5258 3339 5315 canebat
3405 5255 3686 5313 excruciet
3722 5273 3744 5309 :

2143 5371 2349 5426 equum
2408 5355 2668 5410 nimirum
2724 5354 2962 5428 graviter
3016 5351 3333 5424 prostravit,
3364 5357 3424 5406 ut
3466 5363 3744 5405 sessorem

2152 5450 2318 5506 simul
2353 5459 2771 5516 consternerct;
2808 5461 3114 5517 navemque
3169 5444 3460 5511 subvertit,
3507 5453 3567 5497 ut
3605 5455 3752 5495 nau-

510 5776 1152 5868 (.1‘3)Cautclegc;nam
1189 5786 1494 5846 similitudo
1523 5789 1794 5868 quaedam
1842 5789 2070 5861 indolis,
2112 5806 2223 5850 non
2313 5791 2556 5851 fraterna
2609 5794 2930 5865 conjunctio
2985 5783 3133 5853 inest
3180 5791 3409 5852 colubro
3451 5805 3575 5848 cum
3616 5787 3749 5846 dia-
