4086 6448
283 431 376 497 59.1

1421 439 1519 499 DE
1561 435 1960 497 PARADISO.
2006 461 2072 473 -
2110 434 2304 496 PARS
2344 432 2396 496 Ι.

3444 423 3550 486 522

284 565 390 607 tam
448 551 734 606 multaret.
789 549 1117 622 Serpentem
1170 564 1303 622 ergo
1361 550 1670 607 maledictis
1724 550 1945 615 feriitA
1975 546 2093 603 haec
2151 557 2373 618 propter
2429 543 2781 599 Hebraeorum
2846 552 3067 609 quoque
3124 535 3551 594 imbecillitatem

283 643 444 708 Deus,
478 653 538 698 ut
569 643 833 698 Satanam
892 642 1079 699 dolore
1131 651 1357 715 angeret
1401 643 1494 711 qui
1523 643 1579 697 in
1613 651 1873 712 serpente

206 802 211 805 _
282 735 643 806 loquebatur;
701 734 845 789 sicut
899 743 954 789 et
1004 733 1271 803 legionem
1327 733 1521 788 afﬂixit
1590 734 1873 804 perdenda

281 842 481 900 porcos
501 827 548 860 “
578 845 592 880 :
623 826 792 881 simul
818 835 989 904 atque
1014 826 1159 880 enim
1191 824 1426 881 Satanas
1451 826 1734 896 conspexit
1767 841 1870 880 au-

283 934 437 991 guem
461 917 685 974 arnissis
707 918 939 988 pedibus
972 917 1126 972 humi
1150 917 1407 984 volutari,
1439 919 1643 974 acerbo
1666 933 1871 989 angore

280 1011 633 1066 exeruciatus
685 1018 789 1064 est.
825 1006 1096 1063 Prauerea
1149 1009 1270 1064 ideo
1320 1025 1540 1080 quoque
1590 1008 1874 1065 maledixit

280 1100 543 1170 serpenti,
580 1099 728 1171 quod
780 1098 993 1155 Adamo
1028 1109 1196 1167 atque
1240 1098 1365 1156 Evae
1412 1100 1671 1170 peccandi
1705 1115 1869 1154 causa

279 1193 621 1258 exstitisset;
673 1189 818 1245 sicut
876 1190 1187 1259 iumentum
1239 1190 1509 1261 lapidibus
1538 1190 1873 1246 obruebatur

281 1298 404 1340 cum
432 1298 547 1354 quo
580 1298 786 1352 corpus
833 1285 1133 1339 miscuerat
1162 1283 1401 1349 homo",
1439 1299 1505 1340 eo
1531 1285 1674 1356 quod
1702 1300 1871 1341 eausa

281 1376 406 1431 mali
441 1375 674 1441 fuisset;
707 1374 969 1446 scriptum
1002 1386 1085 1432 cst
1106 1377 1255 1432 enim
1294 1393 1309 1432 :
1343 1376 1427 1431 En
1476 1378 1676 1432 malum
1711 1380 1869 1444 venit,

279 1468 366 1523 sed
384 1484 460 1521 ut:
477 1467 566 1521 illi
591 1483 684 1536 per
702 1483 854 1536 quem
873 1470 1011 1523 venit
1030 1470 1100 1525 ".
1120 1472 1199 1525 Ad
1222 1473 1337 1527 huic
1355 1475 1429 1528 ita
1452 1473 1730 1529 maledixit
1755 1489 1872 1530 ser-

280 1554 426 1632 penti
465 1571 694 1630 propter
730 1561 1012 1628 Satanam,
1040 1573 1101 1618 ut
1137 1575 1297 1620 terra:
1323 1576 1543 1635 propter
1573 1566 1868 1622 Adamum.

281 1654 516 1724 insuper
551 1655 656 1709 hac
703 1657 866 1710 etiam
926 1657 994 1712 de
1045 1672 1213 1712 causa
1272 1658 1554 1714 maledixit
1606 1660 1869 1729 serpenti,

279 1761 387 1818 quo
410 1747 585 1801 Adam
617 1744 835 1817 Evaque
854 1747 969 1818 (ubi
1002 1748 1250 1805 viderent
1283 1760 1545 1821 quantam
1576 1752 1873 1807 sustineret

284 1852 508 1908 serpens
556 1854 621 1893 ex
677 1840 864 1895 divina
919 1840 1308 1898 maledictione
1339 1845 1591 1908 multam,
1639 1844 1871 1915 pedibus

1973 639 2153 694 noluit
2220 637 2400 693 Moses
2473 635 2725 706 spiritum
2800 633 2941 687 intra
3009 645 3240 701 anguem
3300 630 3557 686 latentem

1974 732 2245 803 prodere;
2291 748 2359 786 ne
2403 729 2613 787 scilicet
2643 727 2726 783 illi
2775 724 3150 788 adversariam
3182 722 3296 780 Deo
3323 731 3560 792 potesta-

1973 832 2083 880 tcm
2117 838 2238 879 esse
2280 823 2445 877 ullam
2494 825 2872 891 opinarentur,
2917 832 3038 889 qua:
3083 815 3389 887 majoribus
3420 814 3562 871 freta

1975 914 2187 971 viribus
2233 923 2421 986 posset
2474 913 2681 984 aliquid
2715 913 2887 967 invito
2916 926 3078 982 agere
3107 911 3238 967 Deo.
3267 905 3407 964 Nam
3439 907 3565 964 ideo

1972 1008 2139 1063 etiam
2172 1008 2497 1078 angelorum
2530 1006 2675 1061 nulla
2712 1012 2796 1061 est
2826 1020 2856 1059 a
2886 1003 3035 1060 Mose
3064 1003 3207 1058 facta
3253 1001 3464 1057 mentio
3495 1002 3565 1057 ad

1973 1099 2170 1170 Agaris
2196 1115 2370 1172 usque
2385 1107 2623 1166 a'tatem,
2646 1114 2718 1153 ne
2744 1097 2916 1153 Judaei
2945 1096 3359 1167 suspicarentur
3380 1094 3565 1165 plures

1973 1208 2095 1250 esse
2127 1194 2281 1248 deos.
2319 1191 2548 1264 Insuper
2589 1191 2842 1263 quamvis
2875 1206 2986 1248 non
3035 1198 3228 1261 aperte
3282 1189 3566 1247 maledixit

1977 1286 2197 1341 Satanae
2238 1285 2414 1351 Deus,
2479 1295 2658 1339 tamen
2698 1285 2914 1340 occulte
2946 1292 3112 1353 atque
3144 1282 3467 1339 abscondite
3512 1280 3588 1379 id1

1972 1378 2042 1433 ab
2107 1378 2201 1434 illo
2255 1379 2497 1434 maxime
2550 1388 2733 1434 actum
2812 1393 2935 1434 esse
2995 1376 3356 1432 aliirmamus.
3428 1376 3591 1459 Doni}

1971 1468 2117 1524 enim
2137 1484 2392 1540 expresse
2414 1485 2648 1541 anguem
2672 1471 3086 1535 exsecrabatur,
3115 1469 3278 1524 tacite
3301 1460 3591 1557 Satanam}

1973 1561 2276 1616 maledictis
2301 1561 2735 1633 perstringebat;
2756 1563 2899 1630 quod
2920 1571 3039 1633 post
3065 1557 3591 1633 probabimus,‘,Deo;

1967 1653 2219 1723 juvante.
2259 1652 2411 1708 Hanc
2463 1656 2609 1708 enim
2673 1653 2891 1709 Satanae
2924 1653 3365 1709 maledictionem
3421 1651 3566 1705 clare

1974 1752 2213 1813 arguunt
2243 1744 2334 1798 illa
2366 1745 2569 1799 Christi
2601 1745 2763 1800 verba
2791 1745 2845 1800 in
2870 1742 3206 1817 Evangelia:
3244 1743 3386 1810 Quia
3412 1728 3561 1815 p'rin-

1975 1852 2093 1903 ceps
2156 1837 2341 1891 mundi
2397 1837 2556 1908 hujus
2588 1837 2707 1907 jam
2744 1838 3019 1908 judicatus
3059 1848 3137 1892 est
3179 1838 3246 1895 “.
3279 1837 3346 1893 Et
3379 1841 3507 1895 alibi
3549 1859 3563 1895 :

291 1929 461 1985 orbus
483 1941 635 2001 atque
661 1946 828 2002 super
864 1945 1109 1989 ventrem
1141 1936 1488 2006 proreptans)
1523 1909 1870 1991 animadvcr-
1905 1909 1944 1965 Β
1974 1928 2285 1985 Disceditea
2302 1946 2402 1995 me,
2427 1930 2719 1996 maledicti,
2737 1933 2797 1995 in,
2811 1932 2982 2001 ignem
3001 1933 3382 2002 wternum,qui
3397 1951 3567 2004 paru-

298 2034 470 2081 terent
514 2036 671 2097 atque
705 2026 1076 2098 intelligerent
1108 2027 1162 2082 in
1198 2044 1361 2099 quam
1399 2044 1616 2099 gravem
1650 2028 1873 2084 incidis-

291 2126 411 2173 sent
464 2131 730 2181 errorem,
764 2128 1144 2190 quantumque
1195 2119 1461 2189 ﬂagitium
1516 2118 1874 2175 admisissent

283 2211 524 2279 serpenti
578 2210 1023 2281 obtemperantes
1053 2226 1067 2267 :
1100 2226 1164 2266 ac
1196 2211 1426 2282 proinde
1490 2211 1545 2266 in
1589 2218 1895 2282 posterum‘

280 2317 485 2371 magno
510 2312 656 2358 metu
691 2303 1131 2360 continerentur.
1167 2302 1272 2360 Sed
1296 2305 1450 2375 juvet
1476 2305 1619 2375 apud
1652 2319 1749 2361 eos
1777 2305 1873 2377 qui

279 2395 422 2448 hanc
454 2405 679 2450 movent
722 2397 1079 2466 quaestionem
1138 2397 1238 2451 hac
1285 2408 1539 2451 mutuum
1569 2396 1873 2468 quaestione

276 2488 355 2541 uti
388 2505 405 2542 :
439 2488 591 2541 Itane
622 2503 742 2554 vos,
770 2489 1039 2559 serpentis
1068 2488 1382 2544 vindicandi
1414 2490 1589 2560 gratia
1625 2490 1872 2560 quaeritis

274 2595 373 2636 cur
427 2581 815 2636 exsecratione
842 2581 1161 2651 perstrictus
1212 2583 1283 2636 sit
1313 2580 1407 2652 qui
1439 2581 1670 2637 arbitrio
1702 2581 1873 2639 libero

276 2675 512 2730 minime
559 2675 800 2731 donatus
849 2676 977 2730 mali
1008 2676 1079 2730 nil
1121 2677 1401 2748 patrarat?
1431 2677 1596 2733 dicite
1617 2719 1632 2743 ,
1661 2692 1871 2748 quaeso,

275 2769 524 2824 vicissim
551 2768 710 2831 mihi,
751 2782 851 2824 cur
881 2766 1032 2833 ferte,
1083 2762 1355 2838 jumenta,
1387 2768 1641 2824 volucres
1671 2768 1874 2824 diluvio

276 2864 521 2935 periere,
567 2878 690 2931 qua:
722 2876 831 2916 non
888 2862 1273 2930 deliquerunt?
1303 2871 1401 2916 aut
1453 2861 1583 2932 quid
1624 2877 1875 2918 meruere

275 2971 438 3021 oves,
477 2957 756 3025 bovesque
798 2963 851 3009 et
879 2970 1007 3011 aves
1038 2971 1160 3026 qua-
1205 2954 1452 3026 quotidie
1509 2956 1756 3010 insontes
1805 2954 1871 3009 ad

275 3046 551 3103 sacriﬁcia
600 3047 981 3128 debebantur?
1034 3047 1176 3114 Quid
1223 3047 1616 3103 commiserant
1677 3061 1869 3119 pecora

274 3138 401 3205 Job,
418 3155 546 3210 quae
573 3141 794 3195 innoxia
815 3156 938 3196 cum
975 3151 1180 3207 essent,
1198 3142 1309 3214 igni
1332 3150 1462 3197 sunt
1489 3141 1688 3209 tradita
1706 3142 1874 3198 devo-

278 3232 490 3286 rando?
537 3232 654 3286 Cur
703 3229 959 3288 Christus
1006 3233 1207 3304 legioni
1247 3233 1498 3304 permisit
1556 3248 1753 3304 porcos
1814 3234 1867 3288 in
1900 3259 1945 3322 ο

278 3326 415 3378 mari
451 3323 830 3388 sud‘ocandos,
864 3326 957 3396 qui
989 3340 1096 3381 non
1135 3326 1471 3397 peccarant?
1513 3325 1627 3382 Cur
1656 3326 1871 3382 sacriﬁ-

277 3417 574 3483 cabantnr,
631 3417 1114 3489 oli‘ercbanturque
1170 3418 1442 3475 columbae
1506 3434 1572 3476 ac
1627 3426 1870 3475 turtures

277 3527 377 3583 pro
402 3512 696 3583 expiandis
715 3512 951 3583 peccatis
982 3528 1219 3583 quorum
1248 3513 1382 3584 ipsae
1408 3522 1658 3585 expertes
1681 3513 1872 3570 erant?

274 3604 392 3659 Cur
424 3606 547 3660 ovis
583 3619 684 3674 pro
722 3603 905 3675 populi
931 3604 1305 3676 redemptione
1335 3606 1747 3673 immolabatur,
1773 3618 1869 3661 aut

279 3701 479 3756 hmdus
523 3702 865 3757 mactabatur
896 3718 991 3771 pro
1020 3700 1271 3756 ecclesiae
1298 3699 1597 3770 impietate,
1637 3701 1720 3757 vel
1766 3700 1867 3756 bos

278 3805 379 3863 pro
410 3792 704 3848 sacerdote
756 3792 1046 3866 improbo,
1096 3808 1220 3849 cum
1271 3808 1450 3863 neque
1499 3793 1641 3859 ovis,
1687 3808 1865 3865 neque

279 3884 500 3949 haedus,
536 3901 714 3955 neque
759 3886 858 3942 bos
905 3884 1301 3958 deliquissent?
1332 3885 1446 3941 Cur
1492 3886 1865 3950 contumeliis,

285 3974 402 4031 imo
422 3977 583 4031 etiam
619 3987 794 4032 morte
825 3976 1002 4033 allecti
1048 3988 1175 4032 sunt
1207 3992 1305 4048 pro
1335 3977 1538 4048 populo
1593 3978 1868 4047 prephetse

278 4065 921 4133 innocentissimi?Quid
980 4066 1269 4123 Christus?
1311 4082 1492 4123 nonne
1538 4067 1864 4139 supplicium

272 4157 460 4213 crucis
490 4157 758 4212 sustinuit
788 4164 886 4229 pro
920 4159 1125 4214 nostris
1155 4159 1396 4228 peccatis
1418 4157 1442 4211 ?
1463 4156 1575 4213 Cur
1599 4172 1728 4229 ergo
1748 4174 1862 4213 ser-

267 4253 456 4323 pentis
509 4254 738 4307 multam
796 4252 1443 4325 suggillatis?Numquid
1500 4256 1714 4327 aequius
1743 4271 1869 4312 esse

265 4348 556 4403 duceretis
579 4347 629 4402 si
652 4347 920 4401 Adamum
957 4345 1103 4403 Deus
1136 4346 1517 4404 maledictione
1546 4349 1862 4409 multasset.

266 4448 590 4511 serpentem
616 4454 739 4495 vero
762 4439 982 4494 interim
1008 4440 1077 4494 ab
1102 4441 1251 4495 omni
1277 4455 1420 4495 noxa
1446 4441 1679 4496 liberum
1702 4450 1869 4512 atque

264 4531 560 4602 impunem
598 4533 874 4589 habuisset
909 4528 1425 4589 iDestituendusne
1453 4535 1550 4590 tibi
1581 4535 1869 4591 videbatur

1976 2030 2059 2075 tus
2077 2030 2154 2076 est
2175 2023 2385 2077 diabolo
2402 2032 2450 2077 et
2468 2023 2670 2093 angelis
2696 2023 2831 2093 ejus.
2858 2023 3078 2079 Decima
3098 2027 3326 2095 quaestio
3343 2035 3447 2087 est,
3468 2041 3567 2081 cur

1974 2112 2152 2169 Moses
2182 2124 2489 2186 serpentem
2516 2115 2799 2186 scripserit
2823 2118 3142 2172 astutiorem
3180 2106 3351 2173 fuisse
3374 2117 3567 2173 bestiis

1976 2207 2115 2277 agri,
2155 2222 2264 2262 non
2297 2216 2480 2263 autem
2518 2209 2947 2280 prudentiorem.
2990 2211 3071 2265 Ad
3099 2210 3241 2266 hanc
3266 2212 3568 2282 responde-

1975 2312 2101 2352 mus
2163 2298 2508 2368 prndentiam
2540 2299 2719 2355 virtuti
2748 2300 2962 2356 alIinem
3008 2316 3172 2368 esse;
3207 2310 3385 2358 astum
3413 2318 3565 2370 vero,

1973 2390 2144 2446 vitiis.
2180 2390 2251 2445 Et
2287 2403 2415 2446 sunt
2450 2394 2589 2448 inter
2637 2393 2843 2451 bestias
2883 2394 3002 2451 alia:
3062 2394 3390 2463 hebetiores,
3446 2397 3569 2452 aliae

1973 2483 2317 2543 callidiorcs:
2361 2501 2537 2555 neque
2595 2486 2682 2541 hic
2731 2484 2946 2559 Moyses
2975 2503 3233 2560 anguem,
3279 2490 3564 2546 hominum

1973 2578 2403 2648 comparatione,
2425 2579 2844 2635 callidissimum
2886 2583 3281 2652 pronuntiavit,
3317 2587 3410 2639 sed
3437 2600 3565 2640 cum

1976 2669 2194 2726 caeteris
2252 2671 2512 2727 collatum
2548 2672 2786 2741 bestiis,
2816 2674 3133 2731 hominibus
3178 2691 3310 2732 vero
3346 2680 3566 2749 propria

1976 2763 2244 2832 sapientia
2270 2764 2669 2833 prudentiaque
2715 2765 2878 2820 tribui
2910 2767 3072 2834 solet,
3099 2769 3191 2838 qui
3216 2768 3422 2841 alioqui
3454 2786 3565 2827 non

1976 2856 2155 2911 solum
2185 2866 2411 2911 caeteras
2437 2859 2767 2924 animantes,
2821 2862 2915 2915 sed
2946 2860 3096 2932 ipsos
3124 2861 3289 2917 etiam
3356 2878 3567 2935 angues

1974 2959 2096 3004 astu
2131 2956 2293 3018 atque
2319 2947 2538 3003 solertia
2563 2950 2721 3019 longe
2750 2962 3030 3008 anteeunt.

2506 3044 2737 3102 CAPUT
2781 3046 3022 3105 XXVIII.

2049 3137 2195 3210 (15“)
2222 3137 2453 3210 Scripsit
2482 3149 2663 3195 autent
2703 3140 2898 3199 beatus
2927 3141 3105 3201 Moses
3130 3146 3195 3202 de
3214 3145 3472 3218 paradiso
3498 3148 3567 3203 ad

1979 3231 2125 3287 hunc
2151 3232 2372 3288 modum
2410 3250 2425 3289 :
2462 3231 2529 3286 Et
2563 3233 2900 3303 plautaverat
2931 3237 3193 3295 Dominus
3225 3240 3367 3297 Deus
3394 3258 3565 3314 para-

1975 3324 2153 3378 disum
2185 3325 2239 3378 in
2291 3322 2443 3379 Eden
2482 3324 2547 3379 ab
2594 3326 2749 3381 initio
2787 3326 2856 3383 “.
2904 3329 2971 3383 Et
3017 3331 3063 3387 si
3106 3334 3400 3403 paradisus
3437 3344 3566 3391 ante

1972 3416 2242 3472 Adamum
2275 3418 2528 3475 conditus
2571 3431 2721 3477 esset
2766 3429 2951 3480 tamen
3023 3426 3201 3484 Moses
3231 3441 3418 3488 creato
3443 3432 3568 3503 jam-

1975 3510 2186 3567 Adamo
2232 3513 2344 3583 agit
2366 3512 2434 3567 de
2502 3515 2716 3571 consito
2784 3519 3066 3588 paradiso,
3123 3522 3386 3580 nimirum
3432 3529 3566 3598 quia

1975 3603 2268 3659 revertitur
2317 3605 2385 3660 ad
2426 3607 2767 3677 superiorem
2818 3609 3130 3670 historiam.
3165 3614 3302 3672 Nam
3332 3633 3458 3673 eum
3493 3622 3565 3677 ab

1973 3695 2043 3751 iis
2074 3694 2141 3752 de
2193 3696 2398 3767 quibus
2438 3699 2491 3753 in
2527 3715 2623 3755 sex
2679 3701 2876 3758 diebus
2920 3704 3271 3775 loquebatur,
3316 3712 3564 3768 nomium

1974 3789 2214 3859 perlecta
2244 3792 2559 3848 narratione
2590 3794 2866 3863 digressus
2896 3794 3063 3853 fuerit
3090 3838 3105 3864 ,
3139 3800 3280 3856 redit
3309 3819 3459 3861 nunc
3490 3807 3561 3861 ad

1973 3882 2368 3939 absolvendum
2442 3884 2590 3940 illam
2647 3887 3059 3957 narrationem,
3116 3907 3291 3964 eaque
3348 3899 3564 3954 ratione

1972 3975 2084 4046 agit
2122 3975 2231 4039 hic,
2276 3984 2401 4047 post
2440 3987 2688 4033 creatum
2722 3979 3016 4047 Adamum,
3067 3984 3136 4040 de
3168 3988 3429 4057 paradiso
3464 3994 3561 4062 qui

1972 4068 2180 4138 alioqui
2216 4077 2345 4124 ante
2375 4068 2528 4124 illum
2573 4068 2754 4126 fuerat
2782 4072 3059 4131 conditus.
3092 4076 3215 4133 1am
3251 4096 3383 4138 vero
3424 4085 3559 4155 quid

1972 4161 2046 4216 sit
2080 4160 2395 4231 paradisus,
2420 4172 2475 4216 et
2502 4177 2603 4217 cur
2633 4179 2665 4218 a
2695 4165 2805 4222 Deo
2834 4169 3107 4236 consitus,
3141 4188 3252 4242 quo
3282 4175 3414 4231 item
3445 4178 3562 4246 die,

1971 4264 2025 4308 et
2051 4254 2143 4307 ubi
2175 4253 2442 4319 locorum,
2478 4254 2532 4308 in
2555 4263 2771 4313 terrane
2797 4273 2865 4313 an
2898 4260 2950 4315 in
2979 4263 3140 4329 caelo,
3163 4265 3289 4321 etin
3311 4283 3417 4338 qua
3439 4277 3563 4325 tan-

1970 4347 2093 4402 dem
2132 4346 2324 4402 mundi
2354 4348 2579 4416 regione
2604 4350 2844 4421 positus,
2876 4361 2991 4409 tum
3021 4371 3145 4428 qua:
3175 4358 3283 4416 huc
3310 4372 3565 4430 spectant

1972 4441 2076 4495 alia
2129 4454 2299 4510 supra
2346 4448 2475 4495 sunt
2513 4456 2543 4495 a
2585 4443 2747 4499 nobis
2779 4444 2898 4502 suis
2972 4448 3278 4521 disceptata
3326 4456 3561 4512 rationi-

1971 4534 2097 4590 bus.
2122 4531 2394 4588 Caaterum
2430 4531 2575 4589 Eden
2608 4535 2760 4593 locus
2791 4547 2872 4593 est
2899 4555 3156 4599 alumnus
3183 4553 3350 4615 atque
3376 4550 3569 4606 omnis

261 4622 525 4678 Adamus
578 4632 731 4677 tanta
784 4622 959 4693 gloria
982 4663 999 4688 ,
1056 4631 1319 4694 tantoque
1366 4625 1574 4680 honore
1596 4665 1613 4690 ,
1673 4627 1868 4697 anguis
1900 4610 1943 4665 Ι)
1974 4624 2192 4698 generis
2220 4624 2511 4681 arboribus
2542 4627 2750 4693 varius,
2791 4630 2844 4683 in
2874 4644 2984 4698 quo
3009 4632 3131 4688 loco
3161 4610 3305 4690 Deus
3342 4638 3567 4707 paradi-

263 4729 409 4773 vero
466 4732 537 4771 ne
590 4716 823 4786 pedibus
887 4718 1109 4789 quidem
1172 4717 1551 4775 mutilandus?
1599 4718 1704 4775 Sed
1755 4721 1866 4791 jam

266 4802 464 4862 dicent
493 4826 509 4861 :
535 4809 648 4862 Cur
678 4810 873 4864 saltem
916 4824 1027 4865 non
1065 4808 1232 4865 etiam
1279 4809 1543 4866 Satanam
1585 4813 1749 4867 simul
1786 4822 1873 4869 est

279 4902 603 4955 cunctatus
651 4916 779 4956 cum
842 4906 1141 4974 serpente?
1212 4920 1405 4959 verum
1474 4906 1870 4975 respondemus

276 4978 483 5085 De“:
495 4981 690 5049 idcirco
721 5009 828 5050 non
858 4988 1220 5054 maledixisse
1244 4984 1464 5054 Satanae
1486 4998 1705 5070 (l5),ne
1726 4998 1874 5085 Atla:

277 5090 415 5131 IIIIS
440 5074 658 5148 Evaque
677 5089 1180 5146 animadverterent
1201 5090 1455 5161 spiritum
1498 5092 1737 5163 aliquem
1765 5074 1872 5148 non

273 5170 676 5242 sspectabilem
729 5187 889 5241 esse,
917 5188 1091 5245 eoque
1126 5184 1180 5239 in
1216 5186 1390 5241 multo
1434 5184 1672 5257 majores
1710 5201 1870 5256 rape-

280 5272 475 5319 rentur
506 5278 725 5320 errores
752 5283 767 5319 :
790 5281 969 5336 neque
1003 5267 1150 5322 enim
1182 5277 1359 5325 adhuc
1388 5277 1634 5335 sciebant
1661 5276 1869 5348 aliquid

276 5368 402 5412 esse
457 5364 663 5428 prater
718 5356 912 5425 Deum,
943 5360 1089 5429 quod
1135 5360 1311 5416 oculis
1354 5361 1506 5417 cerni
1541 5377 1727 5431 posset
1754 5387 1767 5422 :
1798 5369 1869 5423 ad

382 5520 433 5556 ω
486 5517 686 5574 Matth.
719 5535 838 5589 xm,
861 5520 952 5589 3i,
991 5519 1083 5576 32.

354 5677 487 5749 (l5),
509 5677 747 5749 Temere
776 5677 879 5731 ista
936 5674 1136 5749 astruit
1158 5673 1471 5749 Barjtlepba
1503 5689 1626 5749 cum
1653 5684 1861 5731 certum

277 5741 375 5804 sit'
408 5741 690 5803 A’damnm
736 5747 788 5800 in
836 5747 1091 5816 paradiso
1138 5741 1422 5801 excellenti
1479 5746 1715 5815 quadam
1773 5762 1867 5801 (ο-

277 5819 531 5889 gnitione
570 5817 803 5889 novisse
851 5818 1189 5889 substantias
1221 5817 1519 5889 spiritales.
1554 5816 1603 5889 id
1639 5826 1724 5870 est
1754 5819 1867 5871 Au-

270 5886 425 5960 jclos
456 5889 515 5947 S.
562 5887 771 5943 Thom.
834 5900 849 5939 I
880 5894 1023 5955 part.
1058 5901 1114 5956 (ι.
1139 5886 1231 5953 94,
1268 5886 1427 5942 art.2
1452 5888 1521 5942 ad
1543 5886 1706 5944 linem
1743 5902 1866 5945 cor-

607 5986 881 6050 ΡΑτιιοι..
913 5983 1028 6045 Gn.
1070 5983 1217 6047 CXI.

1198 5520 1241 5552 ⁶¹
1283 5520 1460 5578 Levit.
1489 5537 1583 5588 xx,
1616 5522 1706 5579 15.
1783 5521 1828 5555 ⁸²
1870 5522 2065 5584 Matth.
2136 5545 2292 5598 xvnt,
2323 5530 2376 5585 6.

1972 4731 2094 4772 sum
2128 4717 2416 4772 consuevit
2460 4722 2626 4786 atque
2668 4719 2963 4790 disposuit.
3013 4719 3142 4777 Haec
3165 4725 3315 4781 enim
3347 4728 3511 4782 verba
3541 4747 3557 4783 :

1978 4806 2047 4861 Et
2088 4810 2425 4878 plantarum
2474 4808 2734 4864 Dominus
2785 4809 2926 4865 Deus
2966 4813 3323 4883 paradisum,
3370 4828 3557 4887 aperte

1973 4888 2290 4964 ostendunt,
2339 4916 2686 4973 nequaquam
2715 4903 2786 4959 ab
2830 4903 3057 4961 homine
3092 4906 3247 4961 illum
3277 4923 3399 4964 esse
3423 4924 3552 4964 con-

1978 4992 2147 5047 situm
2180 4992 2650 5067 dispositumque
2679 5035 2698 5059 ,
2748 4996 2975 5067 perinde
3041 5014 3108 5055 ac
3177 4998 3293 5055 Noe
3342 5002 3556 5058 vineam

1969 5085 2257 5157 plantavit,
2287 5097 2383 5142 aut
2409 5097 2470 5145 ut
2494 5089 2608 5155 jam
2635 5101 2933 5146 conserunt
2958 5092 3221 5149 mortales
3246 5094 3556 5164 paradisos,

1970 5178 2268 5249 hortosque
2297 5196 2312 5246 ;
2348 5177 2444 5235 sed
2479 5179 2646 5235 Deum
2686 5180 2891 5251 ipsum,
2933 5164 3053 5239 suo:
3083 5184 3260 5254 ipsius
3293 5186 3478 5241 studio
3506 5200 3558 5243 et

1968 5273 2230 5328 mandato
2259 5273 2412 5328 illum
2446 5274 2727 5342 plantasse
2763 5278 2912 5331 sicut
2938 5277 3015 5332 ait
3048 5276 3261 5334 Psaltcs
3285 5277 3455 5335 David
3491 5280 3569 5335 de.

1968 5361 2081 5420 Deo
2132 5367 2299 5422 verba
2332 5366 2543 5423 faciens
2592 5384 2607 5422 :
2660 5367 2729 5422 Et
2776 5366 2921 5422 cedri
2945 5351 3143 5426 'Libom'
3171 5387 3304 5441 quas
3341 5373 3560 5443 planta-

2527 5530 2575 5564 ⁸³
2612 5530 2773 5586 Joan.
2800 5547 2915 5596 xrt,
2948 5532 3036 5587 il.
3160 5530 3206 5562 “
3245 5529 3377 5585 Gen.
3414 5543 3474 5595 tt,
3499 5531 3552 5587 8.

1977 5690 2343 5824 rigandae
2397 5752 2581 5821 capite
2632 5752 2795 5808 verba
2847 5753 3013 5809 Mosis
3061 5752 3129 5806 de
3162 5750 3433 5824 paradiso,
3467 5768 3556 5807 re-

1975 5819 2189 5895 buque
2234 5837 2301 5876 eo
2339 5819 2753 5895 spectantibus:
2801 5838 2911 5895 non
2959 5819 3189 5895 mystico
3244 5838 3433 5893 sensu,
3461 5826 3557 5880 sed

1975 5891 2108 5961 ipsis
2137 5891 2556 5953 accomt'iodata
2577 5894 2754 5954 ’rebus
2789 5891 3158 5969 explicantur.

1929 6025 1972 6055 ε»
3163 5984 3227 6057 1'1
