4086 6428
531 397 634 458 523

1794 391 2030 451 ‘MOSIS
2073 389 2227 449 ΒΑΗ
2261 388 2507 449 CEPHA

3684 397 3789 458 52.1

531 510 600 560 uit
625 508 693 558 “.
749 504 814 558 Et
859 519 988 561 vero
1021 505 1148 559 hinc
1191 505 1354 560 etiam
1411 511 1647 566 constat,
1701 503 2011 574 paradisum
2041 503 2108 556 ab
2137 516 2182 572 Α
2211 501 2522 570 ingessisse,
2555 514 2819 572 suamque
2865 515 3052 556 vocem
3076 503 3252 572 ipsius
3285 505 3662 576 intelligentiae
3699 525 3789 564 rc-

529 601 648 667 ipso
680 597 791 652 Deo
815 611 936 652 esse
969 596 1268 666 plantatum
1293 635 1308 661 ,
1361 593 1506 666 quod
1540 593 1819 663 Scriptura
1851 595 2016 654 dicat,
2043 592 2107 646 ab

535 691 714 744 initio.
750 687 1009 758 Sequitur
1036 688 1178 759 apud
1209 689 1392 742 Mosen
1429 704 1442 740 :
1496 685 1565 738 Et
1612 687 1784 755 posuit
1824 685 1931 740 illic
1967 686 2112 738 Ada-

535 797 676 834 munt
703 797 856 852 quem
882 781 1130 850 ﬁnxerat.
1167 777 1324 844 Quod
1349 777 1431 832 ait
1462 763 1496 830 ε’
1532 775 1599 829 Et
1627 777 1802 846 posuit
1830 776 1940 829 illic
1965 777 2112 828 Ada-

537 889 704 938 mum,
739 880 1122 946 argumentum
1157 879 1244 926 est
1274 869 1458 940 gloria:
1505 883 1668 937 quam
1721 868 1862 923 Deus
1902 867 2114 922 Adatno

537 965 808 1027 attribuit,
841 964 968 1020 dum
1005 961 1182 1031 ipsum
1221 961 1516 1016 collocaret
1553 962 1606 1014 in
1655 961 1906 1028 paradiso
1947 959 2114 1014 variis

539 1054 826 1108 arboribus
857 1067 1097 1118 alumno,
1123 1061 1183 1106 ut
1208 1067 1267 1106 se
1295 1051 1426 1105 ittibi
1452 1050 1566 1120 ipse
1595 1050 1918 1118 oblectaret,
1938 1065 2115 1120 neque

537 1145 664 1200 sivit
695 1147 748 1198 in
780 1144 961 1208 terris,
1015 1158 1167 1200 more
1215 1153 1539 1198 cancrorum
1581 1141 1940 1196 animantium
1992 1155 2116 1211 quae

537 1239 746 1292 ratione
780 1244 989 1297 carent,
1024 1234 1284 1306 pabulum
1314 1249 1560 1304 carpere.
1585 1233 1740 1300 Quod
1771 1249 1935 1304 porro
1963 1234 2117 1288 addi-

540 1339 627 1382 tur
674 1348 689 1383 :
738 1329 905 1395 Quem
956 1329 1188 1398 ﬁnxerat
1224 1326 1361 1397 (14),
1405 1326 1458 1380 in
1493 1325 1608 1381 haec
1638 1339 1739 1380 nos
1769 1339 1930 1382 sensa
1965 1325 2119 1380 ducit

535 1427 714 1491 primo
743 1441 809 1480 ex
841 1427 956 1480 sola
1001 1435 1144 1480 terra
1190 1425 1360 1480 Deum
1409 1437 1520 1476 non
1563 1422 1878 1477 condidisse
1923 1421 2115 1476 Adami

537 1531 764 1584 corpus,
815 1514 910 1569 sed
965 1529 1033 1568 ex
1087 1523 1326 1584 quatuor
1356 1512 1642 1567 elementis
1689 1512 1916 1567 tinxisse
1953 1520 2120 1581 atque

536 1611 910 1678 composuisse
945 1607 1115 1676 (certe
1148 1604 1329 1676 ﬁglina
1361 1605 1569 1674 absque
1593 1619 1735 1674 aqua
1767 1619 1877 1658 non
1915 1603 1994 1672 ﬁt)
2025 1604 2120 1658 de-

537 1698 664 1754 inde
691 1713 800 1752 non
836 1699 907 1752 ita
936 1698 1054 1753 solo
1088 1698 1252 1753 verbo
1295 1695 1652 1767 progenuisse
1689 1695 1884 1750 Adami
1919 1709 2120 1765 corpus

537 1805 604 1843 ex
647 1801 791 1844 terra
819 1831 834 1854 ,
875 1799 1017 1846 srcut
1048 1804 1113 1842 ex
1147 1788 1252 1843 hac
1290 1787 1408 1842 solo
1442 1801 1546 1841 suo
1566 1786 1725 1855 jussu
1758 1787 1956 1842 herbas
1991 1801 2117 1856 pro-

2217 1155 2326 1216 que
2379 1142 2682 1212 intelligere
2739 1160 2752 1198 :

2217 602 2596 663 praesentasse,
2625 597 2868 664 quando,
2889 595 3168 650 ntdicturn
3199 608 3303 660 est,
3326 598 3439 651 iieri
3470 615 3579 655 non
3593 602 3793 669 potuit.

2217 696 2276 740 ut
2308 685 2361 739 in
2391 686 2639 759 corporis
2666 701 2884 741 sensum
2925 688 3187 759 aliquem,
3221 705 3490 760 apparens
3524 692 3668 748 Deus
3711 697 3794 747 in-

2215 787 2484 832 curreret.
2511 777 2616 833 Sed
2644 777 2878 832 aliorum
2908 781 3098 850 Opinio
3129 789 3234 844 est,
3255 781 3422 837 Deum
3463 799 3522 838 se
3550 786 3802 854 corporis

2222 868 2418 924 Adami
2443 869 2698 924 sensibus
2715 871 3071 938 corporaliter
3095 868 3176 942 (ut
3197 871 3490 940 sickliram)
3510 863 3796 936 obtulisse,

2221 972 2288 1012 eo
2313 959 2595 1028 quod,hac
2616 961 2778 1012 modo
2804 961 3037 1025 ratione,
3059 976 3230 1030 neque
3254 975 3524 1032 praeterea
3548 965 3654 1020 alia
3689 966 3805 1020 ulla

2222 1051 2443 1119 assequi
2473 1049 2563 1104 ille
2599 1059 2780 1107 mente
2802 1060 2989 1122 posset
3020 1052 3236 1108 divinas
3260 1056 3636 1124 apparitiones
3671 1073 3805 1112 eas-

2812 1144 2992 1215 ipsum
3044 1145 3192 1200 enim
3250 1147 3396 1204 illius
3453 1149 3802 1208 conditorem

2220 1231 2415 1297 Deum,
2446 1249 2569 1289 sese
2600 1235 2667 1290 ad
2703 1234 2823 1304 ejus
2861 1235 3222 1291 humilitatem
3247 1236 3553 1303 demisisse,
3590 1239 3813 1310 ipsique

2219 1324 2292 1378 ita
2308 1326 2993 1398 apparuisse,cseteroquin
3025 1328 3390 1396 immensum;
3426 1331 3568 1386 unde
3599 1346 3814 1387 conse-

2219 1431 2394 1488 quens
2424 1425 2536 1482 est,
2597 1416 2653 1474 hi
2713 1426 2773 1472 ut
2824 1419 3054 1475 ulterius
3102 1419 3308 1486 dicant,
3351 1422 3517 1476 Deum
3560 1421 3812 1478 humana

2220 1522 2394 1578 eaque
2456 1511 2602 1581 regia
2655 1519 2710 1564 et
2777 1525 3003 1580 prorsus
3053 1511 3445 1583 augustissima
3500 1517 3683 1581 specie
3748 1529 3814 1568 se

2225 1598 2435 1652 Adamo
2508 1600 2830 1656 exhibuisse
2899 1602 3290 1671 aspectabilem
3360 1613 3415 1656 et
3479 1619 3810 1674 quanquam

2221 1705 2397 1759 neque
2446 1705 2645 1746 manus
2701 1691 2920 1756 habent,
2977 1709 3152 1765 neque
3199 1695 3386 1765 pedes,
3421 1705 3517 1750 aut
3566 1696 3808 1761 vultum,

2224 1784 2310 1838 vel
2344 1799 2430 1849 os,
2479 1794 2659 1840 tamen
2697 1786 3073 1842 detnittentem
3127 1803 3185 1844 se
3231 1790 3386 1860 quasi
3426 1789 3511 1846 his
3548 1790 3815 1845 omnibus

537 1879 790 1942 duxerat,
827 1877 1194 1947 animaliaque
1229 1887 1452 1939 caetera,
1479 1886 1641 1944 atque
1669 1890 1736 1928 ex
1772 1876 1934 1944 aquis
1965 1873 2116 1928 varia
2153 1850 2196 1907 ﬂ
2222 1888 2365 1930 esset
2405 1878 2682 1948 praeditus.
2715 1879 2785 1934 ab
2824 1877 3034 1934 Adamo
3077 1850 3266 1935 visuni
3316 1896 3461 1948 esse,
3514 1892 3679 1951 atque
3733 1883 3813 1938 ita

537 1969 771 2040 piscium
807 1984 1042 2041 genera;
1090 1969 1186 2025 sed
1238 1969 1357 2023 suis
1407 1969 1541 2023 illud
1587 1966 1843 2022 manibus
1893 1966 2120 2021 tinxisse

539 2071 702 2130 atque
731 2061 1126 2125 conformasse,
1163 2077 1285 2132 qua:
1321 2077 1407 2116 res
1440 2060 1777 2131 amplissima
1809 2074 1965 2125 sane,
2019 2060 2121 2112 ho-

541 2155 740 2208 minem
776 2170 886 2228 pra:
931 2155 1159 2224 reliquis
1207 2153 1394 2219 rebus,
1446 2153 1620 2225 gloria
1649 2168 1677 2210 a
1713 2152 1820 2209 Deo
1866 2163 2119 2206 ornatum

542 2247 809 2300 ostendit.
864 2245 1132 2300 Prmterea
1174 2247 1436 2300 Adamum
1476 2260 1582 2300 non
1613 2253 1766 2297 utero
1800 2253 2121 2313 conceptum

540 2347 810 2408 partuque
853 2338 1048 2393 deinde
1090 2339 1294 2392 editum
1337 2352 1460 2392 esse
1487 2375 1501 2398 ,
1551 2345 1609 2390 ut
1661 2336 1818 2390 hodie
1863 2336 2116 2390 homines

545 2427 821 2497 procreari
876 2426 1164 2494 vidi-mus;
1217 2425 1308 2480 Dei
1359 2425 1614 2480 manibus
1645 2424 1925 2478 conditum
1961 2422 2127 2477 exsti-

544 2524 697 2574 tisse.
747 2519 972 2590 lnsuper
1008 2529 1068 2573 ut
1110 2519 1486 2590 jumentornm
1523 2526 1577 2572 et
1615 2516 1876 2581 ferarum,
1903 2529 2126 2569 eorum-

548 2631 653 2682 que
686 2629 807 2681 qute
837 2615 1016 2666 volatu
1050 2621 1102 2669 et
1138 2627 1259 2682 quae
1291 2621 1476 2665 natatu
1515 2618 1743 2664 utuntur
1766 2607 2124 2662 animantium

545 2720 772 2774 corpora
805 2703 965 2757 simul
995 2711 1049 2757 et
1081 2703 1294 2758 animas
1317 2717 1381 2756 ex
1415 2711 1555 2756 terra
1592 2709 1646 2755 et
1670 2701 1830 2769 aquis
1860 2699 2128 2755 condide-

544 2809 650 2858 rat,
684 2813 806 2866 quae
844 2797 1028 2849 omnia
1074 2795 1284 2848 ratione
1317 2805 1538 2857 carent;
1596 2809 1703 2846 non
1739 2793 1820 2847 sic
1855 2791 2126 2848 Adamum

546 2894 712 2945 etiam
740 2890 1009 2953 etlecisse,
1045 2889 1140 2943 sed
1175 2887 1340 2958 hujus
1372 2901 1575 2956 corpus
1608 2885 1828 2955 quidem
1862 2899 1927 2939 ex
1961 2885 2126 2938 humo

549 2983 947 3054 composuisse,
974 2991 1230 3036 caeterum
1262 2980 1501 3036 animam
1534 2994 1596 3034 ex
1628 2978 1798 3032 nihilo
1829 2977 2126 3032 creavissc.

550 3078 796 3147 Denique
825 3091 933 3129 non
965 3089 1084 3128 eam
1122 3072 1290 3128 luisse
1322 3075 1391 3126 ab
1423 3071 1578 3126 initio
1602 3071 1887 3128 hominum
1915 3109 1932 3135 ,
1957 3086 2132 3140 popu-

2222 1967 2475 2022 manibus
2503 1968 2619 2022 suis
2648 1968 2797 2022 illum
2827 1967 3118 2034 formasse,
3148 1970 3290 2038 quod
3325 1973 3406 2040 (ut
3441 1971 3707 2042 diximus)
3734 1974 3810 2026 ad

2221 2057 2342 2127 ejus
2378 2059 2471 2126 qui
2525 2060 2868 2114 lormabatur
2917 2060 3146 2130 gloriam
3216 2061 3648 2134 dignitatemque
3678 2078 3811 2132 spe-

2222 2159 2354 2205 ctat.
2386 2148 2492 2205 Sed
2521 2151 2791 2222 expendat
2822 2150 3149 2220 suojudicio
3183 2154 3351 2207 lector
3384 2158 3481 2207 has
3515 2155 3645 2209 duas
3675 2156 3799 2224 opi-

2223 2245 2451 2307 niones;
2508 2260 2573 2300 ac
2633 2257 2809 2300 utram
2857 2248 3029 2307 malit,
3059 2249 3231 2302 altera
3275 2248 3512 2314 omissa,
3552 2248 3806 2302 retineat.

2225 2332 2394 2390 Porro
2430 2335 2580 2390 luere
2630 2353 2693 2390 ex
2740 2337 3009 2391 liter-elicis
3048 2337 3143 2408 qui
3174 2339 3422 2392 dicerent
3491 2340 3631 2394 duos
3660 2339 3814 2392 Λάκι-

2225 2443 2347 2482 mos
2395 2443 2426 2482 a
2477 2427 2588 2484 Deo
2634 2438 2848 2486 creatos
2904 2429 3112 2496 fuisse;
3158 2431 3322 2505 idque
3363 2447 3430 2486 ex
3483 2447 3549 2487 eo
3598 2433 3815 2504 colligi,

2227 2519 2372 2590 quod
2425 2519 2602 2576 Moses
2651 2523 2882 2576 duorum
2937 2524 3268 2590 meminerit,
3317 2524 3508 2580 dicens
3569 2524 3811 2578 alterum

2228 2613 2316 2667 dic
2349 2623 2505 2667 sexto
2537 2615 2818 2669 conditum
2853 2631 2974 2670 esse
3001 2655 3016 2678 ,
3069 2616 3300 2672 alterum
3356 2619 3443 2673 hic
3487 2625 3610 2686 post
3664 2618 3818 2672 diem

2231 2719 2444 2760 sextum
2484 2722 2497 2758 :
2535 2708 2600 2762 ad
2651 2707 2804 2762 illum
2842 2709 2987 2763 enim
3035 2719 3292 2779 spectare
3343 2725 3405 2767 ea
3463 2713 3622 2764 verba
3662 2727 3677 2762 :
3742 2707 3820 2763 Et

2232 2797 2392 2868 ﬁnxit
2431 2797 2686 2853 Dominus
2716 2799 2856 2855 Deus
2887 2801 3153 2855 Adamurn
3177 2801 3439 2871 pulverem
3471 2819 3498 2856 e
3525 2811 3693 2858 terra.
3745 2805 3823 2857 At

2241 2889 2412 2954 hunc,
2455 2906 2633 2961 neque
2663 2908 2727 2946 ex
2761 2892 2982 2962 pulvere
3015 2894 3196 2947 dicere
3227 2893 3435 2958 Mosen,
3467 2895 3563 2948 sed
3599 2895 3826 2964 simpli-

2234 2981 2394 3048 citer,
2441 2982 2706 3038 Adamum
2766 2985 2875 3040 illic
2914 2985 3167 3055 posuisse
3217 3001 3378 3056 quem
3417 2987 3669 3043 tinxerat.
3708 2988 3826 3043 Sed

2236 3091 2338 3130 nos
2387 3075 2496 3132 illis
2555 3078 2951 3146 respondemus
3006 3097 3018 3131 :
3072 3077 3148 3131 Ex
3181 3092 3248 3132 eo
3276 3079 3419 3148 quod
3451 3088 3577 3134 ante
3604 3080 3826 3136 dixerat

549 3173 729 3224 lorum
754 3211 767 3232 ,
798 3171 1085 3222 nationum
1139 3166 1351 3220 turbam
1386 3165 1440 3218 in
1475 3174 1619 3218 terra
1655 3180 1818 3234 quam
1857 3163 2016 3218 hodie
2051 3164 2132 3215 vi-
2158 3205 2206 3263 Ω
2235 3166 2412 3224 Moses
2456 3157 2722 3225 Adaﬁtum
2781 3171 2869 3226 die
2898 3181 3054 3227 sexto
3115 3186 3238 3228 esse
3291 3181 3563 3236 creatum,
3598 3174 3822 3240 deinde,

545 3262 722 3327 detis;
760 3259 854 3315 sed
911 3260 1080 3314 Deum
1123 3259 1298 3328 primo
1351 3256 1572 3311 tinxisse
1614 3271 1904 3327 personam
1961 3270 2124 3308 unam

2234 3261 2436 3318 omissa
2461 3263 2550 3318 illa
2585 3265 2924 3328 narratione,
2945 3263 3109 3318 etiam
3129 3273 3240 3318 tum
3269 3265 3608 3335 imperfecta,
3631 3276 3811 3322 trans-

549 3355 750 3422 (ipsum
781 3351 907 3406 dico
941 3352 1236 3418 Adamum)
1264 3347 1458 3403 deinde
1489 3364 1552 3403 ex
1582 3349 1673 3402 illa
1708 3347 1978 3401 formasse
2003 3363 2126 3400 mu-

547 3446 775 3509 lierem;
825 3453 990 3513 atque
1039 3442 1110 3496 ita
1145 3441 1404 3510 deinceps
1437 3456 1532 3509 per
1574 3440 1748 3494 virum
1783 3448 1836 3493 ct
1869 3437 2127 3494 fetniuam

546 3544 895 3605 procreatum
950 3548 1072 3589 esse
1129 3548 1302 3603 genus
1357 3534 1659 3588 httrnanum
1722 3550 1734 3584 :
1800 3541 1962 3601 atque
2015 3534 2129 3586 hare

549 3631 734 3683 omnia
778 3628 1130 3698 intelligimus
1177 3643 1242 3681 ex
1295 3624 1460 3681 verbo
1513 3627 1607 3680 illo
1645 3645 1657 3680 :
1701 3623 1984 3688 Fluxerat,
2020 3641 2128 3695 quo

551 3738 685 3776 usus
715 3729 798 3776 est
829 3719 1031 3775 Moses.

624 3818 742 3880 Quo
786 3814 971 3868 habitu
1017 3813 1158 3867 Dens
1209 3813 1517 3884 apparuerit
1549 3812 1757 3866 ΛάαΜο
1795 3823 1844 3866 et
1877 3810 2024 3866 Este.
2061 3841 2130 3850 ——

550 3905 656 3960 Sed
707 3905 854 3958 cnim
905 3919 1085 3973 opera:
1143 3903 1379 3972 pretium
1426 3901 1592 3956 fuerit
1638 3914 1974 3972 cognoscere
2022 3918 2130 3970 quo

551 3999 740 4053 habitu
788 3995 1101 4066 apparuerit
1148 3996 1288 4049 Deus
1339 3995 1568 4058 Adamo,
1627 3995 1742 4048 sive
1799 3994 1926 4048 dum
1957 3993 2131 4062 ipsius

549 4104 750 4158 corpus
805 4089 1055 4156 lingeret,
1105 4087 1224 4140 sive
1264 4085 1393 4140 dum
1435 4085 1606 4155 legem
1655 4085 1759 4154 ipsi
1803 4085 2128 4154 imponeret,

552 4180 668 4234 sive
693 4178 917 4247 quando
947 4193 1012 4232 ex
1050 4176 1222 4245 ipsius
1254 4187 1405 4230 costa
1435 4177 1616 4230 ablata
1649 4175 1910 4230 conderet
1939 4175 2127 4240 Evam,

551 4273 666 4326 sive
689 4271 927 4341 denique
950 4271 1041 4325 ubi
1075 4271 1128 4324 in
1159 4271 1416 4340 paradiso
1446 4268 1806 4323 obambulans
1835 4283 1990 4323 suam
2023 4268 2131 4322 illis

550 4379 570 4410 κ
585 4377 739 4418 ocem
764 4364 1056 4432 ingereret,
1079 4362 1375 4416 inclinante
1393 4361 1496 4416 die.
1531 4360 1818 4414 Pbiloxeni
1841 4360 2132 4432 Mahugen-

550 4458 628 4510 sis
666 4456 936 4510 sententia
969 4467 1076 4519 est,
1125 4455 1444 4524 priusquam
1481 4453 1803 4522 deliquisset
1832 4453 2003 4508 Adam
2029 4455 2130 4508 ad-

2237 3352 2334 3408 ivit
2376 3355 2443 3414 ad
2488 3355 2820 3410 mentionem
2864 3354 2973 3410 diei
3016 3357 3284 3427 septimae,
3319 3357 3462 3412 unde
3494 3373 3704 3425 rursus,
3736 3363 3808 3413 ad

2231 3447 2615 3506 absolvendam
2649 3446 2793 3501 illam
2822 3456 2950 3502 ante
2974 3457 3208 3519 emptam
3243 3450 3555 3512 historiam,
3591 3452 3819 3505 reverti-

2234 3553 2323 3596 tur
2376 3540 2797 3612 haudquaquam
2848 3554 3278 3596 consentaneum
3327 3557 3446 3600 esse
3511 3552 3572 3598 ut
3624 3544 3822 3598 existi-

2231 3651 2445 3690 memus
2475 3635 2613 3688 duos
2643 3649 2671 3686 a
2703 3631 2814 3687 Deo
2837 3632 3061 3689 eiTectos
3089 3633 3262 3689 fuisse
3285 3635 3546 3700 Adatnos,
3570 3636 3662 3688 sed
3690 3635 3822 3689 urti-

2231 3745 2383 3783 cum.
2417 3727 2550 3780 Nam
2587 3727 2728 3781 idem
2776 3742 2995 3798 quoque
3025 3731 3092 3782 de
3141 3728 3357 3795 bestiis,
3383 3729 3450 3782 de
3493 3728 3820 3789 arboribus,

2232 3821 2301 3874 de
2320 3819 2595 3890 paradiso,
2620 3827 2672 3872 et
2696 3816 2920 3874 ﬂumine
2947 3819 3094 3876 hunc
3115 3821 3319 3892 rigante
3344 3821 3487 3876 fecit.
3509 3819 3640 3875 Cum
3664 3822 3821 3874 en'm

2241 3913 2519 3967 historiam
2572 3910 2788 3964 illarum
2836 3927 3018 3965 rerum
3063 3915 3310 3967 nondum
3357 3913 3648 3983 perfectam
3682 3914 3826 3968 reti-

2236 4007 2484 4078 quisset,
2523 4005 2610 4060 hic
2653 4006 2767 4076 jam
2800 4005 2940 4059 redit
2970 4005 3039 4059 ad
3069 4019 3186 4059 eam
3222 4005 3632 4060 absolvendam.
3670 4004 3833 4061 Prse-

2237 4104 2384 4148 terea
2421 4094 2526 4148 hoc
2559 4109 2778 4165 quoque
2809 4093 2918 4148 illis
2950 4091 3368 4161 respondemus,
3396 4108 3574 4161 neque
3604 4091 3832 4160 Mosen,

2238 4201 2416 4256 neque
2447 4201 2776 4258 quemquam
2851 4186 3266 4256 prophetarum,
3299 4194 3394 4240 aut
3421 4186 3834 4254 apostolorum,

2234 4277 2316 4330 vel
2343 4276 2800 4347 evangelistarutn
2822 4291 3062 4346 unquam
3098 4289 3455 4340 memorasse,
3487 4276 3624 4329 duos
3651 4289 3682 4329 a
3710 4274 3835 4329 Deo

2235 4377 2452 4422 creatos
2475 4365 2802 4436 eﬂcctnsque
2825 4363 2997 4420 fuisse
3026 4367 3285 4429 Adamos,
3309 4368 3402 4420 sed
3423 4379 3590 4418 unum
3616 4362 3832 4417 solum.

2237 4456 2408 4512 Porro
2448 4457 2732 4510 sciendum
2760 4464 2864 4520 est,
2906 4453 3072 4509 Vetus
3132 4454 3539 4509 Testamentum
3572 4453 3840 4524 pluribus

549 4563 745 4603 versus
797 4547 888 4601 Dei
921 4549 1262 4615 mandatum,
1317 4545 1486 4600 Deum
1538 4561 1713 4616 neque
1753 4560 1850 4614 per
1875 4547 2128 4616 angelum
2165 4544 2210 4599 D
2241 4547 2696 4602 translationibus
2721 4563 2785 4600 ex
2822 4544 3046 4600 Hebraea
3077 4547 3130 4599 in
3154 4544 3397 4600 Graecam
3431 4544 3669 4616 linguam
3698 4560 3844 4600 esse

551 4655 728 4710 neque
756 4654 853 4710 per
883 4654 998 4694 rem
1036 4639 1276 4709 aliquam
1303 4647 1649 4710 corporatam
1681 4637 1757 4692 illi
1789 4638 2130 4708 apparuisse,

550 4736 642 4788 sed
677 4734 858 4803 ipsum
885 4747 1008 4789 sese
1039 4732 1116 4786 illi
1150 4741 1615 4801 reprzesentasse;
1663 4745 1772 4784 non
1814 4729 1966 4799 quod
2003 4744 2133 4784 cor-

553 4825 704 4896 poris
732 4824 820 4879 sui
857 4825 1134 4889 sensibus,
1175 4823 1374 4887 Adam,
1404 4831 1755 4893 apparentem
1799 4819 1969 4876 Deum
2007 4837 2132 4892 per-

549 4917 734 4987 cipere
777 4925 982 4986 posset,
1033 4917 1126 4971 sed
1153 4915 1378 4977 mentis
1431 4914 1807 4983 intelligentia.
1851 4912 1984 4966 Nam
2028 4912 2132 4967 etsi

549 5008 833 5062 habitabat
885 5009 1104 5076 quidem
1157 5007 1299 5062 intra
1391 5022 1592 5074 corpus
1668 5004 1862 5057 Adami
1927 5003 2138 5067 anima,

555 5113 736 5154 tamen
770 5116 879 5154 non
911 5115 1072 5155 secus
1117 5111 1283 5170 atque
1331 5081 1646 5168 incorporei.
1687 5097 1889 5168 angeli,
1921 5111 1984 5150 ea
2017 5111 2138 5149 cer-

553 5208 683 5246 nere
715 5193 862 5246 illam
893 5193 1157 5262 quivisse,
1195 5207 1314 5261 qua:
1344 5207 1508 5260 supra
1540 5205 1702 5244 omne
1731 5205 1931 5258 corpus
1961 5198 2134 5243 mate-

554 5287 800 5352 riemque
826 5297 1184 5353 corporatam,
1207 5286 1460 5337 feruntur
1493 5300 1506 5335 :
1564 5283 1746 5350 itaque
1782 5296 1907 5335 cum
1941 5280 2133 5351 integri

553 5377 716 5431 etiam
753 5389 867 5430 tum
901 5388 1088 5431 essent
1131 5377 1324 5430 animae
1367 5375 1556 5429 Adanri
1591 5388 1803 5435 sensus,
1836 5389 2008 5442 neque
2037 5379 2135 5425 abs

470 5507 478 5515 ο
554 5479 780 5537 peccato
821 5469 1204 5532 contaminati,
1253 5467 1419 5521 Deum
1452 5483 1509 5520 se
1553 5465 1752 5520 mentis
1781 5463 1926 5517 illius
1955 5464 2135 5518 ocul.s

654 5677 697 5706 "
741 5675 1022 5768 lisal.ctn,
1067 5674 1151 5728 16.

2245 4639 2636 4707 transposi‘tum
2657 4655 2671 4691 :
2693 4635 2880 4706 Syrice
2893 4650 3022 4689 vero
3045 4634 3313 4687 redditum
3337 4647 3458 4687 esse
3475 4648 3581 4685 una
3603 4631 3844 4699 quidem

2245 4731 2690 4800 interpretatione
2711 4745 2776 4783 ex
2795 4728 2914 4798 ipso
2927 4727 3171 4790 Hebrteo,
3188 4725 3361 4780 altera
3384 4739 3590 4780 veroex
3611 4722 3850 4778 Graeco.

2246 4823 2520 4878 Caeterum
2559 4838 2684 4893 quae
2729 4821 2897 4876 fuerit
2931 4831 3038 4875 tam
3073 4820 3368 4873 multarum
3412 4816 3842 4870 translationum

2246 4933 2438 4980 causa,
2493 4923 2546 4970 et
2579 4931 2699 4986 quae
2738 4915 2882 4969 inter
2912 4914 3058 4983 ipsas
3101 4912 3318 4966 caeteris
3367 4911 3591 4979 probior
3630 4897 3845 4955 cxisti-

2248 5008 2383 5062 mari
2437 5005 2666 5068 debeat,
2733 5019 2857 5058 cum
2913 5002 3037 5056 aliis
3082 5000 3201 5070 ejus
3239 5000 3457 5070 generis
3487 4991 3850 5058 argumenlis

2245 5097 2608 5152 disseruimus
2649 5094 2702 5148 in
2737 5107 2802 5147 eo
2831 5093 2967 5147 libro
2999 5107 3159 5159 quem
3205 5089 3278 5142 De
3324 5087 3417 5132 aea:
3464 5079 3644 5131 diebus
3681 5092 3847 5146 pne-

2245 5190 2513 5247 tnisimus.
2561 5187 2731 5258 Igitur
2777 5185 2830 5240 in
2872 5199 2934 5239 ea
2981 5183 3162 5237 (bocca
3209 5172 3552 5226 traductioiie
3576 5184 3698 5240 qua:
3743 5182 3842 5226 est

2249 5281 2607 5351 Septuaginta
2655 5271 3034 5338 interpretum.
3075 5267 3156 5320 sic
3213 5264 3416 5334 scripta
3466 5271 3686 5318 exstant
3733 5263 3840 5318 illa

2247 5373 2412 5429 Mosi;
2441 5359 2602 5419 verba
2645 5380 2660 5416 :
2718 5361 2787 5416 Et
2816 5362 3149 5431 plantaverat
3183 5357 3442 5412 Dominus
3476 5355 3617 5410 Deus
3650 5373 3838 5426 para-

2243 5461 2415 5511 disum
2453 5457 2506 5509 in
2534 5453 2682 5508 Edcn
2726 5455 2789 5508 ab
2833 5455 3052 5516 oriente,
3097 5461 3146 5505 et
3180 5451 3354 5516 posuit
3395 5449 3506 5504 illis
3556 5449 3844 5504 hominem

639 5854 748 5917 (lt)
791 5854 945 5919 Quod
998 5856 1156 5913 verti'
1200 5857 1428 5926 ﬁnxerat
1465 5895 1481 5922 ,
1543 5863 1629 5913 est
1672 5832 1900 5913 verbum
1956 5849 2149 5937 Gabal,
2188 5849 2334 5920 quod
2397 5849 2558 5920 plane
2583 5842 2878 5916 respondet
2908 5841 3120 5903 Graeco.
3153 5846 3401 5908 πλατιις.
