4086 6410
315 345 422 410 5ἓὸ

1468 342 1566 402 DE
1601 342 2010 406 PARADISO.
2046 344 2117 380 -έ
2154 345 2347 404 PARS
2390 343 2439 405 I.

3472 338 3578 404 525

314 465 569 535 finxerat.
617 457 895 514 Orientem
940 456 1106 527 igitur
1135 454 1408 525 appellant
1435 452 1511 507 illi
1542 454 1892 524 interpretes,
1924 467 1963 521 Α
2000 454 2297 524 prophetiae
2334 452 2479 508 dona
2504 451 2559 505 in
2590 450 2770 521 ipsum
2795 450 3050 515 contulit,
3082 458 3403 521 prophetam
3426 455 3573 510 enim

314 571 435 612 eam
466 564 740 608 terrarum
781 548 1055 620 regionem
1081 562 1146 603 ex
1187 561 1297 615 qua
1328 546 1412 600 sol
1443 545 1733 611 oboritur;
1769 560 1893 601 nam

313 651 370 705 in
404 646 500 702 illo
526 653 708 700 tractu
747 639 1034 697 orientalis
1053 639 1391 710 plantaverat
1427 638 1898 708 collocaveratque

313 740 656 813 paradisum,
705 747 764 791 ut
804 734 1057 798 Basilius,
1121 741 1176 787 ct
1223 732 1342 800 ejus
1392 731 1558 785 l‘rater
1601 731 1899 800 Gregorius

322 841 681 894 attestantur,
728 838 785 883 et
827 826 1090 882 Dominus
1152 824 1391 879 Severus
1445 839 1683 894 quoque.
1740 822 1899 889 Quod

261 920 269 933 ⁸
313 939 448 981 vero
476 923 546 976 ad
579 921 757 991 ipsum
801 931 999 971 nomen
1045 914 1261 979 attinet,
1289 928 1402 984 quo
1440 913 1517 968 illi
1555 911 1697 966 LXX
1731 912 1902 967 inter-

312 1024 498 1087 pretes
573 1011 662 1066 hic
739 1007 915 1063 Adam
976 1017 1178 1062 vocant
1252 1008 1491 1076 (vocant
1562 1003 1709 1059 enim
1766 1001 1900 1057 Bar-

310 1104 459 1160 Noso
493 1100 656 1175 [15]),
691 1099 795 1154 tria
816 1107 948 1153 sunt
967 1096 1228 1153 vocabula
1250 1096 1451 1168 quibus
1474 1096 1587 1151 fere
1615 1095 1899 1166 Scriptura

309 1209 363 1252 et
407 1198 512 1251 hoc
543 1196 664 1249 loco
690 1202 748 1248 et
777 1193 1034 1261 superius
1073 1191 1244 1246 utitur
1277 1205 1375 1261 pro
1412 1189 1609 1244 Adami
1659 1186 1901 1258 appella—

313 1291 501 1355 tione;
549 1285 718 1351 Noso,
770 1282 1071 1350 Bar-Noso,
1115 1283 1310 1338 Adam.
1359 1282 1429 1337 Et
1458 1280 1628 1337 Naso
1678 1280 1898 1351 quidem

307 1392 508 1446 vocat,
566 1379 697 1434 dum
749 1378 828 1431 ait
887 1391 907 1430 :
980 1374 1263 1430 Faciamus
1323 1372 1474 1429 Naso
1529 1372 1607 1442 (id
1673 1378 1758 1428 est
1802 1374 1903 1425 bo-

309 1475 544 1543 minem.)
590 1469 662 1525 ad
699 1470 986 1541 imaginem
1012 1477 1250 1526 nostram
1285 1467 1578 1522 secundum
1644 1463 1901 1520 similitu-

309 1567 487 1620 dinem
528 1571 769 1617 nostram
794 1575 812 1623 ,'
842 1558 1014 1614 Adam
1046 1574 1178 1614 vero
1203 1559 1334 1613 dum
1364 1558 1497 1614 dicit
1530 1575 1544 1611 :
1600 1554 1669 1610 Et
1701 1554 1902 1609 creavit

308 1656 452 1711 Deus
513 1653 686 1709 Adam
744 1650 812 1704 ad
866 1649 1151 1720 imaginem
1205 1662 1357 1702 suam
1396 1667 1413 1702 :
1448 1643 1515 1699 Et
1563 1644 1738 1715 posuit
1788 1640 1903 1694 illic

309 1748 488 1803 Adam
534 1759 690 1815 quem
748 1742 1093 1811 formaverat.
1148 1737 1395 1808 Denique
1450 1734 1761 1798 Bar-Noso,
1810 1733 1901 1787 hic

1998 545 2170 601 fuisse
2201 544 2372 599 Adam
2432 542 2511 597 vel
2559 541 2687 597 hinc
2717 549 2935 598 constat
2959 542 3105 612 quod
3138 557 3233 612 per
3254 543 3571 598 vaticinium

2000 637 2237 692 dixerit:
2268 638 2401 691 Haec
2420 635 2541 704 jam
2582 650 2710 689 caro
2733 634 2797 687 de
2849 650 3010 688 carne
3048 650 3160 688 mea
3193 641 3240 687 et
3278 650 3334 688 os
3361 635 3425 689 de
3464 653 3576 689 osve

1999 745 2134 792 meo,
2189 731 2301 783 hac
2353 729 2625 783 vocabitur
2691 727 2903 793 mulier,
2968 735 3073 781 etc.
3132 726 3370 790 Decimo,
3425 731 3579 782 auxit

2000 820 2174 890 ipsum
2221 818 2509 874 sacerdotii
2545 832 2767 873 munere
2797 835 2811 880 ;
2867 833 2989 871 nam
3023 815 3190 871 fuisse
3212 817 3575 878 sacerdotem,

1998 924 2066 967 ex
2114 908 2342 965 Davidis
2386 909 2682 980 psalmista:
2713 908 2894 963 verbis
2922 908 3289 977 cognoscitur,
3325 908 3452 962 dum
3492 924 3584 963 ve-

2003 1002 2107 1057 luti
2152 1003 2465 1072 loquentem
2513 1000 2787 1056 Adamum
2833 1015 2956 1055 cum
3010 999 3119 1054 Deo
3151 1001 3417 1055 inducens
3452 1002 3577 1056 ait:

2001 1086 2238 1143 Finxiin
2262 1106 2341 1145 me
2366 1100 2418 1145 et
2461 1090 2686 1160 posuisti
2735 1103 2890 1157 super
2939 1105 3153 1142 manum
3199 1098 3347 1144 tuam
3378 1090 3462 1158 “;
3494 1107 3583 1145 sa-

2000 1182 2304 1237 cerdotium
2355 1181 2501 1237 enim
2560 1196 2822 1236 manuum
2876 1181 3227 1251 impositione
3276 1182 3579 1243 confertur.

2004 1271 2152 1328 sicut
2188 1282 2240 1327 et
2268 1273 2574 1342 baptismus
2598 1312 2614 1327 .
2655 1272 2977 1339 Undecimo,
3008 1274 3158 1344 regia
3186 1283 3351 1343 atque
3377 1273 3583 1343 princi-

2003 1364 2111 1435 pali
2144 1364 2321 1434 ipsum
2364 1365 2661 1421 donatione
2709 1365 3105 1435 amplificavit;
3152 1367 3229 1421 ait
3271 1366 3414 1420 enim
3457 1384 3472 1419 :
3511 1365 3583 1419 Et

2001 1460 2355 1514 dominamini
2378 1459 2610 1529 piscibus
2642 1460 2831 1523 maris,
2859 1468 2908 1514 et
2939 1459 3241 1514 volucribus
3264 1460 3399 1514 cceli.
3433 1458 3585 1514 Duu-

2003 1551 2244 1617 decimo,
2293 1551 2366 1605 ita
2410 1551 2589 1621 ipsum
2620 1551 2983 1621 comparavit,
3010 1551 3274 1606 utanimo
3310 1561 3475 1623 atque
3502 1552 3588 1605 in-

2006 1643 2305 1713 telligentia
2378 1658 2477 1697 sua
2565 1644 2771 1712 angelis
2813 1651 2959 1714 esset
3006 1643 3315 1699 familiaris.
3362 1643 3586 1700 Decimo

2007 1735 2193 1797 tertio,
2220 1734 2464 1789 cmtdidit
2495 1738 2673 1804 ipsum
2715 1749 2945 1805 corpore
2977 1736 3084 1791 levi
3122 1745 3287 1806 atque
3311 1738 3588 1807 expedito.

316 1837 629 1906 (sequamur
661 1828 804 1885 LXX
826 1831 1185 1899 interpretum
1217 1825 1677 1895 translationem).
1712 1821 1902 1877 Posuit
1933 1820 1977 1876 Β
2008 1841 2117 1881 non
2139 1834 2320 1882 autem
2372 1827 2524 1897 gravi
2550 1827 2710 1895 quale
2733 1825 2952 1882 demum
2970 1827 3141 1882 evasit
3171 1838 3292 1897 post
3331 1828 3587 1884 violatam

321 1927 444 1980 illic
475 1921 756 1978 Bar~Noso
784 1921 859 1990 (id
907 1929 1013 1983 est.
1051 1918 1224 1974 lilium
1251 1917 1514 1984 hominis)
1546 1931 1700 1987 quem
1730 1916 1900 1985 ﬁnxeo

324 2026 433 2071 rat.
485 2018 654 2086 Atque
686 2015 802 2070 hac
846 2012 950 2068 tria
976 2011 1202 2066 nomina
1231 2011 1373 2065 inter
1416 2024 1475 2064 se
1506 2010 1581 2064 ita
1619 2007 1898 2072 diti‘erunt,

317 2120 378 2163 ut
406 2108 556 2163 Naso
584 2107 802 2176 proprie
833 2106 1152 2160 universum
1196 2117 1372 2174 genus
1398 2101 1681 2157 hominum
1716 2110 1904 2157 osten—

304 2202 437 2266 dat;
476 2198 762 2256 Bar-Noso
791 2213 920 2254 vero
955 2212 1083 2252 eum
1114 2195 1210 2267 qui
1246 2212 1313 2251 ex
1343 2195 1570 2250 homine
1605 2201 1904 2265 prognatus

304 2292 402 2356 sit,
451 2290 561 2345 hoc
616 2299 723 2355 est,
762 2288 931 2349 ﬁlium
985 2286 1225 2342 hominis
1274 2285 1547 2355 signiticet
1589 2302 1603 2338 :
1652 2294 1707 2338 ct
1755 2280 1903 2336 Nuso

304 2385 537 2454 quidem
583 2380 914 2453 pluraliter,
950 2374 1237 2433 Bar-Noso
1263 2390 1394 2432 vero
1434 2373 1785 2447 singulariter
1824 2372 1907 2444 (ut

303 2475 389 2528 sic
419 2473 626 2542 dicam)
658 2470 1021 2541 accipiantur,
1082 2479 1481 2540 spectentque;
1511 2465 1661 2523 Noso
1695 2465 1807 2521 fere
1833 2466 1901 2520 ad

304 2566 489 2635 ipsam
520 2564 789 2634 speciem,
824 2560 1101 2618 Bar-Noso
1139 2576 1270 2616 vero
1298 2561 1365 2616 ad
1400 2560 1698 2615 individua.
1729 2559 1902 2614 Porro

304 2657 375 2713 de
426 2671 569 2712 voce
621 2655 795 2710 Adam
840 2654 1030 2709 dicunt
1092 2653 1235 2723 apud
1281 2666 1385 2706 nos
1431 2651 1600 2723 Syros
1653 2650 1906 2721 plerique

304 2748 738 2819 appellationem
787 2759 910 2799 esse
960 2744 1348 2814 particularem
1397 2742 1665 2811 hominis,
1701 2758 1897 2812 perso-

309 2856 564 2911 namque
609 2855 773 2894 uuam
834 2847 1227 2908 repraesentare
1281 2853 1295 2888 :
1348 2850 1538 2891 verum
1588 2834 1680 2889 alii
1719 2834 1911 2887 existi-

310 2944 488 2994 mant,
545 2932 689 3000 apud
731 2912 990 2985 Hebraeos
1035 2943 1237 2984 nomen
1280 2941 1400 2982 esse
1454 2926 1796 2996 speciticum,
1850 2934 1908 2980 et

310 3039 491 3082 totum
528 3041 703 3097 genus
739 3026 1039 3081 humanum
1075 3041 1176 3081 sua
1201 3026 1429 3081 notione
1459 3024 1735 3095 amplecti,
1765 3023 1910 3079 sicut

310 3121 556 3175 antehac
598 3118 838 3173 diximus
894 3118 946 3172 in
997 3117 1408 3173 Commentario
1452 3128 1639 3172 nostro
1693 3118 1758 3173 de
1812 3130 1908 3171 se:

311 3212 535 3266 diebus.
568 3211 782 3265 Rursus
816 3208 910 3262 alii
937 3218 1086 3269 sunt.
1122 3208 1213 3278 qui
1243 3216 1439 3277 putant
1474 3223 1671 3262 nomen
1729 3205 1904 3262 Adam

310 3313 599 3372 sumptum
631 3316 755 3357 esse
794 3316 862 3355 ex
896 3301 1016 3371 ipso
1046 3300 1284 3356 hominis
1317 3314 1580 3370 corpore,
1611 3309 1667 3354 et
1694 3298 1742 3352 ei
1778 3313 1910 3369 pro-

312 3396 435 3464 prie
467 3393 791 3464 impositum
826 3407 951 3447 esse
977 3408 1044 3448 eo
1067 3392 1214 3462 quod
1241 3408 1306 3447 ex
1341 3400 1485 3447 terra
1511 3409 1631 3462 quae
1661 3393 1906 3461 Adamog

313 3492 414 3543 tito
439 3487 645 3542 dicitur
664 3485 1046 3541 conﬁrmatum
1077 3485 1150 3539 sit
1181 3500 1194 3536 :
1230 3483 1380 3541 Noso
1407 3500 1538 3540 vero
1569 3485 1635 3541 ad
1668 3487 1904 3564 animum

312 3579 682 3651 peculiariter
708 3587 978 3648 spectare.
1006 3576 1276 3634 Cmterum
1310 3577 1444 3647 quid
1475 3578 1583 3633 sibi
1616 3578 1746 3632 velit
1775 3578 1906 3632 illud

314 3680 483 3724 terra:
520 3666 877 3732 vocabulum,
910 3666 1235 3733 Adamotho,
1294 3666 1407 3721 illic
1437 3682 1660 3738 quoque
1688 3682 1718 3720 a
1750 3667 1907 3722 nobis

313 3769 400 3817 est
424 3760 787 3828 explicatum.

393 3849 582 3903 υεὶιι
639 3848 891 3920 beneficia
949 3849 1004 3903 in
1057 3846 1344 3902 Adamum.
1382 3846 1677 3903 -—Verum
1730 3862 1906 3902 cmm-

328 3958 460 3998 rero
488 3959 673 4015 operae
705 3943 939 4013 pretium
987 3952 1073 3998 est
1122 3951 1181 3996 nt
1227 3940 1501 4013 expendas
1539 3941 1627 3995 hic
1656 3948 1909 3995 accurate

321 4035 472 4109 apud
529 4038 776 4090 animum
808 4043 985 4102 tuum,
1019 4050 1184 4105 quant
1218 4033 1409 4089 multis
1455 4034 1636 4089 modis
1663 4037 1909 4091 cohone-

317 4127 561 4185 staverit
584 4125 734 4182 Deus
758 4127 1053 4180 Adamum.
1084 4125 1267 4179 Primo
1296 4127 1441 4181 enim
1475 4140 1601 4180 cum
1635 4125 1692 4181 in
1727 4143 1907 4183 rerum

317 4231 526 4276 natura
580 4234 809 4289 prorsus
857 4233 968 4272 non
1022 4228 1200 4284 esset,
1243 4220 1587 4286 procreavit,
1643 4219 1912 4290 ellicitque

316 4315 512 4385 ipsum
539 4327 611 4367 ex
646 4311 819 4365 nihilo
849 4318 911 4364 ut
942 4309 1151 4381 aliquid
1199 4317 1367 4366 esset.
1400 4311 1607 4367 Deinde
1649 4311 1717 4366 ad
1751 4327 1908 4368 suam

317 4407 504 4474 ipsius
609 4404 899 4473 imaginem
989 4413 1046 4458 et
1137 4402 1551 4457 similitudinem
1646 4405 1907 4461 condidit.

2003 1916 2196 1987 legem.
2284 1915 2505 1969 Decimo
2581 1923 2779 1984 quarto
2858 1915 3119 1986 denique,
3165 1918 3347 1987 posuit
3410 1920 3589 1986 ipsum

2003 2008 2060 2063 in
2109 2006 2362 2077 paradiso
2395 2045 2413 2071 ,
2478 2014 2538 2060 ut
2615 2007 2747 2062 inibi
2814 2007 3177 2063 oblectaretur
3220 2024 3397 2079 neque
3458 2024 3588 2067 cum

2005 2100 2220 2155 caeteris
2283 2099 2615 2155 animalibus
2674 2100 2874 2155 mentis
2941 2101 3255 2170 expertibus
3315 2103 3367 2156 in
3445 2112 3590 2158 terra

2013 2192 2299 2249 nascendo
2358 2192 2581 2262 reliquit
2644 2210 2658 2246 :
2739 2193 2806 2247 Et
2855 2194 3035 2248 enasci
3078 2194 3276 2264 fecerat
3332 2193 3589 2250 Dominus

2007 2284 2150 2351 Deus
2179 2304 2204 2340 e
2234 2295 2378 2340 terra
2424 2302 2628 2339 omnem
2677 2286 2921 2340 arborem
2950 2288 3064 2356 ipso
3106 2298 3319 2358 aspectu
3343 2300 3558 2343 canctcn
3579 2318 3591 2327 -

2006 2377 2152 2441 dam,
2194 2384 2245 2430 et
2281 2376 2559 2446 pulchram
2587 2377 2655 2430 ad
2683 2378 2989 2431 vescendum
3013 2394 3031 2442 ,'
3055 2379 3144 2434 die
3183 2380 3393 2435 Scilicet
3423 2382 3588 2435 tertio

2009 2469 2343 2538 produxerat
2398 2467 2667 2523 Dominus
2721 2484 2814 2524 eas
2864 2470 3092 2527 arbores
3136 2486 3202 2526 ex
3257 2481 3422 2539 terra,
3467 2490 3589 2527 cum

2008 2562 2216 2617 diceret
2246 2577 2262 2616 :
2295 2560 2564 2614 Producat
2588 2570 2730 2616 terra
2760 2562 2977 2617 herbam
3005 2564 3225 2618 viridem
3252 2582 3427 2618 semen
3450 2570 3593 2635 [021i-

2011 2655 2205 2724 βίαια,
2244 2663 2294 2708 et
2334 2653 2580 2709 arborem
2614 2655 2975 2725 fructiferam,
3021 2666 3128 2713 etc.
3170 2655 3365 2712 Verum
3410 2661 3497 2713 hic
3523 2663 3591 2713 al

2012 2744 2248 2813 priorem
2276 2743 2424 2797 illam
2461 2743 2832 2798 narrationem
2868 2745 3199 2815 regreditur,
3228 2745 3404 2817 ipsam
3430 2747 3596 2803 abso-

2012 2836 2227 2890 lutnrus
2255 2834 2385 2905 quin
2433 2836 2548 2905 ipse
2594 2835 2758 2890 etiam
2799 2837 3091 2904 paradisus
3143 2837 3232 2894 die
3280 2839 3372 2894 illo
3429 2839 3593 2895 tertio

2013 2927 2271 2982 consitus
2301 2927 2497 2979 fuerat.
2533 2927 2808 2982 Caeterum
2860 2927 2970 2984 Deo
3000 2930 3255 2984 attribuit
3283 2931 3461 2988 Muses
3501 2934 3594 2989 illa

2012 3018 2179 3075 verba
2213 3036 2228 3073 :
2262 3016 2332 3071 Et
2356 3020 2539 3072 enasci
2573 3019 2772 3088 fecerat
2801 3022 3036 3087 arbores,
3073 3030 3134 3077 ut
3162 3022 3593 3095 intelligeremus

2014 3126 2122 3167 non
2159 3110 2229 3164 ab
2258 3111 2479 3166 homine
2518 3120 2668 3169 satas
2700 3112 2895 3177 fuisse,
2943 3115 3014 3168 ut‘
3049 3113 3163 3170 Noe
3213 3117 3378 3172 vitent
3427 3118 3590 3182 sevit,

2014 3211 2112 3259 aut
2138 3203 2284 3258 alias
2299 3204 2547 3270 arbores,
2582 3204 2714 3272 alii;
2745 3208 2841 3262 sed
2868 3207 3039 3277 ipsius
3066 3206 3162 3262 Dei
3192 3223 3325 3263 cura
3359 3224 3424 3265 ac
3452 3222 3591 3265 nutu

2016 3305 2401 3367 praeceptoque
2443 3297 2745 3365 exstitisse,
2773 3298 2928 3368 juxta
2968 3299 3100 3354 illud
3128 3298 3435 3358 Psalmistze
3467 3320 3483 3358 :
3525 3301 3595 3357 Et

2014 3387 2158 3443 cedri
2181 3387 2376 3442 Libani
2426 3405 2558 3460 quas
2603 3390 2868 3460 plantavit
2910 3391 2978 3447 ⁸⁷.
3015 3391 3122 3449 Sed
3158 3392 3329 3448 videri
3363 3406 3597 3466 possunt

2015 3481 2183 3536 verba
2208 3482 2388 3549 potius
2412 3484 2479 3535 ad
2507 3483 2648 3538 hunc
2678 3485 2901 3539 modum
2932 3501 3055 3542 esse
3080 3468 3351 3559 legenda;
3376 3486 3595 3543 Omnem

2018 3572 2263 3627 arborem
2290 3572 2567 3642 pulchram
2599 3575 2670 3628 ad
2708 3579 3072 3645 spectandum,
3110 3587 3161 3632 et
3183 3570 3595 3649 exspectandam

2017 3667 2088 3721 ad
2122 3667 2452 3732 vescendum,
2481 3668 2829 3736 pulchritudo
2851 3669 3092 3725 enimad
3128 3670 3342 3726 videndi
3372 3688 3593 3728 sursum

2017 3763 2274 3829 pertinet,
2317 3759 2591 3829 appetitus
2624 3774 2753 3814 vero
2789 3763 2856 3814 ad
2889 3761 3073 3815 cibum
3116 3772 3345 3829 spectat.
3394 3760 3589 3817 Verum

2014 3851 2302 3907 consuevit
2329 3849 2613 3921 Scriptura
2640 3852 3005 3921 appetentiam
3041 3838 3243 3908 referre
3273 3854 3339 3908 ad
3378 3856 3592 3920 oculos,

2016 3944 2178 4014 quale
2222 3953 2307 3999 est
2337 3943 2467 3998 illud
2516 3943 2746 4000 Joannis
2787 3947 3136 4015 evangelista:
3188 3947 3245 4001 in
3298 3946 3538 4017 Epistola
3572 3967 3591 4006 :

2021 4036 2190 4092 Omne
2210 4036 2350 4106 quod
2367 4037 2517 4090 estin
2541 4041 2757 4100 mundo,
2783 4039 3209 4107 concupiscentia
3234 4038 3470 4108 corporis
3494 4051 3594 4106 est,

2017 4138 2067 4182 et
2102 4129 2529 4197 concupiscentia
2572 4128 2849 4183 oculorum
2879 4129 2947 4185 ⁸⁸.
3002 4128 3068 4183 Ει
3119 4130 3358 4184 arborem
3392 4132 3513 4184 vita:
3540 4135 3596 4186 in

2015 4221 2190 4274 inedia
2227 4219 2502 4290 paradiso,
2546 4230 2595 4274 et
2642 4220 2885 4275 arborem
2923 4223 3158 4277 scientia:
3198 4222 3321 4276 boni
3350 4234 3399 4277 et
3441 4222 3594 4277 mali.

2018 4313 2169 4369 Duas
2197 4315 2274 4368 ait
2305 4313 2595 4369 Dominum
2622 4314 2807 4370 enasci
2844 4314 3038 4372 fecisse
3064 4316 3293 4373 arbores
3330 4318 3387 4371 in
3418 4318 3599 4373 medio
3654 4390 3655 4393 η

2020 4406 2300 4475 paradiso,
2336 4406 2560 4461 alteram
2599 4407 2741 4473 vitae,
2788 4409 3015 4463 alteram
3070 4412 3335 4467 scientiae.
3393 4412 3596 4468 Viden-

323 4497 547 4563 Tertio,
578 4512 706 4552 cum
743 4496 921 4565 ipsius
950 4495 1116 4565 longe
1160 4496 1507 4565 praestantior
1535 4506 1682 4552 esset
1720 4507 1912 4551 natura
1950 4514 1992 4568 ε)
2022 4498 2152 4553 dum
2184 4499 2352 4567 igitur
2388 4500 2483 4568 qui
2529 4500 2646 4555 ﬁeri
2698 4503 2957 4572 potuerit,
3018 4513 3071 4556 ut
3122 4504 3245 4559 duae
3277 4504 3504 4561 arbores
3544 4507 3598 4560 in

321 4608 500 4663 quam
549 4590 645 4646 cui
682 4605 880 4644 manus
919 4589 1183 4657 vocisque
1223 4603 1358 4642 usus
1387 4589 1612 4645 attribui
1648 4589 1911 4655 deberet,

323 4691 518 4738 tamen
544 4682 705 4735 illum
738 4688 794 4735 et
838 4679 1091 4735 manibus
1125 4679 1241 4734 suis
1269 4676 1516 4745 tinxisse,
1545 4688 1757 4737 ctvoce
1785 4679 1919 4735 alia.

326 4781 421 4827 tus
478 4786 608 4827 esse
663 4770 771 4826 dici
820 4768 1017 4825 voluit.
1070 4765 1311 4835 Quarto,
1370 4767 1654 4841 conditum
1708 4768 1916 4823 ratione

341 4865 576 4929 ornavit,
625 4878 736 4934 qua
788 4862 1007 4918 exteris
1055 4859 1429 4915 animantibus
1476 4860 1568 4914 illa
1600 4860 1916 4916 carentibus

342 4957 643 5020 μαιωοι.
704 4954 934 5021 Quinto,
964 4953 1052 5010 sui
1091 4952 1408 5022 cognitione
1447 4952 1628 5023 ipsum
1657 4952 1914 5023 dignatus

336 5050 441 5096 est.
474 5037 661 5107 Sexto,
683 5047 908 5102 admisit
934 5047 1114 5115 ipsum
1144 5044 1310 5100 veluti
1345 5045 1402 5100 in
1427 5060 1586 5100 suam
1622 5044 1915 5100 familiari-

335 5142 531 5200 tatem,
566 5143 628 5188 ut
668 5147 735 5188 ea
776 5147 900 5188 sese
943 5153 1043 5202 pro
1072 5136 1308 5194 arbitrio
1334 5137 1658 5202 oblectaret,
1685 5136 1918 5192 medita-

335 5227 582 5283 tionibus
608 5224 1274 5295 oontemplationibuaque
1291 5228 1494 5287 divinis
1521 5244 1727 5286 vacans
1756 5238 1920 5298 atque

335 5318 659 5389 indulgens.
735 5317 981 5388 Septimo
1009 5356 1027 5384 ,
1108 5317 1574 5376 inmortalitatem
1638 5321 1914 5392 promisit.

329 5407 567 5477 Octavo,
617 5408 858 5464 maxima
904 5407 1085 5478 ipsum
1145 5407 1417 5478 sapientia
1474 5407 1693 5467 imbuit.
1742 5414 1919 5480 Nouo,

2022 4589 2143 4660 ipso
2187 4598 2470 4647 exstarent
2519 4591 2759 4659 paradisi
2825 4593 3131 4648 meditullio
3173 4612 3187 4648 ε
3248 4610 3410 4648 unam
3449 4595 3595 4649 enim

2023 4681 2197 4738 solam
2229 4696 2392 4752 posse
2438 4684 2679 4739 medium
2719 4684 2975 4738 obtinere
3022 4685 3206 4738 locum
3242 4701 3405 4739 nemo
3437 4702 3602 4756 nega-

2025 4774 2191 4841 verit,
2227 4782 2281 4830 at
2327 4774 2450 4830 duae
2480 4785 2540 4829 ut
2570 4775 2737 4830 simul
2777 4775 2957 4830 medio
2999 4776 3262 4844 quopiam
3301 4777 3420 4832 loco
3449 4779 3598 4832 exsi-

2019 4873 2190 4930 stant,
2222 4880 2329 4921 non
2365 4865 2450 4921 las
2492 4873 2599 4923 est.
2634 4863 2776 4920 Sunt
2821 4864 2986 4937 igitur
3032 4867 3124 4935 qui
3167 4866 3349 4921 dicant
3382 4869 3597 4923 unicam

2018 4954 2192 5012 fuisse
2239 4958 2293 5012 in
2342 4957 2462 5026 ipso
2512 4957 2694 5012 medio
2753 4958 3065 5024 consitam,
3112 4973 3237 5015 eam
3294 4975 3417 5028 quae
3477 4960 3600 5016 vita:

2018 5058 2267 5115 vocatur,
2294 5050 2521 5105 alteram
2552 5066 2684 5107 vero
2704 5062 2826 5122 qua:
2847 5051 3152 5122 appellatur
3176 5053 3420 5109 scientiae
3444 5054 3599 5123 juxta

2019 5138 2172 5194 illam
2233 5140 2357 5195 vitae
2410 5142 2685 5198 exstitisse
2740 5153 2943 5198 satam.
2998 5144 3102 5198 Sed
3155 5143 3243 5199 bis
3305 5145 3602 5215 objicimus

2022 5232 2198 5302 ipsam
2237 5233 2577 5303 Scripturam
2605 5253 2619 5301 ;
2653 5250 2776 5305 quae
2798 5239 2957 5292 verba
2992 5237 3083 5291 illa
3114 5254 3130 5293 :
3156 5239 3222 5293 In
3248 5239 3420 5292 medio
3439 5255 3603 5308 para.

2022 5323 2193 5387 dico...
2224 5326 2290 5380 ad
2342 5339 2632 5397 utramque
2690 5331 2943 5385 arborem
3009 5334 3435 5395 accommodat,
3491 5344 3600 5412 non

2025 5425 2216 5474 autem
2249 5420 2319 5475 ad
2347 5435 2468 5476 eam
2497 5437 2622 5490 qua:
2653 5423 2778 5479 vita:
2798 5432 2912 5491 est,
2946 5425 3142 5481 solam.
3164 5424 3285 5482 Hoc
3301 5424 3448 5481 enim
3478 5414 3607 5480 inde

404 5570 451 5602 "
493 5568 644 5625 Psal.
674 5582 937 5631 cxxxvtu,
972 5566 1062 5625 16,
1154 5562 1199 5596 θ’
1238 5561 1382 5620 Psal.
1412 5581 1530 5633 cm,
1566 5566 1654 5622 16.
1732 5569 1777 5602 ⁵⁸
1815 5570 1835 5625 1
1867 5538 1906 5625 1i

2011 5611 2026 5627 .
2061 5576 2244 5639 ",16.

408 5707 530 5792 (ιδ)
576 5704 738 5777 Apud
766 5703 906 5761 LXX
956 5705 1010 5761 in
1053 5703 1241 5763 Graeco
1296 5713 1401 5762 est.
1444 5702 1742 5789 ἄνθρωπον
1790 5710 1936 5780 quod
1975 5713 2140 5774 Sit‘ns
2208 5718 2502 5787 interpres,
2535 5734 2696 5790 quem
2724 5726 2938 5777 auctor
2980 5721 3250 5792 sequitur,
3290 5719 3470 5778 reddit
3499 5719 3610 5778 illic

333 5776 607 5835 Barao'so.
