4086 6408
548 348 649 412 5°27

1799 337 2053 397 'MOSIS
2074 337 2244 396 ’ΒΑΗ
2283 335 2529 396 CEP-IIA

3707 331 3808 392 5‘38

541 458 914 531 ceguoscitur,
966 456 1111 528 quod
1155 455 1266 510 Eva
1313 454 1378 508 ad
1423 461 1730 522 serpentem
1760 450 1969 506 dicerct
2004 469 2018 504 :
2057 451 2131 503 lle
2160 449 2388 513 Aloeus
2421 457 2540 502 erat
2579 461 2810 516 magnus
2847 452 3021 516 atque
3065 445 3302 514 amplus,
3353 445 3441 500 cui
3486 444 3537 498 id
3571 445 3808 502 nominis

538 554 717 618 {ructu
763 549 968 603 arboris
1018 564 1134 617 quia
1183 557 1258 600 est
1303 547 1359 598 in
1405 544 1574 598 medio
1627 542 1878 613 paradiso
1907 582 1922 605 ,
1963 540 2124 596 nolite

539 642 827 706 comedere,
861 640 936 692 ait
981 637 1154 692 ﬂens.
1193 636 1321 690 Erat
1363 634 1507 688 enim
1543 633 1710 687 arbor
1741 632 2005 694 scientiae,
2057 645 2122 684 ea

538 747 644 800 qua
670 732 779 786 illis
814 731 992 785 fuerat
1022 727 1406 794 interdictum,
1433 742 1543 780 non
1573 729 1735 781 arbor
1755 725 1898 780 vita).
1931 724 2121 780 Conti-

528 829 682 880 ‘citur
729 813 859 895 ergo
909 825 974 877 ad
1013 833 1300 892 utramque
1351 822 1604 876 arborem
1651 821 1929 890 pertinere
1974 817 2122 889 quod

541 916 783 976 dicitur;
814 915 876 970 In
918 915 1083 968 medio
1121 913 1392 982 paradiso.
1443 912 1612 984 Igitur
1638 911 1942 982 Gregorius
1990 908 2127 981 Nys-

547 1023 716 1063 senus
785 1007 917 1060 dicit
959 1007 1096 1060 duas
1141 1006 1304 1059 hasce
1349 1003 1888 1074 arboresspiritales
1930 1001 2120 1067 fuisse,

543 1103 772 1171 solaque
809 1101 1020 1152 ratione
1055 1098 1305 1168 potuisse
1330 1097 1581 1168 intelligi,
1621 1097 1811 1167 quales
1847 1111 1956 1150 non
1990 1095 2123 1150 duas

540 1194 723 1258 modo,
751 1192 845 1247 sed
871 1191 1137 1261 plurimas
1175 1206 1282 1244 uno
1306 1188 1612 1260 eodemque
1639 1189 1760 1244 loco
1789 1188 1970 1243 medio
2003 1201 2123 1242 esse

538 1301 724 1355 posse,
789 1299 953 1337 nemo
995 1283 1348 1336 dubitaverit.
1406 1280 1540 1334 Nam
1586 1279 1753 1335 animi
1806 1283 1978 1336 nostri
2039 1281 2123 1336 vis

534 1379 695 1433 facile
748 1393 812 1431 ea
873 1377 1160 1446 conjungit
1217 1391 1338 1446 quae
1400 1376 1603 1445 alioqui
1657 1375 1739 1429 vel
1788 1390 1818 1429 a
1872 1373 2122 1443 plurimis

535 1467 702 1522 simul
772 1449 1163 1535 comprehendi
1229 1473 1524 1532 nequeant.
1588 1462 1657 1515 At
1727 1477 1826 1514 nos
1883 1460 2121 1514 dicimus

533 1560 760 1610 arbores
810 1556 929 1609 illas
989 1563 1308 1622 eorporatas
1357 1552 1678 1617 exstitisse;
1735 1549 1900 1617 idque
1935 1563 2122 1618 'uuper

534 1647 914 1709 ostendimus,
975 1657 1137 1714 atque
1203 1655 1466 1713 utrasque
1515 1644 1568 1696 itt
1627 1642 1865 1713 paradisi
1940 1640 2120 1694 medio

533 1740 753 1810 quidem
793 1737 958 1792 fuisse
988 1737 1197 1807 positas
1227 1737 1318 1790 sed
1347 1751 1454 1787 non
1485 1745 1543 1789 ιιι
1586 1734 1641 1788 in
1686 1747 1796 1787 uno
1819 1732 2120 1800 eodemque

2228 543 2482 606 dabatur,
2534 550 2835 610 propterea
2897 539 3046 609 quod
3107 554 3356 594 alumnus
3407 549 3462 592 et
3516 538 3808 594 multarunt

2191 691 2202 698 ν
2227 633 2485 688 arborum
2520 633 2781 686 varietate
2806 631 3115 702 spectabilis
3137 640 3282 686 esset
3312 649 3327 687 :
3382 630 3547 701 hujus
3590 646 3718 700 pars
3748 647 3812 684 ca

2227 722 2348 796 quae
2419 737 2646 780 creteras
2697 741 2886 780 omnes
2931 725 3340 794 pulchritudine
3391 733 3553 789 atque
3608 724 3812 777 decore

2230 819 2499 883 anteibat,
2545 817 2837 888 paradisus
2866 818 3154 871 dicebatur
3204 815 3810 870 aceomntodatissinius

2224 910 2290 963 ad
2327 909 2712 963 habitationem
2750 909 3279 976 oblectationemque
3326 908 3634 960 hominum.
3702 904 3812 960 Sed

2226 1011 2430 1071 quanta
2460 999 2626 1054 fuerit
2657 1000 2823 1070 hujus
2855 1001 3176 1070 amplitudo,
3221 998 3354 1052 satis
3387 1000 3568 1067 arguit
3605 997 3814 1052 ﬂuvius

2226 1092 2314 1146 ille
2401 1107 2633 1159 magnus
2670 1131 2684 1154 ,
2735 1090 2828 1160 qui
2884 1106 2948 1144 ex
3014 1091 3133 1158 ipso
3184 1089 3479 1154 attinebat,
3549 1099 3602 1140 ct
3658 1098 3815 1157 post-

2223 1198 2389 1253 quam
2441 1184 2660 1252 elapsus
2716 1191 2862 1237 esset
2919 1183 3262 1236 dividebatur
3312 1183 3361 1234 iu
3418 1189 3655 1249 quatuor
3693 1178 3815 1231 ﬂu-

2225 1278 2419 1336 mina;
2481 1277 2525 1331 si
2578 1277 2722 1330 enim
2772 1275 2970 1330 ﬂuvius
3038 1275 3153 1343 ipse
3206 1290 3436 1344 magnus
3486 1281 3634 1335 erat,
3694 1287 3816 1324 ma-

2223 1368 2482 1422 nifestum
2528 1378 2614 1423 est
2660 1369 2972 1435 paradisum
3033 1382 3192 1436 quem
3249 1367 3481 1434 rigabat,
3541 1380 3810 1433 magnum

2221 1460 2631 1530 spatiosumque
2663 1459 2830 1514 fuisse
2864 1479 2878 1515 :
2917 1458 2983 1512 Et
3009 1459 3161 1512 illinc
3187 1459 3544 1523 dividebatur,
3569 1469 3616 1511 et
3645 1461 3814 1512 euasit

2221 1553 2274 1606 in
2333 1554 2810 1622 quatuoreapita.
2876 1554 3171 1623 Postquam
3220 1553 3266 1607 is
3328 1552 3526 1607 ﬂuvius
3578 1552 3814 1622 rigasset

2221 1642 2559 1711 paradisum,
2623 1643 2880 1697 diductus
2941 1643 3258 1711 divisusque
3310 1652 3392 1696 est
3449 1643 3503 1698 ιιι
3567 1653 3814 1713 quatuor

2221 1736 2415 1792 ﬂuvios
2443 1737 2789 1808 ιιιιοενΜοδεκε
2819 1737 2971 1808 (quia
3015 1738 3188 1808 ipsius
3244 1739 3447 1792 sacculo
3483 1739 3596 1792 noti
3629 1739 3812 1808 erant»)

538 1832 852 1904 particulari
897 1832 1040 1891 loco.
1077 1829 1173 1898 qui
1201 1828 1358 1882 locus
1395 1827 1558 1880 fuerit
1588 1825 1823 1896 paradisi
1867 1824 2124 1878 medilul-
2157 1810 2195 1862 Β
2223 1830 2337 1884 suis
2385 1841 2437 1885 et
2479 1831 2792 1884 numinibus
2816 1871 2830 1895 ,
2883 1839 2938 1884 et
2991 1830 3126 1884 locis
3155 1829 3453 1890 describit,
3505 1829 3808 1898 inquiens:

538 1925 691 1977 lium.
715 1920 850 1976 Nam
908 1920 964 1975 id
1008 1918 1293 1974 haud-ﬂeri
1325 1917 1521 1988 potuit,
1569 1926 1624 1970 et
1672 1917 1716 1971 si
1758 1917 1813 1970 in
1845 1930 1912 1970 co
1941 1915 2117 1968 altera

541 2017 817 2079 exstabat,
845 2014 1074 2067 alteram
1101 2021 1253 2067 extra
1277 2026 1402 2065 eum
1427 2010 1603 2062 locum
1631 2009 1803 2062 fuisse
1835 2019 2116 2061 necessum

537 2122 641 2170 est,
677 2099 810 2161 cum
844 2104 1056 2177 profani
1107 2103 1272 2160 etiam
1330 2101 1639 2172 philosophi
1695 2099 1964 2154 afﬁrmcnt
2013 2098 2121 2151 int-

538 2199 796 2270 possibile
846 2212 968 2252 esse
1016 2206 1084 2250 ut
1133 2195 1244 2249 duo
1307 2209 1538 2263 corpora
1585 2193 1976 2246 contineantur
2008 2205 2117 2244 uno

535 2289 852 2362 particulari
901 2291 1021 2344 loco
1074 2287 1239 2343 simul
1288 2304 1308 2341 τ
1361 2286 1452 2342 sed
1505 2286 1604 2340 ita'
1633 2285 1820 2339 ambas
1853 2283 2018 2337 fuisse
2061 2282 2115 2336 in

535 2383 714 2438 medio
747 2382 1024 2452 paradiso,
1062 2389 1120 2435 ut
1151 2380 1274 2450 quis
1299 2379 1568 2432 utramvis
1599 2377 1780 2431 dicere
1812 2384 1957 2430 recte
1989 2390 2117 2444 pos-

536 2483 639 2539 set,
674 2481 923 2543 respectu
977 2478 1346 2524 extremarum
1382 2466 1621 2536 paradisi
1674 2465 1909 2535 partium
1943 2463 2118 2518 fuisse

535 2570 588 2621 in
623 2566 799 2620 medio
856 2563 1133 2635 paradiso.
1177 2559 1413 2620 Medium
1448 2558 1613 2627 igitur
1643 2561 1695 2612 itt
1744 2566 2000 2612 contextu
2041 2557 2115 2612 ita

533 2656 909 2728 accipiendum
970 2664 1074 2717 est,
1136 2668 1244 2706 non
1309 2661 1369 2705 ut
1435 2650 1818 2720 particularum
1874 2650 2115 2717 aliquem

533 2759 710 2812 locum
763 2753 1059 2824 signiticet,
1111 2749 1207 2804 sed
1255 2746 1414 2817 quasi
1473 2746 1636 2809 dicat,
1675 2760 1800 2799 cum
1830 2743 2116 2811 paradisus

535 2845 1015 2918 frequentissimus
1049 2839 1393 2896 esset'variis
1423 2836 1718 2891 arboribus
1749 2843 1915 2903 atque
1957 2832 2112 2904 plan-

533 2943 625 3006 tis,
662 2940 827 2993 hasce
857 2937 993 2989 duas
1031 2933 1255 2987 arbores
1286 2946 1393 2985 non
1443 2931 1495 2984 itt
1554 2929 1675 2997 ejus
1727 2927 1929 2998 angulo
1979 2941 2115 2994 quo-

538 3032 683 3103 piam
713 3039 860 3084 satas
889 3025 1078 3090 fuisse,
1100 3025 1210 3078 sed
1241 3023 1296 3077 in
1323 3020 1499 3075 utedio
1525 3017 1780 3089 paradiso
1807 3017 1954 3072 inter
1980 3016 2114 3069 alias

537 3122 765 3176 arbores
796 3117 1091 3172 exstitisse.
1126 3112 1232 3167 Sed
1265 3121 1319 3167 et
1366 3113 1469 3164 hoc
1503 3110 1645 3164 scire
1674 3122 1852 3178 Operm
1881 3106 2114 3177 pretium

536 3215 721 3278 fuerit,
755 3226 885 3265 num
914 3211 1034 3264 duae
1065 3209 1180 3261 ista!
1211 3205 1434 3260 arbores
1461 3243 1477 3270 ,
1503 3203 1676 3257 altera
1701 3202 1854 3271 juxta
1893 3200 2118 3255 alteram

537 3306 732 3378 posita:
749 3303 1078 3373 exstiterint,
1110 3314 1179 3353 an
1215 3298 1444 3354 seorsim
1476 3313 1490 3349 :
1525 3295 1592 3350 de
1613 3296 1727 3349 ‘hac
1769 3308 1828 3349 re
1868 3307 1966 3348 nos
1997 3300 2124 3362 pro-

540 3395 881 3458 nuntiamus,
917 3393 1067 3462 juxta
1103 3389 1310 3459 positas
1347 3385 1532 3441 fuisse.
1589 3381 1776 3454 Neque
1809 3383 1955 3436 enim
1987 3381 2122 3435 dixit

539 3488 820 3559 Scriptura
853 3487 920 3542 de
947 3484 1158 3540 Adamo
1187 3500 1199 3537 :
1235 3480 1309 3536 Ne
1342 3480 1483 3534 forte
1508 3477 1666 3532 adeat
1697 3477 1947 3531 arborem
1978 3475 2121 3541 vitae,

537 3584 825 3653 rapiatque
861 3582 927 3634 de
981 3594 1066 3642 ea,
1116 3591 1177 3630 ac
1202 3565 1473 3635 vescatur,
1510 3580 1578 3626 et
1628 3571 1775 3624 vivat
1823 3575 2120 3639 perpetuo;

536 3676 633 3731 scd
689 3676 852 3729 habet
917 3672 983 3726 ad
1044 3671 1190 3724 hunc
1236 3669 1455 3722 modum
1513 3682 1527 3719 :
1579 3663 1662 3718 Ne
1691 3663 1828 3733 forte
1875 3660 2121 3715 extendat

537 3781 754 3822 manum
785 3779 962 3827 suam,
1013 3760 1283 3828 et-capiat.
1317 3757 1366 3812 Is
1396 3771 1523 3810 vero
1560 3755 1652 3825 qui
1704 3768 1926 3808 manum
1962 3766 2118 3805 suam

539 3859 607 3912 ad
645 3870 757 3911 rem
810 3851 1122 3924 quampiam
1185 3849 1481 3919 protendit,
1522 3861 1812 3902 necessum
1863 3853 1947 3898 est
1983 3853 2041 3897 ιιι
2070 3843 2120 3896 ei

542 3950 621 4004 rei
662 3950 942 4018 proximus
981 3942 1443 4001 astetxprtcterea
1481 3941 1603 3993 hinc
1637 3938 1894 3994 credibile
1927 3946 2030 3996 est,
2070 3933 2118 3989 ei

541 4044 684 4106 loco,
714 4056 766 4093 ιιι
795 4054 904 4108 quo
929 4037 1138 4092 Adauto
1172 4045 1443 4090 certamen
1473 4041 1526 4087 et
1549 4034 1691 4087 lucta
1719 4040 1837 4085 erat
1857 4027 2120 4083 adversus

540 4135 787 4188 arborem
837 4131 1115 4193 scientiae,
1165 4129 1471 4198 proximam
1536 4124 1813 4180 exstitisse
1855 4122 2117 4175 arborem

540 4228 686 4288 vitm,
746 4241 843 4280 ceu
913 4221 1154 4276 victoriae
1210 4221 1538 4289 linendum:
1584 4230 1643 4272 ut
1693 4218 1738 4272 si
1776 4218 1992 4272 vicisset
2027 4232 2118 4286 per

541 4317 1147 4385 contiuentiaut’neque
1172 4314 1375 4367 edisset
1405 4313 1470 4364 de
1511 4312 1634 4375 hac,
1683 4325 1805 4364 mox
1853 4311 2118 4380 permissa

541 4405 737 4460 fuisset
800 4404 901 4474 ipsi
974 4404 1064 4458 illa
1123 4403 1294 4457 altera
1354 4401 1662 4470 gustanda,
1722 4401 1922 4468 quippe
1981 4400 2119 4454 solet

542 4497 738 4554 victori
773 4498 950 4564 patina
986 4495 1038 4548 in
1063 4503 1327 4565 promptu
1355 4507 1498 4547 esse.
1549 4493 1780 4561 Insuper
1819 4493 1948 4547 illud
1985 4508 2122 4563 quo-

543 4607 651 4660 que
680 4589 848 4660 quaeri
899 4596 1096 4658 potest,
1138 4602 1236 4641 cur
1298 4585 1804 4655 Deus-produxerit
1832 4583 1969 4639 duas
1996 4585 2115 4639 illas

543 4680 846 4738 nrboresiu
889 4677 1068 4732 medio
1095 4676 1380 4746 paradiso,
1430 4690 1494 4729 ac
1533 4691 1638 4730 non
1677 4675 1864 4743 potius
1895 4675 1948 4728 in
1981 4690 2119 4744 quo-

539 4776 684 4846 piam
712 4773 835 4842 ejus
860 4770 1078 4839 augulo.
1110 4768 1206 4822 llic
1226 4767 1650 4837 respondemus,
1679 4768 1799 4821 ideo
1829 4767 1880 4821 id
1912 4766 2113 4821 factum

542 4879 665 4918 esse
723 4861 852 4931 quia
931 4861 983 4913 in
1060 4858 1239 4913 medio
1297 4858 1551 4927 paradiso
1603 4857 1948 4911 habitaturus
2000 4865 2119 4911 erat

542 4955 739 5016 Adam,
783 4961 1007 5022 accepto
1053 4950 1144 5004 Dei
1186 4951 1415 5020 imperio
1459 4950 1526 5004 de
1575 4949 1803 5004 edendis
1841 4948 2117 5003 fructibus

543 5044 756 5097 arboris
790 5043 1032 5097 scientiae
1067 5042 1194 5097 boni
1228 5051 1285 5096 et
1313 5041 1464 5096 mali.
1497 5043 1767 5095 Caeterum
1805 5041 2114 5108 qualisnam

535 5134 710 5190 fuerit
736 5133 900 5188 arbor
935 5135 1077 5196 vitae,
1099 5142 1152 5188 et
1181 5149 1280 5188 cur
1305 5133 1385 5188 sic
1412 5132 1485 5186 sit
1513 5133 1656 5186 dicta
1681 5171 1694 5195 ,
1724 5129 1919 5185 deinde
1940 5130 2117 5200 qualis

541 5227 704 5282 arbor
773 5225 1013 5280 scientia:
1066 5225 1190 5280 boni
1252 5236 1306 5280 et
1358 5225 1509 5290 mali,
1555 5233 1608 5278 et
1644 5223 2001 5293 quamobrem
2050 5237 2117 5276 eo

541 5319 767 5374 nomine
827 5318 1130 5388 appellata,
1193 5332 1302 5370 una
1375 5331 1499 5370 cum
1559 5315 1682 5370 aliis
1734 5314 1854 5383 ejus
1903 5315 2119 5382 generis

545 5411 850 5468 rationibus
882 5426 1043 5479 supra
1074 5425 1107 5464 a
1144 5410 1301 5463 nobis
1331 5409 1466 5464 satis
1491 5407 1816 5476 explicatum
1845 5422 1860 5460 :
1909 5405 1976 5458 Et
2011 5407 2118 5474 ﬂu-

539 5507 654 5560 uius
686 5504 1054 5574 egrediebatur
1083 5518 1147 5556 ex
1174 5500 1317 5556 Edeu
1343 5511 1399 5555 ut
1445 5500 1640 5571 rigaret
1681 5499 2012 5568 paradisum.
2058 5497 2121 5550 Et

2223 1920 2429 1976 Nomen
2459 1923 2612 1975 unius
2641 1919 2860 1987 Phison,
2884 1923 3024 1976 is'est
3053 1922 3352 1992 qui'circuit
3382 1921 3678 1973 uniuersam
3707 1930 3812 1972 ter-

2221 2031 2336 2069 ram
2376 2014 2599 2068 llariltc.
2655 2013 2864 2068 Nomen
2923 2014 3091 2084 igitur
3123 2014 3287 2068 utrius
3341 2013 3537 2067 horum
3567 2023 3809 2082 quatuor

2219 2107 2510 2160 ﬂuviorum
2543 2119 2625 2159 est
2654 2106 2892 2170 Phison;
2925 2108 3040 2160 sive
3067 2144 3080 2170 ,
3117 2114 3172 2158 ιιι
3195 2103 3418 2158 Graecus
3449 2109 3618 2167 vocat,
3653 2101 3800 2169 Dija-

2221 2201 2304 2256 bis
2337 2218 2350 2254 :
2381 2201 2473 2270 qui
2505 2199 2704 2254 ﬂuvius
2758 2211 3046 2270 postquam
3099 2199 3323 2254 avulsus
3357 2198 3426 2252 ab
3466 2198 3557 2251 illo
3595 2195 3804 2264 majore

2218 2301 2272 2347 et
2310 2295 2569 2362 primario
2597 2293 2912 2363 paradisum
2943 2293 3217 2364 pelluente
3239 2294 3342 2356 ,in
3371 2301 3680 2360 terramque
3708 2289 3809 2343 de-

2222 2401 2438 2441 mersus
2495 2395 2599 2452 est,
2655 2387 2759 2440 sub
2800 2387 2932 2456 ipsis
2978 2388 3143 2441 etiam
3204 2387 3403 2440 Oceani
3459 2387 3610 2440 vadis
3652 2383 3809 2449 ‘ﬂuit,

2219 2479 2392 2533 donec
2438 2479 2706 2533 ebulliens
2749 2489 3070 2548 prorumpat
3115 2479 3182 2533 'in
3234 2478 3570 2534 occidentem
3597 2518 3612 2543 ,
3665 2477 3814 2530 unde

2219 2584 2413 2624 versus
2467 2571 2895 2640 septentrionem
2935 2585 3195 2642 regyrans
3233 2572 3504 2626 delabitur
3550 2586 3645 2641 per
3682 2571 3817 2622 uni-

2219 2675 2432 2713 versant
2503 2661 2779 2730 regionem
2841 2659 3096 2716 ludorum
3158 2661 3341 2730 (quant
3408 2669 3568 2714 vocat
3630 2658 3817 2713 Moses

2219 2762 2416 2808 terram
2439 2755 2688 2821 Harii-aa),
2713 2769 2774 2808 ac
2807 2755 3020 2808 tandem
3042 2753 3240 2808 desinit
3273 2754 3327 2807 in
3361 2767 3511 2807 mare
3537 2751 3817 2808 Indicum.

2221 2843 2358 2898 Sunt
2388 2855 2567 2900 autem
2615 2846 2708 2915 qui
2753 2854 2942 2914 putent
3000 2843 3202 2898 Phison
3253 2845 3582 2914 appellatum
3618 2858 3751 2898 esse
3786 2857 3816 2896 a

2219 2937 2385 2990 verbo
2417 2935 2710 3008 Phas(l6),
2740 2948 3022 3007 propterea
3054 2937 3190 3004 quod
3214 2944 3386 2991 cesset
3408 2951 3438 2989 a
3457 2935 3621 2990 ﬂuctu
3653 2951 3819 3005 aspc-

2219 3030 2426 3096 ctabili,
2457 3031 2657 3101 quippe
2684 3030 2774 3100 qui
2809 3031 2908 3084 sub
2934 3029 3118 3082 tnultis
3153 3029 3355 3099 pelagis
3384 3028 3646 3096 inajmeat
3683 3043 3818 3080 curv-

2221 3134 2314 3173 Stts
2345 3119 2430 3173 sui
2470 3129 2672 3188 partem
2707 3127 2948 3188 peragat.
2979 3117 3047 3170 Et
3081 3117 3152 3170 ibi
3183 3129 3256 3171 est
3292 3133 3506 3179 aurum,
3538 3126 3586 3169 et
3617 3134 3814 3169 aurum

2224 3210 2338 3280 ejus
2387 3221 2542 3264 terrm
2592 3219 2848 3272 pra-stans
2893 3219 3001 3272 est;
3049 3207 3126 3260 ibi
3184 3206 3466 3270 Redolaili,
3516 3215 3568 3260 et
3609 3208 3814 3276 lapides

2224 3303 2444 3360 Berilli.
2482 3302 2688 3357 Ferunt
2728 3303 2780 3356 itt
2836 3308 3095 3372 pleraque
3140 3300 3313 3368 hujus
3353 3299 3593 3354 ﬂuminis
3643 3313 3807 3353 arena

2225 3407 2388 3466 atque
2422 3396 2474 3450 itt
2530 3395 2644 3465 ipsa
2680 3395 2819 3464 ripa,
2856 3410 3047 3450 aurum
3082 3394 3312 3463 probum
3350 3392 3810 3460 admirandasque

2225 3488 2554 3559 margaritas
2601 3488 2839 3543 ubertim
2889 3487 3135 3557 reperiri.
3171 3484 3455 3541 Hebr-tenui
3489 3486 3656 3550 enim,
3709 3483 3814 3538 Be-

2226 3580 2437 3644 dolath,
2471 3597 2709 3650 gemmas
2769 3591 2961 3646 vocat;
2999 3578 3228 3634 Berillos
3262 3593 3412 3639 vero,
3448 3577 3652 3647 lapides
3683 3593 3813 3646 pre-

2225 3673 2420 3728 tiosos.
2452 3673 2578 3737 Alii,
2616 3671 2902 3738 Bedolath,
2938 3673 3200 3727 candidas
3238 3673 3468 3726 uniones
3493 3669 3806 3739 significare

2225 3763 2580 3829 existimant;
2643 3761 2874 3818 Berillos
2929 3779 3079 3829 vero,
3144 3764 3358 3826 sardos,
3425 3762 3681 3831 topazios,
3747 3767 3802 3810 tt

2225 3865 2451 3910 caeteras
2487 3856 2539 3909 id
2576 3869 2747 3926 genus
2776 3872 3041 3926 gemmas.
3083 3858 3149 3909 Et
3172 3871 3367 3908 nomen
3410 3853 3558 3922 ﬂuvii
3590 3851 3811 3906 secundi

2226 3945 2428 4013 Gilion;
2462 3947 2507 4000 is
2546 3958 2622 4000 est
2667 3965 2754 4018 qui
2795 3949 2983 4001 circuit
3031 3963 3233 4002 onmem
3278 3958 3473 4001 terram
3504 3946 3668 4000 Chus.
3711 3942 3823 3998 Se»-

2223 4040 2434 4094 cuudus
2463 4039 2663 4094 ﬂuvius
2697 4056 2893 4095 nomen
2927 4041 3091 4095 habet
3122 4039 3326 4094 Gilton.
3359 4039 3583 4094 Grtecus
3616 4036 3815 4090 Nilum

2223 4132 2492 4202 appellat:
2532 4131 2622 4186 alii
2647 4131 2854 4186 'Sichor
2886 4131 3183 4186 vocant.Et
3215 4133 3302 4185 hic
3332 4145 3549 4202 quoque
3576 4127 3812 4186 ﬂuvius.

2223 4236 2282 4279 ut
2337 4235 2616 4294 separatus
2671 4235 2753 4278 est
2803 4225 2872 4278 ab
2921 4225 3015 4278 illo
3065 4225 3295 4294 majore,
3375 4223 3478 4278 sub
3528 4220 3817 4277 Oceanunt

2222 4316 2524 4382 descendit,
2557 4315 2732 4371 donec
2763 4307 3394 4384 scaturigine'evomitur
3419 4315 3475 4367 in
3508 4314 3659 4383 plaga
3697 4319 3824 4367 Att-

2223 4408 2397 4472 strali,
2463 4417 2626 4478 atque
2690 4423 2890 4479 gyrans
2940 4408 3141 4477 perluit
3192 4416 3393 4463 terram
3441 4407 3822 4461 Chussiorum

2152 4521 2195 4576 ο
2225 4499 2518 4568 (Ethiopas
2570 4498 2853 4567 vocamus)
2916 4508 2969 4552 et
3017 4497 3417 4570 Egyptiorum,
3475 4497 3825 4566 tandemque.

2223 4589 2428 4642 desinit
2475 4589 2527 4641 in
2547 4603 2701 4642 mare
2734 4588 3109 4652 Adriaticum,
3155 4587 3303 4658 quod
3347 4596 3432 4641 est
3474 4586 3617 4655 apud
3641 4584 3828 4656 A113)"-

2220 4691 2397 4749 ptum.
2427 4679 2696 4734 Caeterum
2741 4695 2941 4735 nomen
2987 4679 3218 4734 Gihonis
3258 4679 3495 4734 obtinuit
3525 4693 3554 4731 a
3591 4679 3828 4732 ﬂuendo

2225 4785 2348 4823 cum
2378 4771 2760 4837 inundatione;
2786 4771 2884 4826 hac
2905 4771 3078 4837 enim,
3102 4771 3216 4840 ripa
3243 4786 3343 4847 sua
3367 4769 3824 4842 supergrediens,

2225 4863 2414 4932 irrigat
2467 4873 2640 4918 terras
2688 4864 2789 4918 sibi
2827 4864 3302 4934 circumjaceutes.
3336 4862 3405 4916 Et
3444 4877 3632 4917 nomen
3656 4859 3824 4932 [lxvii

2223 4955 2370 5006 tertii
2403 4952 2607 5018 Diltlat,
2638 4956 2726 5023 qui
2757 4955 2796 5007 it
2825 4954 3075 5009 adversus
3100 4956 3292 5009 Assur.
3329 4953 3568 5019 Quarta:
3584 4948 3823 5017 denique

2229 5046 2424 5113 ﬂuvius
2478 5055 2556 5100 est
2613 5046 2830 5102 l’erat/i.
2893 5047 3070 5103 Diklat
3129 5047 3428 5117 appellatus
3478 5049 3562 5094 est
3612 5041 3823 5097 tertius

2227 5135 2446 5201 ﬂuvius,
2479 5138 2624 5206 quod
2654 5139 2993 5208 impetuosus
3036 5151 3102 5193 ac
3141 5131 3359 5200 rapidus
3391 5144 3611 5185 sursum
3641 5129 3822 5184 deor-

2227 5243 2348 5283 sum
2390 5227 2596 5283 t'eratur
2625 5231 2782 5299 quasi
2825 5230 2986 5284 homo
3013 5221 3288 5277 violentus
3338 5236 3401 5276 ac
3433 5221 3672 5276 fervidus
3706 5223 3819 5292 qui

2228 5321 2292 5374 ad
2320 5322 2744 5389 perrumpendas
2764 5315 3044 5384 angustias
3066 5315 3277 5385 aliquas
3303 5330 3448 5369 nunc
3471 5329 3530 5369 se
3545 5314 3815 5384 subrigit,

2229 5423 2376 5462 nunc
2443 5403 2700 5457 demittit.
2757 5402 2995 5468 Quartus
3060 5403 3295 5472 denique
3349 5400 3549 5456 ﬂuvius
3598 5402 3819 5456 dicitur

2228 5495 2449 5561 Peratb,
2488 5494 2618 5565 quia
2650 5492 3076 5550 fecundissimus
3110 5501 3211 5548 est.
3245 5491 3311 5546 Et
3336 5491 3389 5544 lii
3440 5505 3658 5562 quoque
3690 5491 3818 5547 duo

618 5711 731 5780 (10)
765 5709 1409 5790 Phison,superiuscap.
1437 5710 1528 5775 2t,
1555 5709 1689 5769 dixit
1718 5709 1903 5767 Graece
1962 5702 2145 5766 vocari
2186 5703 2394 5773 Diiabis
2444 5720 2541 5775 per
2577 5714 2829 5760 quartam
2903 5705 3140 5760 vocalem
3182 5705 3235 5761 in
3292 5703 3530 5762 secunda
3565 5701 3808 5790 syllaba,
3863 5773 3870 5778 I

540 5772 942 5845 Plias,'cessare
971 5772 1238 5850 significat
1274 5772 1447 5849 Syris.
