4086 6420
314 402 423 472 b2)

1488 411 1601 473 DE.
1626 410 2013 475 PARADISG
2072 432 2140 445 -
2184 406 2375 467 PARS
2415 404 2469 465 Ῑ.

3499 388 3608 454 530

326 523 470 580 ﬂuvii
496 523 665 580 simul
697 532 861 595 atque
887 525 1274 581 derivatisimt
1302 527 1371 582 ab
1396 527 1492 582 illo
1515 526 1909 597 principaliore
1940 516 2125 585 Adllic
2149 522 2295 576 haud
2324 519 2420 573 diu
2454 515 2680 582 mansit,
2715 528 2841 576 sua,
2867 525 2986 567 non
3000 506 3292 567 Elfectoris
3322 506 3407 563 sui
3442 505 3600 575 culpa

325 615 587 671 nurnine:
618 615 863 686 absorpti
893 617 997 671 sub
1020 615 1322 683 Oceanum,
1355 619 1575 673 tandem
1608 618 1901 688 prosiliunt

326 708 377 761 in
413 707 598 762 medio
635 717 903 763 terrarum
934 708 1084 768 orbe.
1126 710 1366 767 fontibus
1401 726 1514 766 non
1547 710 1736 780 procul
1766 710 1906 763 inter

322 816 379 853 se
399 797 685 864 dissipatis
714 814 780 855 ac
804 800 1044 870 prolapsi
1081 801 1338 857 desinunt
1383 802 1622 857 inamare
1650 801 1907 858 Australe

326 888 498 957 ipsius
525 889 736 945 Bosrae.
764 889 931 945 Porro
957 891 1131 947 Assur
1164 902 1323 948 vocat
1351 894 1627 964 regionem
1660 893 1819 948 Attur
1854 900 1910 946 et

323 978 701 1036 Ninevitarum
734 997 796 1037 ac
826 980 1187 1051 Bethgarme,
1229 984 1447 1054 aliaque
1476 986 1908 1054 circumquaque

324 1073 404 1128 his
428 1075 744 1142 adjacentia
775 1074 915 1130 loca.
944 1074 1049 1130 Sed
1071 1076 1223 1130 enim
1238 1083 1492 1146 quaerunt
1516 1077 1605 1132 hic
1632 1076 1905 1141 homines,

322 1164 416 1233 qui
453 1165 629 1235 possit
665 1166 779 1220 fieri
814 1176 873 1220 ιιι
903 1166 956 1219 1ιί
989 1165 1403 1236 quatuorﬂuvii
1439 1167 1658 1223 veniant
1685 1182 1715 1222 e
1744 1182 1909 1237 param

324 1253 449 1310 diso
474 1296 491 1320 ,
521 1266 576 1311 et
611 1256 865 1327 absorpti
885 1257 987 1312 sub
1015 1257 1291 1315 Oceanum
1337 1259 1476 1315 intra
1511 1268 1670 1314 terra-
1699 1260 1909 1315 viscera

328 1357 533 1412 mrent,
566 1363 628 1402 ac
656 1349 872 1402 tamlem
900 1357 1200 1420 emergant,
1240 1348 1699 1421 ell‘nndanturque
1722 1351 1775 1405 in
1810 1351 1912 1405 bac

330 1443 528 1491 nostra
545 1436 724 1490 terra!
759 1433 959 1489 Verum
1004 1436 1145 1492 hanc
1171 1437 1552 1506 qtttestionem,
1588 1449 1643 1494 et
1671 1439 1791 1507 ejus
1817 1455 1913 1509 geo

323 1528 472 1583 neris
523 1528 664 1583 alias
707 1527 819 1596 jam
866 1529 999 1583 satis
1040 1529 1413 1587 dissolvimus.
1475 1530 1673 1587 Porro.
1701 1531 1913 1597 Moses,

323 1615 597 1685 explicata
630 1616 945 1670 narratione
973 1631 1162 1671 earum
1194 1634 1379 1673 rerum
1414 1634 1535 1691 qum
1567 1619 1633 1674 ad
1671 1620 1908 1689 paradisi

324 1704 539 1762 laudem
600 1701 1174 1774 magniﬁcentiamque
1205 1724 1218 1760 :
1255 1706 1381 1761 item
1432 1721 1619 1762 earum
1671 1724 1792 1778 qna:
1848 1708 1913 1764 ad

328 1792 537 1847 numen
560 1791 753 1859 ingens
783 1806 893 1861 quo
932 1791 1020 1849 ille
1055 1793 1263 1864 rigatur
1296 1812 1311 1849 :
1347 1795 1584 1866 denique
1611 1796 1679 1851 ad
1699 1797 1916 1863 seduli-

2013 615 2215 670 evenit.
2242 610 2586 681 Quod-porro
2606 605 2881 676 sequitur:
2898 601 2976 659 .Ut
2997 617 3117 657 eum
3142 600 3334 655 coleret
3358 609 3407 652 et
3433 609 3616 651 custo-

2013 707 2184 770 diret,
2219 718 2452 776 quanam
2506 699 2773 756 sententia
2834 697 2938 752 erit
2972 693 3392 765 accipiendum?
3457 690 3616 745 Nunc

2016 798 2151 870 quid
2184 795 2471 868 paradisus
2503 793 2713 848 cultore
2743 789 3042 861 egebat,.in
3071 803 3182 858 quo
3214 786 3414 843 silvosa
3441 785 3616 863 senti;

2015 903 2253 959 eosaque
2272 886 2530 943 materies
2551 900 2658 942 non
2682 881 3101 957 succrescebati
3122 882 3238 937 haec
3260 879 3406 935 enim
3430 887 3617 949 postea

2015 998 2112 1053 per
2139 980 2571 1037 exsecrationem
2591 977 2775 1047 .coepit
2806 976 2859 1030 in
2883 990 2946 1031 ea
2983 985 3307 1044 terra,.qua:
3330 982 3483 1028 extra
3514 986 3614 1039 pa-

2019 1072 2263 1127 radisum
2312 1080 2464 1137 erat,
2504 1070 2710 1124 enasci.
2745 1066 3015 1122 Praeterea
3043 1066 3139 1137 qui
3185 1065 3363 1135 potuit
3407 1064 3621 1118 cultore

2018 1178 2177 1233 opus,
2218 1163 2421 1219 habere
2474 1160 2803 1233 paradisus,
2837 1156 3280 1227 omnis‘generis
3323 1155 3616 1210 arboribus

2018 1253 2344 1310 abundans?
2405 1252 2641 1323 denique
2703 1249 2980 1322 quomodo
3033 1248 3332 1310 coluisset.
3377 1245 3600 1318 quando

2020 1359 2199 1416 neque
2227 1344 2467 1410 sarcula,
2515 1359 2708 1414 nequa:
2759 1357 2960 1413 scopae,
2990 1348 3086 1395 aut
3139 1339 3371 1394 alterius
3402 1342 3618 1407 generis

2024 1437 2388 1492 instrumenta
2415 1434 2641 1491 cultura:
2665 1433 2805 1489 facta
2847 1439 3041 1488 erant‘.‘
3072 1431 3355 1486 Similiter
3378 1445 3613 1500 quormn

2024 1528 2259 1584 habebat
2284 1529 2538 1584 custodia
2563 1541 2703 1597 opus
2735 1525 3044 1596 paradisus,
3072 1539 3203 1578 cum
3226 1522 3357 1577 nulli
3383 1537 3614 1590 usquam

2023 1625 2355 1681 exsisterent
2400 1622 2557 1694 egeni
2603 1619 2892 1675 homines?
2930 1617 3072 1684 Quid
3109 1614 3619 1685 ergossibi‘volunt

2024 1717 2114 1772 ilia
2143 1716 2328 1772 verba:
2368 1713 2438 1769 Ut
2485 1713 2676 1768 coleret
2727 1718 2793 1765 et.
2820 1708 3146 1764 custodiret?
3200 1706 3618 1778 Respondemus

2027 1821 2135 1861 non
2170 1806 2224 1861 id
2275 1803 2582 1876 signiﬁcare
2630 1800 2915 1882 fodiendae
2964 1798 3038 1853 illi
3082 1797 3253 1853 fuisse
3306 1797 3530 1852 scrobes
3560 1796 3613 1848 in

334 1891 508 1938 tatem
539 1881 629 1938 Dei
665 1881 973 1940 conditoris
1018 1883 1163 1942 illius
1203 1894 1366 1952 atque
1394 1888 1594 1942 satoris
1623 1899 1871 1959 spectant
1903 1907 1917 1943 :

2026 1898 2222 1970 quibus
2242 1897 2458 1968 plantas
2483 1881 2818 1958 consereret,
2846 1897 2905 1945 ut
2924 1888 3049 1946 Noe.
3066 1888 3283 1943 vineam
3306 1929 3320 1954 ,
3345 1893 3440 1940 aut
3470 1885 3617 1938 labo-

341 1973 537 2027 transit
576 1972 638 2028 ad
679 1973 974 2029 dicendurm
1004 1977 1071 2031 de
1103 1976 1327 2033 inducto
1354 1979 1565 2036 Adamo
1595 1981 1647 2035 in
1696 1982 1915 2052 paradi-

334 2078 454 2116 sum
480 2063 561 2119 bis
589 2065 769 2121 verbis
799 2084 815 2117 -.
848 2064 914 2119 Et
948 2070 1149 2136 accepit
1178 2068 1598 2127 DominusDeus
1623 2072 1913 2137 Adamum,

324 2163 378 2208 et
393 2156 572 2223 posuit
600 2156 775 2224 ipsum
814 2157 865 2211 in
890 2160 1143 2227 paradiso
1176 2159 1345 2217 Eden.
1372 2162 1494 2229 Quo
1532 2164 1718 2228 habitu
1750 2182 1918 2236 appa-

318 2246 501 2301 ruerit
530 2247 933 2314 Deus'Adamo,
965 2249 1204 2307 diximus
1243 2270 1440 2323 nuper.
1499 2253 1619 2309 Jam
1655 2271 1783 2312 vero
1820 2258 1921 2313 hoc

322 2336 629 2395 ridendum
655 2350 760 2405 εει,
783 2343 947 2410 unde,
973 2353 1028 2400 et
1049 2360 1159 2415 quo
1184 2347 1466 2402 sustulerit
1493 2349 1670 2419 ipsum
1700 2352 1922 2419 quando

320 2428 617 2498 Scriptura
652 2430 725 2485 ait
758 2448 773 2487 :
803 2431 873 2486 Et
919 2437 1117 2503 accepit
1151 2435 1408 2493 Dominus
1448 2438 1585 2493 Deus
1631 2439 1919 2496 Arionium.

320 2519 500 2588 igitur
530 2522 754 2593 quidam
789 2536 983 2596 putant
1006 2543 1067 2583 ex
1105 2526 1403 2586 Jerusalem
1439 2532 1925 2589 sublatum-trans-

319 2614 521 2669 tulisse
550 2615 603 2668 in
639 2616 954 2687 paradisum
988 2637 1001 2673 :
1041 2636 1165 2674 nam
1201 2621 1253 2675 in
1282 2619 1586 2678 Jerusalem
1627 2622 1919 2680 formatum

317 2720 472 2770 esse,
512 2706 602 2761 ubi
631 2718 684 2762 et
712 2718 939 2764 mortem
976 2713 1140 2765 etiam
1174 2712 1391 2767 obierit.
1439 2713 1544 2769 Alii
1578 2730 1707 2771 vero
1732 2717 1922 2772 existi-

322 2807 477 2850 mant
505 2838 523 2864 ,
573 2814 639 2853 ex
690 2798 817 2854 loco
850 2801 1141 2859 humiliore
1186 2814 1351 2874 atque
1381 2806 1571 2862 viliore
1631 2808 1923 2864 sustulisse

321 2890 380 2943 in
415 2890 600 2946 locum
632 2894 920 2951 sublimem
951 2895 1435 2967 magnificumque,
1488 2907 1543 2954 et
1570 2900 1736 2955 veluti
1767 2916 1923 2957 crea-

327 2990 448 3037 tum
491 2998 523 3037 a
557 2999 618 3039 se
653 3001 833 3056 regem
868 2986 1151 3043 induxisse
1182 2989 1236 3043 in
1284 2991 1522 3061 regalem
1573 2993 1781 3048 sedem.
1819 2993 1924 3049 Sed

321 3090 574 3144 quonam
604 3076 755 3131 illum
787 3080 951 3134 modo
975 3081 1235 3135 sustulit?
1266 3079 1616 3153 Respondent
1642 3085 1922 3153 nonnulli,

321 3166 379 3220 id
417 3168 568 3238 quod
605 3168 882 3240 Scriptura
925 3171 1038 3227 ait:
1075 3171 1139 3238 Et
1180 3176 1383 3245 accepit
1406 3218 1420 3244 ,
1453 3177 1591 3231 nihil
1628 3177 1773 3233 aliud
1809 3179 1914 3235 sibi

322 3259 467 3313 velle
494 3274 662 3328 quam
694 3260 863 3317 Deum
898 3264 1104 3321 dixisse
1143 3267 1208 3321 ad
1253 3268 1404 3323 illum
1436 3286 1450 3322 :
1478 3268 1605 3335 Abi,
1634 3272 1924 3342 ipsumque

321 3351 597 3407 continuo
650 3353 956 3422 profectmn
999 3372 1141 3413 esse.
1191 3359 1294 3415 Sed
1346 3360 1431 3415 his
1484 3362 1757 3430 objiciunt
1804 3363 1922 3430 alii,

326 3439 604 3496 incertum
634 3443 805 3499 fuisse
826 3446 1060 3513 Adamo,
1098 3448 1260 3514 unde,
1287 3460 1341 3506 et
1367 3466 1476 3520 quo
1499 3451 1654 3506 abire
1678 3453 1922 3508 deberet.

325 3527 546 3594 Quibus
575 3529 649 3583 illi
677 3532 1027 3601 respondent.
1056 3535 1158 3604 ipsi
1184 3536 1236 3589 in
1269 3547 1504 3593 mentem
1536 3539 1757 3596 venisse
1780 3543 1925 3597 unde

324 3630 383 3697 et
409 3635 526 3688 quo
544 3622 861 3676 abeundum
896 3624 1021 3692 sibi,
1049 3634 1214 3696 atque
1241 3628 1332 3683 ubi
1362 3629 1719 3688 habitandum
1749 3641 1921 3698 esset,

328 3709 496 3764 sicuti
555 3711 672 3767 \isa
728 3714 1009 3784 prophetis
1057 3716 1234 3773 solent
1287 3720 1530 3777 evenire.
1582 3720 1786 3777 Verum
1831 3723 1925 3778 alii

329 3802 546 3855 malunt
583 3802 924 3870 existimare,
996 3806 1161 3861 Deum
1200 3809 1410 3865 Adamo
1458 3810 1694 3868 humana
1745 3814 1929 3882 specie

336 3890 683 3959 apparuisse,
727 3892 1023 3963 ipsumque
1067 3896 1472 3965 apprehensum
1524 3905 1927 3968 transportasse

341 3979 396 4033 in
421 3983 762 4051 paradisum.
791 3985 897 4039 Sed
924 3985 1074 4042 dices
1098 4005 1111 4041 :
1141 3987 1257 4042 sive
1281 4004 1378 4058 per
1404 3989 1602 4046 mentis
1630 3990 1924 4057 visionem,

336 4072 453 4129 sive
483 4091 583 4146 per
616 4076 914 4131 humanam
959 4078 1183 4149 figuram
1234 4081 1310 4135 illi
1360 4082 1710 4151 apparuerit;
1761 4093 1928 4155 atque

332 4164 410 4220 ita
448 4168 814 4232 transtulerit,
848 4185 1045 4240 magno
1076 4170 1253 4228 fuisse
1288 4188 1428 4243 opus
1457 4175 1718 4244 temporis
1748 4178 1927 4246 spatio

334 4258 405 4310 ad
458 4259 570 4313 iter
616 4259 721 4315 hoc
753 4261 1178 4317 conﬁciendum.
1229 4262 1401 4334 igitur
1433 4275 1617 4321 nostra
1653 4269 1925 4323 sententia

334 4359 441 4417 est,
480 4349 653 4403 Deum
695 4351 962 4410 formasse
986 4355 1253 4410 Adamum
1284 4364 1435 4411 extra
1471 4359 1810 4428 paradisum,
1842 4369 1929 4416 at-

338 4457 447 4524 que
473 4442 631 4497 illinc
655 4455 934 4515 arreptum
961 4447 1272 4503 sustullisse
1298 4448 1350 4505 in
1376 4450 1713 4521 paradisum,
1744 4452 1930 4524 ibique

2026 1991 2195 2047 riosis
2218 1989 2399 2060 ipsum
2422 1985 2802 2043 instrumentis
2826 1981 3100 2053 operando
3124 1979 3425 2033 molestiam
3451 1976 3614 2031 ullam

2021 2080 2204 2137 subire
2219 2079 2495 2144 debuisse,
2518 2077 2613 2134 sed
2635 2076 2687 2131 in
2711 2090 2776 2130 eo
2795 2075 3029 2144 positum
3047 2070 3218 2126 fuisse
3240 2069 3444 2124 cultum
3465 2067 3615 2122 illum

2022 2179 2083 2227 ut
2121 2170 2462 2235 inibilocum
2488 2166 2594 2223 sibi
2631 2180 2729 2235 pro
2747 2162 3091 2218 habitatione
3119 2168 3350 2229 aptaret,
3390 2158 3618 2226 viasque
3648 2192 3655 2197 .

2022 2276 2086 2316 ac
2138 2260 2363 2316 semitas
2429 2259 2630 2329 quibus
2684 2254 2973 2311 commode
3022 2260 3210 2321 posset
3236 2249 3643 2312 obambulare,‘

2021 2352 2394 2422 complanaret
2416 2390 2432 2415 ,
2487 2365 2557 2405 ne
2587 2347 2799 2404 scilicet
2846 2347 3057 2401 otiosus
3087 2353 3262 2399 esset:
3296 2342 3513 2412 quando
3548 2356 3614 2396 cx

2031 2447 2145 2500 otio
2177 2444 2409 2515 plurima
2436 2452 2772 2499 enascantur
2796 2441 2961 2502 mala,
2994 2438 3309 2509 juxtaillud
3341 2435 3619 2505 Sapientis

2022 2537 2307 2608 cujusdam
2346 2553 2361 2592 :
2397 2536 2582 2591 Otium
2637 2534 2850 2590 malum.
2901 2542 3025 2598 est,
3093 2541 3148 2587 et
3185 2530 3430 2585 fraudem
3481 2528 3625 2598 parit

2025 2629 2261 2699 pigritia.
2324 2627 2387 2682 lit
2438 2628 2601 2683 divus
2647 2624 2848 2681 Paulus
2880 2625 3010 2682 dicit
3049 2641 3063 2680 :
3101 2623 3226 2677 Nisi
3263 2621 3414 2675 aliud
3452 2637 3613 2692 qtiaat

2023 2721 2193 2774 otium
2233 2728 2447 2790 agentes
2468 2720 2537 2775 "‘.
2574 2717 2639 2772 Et
2668 2718 2796 2773 alibi
2819 2719 2917 2779 ait,
2948 2714 3213 2787 quasdam
3249 2712 3482 2768 feminas
3507 2727 3621 2766 nunc

2024 2809 2200 2865 solum
2230 2809 2435 2864 Otiosas
2463 2823 2607 2873 esse,
2626 2822 2834 2875 .verum‘
2863 2806 3025 2861 etimit
3056 2802 3422 2874 quarumdam
3445 2800 3621 2856 mala-

2026 2919 2146 2959 rum
2179 2918 2360 2958 rerum
2401 2901 2748 2958 occasionem
2793 2901 2925 2956 dare
2943 2899 3011 2953 ".
3048 2896 3340 2960 Caeterum,
3375 2893 3521 2963 (piod
3550 2895 3623 2949 de

2027 2993 2385 3051 Custodiendo
2436 2993 2696 3064 paradiso
2749 2991 2958 3048 dictum
3002 2999 3106 3054 est,
3137 2989 3190 3044 id
3236 2988 3304 3042 ad
3352 2987 3621 3042 arcendas

2028 3083 2152 3139 inde
2176 3083 2381 3138 bestias
2410 3090 2651 3149 spectat;
2682 3079 2918 3152 paradisi
2961 3079 3105 3134 enim
3155 3079 3329 3132 vinea:
3365 3076 3619 3145 hortique

2029 3176 2119 3231 alii
2146 3176 2365 3246 quando
2401 3178 2471 3230 ab
2504 3174 2819 3231 hominibus
2867 3172 3085 3229 deserti.
3114 3180 3363 3234 manent,
3393 3170 3622 3247 concul-

2030 3276 2247 3330 cantur,
2280 3268 2778 3339 opprimunturque
2802 3282 2830 3320 a
2874 3265 3026 3321 feris.
3052 3265 3225 3335 Igitur
3262 3273 3315 3317 ct
3344 3264 3527 3318 colere
3550 3246 3622 3323 iet

2029 3357 2334 3421 custodire,
2379 3358 2444 3413 ad
2495 3374 2683 3413 curam
2722 3356 3075 3411 habitationis
3122 3355 3316 3411 Adami
3371 3364 3621 3425 spectat;

2029 3466 2206 3520 neque
2255 3450 2400 3504 enim
2456 3450 2522 3505 ad
2575 3451 2833 3519 exiguum
2869 3449 3136 3505 duntaxat
3170 3457 3387 3517 tempus
3433 3448 3621 3501 datum

2029 3540 2208 3596 fuerat
2241 3541 2290 3597 ei
2325 3543 2456 3597 illud
2513 3543 2856 3599 domicilium
2898 3544 2952 3598 in
2986 3557 3096 3612 quo
3133 3548 3393 3603 maneret,
3431 3540 3523 3594 sed
3553 3539 3622 3594 ad

2029 3631 2352 3685 diuturnum
2398 3631 2754 3703 longumque.
2789 3630 3016 3701 Insuper
3059 3629 3167 3683 huc
3195 3642 3416 3697 quoque
3443 3628 3625 3685 cultus

2030 3719 2121 3774 ille
2149 3728 2203 3773 et
2232 3720 2478 3774 custodia
2514 3719 2822 3789 pertinent,
2858 3726 2915 3770 ut
2964 3724 3109 3772 esset
3136 3715 3379 3771 Adamus
3410 3715 3536 3784 vigil
3572 3726 3628 3768 et

2027 3818 2246 3875 cautus;
2267 3820 2698 3881 agnoscerctqne
2715 3820 2994 3875 parentem
3013 3822 3174 3862 suum
3192 3822 3257 3861 ex
3283 3806 3413 3875 ipsis
3428 3805 3626 3874 plantis

2030 3902 2412 3971 fructibusque
2442 3900 2704 3971 paradisi,
2741 3900 3120 3954 ccutcolonns
3161 3899 3468 3967 plantarum
3519 3898 3623 3953 im-

2032 3992 2350 4049 mortalium
2386 4011 2401 4050 :
2438 3993 2544 4048 hoc
2591 4002 2675 4048 cst
2724 3991 3032 4046 divinarum
3093 3991 3527 4061 cogitationum,
3566 4001 3627 4046 ut

2030 4084 2108 4141 ait
2137 4084 2435 4154 Gregorius
2471 4082 2808 4153 Theologus.
2849 4082 3096 4152 Denique
3146 4083 3254 4136 illis
3282 4082 3495 4136 colendi
3524 4098 3633 4138 (ιιι-ν

2031 4176 2416 4248 stodiendique
2448 4176 2637 4232 verbis
2676 4176 2988 4232 ostenditur
3018 4175 3183 4230 etiam
3209 4215 3226 4241 ,
3276 4175 3433 4244 longe
3466 4176 3627 4229 aliter

2034 4271 2286 4327 homines
2314 4270 2481 4325 vitam
2519 4284 2675 4326 suam
2709 4269 2995 4325 instituere
3026 4267 3228 4323 debere
3257 4282 3422 4338 quam
3460 4281 3626 4336 pecu-

2034 4365 2133 4421 des
2171 4362 2403 4419 rationis
2443 4371 2697 4432 expertes
2745 4362 2991 4432 degant:
3030 4362 3112 4415 lia:
3156 4361 3304 4416 enim
3343 4360 3409 4415 ad
3441 4361 3628 4415 colen-

2034 4450 2164 4508 dum
2224 4449 2754 4520 custodiendumque
2815 4448 3131 4519 paradisum
3214 4447 3437 4502 minime
3495 4455 3626 4502 sunt

339 4533 1083 4638 dimisissemaeterum'eo
1134 4540 1412 4610 accepisse
1473 4543 1658 4608 modo,
1710 4558 1823 4614 que
1871 4554 1932 4600 et
1962 4544 2356 4638 Ddestinatae;
2412 4541 2507 4599 sed
2555 4544 2718 4598 homo
2769 4549 2856 4597 est
2903 4541 3050 4595 illius
3097 4539 3277 4595 cultor
3322 4548 3376 4593 cl
3437 4547 3629 4594 custos

340 4622 570 4692 Enovh,
613 4636 667 4682 et
697 4627 1026 4700 Philippum.
1062 4629 1197 4686 Nam
1235 4641 1295 4687 ut
1335 4633 1403 4689 de
1446 4632 1629 4690 Enoch
1663 4637 1928 4706 scriptum

343 4725 526 4771 exstat
557 4735 571 4771 :
608 4717 677 4772 Et
703 4719 825 4773 tulit
852 4721 1026 4791 ipsum
1050 4721 1191 4777 Deus
1211 4724 1294 4790 ⁶⁹;
1353 4723 1591 4795 itemque
1626 4723 1877 4797 Philippo
1907 4742 1925 4782 :

357 4809 421 4860 tt
453 4808 690 4879 Spiritus
725 4810 941 4867 Domini
969 4815 1149 4886 rapuit
1176 4815 1348 4886 ipsum
1371 4816 1466 4870 ὀἰ
1501 4818 1580 4873 sic
1606 4828 1661 4873 et
1690 4820 1925 4875 dicimus

361 4901 623 4957 Adamum
655 4920 778 4960 esse
805 4921 835 4960 a
876 4905 984 4961 Deo
1014 4914 1229 4977 raptum
1261 4923 1325 4964 ex
1358 4924 1423 4964 eo
1459 4909 1582 4966 loco
1612 4926 1720 4981 quo
1749 4910 1929 4969 iuerat

353 4990 640 5059 formatus.
672 5007 840 5068 atque
870 5000 924 5054 in
966 5001 1278 5071 paradisum
1312 5004 1725 5073 transpositum.
1754 5004 1928 5061 Dimi-

347 5087 521 5156 sitque
557 5091 741 5157 ipsum“
773 5093 825 5145 in
876 5092 1129 5161 paradiso
1169 5095 1353 5160 Edon,
1401 5105 1458 5149 ut
1492 5112 1610 5150 eum
1655 5097 1845 5152 coleret
1879 5109 1930 5153 et

345 5177 659 5231 custodiret.
687 5178 763 5232 Eo
783 5183 932 5250 quod
957 5183 1094 5237 dicit
1122 5201 1135 5238 :
1167 5183 1234 5238 Et
1256 5185 1456 5239 dimisit
1482 5186 1655 5255 ipsum
1684 5187 1736 5241 in
1769 5176 1933 5258 paral-

348 5270 485 5336 diso,
522 5268 767 5324 declarat
796 5269 963 5324 Deum
995 5273 1211 5329 sublato
1239 5275 1451 5332 Adamo
1483 5293 1592 5333 non
1619 5279 1929 5335 ostendisse

343 5358 512 5410 modo
542 5357 780 5427 paradisi
832 5358 1294 5427 pulchritudinem
1342 5364 1928 5439 magniﬁcentiamquc,

345 5457 399 5500 et
428 5464 559 5503 mox
590 5447 717 5504 inde
743 5449 1068 5519 abripuisse.
1093 5452 1187 5506 sed
1218 5451 1348 5509 inibi
1380 5454 1588 5523 relicto,
1614 5455 1929 5515 facultatem

344 5541 612 5593 manendi
634 5554 801 5609 seque
819 5540 1126 5599 oblectandi
1148 5544 1467 5613 permisisse
1487 5555 1548 5602 ut
1570 5547 1623 5603 in
1643 5548 1765 5606 loco
1786 5550 1933 5607 illius

344 5634 525 5706 ipsius
579 5635 751 5704 gratia
805 5635 1028 5691 condito
1078 5635 1519 5710 concinnatoque
1558 5655 1574 5694 :
1608 5655 1733 5696 nam
1786 5643 1933 5700 ouod

2034 4635 2375 4707 designatus,
2407 4628 2581 4705 eaque
2617 4634 2681 4689 re
2713 4633 3007 4703 plurimum
3040 4631 3143 4687 iste
3172 4631 3242 4685 ab
3272 4630 3378 4686 illis
3400 4628 3583 4686 dilfert
3604 4669 3621 4694 ,

2033 4730 2180 4801 quod
2221 4729 2400 4797 ipsum
2441 4741 2661 4797 quoque
2692 4726 2823 4780 dum
2860 4723 3136 4777 hominem
3172 4720 3407 4790 pr0priis
3440 4721 3622 4775 mani-

2034 4822 2141 4878 bus
2160 4820 2417 4880 formaret
2439 4818 2603 4883 Deus,
2624 4816 2912 4873 ostendere
2931 4813 3122 4869 voluit.
3142 4812 3312 4869 Porro
3329 4820 3618 4880 postquam

2036 4913 2104 4969 de
2130 4912 2439 4968 introducto
2467 4911 2521 4964 in
2549 4908 2861 4981 paradisum
2887 4906 3099 4963 Adamn
3129 4903 3407 4969 disseruit,
3441 4912 3494 4957 et
3522 4918 3622 4957 cur

2024 4992 2160 5060 eum
2197 5006 2338 5059 Deus
2371 5004 2501 5058 illuc
2531 4999 2847 5065 intulisset,
2874 4994 3621 5067 explicavit,digrediturad

2037 5094 2328 5150 dicendum
2358 5094 2427 5149 de
2462 5093 2579 5161 lege
2609 5090 2683 5144 illi
2716 5088 2970 5159 imposita
3012 5086 3094 5140 his
3120 5085 3304 5141 verbis
3336 5102 3350 5139 :
3385 5083 3453 5140 Et
3484 5101 3618 5155 prato

2039 5185 2175 5254 cepit
2210 5184 2466 5238 Dominus
2509 5180 2650 5236 Deus
2682 5181 2889 5236 Adamo
2912 5222 2926 5246 ,
2950 5179 3309 5250 dixitqueipsi
3334 5189 3356 5231 .'
3392 5177 3471 5232 De
3509 5194 3618 5232 om-

2031 5277 2183 5330 nibus
2222 5274 2502 5329 arboribus
2536 5291 2654 5346 qua:
2684 5283 2805 5329 sunt
2839 5273 2894 5326 in
2932 5272 3208 5343 paradiso,
3238 5269 3440 5325 edendo
3473 5270 3614 5335 cdes;

2034 5378 2088 5422 at
2114 5368 2179 5422 de
2208 5367 2395 5422 arbore
2424 5367 2657 5421 scientia:
2683 5365 2807 5420 boni
2826 5374 2876 5419 et
2908 5363 3041 5419 ntali
3087 5379 3190 5416 non
3222 5361 3341 5416 edes
3388 5362 3451 5414 tle
3480 5361 3615 5427 ipsa.

2036 5459 2151 5516 Iloc
2208 5459 2374 5529 igitur
2420 5468 2504 5514 est
2543 5468 2913 5528 prteceptum,
2975 5458 3090 5510 haec
3138 5455 3221 5508 lex
3261 5465 3424 5521 quam
3478 5450 3620 5504 Deus

2038 5551 2249 5607 Adamo
2281 5550 2564 5620 imposuit,
2592 5564 2659 5604 ne
2683 5549 2873 5604 ederet
2903 5547 2971 5603 de
2994 5546 3194 5601 arbore
3222 5541 3479 5599 scientiae.
3508 5539 3615 5595 Sed

2036 5646 2149 5718 jam
2206 5643 2260 5699 in
2300 5642 2743 5714 disquisitionem
2778 5641 2963 5708 venit,
3001 5647 3133 5710 quot
3181 5634 3357 5692 modis
3403 5633 3617 5691 dicatur

428 5826 475 5857 "
509 5823 646 5880 Gen.
679 5839 733 5891 ιν,
758 5824 849 5881 24.
926 5821 971 5857 τ’
1003 5823 1123 5881 Act.
1151 5837 1266 5893 \‘lll,
1294 5823 1381 5880 59.
1461 5826 1500 5859 ⁷⁸
1534 5825 1577 5882 lt
1611 5823 1804 5883 'l'hcss.
1831 5841 1909 5893 ιιι,
1955 5825 2038 5884 il.
2115 5826 2159 5858 "
2195 5823 2213 5878 l
2244 5825 2384 5880 ’l'im.
2424 5839 2475 5889 v,
2538 5821 2618 5905 l5.
