4086 6398
542 389 642 456 531

1818 387 2047 450 MOSIS
2088 382 2245 446 BAB
2284 385 2534 446 CEPHA

3703 359 3818 426 532

544 513 679 583 legis
708 510 1057 574 vocabulum,
1089 518 1142 564 et
1169 509 1455 580 cuiusnam
1493 506 1712 578 generis
1741 507 1827 561 lex
1863 506 2124 575 imperata
2156 503 2200 559 Α
2227 515 2351 570 quae
2400 501 2612 556 ratione
2662 503 2896 558 vacant,
2938 490 3361 583 haudquaquam
3397 493 3481 539 est
3506 494 3813 583 concessa.

543 604 711 659 fuerit
758 604 998 667 Adamn,
1039 602 1272 672 denique
1310 615 1408 655 cur
1438 600 1603 653 ullam
1656 600 1730 653 illi
1767 599 1907 653 Deus
1951 597 2121 666 legem

541 696 817 752 statuerit.
847 695 1089 750 Dicimus
1119 694 1284 764 igitur
1314 694 1485 763 legem
1519 692 1734 747 duobus
1770 691 1876 745 dici
1907 687 2085 744 modis
2106 728 2122 753 ,

544 789 928 844 universaliter
949 827 965 853 ,
995 796 1049 843 et
1087 786 1489 857 particulariter
1522 803 1535 838 :
1570 784 1719 838 verbi
1771 782 1969 852 gratia,
2000 779 2124 834 uni—

543 880 774 936 versalis
821 881 904 935 lex
950 890 1031 934 est
1090 878 1332 949 cognitio
1368 878 1457 933 illa
1506 877 1766 932 naturalis
1798 890 1921 947 quae
1967 873 2124 927 nobis

547 974 713 1028 insita
741 983 824 1027 est
847 1012 864 1036 ,
898 982 952 1027 et
987 973 1068 1027 vis
1117 972 1317 1042 ingenii
1349 986 1456 1043 qua
1488 971 1800 1041 iudicamus
1843 970 2050 1025 bonum
2091 983 2123 1022 a

546 1064 693 1119 malo
728 1084 741 1118 :
773 1079 892 1119 eam
935 1065 1079 1118 enim
1116 1063 1313 1119 indidit
1354 1063 1498 1120 Deus
1547 1065 1793 1118 omnium
1843 1060 2121 1116 hominum

544 1156 766 1221 animis,
802 1155 1035 1210 laudans
1062 1156 1232 1223 ipsos,
1271 1156 1318 1211 si
1351 1157 1496 1226 quod
1531 1157 1734 1212 bonum
1763 1164 1847 1212 est
1894 1155 1949 1210 id
1990 1169 2125 1224 ope-

544 1258 757 1312 rentur,
787 1258 839 1301 et
868 1248 1112 1303 vicissim
1142 1248 1371 1319 culpatis
1417 1251 1792 1317 damnansque
1827 1248 1871 1303 si
1920 1246 2122 1301 malum

541 1346 783 1405 patrent,
815 1340 1170 1409 quantumvis
1198 1341 1411 1395 occulte
1439 1355 1500 1395 ea
1532 1350 1878 1410 peraguntur.
1907 1337 2041 1393 Nam
2069 1346 2124 1391 et

542 1429 596 1483 in
647 1429 912 1498 gentium,
946 1438 1004 1484 ut
1027 1413 1106 1485 ait
1141 1430 1363 1498 Paulus,
1407 1430 1651 1485 cordibus
1685 1430 1990 1498 scripta‘lex
2022 1437 2122 1492 est,

540 1528 591 1573 et
614 1528 693 1574 est
716 1521 847 1588 ipsis
877 1538 976 1575 sua
1005 1524 1327 1576 conscientia
1360 1524 1508 1576 testis
1528 1523 1596 1585 ⁷³,
1619 1532 1724 1576 etc.
1756 1522 1884 1592 Ejus
1910 1522 2125 1591 generis

539 1616 627 1664 est
653 1609 784 1663 illttd
821 1610 1034 1665 Domini
1069 1612 1274 1666 dictum
1303 1631 1317 1667 :
1352 1612 1507 1668 Sicut
1533 1613 1692 1666 vultis
1715 1629 1804 1667 vos
1831 1624 1888 1666 ut
1925 1614 2123 1682 faciant

537 1700 684 1755 vobis
715 1700 973 1766 homines,
1002 1702 1079 1756 sic
1111 1703 1273 1771 facit:
1304 1703 1462 1755 etiam
1497 1719 1583 1757 eos
1612 1703 1746 1768 ipsis
1767 1702 1839 1755 ⁸³³.
1879 1701 2124 1756 Particu-

540 1794 674 1848 laris
708 1794 793 1848 lex
834 1803 1016 1849 autem
1051 1806 1156 1860 est,
1194 1796 1376 1865 qualis
1405 1811 1477 1851 ea,
1502 1811 1667 1866 quam
1707 1796 1850 1850 Deus
1880 1795 2127 1864 praescri-

541 1886 710 1941 bebat
742 1887 879 1957 ipsis
907 1886 1195 1944 Noachitis
1219 1932 1233 1956 ,
1277 1904 1346 1943 ne
1376 1898 1728 1945 vescerentur
1762 1888 2033 1959 sanguine
2057 1887 2126 1951 7';

542 1980 670 2034 item
708 1981 889 2049 qualis
937 1982 1192 2051 imposita
1223 1993 1342 2038 erat
1391 1982 1705 2037 .ludteorum
1740 1981 2033 2044 Nazaraeis,
2063 1981 2132 2036 de

540 2085 649 2123 non
717 2071 950 2126 bibendo
1002 2073 1151 2135 vino,
1185 2080 1278 2126 aut
1313 2073 1510 2137 sicera,
1565 2088 1744 2143 neque
1790 2073 2130 2129 admovenda

538 2164 704 2233 capiti
741 2165 1007 2220 novacula
1028 2166 1111 2231 ",
1147 2167 1339 2235 quales
1372 2167 1610 2238 denique
1647 2166 1961 2223 Judazorum
2016 2177 2128 2223 stas

537 2262 670 2310 tuta:
694 2254 845 2311 fuere
871 2256 1268 2322 sacerdotibus,
1300 2257 1368 2312 de
1401 2259 1598 2321 rebus.
1627 2258 1750 2315 aliis
1794 2260 2129 2325 omittendis,

540 2348 667 2403 aliis
731 2349 978 2419 agendis.
1027 2348 1165 2403 Cum
1220 2349 1387 2419 igitur
1439 2350 1572 2420 legis
1610 2351 1879 2407 vocabulo
1913 2351 2131 2409 duobus

542 2444 763 2491 utamur
804 2437 982 2493 modis
1007 2478 1021 2502 ,
1057 2445 1112 2493 et
1157 2438 1582 2508 particulariter,
1619 2449 1673 2495 et
1726 2440 2129 2506 univcrsaliter,

538 2528 935 2599 respondemus
987 2530 1055 2584 ad
1095 2532 1320 2585 alteram
1362 2532 1741 2601 quaestionem,
1797 2549 1904 2588 non
1957 2532 2130 2589 fuisse

536 2623 714 2692 legem
744 2622 1110 2678 universalem
1162 2625 1255 2680 sed
1295 2625 1689 2693 particularem
1722 2625 1903 2692 illam;
1936 2642 2004 2681 ne
2030 2641 2132 2698 gu-

537 2722 710 2770 staret
734 2716 801 2769 de
824 2715 1020 2770 arbore
1051 2715 1325 2781 scientizc;
1352 2716 1455 2771 soli
1486 2717 1632 2772 enim
1663 2716 1874 2774 Adamn
1905 2718 2133 2787 ejusque

539 2806 761 2877 conjugi
798 2821 917 2861 eam
967 2808 1333 2879 imperaverat
1359 2806 1504 2864 Deus
1540 2824 1647 2863 non
1683 2810 1844 2864 etiam
1873 2810 2132 2865 universo

537 2898 725 2967 generi
767 2898 1030 2953 humano.
1082 2898 1201 2954 Jam
1238 2877 1488 2967 superest
1536 2909 1676 2957 utet
1724 2904 1825 2957 hoc
1856 2903 2131 2970 disquira-

540 3000 686 3050 tuus,
722 3002 826 3055 qua
872 2987 941 3042 de
995 3003 1160 3043 causa
1212 2988 1426 3044 dederit
1481 2990 1624 3047 Deus
1674 2992 1884 3046 Adamn
1934 2994 2129 3064 legem.

539 3076 838 3134 Censemus
884 3087 1065 3135 aut-rm
1101 3080 1170 3134 ob
1205 3079 1341 3136 bene
1376 3082 1575 3139 multas
1609 3099 1805 3140 causas
1841 3086 1892 3140 id
1924 3084 2129 3141 factum

2229 586 2512 643 Postremo
2538 587 2608 642 ob
2634 586 2736 641 hoc
2765 598 2980 654 quoque
3012 584 3117 635 lata
3151 588 3235 634 est
3263 575 3477 630 Adamn
3506 573 3587 627 lex
3620 585 3651 625 a
3680 570 3818 631 Deo.
3857 590 3876 641 ί

2229 688 2289 733 ιιι
2321 679 2411 733 ille
2436 678 2601 734 sciret
2638 685 2803 746 atque
2836 674 3185 741 intelligeret,
3218 667 3451 722 alterum
3482 665 3590 719 Deo
3619 677 3827 731 super-

2226 785 2348 825 esse
2407 771 2666 825 saeettlum
2736 769 2791 822 in
2853 781 2963 836 quo
3047 764 3271 834 dignum
3349 760 3580 828 pretium
3641 756 3823 810 solvet

2230 861 2474 927 utrisque
2497 874 2551 915 et
2577 861 2643 915 iis
2670 859 2762 928 qui
2788 858 3088 913 observant
3112 864 3167 909 et
3195 853 3262 907 iis
3290 852 3385 921 qui
3415 850 3620 902 violant
3641 848 3819 916 leges.

2229 947 2336 1005 Sed
2372 957 2605 1020 pergunt
2650 939 2895 1017 qiuerere
2934 943 3184 999 nonnulli
3216 940 3447 996 ulterius
3470 979 3484 1001 ,
3508 953 3610 994 cur
3639 936 3820 1005 legem

2230 1042 2415 1097 tulerit
2438 1041 2584 1097 Deus
2608 1041 2821 1096 Adamn
2846 1054 3011 1109 quam
3038 1035 3320 1106 praesciret
3349 1033 3528 1103 ipsum
3554 1045 3660 1083 non
3694 1042 3826 1083 esse

2227 1134 2667 1205 observaturum.
2694 1133 2773 1187 Ad
2802 1132 2904 1186 hoc
2926 1130 3103 1201 primo
3126 1128 3520 1195 respondemus
3547 1137 3654 1176 non
3693 1120 3824 1176 ideo

2227 1225 2565 1281 conditorem
2626 1226 2790 1279 Deum
2845 1224 3017 1291 legem
3063 1220 3275 1276 Adamn
3323 1216 3705 1287 imperavisse,
3761 1224 3825 1267 ut

2226 1332 2348 1371 cam
2397 1318 2748 1378 observaret.
2805 1329 2982 1385 neque
3040 1329 3260 1376 rursus,
3296 1320 3354 1365 ut
3407 1310 3639 1363 violaret
3688 1305 3826 1376 (quo

2230 1419 2411 1465 vestra
2438 1411 2551 1465 haec
2581 1410 2815 1481 quaestio
2843 1416 3056 1479 spectat
3084 1421 3209 1461 cum
3237 1404 3424 1458 dicitis
3454 1419 3469 1457 :
3497 1401 3629 1465 Cur,
3654 1413 3825 1469 quam

2227 1504 2508 1573 praeseiret
2538 1504 2689 1557 illum
2724 1503 2896 1573 legem
2933 1515 3043 1555 non
3078 1499 3411 1568 praestitum,
3452 1491 3826 1565 praeceperit),

2228 1597 2322 1653 sed
2351 1612 2446 1651 eas
2490 1596 2562 1650 ob
2596 1610 2792 1650 causas
2842 1606 2983 1665 quas
3022 1606 3197 1662 nuper
3241 1587 3826 1646 commemoravimus.

2228 1689 2443 1759 Quippe
2490 1689 2635 1743 aliud
2693 1696 2777 1742 est
2816 1687 3151 1751 observare,
3203 1683 3350 1738 aliud
3383 1695 3491 1735 non
3528 1681 3831 1733 observare

2230 1782 2423 1851 legem,
2487 1790 2541 1835 et
2579 1779 2723 1834 aliud
2767 1780 2909 1835 scire
2954 1793 3013 1833 se
3052 1776 3255 1831 habere
3288 1784 3614 1835 creatorem,
3656 1782 3833 1838 seque

2159 1849 2200 1905 Β
2232 1849 2357 1929 esse
2380 1883 2623 1928 creatum
2663 1880 2718 1926 et
2746 1871 3031 1942 praeditum
3067 1868 3283 1924 arbitrii
3315 1867 3586 1929 libertate,
3626 1862 3830 1931 hujus—

2234 1981 2343 2036 que
2373 1966 2586 2036 generis
2615 1974 2811 2019 caetera
2845 1976 3200 2032 cognoscere.
3243 1958 3510 2014 Pratterea
3541 1956 3782 2010 dicimus
3810 1973 3827 2009 :

2236 2056 2389 2112 Sicut
2430 2056 2703 2127 przescivit
2733 2057 2884 2110 illum
2919 2070 3027 2109 non
3061 2055 3488 2109 observaturum
3521 2050 3708 2117 legem,
3745 2047 3821 2101 ita

2233 2149 2506 2219 praescivit
2543 2163 2765 2219 quoque
2799 2147 3045 2201 futurum
3082 2154 3141 2200 ιιι
3183 2155 3474 2215 postquam
3526 2142 3690 2211 legem
3725 2137 3818 2193 ille

2235 2240 2624 2295 transilivisset
2649 2248 2705 2294 et
2734 2254 2830 2309 per
2861 2248 3144 2309 peccatum
3177 2236 3493 2301 cecidisset,
3530 2235 3641 2304 ipse
3670 2232 3827 2286 veni-

2234 2342 2337 2396 ret,
2370 2333 2681 2399 redimeret,
2713 2332 3025 2387 sublevaret
3055 2332 3205 2385 illum
3243 2345 3272 2405 a
3310 2345 3439 2385 casu
3470 2344 3502 2396 ιι
3523 2325 3699 2381 ιεριιιὶ.
3736 2323 3832 2377 lu-

2233 2440 2398 2495 super
2442 2426 2612 2495 legem
2646 2426 2767 2479 ideo
2789 2425 2912 2479 tulit
2942 2424 3068 2495 (etsi
3122 2425 3382 2479 violatam
3421 2423 3485 2476 iri
3538 2437 3647 2474 non
3677 2421 3833 2489 igno-

2235 2519 2403 2589 raret)
2428 2534 2538 2588 quo
2571 2518 2991 2585 intelligeretur,
3022 2517 3199 2586 ipsum
3236 2531 3356 2571 esse
3390 2514 3704 2573 Dominum,
3735 2512 3829 2580 qui

2238 2611 2646 2665 condendarutn
2703 2611 2882 2681 legum
2918 2609 3141 2663 haberet
3174 2616 3525 2677 potestatem,
3556 2606 3828 2658 Adamum

2235 2717 2365 2756 vero
2398 2711 2707 2757 creaturam
2735 2743 2750 2767 ,
2788 2712 2993 2756 etcum
3029 2701 3121 2771 qui
3155 2700 3354 2755 merito
3387 2699 3601 2768 legibus
3636 2711 3830 2766 parere

2235 2794 2476 2850 deberet.
2511 2794 2781 2850 Praeterea
2817 2810 2928 2865 quo
2961 2804 3240 2850 constaret
3277 2794 3507 2847 liberum
3536 2793 3830 2846 arbitrium

2235 2888 2318 2942 eis
2346 2888 2695 2958 peculiariter
2730 2902 3059 2942 concessum
3097 2901 3221 2941 esse
3269 2885 3434 2939 rebus
3480 2885 3681 2939 creatis
3709 2897 3832 2952 quae

2235 2982 2448 3036 ratione
2479 2981 2705 3051 pollent,
2743 2989 2803 3035 ut
2834 2995 3004 3051 penes
3033 2981 3182 3049 ipsas
3209 2974 3356 3033 ésset
3385 2977 3467 3032 vel
3490 2992 3713 3031 servare
3741 2976 3831 3031 vel

2235 3073 2487 3143 frangere
2538 3073 2704 3142 leges.
2745 3071 2827 3127 Ad
2865 3072 2981 3126 lucc
3032 3069 3267 3125 sancivit
3315 3068 3490 3138 legem
3543 3066 3685 3122 Deus
3713 3065 3865 3136 jam-

537 3186 569 3227 a
617 3171 730 3226 Deo
769 3186 912 3226 esse.
948 3170 1134 3226 Primo
1183 3174 1352 3236 enim,
1404 3182 1465 3229 ut
1514 3174 1681 3231 sciret
1730 3193 1789 3232 se
1839 3177 2128 3232 Dominum
2157 3192 2202 3252 α
2238 3177 2349 3221 lum
2383 3165 2678 3237 Ρτωεθίθηε
2706 3164 2948 3220 “nurum
2979 3172 3037 3219 ιιί
3065 3164 3383 3228 νίοιθνειυτν
3438 3176 3550 3231 quo
3575 3161 3833 3252 0301’53'

536 3261 987 3331 conditoremque
1032 3261 1230 3317 habere
1265 3263 1356 3331 qui
1404 3263 1507 3318 sibi
1540 3279 1660 3318 eam
1690 3264 1859 3335 legem
1890 3266 2128 3336 impera-

535 3351 725 3414 visset,
769 3364 891 3404 nam
936 3349 1281 3407 duminormn
1320 3362 1405 3408 est
1439 3354 1585 3423 leges
1622 3355 1876 3420 sancire,
1933 3356 2131 3411 deinde

536 3450 603 3496 ut
649 3456 710 3497 se
739 3450 985 3497 creatum
1015 3441 1380 3513 ellectumque
1413 3454 1735 3514 agnosceret
1769 3461 1783 3497 :
1815 3445 2011 3515 quippe
2044 3445 2126 3501 lex

539 3534 811 3588 creaturis
840 3543 1007 3602 atque
1053 3533 1262 3589 effectis
1295 3536 1459 3590 statui
1507 3536 1664 3601 solet,
1707 3545 1763 3592 ut
1796 3537 1874 3591 ait
1911 3537 2078 3593 David
2112 3555 2125 3591 :

537 3622 732 3678 Statue
760 3623 891 3694 ipsis
924 3625 1302 3695 legislatorent,
1331 3636 1390 3680 ut
1416 3628 1586 3681 sciant
1615 3638 1792 3698 gentes
1815 3644 1868 3682 se
1890 3628 2127 3682 homines

532 3735 649 3774 esse
663 3720 755 3774 ⁷⁸⁸.
785 3719 864 3773 Ad
899 3718 1023 3786 hoc,
1048 3726 1110 3773 ut
1140 3719 1468 3788 intelligeret
1502 3719 1802 3776 libertatem
1831 3721 1930 3775 sibi
1958 3719 2130 3775 lacul-

535 3816 815 3880 tatemque
858 3809 1071 3863 arbitrii
1119 3824 1149 3863 a
1198 3808 1306 3864 Deo
1355 3810 1537 3865 datam
1573 3826 1694 3866 esse
1739 3828 1863 3867 cum
1911 3814 1979 3868 ab
2032 3813 2128 3868 illo

532 3901 904 3969 conderetur;
958 3916 1136 3973 neque
1186 3904 1331 3958 enim
1397 3905 1568 3974 legem
1624 3905 1724 3974 ipsi
1776 3905 2128 3975 imposuisset

533 3992 920 4062 particularem
955 4002 1010 4047 et
1045 4008 1167 4063 qua:
1195 4007 1260 4047 ex
1290 3995 1571 4049 voluntate
1625 3996 1904 4065 penderet,
1952 4010 2022 4051 ne
2061 3996 2128 4051 de

535 4083 736 4138 arbore
774 4085 961 4138 ederet
1005 4083 1246 4141 scientiae
1271 4127 1285 4152 ,
1315 4085 1419 4141 nisi
1450 4095 1576 4140 ante
1609 4086 1860 4140 libertate
1890 4095 2129 4152 potesta-

536 4184 701 4245 thue
748 4175 957 4230 arbitrii
989 4176 1193 4246 proprii
1219 4177 1394 4245 ipsum
1449 4178 1726 4243 donasset,
1757 4195 1860 4247 qua
1895 4178 1940 4232 si
1971 4179 2129 4233 vellet

534 4269 858 4322 observaret
881 4267 1077 4336 legem,
1111 4269 1196 4323 sin
1227 4268 1389 4324 nollet
1411 4309 1427 4333 ,
1463 4285 1569 4324 non
1603 4273 1940 4326 observaret.
1981 4270 2124 4328 Prte-

535 4369 686 4413 terca
724 4358 893 4427 legem
928 4358 1050 4423 ideo
1079 4361 1262 4428 posuit
1291 4361 1499 4416 Adamn
1526 4361 1689 4426 Deus,
1730 4372 1788 4418 ttt
1817 4364 1990 4418 libero
2038 4365 2124 4434 ip-

536 4451 657 4506 sius
696 4449 924 4505 arbitrio
957 4462 1102 4508 esset
1144 4454 1399 4509 materies
1447 4464 1501 4509 et
1532 4456 1695 4510 veluti
1724 4457 1972 4513 clibanus
2017 4475 2126 4528 quo

2234 3259 2416 3329 quiosi
2450 3274 2481 3313 a
2516 3257 2814 3313 rebellibus
2843 3264 3283 3319 secernerentur,
3319 3253 3596 3324 amicique
3626 3251 3694 3307 ab
3726 3254 3828 3306 lto-

2234 3353 2503 3417 stibns,et
2527 3351 2705 3422 legum
2734 3351 2969 3406 cultores
3002 3365 3032 3404 a
3068 3347 3612 3419 prmvaricatnrihus,
3654 3355 3822 3414 atque

2233 3458 2357 3499 cum
2410 3442 2630 3498 illorum
2657 3443 2868 3504 virtus,
2907 3454 3020 3497 tum
3055 3443 3250 3497 borum
3290 3439 3563 3494 vitiositas
3591 3436 3825 3493 manife—

2232 3539 2401 3592 staria
2427 3538 2578 3592 ﬁeret
2599 3574 2615 3599 ,
2646 3545 3187 3605 cognoscereturque
3216 3552 3230 3588 :
3266 3532 3499 3601 sublata!
3513 3531 3655 3586 enim
3683 3531 3824 3600 lege,

2232 3629 2443 3684 nullum
2497 3628 2641 3683 inter
2691 3626 3307 3696 utrosque'discrimen
3350 3624 3533 3679 fuerit.
3568 3621 3634 3675 Et
3684 3636 3824 3674 vero

2232 3724 2374 3779 hanc
2402 3723 2564 3778 etiam
2595 3722 2667 3777 ob
2698 3738 2810 3778 rem
2846 3722 2951 3776 lata
2989 3739 3016 3775 a
3046 3719 3155 3776 Deo
3181 3721 3263 3775 lex
3297 3727 3404 3782 est,
3435 3731 3592 3788 quam
3629 3722 3818 3768 tamen

2232 3831 2339 3870 Iton
2364 3816 2642 3871 nesciebat
2667 3815 3178 3877 transiliendam,ne
3201 3823 3258 3868 ut
3282 3812 3617 3867 nesciremus
3634 3809 3820 3878 ipsum

2231 3909 2576 3979 tneritojure
2624 3909 2691 3963 iis
2731 3911 2824 3979 qui
2869 3907 2970 3975 legi
3020 3915 3274 3977 parerent
3330 3904 3631 3958 retribuere
3680 3898 3825 3953 deli-

2230 3998 2345 4054 cias
2375 3999 2564 4054 mundi
2592 4041 2606 4064 ,
2637 4009 2937 4068 contraque
2971 3997 3271 4053 rebellibus
3297 4008 3577 4051 aerumnas
3606 3987 3823 4045 mundi.

2231 4091 2506 4147 Praeterea
2558 4100 2618 4145 ut
2670 4091 2707 4145 ii
2738 4092 2831 4161 qui
2882 4091 3091 4145 ratione
3148 4098 3399 4153 utuntur,
3454 4085 3825 4155 intelligerent

2230 4180 2377 4252 quod
2410 4181 2578 4237 alium
2612 4182 2702 4236 ille
2739 4181 2957 4237 habeat.
2983 4180 3248 4237 mundum
3302 4180 3356 4235 in
3393 4194 3504 4249 quo
3542 4176 3735 4231 merita
3767 4177 3821 4230 in

2231 4290 2510 4345 quemque
2536 4274 2777 4329 conferet
2796 4274 3044 4346 prmmia.
3078 4273 3323 4343 Denique
3346 4287 3454 4327 non
3483 4270 3586 4325 alia
3614 4270 3830 4324 ratione

2232 4364 2565 4435 praescripsit
2634 4365 2782 4420 illam
2838 4365 3050 4419 Adamn
3106 4365 3326 4435 legem,
3385 4380 3552 4434 quam
3615 4362 3830 4420 sciebat

2218 4438 2408 4530 ipsum
2442 4472 2914 4531 transgressurum
2942 4501 2958 4522 .
2993 4469 3158 4530 atque
3199 4468 3322 4528 post
3373 4458 3497 4512 aliis
3576 4455 3830 4510 mortali-

537 4542 866 4612 probarctur
892 4584 908 4609 ,
958 4541 1103 4597 sicut
1155 4544 1233 4598 ait
1287 4544 1584 4617 Gregorius
1633 4546 1940 4620 'l‘ltcnlngus
1966 4550 2077 4621 (l7)
2108 4568 2122 4605 :
2158 4535 2202 4592 ι)
2232 4555 2334 4607 bus
2364 4553 2490 4609 lidei
2527 4554 2696 4625 leges.
2731 4571 2838 4609 non
2875 4554 3094 4610 nescius
3152 4552 3419 4624 plurimos
3470 4549 3586 4605 fore
3638 4550 3825 4604 incre—

539 4635 697 4691 Dedit
741 4635 1041 4706 (inquiens)
1078 4637 1249 4707 legem
1277 4679 1293 4703 ,
1332 4639 1614 4693 materiem
1662 4640 1833 4695 libero
1868 4642 2119 4698 arbitrio.

536 4726 695 4782 Sicut
753 4727 898 4782 enim
941 4744 1036 4799 per
1079 4728 1223 4800 ligna
1270 4729 1572 4799 periculum
1624 4729 1686 4785 ﬁt
1719 4732 1785 4787 de
1821 4742 1936 4787 arte
1983 4733 2121 4789 fabri

532 4818 775 4890 lignarii,
810 4836 880 4876 an
920 4823 1089 4892 probe
1117 4822 1280 4893 atque
1309 4832 1497 4879 exacte
1522 4840 1640 4879 eam
1670 4837 1878 4893 teneat,
1914 4842 1982 4880 an
2016 4827 2121 4881 mi-

533 4913 837 4975 nitne,item
860 4929 953 4981 per
970 4930 1162 4968 aurum
1182 4924 1576 4985 argentumque
1592 4918 1658 4971 de
1676 4916 1940 4972 aurilabri
1958 4927 2078 4973 arte
2102 4934 2117 4969 :

537 5007 609 5059 ita
660 5020 754 5073 per
806 5005 976 5077 legem
1029 5009 1235 5062 Adamn
1290 5009 1644 5065 constitutam
1701 5011 1991 5081 probatum
2037 5019 2125 5065 est

537 5099 710 5167 ipsius
741 5098 971 5154 liberum
1001 5101 1312 5169 arbitrium,
1339 5112 1790 5174 compertumque
1812 5103 2121 5159 libertatem

536 5188 710 5258 ipsius
737 5193 1020 5246 remissam
1059 5195 1404 5264 solutamque
1432 5210 1556 5250 esse
1588 5210 1652 5250 ac
1682 5196 1855 5264 magis
1888 5211 2123 5266 propen—

534 5281 665 5336 dere
714 5281 781 5335 ad
817 5285 1288 5352 prtevaricaudum
1324 5290 1791 5356 peccandumque.
1837 5288 1973 5341 Nam
2024 5303 2121 5342 va-

536 5374 734 5431 luisset
791 5376 1011 5444 quidem
1064 5379 1358 5435 nbservarc
1413 5379 1609 5449 legem,
1666 5389 1721 5435 et
1770 5390 1952 5435 tamen
2010 5395 2119 5436 non

533 5466 865 5531 observavit,
897 5470 1075 5538 qualis
1102 5486 1235 5526 sane
1266 5470 1499 5527 facultas
1540 5471 1715 5528 brutis
1745 5472 2117 5528 animantibus

538 5660 545 5665 θ
602 5646 649 5678 ’³
705 5652 863 5706 Rom.
904 5662 966 5714 ιι,
1003 5649 1090 5704 15.
1168 5651 1212 5681 ⁷⁵
1241 5649 1429 5706 Matth.
1475 5667 1570 5717 vn,
1606 5651 1694 5712 19..

605 5822 718 5893 (Π)
748 5822 1010 5883 Oratione
1040 5826 1095 5885 in
1123 5824 1299 5883 Natali
1327 5827 1553 5884 Clu-isti.

1770 5646 1817 5686 "'
1871 5651 2007 5709 Gen.
2047 5667 2123 5721 tr,
2157 5652 2212 5709 4.
2285 5653 2332 5689 ⁷⁸
2362 5653 2523 5710 Num.
2556 5669 2632 5720 vt,
2676 5654 2733 5710 9..

2234 4646 2422 4698 dulos.

2302 4735 2413 4791 Cur
2447 4737 2535 4794 lea:
2560 4739 2904 4808 particularis
2932 4749 3128 4807 prwter
3153 4734 3456 4790 naturalem
3487 4733 3694 4787 Adamn
3723 4748 3827 4801 po-

2230 4834 2338 4888 sita
2387 4835 2475 4888 sit.
2499 4863 2572 4873 —
2610 4830 2856 4887 Ulterius
2885 4839 3159 4902 quaerunt,
3193 4844 3318 4883 cum
3374 4837 3522 4881 esset
3571 4826 3825 4878 Atlatnns

2228 4922 2463 4978 naturali
2500 4923 2616 4992 lege
2647 4920 2976 4975 informatus
3001 4935 3123 4989 quae
3157 4918 3212 4971 in
3242 4912 3825 4982 cnnseientiaejudicio

2232 5015 2407 5085 posita
2438 5023 2521 5071 est
2567 5013 2775 5069 bonum
2803 5054 2818 5076 ,
2849 5029 2880 5068 a
2906 5013 3050 5067 malo
3086 5011 3481 5080 distinguente,
3525 5023 3623 5060 cur
3675 5004 3821 5057 hanc

2226 5084 2456 5162 alteram
2493 5105 2876 5176 particularem
2906 5107 3069 5160 etiam
3116 5102 3257 5157 Dens
3311 5102 3410 5171 ipsi
3446 5095 3816 5164 imperaverit.

2227 5215 2294 5253 ne
2324 5200 2509 5253 ederet
2536 5200 2602 5252 de
2631 5198 2826 5251 arbore
2855 5193 3139 5250 scientiae?
3180 5193 3277 5246 llic
3311 5187 3729 5254 respondemus,
3761 5182 3818 5237 id

2225 5290 2431 5345 factum
2461 5305 2588 5345 esse
2625 5304 2735 5359 quo
2780 5286 3047 5342 illustrior
3093 5293 3241 5339 esset
3287 5280 3499 5336 bonitas
3539 5276 3823 5331 Creatoris

2200 5382 2440 5449 ,Adami,
2491 5390 2553 5436 ut
2596 5379 2693 5451 qui
2746 5394 2856 5433 non
2909 5376 3037 5431 sivit
3088 5375 3269 5445 ipsum
3309 5372 3476 5427 rebus
3508 5366 3818 5440 majoribus

2224 5473 2468 5529 animum
2521 5488 2683 5529 suum
2736 5483 3005 5542 occupare
3037 5484 3052 5525 :
3085 5465 3280 5522 deinde
3329 5478 3395 5519 ne
3429 5479 3524 5534 per
3568 5473 3816 5517 errorem

2814 5649 2877 5685 "'
2910 5647 3054 5706 Psal.
3100 5663 3173 5714 ix,
3215 5646 3304 5699 il.
3394 5644 3401 5649 ’
