4086 6444
404 249 512 307 533

400 468 558 513 num,
592 468 770 523 neque
820 470 988 525 supra
1029 473 1086 511 se
1130 459 1408 513 dominum
1441 460 1607 514 alium
1650 476 1793 516 esse.
1826 460 1986 527 Nam,

403 546 555 601 verbi
591 545 785 617 gratia,
819 564 944 603 cum
984 551 1462 609 animadvertisset
1528 554 1713 609 omnia
1748 556 1836 609 illa
1868 571 1988 624 quae

404 638 509 693 sub
541 648 827 709 aspectum
860 642 1064 697 cadunt
1096 659 1196 698 sua
1230 660 1397 700 causa
1425 661 1545 701 esse
1576 646 1764 701 ell‘ecta
1792 662 1821 701 a
1861 647 1988 708 Deo,

401 745 577 797 seque
610 731 851 786 naturali
885 732 1168 801 praditum
1221 737 1289 788 ab
1332 736 1426 791 illo
1453 738 1795 807 cognitione,
1828 746 1990 807 atque

400 838 574 876 omne
619 838 797 895 genus
845 826 1078 880 delicias
1118 827 1220 881 sibi
1256 828 1462 897 absque
1505 831 1615 883 ullo
1650 831 1879 884 molesto
1913 830 1991 882 la-

402 912 545 967 bore
576 912 630 967 in
661 926 921 984 promptu
944 932 1090 981 esse,
1120 918 1357 988 denique
1389 921 1859 987 resaspectabiles
1885 919 1989 976 sibi

402 1003 712 1060 servientes
747 1007 902 1074 quasi
938 1009 1185 1073 ancillas,
1216 1018 1305 1073 et,
1328 1019 1384 1064 ut
1434 1012 1599 1064 semel
1633 995 1833 1077 dicam,
1866 1026 1988 1064 cum

399 1092 641 1150 vidisset
690 1096 873 1150 omnia
928 1097 1016 1151 illa
1057 1098 1197 1153 bona
1232 1101 1432 1169 quibus
1489 1102 1695 1170 absque
1745 1100 1991 1155 molestia

399 1198 503 1243 aut
537 1203 669 1242 cura
702 1189 1078 1245 oblectabatur
1110 1207 1125 1245 :
1160 1190 1317 1247 facile
1351 1194 1522 1259 ipsius
1552 1195 1769 1248 animus
1799 1209 1865 1248 ex
1906 1193 1992 1248 his

400 1280 574 1337 ribus
620 1296 717 1352 per
779 1285 1146 1353 arrogantiam
1194 1286 1693 1357 conlidentiamque
1745 1296 2002 1342 mutatus

403 1375 512 1429 sibi
571 1376 977 1442 persuasisset,
1014 1393 1100 1432 res
1135 1394 1323 1432 omnes
1352 1394 1471 1447 quae
1511 1380 1744 1435 condita:
1786 1390 1992 1443 essent,

400 1467 469 1521 ad
552 1483 611 1523 se
673 1479 957 1538 spectare,
1017 1485 1193 1539 neque
1250 1468 1394 1526 alius
1449 1472 1814 1527 dominationi
1875 1486 1995 1527 esse

404 1560 691 1629 subjectos
723 1578 736 1612 :
770 1556 873 1614 nisi
908 1559 1047 1614 hitur
1081 1563 1308 1616 alteram
1339 1579 1369 1618 a
1405 1562 1513 1617 Deo
1544 1563 1713 1630 legem
1747 1564 1995 1633 accepis-

404 1660 532 1715 St'l,
563 1651 630 1705 de
676 1665 783 1704 non
819 1652 1088 1721 gustanda
1133 1652 1329 1707 arbore
1353 1692 1367 1715 ,
1415 1669 1536 1723 quae
1574 1666 1834 1725 perpetuo
1866 1655 1997 1724 ipsis

1558 254 1656 313 DE
1701 253 2101 315 PARADISO.
2143 279 2212 292 -
2252 256 2449 316 PARS
2492 256 2538 314 Ι.

400 358 490 413 ille
524 360 884 422 existimaret,
923 376 992 416 se
1014 378 1197 418 rerum
1246 365 1586 420 conditarum
1626 382 1750 422 esse
1806 368 1983 422 dmui—
2015 380 2057 435 Α
2088 368 2358 440 agendum
2421 367 2875 424 omittendumve.

3560 260 3663 323 534

2964 369 3042 425 Ad
3122 385 3243 426 eam
3323 373 3665 443 questionem

2090 461 2532 532 respondemus,
2590 477 2709 517 eam
2772 463 3275 533 concupiscentiam
3341 482 3463 535 qua:
3523 470 3666 522 circa

2089 553 2270 607 cibum
2336 562 2588 608 versatur
2649 554 2884 623 primum
2947 569 3069 609 esse
3125 556 3291 608 animi
3363 558 3531 611 nostri
3591 559 3673 612 af-

2090 642 2335 710 fectum,
2412 660 2589 714 eoque
2673 653 2820 699 recte
2886 645 3115 713 primam
3203 647 3382 715 primo
3464 648 3671 702 homini

2088 736 2301 790 Adamo
2358 737 2529 806 legem
2596 736 2665 790 de
2719 735 2810 790 illa
2869 752 2993 792 esse
3055 737 3389 807 impositam.
3448 738 3554 793 Sed
3618 752 3671 794 ut

2091 828 2298 881 clarius
2356 826 2550 882 evadat
2598 827 2742 896 quod
2783 827 3043 891 dicimus,
3081 828 3236 882 multi
3268 839 3323 882 et
3373 830 3507 883 varii
3548 840 3677 883 sunt

2090 917 2315 973 aﬂ’ectus
2338 918 2534 988 quibus
2594 928 2780 973 nostra
2814 919 3037 972 libertas
3075 919 3389 987 impellitur,
3440 935 3675 988 quorum

2091 1011 2338 1065 omnium
2373 1012 2667 1082 praecipua.
2694 1021 2745 1065 et
2784 1012 2947 1064 veluti
2982 1010 3141 1065 radix
3166 1022 3251 1067 est
3283 1014 3684 1083 concupiscen-

2095 1104 2192 1157 tia.
2228 1104 2353 1158 Hzec
2383 1118 2545 1171 porro
2575 1101 2843 1157 trifariam
2897 1102 3158 1155 dividitur
3208 1120 3222 1157 :
3278 1120 3402 1156 nam
3463 1113 3557 1157 aut
3609 1102 3678 1156 ad

2093 1195 2298 1250 ventris
2346 1195 2640 1263 ingluviem
2667 1193 2925 1263 pertinet,
2972 1202 3068 1247 aut
3097 1192 3163 1247 ad
3208 1208 3371 1263 opum
3422 1194 3685 1262 pecunia-

2093 1301 2325 1356 rumque
2358 1285 2664 1349 avaritiam,
2697 1294 2793 1337 aut
2819 1283 2884 1338 ad
2937 1284 3125 1352 gloriae
3174 1282 3547 1337 ambitionem.
3586 1282 3681 1337 llis

2094 1377 2236 1431 enim
2292 1375 2471 1430 tribus
2526 1375 2873 1430 aﬂectionum
2925 1374 3219 1442 generibus
3275 1375 3684 1441 comprehensa:

2096 1477 2354 1522 tenentur
2381 1483 2573 1524 omnes
2602 1481 2781 1538 prava:
2816 1466 3143 1535 cupiditates
3174 1481 3188 1518 :
3226 1476 3281 1520 et
3310 1466 3418 1520 his-
3456 1467 3687 1520 adortus

2097 1568 2183 1613 est
2210 1559 2431 1630 quidem
2468 1556 2701 1613 Satanas
2738 1557 3030 1612 Dominum
3077 1567 3326 1612 nostrum
3365 1557 3421 1611 in
3448 1557 3685 1612 deserto.

2098 1659 2153 1704 et
2179 1650 2234 1705 in
2267 1650 2431 1715 urbe;
2465 1665 2674 1714 verum,
2709 1648 3023 1705 succubuit.
3052 1647 3321 1703 Caeterum
3355 1648 3565 1702 ventris
3588 1663 3687 1701 eu-

410 1739 706 1796 observata
766 1742 945 1797 oculis
1010 1741 1064 1796 in
1117 1744 1435 1798 memoriam
1494 1755 1842 1815 mentemque
1895 1744 1997 1814 ipsi
2030 1732 2325 1813 B'piditas,
2397 1741 2622 1812 reliquis
2692 1742 2908 1798 duabus
2959 1742 3251 1797 violentior
3315 1742 3692 1811 diﬂiciliorque

419 1840 697 1887 revocaret
723 1833 975 1888 servilem
1013 1834 1387 1905 humilemque
1416 1853 1570 1890 suam
1601 1837 1993 1902 conditionem,

428 1938 589 1990 seque
621 1920 825 1993 habere
856 1920 1145 1979 Dominum
1183 1942 1211 1980 a
1242 1944 1350 1997 quo
1378 1926 1649 1997 ejusmodi
1689 1930 1771 1983 lex
1804 1929 1872 1982 de
1905 1945 1996 1983 ar-

424 2018 550 2072 bore
577 2016 675 2071 sibi
712 2025 859 2073 esset
904 2019 1180 2088 imposita,
1214 2028 1377 2091 atque
1410 2037 1502 2076 eas
1534 2021 1680 2091 ipsas
1715 2030 1998 2076 creaturas

412 2124 537 2177 qua:
568 2107 670 2164 sibi
703 2109 968 2175 serviunt,
1002 2110 1068 2164 ad
1100 2111 1253 2165 illum
1304 2129 1465 2167 suum
1527 2124 1773 2182 spectare
1818 2112 1999 2167 Domi-

413 2214 567 2252 num.
630 2197 765 2254 Nam
825 2201 871 2257 si
923 2218 1047 2255 cum
1096 2201 1266 2271 legem
1325 2204 1548 2258 haberet
1584 2204 1909 2267 naturalem,
1946 2214 2001 2260 et

410 2292 640 2361 insuper
670 2292 811 2347 hanc
844 2290 913 2347 de
959 2295 1177 2361 arbore,
1210 2310 1331 2366 qua:
1359 2294 1523 2350 veluti
1575 2296 1817 2367 adjutrix
1852 2297 1999 2353 illius

410 2392 581 2445 esset,
607 2394 791 2438 tamen
819 2384 1050 2456 deliquit
1082 2398 1274 2457 suapte
1296 2389 1594 2450 voluntate,
1616 2398 1781 2459 atque
1834 2388 2001 2444 sedu-

409 2483 538 2529 ctus
571 2483 656 2529 est
699 2491 714 2528 :
751 2484 959 2544 quanto
994 2477 1168 2545 magis
1194 2488 1474 2548 peccasset
1505 2479 1797 2549 lapsusque
1828 2488 2021 2547 esset,

409 2566 455 2618 si
491 2566 607 2620 ha:e
637 2566 703 2620 de
736 2567 933 2620 arbore
962 2566 1049 2621 lex
1078 2568 1252 2639 posita
1303 2569 1406 2637 ipsi
1454 2585 1563 2623 non
1599 2568 1832 2625 fuisset?
1864 2570 2003 2624 Rur-

412 2670 534 2719 sus,
588 2659 633 2713 si
667 2666 862 2727 prater
900 2658 1049 2714 illam
1093 2660 1400 2717 naturalem
1458 2661 1630 2733 legem
1675 2678 1783 2717 non
1837 2663 1999 2718 etiam

413 2750 558 2806 hanc
622 2750 925 2807 interdictae
981 2754 1197 2809 arboris
1255 2757 1599 2825 accepisset,
1650 2757 2015 2812 musitassentv

415 2844 626 2900 morosi
662 2844 957 2909 homines,
993 2864 1089 2902 cur
1120 2865 1227 2902 non
1265 2849 1503 2904 dedisset
1543 2849 1618 2902 illi
1653 2848 1795 2904 Dens
1832 2850 2002 2919 legem

414 2936 610 2999 aiiam,
646 2952 822 3007 eaque
852 2937 1158 2993 subsidium
1190 2938 1466 2993 attulisset
1498 2940 1813 3008 priusquam
1850 2939 2004 2993 labe-

414 3044 569 3087 retur
623 3046 717 3099 per
771 3032 1100 3099 peceatum?
1152 3031 1319 3085 Recte
1382 3032 1549 3103 igitur
1601 3031 1741 3085 Dens
1770 3033 2003 3097 Adamn,

415 3132 714 3192 antequam
747 3135 995 3193 peccaret
1020 3164 1034 3188 ,
1070 3126 1209 3179 hanc
1240 3125 1409 3194 legem
1442 3126 1510 3179 de
1537 3125 1734 3179 arbore
1766 3125 2006 3180 scientia:

415 3216 703 3287 imposuit,
740 3216 865 3270 licet
913 3225 1179 3285 praeterea
1230 3215 1464 3270 naturali
1510 3216 1628 3285 lege
1679 3216 2007 3270 informatus

415 3318 585 3365 esset.
618 3306 757 3375 Quin
798 3308 901 3362 hoc
942 3308 1167 3377 insuper
1222 3308 1366 3362 scire
1417 3308 1713 3369 convenit,
1744 3323 1849 3360 non
1891 3306 2007 3376 jam

419 3415 537 3457 tum
583 3399 873 3470 inquinato
906 3399 1117 3455 Adamo
1164 3401 1396 3470 positam
1446 3415 1568 3455 esse
1601 3416 1629 3453 a
1668 3400 1777 3454 Deo
1811 3401 2007 3470 legem,

418 3493 518 3547 sed
559 3492 743 3546 adhuc
780 3507 917 3562 puro
950 3490 1232 3562 proboque
1279 3498 1330 3544 et
1363 3490 1521 3545 veluti
1555 3490 1625 3544 ab
1654 3491 1802 3544 omni
1849 3490 2011 3545 vitio-

418 3585 592 3639 sitate
638 3584 953 3653 percolato;
1002 3582 1083 3639 sic
1123 3582 1270 3637 enim
1323 3583 1499 3652 ipsum
1555 3583 1895 3637 condiderat.
1929 3582 2012 3636 Ad

415 3680 539 3733 hwc
574 3678 707 3733 illud
741 3679 905 3731 etiam
940 3678 1241 3748 quaeritur,
1281 3693 1381 3731 cur
1418 3677 1559 3731 Deus
1593 3676 1801 3731 Adamo
1839 3674 2025 3747 legem'

416 3770 487 3823 de
510 3770 709 3825 arbore
736 3768 827 3824 illa
862 3767 1236 3838 imperaverit,
1267 3776 1322 3822 et
1345 3783 1451 3821 non
1479 3769 1546 3821 de
1566 3768 1669 3821 alia
1691 3781 1751 3820 re
1786 3765 2029 3837 quavis-

418 3862 839 3933 Respondemus
862 3870 1042 3916 autem
1071 3880 1083 3916 :
1108 3860 1230 3927 Quo
1253 3868 1677 3930 cognosceretur
1694 3859 1840 3914 illius
1859 3874 2014 3913 amor

426 3972 551 4026 erga
603 3972 764 4010 suum
814 3964 1096 4025 parentem
1132 3952 1325 4008 Deum.
1378 3951 1572 4008 Omnis
1610 3953 1754 4007 enim
1805 3952 1891 4005 lex
1930 3950 2013 4006 vel

420 4049 495 4104 ad
548 4063 792 4102 amorem
850 4048 903 4100 in
957 4045 1166 4109 Deum,
1204 4046 1287 4099 vel
1344 4045 1411 4098 ad
1463 4060 1703 4098 amorem
1750 4043 2015 4098 adversus

422 4145 744 4216 proximum
779 4152 987 4209 spectat
1017 4160 1032 4197 :
1070 4142 1182 4212 jam
1212 4157 1342 4196 vero
1384 4141 1517 4195 nulli
1558 4141 1736 4195 adhuc
1767 4141 2016 4196 homines

422 4230 664 4305 usquam
692 4242 887 4296 erant,
918 4242 978 4288 ut
1010 4232 1270 4287 mandare
1300 4231 1510 4286 Adamo
1541 4242 1724 4300 posset
1758 4247 1826 4285 ne
1869 4230 2018 4284 oeci.

420 4331 605 4389 deret,
634 4338 813 4383 autne
844 4327 1214 4382 committeret
1244 4325 1695 4388 adulterinm,vel
1720 4341 1786 4378 ne
1811 4324 2015 4378 furtum

2101 1833 2423 1889 mortalibus
2457 1834 2725 1889 incumbit
2756 1851 2772 1888 :
2812 1834 2960 1904 quod
2995 1834 3079 1889 vel
3112 1835 3243 1889 hinc
3285 1846 3520 1898 constat,
3564 1838 3728 1903 quia»

2097 1927 2308 1998 absque
2339 1926 2570 1997 pecunia
2594 1934 2649 1981 et
2686 1927 2857 1995 gloria
2896 1928 3079 1982 virere
3123 1926 3376 1982 homines
3414 1938 3637 1997 possunt
3676 1944 3691 1979 :

2099 2028 2155 2073 at
2186 2019 2306 2072 sine
2352 2018 2474 2072 cibo
2510 2034 2618 2073 non
2643 2029 2874 2088 possunt
2905 2018 3046 2073 sicut
3083 2018 3223 2087 apud
3247 2016 3538 2074 Jeremiam
3567 2034 3697 2088 pro.

2098 2110 2317 2180 phetatn
2373 2110 2634 2176 scriptum
2694 2120 2871 2164 exstat
2918 2128 2931 2162 :
2989 2108 3258 2163 Dederunt
3290 2126 3371 2165 res
3401 2126 3526 2164 suos
3573 2127 3695 2180 prc-

2100 2204 2267 2256 tiosas
2305 2218 2401 2272 pro
2456 2202 2592 2265 cibo,
2649 2214 2705 2256 ut
2748 2203 3111 2255 instanrarcut
3166 2204 3403 2256 animam
3448 2218 3602 2256 suam
3627 2203 3695 2255 ".

2101 2294 2288 2363 Neque
2320 2295 2465 2350 enim
2491 2294 2781 2349 adversum
2816 2294 3081 2348 nosfacit
3105 2295 3237 2349 illud
3271 2295 3490 2349 Domini
3525 2296 3699 2349 nostri
3728 2320 3737 2331 ε

2101 2388 2353 2441 dictum:
2402 2385 2535 2439 Non
2576 2388 2631 2439 in
2687 2387 2800 2440 solo
2840 2403 2976 2455 parte
3029 2388 3152 2440 vicit
3211 2388 3366 2440 homo
3406 2388 3473 2441 ⁷⁸.
3530 2386 3700 2458 Igitur

2103 2480 2363 2549 quoniam
2406 2479 2552 2549 gula,
2578 2478 2750 2547 prima
2774 2489 2857 2533 est
2886 2480 3112 2534 innubis
3142 2480 3479 2549 perturbatio
3507 2480 3699 2540 animi.

2104 2580 2534 2626 consentanequ
2568 2580 2704 2636 erat,
2762 2580 2821 2624 ut
2846 2571 3033 2640 primas
3073 2571 3208 2640 legis
3255 2570 3468 2624 Adamo
3522 2571 3701 2640 primo

2106 2664 2316 2718 homini
2352 2662 2592 2718 ferendae
2648 2664 3078 2721 essetoccasio.
3117 2664 3181 2716 Et
3240 2678 3371 2718 vero
3422 2665 3547 2733 quia
3606 2678 3731 2732 perv

2116 2756 2328 2810 ventris
2390 2752 2711 2825 ingluviem,
2774 2754 2992 2824 cibique
3047 2756 3409 2823 appetentiam
3470 2754 3704 2808 Satanas

2108 2848 2377 2901 Adamutn
2398 2847 2623 2910 vicerat,
2657 2845 2863 2902 idcirco
2889 2857 2942 2902 et
2973 2847 3233 2902 Christus
3253 2847 3380 2902 imle
3413 2848 3699 2901 victoriam
3726 2878 3743 2893 γι

2109 2954 2264 2993 suam
2304 2939 2570 2994 adversus
2599 2938 2752 2992 illum
2781 2939 2836 2993 in
2871 2939 3088 2993 deserto
3115 2948 3198 2992 est
3227 2939 3542 3008 auspicatus
3573 2955 3699 2993 eum

2109 3031 2183 3085 illi
2208 3030 2434 3095 diceret,
2467 3032 2801 3101 utest—apud
2834 3032 3018 3085 divum
3044 3031 3349 3085 Matthaium
3381 3049 3396 3085 :
3432 3031 3493 3086 Si
3526 3031 3718 3086 Filius.

2111 3122 2209 3177 Dei
2231 3140 2309 3189 es,
2340 3122 2526 3181 dicito,
2571 3133 2629 3177 ut
2694 3123 2896 3192 lapides
2931 3124 3023 3178 isti
3077 3139 3239 3192 panes
3261 3124 3394 3193 ﬁant
3428 3125 3498 3178 ⁷³.
3533 3125 3743 3179 Porro.

2111 3228 2240 3271 sunt
2272 3218 2366 3287 qui
2400 3217 2570 3273 Deum
2602 3219 2847 3288 culpent,
2894 3219 3042 3289 quod
3090 3219 3362 3275 Adamum
3398 3219 3707 3275 condiderit

2112 3310 2219 3364 cibi
2249 3310 2465 3364 avidum
2515 3326 2581 3366 ac
2616 3326 2868 3367 voracem
2900 3329 2915 3366 :
2956 3321 3009 3367 et
3058 3311 3302 3375 interim,
3351 3313 3465 3381 lege
3497 3312 3626 3376 lata,
3675 3329 3706 3366 a
3738 3358 3746 3362 .

2112 3402 2236 3457 cibo
2261 3403 2587 3457 cohibuerit.
2625 3403 2731 3458 Sed
2780 3419 2879 3459 nos
2921 3405 2987 3459 ad
3025 3403 3144 3459 haec
3189 3404 3447 3467 dicimus,
3505 3405 3705 3458 nullam

2115 3495 2205 3550 hic
2241 3495 2298 3550 in
2324 3496 2493 3550 Deum
2552 3507 2856 3551 creatorem
2891 3512 3051 3566 posse
3074 3496 3289 3567 culpam
3320 3495 3579 3560 coniferri,
3613 3496 3705 3550 sed

2116 3587 2169 3641 in
2195 3587 2371 3657 ipsum
2400 3587 2669 3642 Adamum
2689 3586 3022 3655 iustissime,
3075 3587 3232 3654 cujus
3259 3590 3528 3643 rationem
3549 3588 3709 3641 audi:

2115 3678 2385 3747 Cupidine
2434 3695 2557 3748 qua:
2590 3689 2674 3735 est
2708 3681 2761 3734 in
2795 3681 2975 3741 nobis,
3006 3689 3092 3735 est
3117 3689 3393 3749 quatenus
3436 3679 3607 3733 libere
3628 3679 3743 3732 uti:

2122 3770 2487 3840 permittitur,
2516 3779 2602 3825 est
2633 3770 2798 3825 etiam
2830 3772 2920 3824 ubi
2953 3770 3257 3826 coercenda
3294 3768 3714 3838 cohibendaque

2127 3872 2233 3918 cst.
2268 3861 2342 3914 Ea
2398 3862 2565 3932 igitur
2589 3877 2716 3930 pars
2752 3862 2902 3915 illius
2936 3876 3058 3930 quae
3084 3871 3271 3915 nostro
3297 3860 3421 3915 usui
3445 3859 3714 3928 permissa

2118 3961 2224 4019 est,
2258 3952 2417 4021 culpa
2449 3962 2627 4015 vacat,
2660 3967 2839 4022 neque
2867 3954 2985 4021 lege
3020 3950 3301 4006 inhibetur
3341 3967 3354 4002 :
3393 3949 3572 4019 qualis
3603 3957 3714 4009 est,

2120 4053 2183 4099 ut
2213 4044 2464 4108 edamus,
2500 4054 2558 4097 ιιι
2584 4044 2857 4105 bibamus,
2880 4054 2939 4096 ut
2971 4043 3331 4103 dormiamus,
3354 4050 3515 4109 atque
3546 4038 3711 4107 hujus

2119 4134 2337 4206 generis
2364 4134 2468 4189 alia
2506 4136 2796 4190 faciamus.
2841 4133 3185 4187 ltefrenanda
3219 4146 3347 4185 vero
3381 4130 3714 4185 coercenda—

2119 4242 2229 4296 que
2255 4227 2489 4291 illaest,
2525 4242 2690 4297 quam
2722 4226 2805 4280 lex
2838 4234 2988 4280 velat
3014 4223 3292 4289 exerceri;
3324 4222 3488 4276 veluti
3521 4221 3563 4275 si
3591 4219 3716 4290 quis

2124 4320 2353 4392 gulosus
2384 4320 2478 4383 sit,
2517 4319 2904 4383 autebriosus,
2929 4316 3012 4370 vel
3042 4326 3309 4371 scortator
3330 4324 3384 4368 et
3409 4314 3719 4382 hujusmodi

420 4423 653 4486 faceret,
698 4430 750 4475 et
773 4436 892 4491 quae
921 4428 1050 4473 sunt
1084 4418 1245 4488 hujus
1275 4419 1491 4488 generis
1541 4403 1672 4473 alia.
1714 4417 2013 4472 lllinsmodi
2047 4450 2094 4508 υ
2120 4412 2245 4466 aliis
2270 4411 2416 4466 vitiis
2446 4412 2685 4466 deditus.
2740 4409 3042 4465 Conﬁcitur
3091 4424 3240 4477 ergo,
3293 4406 3458 4462 Deum
3498 4407 3711 4460 Adamo

419 4514 574 4571 enim
596 4514 882 4585 przeceptis
900 4512 1087 4565 nullus
1108 4520 1238 4565 tunc
1270 4511 1423 4566 locus
1443 4525 1564 4564 esse
1581 4511 1774 4578 potuit.
1793 4508 2013 4578 quando

422 4606 562 4660 nulli
603 4614 764 4658 erant
793 4604 884 4657 alii
928 4602 1178 4657 homines
1205 4638 1221 4664 ,
1254 4601 1484 4669 ideoque
1518 4601 1688 4667 legem
1720 4600 1787 4653 de
1820 4601 2016 4654 arbore

427 4692 661 4759 ferebat,
714 4708 820 4760 qua
880 4689 1221 4747 observanda
1262 4691 1435 4760 pietas
1496 4688 1689 4744 Adanti
1752 4690 2016 4745 adversus

428 4802 593 4842 suum
626 4785 975 4840 Conditorem
1008 4793 1420 4853 agnosceretur.

504 4877 609 4934 Cur
667 4878 731 4930 de
789 4877 894 4931 cibi
961 4876 1383 4945 concupiscentia
1457 4875 1539 4928 lea:
1588 4875 1790 4928 Atlanta
1840 4875 2017 4943 posita

434 4972 519 5026 ait.
545 5002 614 5012 -—-
645 4970 887 5040 Denique
922 4979 974 5024 et
1003 4968 1135 5023 illud
1166 4969 1305 5023 solet
1330 4967 1521 5039 quaeri,
1553 4982 1653 5020 cur
1683 4967 1822 5020 Dens
1845 4965 2013 5035 legem

434 5064 647 5117 Adamo
680 5062 1046 5132 imperaverit,
1089 5076 1211 5130 quae
1261 5060 1326 5114 ad
1361 5059 1465 5114 cibi
1508 5058 2012 5124 conrupiscentiam

430 5164 733 5226 Spectaret,
766 5171 874 5210 non
909 5155 974 5209 ad
1021 5154 1182 5208 aliam
1231 5169 1345 5207 rem
1377 5150 1716 5222 quampiam.
1744 5148 2019 5203 Potuisset

426 5250 582 5303 enim
619 5246 690 5300 illi
719 5247 827 5300 lata
863 5246 979 5315 lege
1011 5244 1269 5300 mandare
1308 5254 1364 5298 ut
1398 5243 1662 5311 quosdam
1696 5241 2018 5295 nominatim

432 5342 790 5410 pra'scriptns
820 5337 1181 5407 diesjejunus
1209 5344 1304 5390 aut
1330 5335 1580 5405 precibus
1609 5348 1811 5388 vacans
1836 5343 2019 5388 trans-

432 5434 635 5503 igeret,
672 5432 753 5486 vel
789 5448 848 5488 se
898 5444 1007 5485 uno
1032 5430 1337 5499 eodemque
1390 5430 1508 5483 loco
1545 5443 1639 5495 per
1668 5443 1762 5481 eos
1818 5426 2021 5482 immo-

435 5538 534 5582 tus
588 5525 892 5579 contineret
919 5536 945 5587 ,'
988 5531 1082 5576 aut
1135 5521 1451 5590 hujusmodi
1506 5519 1651 5573 aliud
1736 5518 2018 5588 quidpiam

515 5700 562 5739 ‘"
598 5654 801 5755 Threit.
834 5713 871 5765 l,
904 5699 985 5753 ll.
1065 5695 1109 5728 "
1136 5692 1327 5753 Matth.
1358 5710 1432 5764 tv,
1464 5693 1517 5749 4.
1597 5696 1641 5727 ⁷⁹
1678 5692 1812 5751 ibid.
1838 5696 1890 5752 5.

2123 4503 2296 4573 legem
2320 4502 2468 4557 illam
2491 4503 2897 4572 perscripsisse,
2934 4518 3044 4556 non
3080 4511 3139 4555 ut
3170 4515 3397 4571 prorsus
3429 4499 3562 4553 nihil
3592 4498 3721 4553 edc-

2124 4609 2228 4661 ret,
2265 4599 2358 4653 sed
2410 4608 2470 4653 ut
2496 4600 2564 4654 de
2601 4615 2707 4653 una
2728 4598 2837 4654 illa
2861 4599 3062 4652 arbore
3116 4612 3223 4652 non
3268 4596 3476 4660 ederet.
3504 4592 3640 4648 Nam
3670 4592 3751 4648 si.

2124 4680 2272 4746 nulla
2310 4691 2384 4745 illi
2424 4706 2517 4760 per
2560 4706 2679 4745 eam
2714 4691 2885 4759 legem
2922 4704 2983 4743 re
3016 4690 3160 4743 vesci
3191 4687 3456 4747 licuisset.
3490 4686 3721 4755 culpan-

2124 4786 2228 4840 dus
2257 4799 2463 4840 revcra,
2498 4781 2691 4837 fuisset
2724 4783 2869 4836 Deus
2925 4780 3227 4850 legislatnr,
3283 4781 3376 4848 qui
3436 4778 3585 4832 illam
3645 4779 3753 4833 ita;

2124 4877 2443 4933 condiderat
2474 4883 2535 4928 ut
2581 4874 2791 4928 edendo
2825 4872 2992 4927 vitam
3026 4871 3301 4927 sustinere
3353 4868 3594 4923 deberet.
3650 4868 3722 4923 At
3773 4926 3784 4946 Δ

2124 4968 2355 5037 (ιιιειιιιιοΔ
2382 4965 2452 5020 ab
2489 4965 2652 5020 unica
2688 4964 2867 5035 ipsum
2899 4964 3168 5018 duntaxat
3196 4974 3392 5017 arnore
3421 4960 3721 5031 prohibuit,
3770 4950 3781 5010 :'

2126 5072 2305 5128 neque
2338 5056 2389 5112 id
2418 5059 2500 5112 vel
2523 5072 2616 5128 per
2645 5056 2905 5111 invidiam
2932 5055 3013 5110 vel
3043 5070 3141 5125 per
3173 5055 3406 5121 odium;
3442 5053 3537 5108 sed
3567 5062 3625 5107 ut
3653 5068 3747 5108 ex.

2129 5152 2250 5223 ejus
2289 5149 2829 5221 legis-observatione
2856 5164 3079 5203 causam
3112 5148 3335 5203 haberet
3368 5146 3721 5218 permittendi

2129 5244 2325 5300 deinde
2349 5244 2450 5313 ipsi
2486 5252 2705 5313 gustare
2728 5242 2856 5297 vitae
2880 5241 3155 5305 arborem,
3181 5257 3291 5310 quo
3321 5242 3431 5295 vita
3459 5239 3720 5306 deinceps

2131 5334 2237 5390 frui
2284 5334 2616 5404 sempiterna
2671 5340 2901 5402 posset:
2940 5331 3085 5386 haud
3144 5331 3336 5387 insons
3371 5345 3502 5385 sane
3549 5328 3721 5381 videri

2132 5426 2225 5482 ille
2243 5425 2424 5493 ﬁdebat
2451 5424 2541 5490 qui
2596 5440 2705 5478 non
2741 5423 3020 5478 satiaverit
3050 5438 3206 5477 suam
3259 5421 3607 5490 cupiditatem
3651 5416 3723 5471 ab

2138 5520 2361 5591 reliquis
2393 5517 2715 5583 arboribus;
2748 5530 2921 5586 neque
2950 5515 3163 5571 unicam
3194 5513 3342 5569 illam
3380 5509 3582 5577 vitarit,
3610 5524 3719 5580 qua
