4086 6480
436 252 546 347 535

1696 284 1943 345 ’ΜΟΞῙΞ
1983 281 2136 342 BAR
2171 279 2419 345 CEPHA

3594 271 3704 336 536

436 399 612 454 fuerat
650 397 754 454 sibi
791 392 1158 457 interdictum.
1189 397 1323 454 Nam
1360 408 1422 454 ut
1446 409 1654 455 caetera:
1708 413 1900 455 omnes
1922 412 2020 453 ve-
2048 396 2097 454 Α
2125 395 2272 450 tione
2299 407 2353 451 et
2382 410 2504 468 quae
2556 393 2739 449 anima
2770 398 2980 455 carent,
3015 395 3226 445 naturze
3275 386 3478 458 impetu
3540 394 3704 455 atque

434 488 550 543 tita‘
590 488 843 554 fuissent,
874 488 1103 559 solaque
1143 503 1252 543 una
1308 503 1593 560 concessa,
1645 490 1790 545 nulla
1830 497 2011 545 tamen

434 584 612 652 ipsum
644 580 952 651 subegisset
982 581 1279 636 necessitas
1301 580 1367 637 de
1393 581 1723 652 reliquarum
1751 596 1856 636 una
1879 596 2014 652 qua.

433 672 580 743 piam
612 683 852 745 gustare,
882 683 1089 744 quanto
1117 674 1300 730 minus
1332 689 1457 729 eum
1485 689 1676 731 omnes
1698 686 1893 746 praeter
1921 690 2014 730 so-

436 766 542 821 lam
568 780 734 820 unam
780 767 1058 835 permissae
1119 774 1320 832 essent,
1374 766 1481 821 ulla
1510 768 1687 838 ipsum
1745 767 2013 836 compulit

434 858 519 913 vis
545 872 666 913 eam
694 873 858 913 unam
897 858 1145 913 arborem
1176 858 1396 913 vetitam
1451 860 1741 928 attingere.
1791 858 2012 914 Certum

384 937 401 1005 ‘;
433 948 604 1017 igitur
637 963 702 1002 ex
756 947 842 1003 his
871 948 1073 1012 evadit,
1115 948 1330 1017 culpam
1381 949 1435 1002 in
1492 948 1698 1004 Adamo
1727 949 2014 1013 inhaerere,

2115 488 2401 544 efficientia
2429 488 2702 543 ducuntur
2732 492 2791 539 ut
2816 483 3027 555 legibus
3054 480 3169 538 suis
3194 480 3595 549 obsequantur.
3619 479 3705 532 Ad

2116 580 2266 635 hzee:
2298 580 2566 645 homines,
2598 578 2644 633 si
2682 577 2892 640 volunt,
2919 582 3183 641 servant;
3238 572 3285 628 si
3347 572 3544 626 nolunt
3592 585 3705 624 non

2116 683 2336 730 servant
2367 689 2496 730 suas
2532 674 2675 743 leges
2711 687 2728 725 :
2772 670 3007 738 pendent
3054 667 3201 723 enim
3220 683 3284 723 ex
3320 666 3493 720 libero
3520 664 3706 718 homi-

2118 782 2246 821 num
2269 765 2591 820 arhitrio.At
2611 765 2766 818 aliter
2793 777 2852 819 se
2881 762 3081 817 habent
3106 774 3294 814 earum
3320 772 3503 812 rerum
3537 756 3708 825 leges,

2118 872 2240 921 qua:
2286 857 2499 911 ratione
2526 865 2580 911 et
2626 870 2748 926 quae
2810 868 2973 910 sensu
3022 859 3256 917 vacant;
3312 863 3488 919 neque
3553 848 3703 901 enim

2117 952 2221 1014 leo,
2264 959 2317 1006 et
2373 948 2548 1004 audax
2612 959 2667 1003 et
2705 946 2930 1002 timidus
2980 959 3101 1000 esse
3159 951 3371 1014 potest;
3420 954 3598 1007 neque
3631 938 3710 991 leo

2118 1057 2243 1112 pus,
2278 1040 2515 1111 pavidus
2538 1047 2593 1093 et
2618 1036 2942 1107 impavidus,
2975 1035 3067 1092 sed
3094 1047 3201 1089 una
3225 1031 3452 1084 audacia
3483 1028 3707 1082 leonum

2118 1145 2221 1196 est,
2259 1150 2426 1203 pavor
2454 1148 2583 1188 vero
2617 1133 2768 1187 solus
2801 1130 3071 1200 leporum.
3111 1124 3298 1194 Neque
3349 1131 3412 1177 ut
3461 1121 3547 1176 leo
3597 1136 3707 1175 non

2119 1230 2189 1283 sit
2222 1228 2428 1293 audax,
2466 1226 2553 1280 vel
2600 1226 2751 1294 lepus
2807 1238 2919 1277 non
2965 1220 3126 1291 fugax
3179 1218 3294 1273 fieri
3332 1224 3528 1287 potest.
3558 1214 3711 1275 Con-

2122 1330 2444 1376 sentaneum
2477 1319 2642 1389 igitur
2673 1327 2780 1383 est,
2815 1315 2927 1371 haec
2960 1314 3005 1369 si
3048 1313 3166 1369 suis
3207 1310 3413 1381 legibus
3451 1319 3709 1379 pareant,

327 1041 332 1044 ’
397 1054 545 1092 .uon
586 1038 640 1092 in
703 1038 874 1108 ipsius
921 1038 1175 1094 eileetore
1213 1040 1344 1094 Deo.
1398 1038 1503 1094 Sed
1545 1049 1600 1096 et
1630 1041 1764 1096 illud
1801 1042 2019 1112 disqui-

393 1127 669 1212 {rendum
744 1137 829 1184 est
869 1146 884 1184 :
934 1128 1112 1185 soliue
1170 1130 1382 1186 Adamo
1431 1131 1603 1202 legem
1669 1133 2019 1203 imperaverit

387 1241 402 1301 ί
432 1221 600 1283 Deus,
622 1233 691 1273 an
718 1234 843 1274 vero
892 1219 1057 1274 etiam
1085 1220 1297 1276 caeteris
1326 1222 1491 1277 rebus
1520 1222 1648 1277 dum
1691 1222 1834 1293 ipsas
1888 1237 2020 1277 con-

438 1308 619 1375 deret,
673 1324 806 1364 suas
853 1311 1053 1380 cuique
1087 1311 1233 1382 leges
1263 1312 1519 1367 dederit?
1553 1313 1792 1369 Dicimus
1815 1323 2020 1377 autem,

434 1401 692 1459 omnibus
774 1401 940 1459 rebus
1026 1417 1157 1459 esse
1242 1404 1449 1474 positas
1513 1404 1662 1473 leges
1729 1424 1743 1461 :
1814 1406 2023 1460 ratione

408 1492 705 1562 .preditis,
731 1503 786 1550 et
816 1494 1048 1550 rationis
1075 1496 1411 1567 expertibus,
1448 1497 1794 1560 mortalibus,
1832 1505 1887 1554 et
1923 1498 2023 1552 im-

436 1585 799 1653 mortalibus;
838 1587 1116 1653 animatis,
1172 1596 1230 1642 et
1279 1587 1628 1657 inanimatis;
1684 1603 1806 1659 quae
1856 1603 2021 1644 sensu

438 1677 838 1746 percipiuntur,
894 1688 949 1733 et
983 1693 1107 1749 quae
1160 1693 1382 1734 sensum
1447 1695 1665 1735 omnem
1731 1679 2017 1751 eﬁ‘ugiunt.

2125 1430 2228 1467 non
2279 1414 2400 1468 ideo
2429 1412 2592 1481 digna
2615 1425 2743 1466 esse
2774 1407 3021 1480 prtemio,
3047 1406 3269 1475 quando
3315 1403 3462 1458 nulla
3496 1400 3711 1456 arbitrii

2123 1505 2375 1560 libertate
2406 1504 2636 1574 pollent,
2670 1501 2761 1556 sed
2792 1508 3001 1554 natura:
3032 1495 3268 1552 vinculis
3300 1494 3597 1549 constricta
3633 1501 3717 1547 te-

2124 1607 2320 1652 nentur
2354 1613 2367 1650 :
2405 1610 2507 1651 nos
2537 1609 2668 1650 vero
2718 1594 2801 1648 vel
2842 1594 3153 1657 observare,
3203 1588 3289 1643 vel
3328 1580 3537 1641 violare
3564 1586 3715 1655 leges

2125 1689 2282 1742 nobis
2314 1688 2613 1756 imperatas
2654 1686 2900 1756 quimus,
2941 1683 3227 1739 Postremo
3260 1681 3367 1735 hoe
3395 1680 3560 1733 etiam
3617 1676 3720 1730 ad—

406 1744 605 1834 Nami
631 1768 803 1837 (νενὶιί
839 1744 1059 1841 gratia).
1094 1772 1303 1841 angelis
1345 1772 1580 1841 Primam
1631 1773 1801 1843 legem
1845 1744 2021 1828 vdabal.
2052 1744 2097 1801 Β
2125 1782 2361 1836 dendum
2395 1744 2509 1834 .huc
2561 1744 2839 1836 duximus,
2883 1744 3042 1830 nobis
3094 1774 3320 1842 insuper
3347 1784 3467 1825 esse
3508 1768 3718 1822 inditas

436 1875 566 1916 eum
625 1861 778 1944 ipsos
820 1871 1056 1928 crearet,
1115 1865 1378 1919 adversus
1421 1877 1585 1933 quam
1634 1865 2022 1934 prmvaricatur

440 1951 632 2016 Satan,
674 1966 799 2006 cum
832 1952 948 2007 suis
982 1953 1154 2028 copiis
1194 1953 1378 2024 lapsus
1406 1962 1526 2022 est;
1558 1955 1757 2012 deinde
1792 1958 2018 2014 alteram

443 2042 559 2097 illis
589 2057 813 2099 rursum
840 2042 1007 2101 dabat
1032 2046 1228 2117 legem,
1258 2056 1316 2101 ιιι
1349 2063 1438 2103 res
1467 2055 1662 2104 natura
1702 2058 2024 2118 eerporatas

444 2134 913 2203 administrarent,
960 2147 1126 2208 atque
1177 2139 1294 2194 haec
1336 2139 1595 2196 inferiora
1640 2151 1695 2197 et
1724 2157 2023 2214 cognosce-

442 2235 569 2280 rent
598 2236 653 2281 et
681 2229 1087 2299 gubernarent;
1138 2231 1250 2299 ipsa
1290 2232 1499 2288 scilicet
1524 2240 1731 2288 natura
1757 2234 2022 2289 elementa

444 2326 650 2387 aqua:
686 2335 754 2374 ex
808 2320 1094 2377 elementis
1129 2325 1431 2393 composita
1494 2334 1624 2381 sunt
1666 2340 1916 2395 corpora,
1964 2336 2024 2383 ut

443 2412 523 2465 ait
558 2409 895 2469 Philoxcnus
942 2430 1193 2470 sermone
1227 2415 1295 2470 de
1333 2420 1529 2472 arbore
1566 2417 1707 2473 vitae.
1765 2418 2024 2475 Similiter

448 2510 505 2555 et
539 2503 679 2558 (σξιο
709 2514 763 2559 et
795 2513 955 2560 terrm
984 2507 1155 2576 legem
1194 2508 1400 2577 posuit,
1431 2518 1487 2563 ut
1527 2508 1582 2564 iu
1611 2524 1794 2564 rerum
1828 2519 2024 2565 natura

448 2596 828 2663 perdurarent,
863 2604 923 2650 ιιι
969 2599 1045 2652 ait
1070 2598 1236 2654 David
1273 2617 1288 2656 :
1330 2599 1602 2656 Stabilivit
1629 2613 1827 2655 terram
1861 2617 2025 2671 supra

449 2687 625 2750 fulcra
655 2704 754 2743 sua
777 2688 845 2744 ”.
879 2690 1094 2747 Rursus
1134 2691 1235 2747 soli
1278 2700 1333 2747 et
1364 2693 1506 2748 luna:
1545 2694 1866 2765 exterisque
1895 2695 2027 2750 stel-

451 2780 522 2834 lis
549 2794 682 2836 suas
721 2781 1056 2849 praescripsit
1098 2782 1266 2854 leges,
1316 2787 1517 2855 quibus
1565 2795 1747 2842 motus
1776 2788 2023 2856 ipsorum

448 2871 730 2942 aequalitas
787 2875 1015 2945 regitur,
1066 2876 1195 2932 dum
1257 2891 1403 2932 nunc
1463 2878 1730 2933 accedunt
1778 2880 2023 2950 propius,

451 2978 599 3018 nunc
628 2966 921 3029 recedunt;
958 2968 1116 3036 juxta
1144 2967 1275 3022 illml
1309 2968 1554 3040 ejusdem
1592 2969 1812 3027 Davidis
1844 2989 1859 3027 ε
1897 2972 2029 3027 Sta-

2127 1872 2290 1927 ctiam
2319 1872 2490 1940 leges,
2535 1867 2643 1923 illis
2689 1867 2897 1937 legibus
2960 1872 3338 1921 creaturarum
3384 1862 3598 1919 ratione
3657 1865 3715 1912 et

2129 1979 2289 2020 sensu
2372 1961 2676 2019 carentium
2773 1958 3004 2015 similes.
3061 1955 3226 2011 Verbi
3275 1954 3479 2024 gratia;
3536 1950 3716 2006 oculis

2129 2057 2331 2111 nostris
2358 2053 2518 2108 insita
2551 2061 2632 2108 est
2671 2068 2701 2107 a
2732 2051 2842 2106 Deo
2869 2052 2949 2106 lex
2985 2048 3226 2112 videndi,
3253 2046 3502 2111 auribus,
3554 2044 3708 2126 audi-

2129 2149 2298 2217 endi;
2358 2149 2561 2220 palato.
2600 2145 2893 2218 gustandi;
2952 2144 3197 2209 naribus,
3238 2139 3531 2206 odorandi;
3573 2154 3703 2191 veno

2131 2241 2347 2307 tric'ulo,
2392 2237 2811 2309 coneoqnendi;
2853 2248 3016 2308 atque
3052 2236 3124 2291 ita
3178 2235 3395 2291 caeteris
3449 2232 3709 2287 membris

2131 2349 2256 2389 SllaS
2290 2331 2485 2387 indidit
2515 2346 2694 2385 rerum
2722 2329 2910 2400 Opilex
2954 2327 3299 2384 eﬂicaeitates
3331 2343 3430 2398 pro
3459 2325 3669 2396 legibus
3696 2340 3711 2375 :

2133 2426 2271 2493 Quia
2304 2441 2406 2497 quo
2438 2424 2524 2478 die
2545 2424 2782 2478 comedas
2838 2422 2902 2476 de
2929 2439 3013 2483 ea,
3064 2431 3230 2475 morte
3270 2419 3534 2473 morieris.
3591 2415 3719 2470 Hmc

2110 2519 2310 2574 ‘oratio
2349 2519 2529 2574 minas
2584 2523 2966 2585 terroremque
3025 2513 3294 2578 continet,
3324 2521 3384 2566 ut
3431 2527 3537 2580 qua
3576 2511 3723 2564 Deus

2135 2613 2363 2676 Adamo,
2405 2610 2451 2666 si
2505 2606 2954 2680 praevaricaretur
2977 2614 3029 2661 et
3061 2605 3126 2659 de
3158 2605 3352 2660 arbore
3388 2604 3476 2657 illa
3509 2603 3718 2667 ederet,

2132 2702 2478 2757 obnuntiavit
2512 2699 2839 2770 periculum.
2874 2697 2976 2753 Sed
2999 2694 3281 2767 quaeritur,
3323 2709 3430 2763 qua
3453 2695 3519 2747 de
3547 2707 3720 2748 causa

2132 2794 2209 2851 illi
2248 2797 2319 2848 sit
2349 2792 2729 2848 inter-minans.
2755 2790 2951 2845 Facilis
2982 2797 3066 2843 est
3103 2787 3411 2856 responsio.
3433 2795 3495 2840 ut
3523 2802 3550 2839 a
3588 2785 3715 2840 vio-

2135 2883 2753 2956 landalege,illiusmodi
2788 2882 2974 2943 minis,
3002 2889 3055 2935 et
3079 2895 3251 2949 poenae
3282 2877 3528 2948 periculo
3560 2876 3723 2932 eobi-

2137 2981 2377 3042 bcretur,
2412 2993 2576 3047 quam
2618 2975 2720 3030 sibi
2746 2974 3089 3043 delinquenti
3144 2981 3345 3042 pt‘azsto
3389 2956 3720 3024 adfuturam

396 3102 419 3150 ἔ
451 3057 552 3110 luit
592 3057 760 3126 ipsam
804 3059 860 3111 in
879 3061 1134 3114 secutum
1163 3061 1366 3127 seculi,
1396 3063 1560 3134 legem
1609 3065 1776 3132 dedit,
1821 3073 1870 3120 et
1926 3081 2026 3119 non

2136 3071 2433 3141 praesriret.
2466 3068 2638 3137 Leges
2662 3068 2803 3122 enim
2839 3082 2934 3136 per
2964 3074 3073 3121 tres
3116 3078 3312 3119 causas
3361 3062 3473 3117 fere
3521 3062 3723 3116 obser-

450 3150 745 3216 prateribit
773 3150 835 3205 ³¹.
878 3150 1125 3223 Denique
1160 3164 1212 3208 et
1248 3170 1399 3211 mare
1442 3171 1597 3212 suam
1627 3173 1656 3212 a
1702 3156 1812 3212 Deo
1857 3158 2025 3229 legem

421 3289 424 3293 .
452 3242 861 3311 accrpilﬁpsatn
880 3258 1102 3300 arenam
1124 3265 1140 3314 ;
1162 3248 1227 3301 ad
1248 3264 1410 3317 quam
1423 3250 1553 3303 dum
1575 3251 1849 3306 inundans
1869 3260 2032 3322 atque

457 3348 786 3400 procurrens
807 3338 1085 3409 pertingit,
1122 3341 1336 3396 sistitur
1366 3357 1543 3412 neque
1574 3343 1744 3412 ipsam
1775 3347 2029 3413 prmterit.

454 3426 599 3492 Quin
635 3436 691 3482 et
722 3428 930 3496 herbis,
968 3432 1291 3500 seminibus,
1325 3433 1613 3489 arboribus
1662 3434 1746 3489 lex
1775 3435 1902 3490 data
1930 3443 2032 3500 est,

458 3526 517 3569 ut
568 3516 857 3585 pullulent,
906 3530 1332 3593 augescantque.
1389 3522 1681 3580 Postremo
1734 3527 2035 3582 animantia

455 3611 641 3666 omnia
673 3627 796 3678 quae
836 3615 1047 3671 ratione
1086 3625 1290 3683 carent,
1323 3617 1562 3686 generali
1589 3619 1692 3674 hac
1717 3618 1835 3689 lege
1860 3617 2035 3673 infor-

457 3704 648 3767 mavit,
681 3714 744 3759 ut
776 3721 864 3762 res
894 3721 1056 3763 sensu
1119 3723 1222 3765 suo
1272 3710 1550 3780 percipere
1593 3720 1648 3766 et
1704 3720 1855 3767 motu
1915 3728 2037 3769 sese

457 3796 666 3866 agitare
701 3807 926 3868 queant.
995 3800 1268 3855 Caeterum
1326 3802 1578 3857 leonibus
1634 3804 2079 3874 particulariter‘

455 3891 741 3948 audaciam
766 3907 867 3962 pro
900 3893 1018 3963 lege
1069 3893 1248 3959 dedit;
1309 3895 1610 3963 leporibus,
1653 3897 2034 3965 timiditatem;

452 3981 766 4051 pantheris,
792 3984 1055 4054 unguenti
1090 3986 1372 4046 amorem:
1406 3988 1680 4059 vulpibus,
1715 3988 2036 4061 fraudulen-

456 4076 587 4129 tiam
619 4084 782 4147 atque
810 4078 1114 4145 astueiam;
1152 4081 1328 4150 agnis,
1369 4096 1558 4152 puram
1592 4083 1992 4154 simplicitatem
2020 4103 2034 4153 ;

422 4168 681 4237 aquilis.
743 4183 943 4224 saevam
997 4172 1385 4242 rapacitatem;
1433 4174 1724 4241 columbis,
1775 4175 2039 4231 innocen-

458 4260 632 4326 tiam;
694 4270 857 4330 atqtte
911 4263 983 4317 ita
1036 4264 1104 4318 de
1129 4265 1340 4320 caeteris
1368 4265 1580 4338 legibus
1613 4268 2039 4336 partieularibus

457 4369 635 4424 quaza
673 4353 783 4409 Deo
842 4354 1165 4421 bestiarum,
1207 4357 1412 4424 avium,
1466 4360 1747 4428 reptilium
1800 4360 2039 4432 denique

2137 3172 2367 3217 vantur:
2405 3170 2496 3213 aut
2518 3175 2613 3229 per
2638 3172 2878 3212 amorem
2901 3170 3009 3227 quo
3032 3155 3399 3225 legislaturem
3434 3154 3727 3223 prosequi-

2136 3269 2281 3321 mur,
2319 3259 2413 3311 aut
2462 3267 2557 3320 per
2592 3249 2798 3321 pra'mii
2833 3264 2984 3318 spem
3014 3249 3158 3317 quod
3194 3246 3514 3315 parentibus
3558 3244 3720 3299 nobis

2135 3345 2476 3416 prepositum
2512 3353 2614 3408 est,
2643 3351 2738 3397 aut
2771 3341 3005 3410 denique
3033 3356 3128 3410 per
3153 3348 3357 3393 metum
3378 3352 3560 3408 ptente
3597 3352 3722 3407 quae

2139 3436 2493 3507 peccantibus
2524 3444 2607 3491 est
2638 3434 2963 3505 praestituta.
3009 3430 3123 3486 Huc
3158 3432 3321 3501 igitur
3369 3428 3580 3500 spectat
3632 3429 3725 3484 illa

2137 3528 2492 3586 comminatio
2542 3543 2647 3598 qua
2685 3542 2816 3581 usus
2848 3526 2987 3580 Deus
3022 3525 3098 3579 ait
3136 3543 3151 3580 :
3185 3521 3302 3589 Quo
3352 3523 3440 3576 die
3482 3521 3723 3576 comede:
3774 3570 3781 3581 ,

2138 3622 2201 3677 de
2222 3638 2305 3688 ea,
2338 3630 2507 3674 morte
2532 3619 2812 3682 morieris;
2848 3626 2907 3672 ut
2959 3616 3005 3672 si
3033 3616 3123 3672 ille
3175 3613 3453 3685 prioribus
3506 3614 3719 3669 duabus

2140 3713 2323 3769 causis
2366 3694 2511 3767 haud
2550 3711 2904 3766 induceretur
2948 3707 3014 3763 ad
3051 3707 3378 3778 pareniltlm,
3440 3714 3711 3777 postrema

2141 3808 2332 3861 saltem
2365 3804 2481 3859 htec
2513 3802 2533 3870 (
2562 3799 2812 3872 supplicii
2838 3808 2983 3854 metu
3030 3796 3174 3869 dico)
3204 3798 3258 3852 in
3307 3796 3487 3853 ol‘licio
3539 3797 3717 3866 ipsum

2139 3898 2464 3951 contineret.
2504 3892 2640 3948 Nam
2688 3902 2743 3948 et
2793 3890 2925 3946 illud
2976 3905 3196 3960 quoque
3248 3888 3622 3958 intelligimus,
3660 3896 3723 3941 ut
3784 3918 3791 3923 υ

2144 4004 2359 4058 poenam
2388 3986 2625 4041 minatus
2655 3994 2739 4041 est
2769 3985 3009 4053 peccanti
3045 3983 3212 4047 Deus,
3251 3982 3325 4036 ita
3356 3990 3409 4035 et
3438 3979 3725 4059 praemium

2143 4095 2261 4135 esse
2296 4079 2597 4149 pollicitum
2633 4075 2980 4146 obsequenti,
3010 4074 3258 4144 quamvis
3295 4073 3400 4128 hoe
3431 4088 3608 4142 neque
3639 4070 3727 4126 di-

2148 4173 2290 4229 xerit
2339 4186 2516 4241 neque
2550 4169 2832 4240 scripserit
2869 4168 3026 4222 divus
3061 4166 3263 4230 Moses,
3311 4166 3405 4219 sed
3438 4173 3730 4232 qautentus

2144 4280 2318 4337 preme
2343 4263 2680 4323 meminisse,
2711 4262 2778 4317 de
2814 4259 3041 4330 praemio
3088 4258 3340 4313 tacuerit.
3391 4255 3732 4311 Promiserat

2145 4360 2315 4423 enim,
2364 4358 2410 4413 si
2446 4357 2636 4428 positae
2683 4355 2788 4424 legi
2836 4361 3070 4424 pareret,
3116 4350 3513 4421 permissurum
3564 4364 3624 4404 se
3653 4348 3729 4402 illi

457 4446 670 4502 naturis
726 4454 854 4501 sunt
907 4446 1198 4516 impositas,
1246 4447 1390 4503 sicut
1445 4450 1652 4519 prolixe
1701 4452 1931 4508 antehac
1980 4453 2034 4507 in
2074 4450 2115 4505 D
2144 4460 2203 4508 ut
2229 4452 2295 4507 de
2317 4450 2515 4505 arbore
2570 4449 2695 4503 vitae
2737 4447 2942 4511 ederet,
2995 4453 3159 4514 atque
3214 4443 3289 4498 ita
3318 4443 3485 4497 vitam
3525 4442 3731 4495 viveret

457 4552 526 4592 eo
566 4537 707 4593 libro
757 4553 919 4608 quem
949 4536 1018 4592 de
1055 4554 1148 4595 sex
1193 4539 1387 4595 diebus
1416 4538 1664 4608 fecimus,
1701 4558 1729 4596 a
1770 4543 1926 4599 nobis
1952 4554 2037 4599 est

458 4639 760 4685 ostensum.
799 4629 1041 4700 Denique
1071 4632 1394 4702 interrogari
1428 4635 1586 4700 solet,
1620 4632 1819 4705 quibus
1869 4636 1923 4690 in
1957 4640 2041 4692 re-

458 4721 561 4776 bus
599 4720 852 4777 dill‘erant
879 4736 957 4776 ea:
989 4721 1136 4793 leges
1167 4738 1305 4793 quas
1337 4723 1480 4780 Deus
1504 4725 1762 4796 imposuit
1793 4726 2042 4782 animan-

457 4816 604 4873 tibus
632 4815 858 4871 rationis
889 4814 1223 4885 expertibus,
1258 4815 1528 4885 rebusque
1561 4817 1681 4872 aliis
1713 4820 2041 4887 eorporatis,

457 4924 580 4976 quae
609 4918 666 4963 et
695 4908 876 4962 anima
905 4915 961 4962 et
990 4922 1156 4963 sensu
1184 4891 1396 4973 carent,
1438 4910 1507 4963 ab
1539 4910 1644 4965 illis
1667 4911 1878 4980 legibus
1902 4927 2038 4981 quas

463 4999 774 5056 hominibus
833 5001 1164 5069 praescripsit
1224 5011 1278 5056 et
1320 5001 1442 5056 aliis
1500 5004 1765 5058 creaturis
1829 5004 2040 5059 ratione

461 5093 728 5162 praeditis.
775 5093 855 5148 Ad
885 5095 989 5149 hoc
1015 5094 1434 5164 respondemus,
1465 5093 1716 5165 plurimis
1753 5108 1848 5149 eas
1899 5095 2040 5149 inter

458 5198 516 5238 se
542 5184 716 5239 modis
745 5185 985 5245 dili‘erre.
1029 5184 1162 5240 Nam
1198 5187 1370 5256 legum
1406 5202 1526 5256 qua:
1566 5186 1879 5241 hominibus
1922 5186 2044 5240 lata:

430 5285 613 5339 sunt,
653 5277 850 5348 invipsa
874 5279 1154 5334 voluntate
1168 5279 1340 5348 posita
1374 5286 1458 5333 est
1474 5277 1813 5344 observatio;
1850 5292 2038 5333 earnm

464 5385 593 5427 vero
613 5371 794 5442 legum
826 5372 1071 5427 custodia
1130 5387 1255 5441 quae
1316 5387 1417 5427 nec
1477 5370 1661 5425 anima
1713 5385 1814 5425 nec
1874 5382 2038 5426 sensu

466 5463 706 5533 prmditis
784 5462 955 5519 rebus
1029 5463 1297 5532 impositae
1355 5471 1506 5526 sunt,
1568 5462 1620 5516 in
1677 5461 1795 5531 ipsa
1850 5475 2037 5516 earum

467 5566 660 5610 natura
693 5561 776 5608 est
813 5553 936 5608 sita.
981 5551 1120 5607 Tum
1156 5551 1408 5607 homines
1451 5552 1698 5607 doctrina
1738 5549 2044 5606 formantur

466 5648 532 5703 ad
573 5646 910 5718 praestandus
943 5647 1090 5718 leges
1115 5660 1252 5716 quas
1297 5645 1535 5710 debent;
1573 5651 1629 5700 at
1668 5659 1731 5701 ea
1786 5659 1906 5716 qua:
1954 5659 2042 5700 ra-

537 5742 583 5775 ⁸⁰
622 5743 768 5802 Psal.
793 5761 904 5811 cm,
937 5743 989 5802 5.
1067 5740 1109 5776 ⁶¹
1138 5742 1281 5799 Psal.
1305 5756 1525 5808 rxtvtn,
1549 5740 1603 5798 6.

2142 4542 2553 4613 sempiternam,
2593 4538 3030 4607 immortalisque
3082 4536 3355 4599 evaderet,
3390 4534 3555 4603 idque
3600 4531 3731 4587 hinc

2145 4644 2380 4700 constat,
2423 4632 2569 4705 quod
2602 4632 2691 4686 ubi
2726 4630 2929 4685 edisset
2961 4627 3201 4684 Adamus
3225 4628 3294 4682 de
3332 4626 3528 4681 arbore
3556 4625 3732 4679 scien-

2147 4728 2254 4794 tiae,
2286 4726 2482 4780 dixerit
2515 4723 2695 4778 Deus:
2734 4719 2816 4775 Ne
2846 4720 2983 4789 forte
3019 4718 3269 4774 extendat
3306 4731 3524 4770 manum
3546 4730 3726 4775 suam,

2148 4832 2195 4876 et
2230 4828 2404 4874 sumat
2439 4818 2504 4871 de
2532 4815 2720 4869 arbore
2765 4815 2906 4880 vita',
2947 4812 3169 4882 edatque
3198 4827 3261 4865 ac
3287 4810 3427 4864 vivat
3457 4809 3511 4863 in
3540 4824 3733 4878 perpe-

2149 4923 2240 4966 tuo
2276 4928 2290 4965 :
2318 4918 2602 4980 pra-terea,
2627 4907 2769 4976 quod
2801 4916 2973 4959 morte
2998 4912 3057 4958 ut
3102 4916 3276 4974 paenae
3306 4902 3556 4972 opposita
3587 4900 3633 4954 si
3663 4914 3733 4952 ex

2149 5004 2378 5059 adverso
2429 5002 2538 5054 vita
2592 5011 2793 5053 a-terna
2850 4997 3008 5066 quasi
3077 4995 3384 5065 praemium,
3420 5001 3476 5047 et
3515 4991 3731 5045 mortali

2148 5095 2443 5150 conditioni
2479 5107 2639 5162 quam
2666 5091 2976 5146 minabatur
3008 5089 3148 5144 Deus
3182 5087 3536 5149 immortalis,
3567 5099 3674 5154 qua
3702 5101 3731 5134 ιι

2152 5187 2522 5259 promittebat.
2546 5185 2737 5248 Porro,
2774 5182 2865 5236 ubi
2895 5183 2961 5236 de
2993 5182 3108 5252 lege
3130 5196 3294 5250 quam
3327 5180 3535 5233 Adamo
3565 5177 3735 5245 impe-

2150 5287 2367 5335 raverat
2397 5278 2539 5332 Dsus
2598 5276 2812 5331 locutus
2857 5282 2943 5329 est
2998 5272 3199 5336 Moses,
3260 5270 3608 5342 progreditur
3665 5270 3735 5321 ad

2151 5367 2441 5423 dicendum
2504 5367 2571 5421 de
2600 5364 2921 5419 concinnata
2980 5361 3324 5441 l‘ormataque
3380 5358 3515 5422 Eva,
3558 5358 3737 5428 deque

2134 5458 2448 5516 ‘bestiarum
2483 5466 2536 5513 et
2559 5458 2826 5527 pecudum
2860 5456 3259 5526 procreatioue,
3314 5462 3368 5508 et
3397 5453 3466 5508 de
3497 5448 3733 5506 nomini-

2140 5542 2262 5610 bus
2296 5552 2498 5622 quibus
2530 5550 2631 5606 has
2679 5549 2970 5620 appellavit
2996 5549 3190 5613 Adam,
3236 5545 3488 5617 inquiens
3516 5563 3528 5599 :
3559 5543 3625 5597 Et
3655 5542 3733 5595 ait

2149 5641 2408 5699 Dominus
2439 5638 2576 5697 Deus
2598 5659 2611 5697 :
2634 5638 2758 5696 Non
2787 5648 2862 5696 est
2893 5642 3083 5697 bonum
3114 5638 3377 5699 Adantum
3409 5654 3517 5694 esse
3539 5635 3734 5701 solum,
