4086 6392
384 304 495 371 537

1522 307 1622 370 DE
1658 303 2070 371 PA'RADISO.
2109 333 2177 346 -
2219 309 2418 370 PARS
2457 310 2511 371 Ι.

3544 312 3655 376 538

454 416 571 472 Cur
603 416 806 472 Adamn
839 426 1019 473 creato
1070 435 1175 474 non
1205 419 1399 493 dixerit
1435 419 1578 475 Deus
1611 420 1806 476 bonum
1854 438 1968 477 esse
1993 425 2039 483 Α
2069 422 2327 484 Numine,
2387 434 2441 478 et
2479 423 2533 478 in
2568 422 2797 478 aliarum
2847 422 3111 479 virtutum
3163 426 3425 481 exercitio
3476 427 3653 483 virum

362 508 526 579 quod
568 509 898 578 fecisset.--
934 509 1081 566 Sunt
1111 526 1177 567 ex
1216 512 1605 583 interpretibus
1650 514 1742 583 qui
1784 514 1969 569 dicant

362 615 447 654 'ea
485 601 643 655 verba
675 614 707 654 a
740 602 849 657 Deo
880 604 1231 671 pronuntiata
1258 618 1382 661 esse
1428 604 1560 661 voce
1583 622 1705 676 quae.
1768 607 1821 661 in
1869 622 1968 661 au-

382 691 568 746 diendi
615 706 842 747 sensum
906 697 1146 760 caderet,
1187 695 1253 750 ad
1285 695 1647 752 erudiendum
1701 697 1965 752 Adamum

376 784 806 855 discendumque
861 788 1005 857 quod
1058 786 1201 844 Deus
1252 799 1467 844 creator
1525 790 1618 854 sit,
1671 789 1792 859 ipse
1836 805 1967 845 vero

378 888 508 927 cum
532 889 704 930 uxore
735 876 1010 946 rebusque
1026 879 1150 934 aliis
1174 895 1296 949 quae
1325 895 1557 951 usquam
1581 890 1785 943 essent,
1809 896 1966 936 crea-

373 972 539 1017 turae.
573 963 845 1019 Caeterum
876 983 976 1022 cur
1014 984 1138 1024 cum
1194 970 1443 1026 ﬁnxisset
1505 970 1647 1026 Dens
1692 971 1961 1026 Adamum

373 1069 488 1110 non
541 1056 766 1121 dixerit,
798 1059 984 1114 videre
1015 1076 1074 1116 se
1100 1062 1151 1117 id
1192 1062 1336 1132 quod
1361 1040 1693 1119 condidisset
1724 1081 1844 1120 esse.
1863 1065 1960 1119 bo-

370 1161 534 1211 num,
566 1148 713 1204 sicut
749 1150 819 1204 de
852 1152 1075 1220 reliquis
1109 1153 1270 1208 rebus
1312 1170 1342 1208 a
1397 1171 1458 1210 se
1510 1156 1716 1213 eﬂ‘ectis
1755 1157 1963 1212 dixisse

372 1248 754 1306 memoratur;
794 1242 1482 1313 duplicemexistimamus
1531 1262 1653 1303 esse
1681 1263 1903 1303 causam
1941 1265 1958 1304 :

367 1334 628 1396 alteram,
663 1334 792 1405 quia
822 1336 911 1392 bic
959 1337 1211 1394 dicturus
1261 1349 1380 1394 erat
1413 1356 1519 1396 non
1581 1355 1702 1396 esse
1732 1341 1956 1407 bonum,

364 1438 565 1495 parum
606 1427 753 1481 enim
782 1429 872 1481 illa
899 1428 1011 1484 duo
1035 1430 1176 1484 inter
1204 1446 1263 1486 se
1281 1440 1651 1487 consentanea
1684 1414 1954 1497 fuissent;

366 1518 625 1584 alteram,
681 1518 809 1589 quia
867 1521 921 1574 in
976 1521 1225 1577 libertate
1266 1524 1480 1579 arbitril
1533 1526 1666 1581 Ade
1714 1528 1951 1593 positum

362 1620 505 1673 erat,
533 1618 595 1664 ut
624 1620 719 1665 aut
748 1611 925 1669 bonus
954 1623 1050 1669 aut
1082 1630 1191 1671 non
1218 1616 1429 1672 ’bonus
1459 1627 1606 1673 esset
1640 1636 1656 1673 :
1693 1618 1816 1674 Non
1849 1634 1951 1688 est,

2062 1338 2261 1393 sertior
2335 1338 2638 1394 existimari
2700 1340 2919 1394 debeat.
2969 1339 3208 1409 Denique
3272 1356 3398 1395 cum

2062 1428 2175 1482 fere
2238 1429 2441 1495 modis,
2483 1444 2579 1486 eos
2632 1430 2728 1500 qui
2801 1434 2944 1486 alios
2992 1431 3258 1498 adjuvant
3311 1432 3647 1500 distinguere

2059 1520 2335 1577 soleamus
2380 1524 2501 1590 (aut
2550 1522 2697 1578 enim
2752 1524 2927 1591 major
2953 1537 3109 1592 opem
3143 1523 3248 1577 fert
3297 1524 3518 1587 minori,
3550 1535 3644 1580 aut

2060 1614 2238 1669 minor
2275 1614 2534 1685 majorem
2570 1616 2746 1685 juvat,
2777 1628 2868 1671 aut
2919 1617 3146 1686 aequalis
3171 1617 3368 1688 aequali
3418 1632 3641 1686 operam

2052 513 2192 583 ipsa
2235 513 2507 584 adjuvat:
2558 529 2684 568 nant
2734 525 2795 569 nt
2851 513 3054 571 Paulus
3086 514 3161 570 ait
3191 515 3430 571 :Cltristi
3482 518 3650 585 salus,

2073 614 2121 657 et
2150 606 2279 659 uiris
2331 617 2380 659 et
2412 605 2642 675 feminis'
2664 621 2730 660 ea:
2778 621 2927 675 (equo
2960 616 3037 661 est
3068 609 3359 663 communis
3390 609 3456 662 ⁸³.
3486 609 3643 675 Quod

2073 709 2238 764 porro
2285 696 2467 750 addit:
2501 695 2694 762 Qualis
2727 696 2836 764 ipse
2857 705 2957 760 est,
3006 697 3231 765 perinde
3277 702 3359 752 cst
3393 712 3456 752 ac
3487 701 3539 753 si.
3571 699 3656 752 di-

2071 789 2181 845 cat,
2241 798 2362 852 quae
2442 785 2632 838 eadem
2687 793 2894 838 naturae
2959 784 3276 839 conditione
3348 801 3472 839 cum
3536 787 3654 845 viro

2071 877 2297 944 praedita
2348 875 2441 941 sit,
2506 891 2613 930 non
2665 884 2847 930 autem
2903 892 3025 945 quae
3073 886 3137 930 ut
3202 876 3378 932 bestia
3433 879 3514 932 vel
3559 877 3652 947 ju-

2071 978 2334 1034 mentum,
2374 983 2595 1037 operam
2640 968 2715 1021 illi
2772 976 3017 1036 praestet,
3045 983 3167 1037 qua:
3198 968 3437 1022 humana
3465 980 3654 1025 carent

2068 1059 2269 1115 indole.
2331 1059 2595 1115 Praeterea
2646 1061 2931 1130 puritatem
2997 1078 3215 1132 quoque
3271 1072 3503 1127 naturas,
3562 1064 3650 1118 illa

2067 1153 2254 1219 verba,
2311 1162 2368 1208 et
2400 1154 2921 1210 consimilitudinem
2975 1155 3028 1209 in
3071 1164 3302 1226 utroque
3350 1172 3482 1210 sexu
3556 1171 3651 1211 os-

2065 1245 2312 1311 tendunt,
2357 1247 2430 1300 ita
2486 1255 2546 1302 ut
2574 1247 2845 1312 neutrius,
2903 1249 2983 1303 vel
3041 1248 3387 1318 praestantior
3417 1249 3499 1302 vel
3550 1250 3639 1303 de-

3472 1340 3646 1395 tribus

370 1703 576 1772 inquit,
619 1703 837 1768 bonum,
864 1705 1128 1760 ﬁdamum
1151 1724 1263 1763 esse
1290 1710 1482 1765 solum.
1510 1710 1651 1778 Quid
1685 1713 1848 1784 igitur
1871 1715 1953 1770 fa-
1992 1782 2023 1784 _,
2057 1706 2371 1761 commodat
2413 1723 2429 1773 ;
2474 1708 2625 1762 verbi
2676 1710 2874 1778 gratia,
2933 1708 3207 1764 interdum
3267 1726 3363 1765 rex
3406 1709 3644 1780 opitula-

352 1806 469 1849 -cto
511 1811 651 1866 opus
685 1804 770 1851 est
799 1808 855 1852 ut
892 1798 1058 1854 faciat
1098 1801 1147 1855 ei
1197 1803 1573 1871 adjutorium?
1610 1782 1743 1860 Nam
1799 1809 1844 1863 εί
1905 1810 1957 1865 id
1991 1782 2031 1834 Β
2063 1806 2152 1851 tur
2184 1796 2412 1854 humilis
2445 1797 2776 1854 conditionis
2814 1794 2957 1864 viro,
3013 1806 3067 1852 et
3105 1798 3269 1853 etiam
3301 1799 3400 1875 ubi.
3431 1812 3643 1868 pauper

383 1888 524 1955 quod
545 1903 640 1943 non
657 1899 743 1944 est
769 1889 970 1945 bonum
999 1892 1354 1962 rejiciendum
1378 1906 1482 1969 est,
1507 1897 1635 1953 illud
1666 1915 1796 1955 sane
1817 1903 1959 1969 quod

386 1980 575 2034 bonum
603 1990 712 2048 est,
744 1983 904 2053 plane
935 1992 993 2039 ut
1034 1968 1407 2042 constituatur
1454 1991 1742 2056 convenit;
1794 1968 1963 2062 nega-

374 2071 448 2125 tio
487 2070 633 2126 enim
685 2074 730 2128 si
791 2073 927 2131 falsa
979 2077 1081 2145 sitL
1122 2077 1538 2135 afﬁrmationem
1595 2098 1717 2151 esse
1771 2099 1958 2139 veram

368 2178 661 2221 necessum
689 2179 773 2223 est
800 2185 814 2235 ;
856 2176 984 2223 sunt
1017 2170 1160 2224 enim
1205 2171 1294 2226 illa
1325 2173 1427 2227 sibi
1469 2172 1612 2229 inter
1653 2190 1715 2230 se
1747 2190 1813 2231 ex
1843 2178 1963 2232 dia-

364 2264 549 2311 metro
594 2260 842 2327 opposita
887 2277 902 2313 :
965 2259 1187 2333 Faciant
1245 2262 1349 2333 ipsi
1403 2266 1731 2335 adjutorium
1785 2268 1959 2337 qualis

362 2344 476 2416 ipse
505 2360 607 2402 est.
641 2348 822 2420 Nuper
854 2352 1067 2408 dicebat
1098 2354 1240 2410 Deus
1268 2373 1285 2411 :
1311 2355 1603 2414 Faciamus
1654 2360 1956 2429 hominem;

332 2439 456 2495 'bic
485 2457 619 2496 vero
652 2443 783 2497 dicit
818 2462 834 2499 :
870 2443 1122 2502 Faciam.
1160 2444 1425 2504 Nimirum
1460 2451 1591 2505 illud
1644 2452 1802 2507 nobis
1831 2467 1958 2507 ora-

362 2531 552 2586 culum
614 2549 846 2588 numero
916 2536 1111 2605 plurali
1170 2539 1364 2608 “prodit
1412 2550 1524 2595 tres
1579 2553 1958 2597 sacrosanctus

362 2639 667 2695 personas,
699 2628 803 2682 hoc
850 2644 1001 2696 vero,
1056 2631 1344 2701 singulari,
1398 2649 1564 2687 unam
1611 2637 1955 2690 essentiam:

364 2726 425 2771 ut
448 2733 514 2771 ex
550 2718 638 2771 bis
665 2719 878 2774 duobus
911 2722 1150 2777 oratulis
1185 2724 1578 2795 intelligamus,
1632 2725 1803 2780 Deum
1836 2741 1958 2781 esse

365 2821 536 2861 unam
570 2811 893 2877 essentiam,
924 2818 976 2865 et
1012 2821 1122 2867 tres
1180 2827 1463 2883 personas.
1501 2814 1583 2869 Ad
1634 2815 1759 2881 hoc,
1792 2830 1955 2884 supra

367 2902 437 2956 de
496 2900 829 2958 formatione
881 2905 1073 2959 Adami
1142 2922 1306 2977 agens
1361 2908 1622 2964 dicebat:
1667 2907 1955 2964 Faciamus

361 2995 632 3049 hominem
661 2995 731 3049 ad
760 2997 1043 3066 imaginem
1072 3012 1334 3065 nostrum,
1366 3017 1475 3071 quo
1504 3001 1833 3071 significaret
1860 3019 1956 3074 per

365 3085 596 3139 verbum
628 3088 840 3140 numeri
878 3088 1124 3157 pluralis,
1158 3091 1614 3147 consultationem
1656 3094 1947 3162 quamdam
1976 3127 2021 3186 ς

358 3178 942 3248 deliberationemque,
983 3180 1147 3250 idque
1207 3182 1273 3236 ad
1309 3183 1449 3252 ejus,
1483 3183 1573 3254 qui
1629 3182 1950 3242 formandus

357 3280 499 3328 erat.
539 3270 858 3341 dignitatem
896 3275 1198 3343 spectabat.
1231 3285 1291 3329 ut
1333 3275 1427 3344 qui
1480 3292 1589 3331 non
1631 3278 1956 3334 conderetur

361 3361 579 3431 absque
643 3364 814 3419 verbo
852 3373 907 3420 ct
978 3367 1212 3421 consilio
1277 3368 1775 3440 deliberationeque
1835 3371 1951 3439 Dei,

357 3463 553 3507 contra
580 3463 637 3509 at
659 3472 746 3523 [ue
769 3457 955 3513 bestiae
982 3459 1208 3515 rationis
1237 3469 1484 3530 expertes
1504 3478 1626 3532 quae
1656 3464 1774 3518 solo
1798 3462 1952 3532 jussu

356 3546 689 3601 exatiterunt
726 3566 739 3601 :
774 3549 862 3604 bic
899 3566 1047 3617 vero,
1076 3553 1166 3605 u‘i
1200 3552 1267 3606 de
1298 3549 1578 3609 formanda
1615 3554 1724 3610 Eva
1754 3565 1953 3612 tracta-

357 3647 469 3702 tur,
497 3640 609 3692 ait:
644 3637 883 3694 Faciant.
912 3642 973 3695 Et
1007 3643 1122 3698 bare
1141 3644 1432 3710 variantia,
1460 3648 1954 3716 complures-babet

357 3732 631 3785 rationes.
654 3728 840 3786 Primo
862 3734 1011 3787 enim
1036 3734 1296 3793 ostendit.
1345 3751 1509 3789 uuam
1571 3751 1694 3791 esse
1738 3738 1837 3792 viri
1870 3737 1954 3793 fe-

361 3823 635 3893 mina-que
682 3832 968 3891 naturam;
1021 3825 1217 3881 deinde
1267 3826 1359 3880 Dei
1412 3826 1653 3882 studium
1689 3809 1951 3884 adversus

368 3914 635 3968 Adamum
702 3922 757 3969 et
809 3915 975 3971 Evam
1007 3916 1245 3986 explicat
1275 3917 1513 3984 clarius;
1549 3918 1615 3971 ad
1660 3918 1785 3983 hoc,
1820 3935 1948 3989 pro-

371 4003 447 4070 djt
473 4002 602 4058 Erae
632 4005 1002 4059 conditionem
1050 4006 1274 4061 minime
1309 4022 1773 4077 supervacaneam
1805 4025 1945 4066 esse.

360 4092 595 4166 insuper
627 4097 784 4150 docet
833 4095 942 4152 Deo
979 4112 1089 4151 non
1126 4098 1342 4153 tandem
1377 4097 1673 4166 aliquando
1714 4099 1769 4153 in
1798 4115 1949 4154 men-

355 4196 469 4241 tem
532 4191 754 4243 venisse
805 4189 875 4243 de
919 4189 1320 4244 conformanda
1373 4189 1509 4254 Eva,
1560 4191 1653 4247 sed
1717 4191 1771 4245 in
1830 4192 1949 4262 ipso

353 4281 553 4332 statim
587 4278 745 4332 initio
788 4278 953 4333 simul
1005 4288 1169 4349 atque
1196 4280 1493 4335 Adamum
1539 4281 1818 4336 conderet.
1884 4282 1950 4337 Et

353 4367 477 4423 haec
527 4369 747 4436 quidem
807 4385 969 4425 sensa
1022 4384 1086 4424 ex
1132 4373 1321 4436 verbo,
1381 4368 1627 4434 Faciam,
1664 4387 1946 4428 commen-

2063 1890 2310 1945 subsidio
2366 1899 2451 1946 est
2503 1889 2681 1955 diviti,
2743 1905 2888 1958 smpe
2968 1904 3189 1959 quoque
3255 1889 3340 1944 vir
3389 1890 3643 1960 princeps

2063 1982 2293 2052 principi
2342 1983 2482 2049 viro,
2532 1991 2627 2037 aut
2678 1982 2921 2051 plebeius
2982 1982 3192 2050 plebeio
3224 1982 3506 2051 suppetias
3553 1999 3646 2036 ve-

2063 2073 2162 2141 nit)
2228 2082 2457 2144 possunt
2506 2075 2687 2129 addita
2720 2074 2889 2128 videri
2935 2074 3098 2128 verba
3136 2074 3224 2127 illa
3259 2087 3275 2127 :
3312 2073 3502 2139 Qualis
3533 2075 3644 2141 ipse

2061 2174 2160 2230 est,
2201 2176 2258 2219 ut
2313 2167 2582 2235 a'qualem
2611 2166 2805 2236 aequali
2842 2166 3046 2220 auxilio
3072 2180 3193 2221 esse
3252 2165 3640 2234 intelligamus,

2062 2257 2190 2310 dum
2235 2255 2343 2312 Eva
2395 2256 2666 2333 Adamum
2715 2258 2963 2326 adjuvat.
3016 2257 3170 2323 Quod
3217 2266 3262 2312 st
3324 2273 3456 2313 vero
3516 2258 3642 2326 quis
3735 2321 3752 2337 ο

2062 2349 2305 2419 objiciat,
2354 2350 2525 2405 Eram
2569 2348 2780 2404 Adamo
2828 2349 2949 2419 plus
3014 2350 3394 2420 anguStiarnm
3475 2365 3641 2419 quam

2061 2443 2181 2513 opis
2229 2444 2525 2499 attulisse:
2563 2443 2611 2497 ei
2647 2442 3125 2512 respondebimus,
3163 2443 3375 2513 culpam
3414 2446 3532 2510 ejus
3561 2443 3637 2500 rei

2030 2547 2168 2587 -non
2197 2532 2249 2588 in
2295 2533 2420 2587 Erae
2448 2533 2788 2588 conditorem
2831 2532 3024 2597 Deum,
3053 2535 3145 2589 sed
3179 2536 3234 2590 in
3267 2540 3437 2605 ipsam
3475 2538 3642 2590 Evam

2060 2638 2186 2679 esse
2259 2624 2669 2680 conferendam.
2713 2626 2868 2683 Sicut
2917 2626 3082 2681 hodie
3139 2627 3388 2681 videmus
3443 2626 3643 2680 multas

2059 2717 2307 2772 feminas-
2324 2719 2481 2774 triste
2530 2719 2663 2772 viris
2699 2705 2822 2774 suis.
2879 2720 3215 2774 connubium
3247 2720 3506 2787 reddere;
3544 2721 3641 2775 sed

2058 2809 2109 2864 ἰ]
2188 2810 2402 2863 illarum
2477 2810 2719 2879 ipsarum
2783 2812 2916 2865 vitio
2969 2813 3108 2877 fieri,
3168 2827 3275 2865 non
3328 2822 3509 2866 autem
3553 2813 3640 2882 ip-

2057 2918 2240 2958 sarum
2269 2903 2446 2973 npilici
2480 2903 2589 2957 Deo
2619 2903 2720 2958 boc
2768 2904 2986 2959 crimini
3023 2920 3185 2974 posse
3229 2907 3387 2958 verti.
3422 2905 3555 2960 Nam
3585 2916 3641 2962 et

2056 3010 2251 3050 manus
2288 3006 2485 3051 nostra:
2527 3011 2592 3050 eo
2638 2996 2843 3051 effecta:
2873 3009 3020 3061 sunt,
3051 3010 3109 3053 ut
3141 3014 3263 3068 qua:
3303 2999 3470 3066 proba
3511 3007 3641 3054 sunt

2058 3099 2119 3137 ea
2154 3093 2336 3153 agant,
2360 3084 2472 3153 jam
2525 3085 2571 3140 si
2615 3085 2749 3155 ipsis
2796 3087 2862 3141 ad
2925 3090 3188 3158 patranda
3225 3090 3367 3143 mala
3395 3100 3637 3158 utamur,

2056 3177 2160 3228 erit
2190 3190 2322 3230 sane
2360 3184 2545 3231 nostra
2592 3192 2655 3232 ea
2694 3178 2878 3247 culpa,
2910 3187 3021 3233 non
3063 3180 3372 3236 conditoris
3420 3181 3634 3236 illarum

2055 3267 2148 3321 Dei
2191 3285 2205 3321 :
2239 3276 2294 3322 rt
2328 3269 2520 3325 oculos
2563 3281 2783 3325 nostros
2827 3270 3084 3325 formavit
3124 3271 3270 3327 Deus
3304 3283 3361 3327 ut
3394 3276 3643 3329 viderent

2055 3376 2179 3430 quae
2216 3370 2363 3415 recta
2398 3369 2527 3416 sunt
2567 3370 2705 3417 teste
2754 3361 2976 3428 Davide,
3027 3365 3071 3420 si
3112 3374 3290 3420 tamen
3336 3366 3402 3419 ad
3432 3383 3495 3422 ea
3518 3384 3639 3437 qua:

2056 3469 2270 3524 impura
2304 3464 2431 3508 sunt
2462 3455 2608 3524 ipsos
2630 3455 2997 3524 intendamus,
3030 3457 3156 3526 quis
3180 3458 3233 3513 id
3256 3457 3497 3514 effectori
3531 3460 3640 3516 Deo

2055 3559 2119 3600 ac
2146 3560 2252 3599 non
2300 3546 2482 3615 potius
2533 3554 2737 3601 nostra;
2786 3547 3071 3603 vitiositati
3102 3550 3380 3605 ascribat?
3424 3551 3493 3603 Et
3522 3550 3640 3619 for-

2053 3645 2289 3691 mauerat
2319 3636 2574 3691 Dominus
2596 3637 2742 3693 Deus
2765 3655 2792 3694 e
2816 3650 2955 3693 terra
2974 3656 3175 3711 onmem
3210 3641 3473 3695 volucrem
3497 3642 3636 3696 cali.

2053 3725 2174 3782 Non
2214 3728 2326 3797 jam
2356 3726 2625 3783 formasse
2658 3728 2829 3784 Deum
2863 3730 3002 3785 alios
3032 3731 3363 3795 animantes,
3392 3732 3637 3801 aliasque

2053 3820 2308 3874 volucres
2338 3826 2461 3887 post
2485 3820 2797 3887 superiores
2844 3820 3102 3884 aﬂirmat,
3149 3820 3243 3876 sed
3273 3821 3341 3875 de
3367 3821 3477 3875 illis
3502 3821 3637 3890 ipsis

2054 3926 2277 3981 prorsus
2310 3911 2396 3965 bic
2438 3912 2637 3982 agitur,
2682 3920 2847 3982 atque
2881 3912 2948 3965 ad
2982 3912 3174 3967 eadem
3236 3912 3450 3979 eliecta,
3497 3929 3554 3966 re
3580 3915 3636 3967 ‘it

2026 4004 2247 4070 .oratio,
2311 4004 2458 4073 quod
2517 4004 2638 4059 ideo
2666 4004 2759 4070 sit,
2813 4013 2874 4058 ut
2931 4003 3300 4073 inlelligamus
3352 4006 3629 4059 Adamutn

2051 4096 2231 4151 solutn
2268 4105 2323 4151 et
2362 4097 2572 4165 absque
2632 4095 2742 4149 ullo
2806 4095 3082 4163 adjutorin
3134 4096 3279 4165 quod
3330 4097 3635 4154 consimilis

2051 4197 2200 4242 esset
2244 4202 2366 4241 cum
2426 4186 2546 4255 ipso
2597 4194 2829 4251 naturae,
2893 4187 3186 4240 formatum
3220 4185 3396 4253 primo
3442 4185 3634 4254 fuisse,

2051 4294 2176 4333 cum
2210 4277 2419 4341 bestiae,
2440 4278 2715 4347 jumenta,
2742 4293 2872 4333 aves
2913 4280 3131 4347 gemino
3162 4294 3293 4333 sexu
3318 4280 3635 4334 simulcon-

2052 4371 2163 4424 dita
2217 4379 2421 4427 essent.
2472 4369 2744 4426 Caeterum
2792 4369 3062 4425 formandi
3114 4372 3341 4427 verbum
3386 4371 3477 4426 hic
3525 4388 3633 4427 non

353 4461 527 4515 tando
558 4460 758 4516 elicere
812 4477 1127 4530 possumus.
1170 4462 1337 4516 Porro
1390 4478 1515 4517 cum
1554 4464 1811 4534 adjutorii
1850 4480 1945 4518 vo-
1977 4475 2031 4534 D
2058 4462 2131 4517 ita
2166 4462 2542 4529 accipiendum
2579 4473 2663 4518 est
2693 4465 2850 4534 quasi
2904 4481 2969 4519 ex
3004 4476 3145 4519 terra
3191 4467 3298 4520 sint
3328 4481 3639 4536 coagmen-

308 4552 620 4607 Acabulum
670 4551 837 4607 variis
882 4563 1177 4622 usurpetur
1213 4553 1411 4617 modis,
1472 4554 1605 4608 illud
1663 4556 1951 4624 quwritur,

356 4657 469 4713 qua
522 4642 579 4695 in
643 4657 701 4696 re
738 4643 998 4713 adjuvare
1055 4643 1306 4698 debuerit
1338 4642 1449 4699 Eva
1501 4646 1805 4712 Adamum;
1850 4647 1954 4701 hoc

340 4718 449 4790 ἐει
506 4735 710 4790 femina
756 4736 956 4791 virum.
991 4737 1297 4791 Statuimus
1339 4747 1522 4791 autem
1571 4724 1623 4791 in
1678 4737 1947 4807 plurimis.

369 4827 549 4882 Primo
593 4829 649 4883 in
717 4830 1069 4898 procreandis
1145 4829 1359 4894 liberis,
1439 4830 1542 4883 hoc
1604 4839 1710 4894 est,
1794 4840 1951 4883 utero

371 4922 665 4987 gestandis.
706 4920 974 4975 Praeterea
1011 4921 1065 4975 in
1124 4921 1406 4976 educenda
1462 4920 1614 4990 prole
1666 4931 1950 4991 prognata.

362 5010 594 5082 Insuper
632 5024 693 5069 ut
744 5014 811 5067 ad
838 5013 1023 5066 .virum
1064 5020 1275 5082 spectat
1329 5027 1392 5066 ea
1442 5012 1646 5082 quibus
1677 5027 1823 5080 opus
1873 5021 1958 5066 est

358 5103 620 5173 colligere
642 5113 1091 5173 eomportareque
1135 5104 1359 5158 aliunde
1409 5103 1657 5165 domum,
1693 5104 1763 5157 ita
1803 5104 1956 5158 femi-

357 5214 447 5253 nae
505 5207 611 5262 est,
647 5197 793 5252 domi
825 5196 1010 5251 omnia
1064 5197 1341 5263 ordinare,
1388 5207 1552 5268 atque
1596 5206 1653 5250 ut
1680 5197 1732 5250 in
1756 5211 1950 5271 prom-

355 5302 458 5362 ptu
509 5292 623 5345 sint
660 5292 950 5360 disponere
1009 5291 1523 5364 adtninistrareqne.
1582 5290 1806 5354 Adltzec,
1867 5290 1949 5346 fe-

356 5383 515 5437 mina
570 5393 633 5436 ut
672 5383 726 5437 in
759 5385 900 5438 laetis
938 5383 1027 5437 .ita
1082 5394 1139 5437 et
1198 5383 1253 5437 in
1285 5381 1532 5439 adversis
1584 5382 1821 5438 ferendis
1855 5399 1949 5438 so-

359 5473 510 5528 ciam
551 5489 612 5529 se
642 5476 758 5529 viro
792 5485 1075 5544 przestare,
1126 5489 1346 5545 unaque
1401 5490 1566 5531 onera
1598 5475 1783 5531 ontnia
1812 5475 1915 5531 sub
1935 5506 1950 5518 -

358 5563 444 5620 ire
486 5565 670 5621 debet.
711 5566 955 5637 Denique
1002 5574 1057 5625 ct
1113 5567 1165 5622 in
1234 5568 1553 5637 reret-endo,
1612 5568 1950 5639 colendoque
2010 5628 2017 5637 ,

1376 5732 1402 5753 Ο

439 5742 487 5777 ⁸³
519 5740 695 5797 Halat.
729 5748 813 5805 In,
862 5741 955 5798 9.8.

2009 4604 2017 4611 .
2063 4563 2170 4609 tata
2204 4554 2526 4620 animantia,
2563 4554 2712 4620 ferae,
2767 4571 2932 4622 aves;
2974 4558 3089 4612 haec
3125 4557 3268 4611 enim
3322 4559 3436 4626 ipsa
3507 4574 3638 4627 pro-

2010 4686 2013 4689 -
2058 4648 2213 4703 duxit
2261 4661 2473 4711 natura,
2517 4650 2661 4703 sicut
2690 4659 2742 4703 et
2786 4649 2998 4719 reptilia
3054 4664 3391 4720 progenuere
3450 4667 3633 4719 aqum,

2058 4750 2118 4792 ut
2176 4751 2302 4795 antc
2328 4753 2412 4795 est
2463 4755 2492 4794 a
2545 4740 2692 4796 Mose
2745 4742 3000 4796 dlctum:
3048 4741 3145 4796 sed
3203 4741 3326 4795 ideo
3361 4741 3635 4798 formandi

2057 4832 2173 4887 sive
2225 4832 2458 4902 fingendi
2507 4833 2671 4886 verbo
2707 4833 2879 4886 utitur
2931 4831 3234 4901 Scriptura,
3276 4841 3338 4887 ut
3393 4834 3638 4889 sciamus

2057 4939 2165 4979 non
2226 4924 2398 4978 solam
2442 4932 2642 4978 terram
2687 4924 2776 4977 illa
2832 4924 3227 4992 procreavisse,
3269 4927 3416 4994 quod
3461 4925 3634 4983 Musis

2056 5016 2216 5071 verba
2253 5035 2288 5075 ε,
2310 5015 2579 5071 Producat
2612 5026 2753 5071 terra
2799 5019 3039 5072 animant
3070 5020 3344 5083 viventem,
3359 5020 3631 5089 jumenta,

2055 5117 2103 5161 et
2131 5107 2371 5177 replilia,
2404 5119 2539 5173 etc.,
2602 5109 2929 5163 videbantur
2971 5125 3212 5179 sonare;
3245 5113 3339 5166 sed
3370 5128 3434 5167 ex
3478 5120 3638 5166 terra:

2054 5200 2215 5255 simul
2255 5208 2309 5253 et
2350 5215 2613 5268 aquarum
2650 5201 2880 5271 coagulo
2928 5209 3087 5254 enata
3118 5217 3262 5268 esse,
3285 5214 3379 5256 aut
3405 5218 3468 5255 ex
3499 5217 3637 5270 qua-

2054 5301 2180 5346 tuor
2230 5291 2413 5361 potius
2443 5292 2749 5347 elementis.
2792 5293 2930 5348 Nam
2965 5310 3031 5349 es
3066 5295 3176 5361 bis,
3224 5306 3285 5350 ut
3315 5294 3532 5359 Adami,
3560 5296 3634 5346 ita

2050 5390 2370 5437 caeterorum
2406 5396 2625 5452 quoque
2669 5383 3057 5447 animantium,
3113 5383 3376 5444 ferarum,
3424 5382 3632 5446 mium,

2011 5510 2016 5519 ι
2051 5475 2333 5545 reptilium'
2362 5490 2591 5543 corpora
2628 5484 2757 5531 sunt
2795 5477 3095 5547 composita
3136 5493 3152 5542 ;
3184 5476 3279 5532 sed
3316 5475 3460 5529 illius
3491 5488 3635 5527 cor-

2053 5580 2179 5636 pus,
2230 5564 2322 5620 Dei
2374 5564 2549 5637 ipsius
2587 5573 2674 5623 est
2720 5569 2977 5625 manibus
3006 5565 3397 5639 informatum,
3437 5566 3631 5641 borum
