4086 6410
461 302 569 364 539

1727 305 1956 366 MOSIS
2004 304 2151 363 ΒΑΗ
2198 302 2451 364 CEPHA

3629 297 3740 361 540

462 432 594 472 vero
640 431 868 487 corpora
920 433 1030 472 non
1062 415 1354 480 'manibus,
1415 419 1510 474 sed
1562 421 1680 474 solo
1743 424 1902 489 jussu
1958 421 2049 474 Dei
2079 424 2267 481 Anon
2325 420 2517 474 Adami
2550 430 2733 476 autem
2785 420 2995 493 lingua,
3033 420 3459 490 nominibusque
3492 420 3562 475 ab
3620 421 3741 490 ipso

463 512 806 565 coaluerunt.
861 509 930 565 Et
976 511 1132 567 duxit
1190 530 1254 567 ea
1301 513 1370 566 ad
1408 513 1694 567 Adamant.
1751 513 1906 568 Unde
1957 513 2056 567 ad-

463 608 625 660 duxit
655 603 824 668 feras,
866 605 1135 675 jutnenta,
1171 622 1320 668 aves,
1354 607 1419 660 ad
1453 607 1761 660 Adamum?
1795 607 2050 660 nimirum

464 717 494 747 e
531 696 833 761 montibus,
915 698 1326 760 solitudinibus,
1380 697 1609 767 aliisque
1663 697 1796 753 locis
1855 700 2055 768 passim

466 789 721 856 collecta,
775 791 896 845 solo
927 799 1064 844 nutu
1100 807 1201 846 suo
1235 792 1299 845 ad
1333 791 1604 845 Adamum
1657 801 1788 862 egit,
1818 793 1953 846 sicut
1987 791 2056 845 ad

463 878 580 936 Noe
635 898 856 954 quoque
892 885 1083 938 diluvii
1153 895 1421 954 tempore.
1489 882 1625 939 Nam
1693 893 1753 938 ut
1806 885 1914 950 hic,
1985 885 2057 940 ita

466 975 689 1029 volente
719 975 845 1038 Deo,
892 975 1025 1029 nihil
1071 975 1172 1031 sibi
1216 976 1285 1030 ab
1329 977 1546 1031 illorum
1585 977 1807 1032 feritate
1852 988 2058 1032 metue-

475 1065 588 1132 bat,
639 1066 711 1120 ita
755 1081 937 1136 neque
983 1069 1247 1129 Adamus.
1297 1083 1362 1123 eo
1399 1071 1544 1138 quod
1589 1071 1772 1126 adhuc
1824 1085 1928 1124 non
1963 1071 2060 1125 de-

469 1154 723 1225 liquisset
779 1162 1042 1214 adversus
1078 1159 1172 1214 Dei
1218 1161 1537 1214 mandatum
1568 1179 1581 1214 :
1612 1162 1722 1217 ltno
1779 1177 1908 1215 vero
1938 1161 2056 1231 ipsa

470 1249 738 1302 Adamum
771 1252 1178 1313 reverebantur,
1224 1255 1604 1322 pavebantque
1634 1270 1698 1308 ac
1757 1256 2060 1309 tremebant

475 1340 542 1392 ad
571 1342 746 1409 ipsius
781 1353 1157 1410 conspectum.
1217 1343 1319 1397 Sed
1367 1355 1418 1398 et
1469 1347 1572 1400 hoc
1617 1345 2058 1400 animadverten-

471 1427 610 1482 dum
647 1441 753 1492 est,
784 1430 872 1483 hic
906 1448 1133 1500 prorsus
1181 1443 1343 1504 atque
1391 1436 1614 1490 omnino
1659 1435 1909 1491 eﬂ'ectum
1939 1436 2057 1490 dari

472 1517 619 1586 quod
653 1529 779 1574 ante
819 1523 1034 1576 dixerat
1075 1523 1218 1579 Deus
1248 1526 1314 1579 ad
1345 1527 1593 1581 homines
1634 1545 1651 1581 :
1691 1527 2057 1581 Doutinamini

467 1612 698 1677 piscibus
754 1616 919 1669 maris
971 1628 1019 1670 et
1088 1618 1383 1672 volucribus
1440 1619 1577 1684 cmli,
1635 1619 1884 1690 omnique
1935 1623 2058 1674 ani-

470 1703 640 1755 manti
669 1714 844 1758 terra.
895 1705 960 1759 Et
996 1723 1191 1762 rursus
1225 1723 1242 1760 :
1294 1707 1654 1763 Dominamini
1679 1712 1912 1779 piscibus
1940 1727 2056 1763 ma-

2162 512 2304 565 datis
2337 511 2415 564 uti
2453 530 2466 565 :
2503 512 2645 566 ttnde
2670 513 2977 575 coniicitur,
3013 511 3102 565 illa
3143 510 3310 566 Hosis
3357 511 3522 565 verba
3555 513 3745 565 adim-

2159 603 2370 672 perium
2404 603 2553 672 quod
2584 603 2714 658 Adae
2764 603 2991 673 ejusque
3016 602 3321 673 posteritati
3358 601 3412 654 in
3454 601 3618 664 feras,
3652 601 3745 670 ju-
3790 617 3798 627 ·

2159 701 2362 755 menta,
2398 693 2652 748 volucres
2686 707 2714 745 a
2745 691 2852 746 Deo
2876 706 3198 746 concessum
3230 690 3428 753 fuerat,
3456 698 3741 757 spectare;

2161 794 2220 838 ut
2253 800 2352 854 pro
2381 785 2498 849 illo,
2529 785 2730 854 quibus
2759 784 3068 838 collibitum
3099 788 3247 837 esset
3307 780 3644 842 nominibus,
3677 794 3744 833 ea

2158 877 2426 946 appellare
2458 885 2662 947 posset.
2697 875 2794 931 Est
2825 882 2879 930 et
2907 875 3063 930 tertia
3100 874 3370 930 sententia
3410 887 3626 929 eorum.
3648 873 3743 941 qui

2158 969 2320 1022 verba
2356 968 2446 1022 illa
2492 967 2740 1023 referunt
2783 967 2851 1022 ad
2891 966 3068 1037 ipsam
3121 965 3388 1020 rationem
3447 980 3554 1034 qua
3595 960 3746 1018 Deus

2161 1061 2455 1115 humanum
2487 1064 2659 1131 genus
2687 1060 2946 1121 ornavit;
2981 1073 3044 1114 ea
3088 1059 3234 1114 enim
3268 1058 3397 1112 dum
3433 1057 3595 1110 homo
3629 1056 3747 1110 uti-

2157 1163 2244 1207 tur
2298 1153 2583 1223 appositis,
2620 1161 2675 1207 et
2720 1151 2886 1216 feras,
2913 1161 2968 1206 et
2999 1151 3248 1205 volucres
3275 1159 3612 1215 caeterasque
3652 1163 3744 1202 res

2157 1255 2392 1309 creatas,
2451 1243 2766 1298 nominibus
2806 1244 3080 1312 appellare
3127 1249 3303 1311 potest
3335 1258 3347 1294 :
3386 1239 3452 1293 Et
3484 1241 3744 1308 imposuit

2157 1337 2328 1390 Adam
2355 1339 2565 1390 nomina
2596 1337 2738 1390 omni
2765 1335 3009 1401 animali,
3033 1345 3081 1389 et
3115 1336 3258 1388 omni
3290 1335 3491 1387 volucri
3534 1333 3674 1395 cali,
3694 1339 3748 1385 et

2158 1430 2302 1483 muni
2339 1429 2517 1482 bestia:
2545 1431 2680 1497 agri.
2737 1428 2970 1494 Quidam
3012 1437 3203 1498 putant
3256 1426 3550 1493 Adamum,
3608 1441 3748 1479 voce

2157 1538 2279 1591 qum
2310 1536 2473 1576 sensu
2516 1521 2721 1589 percipi
2776 1519 3066 1589 audirique
3126 1528 3310 1588 posset
3350 1519 3702 1587 pronuntiata
3731 1556 3747 1582 ,
3809 1553 3822 1562 .

2157 1613 2386 1680 singulis
2403 1613 2762 1667 animantium
2791 1612 3075 1681 speciebus
3108 1613 3503 1679 volucrumque
3523 1612 3748 1664 nmuina

2163 1705 2451 1770 indidisse,
2487 1720 2610 1760 cum
2641 1704 2875 1760 editiore
2907 1704 3162 1759 colliculo
3181 1712 3339 1758 terra
3361 1719 3459 1772 pro
3488 1704 3751 1773 paradiso

472 1795 574 1858 ris,
605 1805 716 1850 etc.
754 1795 909 1862 Quod
933 1809 1110 1852 autem
1133 1799 1220 1853 illa
1249 1800 1314 1854 ad
1344 1801 1641 1868 Adamum,
1678 1819 1784 1855 non
1813 1802 2057 1857 Adatnus
2089 1779 2131 1836 Β
2163 1798 2488 1852 insidentem
2522 1806 2862 1867 angustaque
2879 1798 3138 1852 amictum
3166 1797 3449 1866 majestate
3478 1806 3533 1849 et
3564 1796 3754 1865 splen-

472 1887 538 1939 ad
588 1886 677 1941 illa
707 1887 945 1953 ducitur,
985 1891 1378 1960 ampliﬁcandae
1411 1893 1692 1964 dignitatis
1737 1910 1902 1950 causa
1959 1894 2058 1963 iit;

472 1981 631 2048 quasi
682 1996 770 2036 res
811 1997 1074 2050 possessze
1122 1983 1518 2040 transferantur
1553 1988 1622 2042 ad
1662 2002 2058 2057 possessorem,

473 2081 571 2126 aut
620 2077 890 2144 mancipia
949 2080 1220 2132 ducantur
1254 2078 1320 2132 ad
1367 2080 1658 2134 Dominum
1703 2098 1717 2135 :
1759 2081 2063 2135 ostenditur

474 2167 645 2231 enim,
670 2164 757 2219 illa
798 2169 1116 2236 obsequium
1150 2170 1350 2224 debere
1380 2172 1612 2235 Adamo,
1645 2173 1876 2243 ejusque
1896 2189 2060 2229 causa

471 2271 598 2311 esse
643 2260 886 2315 condita.
927 2258 995 2314 Ut
1028 2262 1224 2317 rideret
1255 2264 1444 2334 quibus
1492 2264 1589 2318 illa
1627 2267 1918 2335 appellaret
1963 2284 2060 2320 no-

473 2349 728 2405 minibus.
765 2349 881 2404 Non
913 2352 1028 2408 haec
1061 2368 1128 2408 eo
1159 2354 1438 2420 dicuntur,
1471 2357 1625 2426 quasi
1668 2360 1805 2413 Deus
1841 2359 2061 2411 illorum

476 2446 697 2498 nomina
725 2461 787 2498 ex
832 2445 1041 2501 Adamo
1072 2447 1288 2501 discere
1337 2463 1476 2516 opus
1511 2448 1780 2513 habuerit,
1814 2450 1908 2504 sed
1943 2450 2065 2503 vul-

482 2533 600 2604 gari
649 2536 930 2589 hominum
965 2551 1114 2591 more
1156 2537 1400 2608 loquitur
1452 2538 1656 2601 Moses;
1691 2541 1892 2610 quippe
1924 2541 2067 2595 sole-

482 2642 604 2682 mus
637 2644 760 2698 qua:
795 2629 996 2697 alioqui
1033 2630 1190 2683 nobis
1228 2631 1392 2684 etiam
1439 2633 1880 2700 perSpectissitna
1910 2642 2062 2699 sunt,

475 2730 539 2771 ea
580 2726 762 2772 tamen
809 2733 1112 2788 proponere
1167 2719 1289 2774 aliis
1332 2729 1391 2772 ut
1450 2722 1690 2788 ipsorum
1733 2721 2063 2774 sententiam

481 2823 702 2877 quoque
744 2809 812 2863 de
843 2809 950 2864 illis
997 2810 1283 2866 audiamus
1331 2829 1344 2863 :
1406 2809 1548 2865 Deus
1598 2812 1743 2865 enim
1800 2812 1869 2866 ab
1917 2806 2066 2866 omni

475 2896 780 2950 aeternitate
830 2907 1026 2952 cuncta
1069 2902 1221 2954 novit
1289 2902 1602 2969 priusquam
1653 2901 1940 2956 exsistant.
1995 2901 2065 2955 Et

473 2986 839 3055 quodcumque
867 2987 1206 3056 appellaverit
1243 2990 1480 3043 Adnmus
1529 2991 1762 3044 animum
1793 2993 2065 3059 viventem,

477 3079 530 3131 id
571 3081 672 3133 erit
709 3082 808 3147 ipsi
841 3097 1051 3136 nomen.
1081 3083 1215 3136 Cum
1251 3083 1406 3146 dicit,
1454 3086 1816 3151 appellaverit,
1877 3095 2063 3140 osten-

475 3171 554 3226 dit
589 3171 810 3227 nomiua
841 3174 946 3228 illis
969 3188 1090 3228 esse
1129 3175 1197 3229 ab
1244 3173 1454 3228 Adamo
1483 3175 1672 3229 indita.
1715 3177 1850 3229 Cum
1902 3191 2064 3245 porro

478 3266 628 3320 addit
674 3268 924 3320 Animam
953 3269 1227 3332 viventem,
1278 3267 1457 3338 arguit
1497 3284 1560 3322 ea
1593 3269 1752 3322 modo
1781 3268 1830 3322 id
1862 3277 2068 3338 tempo-

482 3360 558 3411 ris
589 3359 655 3413 ad
704 3358 974 3413 Adamcm
1008 3361 1272 3429 producta
1297 3375 1444 3424 esse,
1475 3376 1598 3430 quae
1633 3362 1854 3415 animali
1882 3362 2064 3416 anima

479 3455 563 3516 (ut
602 3451 682 3504 sic
725 3451 927 3521 dicam)
966 3451 1118 3506 luere
1145 3452 1388 3520 praedita.
1441 3452 1684 3522 Denique
1725 3469 1848 3507 cum
1882 3455 2014 3508 dicit
2049 3468 2066 3508 :

478 3542 546 3596 Id
573 3544 672 3597 erit
698 3544 798 3612 ipsi
828 3560 1035 3605 nomen,
1068 3544 1428 3610 demonstrat,
1461 3560 1525 3600 ea
1572 3547 1910 3614 singulorum
1943 3562 2066 3602 esse

479 3635 703 3690 nomina
743 3651 866 3705 quae
893 3637 1025 3705 ipsis
1052 3636 1264 3691 suntab
1293 3636 1504 3691 Adamo
1537 3638 1734 3707 posita.
1766 3637 2066 3693 Conﬁcitur

481 3730 686 3799 itaque,
717 3730 918 3800 pisces,
962 3730 1197 3801 reptilia,
1240 3730 1484 3796 arbores,
1533 3731 1766 3794 sentina,
1811 3730 2064 3800 virgulta,

481 3821 698 3879 herbas.
736 3832 1037 3892 ca-teraque
1085 3838 1150 3876 ex
1193 3832 1347 3877 terra
1381 3822 1684 3885 nascentia,
1715 3831 1769 3875 et
1804 3837 1890 3876 res
1926 3836 2065 3890 pra:-

477 3921 632 3967 terca.
667 3915 803 3968 alias
849 3915 1154 3978 inanimes,
1188 3931 1296 3968 non
1325 3915 1424 3969 hoc
1453 3913 1574 3968 loco
1606 3930 1781 3982 neque
1818 3914 1919 3966 hac
1949 3913 2066 3968 rice

476 4008 698 4062 nomina
727 4023 822 4062 sua
845 4008 914 4062 ab
947 4007 1156 4062 Adatuo
1185 4008 1483 4077 accepisse,
1516 4008 1609 4062 sed
1645 4008 1751 4062 alio
1783 4017 1904 4077 post
1927 4015 2058 4061 tem-

479 4111 632 4166 pore,
662 4113 839 4167 neque
859 4099 1004 4152 enim
1035 4099 1124 4152 illa
1147 4100 1329 4153 omnia
1365 4109 1591 4168 potuere
1617 4115 1721 4152 una
1754 4115 1876 4154 cum
1908 4099 2065 4163 fetis,

471 4192 762 4260 jumentis,
808 4193 1127 4247 volucribus
1162 4193 1226 4247 ad
1281 4193 1550 4248 Adamum
1599 4193 1835 4255 adduci,
1899 4203 2065 4262 atque

480 4285 595 4338 lucc
649 4284 822 4351 prima
853 4294 935 4338 est
963 4286 1026 4337 de
1065 4284 1173 4338 illis
1212 4284 1392 4339 verbis
1432 4285 1718 4339 doctorum
1767 4287 2065 4342 sententia.

474 4375 746 4429 Cmterum
781 4376 869 4428 alii
904 4376 982 4429 sic
1013 4377 1350 4441 existimant,
1396 4377 1536 4430 dicta
1595 4377 1685 4431 illa
1741 4377 1910 4432 Musis
1955 4392 2062 4430 non

2163 1891 2296 1946 dore
2319 1906 2480 1960 quem
2515 1889 2703 1944 habitu
2731 1905 2843 1959 pne
2869 1905 2927 1944 se
2955 1887 3186 1953 ferebat,
3205 1898 3256 1941 et
3273 1889 3406 1944 solis
3429 1889 3613 1941 radios
3645 1903 3744 1941 su-

2164 1990 2446 2050 perantent
2492 1997 2508 2045 ;
2561 1980 2650 2033 illa
2688 1979 2984 2035 submissis
3021 1978 3293 2046 capitibus
3341 1991 3534 2045 prona,
3573 1992 3751 2044 neque

2162 2089 2273 2142 prae
2305 2071 2476 2124 nimio
2497 2070 2692 2124 decore
2721 2084 2830 2138 quo
2854 2069 2945 2123 ille
2971 2066 3316 2136 Splendebat,
3343 2065 3542 2119 intueri
3564 2064 3740 2133 ipsum

2164 2163 2442 2220 audi-entia
2509 2162 2828 2231 singulatim
2890 2159 3256 2230 praeterirent,
3305 2158 3526 2226 suisque
3555 2157 3740 2211 abillo

2164 2256 2571 2326 appellarentur
2621 2269 2687 2309 es
2744 2254 2933 2308 ordine
2994 2251 3307 2306 nominibus
3364 2253 3514 2322 (nam
3571 2266 3748 2320 neque

2163 2347 2424 2402 lsraclitae
2455 2347 2750 2416 quiverunt
2801 2345 2966 2399 Ilosis
2992 2345 3200 2398 vultum
3243 2343 3519 2413 inspicere
3546 2343 3616 2396 ob
3643 2342 3753 2394 [ιιι-

2165 2455 2350 2510 gorem
2380 2455 2489 2508 quo
2512 2437 2816 2492 coliucebat
2859 2436 2905 2467 ⁸³
2942 2450 3121 2504 neque
3167 2449 3266 2488 nos
3319 2433 3563 2488 valemus
3616 2449 3756 2487 ocu-

2167 2535 2343 2587 lorum
2374 2531 2544 2586 aciem
2566 2527 2917 2584 intenderein
2951 2529 3120 2582 solem
3149 2535 3369 2596 propter
3394 2526 3756 2591 resplendeus

2160 2623 2328 2694 jnbar
2360 2637 2468 2692 quo
2496 2620 2871 2676 circumdatus
2889 2619 3188 2688 est)veluti
3223 2619 3370 2672 verbi
3407 2619 3604 2688 gratia,
3626 2633 3753 2670 cum

2165 2723 2383 2768 taurum
2463 2714 2555 2768 ille
2613 2714 2836 2768 nomine
2891 2713 3079 2777 cieret,
3138 2712 3323 2766 audito
3375 2713 3598 2766 nomine
3651 2724 3757 2765 suo

2164 2817 2357 2863 taurus
2394 2809 2664 2864 transibat
2696 2822 2884 2861 coram
2921 2807 3034 2872 illo,
3063 2805 3245 2874 capite
3274 2806 3540 2865 demisso,
3573 2816 3759 2870 neque

2165 2901 2377 2956 obtueri
2408 2901 2586 2970 ipsum
2621 2910 2815 2968 potens
2852 2916 2867 2953 :
2902 2898 3158 2952 similiter
3189 2897 3514 2950 nominatim
3548 2895 3756 2951 citatus

2165 3010 2342 3062 equus
2397 2993 2731 3064 agnoscebat
2785 3008 3009 3056 nomen,
3069 2989 3487 3060 praeteribatque
3543 2987 3756 3058 dejecta

2165 3086 2400 3149 cervice,
2423 3100 2599 3154 neque
2620 3084 2812 3140 Adami
2847 3093 3201 3152 conspectum
3240 3082 3554 3136 sustinens:
3591 3091 3760 3148 atque

2169 3178 2242 3232 ita
2270 3177 2336 3232 de
2369 3190 2682 3246 nuncupato
2712 3178 2892 3240 asino,
2915 3176 3148 3246 aliisque
3174 3174 3406 3244 singulis
3431 3173 3756 3228 animalium

2168 3283 2224 3329 et
2256 3273 2558 3328 bestiarum
2589 3271 2986 3339 volucrumque
3011 3269 3322 3340 speciebus.
3357 3267 3463 3323 Sed
3491 3267 3634 3323 dicet
3655 3270 3761 3322 ali-

2169 3365 2332 3435 quis:
2360 3364 2514 3419 Unde
2563 3363 2831 3418 didicerat
2855 3363 3121 3424 Adamus,
3158 3377 3267 3432 quo
3293 3377 3465 3432 genus
3499 3358 3760 3430 quodque

2170 3457 2393 3511 nomine
2432 3466 2578 3511 esset
2611 3457 2939 3512 vocandum.
2976 3455 3056 3509 Ad
3114 3455 3218 3510 hoc
3249 3453 3602 3524 respondent,
3629 3454 3759 3523 qui-

2169 3548 2273 3603 bus
2300 3548 2415 3604 haac
2447 3546 2826 3618 interpretatio
2853 3547 3032 3616 placet
3067 3543 3305 3615 Spiritus
3349 3546 3520 3600 sancti
3555 3543 3753 3599 fretum

2169 3641 2368 3712 gratia,
2403 3641 2697 3707 instinctu,
2735 3649 2900 3710 atque
2947 3639 3235 3693 eilicientia
3276 3655 3290 3703 ;
3331 3639 3481 3692 ilitnn
3512 3637 3755 3706 propriis

2167 3733 2471 3803 appellasse
2496 3748 2728 3803 qumque
2752 3732 3034 3788 vocabulis
3060 3750 3072 3785 :
3105 3733 3308 3802 quippe
3339 3731 3482 3786 sicut
3513 3728 3748 3799 apostoli

2169 3827 2391 3897 impulsi
2430 3836 2559 3884 sunt
2591 3826 2658 3882 ad
2694 3825 3030 3896 loquendum
3067 3825 3189 3880 aliis
3231 3826 3456 3893 linguis,
3505 3839 3603 3894 pro
3680 3836 3754 3876 eo

2167 3937 2232 3974 ae
2269 3920 2509 3990 Spiritus
2537 3928 2762 3974 sanctus
2791 3919 3121 3989 suggerebat
3145 3917 3279 3987 ipsis
3305 3927 3364 3972 ut
3398 3919 3764 3986 loquerentur

2168 4012 2270 4075 3“,
2293 4012 2365 4065 ita
2401 4012 2566 4065 etiam
2622 4010 2889 4064 Adamum
2919 4011 2988 4065 ab
3016 4009 3261 4078 ejusdem
3314 4009 3488 4065 sancti
3524 4009 3767 4078 Spiritus

2168 4102 2506 4172 benignitate
2553 4101 2993 4171 eiﬁcacitateque
3022 4102 3306 4172 accepisse
3359 4113 3412 4155 et
3467 4101 3760 4157 scientiam

2166 4205 2222 4251 et
2252 4210 2438 4251 vocem
2470 4205 2525 4250 et
2554 4197 2886 4260 orationem,
2942 4203 3106 4264 atque
3139 4196 3212 4250 ita
3274 4195 3508 4263 singulis
3542 4195 3766 4248 anima-

2137 4288 2300 4341 'lium
2340 4287 2633 4352 generibus
2664 4303 2762 4342 sua
2801 4287 3120 4342 attribuisse
3168 4287 3412 4341 nomina.
3455 4285 3628 4340 Porro
3665 4287 3768 4341 iis-

2170 4382 2291 4435 dem
2323 4381 2427 4435 illis
2459 4383 2528 4435 ab
2563 4382 2773 4435 Adamo
2831 4380 3027 4450 positis
3079 4381 3396 4435 nominibus
3431 4395 3584 4435 usam
3639 4395 3768 4435 esse

474 4479 544 4519 εο
581 4477 828 4536 ερεοιειτε
872 4467 1029 4536 quasi
1093 4467 1339 4522 Adamus
1385 4469 1604 4522 nomina
1675 4468 1959 4538 iumentis,
1992 4471 2072 4522 τε·
2103 4487 2147 4544 ι)
2177 4476 2487 4530 universam
2545 4474 2824 4528 hominum
2880 4475 3254 4544 posteritatem
3309 4485 3486 4542 usque
3514 4472 3579 4526 ad
3625 4471 3766 4526 illud

441 4560 575 4622 'ris,
618 4559 928 4614 volucribus
977 4560 1242 4629 posuerit,
1292 4561 1385 4615 sed
1423 4563 1488 4614 ad
1522 4562 1805 4630 imperium
1850 4560 2065 4626 Adami,

444 4653 620 4722 quod
676 4653 724 4706 ei
791 4668 854 4707 ea
890 4653 1056 4708 simul
1112 4653 1368 4708 universo
1406 4655 1590 4724 generi
1634 4654 1872 4708 hun‘iano
1902 4653 1955 4707 in
1978 4653 2067 4706 illa

471 4749 654 4801 datum
706 4759 810 4810 ρει,
869 4752 1159 4819 pertinere.
1212 4747 1345 4802 Nam
1383 4763 1547 4817 penes
1572 4764 1718 4816 quos
1751 4757 1836 4802 est
1875 4762 2059 4801 rerum

473 4842 828 4910 quarumdam
853 4829 1251 4904 dominium,lii
1288 4842 1489 4912 quibus
1525 4844 1716 4898 volunt
1748 4841 2062 4896 nominibus

474 4946 671 4986 reseas
694 4943 938 5000 censent,
1021 4934 1166 4990 sicut
1241 4949 1498 5004 possesor
1575 4950 1637 4988 ea
1704 4949 1828 5004 quae
1917 4950 2046 5003 pos-

474 5024 631 5079 sidet.
698 5025 838 5092 Quid
894 5029 1041 5083 enim
1095 5028 1295 5097 alioqui
1386 5027 1700 5100 profuisset,
1773 5027 2051 5096 inquiunt,

473 5116 614 5172 hanc
677 5130 772 5173 aut
833 5120 979 5174 illam
1055 5121 1283 5176 bestiam
1378 5122 1723 5176 volucremve
1794 5119 1898 5173 hoc
1965 5116 2052 5171 vel

472 5211 567 5266 illo
629 5213 850 5266 nurnine
904 5230 1276 5281 nuncupasse.
1367 5231 1436 5280 qu
1461 5215 1509 5266 id
1575 5228 1775 5266 n:nucu
1870 5226 2050 5280 neque

473 5304 606 5373 ipsa:
645 5320 943 5374 agnoscere
974 5309 1300 5376 quivisseut,
1361 5322 1538 5376 neque
1576 5321 1641 5360 eo
1669 5304 1869 5360 saeculo
1906 5307 2052 5358 nilus

472 5396 792 5475 mortalium
844 5397 914 5452 ab
972 5397 1181 5452 Adamn
1215 5399 1471 5452 discere?
1511 5397 1590 5450 Ad
1653 5398 1758 5452 hoc
1807 5395 2055 5449 videmus

474 5489 719 5561 singulas
755 5498 944 5559 gentes
1003 5504 1102 5543 sua
1169 5506 1390 5560 quaque
1463 5491 1647 5559 lingua
1693 5501 2058 5558 sermoneque

436 5599 444 5607 ·
471 5596 540 5638 ac
573 5583 854 5642 vocabulis
871 5585 1127 5654 propriis,
1148 5585 1455 5642 animantes
1481 5601 1721 5656 avesque
1746 5585 2054 5650 nominare;

546 5757 591 5790 ⁸³
639 5762 810 5819 Exod.
869 5780 1053 5833 xxxiv,
1102 5766 1191 5823 ‘29.
1270 5767 1348 5800 ⁸³*
1413 5765 1531 5821 Act.
1572 5781 1630 5831 tt,
1699 5767 1752 5822 -l.

2173 4579 2390 4637 tempus
2419 4580 2529 4634 quo
2557 4573 2685 4620 sunt
2711 4564 2957 4620 confusa:
2988 4565 3186 4636 linguae
3212 4583 3226 4620 :
3251 4573 3304 4619 et
3333 4565 3477 4619 sicut
3499 4564 3586 4618 ille
3605 4562 3768 4618 ferini-

2173 4677 2296 4713 nam
2336 4663 2565 4712 vocabat
2603 4657 2912 4717 mulierem.
2969 4667 3023 4712 et
3054 4659 3240 4725 Evam,
3277 4657 3349 4711 ita
3380 4672 3575 4711 omnes
3613 4655 3767 4711 illius

2168 4745 2352 4804 sat-culi
2375 4747 2606 4802 feminas
2639 4748 2704 4802 ad
2725 4747 2986 4803 confusas
3017 4747 3231 4818 linguas
3261 4763 3440 4818 usque
3462 4747 3766 4817 appellatas

2163 4857 2286 4898 esse
2317 4840 2596 4901 mulieres,
2616 4850 2671 4894 et
2715 4840 2895 4906 Evas;
2947 4841 3167 4910 quamlo
3196 4841 3364 4895 etiam
3401 4839 3567 4894 hodie
3596 4839 3760 4893 multi

2165 4931 2476 4987 mortalium
2507 4931 2823 4986 iisntnntur
2851 4932 3157 4996 vocabulis,
3192 4949 3317 5002 quae
3354 4943 3486 4988 sunt
3519 4933 3588 4987 ab
3610 4932 3764 4986 Ada-

2164 5038 2254 5077 mo
2281 5027 2501 5092 pritnuu
2537 5022 2772 5092 prodita.
2813 5025 2882 5074 At
2933 5023 3024 5076 alii
3054 5023 3436 5091 interpretum.
3483 5031 3538 5075 ut
3583 5037 3766 5090 nuper

2163 5126 2445 5170 ostensum
2477 5131 2505 5167 a
2539 5115 2695 5169 nobis
2727 5122 2831 5176 est,
2864 5113 3048 5168 dicere
3090 5115 3321 5177 malunt,
3358 5112 3542 5167 Mosen
3580 5113 3763 5182 signi-

2160 5210 2325 5263 lieare
2359 5207 2468 5261 illis
2497 5207 2702 5270 verbis,
2734 5207 3021 5276 imperium
3050 5206 3260 5260 Adamo
3301 5207 3530 5275 ejusque
3566 5217 3759 5276 poste-

2157 5300 2304 5356 ritati
2330 5314 2678 5356 concessum.
2714 5315 2812 5368 pro
2835 5315 2943 5368 quo
2977 5301 3196 5353 nomina
3216 5299 3592 5353 animantibus
3614 5313 3760 5354 cuu-

2159 5395 2263 5450 ctis
2329 5394 2607 5461 rebusque
2642 5392 2779 5446 'aliis
2834 5392 3113 5460 imponere
3168 5395 3403 5461 possint.
3460 5392 3567 5445 Alii
3622 5406 3761 5446 vero

2160 5489 2502 5552 existimant,
2538 5488 2651 5541 haec
2705 5485 2770 5539 ad
2805 5485 2976 5554 ipsam
3007 5485 3272 5540 rationem
3302 5493 3585 5556 spectare,
3645 5499 3758 5552 qua

2163 5582 2348 5639 donati
2387 5582 2454 5636 ab
2484 5579 2678 5650 opilice
2724 5577 2834 5634 Deo
2877 5578 3150 5646 homines,
3185 5579 3303 5634 suis
3367 5594 3456 5634 res
3506 5590 3760 5647 quasque
