4086 6388
421 350 522 417 5i!

1555 357 1654 417 DE
1694 356 2097 417 PARADISO.
2141 382 2211 392 --
2252 360 2445 420 PARS
2488 360 2537 419 Ι.

3581 353 3686 419 542

419 462 701 518 vocabulis
725 472 932 532 queunt
977 466 1251 534 appellare
1270 484 1294 520 -:
1343 466 1408 519 Et
1443 467 1651 519 Adamo
1714 482 1815 518 non
1848 468 1989 518 int'e-
2023 471 2062 523 Α
2094 468 2423 539 gerebantur
2449 483 2652 538 :eaque
2679 482 2788 523 non
2812 470 2971 523 aliter
3001 468 3543 537 intelligerentqnam
3568 486 3692 537 quae

420 554 665 607 uiebatur
713 554 1038 617 adiutorium
1073 558 1247 625 qualis
1280 559 1445 625 ipsius
1505 566 1643 610 erat.
1691 555 1993 634 llaudqtta-

422 661 583 715 quam
617 645 980 700 existimanda
1035 655 1164 702 sunt
1219 647 1331 703 hmc
1368 647 1526 701 verba
1580 663 1679 717 pro
1732 661 1999 716 responso

421 742 542 795 data
566 753 691 792 esse
721 738 958 805 cuipiam
997 756 1011 791 :
1048 739 1168 808 quis
1197 740 1342 795 enim
1371 740 1707 811 interrogare
1731 741 2000 809 potuisset

416 849 547 887 nutu
582 834 827 887 Adamus
846 832 1065 887 haberet
1102 834 1409 889 subsidium
1448 835 1550 889 sibi
1584 834 1784 895 simile,
1816 850 1996 905 quan-

415 927 487 978 do
531 935 727 994 praeter
771 924 923 995 illum
955 927 1120 978 etiam
1157 935 1271 980 tum
1308 942 1468 981 nemo
1498 933 1617 981 erat
1673 925 1998 980 hominum?

416 1016 621 1069 Verum
647 1023 896 1083 spectant
927 1016 993 1070 ad
1037 1020 1471 1085 cognoscendum
1526 1020 1819 1073 discrimen
1857 1021 2003 1074 inter

414 1111 548 1165 Adae
577 1106 952 1162 conditionem
988 1120 1040 1163 et
1065 1118 1384 1165 cancrorum
1408 1112 1769 1165 animantium
1791 1114 2001 1169 ratione

416 1200 725 1256 carentium
762 1202 813 1252 in
842 1215 907 1252 eo
942 1202 1179 1269 positum
1207 1204 1350 1271 quod
1384 1203 1437 1256 in
1473 1203 1556 1258 his
1581 1220 1697 1259 mas
1727 1215 1779 1259 et
1802 1204 1999 1261 femina

412 1293 533 1363 pari
559 1301 683 1345 ortu
718 1292 881 1346 simul
909 1292 1253 1357 exstiterint;
1290 1294 1342 1347 in
1376 1310 1573 1362 genere
1600 1312 1729 1349 vero
1762 1297 2001 1352 humano

409 1384 589 1438 Adam
627 1382 783 1435 solus
812 1381 1066 1436 conditus
1091 1382 1182 1446 sit,
1227 1392 1281 1437 et
1308 1384 1504 1439 deinde
1531 1401 1597 1439 ex
1631 1385 1751 1454 ipso
1775 1386 1996 1441 femina.

488 1474 681 1541 Qualis
702 1474 1081 1540 fueritAdami
1130 1492 1366 1529 somnus.
1402 1507 1468 1517 -—
1521 1476 1589 1529 Et
1639 1479 1855 1530 immisit
1894 1478 1999 1530 Do-

414 1570 593 1621 minus
628 1566 764 1619 Deus
797 1566 851 1618 in
882 1566 1141 1618 Adamum
1177 1568 1425 1636 quietem,
1455 1577 1503 1620 et
1532 1567 1865 1622 obdormivit.
1890 1568 1997 1621 Noe

414 1660 641 1715 tandum
674 1668 778 1722 est,
806 1674 901 1727 pro
924 1659 1108 1727 quiete
1134 1659 1185 1711 in
1209 1658 1396 1715 (ἕνεκα)
1431 1660 1693 1713 ἔκστασιν
1720 1679 1732 1714 :
1761 1660 1864 1713 hoc
1895 1669 2000 1724 est,

421 1748 618 1802 mentis
647 1759 952 1817 stuporem,
998 1764 1121 1804 esse
1162 1751 1424 1818 scriptum
1457 1767 1472 1814 ;
1507 1752 1558 1803 in
1615 1750 1843 1805 Hebrteo
1871 1766 2001 1804 vero

428 1854 696 1893 somnum.
734 1839 1005 1893 Czeterum
1049 1855 1115 1894 eo
1146 1841 1292 1909 quod
1357 1842 1455 1905 ait,
1496 1839 1661 1893 Deum
1702 1840 1915 1893 misisse
1948 1840 2000 1891 in

431 1933 707 1993 Adamum,
743 1934 985 2001 quietem
1011 1934 1125 1986 sive
1154 1935 1349 1990 mentis
1382 1944 1662 2001 stuporem
1686 1971 1703 1996 ,
1731 1934 1999 2001 arguitur,

424 2042 526 2078 non
561 2033 774 2078 natura:
806 2025 1211 2079 necessitudine
1264 2040 1523 2081 somnum
1593 2025 1744 2079 illum
1787 2026 1999 2078 Adatno

412 2116 738 2179 accessisse,
773 2118 866 2170 sed
904 2115 1013 2169 Deo
1060 2117 1410 2173 conciliante.
1441 2117 1631 2183 Qualis
1670 2134 1801 2171 vero
1838 2115 2005 2170 fuerit

416 2209 509 2263 illa
539 2208 717 2277 quies.
762 2218 856 2261 aut
886 2206 1165 2272 ἔκστασις,
1202 2207 1245 2261 si
1279 2209 1402 2277 quis
1435 2218 1665 2278 quaerat,
1698 2207 2001 2277 responde-

415 2316 544 2355 mus
605 2300 747 2353 haud
783 2299 1017 2354 similem
1051 2302 1332 2355 consuetis
1366 2301 1472 2355 illis
1510 2300 1680 2355 fuisse
1713 2301 1915 2370 quibus
1946 2309 2005 2354 ut

414 2393 687 2458 solemus,
721 2403 930 2446 natura:
958 2392 1322 2461 indulgentes.
1362 2392 1606 2448 Primum
1634 2393 1780 2446 enim
1810 2408 1875 2447 eo
1906 2408 2002 2446 so-

417 2500 559 2554 pore
590 2484 856 2545 immisso,
880 2484 1110 2538 obduxit
1137 2482 1279 2540 Deus
1297 2485 1489 2540 Adami
1526 2497 1760 2540 mentem
1790 2502 1816 2538 a
1842 2487 2006 2541 rebus

417 2582 682 2635 clunibus
721 2596 842 2648 qum
898 2583 1016 2635 visu
1055 2581 1134 2636 vel
1203 2582 1309 2635 alio
1344 2583 1541 2651 quovis
1591 2582 2007 2651 sensupcrcipi

419 2674 652 2742 possint,
683 2682 847 2742 atque
878 2674 949 2727 ita
981 2688 1176 2728 somno
1202 2689 1265 2727 eo
1285 2673 1461 2727 affecit
1489 2685 1545 2727 ut
1575 2676 1788 2727 illarum
1823 2690 2007 2728 rerum

421 2779 653 2832 prorsus
695 2763 899 2817 nullam
925 2762 1157 2817 sentiret
1194 2782 1207 2817 :
1249 2764 1506 2817 nimirum
1568 2765 1740 2832 ipsius
1797 2765 2008 2834 cogita-

423 2852 603 2905 tiones
646 2853 862 2922 penitus
912 2852 980 2906 ab
1023 2854 1478 2920 oct'upatimtihus
1529 2871 1715 2910 rerum
1774 2857 2007 2910 munda-

423 2961 621 2998 narum
659 2945 918 2999 omnibus
962 2946 1034 2999 ita
1070 2946 1287 3015 collegit
1325 2956 1383 3000 ut
1421 2949 1529 3001 alio
1559 2959 1792 3002 mentem
1850 2966 2006 3003 suam

422 3037 536 3100 ille,
557 3052 721 3105 quam
750 3038 803 3090 in
838 3037 1080 3107 seipsum
1112 3054 1177 3090 ac.
1208 3040 1349 3092 circa
1380 3055 1519 3099 sese.
1560 3056 1666 3094 non
1696 3042 2008 3097 intenderet

2101 561 2277 614 oculis
2300 563 2636 631 auribusque
2669 562 2951 630 corporeis
2982 575 3163 615 coram
3190 561 3302 614 lteri
3332 553 3575 615 videreni
3606 574 3691 615 at-

2102 667 2210 721 que
2241 653 2514 716 audirent,
2538 654 2732 707 deinde
2764 652 2933 709 radiis
2957 652 3261 707 divinarum
3297 652 3687 707 revelationum

2100 754 2321 818 pectora
2341 745 2578 814 ipsorum
2601 744 2984 799 collustrabat:
3014 743 3399 797 revelationum
3419 744 3686 811 (inquam)

2100 854 2287 894 earum
2317 854 2498 891 rerum
2524 852 2644 906 qua:
2671 844 2765 889 aut
2795 844 3077 889 eventum
3102 842 3281 891 erant.
3306 841 3399 886 aut
3425 833 3537 901 jam
3564 841 3678 884 tum

2102 931 2436 986 acciderant.
2464 926 2665 981 Verum
2690 928 2990 981 illiusmodi
3021 925 3383 979 revelationes
3411 924 3609 977 divinae
3638 934 3681 976 et

2104 1008 2339 1091 Spiritus
2364 1021 2539 1075 sancti
2577 1019 2828 1073 eflicaces
2876 1018 3143 1077 actiones.
3200 1016 3484 1085 prophetis
3553 1016 3688 1081 vigi-

2105 1114 2345 1167 lantibus
2370 1112 2759 1181 contingebant
2787 1126 2800 1172 ;
2838 1118 2892 1163 at
2946 1108 3155 1161 Adamo
3187 1107 3480 1161 dormienti
3516 1106 3683 1159 obve-

2104 1204 2183 1256 nit
2206 1219 2363 1258 Sacra
2395 1202 2484 1256 illa
2515 1200 2869 1255 revelatiorei-
2896 1215 3015 1265 quae
3070 1200 3211 1252 circa
3249 1198 3397 1251 il'um
3431 1197 3693 1265 agebatur

2106 1294 2161 1347 in
2201 1294 2483 1349 condenda
2507 1310 2570 1347 ex
2610 1294 2726 1362 ipso
2751 1292 2882 1345 Eva.
2920 1289 3046 1344 Fuit
3084 1290 3248 1359 igitur
3275 1306 3337 1343 ea
3371 1292 3485 1344 sive
3537 1291 3693 1355 qu‘es

2105 1389 2220 1442 sive
2295 1386 2574 1447 ἔκστασις.
2632 1400 2739 1453 qua
2820 1386 2958 1437 Deus
3029 1384 3295 1436 Adamum
3349 1381 3694 1434 devinciebat

2068 1500 2075 1515 ·
2105 1478 2327 1549 quando
2350 1480 2519 1546 ipsius
2538 1478 2839 1532 detractam
2861 1476 3075 1543 corpori
3096 1473 3474 1528 conformabat
3500 1474 3688 1537 Evam,

2110 1572 2184 1624 illi
2223 1570 2420 1625 similis
2463 1584 2633 1624 saera;
2674 1567 2869 1622 visinni
2931 1582 3039 1636 qua
3106 1564 3377 1619 Abraham
3437 1564 3695 1617 cernebat

2109 1662 2410 1730 lampadem
2444 1661 2586 1730 ignis
2616 1660 2954 1713 incedentem
2976 1659 3116 1710 inter
3142 1656 3313 1710 frusta
3339 1655 3407 1716 ³⁸,
3429 1670 3535 1723 qua
3563 1655 3695 1708 Ezeo

2110 1752 2250 1805 chiel
2282 1751 2529 1804 invectos
2576 1750 2925 1804 Cherubinos
2957 1751 3025 1813 ⁸⁸,
3062 1764 3169 1816 qua
3211 1746 3379 1802 Isaias
3408 1747 3575 1801 Deum
3608 1761 3698 1801 se-

2035 1821 2078 1880 B
2107 1846 2322 1899 dentem
2366 1845 2417 1897 in
2457 1844 2582 1897 sede
2615 1842 2834 1896 sublimi
2873 1844 3316 1911 Seraphinosqne
3354 1849 3562 1893 stantes
3592 1840 3700 1893 cir-

2107 1957 2231 1993 cu'n
2267 1939 2446 2008 ipsum
2493 1939 2538 1969 ⁸⁸
2571 1954 2587 2003 ;
2635 1937 2869 2006 denique
2900 1953 3006 2005 qua
3055 1936 3248 1990 Petrus
3294 1935 3631 1989 descendens
3660 1946 3692 1987 e

2108 2034 2250 2088 cceln
2298 2033 2479 2084 velum
2515 2031 2877 2085 contuebatur
2907 2030 2975 2083 ⁸⁷.
3009 2030 3184 2098 Atque
3239 2027 3359 2081 haec
3415 2025 3683 2079 hactenus

2109 2127 2177 2181 de
2209 2126 2394 2195 quiete
2422 2126 2535 2179 sive
2555 2125 2783 2183 exslasi.
2804 2139 2965 2191 quam
2996 2122 3137 2177 Deus
3170 2120 3697 2186 Adamoinjiciehat,

2108 2220 2252 2275 dicta
2288 2235 2315 2273 a
2354 2219 2511 2272 nobis
2560 2227 2742 2271 sunto.
2783 2216 2916 2270 Illud
2978 2231 3143 2283 porro
3213 2215 3357 2284 quod
3411 2212 3696 2273 scribitur,

2109 2312 2420 2365 dormiciase
2442 2311 2731 2373 Adamum,
2758 2306 2998 2362 ostendit
3026 2307 3202 2375 ipsum
3235 2307 3413 2359 adhuc
3447 2304 3697 2372 ignarum

2110 2401 2240 2471 quid
2266 2398 2344 2453 rei
2375 2410 2519 2454 esset
2568 2413 2821 2459 somnus,
2881 2414 2939 2452 sc
2970 2396 3175 2450 nudum
3219 2397 3369 2448 humi
3405 2394 3694 2460 abiecisse,

2112 2503 2277 2563 atque
2300 2492 2605 2557 stertuisse,
2638 2493 2730 2545 sed
2756 2491 3008 2544 indutum
3041 2489 3257 2543 interim
3286 2489 3480 2558 gloria.
3508 2486 3697 2555 splen-

2112 2587 2439 2653 dentemque
2467 2585 2599 2638 solis
2628 2585 2680 2637 in
2714 2599 2918 2637 morem
2943 2580 3133 2636 .Porro
3168 2583 3217 2632 in
3243 2579 3691 2649 disquisitionem

2114 2688 2295 2731 autem
2331 2677 2418 2728 hic
2453 2675 2622 2739 venit,
2662 2690 2790 2727 nmn
2827 2690 2921 2743 per
2960 2672 3293 2729 insomnium
3344 2670 3541 2723 viderit
3571 2685 3702 2723 cos-

2114 2781 2224 2826 tam
2253 2785 2373 2839 qua:
2410 2768 2512 2822 sibi
2560 2768 3005 2831 subtrahebatnr,
3058 2776 3217 2834 atque
3250 2764 3701 2817 cunformabatur

2114 2865 2170 2919 in
2201 2862 2484 2923 feminam,
2511 2876 2578 2914 an
2605 2874 2735 2914 vero
2763 2861 2937 2928 reipsa
2958 2875 3077 2912 eam
3102 2868 3308 2912 costam
3344 2857 3573 2909 intuitus
3596 2854 3705 2909 sit?

2116 2956 2533 3027 Respondemus
2576 2968 2728 3015 vero,
2758 2967 2882 3004 eum
2926 2952 3149 3005 minime
3174 2960 3380 3005 costam
3411 2950 3583 3019 ipsam
3616 2964 3704 3000 re-

2118 3063 2242 3101 vera
2291 3043 2592 3113 aspexisse,
2628 3058 2753 3096 cum
2784 3043 3067 3095 dormierit
3105 3059 3118 3095 :
3176 3058 3352 3110 neque
3415 3040 3575 3093 etiam
3611 3054 3704 3106 per

420 3144 516 3188 aut
550 3143 785 3189 verteret
820 3151 835 3187 :
867 3135 1064 3190 deinde
1096 3136 1485 3190 revelationem
1521 3137 1619 3204 ipsi
1647 3138 1864 3202 indidit,
1890 3154 1996 3206 qua
2039 3171 2081 3226 ε
2117 3136 2452 3192 insomnium
2503 3135 2520 3204 (
2550 3148 2866 3204 quanquam
2927 3150 3034 3186 non
3095 3132 3405 3201 negandum
3455 3132 3526 3183 sit
3580 3143 3700 3184 esse

423 3227 594 3281 veluti
625 3228 807 3282 divina
840 3228 1097 3298 quapiam
1132 3227 1445 3293 eilicientia,
1482 3230 1563 3284 sic
1598 3230 1685 3283 ille
1712 3244 1972 3297 compara
1989 3238 2007 3271 -'

423 3321 615 3385 batur,
664 3329 723 3373 ut
764 3334 860 3389 per
882 3319 1077 3375 animae
1108 3334 1220 3373 sua:
1252 3330 1430 3374 motus
1461 3320 1741 3389 viresque,
1802 3321 2010 3375 videret

419 3422 590 3483 atque
641 3412 855 3466 audiret
887 3422 1082 3466 cuncta
1117 3427 1240 3481 quae
1269 3412 1450 3481 seipso
1481 3428 1545 3467 ac
1588 3414 1734 3466 circa
1773 3429 1837 3468 se
1876 3428 2008 3482 age-

422 3511 649 3560 bantur.
706 3504 1124 3559 Permisitenim
1152 3506 1254 3574 ipsi
1290 3515 1349 3559 ut
1384 3520 1492 3559 non
1527 3505 1686 3561 aliter
1707 3506 1846 3575 apud
1880 3505 2006 3559 ani-

418 3614 575 3653 mum
610 3614 769 3652 suum
803 3607 1046 3652 versaret
1083 3608 1473 3668 reputaretque
1504 3613 1567 3653 ac
1597 3609 1780 3652 certus
1810 3597 2005 3652 redde-

417 3697 573 3743 retur
595 3688 737 3757 quod
753 3700 902 3743 costa
930 3689 1031 3745 sibi
1057 3688 1400 3743 eximebatur
1431 3698 1595 3757 atque
1617 3692 1669 3742 in
1706 3690 2001 3742 mulierem

418 3780 882 3845 roucinnahatur,
930 3795 1093 3849 quam
1154 3779 1199 3833 si
1234 3780 1409 3834 oculis
1440 3782 1780 3848 auribusque
1809 3794 2011 3848 corpo-

424 3872 535 3926 reis
575 3887 706 3927 usus
737 3874 1051 3943 remipsam
1114 3875 1343 3929 vidisset
1393 3882 1445 3926 et
1491 3872 1815 3927 audivisset.
1876 3870 2012 3924 Nam

427 3979 489 4018 eo
508 3974 674 4033 captu
709 3966 901 4030 animi,
942 3967 1035 4036 qui
1078 3966 1298 4020 videndi
1356 3964 1721 4034 audiendique
1763 3963 2014 4018 sensibus

424 4058 812 4128 responderet,
847 4058 967 4111 ideo
1008 4059 1187 4128 ipsum
1218 4058 1515 4111 inlirmavit
1547 4057 1689 4111 Deus
1715 4072 1825 4125 quo
1856 4056 2014 4126 peni.

421 4162 514 4206 tus
540 4150 690 4204 cordi
728 4151 900 4217 ipsius
948 4152 1055 4206 lixa
1100 4154 1330 4207 haereret
1379 4150 1658 4218 mentique
1690 4159 1838 4204 certa
1876 4163 2016 4203 con-

426 4247 601 4293 staret
645 4240 857 4294 resilla
912 4256 1035 4310 qua:
1089 4242 1398 4309 agebatur;
1430 4240 1865 4309 intelligeretque
1926 4239 2017 4293 ille

425 4347 487 4385 se
522 4346 632 4386 non
679 4330 915 4385 fantasia
950 4333 1209 4401 quapiam
1242 4340 1409 4401 atque
1454 4346 1591 4386 vana
1624 4330 2017 4401 imaginatione

426 4426 723 4480 seductum
753 4442 783 4481 a
826 4443 953 4481 vero
978 4443 1121 4487 esse.
1158 4430 1250 4481 sed
1285 4444 1399 4481 rem
1453 4428 1629 4495 ipsam
1666 4428 2013 4495 percepisse:

2115 3230 2366 3299 quaedam
2405 3228 2677 3282 insomnia
2713 3241 2861 3289 vera,
2896 3226 3200 3295 cujusmodi
3236 3224 3387 3277 fuere
3435 3224 3525 3277 illa
3580 3236 3703 3290 qua:

2113 3321 2351 3392 JOSepho
2376 3331 2675 3375 evenerunt
2706 3331 2759 3375 et
2784 3318 3079 3379 Pharaoni.
3117 3318 3245 3371 item
3274 3314 3477 3369 Danieli
3511 3324 3562 3365 et
3594 3313 3704 3366 Na-

2114 3416 2585 3480 buchodonosori,
2610 3424 2773 3485 atque
2803 3416 2966 3468 etiam
3000 3410 3242 3481 Jusepho
3272 3410 3456 3462 Mariae
3478 3421 3705 3476 sponso,

2116 3507 2350 3576 denique
2384 3508 2541 3561 uxori
2580 3506 2761 3567 Pilati,
2802 3505 3197 3574 compluraque
3235 3502 3337 3555 alia
3403 3500 3567 3568 hujus
3601 3514 3694 3568 ge-

2120 3600 2290 3669 neris)
2324 3600 2418 3655 sed
2453 3616 2548 3669 per
2597 3598 2837 3652 divinam
2872 3597 3286 3654 revelationem,
3319 3608 3446 3645 cum
3506 3603 3704 3646 somno

2120 3702 2301 3746 tamen
2337 3691 2551 3745 interim
2584 3698 2732 3751 esset
2760 3690 2875 3758 ipse
2930 3698 3259 3755 occupatus.
3295 3684 3566 3741 Caeterum
3620 3684 3707 3737 di-

2119 3782 2260 3836 vium
2288 3782 2650 3836 revelationes
2687 3797 2792 3833 non
2831 3794 2942 3832 uno
2969 3794 3161 3831 oinnes
3193 3778 3353 3829 modo
3382 3774 3701 3828 hominibus

2118 3876 2301 3931 oﬂerri
2331 3876 2508 3930 solent
2532 3893 2549 3945 ς
2574 3874 2665 3927 sed
2689 3872 2883 3940 partim
2913 3868 3320 3939 repra'sentatis
3350 3867 3516 3920 rebus
3546 3864 3707 3934 ipsis.

2120 3971 2240 4025 alia:
2272 3985 2367 4038 per
2403 3967 2677 4021 insomnia
2715 3980 2731 4019 :
2763 3964 3001 4031 denique
3028 3964 3306 4014 nonnulla:
3332 3959 3493 4013 etiam
3527 3974 3573 4010 n=
3598 3971 3707 4025 que

2122 4078 2215 4131 per
2240 4078 2328 4116 res
2360 4061 2508 4129 ipsas
2541 4073 2720 4128 neque
2767 4073 2865 4125 per
2897 4055 3193 4117 insomnia,
3239 4053 3331 4107 sed
3372 4068 3465 4122 per
3510 4051 3709 4105 animas

2122 4170 2321 4210 sensus
2346 4192 2362 4218 ,
2394 4151 2631 4207 occlusis
2680 4151 2892 4204 scilicet
2938 4148 3194 4203 sensibus
3225 4145 3476 4215 corporis
3516 4162 3529 4197 :
3568 4144 3711 4197 sicut

2124 4248 2282 4303 nobis
2311 4245 2722 4310 usuvenit,dum
2756 4242 2958 4296 clausis
2985 4241 3164 4294 oculis
3200 4235 3582 4305 obturatisque
3609 4249 3712 4287 au-

2123 4340 2275 4394 ribus
2313 4335 2701 4405 cogitationem
2742 4342 2989 4387 nustram
3017 4334 3093 4384 ita
3136 4329 3473 4384 intendimus
3502 4327 3556 4379 in
3595 4339 3708 4378 rem

2125 4429 2442 4499 quampiam
2481 4438 2769 4493 remotam,
2811 4435 2871 4478 ut
2908 4438 3083 4493 neque
3129 4424 3419 4475 audiamus
3450 4420 3579 4472 illos
3615 4416 3711 4487 qui

425 4533 541 4572 non
575 4518 734 4571 aliter
769 4528 932 4588 atque
967 4519 1124 4571 nobis
1155 4519 1374 4579 accidit,
1413 4519 1507 4587 qui
1545 4519 1675 4572 dum
1710 4519 1885 4572 oculis
1911 4518 2015 4571 ali-
2049 4533 2091 4586 ι)
2126 4537 2226 4575 nos
2256 4535 2320 4574 ex
2388 4520 2694 4588 propinquo
2760 4518 3139 4585 alloquuntur,
3195 4528 3373 4580 neque
3403 4511 3709 4564 videamus.

426 4610 557 4679 quid
592 4610 871 4666 cernimus
904 4611 1243 4678 auribusque
1273 4613 1549 4675 audimus,
1583 4627 1709 4664 vere
1734 4627 1833 4666 nos
1865 4611 2011 4680 quod

428 4716 521 4755 res
544 4710 627 4753 est
653 4700 911 4755 didicisse
940 4701 1150 4755 scimus
1182 4718 1195 4752 :
1233 4711 1361 4754 sunt
1392 4701 1538 4754 enim
1578 4703 1687 4755 duo
1717 4700 1791 4754 illi
1821 4716 2016 4755 sensus

432 4794 635 4857 (visunt
688 4793 832 4856 dico,
881 4794 1239 4861 auditumque
1268 4792 1287 4851 δ
1321 4793 1374 4846 ἰη
1409 4794 1559 4847 omni
1614 4809 1672 4848 re
1716 4793 2013 4849 certissimi

438 4886 679 4939 veritatis
706 4894 889 4939 testes.
921 4884 986 4938 Et
1010 4902 1137 4938 vero
1169 4896 1228 4938 ut
1258 4886 1346 4938 hic
1369 4902 1493 4939 cum
1512 4886 1743 4947 Adamo,
1780 4887 1850 4939 ita
1875 4886 2017 4941 alias

431 4989 550 5027 cum
591 4974 797 5027 sanctis
826 4974 1107 5043 prophetis
1135 4975 1328 5041 agebat
1358 4988 1575 5043 quoque
1613 4974 1754 5029 Deus
1790 4976 2009 5044 quando

427 5067 672 5135 ipsorum
707 5078 926 5135 pectora
956 5067 1157 5121 divinis
1192 5066 1309 5121 suis
1362 5067 1790 5120 revelationibus
1848 5067 2009 5122 illus-

426 5160 612 5212 trahat
645 5175 659 5209 :
700 5169 826 5219 ante
859 5159 1043 5213 omnia
1078 5160 1224 5214 enim
1259 5160 1561 5213 abducebat
1585 5160 1832 5227 ipsorum
1854 5174 2013 5211 men-

426 5259 514 5304 tes
545 5249 1014 5319 cogitationesque
1050 5251 1118 5303 ab
1148 5251 1407 5305 omnibus
1436 5252 1599 5304 rebus
1622 5250 2014 5320 spectabilibus

429 5353 529 5395 aut
555 5343 611 5394 in
642 5344 891 5411 quemvis
914 5342 1082 5395 alium
1108 5358 1330 5399 sensum
1353 5342 1674 5397 cadentibus
1707 5351 1871 5412 atque
1898 5358 2016 5396 ma-

429 5434 664 5495 variatis,
682 5443 737 5489 et
769 5437 928 5503 plane
944 5436 1012 5487 ab
1036 5437 1182 5489 omni
1211 5435 1611 5489 mundanarum
1640 5450 1822 5490 rerum
1848 5451 2017 5491 occu-

430 5527 691 5593 patione:
723 5528 1072 5594 qnu,mentis
1100 5528 1487 5596 agitationibus
1528 5527 1814 5598 animique
1864 5529 2017 5598 cogi-

434 5619 735 5675 mtinnihtls
759 5620 969 5673 intente
1000 5622 1506 5689 contemplarentur
1528 5636 1590 5675 ea
1612 5636 1734 5691 quae
1779 5622 1920 5691 apud
1954 5636 2012 5676 se

505 5734 552 5763 ³⁵
595 5733 706 5804 (ξυνῇ
775 5751 861 5800 xv,
900 5735 1002 5787 I7.’
1058 5737 1102 5767 ⁸⁸
1153 5737 1326 5794 Eccch
1374 5754 1427 5804 κ,
1470 5738 1485 5791 Ι
1568 5738 1745 5793 "15a.
1803 5753 1876 5802 Vl,
1924 5738 1977 5792 ‘2.

436 5822 544 5859 ιιι.
626 5803 808 5877 “Dan.
850 5823 906 5857 ιι.
945 5808 983 5857 l.

2129 4616 2269 4669 Sunt
2294 4623 2473 4667 autem
2535 4611 2919 4673 revelationes,
2976 4624 3095 4677 quae
3154 4622 3249 4675 per
3288 4620 3375 4658 res
3428 4604 3714 4666 fiunt,cu-

2121 4704 2363 4772 jusmodi
2401 4702 2502 4756 fuit
2542 4702 2675 4754 illud
2729 4698 2897 4752 Mosis
2956 4699 3153 4760 visum,
3222 4711 3331 4763 quo
3379 4694 3555 4763 ignem
3617 4706 3713 4743 ru-

2122 4796 2359 4863 bumque
2418 4794 2619 4862 ipsum,
2672 4800 2724 4843 et
2782 4802 2977 4843 caetera
3025 4788 3245 4840 videbat
3309 4785 3393 4849 “;
3462 4798 3541 4836 ea:
3584 4797 3711 4835 vero

2122 4901 2245 4956 quae
2289 4900 2382 4953 per
2410 4884 2644 4945 somnia,
2682 4881 2874 4948 quales
2912 4880 3082 4942 fuere,
3115 4875 3335 4944 Josephi
3368 4885 3421 4930 et
3462 4872 3707 4929 Pharao-

2123 4980 2208 5033 nis
2231 4979 2300 5043 ”,
2327 4986 2490 5045 atque
2525 4974 2762 5028 Daniclis
2791 4982 2845 5027 et
2875 4970 3431 5027 Nahuchodonosoris
3458 4970 3526 5021 ”.
3561 4967 3695 5034 Quze

2128 5084 2306 5138 neque
2329 5069 2528 5136 reipsa,
2562 5080 2738 5133 neque
2775 5078 2871 5132 per
2897 5058 3535 5120 insonmiumaccidunt,
3565 5056 3711 5111 illius

2125 5173 2255 5217 sunt
2284 5159 2500 5230 generis
2559 5157 2718 5226 cujus
2757 5165 2916 5210 erant
2958 5170 3095 5224 quas
3139 5153 3359 5206 videbat
3408 5152 3708 5210 Abraham,

2124 5254 2297 5319 Isaac,
2344 5251 2566 5316 Petrus,
2601 5260 2655 5306 et
2690 5251 2793 5304 hoc
2824 5250 2946 5302 loco
2978 5248 3172 5302 Adam.

2198 5344 2308 5399 Cur
2338 5343 2545 5397 Adamo
2576 5342 2860 5395 dormienti
2891 5342 3066 5410 potius
3098 5354 3257 5407 quam
3287 5333 3533 5405 vigilanti
3561 5345 3711 5397 erepo
3790 5379 3805 5393 ,

2126 5447 2182 5491 ta
2205 5446 2373 5491 costa.
2418 5465 2483 5480 --
2540 5435 2687 5488 Solet
2715 5443 2768 5487 et
2812 5433 2941 5487 illud
2971 5431 3167 5501 quaeri,
3193 5445 3293 5486 cur
3323 5443 3429 5483 non
3460 5424 3703 5495 vigilanti

2126 5528 2359 5587 Adamo,
2402 5524 2499 5579 sed
2535 5511 2829 5578 dormienti
2890 5534 3097 5577 costam
3136 5520 3278 5575 Deus
3325 5514 3708 5572 subtraxerit?

2111 5619 2293 5688 ‘Atqui
2327 5618 2371 5671 si
2406 5619 2650 5687 vigilanti
2692 5617 3007 5680 exemisset,
3062 5616 3254 5668 horum
3289 5611 3391 5682 ipsi
3428 5611 3707 5665 evenisset

2057 5736 2099 5768 ⁸⁷
2135 5739 2256 5791 Act.
2290 5752 2342 5803 ι,
2392 5737 2473 5792 ll.

2553 5735 2597 5767 ⁸⁸
2653 5736 2821 5791 Exul.
2879 5751 2955 5800 ιη,
3018 5734 3071 5788 ‘3.
3149 5733 3192 5768 ⁸³
3227 5731 3362 5786 Gen.
3410 5745 3615 5797 λιν-ιι,
3649 5730 3703 5785 0t
