4086 6456
353 380 468 449 5-5.3

1644 378 1872 439 MOSIS
1910 375 2062 435 ΒΑΗ
2101 376 2359 437 CEPHA.
2444 426 2445 429 η

3511 370 3620 442 εει

357 499 706 554 ato-rutrum,
738 501 799 547 ut
826 499 921 546 aut
965 486 1174 545 doloris
1203 505 1368 545 sensu
1401 488 1587 558 aliquo
1622 488 1936 542 afliceretur
1966 493 2010 547 Α
2042 483 2252 551 Tertia,
2293 494 2352 540 ut
2401 486 2641 542 arctiore
2695 488 3096 560 constringeret
3143 506 3329 547 amore
3362 492 3541 546 virum
3569 506 3631 551 et

360 586 414 638 in
463 582 762 637 auferenda
803 591 989 644 costa;
1018 589 1114 634 aut
1145 580 1316 634 nullo.
1352 577 1473 633 Jam
1505 592 1635 633 vero
1653 577 1699 632 si
1731 576 1941 632 doluis-

357 685 488 736 set.
547 675 734 729 odium
798 673 1062 728 adversus
1094 673 1381 742 coniugem
1419 687 1574 726 suam
1619 671 1784 725 Erant
1812 686 1941 726 con-

360 768 595 835 cepisset
629 785 642 820 :
683 766 775 820 sin
832 765 981 820 nullo
1020 774 1198 820 tactus
1252 763 1447 817 fuisset
1483 764 1695 825 dolore,
1756 762 1943 817 existi-

362 869 570 913 masset
611 856 801 911 falsam
833 857 1099 911 duntaxat
1135 853 1584 923 imaginationem
1624 852 1797 907 fuisse
1818 867 1940 907 eam

360 961 483 1016 quae
514 946 581 1001 de
620 946 747 1001 Erae
780 947 1094 1003 conditione
1142 960 1246 1001 suo
1299 945 1489 999 animo
1524 944 1941 1012 obversabatur,

360 1054 539 1109 neque
571 1040 750 1108 reipsa
778 1046 836 1094 et
866 1054 991 1093 vere
1020 1038 1325 1093 accedisse.
1358 1037 1556 1092 lmbuit
1588 1038 1754 1107 igitur
1786 1038 1940 1093 illum

363 1144 560 1183 somno
609 1128 750 1184 Deus
776 1144 842 1183 ne
882 1128 1014 1199 quid
1047 1128 1259 1184 doloris
1316 1128 1549 1183 sentiret
1569 1128 1698 1182 dum
1725 1136 1934 1183 costam

363 1223 638 1276 amitteret
669 1238 686 1277 :
747 1238 1047 1293 rursusque
1075 1221 1256 1278 effecit
1295 1230 1356 1276 ut
1378 1222 1690 1277 intellectus
1717 1221 1800 1277 sui
1828 1236 1945 1276 mo-

364 1326 444 1379 tu.
486 1326 694 1371 costam
740 1316 845 1371 sibi
879 1316 1068 1378 adimi,
1094 1317 1262 1385 inque
1308 1314 1473 1369 Evam
1507 1315 1825 1370 roncinnari
1861 1316 1944 1370 vi-

361 1407 546 1461 derit:
589 1422 702 1476 quo
734 1423 798 1461 ea
839 1424 927 1464 res
974 1407 1148 1476 ipsius
1188 1408 1374 1462 animo
1400 1408 1670 1477 impressa
1728 1408 1945 1477 fixaque

360 1497 576 1568 penitus
608 1509 788 1554 mente
812 1502 1061 1565 haereret,
1095 1515 1270 1570 neque
1292 1498 1427 1555 falsa
1460 1500 1535 1555 rei
1592 1500 1773 1569 imago
1797 1501 1948 1554 exis-

360 1591 681 1657 timaretur;
715 1592 829 1647 hare
860 1606 988 1646 vero
1034 1592 1206 1646 animi
1252 1591 1607 1662 intelligentia
1650 1601 1815 1662 atque
1847 1607 1945 1646 uo-

362 1683 438 1737 tio
492 1698 557 1737 cx
605 1682 791 1738 divina
859 1692 947 1739 est
1001 1693 1119 1737 orta
1158 1682 1512 1750 revelatione,
1569 1692 1623 1737 et
1656 1683 1943 1738 instinctu.

356 1774 531 1845 Igitur
552 1791 659 1830 non
687 1777 993 1832 naturalem
1026 1791 1279 1831 somnum
1311 1784 1366 1831 et
1393 1777 1655 1832 usitatum
1676 1776 1947 1830 illumim-

358 1866 515 1921 misit
556 1867 765 1921 Adamn
826 1867 991 1932 Deus,
1020 1882 1129 1937 quo
1157 1865 1409 1922 effectum
1472 1876 1559 1922 est
1618 1881 1685 1920 ne
1720 1869 1949 1923 sentiret

360 1956 628 2022 dolorem,
661 1974 914 2028 aegreque
953 1959 1178 2014 haberet
1211 1959 1340 2015 dum
1388 1959 1490 2014 sibi
1563 1969 1712 2015 costa
1764 1960 1948 2016 deme-

363 2057 517 2113 retur
549 2070 563 2105 :
600 2066 663 2106 ex
718 2066 830 2122 quo
864 2053 1054 2107 dolore
1097 2052 1332 2108 subinde
1369 2053 1422 2107 in
1468 2052 1796 2107 memoriam
1839 2054 1944 2108 sibi

362 2151 703 2206 recurrente,
762 2142 938 2198 hostis
980 2143 1245 2198 adversus
1301 2158 1421 2197 eam
1488 2126 1771 2199 mulierem
1830 2143 1945 2199 fieri

362 2229 660 2303 potuisset,
702 2247 824 2303 qtne
870 2232 939 2287 ab
974 2235 1093 2302 ipso
1143 2232 1254 2288 Deo
1278 2245 1394 2288 erat
1445 2233 1812 2299 conformata,
1851 2234 1946 2290 sed
1994 2278 1997 2285 ,

361 2337 427 2376 ea
503 2324 677 2393 ipsum
732 2327 935 2393 quiete,
986 2324 1101 2380 sive
1142 2327 1346 2381 exstasi
1418 2326 1682 2393 devinxit,
1741 2329 1793 2381 in
1840 2341 1959 2407 qua

364 2416 508 2470 scire
546 2427 732 2485 posset
756 2425 921 2487 atque
947 2417 1270 2489 intelligere,
1292 2418 1422 2472 illttd
1456 2433 1568 2473 rem
1603 2420 1775 2488 ipsam
1803 2432 1946 2482 essu.

362 2508 510 2577 quod
567 2510 620 2564 in
679 2526 762 2572 se.
810 2521 866 2567 et
905 2511 1113 2567 circum
1158 2527 1217 2565 se
1267 2511 1530 2585 agebatur
1569 2526 1598 2565 a
1631 2510 1762 2575 Deo,
1798 2511 1948 2567 nullo

367 2608 549 2658 tamen
577 2603 793 2657 interim
819 2604 1023 2659 doloris
1058 2620 1221 2659 sensu
1257 2616 1455 2659 tactus.
1514 2605 1602 2662 Ad.
1625 2605 1738 2659 haec
1771 2605 1947 2660 scien-

366 2690 498 2746 dum
558 2700 666 2753 est,
718 2692 865 2761 quod
918 2694 1219 2764 prOpbctis,
1264 2709 1389 2747 cum
1446 2692 1826 2747 imbuet-eatur
1860 2693 1946 2748 di-

363 2784 508 2839 vinis
539 2787 962 2841 revelationibns
987 2787 1225 2841 dabatur
1265 2786 1429 2843 sin.ul
1466 2788 1665 2841 mentis
1696 2799 1948 2843 contem-

363 2876 564 2945 plativa
615 2878 699 2932 vis
742 2878 1011 2948 quaedam,
1045 2894 1152 2946 qua
1187 2895 1375 2935 sacras
1406 2880 1528 2935 illas
1583 2884 1947 2941 revelationes

364 2969 945 3037 penitusintuercntur
961 2978 1126 3040 atque
1147 2971 1517 3040 exponderent
1537 2991 1549 3026 :
1571 2989 1676 3044 qua
1702 2984 1951 3031 contem-

364 3062 623 3132 plationis
639 3063 689 3117 vi
719 3065 922 3134 alioqui
958 3082 1065 3119 non
1099 3080 1318 3133 semper
1354 3066 1446 3120 sed
1484 3067 1603 3121 solo
1645 3068 1946 3124 illiusmodi

2046 576 2424 657 feminamneo
2464 579 2608 647 quod
2642 577 2757 634 haec
2785 595 2851 635 ex
2893 580 2985 634 illo
3026 592 3171 635 esset
3219 590 3361 636 orta.
3393 580 3629 649 Quarta,

2050 679 2110 722 ttt
2158 669 2408 723 effectum
2440 670 2756 726 redderetur
2783 674 2928 742 quod
2960 671 3140 729 Moses
3188 675 3256 728 de
3317 673 3528 729 Adamn
3548 677 3635 730 di-

2045 759 2169 815 cit:
2205 757 2509 813 Masculum
2559 770 2609 814 et
2645 761 2899 832 feminam
2953 763 3149 817 creavit
3200 765 3363 831 ipsos.
3426 764 3631 830 Quinta

2045 852 2286 923 denique
2313 869 2381 910 ne
2421 854 2622 909 femina
2675 856 3042 927 principatum
3072 854 3370 921 affectat-et,
3402 859 3493 926 qui
3526 859 3627 913 viri

2046 952 2153 999 est.
2187 944 2368 1011 Quaeri
2406 962 2571 1017 porro
2603 957 2806 1018 potest,
2837 964 2937 1004 cur
2984 948 3123 1004 Deus
3153 949 3320 1004 Evam
3346 966 3453 1004 non
3480 966 3635 1005 sum-

2046 1039 2216 1109 pserit
2239 1055 2303 1094 ex
2338 1049 2491 1109 parte
2524 1043 2772 1112 corporis
2801 1043 2990 1097 Adami
3046 1045 3342 1107 anteriore,
3371 1036 3468 1100 aut
3505 1047 3631 1100 infi-

2047 1147 2157 1195 ma,
2192 1142 2287 1187 ant
2311 1135 2635 1202 posteriore,
2673 1144 2768 1189 aut
2817 1136 3054 1206 denique
3084 1152 3362 1206 suprema,
3415 1138 3509 1193 sed
3559 1157 3629 1196 ex

2047 1224 2229 1278 medio
2260 1239 2510 1293 corpore.
2572 1226 2820 1282 Dicimus
2849 1242 2981 1281 vero
3019 1243 3085 1282 ex
3140 1229 3411 1286 anteriore
3476 1241 3635 1301 parte

2045 1324 2322 1385 acceptam
2356 1330 2465 1370 non
2486 1332 2628 1381 esse,
2662 1332 2729 1371 ne
2752 1318 2912 1372 vellet
2936 1319 3109 1386 potior
3127 1319 3312 1373 haberi
3344 1322 3636 1390 virumque

2047 1406 2276 1477 imperio
2310 1422 2597 1476 premere;
2632 1423 2809 1479 neque
2866 1426 3057 1465 rursus
3095 1425 3161 1465 ex
3209 1412 3533 1480 posteriore,
3564 1428 3635 1467 ne

2048 1499 2165 1553 viro
2196 1506 2339 1553 esset
2374 1501 2712 1561 contemptui
2742 1516 2756 1553 :
2787 1516 2853 1555 ex
2888 1502 3068 1570 capite
3094 1517 3222 1556 vero
3250 1503 3485 1557 ablatam
3520 1520 3631 1562 non

2047 1603 2191 1654 esse,
2221 1604 2289 1644 ne
2322 1590 2525 1659 primas
2558 1605 2679 1659 qua:
2701 1590 2817 1645 viro
2847 1592 3116 1647 debentur
3148 1593 3347 1648 femina
3371 1594 3473 1649 sibi
3508 1598 3637 1650 vin-

2048 1679 2292 1746 dicaret;
2326 1692 2379 1734 et
2413 1696 2542 1736 vero
2575 1698 2754 1751 neque
2807 1698 2876 1737 ex
2935 1684 3124 1737 ultima
3182 1698 3333 1754 parte
3389 1690 3637 1758 corporis

2051 1772 2342 1827 formatam
2387 1788 2528 1836 esse,
2570 1789 2638 1829 ne
2672 1776 2754 1829 vir
2807 1775 3065 1830 feminam
3103 1778 3271 1831 multo
3311 1793 3369 1833 se
3408 1778 3635 1835 inferio-

2054 1881 2169 1919 rem
2201 1865 2659 1936 humilioremque
2691 1868 3028 1935 aestimaret;
3064 1868 3156 1923 sed
3179 1885 3244 1924 ex
3279 1871 3457 1925 medio
3508 1888 3638 1927 cor-

2051 1969 2203 2024 pore,
2244 1962 2304 2008 ut
2328 1956 2586 2011 mediocri
2610 1958 2750 2027 apud
2784 1957 2960 2012 rirnm
2989 1959 3301 2029 dignatione
3324 1961 3633 2022 haberetur.

2052 2045 2199 2101 Solet
2233 2048 2460 2103 ulterius
2482 2049 2589 2104 hoc
2619 2049 2781 2103 etiam
2806 2050 2995 2119 quaeri,
3022 2065 3121 2106 cur
3143 2067 3173 2106 e
3202 2053 3425 2109 sinistra
3457 2057 3630 2124 potius

2054 2140 2302 2208 corporis
2337 2150 2512 2209 parte,
2545 2157 2709 2210 quam
2739 2142 2928 2197 dextra
2962 2142 3034 2197 sit
3062 2143 3281 2209 ablata;
3317 2160 3624 2214 possumus-

2049 2246 2160 2301 que
2192 2235 2535 2303 respondere,
2567 2235 2688 2289 ideo
2714 2250 2745 2289 e
2775 2236 2964 2289 dextra
2999 2246 3154 2305 parte
3187 2249 3463 2308 sumptam
3519 2252 3621 2292 non

2050 2340 2176 2378 esse
2230 2340 2297 2380 ue
2323 2341 2449 2380 cum
2512 2327 2631 2382 viro
2687 2326 2925 2382 conferri
2974 2314 3292 2398 tequariqne
3351 2346 3409 2385 se
3436 2330 3635 2395 vellet;

2051 2420 2187 2473 duas
2220 2433 2348 2473 vero
2397 2434 2520 2475 esse
2573 2419 2836 2483 rationes,
2897 2435 2995 2475 cur
3055 2434 3088 2475 e
3170 2421 3396 2476 sinistro
3475 2421 3641 2477 latr-re

2050 2514 2121 2567 sit
2181 2511 2412 2566 formata
2477 2529 2492 2565 :
2563 2514 2832 2584 alteram,
2888 2522 2948 2568 ut
3027 2514 3099 2569 sit
3147 2516 3266 2569 viro
3316 2514 3640 2583 obsequiosa

2047 2604 2276 2674 ejusque
2354 2604 2584 2674 imperio
2685 2606 3114 2674 obtemperans;
3228 2606 3492 2667 alteram.
3583 2613 3645 2659 ut

2049 2697 2254 2752 sciatur
2283 2696 2581 2753 infirmoris
2608 2713 2728 2752 eam
2789 2708 2994 2752 natum
3020 2712 3160 2753 esse.
3189 2697 3324 2752 Nam
3356 2698 3643 2752 sinistrum

2048 2789 2191 2843 latus
2241 2788 2433 2844 dextro
2467 2789 2796 2871 imbepillius
2814 2774 2942 2855 est;
2983 2804 3159 2857 neque
3184 2789 3330 2844 enim
3384 2803 3504 2843 sese
3540 2804 3644 2858 po-

2051 2890 2157 2936 test
2212 2881 2423 2951 absque
2477 2882 2654 2938 dextri
2714 2882 2919 2937 auxilio
2975 2882 3284 2951 subrigere,
3343 2889 3405 2935 ut
3465 2896 3646 2952 neque

2053 2972 2252 3028 femina
2290 2989 2349 3029 se
2381 2974 2589 3046 absque
2648 2974 2764 3028 viro
2795 2985 3103 3029 sustentare
3150 2974 3312 3028 valet.
3398 2974 3463 3029 Et
3511 2990 3644 3029 vero

2053 3065 2341 3121 sinistrum
2372 3082 2602 3138 arguere
2631 3067 3087 3130 imbecillitatem,
3113 3053 3195 3121 vel
3247 3068 3361 3137 ipsa
3388 3067 3642 3123 animan-

365 3156 763 3210 revelationum
798 3168 1040 3227 tempore
1065 3173 1220 3214 mens
1257 3159 1501 3227 ipsorum
1529 3161 1800 3216 illustrata
1833 3179 1947 3216 ma.
1979 3173 2024 3236 ρ
2059 3158 2205 3219 tium
2229 3168 2419 3212 natura
2445 3167 2712 3213 monstrat
2734 3173 2966 3228 quorum
2987 3157 3233 3213 omnium
3267 3158 3487 3213 sinistra
3516 3176 3640 3227 pars

364 3251 546 3309 nebat.
583 3248 933 3304 auferebatur
958 3265 1089 3304 vero
1135 3266 1197 3305 ea
1249 3251 1317 3305 ab
1341 3251 1477 3320 ipsis
1515 3262 1635 3321 post
1664 3246 1985 3309 revelatio?

362 3354 463 3395 nes
511 3342 604 3396 sed
651 3353 969 3398 remanente
1004 3343 1220 3398 interim
1255 3344 1359 3399 lixa
1390 3346 1444 3399 in
1476 3347 1716 3416 ipsorum
1749 3355 1951 3412 mente.

363 3447 490 3486 vera
538 3435 974 3504 contemplativa:
1004 3434 1148 3491 illius
1200 3436 1420 3491 virtutis
1473 3439 1757 3505 memoria,
1789 3439 1950 3493 etiam

364 3535 718 3596 posteaquam
773 3527 1129 3583 evanuissent
1190 3529 1322 3598 ipsae
1380 3530 1741 3587 revelationes
1791 3531 1953 3587 simul

363 3633 491 3673 cum
530 3620 578 3673 vi
615 3621 701 3675 illa
738 3621 1182 3691 contemplativa.
1224 3621 1299 3675 Ita
1327 3622 1473 3677 enim
1527 3623 1727 3678 accidit
1774 3625 1953 3679 Abra-

364 3709 513 3778 ham,
549 3713 750 3767 exstasi
786 3723 1039 3782 correpto
1065 3713 1136 3778 ".
1179 3713 1379 3770 Elisaeo
1416 3715 1593 3770 risum
1640 3717 1843 3772 videnti
1876 3718 1946 3783 ",

366 3807 499 3859 item
539 3806 697 3862 Isaiae
738 3822 864 3862 cum
912 3816 1166 3862 cerneret
1227 3808 1391 3862 Deum
1452 3809 1733 3864 sedentem
1787 3825 1952 3881 super

361 3899 560 3955 Solium
600 3901 682 3964 ⁹³;
732 3911 993 3971 praeterea
1019 3901 1286 3957 Ezechieli
1320 3902 1552 3957 intuenti
1602 3904 1950 3959 Cherubiuos

363 3989 609 4045 invectos
637 3991 704 4054 “,
739 3992 979 4062 denique
1013 3993 1174 4048 Petro
1237 3994 1632 4065 contemplanti
1671 3997 1847 4050 velum
1880 3997 1948 4053 δ’.

362 4078 530 4150 Igitur
561 4083 641 4137 sic
677 4082 921 4139 Adamus
965 4101 1188 4156 quoque
1239 4084 1469 4141 allectus
1493 4098 1759 4142 eratcum
1793 4088 1953 4159 quie-

365 4182 473 4228 tem
506 4174 622 4229 sive
664 4177 925 4231 exstasim
959 4178 1061 4246 ipsi
1115 4178 1434 4236 immisisset
1468 4178 1613 4235 Deus
1644 4197 1658 4235 :
1694 4182 1950 4251 apparuit

362 4265 509 4320 enim
548 4266 598 4321 ei
639 4268 801 4331 Deus,
835 4270 1072 4339 dataque
1118 4279 1201 4325 est
1259 4271 1364 4341 ipsi
1403 4272 1576 4326 simul
1599 4272 1683 4327 ris
1708 4288 1771 4326 ea
1795 4289 1949 4328 men-

363 4359 435 4413 tis
476 4362 896 4429 contemplativa
933 4379 1040 4431 qua
1088 4364 1346 4418 cernebat
1397 4365 1565 4420 eximi
1625 4381 1656 4421 e
1688 4382 1790 4421 suo
1822 4381 1950 4421 eor-

360 4458 498 4516 pore
544 4460 751 4502 eoatam
796 4458 853 4504 et
903 4450 1161 4504 feminam
1191 4449 1416 4503 formari
1452 4467 1467 4504 :
1498 4451 1592 4505 sed
1650 4460 1945 4522 postquam

2060 3249 2387 3305 imbecillior
2419 3259 2501 3306 est
2536 3265 2699 3320 quam
2753 3251 2965 3305 dextra.
3004 3249 3098 3304 Est
3127 3250 3309 3319 itaque
3346 3250 3398 3303 in
3422 3248 3639 3304 feminis

2059 3350 2544 3413 temperamentum
2576 3344 2822 3413 corporis
2846 3341 3114 3410 frigidius,
3145 3341 3491 3408 imbecillius,
3514 3358 3642 3398 cru-

2058 3437 2205 3500 tlins,
2236 3443 2294 3489 nt
2324 3435 2376 3489 in
2408 3443 2564 3505 parte
2610 3434 2967 3490 animantium
3007 3435 3252 3489 sinistra.
3280 3433 3436 3499 Quin
3500 3434 3640 3488 inter

2056 3529 2205 3600 ipsos
2235 3529 2382 3593 viros
2407 3513 2653 3597 reperias
2675 3527 2835 3596 cujus
2856 3527 3105 3582 dextrum
3134 3525 3274 3581 latus
3294 3526 3363 3579 sit
3383 3527 3638 3590 calidum.

2057 3631 2421 3692 vegetumque
2449 3622 2733 3676 sinistrum
2764 3636 2916 3685 vero,
2950 3619 3205 3688 frigidum
3231 3635 3295 3673 ac
3327 3618 3633 3673 flaccidum.

2056 3714 2137 3772 Ad
2175 3715 2289 3769 haec
2328 3712 2606 3768 masculus
2656 3713 2708 3767 in
2749 3712 2938 3767 dextro
2996 3712 3165 3766 latere
3197 3710 3521 3780 concipitur.
3554 3708 3632 3764 fec

2057 3807 2214 3861 mella
2268 3806 2320 3861 in
2384 3805 2628 3861 sinistro.
2684 3804 2752 3860 At
2793 3806 2936 3859 enim
2976 3821 3040 3858 ex
3100 3805 3215 3874 ipsa
3274 3804 3638 3860 imbecillitate

2054 3912 2219 3966 quam
2255 3897 2308 3951 in
2363 3911 2494 3952 sexu
2545 3895 2808 3950 feminino
2840 3895 3015 3964 palam
3048 3894 3346 3960 cernimus,
3381 3896 3517 3952 satis
3547 3911 3641 3949 ar-

2054 4005 2221 4059 guere
2247 3988 2428 4054 liccat,
2460 3988 2624 4041 Evam
2658 4003 2690 4042 e
2732 3987 2957 4042 sinistro
2991 3985 3182 4041 Adami
3218 3987 3406 4052 latere,
3452 3997 3512 4042 ut
3537 3988 3644 4041 mi-

2053 4095 2160 4134 nus
2214 4079 2412 4143 valido,
2471 4094 2594 4134 esse
2672 4089 2973 4148 acceptam.
3031 4079 3204 4134 Porro
3261 4095 3361 4134 cur
3417 4090 3627 4135 costam

2053 4180 2249 4225 etnon
2309 4170 2473 4229 aliam
2530 4170 2779 4240 corporis
2816 4181 3026 4239 partem
3083 4169 3296 4224 Adamn
3350 4171 3647 4228 detraxerit

2054 4259 2221 4327 Deus,
2260 4276 2423 4332 quam
2456 4261 2812 4315 concinnaret
2848 4260 2901 4313 in
2927 4259 3206 4323 feminam,
3238 4260 3503 4331 plurimas
3534 4261 3639 4314 ba-

2051 4352 2240 4410 ltcmus
2272 4353 2512 4408 rationes
2541 4371 2557 4420 ;
2588 4368 2712 4407 nam
2748 4368 2871 4407 cum
2933 4352 2986 4406 in
3040 4364 3193 4407 costa
3238 4361 3294 4407 et
3326 4369 3546 4408 carnem
3581 4362 3635 4407 et

2052 4458 2200 4507 ossa,
2252 4452 2305 4498 ct
2344 4458 2565 4506 nervos,
2628 4453 2681 4497 et
2735 4442 3061 4513 sanguinem
3124 4443 3369 4497 invenire
3422 4444 3535 4509 sit;
3576 4459 3639 4497 ex

368 4540 631 4597 abscessit
703 4541 771 4595 ab
822 4543 939 4611 ipso
998 4543 1278 4603 revelarin,
1328 4554 1492 4613 atque
1548 4543 1726 4598 ablata
1782 4545 1952 4604 simul
1987 4535 2204 4606 Dipsa,
2237 4542 2295 4589 ut
2336 4534 2577 4605 perfecto
2614 4535 2981 4604 absolutoque
3017 4535 3289 4599 membro,
3343 4534 3641 4608 perfectam

361 4640 446 4685 est
489 4633 684 4688 mentis
730 4633 815 4687 illa
880 4633 961 4688 vis
1010 4633 1459 4702 contemplativa,
1515 4635 1724 4689 mansit
1764 4644 1944 4689 tamen

363 4722 723 4779 nihilominus
765 4724 917 4779 firma
959 4727 1011 4780 in
1058 4725 1232 4795 ipsius
1254 4725 1464 4789 animo,
1496 4725 1572 4780 rei
1597 4725 1663 4781 de
1689 4740 1747 4780 se
1781 4734 1947 4795 gesta:

362 4827 491 4871 vera
527 4818 858 4872 recordatio.
1218 4868 1221 4871 .

372 4945 385 4951 -
434 4904 545 4958 Cur
579 4904 691 4960 Eva
720 4923 821 4960 non
874 4907 1036 4961 etiam
1096 4918 1152 4962 ut
1195 4908 1436 4964 Adamus
1481 4926 1547 4965 ea:
1592 4911 1804 4981 pulvere
1827 4913 1942 4982 for-

365 5004 511 5047 mam
565 4997 658 5050 sit.
715 5027 788 5039 --
837 4996 903 5051 Et
961 5001 1163 5062 accepit
1213 5018 1374 5054 unam
1442 5018 1470 5057 e
1524 5005 1687 5057 costis
1751 5004 1940 5073 ipsius.

363 5081 658 5152 clausitque
710 5104 871 5142 carne
898 5088 1014 5156 ejus
1055 5089 1254 5144 locum.
1296 5092 1409 5146 Cur
1448 5108 1513 5148 ex
1560 5095 1680 5163 ipso
1735 5094 1945 5148 Adatno

368 5171 686 5237 formaverit
728 5177 871 5235 Deus
925 5179 1116 5243 Evam,
1167 5192 1221 5237 et
1274 5199 1385 5238 non
1428 5200 1492 5239 ex
1528 5194 1687 5240 terra:
1724 5186 1949 5254 pulvere

370 5264 589 5321 fznxerit
619 5268 762 5323 sicut
815 5270 993 5340 ipsum
1040 5273 1310 5328 Adamum
1355 5275 1521 5330 varia:
1563 5284 1692 5331 sunt
1741 5291 1943 5332 causae.

366 5354 574 5424 Prima,
606 5370 665 5416 ut
694 5377 799 5417 una
834 5366 1133 5434 eademque
1161 5367 1340 5430 radis,
1363 5377 1417 5422 et
1449 5368 1708 5423 nascendi
1742 5367 1947 5437 princi-

371 5450 523 5520 pium
577 5455 1013 5510 essetomnibus
1058 5458 1373 5514 hominibus
1409 5459 1528 5528 ipse
1580 5458 1779 5514 Adam.
1803 5458 1951 5512 Alte—

370 5554 430 5594 ra
480 5558 544 5595 ne
577 5542 821 5600 dicerent
857 5547 1185 5600 contentiosi
1232 5548 1504 5613 homines,
1556 5548 1722 5602 alium
1779 5548 1949 5603 fuisse

376 5632 589 5699 Adami,
631 5636 799 5691 alium
830 5637 955 5692 Erae
1002 5637 1372 5704 conditorem,
1431 5641 1524 5696 sed
1574 5639 1734 5695 fateri
1784 5655 1947 5711 coge-

376 5730 588 5786 rentur,
616 5726 683 5779 ab
701 5743 811 5785 uno
827 5729 1127 5800 eodemque
1160 5729 1270 5786 Deo
1291 5732 1484 5786 ambos
1506 5745 1629 5788 esse
1652 5731 1942 5788 formatos.

448 5830 492 5863 "
521 5833 655 5894 Gen.
697 5843 825 5908 xv,i
864 5860 1018 5915 seqq.
1092 5846 1139 5879 θ’
1172 5844 1233 5899 l\'
1264 5844 1504 5915 lin-girl,
1538 5847 1617 5902 Π.
1696 5846 1740 5879 ’τ
1792 5845 1895 5902 lsa.
1931 5860 2007 5913 Vl,
2066 5844 2081 5898 l
2120 5859 2247 5913 seqq

2057 4628 2410 4696 numerisque
2454 4628 2710 4683 omnibus
2733 4629 3035 4683 absolutam
3066 4642 3189 4682 esse
3243 4626 3530 4682 formatam
3559 4625 3642 4683 fe-

2052 4722 2255 4775 minam
2300 4730 2450 4775 recte
2484 4720 2777 4787 colligitur.
2833 4719 3100 4774 Praeterea
3131 4719 3374 4774 eoetiam
3430 4720 3639 4791 signifi-

2051 4825 2232 4867 catum
2280 4821 2385 4877 est,
2422 4813 2495 4866 ita
2538 4813 2797 4866 feminam
2834 4819 3143 4884 protectore
3202 4810 3317 4865 viro
3351 4825 3487 4880 Opus
3538 4811 3639 4864 ba-

2050 4906 2182 4962 bere
2208 4905 2311 4960 sub
2334 4894 2492 4975 cujus
2521 4904 2711 4959 umbra
2747 4913 2859 4959 tuta
2905 4907 3088 4970 lateat,
3105 4912 3161 4957 nt
3192 4911 3359 4958 costae
3398 4903 3637 4957 brachiis

2050 5006 2320 5052 contecta:
2353 5005 2733 5066 proteguntur.
2773 4994 3017 5064 Denique
3045 4995 3233 5048 eodem
3259 5002 3466 5057 spectat
3496 5007 3636 5062 quo-

2053 5109 2159 5164 que
2207 5093 2527 5165 mysterium
2563 5091 2799 5162 perfossi
2844 5091 3031 5146 lateris
3079 5089 3291 5144 Domini
3343 5090 3515 5143 nostri
3581 5088 3633 5141 in

2054 5197 2238 5247 cruce,
2273 5198 2339 5237 ex
2392 5196 2504 5252 quo
2536 5180 2798 5251 profluxit
2858 5179 3085 5251 sanguis
3133 5189 3187 5234 et
3238 5193 3400 5248 aqua,
3436 5187 3493 5233 ttt
3533 5176 3639 5233 hac

2055 5283 2474 5329 renascerentur
2507 5273 2688 5327 fideles
2730 5288 2826 5342 per
2869 5271 3223 5340 baptismum,
3259 5269 3351 5324 illo
3389 5284 3518 5323 vero
3542 5283 3634 5322 cx-

2048 5365 2344 5435 piarentur.
2368 5365 2489 5419 lileo
2517 5363 2660 5418 enim
2688 5363 2876 5417 lancea
2909 5360 3123 5416 Domini
3155 5359 3324 5415 nostri
3358 5360 3639 5427 latusper-

2049 5464 2232 5508 lusum
2278 5462 2381 5518 est,
2409 5462 2467 5506 ut
2509 5451 2683 5505 lueret
2712 5450 3067 5519 cxpiaretquc
3099 5448 3314 5503 femina:
3348 5448 3493 5502 illius
3517 5463 3637 5501 sce-

2051 5543 2159 5608 lus,
2193 5558 2314 5612 quae
2347 5557 2414 5597 ex
2469 5542 2637 5605 latere
2671 5541 2772 5595 viri
2836 5556 2930 5609 per
2968 5547 3179 5595 costam
3226 5537 3405 5593 fuerat
3452 5545 3632 5591 enata.

2056 5635 2228 5689 Porro
2265 5634 2384 5688 ideo
2412 5634 2648 5703 explevit
2669 5646 2836 5688 carne
2861 5632 3040 5688 locum
3070 5638 3337 5700 exemptae
3358 5638 3543 5693 costas
3567 5643 3639 5685 ne

2062 5728 2249 5784 dolore
2281 5726 2950 5795 alliceretnrexpcrrectus
2997 5723 3192 5786 Adam.
3227 5737 3293 5778 co
3319 5722 3461 5793 quod
3483 5728 3637 5793 parte

2351 5843 2396 5873 °"
2429 5839 2630 5898 Ezcclt.
2684 5856 2740 5905 Χ,
2788 5839 2843 5895 4.
2921 5839 2965 5871 ’⁵
3003 5839 3124 5896 ACl-
3156 5854 3207 5903 κ,
3252 5836 3335 5893 “-
