4086 6392
401 300 507 364 545

1539 302 1635 361 DE
1676 301 2079 365 PARADISO.
2118 326 2185 337 -···
2222 303 2416 363 PARS
2460 304 2507 364 1.

3559 307 3691 395 ω

400 434 463 473 ea
501 415 748 485 corporis
777 420 921 468 esset
962 414 1220 480 mutilus;
1245 412 1689 484 simultatemque
1718 415 1984 469 adversus
2010 416 2062 476 Α
2087 428 2209 483 qua}
2233 414 2577 484 estcorporis
2600 422 2655 469 et
2674 414 2873 469 animm
2891 416 3228 472 commistio.
3263 417 3331 469 Et
3347 418 3571 472 adduxit
3602 425 3684 489 ip-

402 513 700 565 detractam
733 508 834 561 sibi
861 515 1066 576 partem
1094 508 1431 576 conciperet.
1462 506 1526 562 Et
1548 523 1675 562 vero
1698 507 1808 563 duo
1834 517 1982 571 sunt,

402 618 523 674 quae
556 600 809 667 expedite
842 598 987 654 Deus
1014 600 1221 669 peregit
1249 600 1300 653 in
1330 601 1521 654 Adami
1556 615 1789 670 corpore
1816 619 1830 654 :
1861 601 1990 655 alte-

401 709 524 749 rum
577 693 720 762 quod
754 702 959 747 costam
994 691 1201 762 absque
1253 691 1440 747 dolore
1464 693 1690 756 exemit,
1755 692 1986 747 alterum

402 785 546 855 quod
584 800 681 854 pro
698 794 851 838 costa
871 798 1092 837 carnem
1126 782 1371 849 suffecit;
1402 792 1455 837 et
1486 784 1704 852 quidem
1731 794 1987 838 neutrum

348 864 597 935 δίδοι-ιω)
638 877 906 931 sentiente
940 876 1170 942 Adamo,
1205 893 1316 929 rem
1355 886 1535 930 tamen
1574 877 1747 945 ipsam
1793 876 1992 930 intelli-

399 974 559 1035 gente
590 975 754 1035 atque
773 973 1140 1035 cognoscente
1172 980 1266 1034 per
1298 966 1537 1020 divinam
1576 966 1986 1032 revelationem,

398 1075 567 1129 quam
603 1059 802 1112 mentis
829 1058 1289 1126 c0ntemplationc
1316 1060 1654 1113 intuebatur.
1681 1058 1749 1111 Et
1777 1060 1990 1113 concin-

396 1153 543 1205 navit
565 1151 821 1203 Dominus
852 1148 991 1204 Deus
1038 1166 1065 1202 e
1088 1160 1237 1204 costa
1256 1168 1413 1220 quam
1439 1161 1734 1221 sumpserat
1757 1167 1822 1205 ex
1837 1152 1988 1205 Ada-

396 1255 483 1292 mo
517 1238 792 1308 (culinam.
831 1235 954 1291 Haec
987 1252 1095 1291 non
1124 1247 1248 1292 sunt
1288 1254 1316 1290 a
1371 1235 1481 1291 Deo
1531 1238 1703 1293 tribus
1758 1239 1988 1294 diversis

400 1341 628 1400 peracta
667 1329 914 1395 vicibus;
970 1344 1146 1399 neque
1177 1330 1228 1383 id
1278 1330 1412 1383 dicit
1460 1328 1657 1394 Moses,
1689 1332 1989 1400 sumpsisse

399 1422 571 1475 Deum
616 1420 793 1490 primo
851 1431 1081 1485 costam,
1122 1432 1242 1491 post
1290 1422 1593 1490 explevisse
1648 1423 1826 1477 locum
1869 1423 1987 1490 ejus

394 1529 589 1575 carne,
616 1529 681 1567 ac
713 1521 843 1567 tunc
886 1514 1108 1567 demum
1134 1514 1494 1569 concinnasse
1552 1514 1810 1569 feminam
1845 1534 1857 1571 :
1897 1530 1988 1570 ve-

396 1623 517 1661 rum
548 1607 755 1670 subito,
787 1616 841 1661 et
873 1609 1015 1663 oeuli
1050 1609 1373 1663 brevissima
1414 1608 1708 1663 nictatione
1734 1620 1987 1680 exempta

396 1710 480 1753 est
498 1708 683 1764 costa,
720 1699 1058 1769 suffectaque
1113 1714 1266 1768 caro,
1300 1708 1351 1754 et
1386 1700 1731 1756 conformata
1761 1702 1984 1757 femina.

408 1787 539 1842 Nam
569 1789 613 1842 si
650 1789 792 1843 intra
825 1790 970 1843 oculi
1022 1803 1359 1845 momentum
1392 1801 1640 1862 resurget
1672 1795 1991 1850 universum

414 1893 575 1947 genus
603 1880 929 1942 humanum,
965 1890 1021 1935 ιιι
1048 1880 1207 1936 divus
1233 1879 1437 1938 Paulus
1470 1884 1564 1948 ait,
1603 1885 1673 1949 ’°,
1706 1886 1873 1940 multo
1905 1887 1983 1940 fa-

413 1968 564 2021 cilius
621 1970 923 2039 intelligere
978 1987 1297 2040 possumus,
1344 1974 1505 2028 simul
1564 1975 1653 2031 illa
1699 1977 1801 2030 tria
1844 1978 1987 2047 apud

400 2062 669 2115 Attamum
699 2078 729 2114 a
770 2064 876 2117 Deo
926 2073 1139 2133 peracta
1174 2080 1298 2120 esse
1333 2083 1349 2121 :
1400 2083 1586 2123 verum
1628 2071 1850 2139 quando
1876 2088 1983 2127 non

399 2154 581 2219 potuit
611 2151 788 2208 Moses
817 2154 982 2207 simul
1009 2157 1192 2209 omnia
1227 2158 1341 2213 haec
1366 2160 1529 2214 verbo
1564 2178 1671 2215 uno
1694 2165 1988 2231 complecti

396 2254 563 2311 atque
583 2246 869 2300 enuntiare
897 2256 951 2311 et
985 2248 1313 2317 describere,
1336 2262 1557 2307 coactus
1581 2262 1664 2308 est
1702 2270 1768 2308 ex
1798 2257 1989 2312 ordine

396 2337 584 2392 dicere
621 2337 791 2393 Deum
821 2342 1035 2407 cepisse
1075 2354 1303 2408 costam,
1338 2357 1391 2398 ct
1419 2355 1586 2401 costa:
1614 2349 1732 2403 loco
1766 2366 1987 2406 carnem

401 2431 786 2498 supposuisse,
815 2448 878 2487 ac
908 2432 1165 2487 feminam
1195 2437 1574 2507 concinnasse.
1598 2437 1809 2495 Rursus
1838 2459 1986 2512 qua:-

398 2523 563 2587 ritnr,
598 2539 694 2575 cur
721 2524 899 2579 Moses
931 2527 996 2579 de
1015 2528 1227 2581 Adamo
1258 2538 1507 2597 usurpet,
1541 2530 1721 2596 ασθαι,
1753 2534 1855 2587 hoc
1882 2545 1985 2601 est,

397 2614 639 2684 lingendi
678 2616 793 2670 sive
822 2616 1112 2687 subigendi
1144 2619 1369 2672 verbum
1403 2636 1417 2685 ;
1448 2632 1503 2675 at
1527 2623 1594 2676 de
1628 2622 1758 2691 Eva,
1787 2624 1986 2695 Tacan,

396 2706 505 2761 hoc
540 2716 645 2770 est,
685 2708 1071 2764 concinnandi.
1095 2708 1536 2780 Respondemus,
1574 2716 1807 2786 fingendi
1837 2721 1989 2773 subi-

396 2799 628 2867 genzlive
659 2801 982 2854 vocabulum
1038 2800 1152 2855 luto
1209 2806 1524 2868 convenire,
1561 2822 1626 2861 ex
1669 2825 1779 2877 quo
1813 2811 1985 2865 Adam

399 2886 807 2957 fol-natuscst;
833 2892 1174 2961 subigienim
1208 2894 1379 2949 lutum
1404 2897 1580 2963 debet,
1613 2908 1668 2953 ut
1704 2902 1983 2971 quidpiam

397 2994 466 3035 ex
491 2979 610 3052 ipso
644 2980 776 3048 fiat;
811 2991 865 3035 at
894 2994 1046 3037 costa
1082 2999 1205 3038 cum
1233 2984 1345 3055 jam
1381 2996 1492 3042 tum
1532 2989 1689 3043 subat
1708 2999 1761 3044 to
1786 3008 1849 3045 ex
1872 2995 1985 3049 luto

2094 520 2209 558 sam
2238 507 2306 558 ad
2324 504 2607 561 Adamum.
2628 507 2803 573 Unde,
2836 517 3012 577 etquo
3029 509 3182 562 duxit
3202 509 3347 563 illam
3370 510 3391 563 ?
3412 508 3554 565 Sane
3574 528 3684 566 non

2092 612 2161 652 ex
2194 613 2305 673 uno
2360 598 2480 651 loco
2510 598 2577 652 ad
2620 598 2889 655 alterum:
2937 600 3033 655 sed
3072 616 3195 655 cum
3237 614 3363 656 ante
3408 604 3460 656 in
3500 620 3679 658 rerum

2095 701 2289 744 natura
2363 705 2472 745 non
2534 690 2750 756 fuisset,
2831 692 3093 761 produxit
3168 692 3223 746 in
3290 708 3471 746 rerum
3533 706 3687 752 natu-

2098 798 2240 837 ram.
2321 782 2594 836 Caeterum
2647 783 2769 836 ideo
2813 782 3017 838 dicitur
3078 782 3147 836 ad
3190 784 3462 838 Adamum
3518 785 3682 841 dttCl‘J

2096 886 2252 937 esse,
2291 872 2422 943 quia
2476 874 2595 941 ejus
2629 875 2803 942 gratia
2860 875 3035 943 ipsam
3076 876 3423 938 condiderat,
3458 876 3653 930 concin

2093 972 2360 1032 naratque
2416 962 2605 1030 Deus;
2655 964 2730 1018 ait
2758 964 2903 1018 enim
2953 964 3229 1035 Scriptura
3266 983 3280 1019 :
3314 965 3539 1020 Faciam
3585 970 3688 1037 ips.

2093 1054 2480 1108 adminiculum
2507 1057 2682 1126 qualis
2716 1058 2825 1124 ipse
2853 1066 2949 1108 est.
2980 1059 3083 1110 Sed
3118 1072 3224 1110 non
3249 1068 3353 1121 est,
3385 1068 3446 1111 ut
3477 1059 3543 1112 ab
3565 1058 3685 1128 ipso

2093 1146 2271 1199 ablata
2292 1144 2469 1201 fuerat
2494 1146 2650 1202 rudis
2673 1157 2839 1216 atque
2863 1146 3114 1202 informis
3136 1161 3312 1212 costa,
3341 1150 3416 1203 ita
3446 1162 3500 1204 et
3526 1153 3683 1205 resti-

2096 1246 2248 1295 tuta:
2284 1253 2471 1292 verum
2516 1237 2628 1305 jam
2685 1240 3012 1294 concinnata
3084 1239 3384 1311 effectaque
3456 1242 3680 1296 femina.

2092 1326 2159 1381 Et
2188 1331 2448 1382 aitAdam
2472 1346 2490 1383 :
2513 1329 2631 1383 [lac
2662 1332 2769 1384 vice
2793 1348 2850 1384 os
2890 1332 2953 1384 de
2974 1332 3179 1385 ossibus
3204 1335 3353 1397 meis,
3384 1344 3432 1387 et
3452 1351 3577 1388 caro
3617 1336 3683 1389 de

2090 1437 2249 1474 carne
2306 1436 2442 1474 mea.
2502 1420 2599 1475 Hic
2654 1423 3005 1477 vaticinantis
3053 1424 3249 1478 Adami
3306 1426 3468 1477 verba
3522 1427 3681 1479 nobis

2092 1515 2274 1585 prodit
2308 1515 2471 1569 divus
2503 1514 2713 1583 Moses;
2751 1532 2875 1569 nam
2932 1516 3026 1585 qui
3064 1531 3262 1585 sopore
3293 1525 3457 1586 atque
3495 1518 3683 1585 quiete

2090 1606 2323 1660 obrutus
2345 1605 2586 1673 iacebat,
2616 1606 2814 1659 anima:
2854 1621 2982 1659 vero
3016 1622 3128 1660 suae
3153 1607 3371 1660 interim
3422 1607 3682 1674 agitatio-

2095 1695 2260 1750 nibus
2290 1696 2601 1764 mentisque
2626 1698 3091 1765 contemplatione
3118 1714 3232 1752 rem
3265 1700 3435 1766 ipsam
3474 1714 3596 1767 quae
3627 1700 3679 1750 in

2096 1790 2383 1845 eximenda
2434 1802 2589 1846 costa
2655 1792 3152 1861 concinnandaque
3209 1791 3318 1844 Eva
3381 1793 3678 1862 agebatur,

2092 1880 2513 1946 considerabat;
2548 1881 2732 1935 subito
2767 1892 3146 1949 experrectus,
3180 1897 3305 1934 cum
3349 1896 3469 1936 eam
3505 1882 3678 1951 ipsam

2092 1972 2381 2027 mulierem
2415 1987 2577 2041 quam
2612 1986 2707 2043 per
2736 1974 3015 2027 somnium
3046 1971 3389 2027 conformari
3425 1977 3680 2028 animad-

2091 2074 2353 2130 verterat,
2388 2080 2573 2119 corant
2616 2080 2678 2119 se
2707 2073 2943 2119 stantem
2971 2065 3099 2135 vigil
3149 2066 3460 2124 inveniret:
3497 2066 3681 2119 divina

2092 2158 2268 2211 sancti
2311 2156 2554 2227 Spiritus
2585 2158 2758 2227 gratia
2817 2157 3086 2227 impulsus
3136 2158 3558 2222 vaticinabatur,
3595 2159 3685 2211 in-

2090 2250 2327 2319 quiens:
2372 2247 2488 2303 Hac
2528 2250 2632 2303 rice
2664 2266 2720 2303 os
2777 2253 2841 2303 de
2898 2250 3103 2302 ossibus
3146 2250 3295 2311 meis,
3348 2260 3396 2302 et
3446 2265 3571 2317 caro
3619 2250 3684 2302 de

2090 2356 2246 2393 carne
2287 2355 2424 2395 mea.
2462 2341 2613 2405 Quod
2641 2343 2720 2395 ait
2754 2359 2767 2395 :
2804 2340 2919 2393 liae
2959 2342 3084 2406 rice,
3140 2342 3206 2394 ad
3239 2341 3386 2397 illius
3422 2343 3683 2411 temporis

2092 2442 2301 2501 spectat
2327 2434 2649 2496 discrimen,
2686 2450 2796 2504 quo
2815 2434 2959 2487 Deus
2990 2435 3193 2488 bestias
3219 2450 3281 2489 ac
3306 2437 3554 2503 jumenta
3580 2452 3681 2489 vo-

2094 2525 2381 2595 lucresque
2404 2528 2469 2580 ad
2496 2527 2645 2580 illum
2671 2540 2878 2597 egerat,
2904 2529 3231 2597 imponendo
3245 2546 3361 2583 rum
3398 2530 3680 2583 nominum

2091 2628 2280 2670 causa.
2348 2616 2579 2670 Perinde
2627 2631 2691 2671 ac
2744 2618 2789 2671 si
2859 2617 2970 2672 Deo
2998 2618 3145 2673 dicat
3184 2620 3430 2673 Adamus
3461 2640 3474 2675 :
3504 2620 3682 2686 Quam

2091 2690 2237 2758 nunc
2285 2708 2350 2760 ad
2391 2724 2476 2760 me
2536 2707 2810 2763 adduxisti
2865 2711 3187 2776 mulierem,
3247 2713 3407 2781 longe
3460 2715 3563 2766 alia
3596 2725 3682 2769 est

2091 2806 2253 2866 atque
2290 2797 2444 2854 fuere
2477 2800 2778 2855 animantia
2824 2802 2914 2854 illa
2941 2803 3146 2872 quibus
3174 2804 3241 2858 ad
3281 2821 3367 2858 me
3400 2807 3543 2859 actis
3580 2823 3680 2861 no-

2087 2888 2234 2941 mina
2262 2889 2474 2955 indidi;
2508 2906 2689 2960 neque
2733 2891 2881 2947 enim
2920 2894 3011 2948 illa
3068 2910 3135 2947 ex
3187 2910 3273 2949 me
3314 2906 3554 2965 sumpta,
3588 2908 3682 2951 aut

2086 2997 2219 3036 mea:
2252 2981 2465 3037 fuerant
2493 2992 2738 3052 naturae;
2765 2994 2821 3039 at
2844 2988 2960 3041 lucc
2988 3002 3051 3041 os
3075 2998 3156 3043 est
3182 3003 3246 3042 ex
3271 2992 3490 3046 ossibus
3519 2993 3678 3054 meis,

400 3073 635 3127 formata
665 3075 977 3140 exsisteret,
1011 3078 1125 3132 sola
1161 3080 1609 3139 concinnitudine
1653 3100 1792 3155 opus
1820 3090 1984 3145 liabe-

2093 3082 2144 3128 et
2168 3089 2294 3127 caro
2323 3091 2390 3130 ex
2428 3091 2595 3130 carne
2634 3092 2776 3141 mea,
2810 3079 2914 3132 hoc
2963 3089 3069 3142 εει,
3117 3096 3182 3134 ex
3220 3081 3428 3149 meipso
3460 3092 3679 3151 accepta

396 3166 512 3230 bat,
548 3178 605 3220 ttt
643 3168 693 3220 itt
736 3167 994 3223 feminam
1019 3173 1293 3227 evaderet.

472 3255 582 3308 Cur
614 3273 716 3309 non
749 3259 943 3311 dixerit
981 3258 1175 3321 Moses.
1214 3262 1527 3331 inspiratam
1549 3267 1601 3320 in
1626 3268 1815 3336 [aciem
1839 3274 1983 3336 va,

394 3349 656 3414 animam,
686 3360 743 3401 ut
772 3352 834 3403 de
862 3352 1069 3405 Atlanta
1098 3354 1233 3407 dixit
1281 3386 1356 3401 --
1386 3354 1503 3411 Jam
1532 3368 1670 3427 vero,“
1703 3362 1806 3417 hoc
1836 3380 1984 3434 quo-

396 3454 507 3510 que
539 3441 862 3512 interrogari
906 3454 1105 3512 potest,
1140 3462 1240 3500 cur
1277 3464 1384 3502 non
1412 3452 1481 3505 sit
1511 3453 1714 3513 dictant
1748 3456 1815 3509 de
1850 3456 1980 3522 Eva,

398 3534 548 3603 quod
587 3534 943 3590 insufﬂaverit
974 3536 1113 3594 Deus
1147 3540 1198 3593 in
1233 3541 1406 3609 ipsam
1441 3545 1702 3611 animant,
1748 3550 1891 3605 sicut
1918 3555 1985 3608 de

393 3625 607 3676 Adamo
635 3626 897 3694 scriptum
935 3636 1019 3682 est
1054 3646 1066 3679 :
1110 3628 1178 3681 Et
1208 3631 1490 3699 iusttﬁlaeit
1523 3637 1576 3687 in
1610 3636 1802 3705 faciem
1822 3642 1983 3708 ipsius

394 3714 633 3767 animam
659 3718 887 3770 vitalem.
918 3717 1332 3789 Respondemus
1361 3741 1710 3797 nequaquam
1742 3746 1807 3785 eo
1839 3733 1981 3787 istud

394 3804 599 3859 factum
642 3825 764 3863 esse
795 3813 938 3879 quod
969 3811 1081 3866 Eia
1122 3830 1230 3867 non
1268 3815 1435 3869 fuerit
1470 3821 1693 3886 praedita
1727 3824 1981 3880 rationali

400 3900 580 3953 anima
610 3902 834 3968 perinde
868 3918 932 3957 ac
983 3904 1231 3961 Adamus
1265 3918 1360 3961 aut
1421 3926 1526 3963 non
1565 3916 1864 3982 composita
1915 3933 1980 3971 ex

399 4004 628 4060 corpore
658 4002 709 4046 et
736 3994 938 4057 anima,
961 4006 1019 4049 ut
1045 3996 1151 4064 ille,
1168 4013 1345 4067 neque
1369 4013 1495 4053 vero
1512 4000 1671 4055 etiam
1693 4006 1983 4071 quasiani-

394 4096 485 4135 ma
517 4097 583 4136 CX
628 4097 858 4152 corpore
894 4099 1175 4154 nascatur,
1202 4091 1436 4146 SiClll‘OS
1459 4108 1523 4146 CX
1555 4106 1743 4149 085881
1767 4112 1896 4151 caro
1917 4115 1982 4154 CX

392 4187 567 4227 carne
603 4191 617 4227 :
653 4176 746 4228 sed
780 4178 992 4232 duabus
1046 4178 1113 4233 de
1156 4182 1335 4235 causis
1374 4182 1505 4237 illud
1556 4190 1979 4255 praatermissum

393 4265 451 4319 in
488 4267 718 4321 historia
747 4284 890 4336 esse,
915 4285 1152 4339 quarum
1178 4272 1345 4327 altera
1370 4284 1475 4339 est,
1524 4292 1649 4329 cum
1683 4288 1809 4332 ante
1840 4288 1983 4335 esset

392 4358 464 4412 de
498 4360 709 4412 Adamo
738 4362 1097 4430 explicatum,
1136 4364 1434 4419 humanam
1472 4378 1727 4422 naturam
1758 4386 1822 4423 ex
1852 4386 1979 4424 eor-

2089 3176 2195 3231 est,
2229 3184 2472 3238 meaeque
2527 3179 2612 3223 est
2658 3170 2873 3240 penitus
2942 3181 3152 3225 natura:
3213 3175 3533 3241 particeps:
3572 3190 3677 3227 una

2089 3274 2289 3330 qmppe
2338 3260 2637 3331 eademque
2682 3270 2877 3316 natura
2928 3273 3245 3318 constamus
3300 3279 3399 3334 ego
3437 3263 3669 3333 illaque.

2089 3352 2355 3409 Carterum
2410 3353 2627 3409 duabus
2693 3354 2745 3407 id
2794 3355 3138 3410 orationibus
3180 3356 3389 3411 sciebat
3436 3357 3678 3411 Adamns

2089 3447 2237 3517 quod
2290 3445 2378 3500 hic
2410 3446 2827 3515 pronuntiabat,
2857 3456 2913 3502 et
2954 3450 3152 3502 mentis
3202 3465 3315 3503 sua:
3339 3450 3677 3519 contempla-

2090 3539 2238 3593 tione
2262 3555 2368 3609 qua
2399 3539 2679 3593 dormiens
2718 3541 2996 3602 cernebat.
3020 3550 3074 3595 et
3105 3542 3341 3610 Spiritus
3372 3544 3543 3595 sancti
3579 3542 3667 3603 be:

2090 3631 2253 3701 nigna
2321 3630 2609 3685 efﬁcientia
2684 3647 2791 3701 qua
2844 3633 3029 3698 intus,
3091 3633 3499 3687 illustrabatnr.
3566 3632 3671 3688 Sed

2088 3720 2635 3775 animadvertendum
2661 3733 2744 3775 est
2762 3723 3031 3776 Adamum
3053 3740 3269 3792 quoque
3293 3740 3357 3776 ex
3383 3725 3508 3778 Eva:
3526 3742 3675 3779 com-

2089 3813 2338 3880 positura
2395 3829 2550 3866 suatn
2615 3814 2787 3882 ipsius
2839 3815 3176 3869 intellexisse
3227 3821 3671 3885 agnovisseque;

2090 3918 2213 3957 eum
2245 3904 2389 3957 enim
2427 3920 2521 3973 per
2556 3907 2724 3958 animi
2765 3905 2849 3959 sui
2876 3907 3395 3975 contemplationem
3429 3910 3672 3963 intuere-

2089 4004 2177 4050 tur
2198 3994 2513 4051 Creatorem
2550 4013 2674 4051 enm
2710 3998 2802 4066 qui
2854 3998 3018 4051 Evam
3063 4001 3332 4053 condebat
3378 4000 3672 4053 elliciebat-

2089 4103 2213 4158 que,
2245 4089 2577 4156 agnoscebat
2601 4090 2764 4143 simul
2798 4098 2851 4142 et
2883 4105 3036 4143 suam
3071 4092 3186 4158 ipse
3216 4093 3586 4146 coaditionem
3621 4106 3673 4147 et

2086 4193 2208 4231 eum
2241 4178 2333 4247 qui
2365 4193 2423 4231 se
2462 4178 2759 4232 ereavisset
2788 4178 2933 4249 (l8):
2972 4180 3115 4234 sicut
3147 4183 3308 4234 etiam
3339 4183 3514 4249 angeli
3547 4200 3668 4237 cum

2092 4271 2341 4326 viderent
2367 4274 2578 4326 animas
2596 4272 2793 4325 Adami
2815 4271 3003 4325 ctEva:
3032 4290 3059 4325 a
3086 4274 3141 4323 υ(
3162 4288 3193 4326 0
3221 4276 3390 4328 errari
3419 4276 3672 4342 pt‘atditns

2087 4364 2299 4418 ratione
2340 4373 2393 4417 et
2443 4364 2825 4433 intelligentia,
2888 4372 2942 4417 et
3001 4365 3365 4429 immortales,
3422 4365 3523 4419 lioc
3567 4376 3670 4427 est,

391 4466 534 4522 pore
565 4462 619 4505 et
648 4468 829 4508 anima
856 4457 912 4509 in
945 4457 1115 4524 ipsius
1142 4454 1337 4511 faciem
1372 4460 1642 4516 insulllata
1701 4474 1977 4529 constare,
2011 4455 2059 4513 1)
2089 4456 2191 4509 sibi
2220 4456 2463 4520 similes,
2508 4464 2639 4508 tunc
2695 4455 2915 4507 domum
2971 4456 3370 4524 Illlclligebﬂﬂl.
3413 4472 3520 4523 (tua
3566 4459 3669 4525 ἱρε-

396 4546 628 4599 minime
653 4559 768 4601 erat
792 4550 1160 4603 necessarium
1190 4549 1328 4605 idem
1356 4553 1421 4606 de
1446 4553 1553 4608 Eva
1582 4556 1666 4610 bie
1698 4568 1977 4627 repetere;

392 4639 590 4704 altera,
606 4639 731 4708 quia
751 4654 873 4694 cum
890 4649 1098 4695 costam
1115 4654 1466 4711 temperasset
1483 4646 1623 4700 Deus
1639 4648 1797 4701 rebus
1813 4649 1984 4702 omni-

404 4729 511 4783 bus
540 4732 741 4799 quibus
769 4739 1037 4801 opuserat
1074 4733 1584 4805 conformassetque
1615 4739 1667 4791 in
1697 4738 1980 4805 feminam,

400 4820 621 4874 dubium
656 4837 779 4876 esse
804 4838 912 4876 non
955 4828 1127 4893 potttit
1157 4828 1290 4895 quin
1322 4829 1489 4881 simul
1537 4831 1774 4883 animant
1807 4834 1859 4884 in
1894 4831 1982 4900 ip-

406 4915 519 4965 sius
540 4912 732 4968 faciem
793 4916 1137 4985 inSptrasset,
1192 4919 1354 4988 idque
1387 4922 1467 4974 vel
1497 4922 1621 4974 hinc
1655 4925 1977 4995 intelligitur

398 5006 543 5073 quod
584 5016 638 5058 et
661 5006 704 5059 si
728 5006 837 5059 alio
860 5009 1020 5061 modo
1038 5010 1207 5063 Adam
1239 5012 1345 5065 alio
1373 5012 1480 5065 Eva
1505 5016 1605 5065 orti
1631 5025 1756 5068 sunt
1778 5016 1972 5085 (Adam

396 5098 547 5150 enim
579 5114 644 5152 ex
672 5100 784 5152 luto
805 5098 984 5155 factus
1013 5111 1116 5165 est,
1146 5102 1256 5156 Eva
1291 5120 1415 5158 vero
1439 5107 1727 5161 exAdamo
1752 5109 1981 5164 concin-

388 5202 544 5253 nata,
574 5202 737 5259 atque
754 5192 1067 5257 Adam,non
1085 5206 1380 5263 generatus
1394 5200 1624 5266 exstitit;
1648 5198 1755 5255 Eva
1772 5217 1900 5256 vero
1916 5216 1981 5258 ex

390 5284 609 5336 Artamo
646 5297 728 5338 est
744 5285 1029 5357 producta)
1058 5296 1237 5342 tamen
1258 5291 1563 5346 consimilis
1577 5308 1802 5361 prorsus
1818 5296 1981 5351 ambo

388 5387 528 5432 sunt
545 5386 752 5432 naturae
776 5381 1007 5450 parique
1038 5383 1431 5452 compositione
1447 5387 1680 5440 naturali
1700 5398 1977 5455 constant,

468 5518 518 5549 "
552 5518 571 5570 ι
601 5521 724 5577 Cor.
760 5539 850 5590 xv,
884 5523 973 5579 5:2.

471 5640 591 5721 (l8)_
617 5641 774 5698 Errat
819 5646 977 5714 plane
1016 5644 1117 5701 Bar
1153 5649 1358 5717 Cepba,
1390 5667 1512 5705 nam
1546 5652 1857 5721 plenissima
1892 5672 1979 5709 re-

393 5724 521 5765 rum
579 5714 947 5773 humanarum
997 5714 1607 5793 supernaturaliumqiie
1675 5727 1985 5796 cognitione

2085 4557 2270 4603 essent
2301 4548 2616 4602 conditione
2648 4556 2858 4601 naturae
2907 4548 3100 4614 creati,
3129 4556 3179 4599 et
3239 4564 3267 4599 a
3300 4562 3407 4615 quo
3454 4548 3667 4618 optice,

2072 4640 2387 4695 Possumus
2418 4639 2583 4694 etiam
2613 4640 2767 4693 aliter
2793 4639 2955 4693 verba
2994 4639 3083 4691 illa
3108 4655 3120 4691 :
3150 4636 3265 4689 llac
3296 4642 3401 4690 vice
3434 4657 3512 4703 os,
3534 4650 3668 4703 ete.,

2087 4732 2142 4788 itt
2175 4733 2501 4787 sententiam
2538 4731 2927 4800 interpretari:
2956 4728 3068 4786 Hae
3099 4730 3369 4783 duntaxat
3404 4728 3520 4783 vice
3547 4746 3669 4783 inn-

2090 4826 2193 4881 lier
2228 4826 2301 4878 ita
2325 4823 2615 4889 formatur,
2647 4834 2705 4877 ut
2739 4824 2806 4878 sit
2832 4837 2893 4876 os
2917 4838 2982 4875 ex
3013 4822 3233 4877 ossibus
3258 4820 3393 4874 meis
3415 4859 3429 4884 ,
3458 4830 3511 4873 et
3541 4836 3669 4875 caro

2088 4929 2157 4968 ex
2199 4930 2364 4968 carne
2409 4928 2572 4979 mea;
2603 4913 2656 4965 in
2699 4923 2980 4982 posterum
3009 4928 3135 4966 vero
3184 4928 3290 4966 non
3354 4912 3433 4965 sic
3465 4910 3670 4965 fortna-

2088 5006 2293 5061 buntur
2330 5006 2611 5068 mulieres,
2644 5005 2737 5059 sed
2773 5020 2868 5075 per
2912 5006 3081 5060 maris
3120 5020 3245 5059 eum
3296 5003 3502 5060 femina
3535 5020 3665 5059 con-

2089 5098 2316 5151 nubium
2348 5097 2801 5165 procreabantur.
2833 5099 2959 5151 Ha’c
2994 5097 3267 5151 vocabitur
3299 5100 3512 5163 mulier,
3543 5099 3667 5169 quia

2087 5202 2115 5240 e
2152 5193 2263 5241 viro
2286 5198 2502 5257 accepta
2529 5197 2628 5241 est.
2659 5185 2889 5242 Videtur
2920 5189 3137 5260 quidem
3168 5190 3281 5245 haec
3314 5206 3362 5244 οι
3378 5190 3489 5245 atio
3522 5193 3667 5243 hunc

2088 5269 2201 5351 prie
2242 5297 2300 5339 se
2349 5280 2493 5336 ferre
2530 5296 2777 5344 scnsmn,
2834 5282 2982 5352 quod
3036 5283 3158 5338 idco
3192 5284 3338 5337 dicta
3370 5285 3440 5335 sit
3470 5282 3668 5334 mulier

2088 5378 2215 5446 quia
2249 5392 2315 5431 ex
2342 5377 2458 5429 viro
2485 5385 2703 5445 sumpta
2735 5387 2841 5442 est,
2900 5393 3026 5432 cum
3067 5388 3245 5433 tamen
3277 5386 3494 5449 propter
3536 5373 3666 5443 legi-

2092 5652 2483 5727 qnadimbutus
2510 5652 2613 5707 fuit
2657 5656 2829 5709 Adam
2862 5667 3006 5709 recte
3037 5656 3300 5727 originem
3344 5670 3456 5709 sua:
3492 5657 3663 5710 novit.

2094 5730 2158 5780 ὃ,
2186 5725 2449 5791 ἰἰιοιιιιιε,
2482 5740 2497 5778 t
2535 5735 2675 5796 part.
2705 5732 2769 5796 q.‘
2790 5727 2880 5794 99,
2906 5737 3010 5779 art.
3037 5727 3095 5779 5.
3130 5725 3171 5733 ’λ
3248 5745 3256 5753 ο
3296 5746 3299 5749 ·
3512 5728 3517 5739 ’
