  <div class='ocr_page' id='page_1' title='image "/cluster/home/n/w/nwhite01/storage/ocr_20150623/111/coo.31924054870153/283.png"; bbox 0 0 4086 6402; ppageno 0'>
   <div class='ocr_carea' id='block_1_1' title="bbox 394 317 498 380">
    <p class='ocr_par' dir='ltr' id='par_1_1' title="bbox 394 317 498 380">
     <span class='ocr_line' id='line_1_1' title="bbox 394 317 498 380; baseline 0.019 -2"><span class='ocrx_word' id='word_1_1' title='bbox 394 317 498 380; x_wconf 75' lang='lat' dir='ltr'><strong><em>5U</em></strong></span> 
     </span>
    </p>
   </div>
   <div class='ocr_carea' id='block_1_2' title="bbox 1685 309 2397 373">
    <p class='ocr_par' dir='ltr' id='par_1_2' title="bbox 1685 309 2397 373">
     <span class='ocr_line' id='line_1_2' title="bbox 1685 309 2397 373; baseline -0.007 0"><span class='ocrx_word' id='word_1_2' title='bbox 1685 313 1914 373; x_wconf 73' lang='grc' dir='ltr'><strong>Μοὸῐὸ</strong></span> <span class='ocrx_word' id='word_1_3' title='bbox 1960 312 2111 371; x_wconf 78' lang='lat' dir='ltr'><strong>BAR</strong></span> <span class='ocrx_word' id='word_1_4' title='bbox 2155 309 2397 369; x_wconf 69' lang='lat' dir='ltr'><strong>CEPIIA</strong></span> 
     </span>
    </p>
   </div>
   <div class='ocr_carea' id='block_1_3' title="bbox 3563 315 3666 378">
    <p class='ocr_par' dir='ltr' id='par_1_3' title="bbox 3563 315 3666 378">
     <span class='ocr_line' id='line_1_3' title="bbox 3563 315 3666 378; baseline -0.019 0"><span class='ocrx_word' id='word_1_5' title='bbox 3563 315 3666 378; x_wconf 63' lang='grc' dir='ltr'><strong>5-ίὲ</strong></span> 
     </span>
    </p>
   </div>
   <div class='ocr_carea' id='block_1_4' title="bbox 393 417 3672 497">
    <p class='ocr_par' dir='ltr' id='par_1_4' title="bbox 393 417 3672 497">
     <span class='ocr_line' id='line_1_4' title="bbox 393 417 3672 497; baseline 0.003 -23"><span class='ocrx_word' id='word_1_6' title='bbox 393 431 591 490; x_wconf 60' lang='lat' dir='ltr'><strong>ﬁmum</strong></span> <span class='ocrx_word' id='word_1_7' title='bbox 615 441 739 481; x_wconf 88' lang='lat' dir='ltr'><strong>cum</strong></span> <span class='ocrx_word' id='word_1_8' title='bbox 764 428 880 482; x_wconf 89' lang='lat' dir='ltr'><strong>viro</strong></span> <span class='ocrx_word' id='word_1_9' title='bbox 904 425 1217 495; x_wconf 83' lang='lat' dir='ltr'><strong>conjugium</strong></span> <span class='ocrx_word' id='word_1_10' title='bbox 1254 425 1448 479; x_wconf 79' lang='lat' dir='ltr'><strong>mulier</strong></span> <span class='ocrx_word' id='word_1_11' title='bbox 1471 423 1903 495; x_wconf 76' lang='lat' dir='ltr'><strong>apriletur.Nam</strong></span> <span class='ocrx_word' id='word_1_12' title='bbox 1927 425 1972 478; x_wconf 92' lang='lat' dir='ltr'><strong>si</strong></span> <span class='ocrx_word' id='word_1_13' title='bbox 2001 426 2052 482; x_wconf 74' lang='grc' dir='ltr'><strong>Α</strong></span> <span class='ocrx_word' id='word_1_14' title='bbox 2079 419 2282 474; x_wconf 82' lang='lat' dir='ltr'><strong>divinis</strong></span> <span class='ocrx_word' id='word_1_15' title='bbox 2338 417 2763 472; x_wconf 84' lang='lat' dir='ltr'><strong>revelationibus</strong></span> <span class='ocrx_word' id='word_1_16' title='bbox 2797 421 3205 488; x_wconf 70' lang='lat' dir='ltr'><strong>pronuntiasse.</strong></span> <span class='ocrx_word' id='word_1_17' title='bbox 3247 422 3380 477; x_wconf 83' lang='lat' dir='ltr'><strong>Nam</strong></span> <span class='ocrx_word' id='word_1_18' title='bbox 3415 425 3504 479; x_wconf 89' lang='lat' dir='ltr'><strong>illa</strong></span> <span class='ocrx_word' id='word_1_19' title='bbox 3546 429 3672 497; x_wconf 79' lang='lat' dir='ltr'><strong>ipsa</strong></span> 
     </span>
    </p>
   </div>
   <div class='ocr_carea' id='block_1_5' title="bbox 394 517 1977 588">
    <p class='ocr_par' dir='ltr' id='par_1_5' title="bbox 394 517 1977 588">
     <span class='ocr_line' id='line_1_5' title="bbox 394 517 1977 588; baseline -0.003 -15"><span class='ocrx_word' id='word_1_20' title='bbox 394 520 518 573; x_wconf 89' lang='lat' dir='ltr'><strong>inde</strong></span> <span class='ocrx_word' id='word_1_21' title='bbox 551 519 695 588; x_wconf 88' lang='lat' dir='ltr'><strong>quod</strong></span> <span class='ocrx_word' id='word_1_22' title='bbox 755 529 969 586; x_wconf 89' lang='lat' dir='ltr'><strong>sumpta</strong></span> <span class='ocrx_word' id='word_1_23' title='bbox 1025 517 1096 571; x_wconf 97' lang='lat' dir='ltr'><strong>sit</strong></span> <span class='ocrx_word' id='word_1_24' title='bbox 1139 531 1206 571; x_wconf 81' lang='lat' dir='ltr'><strong>ex</strong></span> <span class='ocrx_word' id='word_1_25' title='bbox 1244 517 1386 579; x_wconf 89' lang='lat' dir='ltr'><strong>viro,</strong></span> <span class='ocrx_word' id='word_1_26' title='bbox 1437 517 1539 570; x_wconf 90' lang='lat' dir='ltr'><strong>hoc</strong></span> <span class='ocrx_word' id='word_1_27' title='bbox 1579 517 1816 570; x_wconf 75' lang='lat' dir='ltr'><strong>nominis</strong></span> <span class='ocrx_word' id='word_1_28' title='bbox 1853 531 1977 570; x_wconf 86' lang='lat' dir='ltr'><strong>sor-</strong></span> 
     </span>
    </p>
   </div>
   <div class='ocr_carea' id='block_1_6' title="bbox 390 607 1977 678">
    <p class='ocr_par' dir='ltr' id='par_1_6' title="bbox 390 607 1977 678">
     <span class='ocr_line' id='line_1_6' title="bbox 390 607 1977 678; baseline -0.002 -14"><span class='ocrx_word' id='word_1_29' title='bbox 390 611 566 665; x_wconf 89' lang='lat' dir='ltr'><strong>tiatur</strong></span> <span class='ocrx_word' id='word_1_30' title='bbox 601 610 760 678; x_wconf 91' lang='lat' dir='ltr'><strong>plane</strong></span> <span class='ocrx_word' id='word_1_31' title='bbox 806 619 901 663; x_wconf 88' lang='lat' dir='ltr'><strong>aut</strong></span> <span class='ocrx_word' id='word_1_32' title='bbox 929 620 1154 663; x_wconf 77' lang='lat' dir='ltr'><strong>cteteras</strong></span> <span class='ocrx_word' id='word_1_33' title='bbox 1201 607 1453 662; x_wconf 80' lang='lat' dir='ltr'><strong>mulieres</strong></span> <span class='ocrx_word' id='word_1_34' title='bbox 1510 622 1704 662; x_wconf 83' lang='lat' dir='ltr'><strong>omnes</strong></span> <span class='ocrx_word' id='word_1_35' title='bbox 1747 623 1810 672; x_wconf 76' lang='lat' dir='ltr'><strong>ex</strong></span> <span class='ocrx_word' id='word_1_36' title='bbox 1860 608 1977 662; x_wconf 84' lang='lat' dir='ltr'><strong>suis</strong></span> 
     </span>
    </p>
   </div>
   <div class='ocr_carea' id='block_1_7' title="bbox 392 701 1975 772">
    <p class='ocr_par' dir='ltr' id='par_1_7' title="bbox 392 701 1975 772">
     <span class='ocr_line' id='line_1_7' title="bbox 392 701 1975 772; baseline -0.004 -14"><span class='ocrx_word' id='word_1_37' title='bbox 392 703 608 758; x_wconf 80' lang='lat' dir='ltr'><strong>maritis</strong></span> <span class='ocrx_word' id='word_1_38' title='bbox 632 712 885 772; x_wconf 80' lang='lat' dir='ltr'><strong>acceptas</strong></span> <span class='ocrx_word' id='word_1_39' title='bbox 919 701 1074 755; x_wconf 91' lang='lat' dir='ltr'><strong>fateri</strong></span> <span class='ocrx_word' id='word_1_40' title='bbox 1097 703 1390 770; x_wconf 91' lang='lat' dir='ltr'><strong>oportebit,</strong></span> <span class='ocrx_word' id='word_1_41' title='bbox 1418 709 1513 755; x_wconf 91' lang='lat' dir='ltr'><strong>aut</strong></span> <span class='ocrx_word' id='word_1_42' title='bbox 1541 716 1729 755; x_wconf 88' lang='lat' dir='ltr'><strong>carum</strong></span> <span class='ocrx_word' id='word_1_43' title='bbox 1770 701 1975 754; x_wconf 85' lang='lat' dir='ltr'><strong>nullam</strong></span> 
     </span>
    </p>
   </div>
   <div class='ocr_carea' id='block_1_8' title="bbox 392 795 1979 864">
    <p class='ocr_par' dir='ltr' id='par_1_8' title="bbox 392 795 1979 864">
     <span class='ocr_line' id='line_1_8' title="bbox 392 795 1979 864; baseline -0.003 -13"><span class='ocrx_word' id='word_1_44' title='bbox 392 796 649 851; x_wconf 87' lang='lat' dir='ltr'><strong>mulieris</strong></span> <span class='ocrx_word' id='word_1_45' title='bbox 673 797 895 849; x_wconf 86' lang='lat' dir='ltr'><strong>nomine</strong></span> <span class='ocrx_word' id='word_1_46' title='bbox 918 797 1135 864; x_wconf 86' lang='lat' dir='ltr'><strong>dignam</strong></span> <span class='ocrx_word' id='word_1_47' title='bbox 1159 810 1295 848; x_wconf 77' lang='lat' dir='ltr'><strong>esse.</strong></span> <span class='ocrx_word' id='word_1_48' title='bbox 1326 795 1477 861; x_wconf 85' lang='lat' dir='ltr'><strong>Quod</strong></span> <span class='ocrx_word' id='word_1_49' title='bbox 1502 807 1684 848; x_wconf 89' lang='lat' dir='ltr'><strong>autem</strong></span> <span class='ocrx_word' id='word_1_50' title='bbox 1712 795 1979 848; x_wconf 82' lang='lat' dir='ltr'><strong>vocabulo</strong></span> 
     </span>
    </p>
   </div>
   <div class='ocr_carea' id='block_1_9' title="bbox 394 885 1978 953">
    <p class='ocr_par' dir='ltr' id='par_1_9' title="bbox 394 885 1978 953">
     <span class='ocr_line' id='line_1_9' title="bbox 394 885 1978 953; baseline 0 -12"><span class='ocrx_word' id='word_1_51' title='bbox 394 886 629 942; x_wconf 88' lang='lat' dir='ltr'><strong>feminas</strong></span> <span class='ocrx_word' id='word_1_52' title='bbox 685 901 1066 953; x_wconf 87' lang='lat' dir='ltr'><strong>nuncupemus</strong></span> <span class='ocrx_word' id='word_1_53' title='bbox 1112 885 1184 938; x_wconf 89' lang='lat' dir='ltr'><strong>ob</strong></span> <span class='ocrx_word' id='word_1_54' title='bbox 1233 886 1508 952; x_wconf 85' lang='lat' dir='ltr'><strong>legitimas</strong></span> <span class='ocrx_word' id='word_1_55' title='bbox 1559 901 1682 940; x_wconf 92' lang='lat' dir='ltr'><strong>cum</strong></span> <span class='ocrx_word' id='word_1_56' title='bbox 1737 887 1978 941; x_wconf 71' lang='lat' dir='ltr'><strong>maribus</strong></span> 
     </span>
    </p>
   </div>
   <div class='ocr_carea' id='block_1_10' title="bbox 394 977 1978 1046">
    <p class='ocr_par' dir='ltr' id='par_1_10' title="bbox 394 977 1978 1046">
     <span class='ocr_line' id='line_1_10' title="bbox 394 977 1978 1046; baseline 0.001 -14"><span class='ocrx_word' id='word_1_57' title='bbox 394 978 638 1046; x_wconf 88' lang='lat' dir='ltr'><strong>nuptias,</strong></span> <span class='ocrx_word' id='word_1_58' title='bbox 663 977 778 1046; x_wconf 91' lang='lat' dir='ltr'><strong>ipse</strong></span> <span class='ocrx_word' id='word_1_59' title='bbox 820 993 918 1031; x_wconf 89' lang='lat' dir='ltr'><strong>nos</strong></span> <span class='ocrx_word' id='word_1_60' title='bbox 959 993 1092 1032; x_wconf 90' lang='lat' dir='ltr'><strong>usus</strong></span> <span class='ocrx_word' id='word_1_61' title='bbox 1131 977 1290 1032; x_wconf 87' lang='lat' dir='ltr'><strong>docet</strong></span> <span class='ocrx_word' id='word_1_62' title='bbox 1314 994 1419 1046; x_wconf 90' lang='lat' dir='ltr'><strong>quo</strong></span> <span class='ocrx_word' id='word_1_63' title='bbox 1451 994 1547 1032; x_wconf 91' lang='lat' dir='ltr'><strong>eas</strong></span> <span class='ocrx_word' id='word_1_64' title='bbox 1592 981 1978 1033; x_wconf 81' lang='lat' dir='ltr'><strong>coosuevimus</strong></span> 
     </span>
    </p>
   </div>
   <div class='ocr_carea' id='block_1_11' title="bbox 392 1068 1980 1139">
    <p class='ocr_par' dir='ltr' id='par_1_11' title="bbox 392 1068 1980 1139">
     <span class='ocr_line' id='line_1_11' title="bbox 392 1068 1980 1139; baseline 0.001 -15"><span class='ocrx_word' id='word_1_65' title='bbox 392 1069 540 1124; x_wconf 79' lang='lat' dir='ltr'><strong>solas</strong></span> <span class='ocrx_word' id='word_1_66' title='bbox 594 1068 674 1122; x_wconf 91' lang='lat' dir='ltr'><strong>sic</strong></span> <span class='ocrx_word' id='word_1_67' title='bbox 720 1068 996 1136; x_wconf 87' lang='lat' dir='ltr'><strong>appellare</strong></span> <span class='ocrx_word' id='word_1_68' title='bbox 1045 1068 1248 1137; x_wconf 82' lang='lat' dir='ltr'><strong>quibus</strong></span> <span class='ocrx_word' id='word_1_69' title='bbox 1311 1069 1614 1139; x_wconf 86' lang='lat' dir='ltr'><strong>legitimum</strong></span> <span class='ocrx_word' id='word_1_70' title='bbox 1672 1072 1980 1125; x_wconf 88' lang='lat' dir='ltr'><strong>intercessit</strong></span> 
     </span>
    </p>
   </div>
   <div class='ocr_carea' id='block_1_12' title="bbox 391 1160 1982 1231">
    <p class='ocr_par' dir='ltr' id='par_1_12' title="bbox 391 1160 1982 1231">
     <span class='ocr_line' id='line_1_12' title="bbox 391 1160 1982 1231; baseline 0.002 -17"><span class='ocrx_word' id='word_1_71' title='bbox 391 1178 517 1214; x_wconf 85' lang='lat' dir='ltr'><strong>cum</strong></span> <span class='ocrx_word' id='word_1_72' title='bbox 549 1162 682 1215; x_wconf 88' lang='lat' dir='ltr'><strong>viris</strong></span> <span class='ocrx_word' id='word_1_73' title='bbox 716 1160 1150 1214; x_wconf 89' lang='lat' dir='ltr'><strong>matrimonium.</strong></span> <span class='ocrx_word' id='word_1_74' title='bbox 1192 1160 1336 1225; x_wconf 82' lang='lat' dir='ltr'><strong>Quin</strong></span> <span class='ocrx_word' id='word_1_75' title='bbox 1385 1164 1544 1217; x_wconf 89' lang='lat' dir='ltr'><strong>divus</strong></span> <span class='ocrx_word' id='word_1_76' title='bbox 1586 1161 1788 1217; x_wconf 77' lang='lat' dir='ltr'><strong>Paulus</strong></span> <span class='ocrx_word' id='word_1_77' title='bbox 1824 1167 1982 1231; x_wconf 88' lang='lat' dir='ltr'><strong>quo-</strong></span> 
     </span>
    </p>
   </div>
   <div class='ocr_carea' id='block_1_13' title="bbox 391 1252 1977 1322">
    <p class='ocr_par' dir='ltr' id='par_1_13' title="bbox 391 1252 1977 1322">
     <span class='ocr_line' id='line_1_13' title="bbox 391 1252 1977 1322; baseline 0.003 -17"><span class='ocrx_word' id='word_1_78' title='bbox 391 1268 500 1322; x_wconf 87' lang='lat' dir='ltr'><strong>que</strong></span> <span class='ocrx_word' id='word_1_79' title='bbox 533 1253 621 1306; x_wconf 92' lang='lat' dir='ltr'><strong>ubi</strong></span> <span class='ocrx_word' id='word_1_80' title='bbox 658 1253 924 1321; x_wconf 78' lang='lat' dir='ltr'><strong>virginem</strong></span> <span class='ocrx_word' id='word_1_81' title='bbox 955 1253 1192 1306; x_wconf 79' lang='lat' dir='ltr'><strong>secernit</strong></span> <span class='ocrx_word' id='word_1_82' title='bbox 1223 1268 1252 1307; x_wconf 89' lang='lat' dir='ltr'><strong>a</strong></span> <span class='ocrx_word' id='word_1_83' title='bbox 1285 1253 1538 1320; x_wconf 86' lang='lat' dir='ltr'><strong>muliere,</strong></span> <span class='ocrx_word' id='word_1_84' title='bbox 1587 1257 1828 1308; x_wconf 74' lang='lat' dir='ltr'><strong>ostendit</strong></span> <span class='ocrx_word' id='word_1_85' title='bbox 1855 1252 1977 1310; x_wconf 80' lang='lat' dir='ltr'><strong>eam</strong></span> 
     </span>
    </p>
   </div>
   <div class='ocr_carea' id='block_1_14' title="bbox 390 1345 1975 1416">
    <p class='ocr_par' dir='ltr' id='par_1_14' title="bbox 390 1345 1975 1416">
     <span class='ocr_line' id='line_1_14' title="bbox 390 1345 1975 1416; baseline 0.001 -16"><span class='ocrx_word' id='word_1_86' title='bbox 390 1361 513 1414; x_wconf 68' lang='lat' dir='ltr'><strong>quae</strong></span> <span class='ocrx_word' id='word_1_87' title='bbox 545 1361 652 1399; x_wconf 90' lang='lat' dir='ltr'><strong>non</strong></span> <span class='ocrx_word' id='word_1_88' title='bbox 687 1358 769 1401; x_wconf 85' lang='lat' dir='ltr'><strong>est</strong></span> <span class='ocrx_word' id='word_1_89' title='bbox 803 1345 1104 1401; x_wconf 84' lang='lat' dir='ltr'><strong>secundum</strong></span> <span class='ocrx_word' id='word_1_90' title='bbox 1141 1347 1308 1416; x_wconf 89' lang='lat' dir='ltr'><strong>legem</strong></span> <span class='ocrx_word' id='word_1_91' title='bbox 1346 1356 1514 1409; x_wconf 81' lang='lat' dir='ltr'><strong>nupta</strong></span> <span class='ocrx_word' id='word_1_92' title='bbox 1547 1348 1664 1401; x_wconf 80' lang='lat' dir='ltr'><strong>viro</strong></span> <span class='ocrx_word' id='word_1_93' title='bbox 1687 1349 1975 1404; x_wconf 88' lang='lat' dir='ltr'><strong>mulierem</strong></span> 
     </span>
    </p>
   </div>
   <div class='ocr_carea' id='block_1_15' title="bbox 387 1439 1979 1511">
    <p class='ocr_par' dir='ltr' id='par_1_15' title="bbox 387 1439 1979 1511">
     <span class='ocr_line' id='line_1_15' title="bbox 387 1439 1979 1511; baseline 0.004 -21"><span class='ocrx_word' id='word_1_94' title='bbox 387 1440 568 1492; x_wconf 69' lang='lat' dir='ltr'><strong>vciari</strong></span> <span class='ocrx_word' id='word_1_95' title='bbox 608 1455 714 1492; x_wconf 92' lang='lat' dir='ltr'><strong>non</strong></span> <span class='ocrx_word' id='word_1_96' title='bbox 765 1449 1016 1507; x_wconf 87' lang='lat' dir='ltr'><strong>Oportere</strong></span> <span class='ocrx_word' id='word_1_97' title='bbox 1073 1439 1143 1500; x_wconf 82' lang='lat'><strong>&quot;.</strong></span> <span class='ocrx_word' id='word_1_98' title='bbox 1205 1440 1300 1495; x_wconf 88' lang='lat' dir='ltr'><strong>sed</strong></span> <span class='ocrx_word' id='word_1_99' title='bbox 1383 1456 1502 1494; x_wconf 83' lang='lat' dir='ltr'><strong>eam</strong></span> <span class='ocrx_word' id='word_1_100' title='bbox 1559 1457 1682 1511; x_wconf 68' lang='lat' dir='ltr'><strong>qua:</strong></span> <span class='ocrx_word' id='word_1_101' title='bbox 1720 1441 1979 1510; x_wconf 70' lang='lat' dir='ltr'><strong>legitimis</strong></span> 
     </span>
    </p>
   </div>
   <div class='ocr_carea' id='block_1_16' title="bbox 389 1531 1980 1600">
    <p class='ocr_par' dir='ltr' id='par_1_16' title="bbox 389 1531 1980 1600">
     <span class='ocr_line' id='line_1_16' title="bbox 389 1531 1980 1600; baseline 0.004 -18"><span class='ocrx_word' id='word_1_102' title='bbox 389 1531 599 1598; x_wconf 87' lang='lat' dir='ltr'><strong>nuptiis</strong></span> <span class='ocrx_word' id='word_1_103' title='bbox 651 1545 775 1584; x_wconf 89' lang='lat' dir='ltr'><strong>cum</strong></span> <span class='ocrx_word' id='word_1_104' title='bbox 832 1531 951 1584; x_wconf 89' lang='lat' dir='ltr'><strong>viro</strong></span> <span class='ocrx_word' id='word_1_105' title='bbox 1016 1533 1223 1586; x_wconf 89' lang='lat' dir='ltr'><strong>sociata</strong></span> <span class='ocrx_word' id='word_1_106' title='bbox 1254 1532 1348 1587; x_wconf 85' lang='lat' dir='ltr'><strong>sit.</strong></span> <span class='ocrx_word' id='word_1_107' title='bbox 1409 1532 1657 1600; x_wconf 87' lang='lat' dir='ltr'><strong>Insuper,</strong></span> <span class='ocrx_word' id='word_1_108' title='bbox 1686 1535 1826 1589; x_wconf 86' lang='lat' dir='ltr'><strong>hanc</strong></span> <span class='ocrx_word' id='word_1_109' title='bbox 1857 1549 1980 1589; x_wconf 90' lang='lat' dir='ltr'><strong>esse</strong></span> 
     </span>
    </p>
   </div>
   <div class='ocr_carea' id='block_1_17' title="bbox 387 1617 1980 1690">
    <p class='ocr_par' dir='ltr' id='par_1_17' title="bbox 387 1617 1980 1690">
     <span class='ocr_line' id='line_1_17' title="bbox 387 1617 1980 1690; baseline 0.003 -18"><span class='ocrx_word' id='word_1_110' title='bbox 387 1617 608 1672; x_wconf 89' lang='lat' dir='ltr'><strong>illorutn</strong></span> <span class='ocrx_word' id='word_1_111' title='bbox 659 1619 948 1672; x_wconf 80' lang='lat' dir='ltr'><strong>verborum</strong></span> <span class='ocrx_word' id='word_1_112' title='bbox 1011 1619 1366 1685; x_wconf 86' lang='lat' dir='ltr'><strong>sententiam,</strong></span> <span class='ocrx_word' id='word_1_113' title='bbox 1423 1620 1597 1689; x_wconf 81' lang='lat' dir='ltr'><strong>ipsius</strong></span> <span class='ocrx_word' id='word_1_114' title='bbox 1630 1622 1820 1675; x_wconf 84' lang='lat' dir='ltr'><strong>Adami</strong></span> <span class='ocrx_word' id='word_1_115' title='bbox 1858 1636 1980 1690; x_wconf 66' lang='lat' dir='ltr'><strong>quae</strong></span> 
     </span>
    </p>
   </div>
   <div class='ocr_carea' id='block_1_18' title="bbox 385 1711 1978 1786">
    <p class='ocr_par' dir='ltr' id='par_1_18' title="bbox 385 1711 1978 1786">
     <span class='ocr_line' id='line_1_18' title="bbox 385 1711 1978 1786; baseline 0.002 -22"><span class='ocrx_word' id='word_1_116' title='bbox 385 1711 802 1779; x_wconf 82' lang='lat' dir='ltr'><strong>subsequuntur</strong></span> <span class='ocrx_word' id='word_1_117' title='bbox 845 1713 1014 1766; x_wconf 88' lang='lat' dir='ltr'><strong>verba</strong></span> <span class='ocrx_word' id='word_1_118' title='bbox 1079 1721 1358 1781; x_wconf 81' lang='lat' dir='ltr'><strong>arguunt:</strong></span> <span class='ocrx_word' id='word_1_119' title='bbox 1399 1713 1686 1783; x_wconf 79' lang='lat' dir='ltr'><strong>PrOpterea</strong></span> <span class='ocrx_word' id='word_1_120' title='bbox 1723 1715 1978 1786; x_wconf 78' lang='lat' dir='ltr'><strong>relinquet</strong></span> 
     </span>
    </p>
   </div>
   <div class='ocr_carea' id='block_1_19' title="bbox 2078 506 3664 585">
    <p class='ocr_par' dir='ltr' id='par_1_19' title="bbox 2078 506 3664 585">
     <span class='ocr_line' id='line_1_19' title="bbox 2078 506 3664 585; baseline 0.006 -22"><span class='ocrx_word' id='word_1_121' title='bbox 2078 506 2337 563; x_wconf 89' lang='lat' dir='ltr'><strong>Christus</strong></span> <span class='ocrx_word' id='word_1_122' title='bbox 2369 509 2424 562; x_wconf 91' lang='lat' dir='ltr'><strong>in</strong></span> <span class='ocrx_word' id='word_1_123' title='bbox 2463 508 2759 578; x_wconf 83' lang='lat' dir='ltr'><strong>Evangelio</strong></span> <span class='ocrx_word' id='word_1_124' title='bbox 2777 511 2932 579; x_wconf 91' lang='lat' dir='ltr'><strong>quasi</strong></span> <span class='ocrx_word' id='word_1_125' title='bbox 2965 526 3032 565; x_wconf 77' lang='lat' dir='ltr'><strong>ex</strong></span> <span class='ocrx_word' id='word_1_126' title='bbox 3090 510 3182 566; x_wconf 87' lang='lat' dir='ltr'><strong>Dei</strong></span> <span class='ocrx_word' id='word_1_127' title='bbox 3222 513 3402 568; x_wconf 78' lang='lat' dir='ltr'><strong>Patris</strong></span> <span class='ocrx_word' id='word_1_128' title='bbox 3429 532 3664 585; x_wconf 73' lang='lat' dir='ltr'><strong>pereona</strong></span> 
     </span>
    </p>
   </div>
   <div class='ocr_carea' id='block_1_20' title="bbox 2078 600 3664 674">
    <p class='ocr_par' dir='ltr' id='par_1_20' title="bbox 2078 600 3664 674">
     <span class='ocr_line' id='line_1_20' title="bbox 2078 600 3664 674; baseline 0.008 -21"><span class='ocrx_word' id='word_1_129' title='bbox 2078 600 2223 653; x_wconf 89' lang='lat' dir='ltr'><strong>dicta</strong></span> <span class='ocrx_word' id='word_1_130' title='bbox 2250 600 2456 669; x_wconf 88' lang='lat' dir='ltr'><strong>profert</strong></span> <span class='ocrx_word' id='word_1_131' title='bbox 2489 601 2534 632; x_wconf 83' lang='grc'><strong>’⁸</strong></span> <span class='ocrx_word' id='word_1_132' title='bbox 2563 619 2577 655; x_wconf 85' lang='lat'><strong>:</strong></span> <span class='ocrx_word' id='word_1_133' title='bbox 2601 601 3452 672; x_wconf 42' lang='lat' dir='ltr'><strong>quandoquidemjpmphemrum</strong></span> <span class='ocrx_word' id='word_1_134' title='bbox 3479 611 3664 674; x_wconf 78' lang='lat' dir='ltr'><strong>verba,</strong></span> 
     </span>
    </p>
   </div>
   <div class='ocr_carea' id='block_1_21' title="bbox 2081 693 3664 764">
    <p class='ocr_par' dir='ltr' id='par_1_21' title="bbox 2081 693 3664 764">
     <span class='ocr_line' id='line_1_21' title="bbox 2081 693 3664 764; baseline 0.008 -20"><span class='ocrx_word' id='word_1_135' title='bbox 2081 693 2186 745; x_wconf 88' lang='lat' dir='ltr'><strong>etsi</strong></span> <span class='ocrx_word' id='word_1_136' title='bbox 2230 708 2296 746; x_wconf 79' lang='lat' dir='ltr'><strong>ex</strong></span> <span class='ocrx_word' id='word_1_137' title='bbox 2349 694 2593 762; x_wconf 88' lang='lat' dir='ltr'><strong>ipsorum</strong></span> <span class='ocrx_word' id='word_1_138' title='bbox 2637 694 2828 748; x_wconf 90' lang='lat' dir='ltr'><strong>oribus</strong></span> <span class='ocrx_word' id='word_1_139' title='bbox 2878 699 3232 764; x_wconf 88' lang='lat' dir='ltr'><strong>emanariut,</strong></span> <span class='ocrx_word' id='word_1_140' title='bbox 3289 709 3468 755; x_wconf 86' lang='lat' dir='ltr'><strong>tamen</strong></span> <span class='ocrx_word' id='word_1_141' title='bbox 3509 712 3567 757; x_wconf 89' lang='lat' dir='ltr'><strong>ut</strong></span> <span class='ocrx_word' id='word_1_142' title='bbox 3597 705 3664 757; x_wconf 89' lang='lat' dir='ltr'><strong>ah</strong></span> 
     </span>
    </p>
   </div>
   <div class='ocr_carea' id='block_1_22' title="bbox 2082 784 3668 862">
    <p class='ocr_par' dir='ltr' id='par_1_22' title="bbox 2082 784 3668 862">
     <span class='ocr_line' id='line_1_22' title="bbox 2082 784 3668 862; baseline 0.008 -25"><span class='ocrx_word' id='word_1_143' title='bbox 2082 785 2202 853; x_wconf 85' lang='lat' dir='ltr'><strong>ipso</strong></span> <span class='ocrx_word' id='word_1_144' title='bbox 2247 784 2355 839; x_wconf 89' lang='lat' dir='ltr'><strong>Deo</strong></span> <span class='ocrx_word' id='word_1_145' title='bbox 2387 788 2738 853; x_wconf 83' lang='lat' dir='ltr'><strong>pronuntiata</strong></span> <span class='ocrx_word' id='word_1_146' title='bbox 2785 786 3118 856; x_wconf 86' lang='lat' dir='ltr'><strong>accipimus;</strong></span> <span class='ocrx_word' id='word_1_147' title='bbox 3179 789 3273 843; x_wconf 90' lang='lat' dir='ltr'><strong>Dei</strong></span> <span class='ocrx_word' id='word_1_148' title='bbox 3315 794 3459 845; x_wconf 87' lang='lat' dir='ltr'><strong>enim</strong></span> <span class='ocrx_word' id='word_1_149' title='bbox 3495 797 3668 862; x_wconf 79' lang='lat' dir='ltr'><strong>ipsius</strong></span> 
     </span>
    </p>
   </div>
   <div class='ocr_carea' id='block_1_23' title="bbox 2081 879 3666 954">
    <p class='ocr_par' dir='ltr' id='par_1_23' title="bbox 2081 879 3666 954">
     <span class='ocr_line' id='line_1_23' title="bbox 2081 879 3666 954; baseline 0.008 -26"><span class='ocrx_word' id='word_1_150' title='bbox 2081 891 2306 945; x_wconf 77' lang='lat' dir='ltr'><strong>organa,</strong></span> <span class='ocrx_word' id='word_1_151' title='bbox 2349 879 2635 947; x_wconf 81' lang='lat' dir='ltr'><strong>prophetae</strong></span> <span class='ocrx_word' id='word_1_152' title='bbox 2685 879 2919 932; x_wconf 89' lang='lat' dir='ltr'><strong>habendi</strong></span> <span class='ocrx_word' id='word_1_153' title='bbox 2971 890 3122 935; x_wconf 85' lang='lat' dir='ltr'><strong>sunt.</strong></span> <span class='ocrx_word' id='word_1_154' title='bbox 3171 880 3441 937; x_wconf 62' lang='lat' dir='ltr'><strong>Craterum</strong></span> <span class='ocrx_word' id='word_1_155' title='bbox 3495 887 3666 954; x_wconf 71' lang='lat' dir='ltr'><strong>quaeri</strong></span> 
     </span>
    </p>
   </div>
   <div class='ocr_carea' id='block_1_24' title="bbox 2080 972 3668 1047">
    <p class='ocr_par' dir='ltr' id='par_1_24' title="bbox 2080 972 3668 1047">
     <span class='ocr_line' id='line_1_24' title="bbox 2080 972 3668 1047; baseline 0.008 -25"><span class='ocrx_word' id='word_1_156' title='bbox 2080 977 2273 1037; x_wconf 85' lang='lat' dir='ltr'><strong>potest,</strong></span> <span class='ocrx_word' id='word_1_157' title='bbox 2309 986 2406 1024; x_wconf 86' lang='lat' dir='ltr'><strong>cur</strong></span> <span class='ocrx_word' id='word_1_158' title='bbox 2429 975 2492 1024; x_wconf 88' lang='lat' dir='ltr'><strong>de</strong></span> <span class='ocrx_word' id='word_1_159' title='bbox 2522 972 2639 1024; x_wconf 91' lang='lat' dir='ltr'><strong>viro</strong></span> <span class='ocrx_word' id='word_1_160' title='bbox 2659 972 2804 1026; x_wconf 88' lang='lat' dir='ltr'><strong>dicat</strong></span> <span class='ocrx_word' id='word_1_161' title='bbox 2835 973 3140 1041; x_wconf 86' lang='lat' dir='ltr'><strong>Scriptura,</strong></span> <span class='ocrx_word' id='word_1_162' title='bbox 3175 978 3318 1044; x_wconf 77' lang='lat' dir='ltr'><strong>quod</strong></span> <span class='ocrx_word' id='word_1_163' title='bbox 3353 978 3668 1047; x_wconf 76' lang='lat' dir='ltr'><strong>relinquere</strong></span> 
     </span>
    </p>
   </div>
   <div class='ocr_carea' id='block_1_25' title="bbox 2079 1063 3665 1135">
    <p class='ocr_par' dir='ltr' id='par_1_25' title="bbox 2079 1063 3665 1135">
     <span class='ocr_line' id='line_1_25' title="bbox 2079 1063 3665 1135; baseline 0.006 -18"><span class='ocrx_word' id='word_1_164' title='bbox 2079 1063 2274 1119; x_wconf 77' lang='lat' dir='ltr'><strong>debeat</strong></span> <span class='ocrx_word' id='word_1_165' title='bbox 2340 1075 2548 1134; x_wconf 86' lang='lat' dir='ltr'><strong>patrem</strong></span> <span class='ocrx_word' id='word_1_166' title='bbox 2594 1077 2952 1135; x_wconf 74' lang='lat' dir='ltr'><strong>matremque,</strong></span> <span class='ocrx_word' id='word_1_167' title='bbox 3009 1075 3063 1120; x_wconf 89' lang='lat' dir='ltr'><strong>et</strong></span> <span class='ocrx_word' id='word_1_168' title='bbox 3116 1069 3396 1124; x_wconf 74' lang='lat' dir='ltr'><strong>adhaerere</strong></span> <span class='ocrx_word' id='word_1_169' title='bbox 3463 1076 3665 1127; x_wconf 78' lang='lat' dir='ltr'><strong>uxori:</strong></span> 
     </span>
    </p>
   </div>
   <div class='ocr_carea' id='block_1_26' title="bbox 2079 1155 3670 1228">
    <p class='ocr_par' dir='ltr' id='par_1_26' title="bbox 2079 1155 3670 1228">
     <span class='ocr_line' id='line_1_26' title="bbox 2079 1155 3670 1228; baseline 0.008 -22"><span class='ocrx_word' id='word_1_170' title='bbox 2079 1155 2304 1224; x_wconf 88' lang='lat' dir='ltr'><strong>quando</strong></span> <span class='ocrx_word' id='word_1_171' title='bbox 2336 1157 2468 1226; x_wconf 70' lang='lat' dir='ltr'><strong>ipsae</strong></span> <span class='ocrx_word' id='word_1_172' title='bbox 2498 1158 2681 1226; x_wconf 81' lang='lat' dir='ltr'><strong>petius</strong></span> <span class='ocrx_word' id='word_1_173' title='bbox 2719 1160 2998 1224; x_wconf 86' lang='lat' dir='ltr'><strong>mulieres,</strong></span> <span class='ocrx_word' id='word_1_174' title='bbox 3031 1171 3202 1226; x_wconf 83' lang='lat' dir='ltr'><strong>patre,</strong></span> <span class='ocrx_word' id='word_1_175' title='bbox 3239 1177 3302 1216; x_wconf 91' lang='lat' dir='ltr'><strong>ac</strong></span> <span class='ocrx_word' id='word_1_176' title='bbox 3332 1173 3508 1218; x_wconf 86' lang='lat' dir='ltr'><strong>matre</strong></span> <span class='ocrx_word' id='word_1_177' title='bbox 3531 1207 3545 1228; x_wconf 86' lang='lat'><strong>,</strong></span> <span class='ocrx_word' id='word_1_178' title='bbox 3579 1164 3670 1218; x_wconf 81' lang='lat' dir='ltr'><strong>fa-</strong></span> 
     </span>
    </p>
   </div>
   <div class='ocr_carea' id='block_1_27' title="bbox 2081 1247 3672 1318">
    <p class='ocr_par' dir='ltr' id='par_1_27' title="bbox 2081 1247 3672 1318">
     <span class='ocr_line' id='line_1_27' title="bbox 2081 1247 3672 1318; baseline 0.008 -18"><span class='ocrx_word' id='word_1_179' title='bbox 2081 1247 2342 1318; x_wconf 75' lang='lat' dir='ltr'><strong>miliaque</strong></span> <span class='ocrx_word' id='word_1_180' title='bbox 2365 1287 2379 1312; x_wconf 92' lang='lat'><strong>,</strong></span> <span class='ocrx_word' id='word_1_181' title='bbox 2405 1264 2466 1302; x_wconf 90' lang='lat' dir='ltr'><strong>ac</strong></span> <span class='ocrx_word' id='word_1_182' title='bbox 2492 1250 2651 1304; x_wconf 91' lang='lat' dir='ltr'><strong>rebus</strong></span> <span class='ocrx_word' id='word_1_183' title='bbox 2667 1250 2782 1304; x_wconf 87' lang='lat' dir='ltr'><strong>suis</strong></span> <span class='ocrx_word' id='word_1_184' title='bbox 2800 1253 3056 1306; x_wconf 89' lang='lat' dir='ltr'><strong>omnibus</strong></span> <span class='ocrx_word' id='word_1_185' title='bbox 3075 1255 3298 1317; x_wconf 89' lang='lat' dir='ltr'><strong>relictis,</strong></span> <span class='ocrx_word' id='word_1_186' title='bbox 3325 1257 3390 1308; x_wconf 91' lang='lat' dir='ltr'><strong>ad</strong></span> <span class='ocrx_word' id='word_1_187' title='bbox 3411 1259 3554 1311; x_wconf 84' lang='lat' dir='ltr'><strong>viros</strong></span> <span class='ocrx_word' id='word_1_188' title='bbox 3574 1272 3672 1312; x_wconf 79' lang='lat' dir='ltr'><strong>ac-</strong></span> 
     </span>
    </p>
   </div>
   <div class='ocr_carea' id='block_1_28' title="bbox 2079 1341 3668 1417">
    <p class='ocr_par' dir='ltr' id='par_1_28' title="bbox 2079 1341 3668 1417">
     <span class='ocr_line' id='line_1_28' title="bbox 2079 1341 3668 1417; baseline 0.006 -23"><span class='ocrx_word' id='word_1_189' title='bbox 2079 1341 2277 1394; x_wconf 86' lang='lat' dir='ltr'><strong>cedunt</strong></span> <span class='ocrx_word' id='word_1_190' title='bbox 2335 1342 2577 1410; x_wconf 58' lang='lat' dir='ltr'><strong>ipsisque</strong></span> <span class='ocrx_word' id='word_1_191' title='bbox 2609 1342 2913 1402; x_wconf 74' lang='lat' dir='ltr'><strong>adhaerent.</strong></span> <span class='ocrx_word' id='word_1_192' title='bbox 2956 1343 3036 1397; x_wconf 82' lang='lat' dir='ltr'><strong>Ad</strong></span> <span class='ocrx_word' id='word_1_193' title='bbox 3085 1345 3189 1400; x_wconf 91' lang='lat' dir='ltr'><strong>hoc</strong></span> <span class='ocrx_word' id='word_1_194' title='bbox 3228 1351 3668 1417; x_wconf 84' lang='lat' dir='ltr'><strong>respondendum</strong></span> 
     </span>
    </p>
   </div>
   <div class='ocr_carea' id='block_1_29' title="bbox 2078 1431 3671 1505">
    <p class='ocr_par' dir='ltr' id='par_1_29' title="bbox 2078 1431 3671 1505">
     <span class='ocr_line' id='line_1_29' title="bbox 2078 1431 3671 1505; baseline 0.006 -21"><span class='ocrx_word' id='word_1_195' title='bbox 2078 1441 2182 1495; x_wconf 85' lang='lat' dir='ltr'><strong>est,</strong></span> <span class='ocrx_word' id='word_1_196' title='bbox 2219 1431 2406 1484; x_wconf 79' lang='lat' dir='ltr'><strong>multis</strong></span> <span class='ocrx_word' id='word_1_197' title='bbox 2447 1431 2500 1485; x_wconf 93' lang='lat' dir='ltr'><strong>id</strong></span> <span class='ocrx_word' id='word_1_198' title='bbox 2557 1432 2866 1486; x_wconf 87' lang='lat' dir='ltr'><strong>rationibus</strong></span> <span class='ocrx_word' id='word_1_199' title='bbox 2907 1433 3024 1488; x_wconf 81' lang='lat' dir='ltr'><strong>fieri</strong></span> <span class='ocrx_word' id='word_1_200' title='bbox 3065 1453 3076 1487; x_wconf 96' lang='lat'><strong>:</strong></span> <span class='ocrx_word' id='word_1_201' title='bbox 3110 1445 3164 1489; x_wconf 91' lang='lat' dir='ltr'><strong>et</strong></span> <span class='ocrx_word' id='word_1_202' title='bbox 3195 1437 3324 1505; x_wconf 85' lang='lat' dir='ltr'><strong>quia</strong></span> <span class='ocrx_word' id='word_1_203' title='bbox 3364 1439 3442 1490; x_wconf 82' lang='lat' dir='ltr'><strong>\ir</strong></span> <span class='ocrx_word' id='word_1_204' title='bbox 3473 1441 3671 1493; x_wconf 84' lang='lat' dir='ltr'><strong>mulie-</strong></span> 
     </span>
    </p>
   </div>
   <div class='ocr_carea' id='block_1_30' title="bbox 2082 1523 3656 1601">
    <p class='ocr_par' dir='ltr' id='par_1_30' title="bbox 2082 1523 3656 1601">
     <span class='ocr_line' id='line_1_30' title="bbox 2082 1523 3656 1601; baseline 0.006 -25"><span class='ocrx_word' id='word_1_205' title='bbox 2082 1523 2159 1577; x_wconf 87' lang='lat' dir='ltr'><strong>ris</strong></span> <span class='ocrx_word' id='word_1_206' title='bbox 2189 1534 2354 1592; x_wconf 89' lang='lat' dir='ltr'><strong>caput</strong></span> <span class='ocrx_word' id='word_1_207' title='bbox 2383 1532 2487 1588; x_wconf 83' lang='lat' dir='ltr'><strong>est,</strong></span> <span class='ocrx_word' id='word_1_208' title='bbox 2520 1534 2573 1578; x_wconf 92' lang='lat' dir='ltr'><strong>ct</strong></span> <span class='ocrx_word' id='word_1_209' title='bbox 2611 1527 2737 1594; x_wconf 87' lang='lat' dir='ltr'><strong>quia</strong></span> <span class='ocrx_word' id='word_1_210' title='bbox 2779 1525 2866 1580; x_wconf 91' lang='lat' dir='ltr'><strong>ille</strong></span> <span class='ocrx_word' id='word_1_211' title='bbox 2895 1542 2990 1596; x_wconf 89' lang='lat' dir='ltr'><strong>per</strong></span> <span class='ocrx_word' id='word_1_212' title='bbox 3023 1528 3337 1598; x_wconf 83' lang='lat' dir='ltr'><strong>conjugium</strong></span> <span class='ocrx_word' id='word_1_213' title='bbox 3370 1531 3504 1584; x_wconf 86' lang='lat' dir='ltr'><strong>liber</strong></span> <span class='ocrx_word' id='word_1_214' title='bbox 3537 1533 3656 1601; x_wconf 89' lang='lat' dir='ltr'><strong>pri-</strong></span> 
     </span>
    </p>
   </div>
   <div class='ocr_carea' id='block_1_31' title="bbox 2082 1616 3668 1694">
    <p class='ocr_par' dir='ltr' id='par_1_31' title="bbox 2082 1616 3668 1694">
     <span class='ocr_line' id='line_1_31' title="bbox 2082 1616 3668 1694; baseline 0.008 -27"><span class='ocrx_word' id='word_1_215' title='bbox 2082 1628 2231 1668; x_wconf 90' lang='lat' dir='ltr'><strong>mum</strong></span> <span class='ocrx_word' id='word_1_216' title='bbox 2287 1616 2470 1670; x_wconf 79' lang='lat' dir='ltr'><strong>evadit</strong></span> <span class='ocrx_word' id='word_1_217' title='bbox 2515 1617 2867 1688; x_wconf 86' lang='lat' dir='ltr'><strong>solviturque</strong></span> <span class='ocrx_word' id='word_1_218' title='bbox 2906 1621 3078 1688; x_wconf 88' lang='lat' dir='ltr'><strong>patria</strong></span> <span class='ocrx_word' id='word_1_219' title='bbox 3111 1629 3381 1690; x_wconf 53' lang='lat' dir='ltr'><strong>poti-state</strong></span> <span class='ocrx_word' id='word_1_220' title='bbox 3445 1623 3501 1678; x_wconf 93' lang='lat' dir='ltr'><strong>iu</strong></span> <span class='ocrx_word' id='word_1_221' title='bbox 3558 1641 3668 1694; x_wconf 86' lang='lat' dir='ltr'><strong>qua</strong></span> 
     </span>
    </p>
   </div>
   <div class='ocr_carea' id='block_1_32' title="bbox 2085 1710 3666 1779">
    <p class='ocr_par' dir='ltr' id='par_1_32' title="bbox 2085 1710 3666 1779">
     <span class='ocr_line' id='line_1_32' title="bbox 2085 1710 3666 1779; baseline 0.008 -18"><span class='ocrx_word' id='word_1_222' title='bbox 2085 1710 2349 1778; x_wconf 81' lang='lat' dir='ltr'><strong>tantisper</strong></span> <span class='ocrx_word' id='word_1_223' title='bbox 2416 1720 2538 1765; x_wconf 89' lang='lat' dir='ltr'><strong>erat</strong></span> <span class='ocrx_word' id='word_1_224' title='bbox 2598 1712 2727 1765; x_wconf 90' lang='lat' dir='ltr'><strong>dum</strong></span> <span class='ocrx_word' id='word_1_225' title='bbox 2785 1728 3009 1766; x_wconf 77' lang='lat' dir='ltr'><strong>uxorem</strong></span> <span class='ocrx_word' id='word_1_226' title='bbox 3076 1714 3301 1769; x_wconf 77' lang='lat' dir='ltr'><strong>duceret</strong></span> <span class='ocrx_word' id='word_1_227' title='bbox 3346 1729 3456 1770; x_wconf 88' lang='lat' dir='ltr'><strong>:ea</strong></span> <span class='ocrx_word' id='word_1_228' title='bbox 3520 1723 3666 1779; x_wconf 88' lang='lat' dir='ltr'><strong>enim</strong></span> 
     </span>
    </p>
   </div>
   <div class='ocr_carea' id='block_1_33' title="bbox 385 1768 3664 1877">
    <p class='ocr_par' dir='ltr' id='par_1_33' title="bbox 385 1768 3664 1877">
     <span class='ocr_line' id='line_1_33' title="bbox 385 1768 3664 1877; baseline 0.002 -23"><span class='ocrx_word' id='word_1_229' title='bbox 385 1768 686 1870; x_wconf 60' lang='lat' dir='ltr'><strong>vii-patrem</strong></span> <span class='ocrx_word' id='word_1_230' title='bbox 711 1818 866 1854; x_wconf 81' lang='lat' dir='ltr'><strong>suum</strong></span> <span class='ocrx_word' id='word_1_231' title='bbox 883 1811 932 1854; x_wconf 84' lang='lat' dir='ltr'><strong>ct</strong></span> <span class='ocrx_word' id='word_1_232' title='bbox 954 1768 1199 1865; x_wconf 64' lang='lat' dir='ltr'><strong>matrem,</strong></span> <span class='ocrx_word' id='word_1_233' title='bbox 1221 1812 1270 1855; x_wconf 82' lang='lat' dir='ltr'><strong>et</strong></span> <span class='ocrx_word' id='word_1_234' title='bbox 1291 1768 1582 1857; x_wconf 48' lang='lat' dir='ltr'><strong>adhaerebit</strong></span> <span class='ocrx_word' id='word_1_235' title='bbox 1609 1805 1820 1859; x_wconf 77' lang='lat' dir='ltr'><strong>mulieri</strong></span> <span class='ocrx_word' id='word_1_236' title='bbox 1839 1768 1970 1860; x_wconf 66' lang='lat' dir='ltr'><strong>sitm.</strong></span> <span class='ocrx_word' id='word_1_237' title='bbox 2012 1768 2053 1824; x_wconf 66' lang='grc' dir='ltr'><strong><em>Β</em></strong></span> <span class='ocrx_word' id='word_1_238' title='bbox 2081 1802 2248 1856; x_wconf 89' lang='lat' dir='ltr'><strong>ducta</strong></span> <span class='ocrx_word' id='word_1_239' title='bbox 2277 1801 2394 1870; x_wconf 91' lang='lat' dir='ltr'><strong>ipse</strong></span> <span class='ocrx_word' id='word_1_240' title='bbox 2442 1803 2498 1856; x_wconf 80' lang='lat' dir='ltr'><strong>fit</strong></span> <span class='ocrx_word' id='word_1_241' title='bbox 2535 1803 2946 1873; x_wconf 82' lang='lat' dir='ltr'><strong>paterfamilias.</strong></span> <span class='ocrx_word' id='word_1_242' title='bbox 2988 1804 3052 1859; x_wconf 83' lang='lat' dir='ltr'><strong>Et</strong></span> <span class='ocrx_word' id='word_1_243' title='bbox 3079 1807 3204 1876; x_wconf 86' lang='lat' dir='ltr'><strong>quia</strong></span> <span class='ocrx_word' id='word_1_244' title='bbox 3247 1825 3353 1861; x_wconf 92' lang='lat' dir='ltr'><strong>non</strong></span> <span class='ocrx_word' id='word_1_245' title='bbox 3387 1821 3664 1877; x_wconf 75' lang='lat' dir='ltr'><strong>parentem</strong></span> 
     </span>
    </p>
   </div>
   <div class='ocr_carea' id='block_1_34' title="bbox 385 1893 1971 1968">
    <p class='ocr_par' dir='ltr' id='par_1_34' title="bbox 385 1893 1971 1968">
     <span class='ocr_line' id='line_1_34' title="bbox 385 1893 1971 1968; baseline 0.006 -23"><span class='ocrx_word' id='word_1_246' title='bbox 385 1893 527 1946; x_wconf 84' lang='lat' dir='ltr'><strong>Nam</strong></span> <span class='ocrx_word' id='word_1_247' title='bbox 576 1894 683 1948; x_wconf 87' lang='lat' dir='ltr'><strong>nisi</strong></span> <span class='ocrx_word' id='word_1_248' title='bbox 736 1893 978 1964; x_wconf 88' lang='lat' dir='ltr'><strong>legitimo</strong></span> <span class='ocrx_word' id='word_1_249' title='bbox 1032 1895 1626 1963; x_wconf 79' lang='lat' dir='ltr'><strong>nuptiarum-vinculo</strong></span> <span class='ocrx_word' id='word_1_250' title='bbox 1677 1898 1971 1968; x_wconf 82' lang='lat' dir='ltr'><strong>conjuncta</strong></span> 
     </span>
    </p>
   </div>
   <div class='ocr_carea' id='block_1_35' title="bbox 386 1986 1972 2057">
    <p class='ocr_par' dir='ltr' id='par_1_35' title="bbox 386 1986 1972 2057">
     <span class='ocr_line' id='line_1_35' title="bbox 386 1986 1972 2057; baseline 0.004 -17"><span class='ocrx_word' id='word_1_251' title='bbox 386 1986 586 2040; x_wconf 82' lang='lat' dir='ltr'><strong>fuisset</strong></span> <span class='ocrx_word' id='word_1_252' title='bbox 618 1987 722 2042; x_wconf 89' lang='lat' dir='ltr'><strong>sibi</strong></span> <span class='ocrx_word' id='word_1_253' title='bbox 781 2001 880 2040; x_wconf 89' lang='lat' dir='ltr'><strong>sua</strong></span> <span class='ocrx_word' id='word_1_254' title='bbox 935 1986 1159 2051; x_wconf 88' lang='lat' dir='ltr'><strong>femina,</strong></span> <span class='ocrx_word' id='word_1_255' title='bbox 1190 1988 1352 2057; x_wconf 88' lang='lat' dir='ltr'><strong>plane</strong></span> <span class='ocrx_word' id='word_1_256' title='bbox 1393 2003 1501 2042; x_wconf 92' lang='lat' dir='ltr'><strong>non</strong></span> <span class='ocrx_word' id='word_1_257' title='bbox 1556 2000 1803 2046; x_wconf 85' lang='lat' dir='ltr'><strong>vocasset</strong></span> <span class='ocrx_word' id='word_1_258' title='bbox 1853 2007 1972 2046; x_wconf 81' lang='lat' dir='ltr'><strong>eam</strong></span> 
     </span>
    </p>
   </div>
   <div class='ocr_carea' id='block_1_36' title="bbox 387 2079 1974 2154">
    <p class='ocr_par' dir='ltr' id='par_1_36' title="bbox 387 2079 1974 2154">
     <span class='ocr_line' id='line_1_36' title="bbox 387 2079 1974 2154; baseline 0.004 -20"><span class='ocrx_word' id='word_1_259' title='bbox 387 2093 545 2134; x_wconf 77' lang='lat' dir='ltr'><strong>suam</strong></span> <span class='ocrx_word' id='word_1_260' title='bbox 582 2079 864 2134; x_wconf 85' lang='lat' dir='ltr'><strong>mulierem</strong></span> <span class='ocrx_word' id='word_1_261' title='bbox 901 2081 1016 2135; x_wconf 90' lang='lat' dir='ltr'><strong>sive</strong></span> <span class='ocrx_word' id='word_1_262' title='bbox 1047 2097 1294 2134; x_wconf 80' lang='lat' dir='ltr'><strong>uxorem.</strong></span> <span class='ocrx_word' id='word_1_263' title='bbox 1333 2082 1574 2152; x_wconf 89' lang='lat' dir='ltr'><strong>Denique</strong></span> <span class='ocrx_word' id='word_1_264' title='bbox 1599 2093 1727 2138; x_wconf 90' lang='lat' dir='ltr'><strong>sunt</strong></span> <span class='ocrx_word' id='word_1_265' title='bbox 1753 2085 1974 2154; x_wconf 83' lang='lat' dir='ltr'><strong>quidam</strong></span> 
     </span>
    </p>
   </div>
   <div class='ocr_carea' id='block_1_37' title="bbox 385 2173 1976 2242">
    <p class='ocr_par' dir='ltr' id='par_1_37' title="bbox 385 2173 1976 2242">
     <span class='ocr_line' id='line_1_37' title="bbox 385 2173 1976 2242; baseline 0.004 -16"><span class='ocrx_word' id='word_1_266' title='bbox 385 2173 772 2242; x_wconf 85' lang='lat' dir='ltr'><strong>interpretum,</strong></span> <span class='ocrx_word' id='word_1_267' title='bbox 835 2173 951 2242; x_wconf 86' lang='lat' dir='ltr'><strong>qui,</strong></span> <span class='ocrx_word' id='word_1_268' title='bbox 1007 2173 1155 2239; x_wconf 82' lang='lat' dir='ltr'><strong>luo,</strong></span> <span class='ocrx_word' id='word_1_269' title='bbox 1209 2175 1470 2241; x_wconf 66' lang='lat' dir='ltr'><strong>hoc‘eSI,</strong></span> <span class='ocrx_word' id='word_1_270' title='bbox 1521 2177 1804 2231; x_wconf 89' lang='lat' dir='ltr'><strong>nmliercm</strong></span> <span class='ocrx_word' id='word_1_271' title='bbox 1860 2180 1976 2232; x_wconf 90' lang='lat' dir='ltr'><strong>sive</strong></span> 
     </span>
    </p>
   </div>
   <div class='ocr_carea' id='block_1_38' title="bbox 387 2267 1976 2339">
    <p class='ocr_par' dir='ltr' id='par_1_38' title="bbox 387 2267 1976 2339">
     <span class='ocr_line' id='line_1_38' title="bbox 387 2267 1976 2339; baseline 0.004 -21"><span class='ocrx_word' id='word_1_272' title='bbox 387 2279 616 2318; x_wconf 81' lang='lat' dir='ltr'><strong>uxorem</strong></span> <span class='ocrx_word' id='word_1_273' title='bbox 646 2275 892 2319; x_wconf 80' lang='lat' dir='ltr'><strong>vocatam</strong></span> <span class='ocrx_word' id='word_1_274' title='bbox 913 2267 1294 2319; x_wconf 87' lang='lat' dir='ltr'><strong>tradautillam</strong></span> <span class='ocrx_word' id='word_1_275' title='bbox 1322 2267 1422 2320; x_wconf 90' lang='lat' dir='ltr'><strong>hoc</strong></span> <span class='ocrx_word' id='word_1_276' title='bbox 1439 2277 1623 2339; x_wconf 89' lang='lat' dir='ltr'><strong>elymo</strong></span> <span class='ocrx_word' id='word_1_277' title='bbox 1644 2286 1658 2330; x_wconf 84' lang='lat'><strong>;</strong></span> <span class='ocrx_word' id='word_1_278' title='bbox 1680 2271 1833 2336; x_wconf 90' lang='lat' dir='ltr'><strong>quasi</strong></span> <span class='ocrx_word' id='word_1_279' title='bbox 1858 2270 1976 2338; x_wconf 89' lang='lat' dir='ltr'><strong>ipsa</strong></span> 
     </span>
    </p>
   </div>
   <div class='ocr_carea' id='block_1_39' title="bbox 385 2349 1974 2427">
    <p class='ocr_par' dir='ltr' id='par_1_39' title="bbox 385 2349 1974 2427">
     <span class='ocr_line' id='line_1_39' title="bbox 385 2349 1974 2427; baseline 0.002 -15"><span class='ocrx_word' id='word_1_280' title='bbox 385 2363 455 2412; x_wconf 82' lang='lat' dir='ltr'><strong>ad</strong></span> <span class='ocrx_word' id='word_1_281' title='bbox 493 2359 752 2411; x_wconf 90' lang='lat' dir='ltr'><strong>maritum</strong></span> <span class='ocrx_word' id='word_1_282' title='bbox 783 2374 943 2412; x_wconf 78' lang='lat' dir='ltr'><strong>suum</strong></span> <span class='ocrx_word' id='word_1_283' title='bbox 979 2360 1216 2414; x_wconf 79' lang='lat' dir='ltr'><strong>dixerit:</strong></span> <span class='ocrx_word' id='word_1_284' title='bbox 1243 2361 1374 2414; x_wconf 81' lang='lat' dir='ltr'><strong>Atta</strong></span> <span class='ocrx_word' id='word_1_285' title='bbox 1413 2361 1488 2415; x_wconf 89' lang='lat' dir='ltr'><strong>Ta</strong></span> <span class='ocrx_word' id='word_1_286' title='bbox 1516 2361 1706 2425; x_wconf 81' lang='lat' dir='ltr'><strong>laedi,</strong></span> <span class='ocrx_word' id='word_1_287' title='bbox 1742 2363 1845 2416; x_wconf 90' lang='lat' dir='ltr'><strong>hoc</strong></span> <span class='ocrx_word' id='word_1_288' title='bbox 1871 2349 1974 2427; x_wconf 82' lang='lat' dir='ltr'><strong>est,</strong></span> 
     </span>
    </p>
   </div>
   <div class='ocr_carea' id='block_1_40' title="bbox 389 2446 1974 2522">
    <p class='ocr_par' dir='ltr' id='par_1_40' title="bbox 389 2446 1974 2522">
     <span class='ocr_line' id='line_1_40' title="bbox 389 2446 1974 2522; baseline 0.004 -20"><span class='ocrx_word' id='word_1_289' title='bbox 389 2460 445 2502; x_wconf 83' lang='lat' dir='ltr'><strong>tu</strong></span> <span class='ocrx_word' id='word_1_290' title='bbox 473 2451 659 2504; x_wconf 79' lang='lat' dir='ltr'><strong>accede</strong></span> <span class='ocrx_word' id='word_1_291' title='bbox 687 2457 755 2502; x_wconf 81' lang='lat' dir='ltr'><strong>ad</strong></span> <span class='ocrx_word' id='word_1_292' title='bbox 788 2468 889 2513; x_wconf 80' lang='lat' dir='ltr'><strong>me,</strong></span> <span class='ocrx_word' id='word_1_293' title='bbox 916 2450 1176 2504; x_wconf 89' lang='lat' dir='ltr'><strong>nimirum</strong></span> <span class='ocrx_word' id='word_1_294' title='bbox 1213 2453 1253 2506; x_wconf 89' lang='lat' dir='ltr'><strong>si</strong></span> <span class='ocrx_word' id='word_1_295' title='bbox 1283 2455 1418 2510; x_wconf 85' lang='lat' dir='ltr'><strong>velis</strong></span> <span class='ocrx_word' id='word_1_296' title='bbox 1443 2455 1578 2508; x_wconf 91' lang='lat' dir='ltr'><strong>tnihi</strong></span> <span class='ocrx_word' id='word_1_297' title='bbox 1623 2446 1722 2508; x_wconf 84' lang='lat' dir='ltr'><strong>rite</strong></span> <span class='ocrx_word' id='word_1_298' title='bbox 1751 2457 1974 2522; x_wconf 79' lang='lat' dir='ltr'><strong>sociari,</strong></span> 
     </span>
    </p>
   </div>
   <div class='ocr_carea' id='block_1_41' title="bbox 385 2544 1978 2618">
    <p class='ocr_par' dir='ltr' id='par_1_41' title="bbox 385 2544 1978 2618">
     <span class='ocr_line' id='line_1_41' title="bbox 385 2544 1978 2618; baseline 0.006 -23"><span class='ocrx_word' id='word_1_299' title='bbox 385 2553 650 2613; x_wconf 83' lang='lat' dir='ltr'><strong>paterque</strong></span> <span class='ocrx_word' id='word_1_300' title='bbox 681 2544 977 2598; x_wconf 89' lang='lat' dir='ltr'><strong>liberorum</strong></span> <span class='ocrx_word' id='word_1_301' title='bbox 1034 2545 1147 2600; x_wconf 83' lang='lat' dir='ltr'><strong>fieri</strong></span> <span class='ocrx_word' id='word_1_302' title='bbox 1195 2549 1555 2602; x_wconf 83' lang='lat' dir='ltr'><strong>conservandi</strong></span> <span class='ocrx_word' id='word_1_303' title='bbox 1603 2551 1817 2618; x_wconf 79' lang='lat' dir='ltr'><strong>generis</strong></span> <span class='ocrx_word' id='word_1_304' title='bbox 1861 2550 1978 2604; x_wconf 76' lang='lat' dir='ltr'><strong>hu—</strong></span> 
     </span>
    </p>
   </div>
   <div class='ocr_carea' id='block_1_42' title="bbox 386 2635 1975 2708">
    <p class='ocr_par' dir='ltr' id='par_1_42' title="bbox 386 2635 1975 2708">
     <span class='ocr_line' id='line_1_42' title="bbox 386 2635 1975 2708; baseline 0.006 -20"><span class='ocrx_word' id='word_1_305' title='bbox 386 2636 535 2689; x_wconf 84' lang='lat' dir='ltr'><strong>mani</strong></span> <span class='ocrx_word' id='word_1_306' title='bbox 576 2636 770 2706; x_wconf 82' lang='lat' dir='ltr'><strong>gratia.</strong></span> <span class='ocrx_word' id='word_1_307' title='bbox 817 2635 1120 2691; x_wconf 76' lang='lat' dir='ltr'><strong>Conﬁcitur</strong></span> <span class='ocrx_word' id='word_1_308' title='bbox 1178 2640 1364 2708; x_wconf 88' lang='lat' dir='ltr'><strong>itaque</strong></span> <span class='ocrx_word' id='word_1_309' title='bbox 1410 2639 1494 2695; x_wconf 90' lang='lat' dir='ltr'><strong>his</strong></span> <span class='ocrx_word' id='word_1_310' title='bbox 1543 2642 1818 2706; x_wconf 87' lang='lat' dir='ltr'><strong>omnibus,</strong></span> <span class='ocrx_word' id='word_1_311' title='bbox 1851 2644 1975 2699; x_wconf 89' lang='lat' dir='ltr'><strong>ideo</strong></span> 
     </span>
    </p>
   </div>
   <div class='ocr_carea' id='block_1_43' title="bbox 386 2726 1976 2797">
    <p class='ocr_par' dir='ltr' id='par_1_43' title="bbox 386 2726 1976 2797">
     <span class='ocr_line' id='line_1_43' title="bbox 386 2726 1976 2797; baseline 0.007 -18"><span class='ocrx_word' id='word_1_312' title='bbox 386 2726 556 2780; x_wconf 80' lang='lat' dir='ltr'><strong>Evam</strong></span> <span class='ocrx_word' id='word_1_313' title='bbox 594 2728 794 2782; x_wconf 86' lang='lat' dir='ltr'><strong>dictam</strong></span> <span class='ocrx_word' id='word_1_314' title='bbox 815 2743 937 2784; x_wconf 88' lang='lat' dir='ltr'><strong>esse</strong></span> <span class='ocrx_word' id='word_1_315' title='bbox 964 2728 1098 2797; x_wconf 80' lang='lat' dir='ltr'><strong>Illo,</strong></span> <span class='ocrx_word' id='word_1_316' title='bbox 1127 2731 1230 2785; x_wconf 90' lang='lat' dir='ltr'><strong>hoc</strong></span> <span class='ocrx_word' id='word_1_317' title='bbox 1258 2740 1361 2796; x_wconf 89' lang='lat' dir='ltr'><strong>est,</strong></span> <span class='ocrx_word' id='word_1_318' title='bbox 1390 2733 1674 2787; x_wconf 89' lang='lat' dir='ltr'><strong>mulierem</strong></span> <span class='ocrx_word' id='word_1_319' title='bbox 1702 2735 1818 2788; x_wconf 86' lang='lat' dir='ltr'><strong>sive</strong></span> <span class='ocrx_word' id='word_1_320' title='bbox 1841 2750 1976 2790; x_wconf 75' lang='lat' dir='ltr'><strong>uxo-</strong></span> 
     </span>
    </p>
   </div>
   <div class='ocr_carea' id='block_1_44' title="bbox 386 2819 1980 2894">
    <p class='ocr_par' dir='ltr' id='par_1_44' title="bbox 386 2819 1980 2894">
     <span class='ocr_line' id='line_1_44' title="bbox 386 2819 1980 2894; baseline 0.006 -22"><span class='ocrx_word' id='word_1_321' title='bbox 386 2833 526 2883; x_wconf 87' lang='lat' dir='ltr'><strong>rem,</strong></span> <span class='ocrx_word' id='word_1_322' title='bbox 551 2820 676 2888; x_wconf 92' lang='lat' dir='ltr'><strong>quia</strong></span> <span class='ocrx_word' id='word_1_323' title='bbox 703 2819 819 2890; x_wconf 75' lang='lat' dir='ltr'><strong>lege</strong></span> <span class='ocrx_word' id='word_1_324' title='bbox 851 2821 968 2873; x_wconf 87' lang='lat' dir='ltr'><strong>viro</strong></span> <span class='ocrx_word' id='word_1_325' title='bbox 995 2820 1286 2889; x_wconf 77' lang='lat' dir='ltr'><strong>conjuncta</strong></span> <span class='ocrx_word' id='word_1_326' title='bbox 1309 2832 1448 2887; x_wconf 89' lang='lat' dir='ltr'><strong>erat,</strong></span> <span class='ocrx_word' id='word_1_327' title='bbox 1473 2839 1775 2894; x_wconf 90' lang='lat' dir='ltr'><strong>omnesque</strong></span> <span class='ocrx_word' id='word_1_328' title='bbox 1797 2840 1861 2879; x_wconf 91' lang='lat' dir='ltr'><strong>ac</strong></span> <span class='ocrx_word' id='word_1_329' title='bbox 1889 2840 1980 2880; x_wconf 86' lang='lat' dir='ltr'><strong>so-</strong></span> 
     </span>
    </p>
   </div>
   <div class='ocr_carea' id='block_1_45' title="bbox 388 2909 1979 2989">
    <p class='ocr_par' dir='ltr' id='par_1_45' title="bbox 388 2909 1979 2989">
     <span class='ocr_line' id='line_1_45' title="bbox 388 2909 1979 2989; baseline 0.006 -26"><span class='ocrx_word' id='word_1_330' title='bbox 388 2909 470 2965; x_wconf 85' lang='lat' dir='ltr'><strong>las</strong></span> <span class='ocrx_word' id='word_1_331' title='bbox 492 2911 725 2967; x_wconf 70' lang='lat' dir='ltr'><strong>luminas</strong></span> <span class='ocrx_word' id='word_1_332' title='bbox 741 2914 844 2966; x_wconf 86' lang='lat' dir='ltr'><strong>rite</strong></span> <span class='ocrx_word' id='word_1_333' title='bbox 863 2923 1062 2983; x_wconf 87' lang='lat' dir='ltr'><strong>nuptas</strong></span> <span class='ocrx_word' id='word_1_334' title='bbox 1091 2914 1182 2969; x_wconf 92' lang='lat' dir='ltr'><strong>illo</strong></span> <span class='ocrx_word' id='word_1_335' title='bbox 1216 2915 1437 2969; x_wconf 88' lang='lat' dir='ltr'><strong>nomine</strong></span> <span class='ocrx_word' id='word_1_336' title='bbox 1450 2917 1642 2986; x_wconf 81' lang='lat' dir='ltr'><strong>dignas</strong></span> <span class='ocrx_word' id='word_1_337' title='bbox 1655 2933 1796 2982; x_wconf 88' lang='lat' dir='ltr'><strong>esse,</strong></span> <span class='ocrx_word' id='word_1_338' title='bbox 1815 2927 1979 2989; x_wconf 86' lang='lat' dir='ltr'><strong>atque</strong></span> 
     </span>
    </p>
   </div>
   <div class='ocr_carea' id='block_1_46' title="bbox 391 3005 1975 3082">
    <p class='ocr_par' dir='ltr' id='par_1_46' title="bbox 391 3005 1975 3082">
     <span class='ocr_line' id='line_1_46' title="bbox 391 3005 1975 3082; baseline 0.006 -24"><span class='ocrx_word' id='word_1_339' title='bbox 391 3005 449 3059; x_wconf 89' lang='lat' dir='ltr'><strong>iu</strong></span> <span class='ocrx_word' id='word_1_340' title='bbox 507 3021 626 3059; x_wconf 83' lang='lat' dir='ltr'><strong>eam</strong></span> <span class='ocrx_word' id='word_1_341' title='bbox 679 3008 1008 3061; x_wconf 79' lang='lat' dir='ltr'><strong>sententiam</strong></span> <span class='ocrx_word' id='word_1_342' title='bbox 1057 3009 1250 3062; x_wconf 77' lang='lat' dir='ltr'><strong>Adami</strong></span> <span class='ocrx_word' id='word_1_343' title='bbox 1300 3011 1465 3064; x_wconf 85' lang='lat' dir='ltr'><strong>verba</strong></span> <span class='ocrx_word' id='word_1_344' title='bbox 1515 3011 1607 3064; x_wconf 87' lang='lat' dir='ltr'><strong>illa</strong></span> <span class='ocrx_word' id='word_1_345' title='bbox 1649 3026 1773 3067; x_wconf 79' lang='lat' dir='ltr'><strong>esse</strong></span> <span class='ocrx_word' id='word_1_346' title='bbox 1801 3013 1975 3082; x_wconf 75' lang='lat' dir='ltr'><strong>expli-</strong></span> 
     </span>
    </p>
   </div>
   <div class='ocr_carea' id='block_1_47' title="bbox 2079 1895 3667 1974">
    <p class='ocr_par' dir='ltr' id='par_1_47' title="bbox 2079 1895 3667 1974">
     <span class='ocr_line' id='line_1_47' title="bbox 2079 1895 3667 1974; baseline 0.006 -26"><span class='ocrx_word' id='word_1_347' title='bbox 2079 1910 2199 1948; x_wconf 82' lang='lat' dir='ltr'><strong>csse</strong></span> <span class='ocrx_word' id='word_1_348' title='bbox 2228 1895 2321 1948; x_wconf 88' lang='lat' dir='ltr'><strong>sed</strong></span> <span class='ocrx_word' id='word_1_349' title='bbox 2349 1911 2581 1965; x_wconf 85' lang='lat' dir='ltr'><strong>corpora</strong></span> <span class='ocrx_word' id='word_1_350' title='bbox 2612 1897 2862 1964; x_wconf 87' lang='lat' dir='ltr'><strong>miscere,</strong></span> <span class='ocrx_word' id='word_1_351' title='bbox 2894 1908 3140 1968; x_wconf 87' lang='lat' dir='ltr'><strong>tempore</strong></span> <span class='ocrx_word' id='word_1_352' title='bbox 3173 1901 3324 1969; x_wconf 90' lang='lat' dir='ltr'><strong>prius</strong></span> <span class='ocrx_word' id='word_1_353' title='bbox 3347 1911 3462 1966; x_wconf 85' lang='lat' dir='ltr'><strong>est;</strong></span> <span class='ocrx_word' id='word_1_354' title='bbox 3489 1919 3667 1974; x_wconf 83' lang='lat' dir='ltr'><strong>neque</strong></span> 
     </span>
    </p>
   </div>
   <div class='ocr_carea' id='block_1_48' title="bbox 2078 1983 3661 2060">
    <p class='ocr_par' dir='ltr' id='par_1_48' title="bbox 2078 1983 3661 2060">
     <span class='ocr_line' id='line_1_48' title="bbox 2078 1983 3661 2060; baseline 0.007 -24"><span class='ocrx_word' id='word_1_355' title='bbox 2078 1985 2224 2036; x_wconf 84' lang='lat' dir='ltr'><strong>enim</strong></span> <span class='ocrx_word' id='word_1_356' title='bbox 2245 1983 2372 2052; x_wconf 90' lang='lat' dir='ltr'><strong>quia</strong></span> <span class='ocrx_word' id='word_1_357' title='bbox 2405 1994 2661 2052; x_wconf 87' lang='lat' dir='ltr'><strong>parentes</strong></span> <span class='ocrx_word' id='word_1_358' title='bbox 2699 1995 2852 2050; x_wconf 89' lang='lat' dir='ltr'><strong>sunt,</strong></span> <span class='ocrx_word' id='word_1_359' title='bbox 2885 2001 3083 2041; x_wconf 84' lang='lat' dir='ltr'><strong>venere</strong></span> <span class='ocrx_word' id='word_1_360' title='bbox 3123 1999 3372 2053; x_wconf 84' lang='lat' dir='ltr'><strong>utuntur,</strong></span> <span class='ocrx_word' id='word_1_361' title='bbox 3409 1992 3502 2044; x_wconf 89' lang='lat' dir='ltr'><strong>sed</strong></span> <span class='ocrx_word' id='word_1_362' title='bbox 3538 2008 3661 2060; x_wconf 74' lang='lat' dir='ltr'><strong>qua</strong></span> 
     </span>
    </p>
   </div>
   <div class='ocr_carea' id='block_1_49' title="bbox 2080 2074 3655 2144">
    <p class='ocr_par' dir='ltr' id='par_1_49' title="bbox 2080 2074 3655 2144">
     <span class='ocr_line' id='line_1_49' title="bbox 2080 2074 3655 2144; baseline 0.006 -15"><span class='ocrx_word' id='word_1_363' title='bbox 2080 2074 2182 2129; x_wconf 87' lang='lat' dir='ltr'><strong>hac</strong></span> <span class='ocrx_word' id='word_1_364' title='bbox 2211 2076 2294 2128; x_wconf 90' lang='lat' dir='ltr'><strong>usi</strong></span> <span class='ocrx_word' id='word_1_365' title='bbox 2333 2085 2463 2128; x_wconf 91' lang='lat' dir='ltr'><strong>sunt</strong></span> <span class='ocrx_word' id='word_1_366' title='bbox 2518 2085 2775 2144; x_wconf 91' lang='lat' dir='ltr'><strong>parentes</strong></span> <span class='ocrx_word' id='word_1_367' title='bbox 2823 2078 2982 2132; x_wconf 85' lang='lat' dir='ltr'><strong>tlunl.</strong></span> <span class='ocrx_word' id='word_1_368' title='bbox 3040 2080 3175 2133; x_wconf 84' lang='lat' dir='ltr'><strong>Nam</strong></span> <span class='ocrx_word' id='word_1_369' title='bbox 3225 2081 3396 2136; x_wconf 85' lang='lat' dir='ltr'><strong>Adam</strong></span> <span class='ocrx_word' id='word_1_370' title='bbox 3455 2093 3503 2137; x_wconf 90' lang='lat' dir='ltr'><strong>et</strong></span> <span class='ocrx_word' id='word_1_371' title='bbox 3551 2085 3655 2138; x_wconf 42' lang='lat' dir='ltr'><strong>Eia</strong></span> 
     </span>
    </p>
   </div>
   <div class='ocr_carea' id='block_1_50' title="bbox 2083 2168 3652 2241">
    <p class='ocr_par' dir='ltr' id='par_1_50' title="bbox 2083 2168 3652 2241">
     <span class='ocr_line' id='line_1_50' title="bbox 2083 2168 3652 2241; baseline 0.004 -21"><span class='ocrx_word' id='word_1_372' title='bbox 2083 2168 2401 2237; x_wconf 84' lang='lat' dir='ltr'><strong>priusquam</strong></span> <span class='ocrx_word' id='word_1_373' title='bbox 2437 2170 2650 2221; x_wconf 86' lang='lat' dir='ltr'><strong>mutuis</strong></span> <span class='ocrx_word' id='word_1_374' title='bbox 2706 2169 3050 2239; x_wconf 76' lang='lat' dir='ltr'><strong>amplexibus</strong></span> <span class='ocrx_word' id='word_1_375' title='bbox 3099 2174 3403 2228; x_wconf 88' lang='lat' dir='ltr'><strong>consociati</strong></span> <span class='ocrx_word' id='word_1_376' title='bbox 3459 2188 3652 2241; x_wconf 83' lang='lat' dir='ltr'><strong>essent,</strong></span> 
     </span>
    </p>
   </div>
   <div class='ocr_carea' id='block_1_51' title="bbox 2081 2261 3659 2332">
    <p class='ocr_par' dir='ltr' id='par_1_51' title="bbox 2081 2261 3659 2332">
     <span class='ocr_line' id='line_1_51' title="bbox 2081 2261 3659 2332; baseline 0.004 -19"><span class='ocrx_word' id='word_1_377' title='bbox 2081 2261 2501 2330; x_wconf 78' lang='lat' dir='ltr'><strong>haudquaquam</strong></span> <span class='ocrx_word' id='word_1_378' title='bbox 2575 2273 2832 2330; x_wconf 86' lang='lat' dir='ltr'><strong>parentes</strong></span> <span class='ocrx_word' id='word_1_379' title='bbox 2892 2265 3253 2332; x_wconf 90' lang='lat' dir='ltr'><strong>dicebautur,</strong></span> <span class='ocrx_word' id='word_1_380' title='bbox 3319 2282 3506 2321; x_wconf 88' lang='lat' dir='ltr'><strong>verum</strong></span> <span class='ocrx_word' id='word_1_381' title='bbox 3568 2274 3659 2320; x_wconf 83' lang='lat' dir='ltr'><strong>uni</strong></span> 
     </span>
    </p>
   </div>
   <div class='ocr_carea' id='block_1_52' title="bbox 2078 2353 3666 2429">
    <p class='ocr_par' dir='ltr' id='par_1_52' title="bbox 2078 2353 3666 2429">
     <span class='ocr_line' id='line_1_52' title="bbox 2078 2353 3666 2429; baseline 0.005 -22"><span class='ocrx_word' id='word_1_382' title='bbox 2078 2353 2358 2409; x_wconf 90' lang='lat' dir='ltr'><strong>connubio</strong></span> <span class='ocrx_word' id='word_1_383' title='bbox 2388 2356 2748 2410; x_wconf 76' lang='lat' dir='ltr'><strong>colitesissent</strong></span> <span class='ocrx_word' id='word_1_384' title='bbox 2805 2358 3057 2426; x_wconf 83' lang='lat' dir='ltr'><strong>filiosque</strong></span> <span class='ocrx_word' id='word_1_385' title='bbox 3109 2373 3515 2429; x_wconf 87' lang='lat' dir='ltr'><strong>procreasscut,</strong></span> <span class='ocrx_word' id='word_1_386' title='bbox 3548 2371 3666 2415; x_wconf 89' lang='lat' dir='ltr'><strong>tum</strong></span> 
     </span>
    </p>
   </div>
   <div class='ocr_carea' id='block_1_53' title="bbox 2078 2445 3670 2521">
    <p class='ocr_par' dir='ltr' id='par_1_53' title="bbox 2078 2445 3670 2521">
     <span class='ocr_line' id='line_1_53' title="bbox 2078 2445 3670 2521; baseline 0.006 -24"><span class='ocrx_word' id='word_1_387' title='bbox 2078 2445 2297 2498; x_wconf 92' lang='lat' dir='ltr'><strong>demum</strong></span> <span class='ocrx_word' id='word_1_388' title='bbox 2351 2457 2611 2516; x_wconf 87' lang='lat' dir='ltr'><strong>parentes</strong></span> <span class='ocrx_word' id='word_1_389' title='bbox 2659 2457 2787 2502; x_wconf 85' lang='lat' dir='ltr'><strong>sunt</strong></span> <span class='ocrx_word' id='word_1_390' title='bbox 2839 2450 3036 2503; x_wconf 88' lang='lat' dir='ltr'><strong>merito</strong></span> <span class='ocrx_word' id='word_1_391' title='bbox 3070 2455 3457 2521; x_wconf 73' lang='lat' dir='ltr'><strong>cognominati.</strong></span> <span class='ocrx_word' id='word_1_392' title='bbox 3499 2453 3602 2508; x_wconf 88' lang='lat' dir='ltr'><strong>Por</strong></span> <span class='ocrx_word' id='word_1_393' title='bbox 3636 2471 3670 2506; x_wconf 85' lang='grc' dir='ltr'><strong>ο</strong></span> 
     </span>
    </p>
   </div>
   <div class='ocr_carea' id='block_1_54' title="bbox 2080 2540 3669 2609">
    <p class='ocr_par' dir='ltr' id='par_1_54' title="bbox 2080 2540 3669 2609">
     <span class='ocr_line' id='line_1_54' title="bbox 2080 2540 3669 2609; baseline 0.007 -20"><span class='ocrx_word' id='word_1_394' title='bbox 2080 2548 2432 2606; x_wconf 81' lang='lat' dir='ltr'><strong>posteaquam</strong></span> <span class='ocrx_word' id='word_1_395' title='bbox 2508 2541 2572 2592; x_wconf 87' lang='lat' dir='ltr'><strong>de</strong></span> <span class='ocrx_word' id='word_1_396' title='bbox 2612 2540 2833 2594; x_wconf 89' lang='lat' dir='ltr'><strong>condita</strong></span> <span class='ocrx_word' id='word_1_397' title='bbox 2895 2540 3004 2594; x_wconf 88' lang='lat' dir='ltr'><strong>Eva</strong></span> <span class='ocrx_word' id='word_1_398' title='bbox 3069 2543 3283 2598; x_wconf 89' lang='lat' dir='ltr'><strong>locutus</strong></span> <span class='ocrx_word' id='word_1_399' title='bbox 3326 2556 3409 2599; x_wconf 77' lang='lat' dir='ltr'><strong>est</strong></span> <span class='ocrx_word' id='word_1_400' title='bbox 3467 2545 3669 2609; x_wconf 64' lang='lat' dir='ltr'><strong>Moses,</strong></span> 
     </span>
    </p>
   </div>
   <div class='ocr_carea' id='block_1_55' title="bbox 2077 2631 3671 2708">
    <p class='ocr_par' dir='ltr' id='par_1_55' title="bbox 2077 2631 3671 2708">
     <span class='ocr_line' id='line_1_55' title="bbox 2077 2631 3671 2708; baseline 0.007 -28"><span class='ocrx_word' id='word_1_401' title='bbox 2077 2631 2323 2698; x_wconf 85' lang='lat' dir='ltr'><strong>procedit</strong></span> <span class='ocrx_word' id='word_1_402' title='bbox 2353 2631 2419 2683; x_wconf 89' lang='lat' dir='ltr'><strong>ad</strong></span> <span class='ocrx_word' id='word_1_403' title='bbox 2455 2632 2836 2700; x_wconf 75' lang='lat' dir='ltr'><strong>explicandum</strong></span> <span class='ocrx_word' id='word_1_404' title='bbox 2887 2636 3161 2702; x_wconf 89' lang='lat' dir='ltr'><strong>quomodo</strong></span> <span class='ocrx_word' id='word_1_405' title='bbox 3212 2639 3377 2691; x_wconf 84' lang='lat' dir='ltr'><strong>vitam</strong></span> <span class='ocrx_word' id='word_1_406' title='bbox 3423 2641 3602 2708; x_wconf 64' lang='grc' dir='ltr'><strong>δεξιάν</strong></span> <span class='ocrx_word' id='word_1_407' title='bbox 3640 2661 3671 2682; x_wconf 76' lang='grc' dir='ltr'><strong><em>ο</em></strong></span> 
     </span>
    </p>
   </div>
   <div class='ocr_carea' id='block_1_56' title="bbox 2078 2723 3669 2794">
    <p class='ocr_par' dir='ltr' id='par_1_56' title="bbox 2078 2723 3669 2794">
     <span class='ocr_line' id='line_1_56' title="bbox 2078 2723 3669 2794; baseline 0.006 -20"><span class='ocrx_word' id='word_1_408' title='bbox 2078 2723 2189 2774; x_wconf 90' lang='lat' dir='ltr'><strong>rint</strong></span> <span class='ocrx_word' id='word_1_409' title='bbox 2226 2736 2380 2774; x_wconf 87' lang='lat' dir='ltr'><strong>suam</strong></span> <span class='ocrx_word' id='word_1_410' title='bbox 2410 2723 2568 2791; x_wconf 90' lang='lat' dir='ltr'><strong>primi</strong></span> <span class='ocrx_word' id='word_1_411' title='bbox 2597 2733 2850 2792; x_wconf 89' lang='lat' dir='ltr'><strong>parentes</strong></span> <span class='ocrx_word' id='word_1_412' title='bbox 2876 2727 2961 2780; x_wconf 88' lang='lat' dir='ltr'><strong>bis</strong></span> <span class='ocrx_word' id='word_1_413' title='bbox 2987 2727 3167 2782; x_wconf 82' lang='lat' dir='ltr'><strong>verbis</strong></span> <span class='ocrx_word' id='word_1_414' title='bbox 3192 2744 3207 2794; x_wconf 92' lang='lat'><strong>;</strong></span> <span class='ocrx_word' id='word_1_415' title='bbox 3241 2726 3310 2781; x_wconf 89' lang='lat' dir='ltr'><strong>Et</strong></span> <span class='ocrx_word' id='word_1_416' title='bbox 3337 2741 3483 2783; x_wconf 83' lang='lat' dir='ltr'><strong>erant</strong></span> <span class='ocrx_word' id='word_1_417' title='bbox 3513 2730 3669 2783; x_wconf 84' lang='lat' dir='ltr'><strong>ambo</strong></span> 
     </span>
    </p>
   </div>
   <div class='ocr_carea' id='block_1_57' title="bbox 2031 2815 3668 2893">
    <p class='ocr_par' dir='ltr' id='par_1_57' title="bbox 2031 2815 3668 2893">
     <span class='ocr_line' id='line_1_57' title="bbox 2031 2815 3668 2893; baseline 0.009 -28"><span class='ocrx_word' id='word_1_418' title='bbox 2031 2832 2033 2836; x_wconf 93' lang='grc'>·</span> <span class='ocrx_word' id='word_1_419' title='bbox 2078 2815 2420 2880; x_wconf 81' lang='lat' dir='ltr'><strong>nudi,Adam</strong></span> <span class='ocrx_word' id='word_1_420' title='bbox 2448 2827 2498 2870; x_wconf 88' lang='lat' dir='ltr'><strong>ct</strong></span> <span class='ocrx_word' id='word_1_421' title='bbox 2529 2834 2668 2872; x_wconf 73' lang='lat' dir='ltr'><strong>uxor</strong></span> <span class='ocrx_word' id='word_1_422' title='bbox 2694 2820 2885 2889; x_wconf 79' lang='lat' dir='ltr'><strong>ipsius,</strong></span> <span class='ocrx_word' id='word_1_423' title='bbox 2913 2838 3074 2892; x_wconf 79' lang='lat' dir='ltr'><strong>neque</strong></span> <span class='ocrx_word' id='word_1_424' title='bbox 3098 2823 3327 2892; x_wconf 80' lang='lat' dir='ltr'><strong>pudebat</strong></span> <span class='ocrx_word' id='word_1_425' title='bbox 3362 2827 3525 2893; x_wconf 83' lang='lat' dir='ltr'><strong>ipsos.</strong></span> <span class='ocrx_word' id='word_1_426' title='bbox 3560 2824 3668 2879; x_wconf 77' lang='lat' dir='ltr'><strong>Sed</strong></span> 
     </span>
    </p>
   </div>
   <div class='ocr_carea' id='block_1_58' title="bbox 2079 2905 3668 2982">
    <p class='ocr_par' dir='ltr' id='par_1_58' title="bbox 2079 2905 3668 2982">
     <span class='ocr_line' id='line_1_58' title="bbox 2079 2905 3668 2982; baseline 0.006 -24"><span class='ocrx_word' id='word_1_427' title='bbox 2079 2919 2180 2959; x_wconf 89' lang='lat' dir='ltr'><strong>cur</strong></span> <span class='ocrx_word' id='word_1_428' title='bbox 2198 2920 2305 2960; x_wconf 90' lang='lat' dir='ltr'><strong>non</strong></span> <span class='ocrx_word' id='word_1_429' title='bbox 2331 2907 2597 2974; x_wconf 81' lang='lat' dir='ltr'><strong>pudebat?</strong></span> <span class='ocrx_word' id='word_1_430' title='bbox 2625 2905 2744 2962; x_wconf 84' lang='lat' dir='ltr'><strong>Non</strong></span> <span class='ocrx_word' id='word_1_431' title='bbox 2784 2908 3032 2979; x_wconf 79' lang='lat' dir='ltr'><strong>proiecto</strong></span> <span class='ocrx_word' id='word_1_432' title='bbox 3071 2913 3198 2980; x_wconf 89' lang='lat' dir='ltr'><strong>quia</strong></span> <span class='ocrx_word' id='word_1_433' title='bbox 3229 2913 3437 2982; x_wconf 87' lang='lat' dir='ltr'><strong>pueruli</strong></span> <span class='ocrx_word' id='word_1_434' title='bbox 3462 2925 3668 2980; x_wconf 87' lang='lat' dir='ltr'><strong>essent,</strong></span> 
     </span>
    </p>
   </div>
   <div class='ocr_carea' id='block_1_59' title="bbox 2079 2998 3667 3074">
    <p class='ocr_par' dir='ltr' id='par_1_59' title="bbox 2079 2998 3667 3074">
     <span class='ocr_line' id='line_1_59' title="bbox 2079 2998 3667 3074; baseline 0.006 -24"><span class='ocrx_word' id='word_1_435' title='bbox 2079 3005 2177 3051; x_wconf 90' lang='lat' dir='ltr'><strong>aut</strong></span> <span class='ocrx_word' id='word_1_436' title='bbox 2213 2998 2340 3066; x_wconf 89' lang='lat' dir='ltr'><strong>quia</strong></span> <span class='ocrx_word' id='word_1_437' title='bbox 2385 2999 2592 3054; x_wconf 86' lang='lat' dir='ltr'><strong>rustica</strong></span> <span class='ocrx_word' id='word_1_438' title='bbox 2640 3001 2992 3072; x_wconf 88' lang='lat' dir='ltr'><strong>simplicitate</strong></span> <span class='ocrx_word' id='word_1_439' title='bbox 3040 3011 3204 3073; x_wconf 89' lang='lat' dir='ltr'><strong>atque</strong></span> <span class='ocrx_word' id='word_1_440' title='bbox 3256 3005 3667 3074; x_wconf 87' lang='lat' dir='ltr'><strong>imprudentia;</strong></span> 
     </span>
    </p>
   </div>
   <div class='ocr_carea' id='block_1_60' title="bbox 391 3085 3666 3182">
    <p class='ocr_par' dir='ltr' id='par_1_60' title="bbox 391 3085 3666 3182">
     <span class='ocr_line' id='line_1_60' title="bbox 391 3085 3666 3182; baseline 0.005 -51"><span class='ocrx_word' id='word_1_441' title='bbox 391 3096 594 3160; x_wconf 52' lang='lat' dir='ltr'><strong>cauda,</strong></span> <span class='ocrx_word' id='word_1_442' title='bbox 643 3101 1000 3168; x_wconf 50' lang='lat' dir='ltr'><strong>quantumvis</strong></span> <span class='ocrx_word' id='word_1_443' title='bbox 1047 3101 1208 3154; x_wconf 59' lang='lat' dir='ltr'><strong>ariam</strong></span> <span class='ocrx_word' id='word_1_444' title='bbox 1258 3117 1372 3170; x_wconf 61' lang='lat' dir='ltr'><strong>pm</strong></span> <span class='ocrx_word' id='word_1_445' title='bbox 1398 3118 1458 3156; x_wconf 60' lang='lat' dir='ltr'><strong>se</strong></span> <span class='ocrx_word' id='word_1_446' title='bbox 1512 3103 1709 3157; x_wconf 47' lang='lat' dir='ltr'><strong>feram.</strong></span> <span class='ocrx_word' id='word_1_447' title='bbox 1741 3104 1974 3159; x_wconf 66' lang='lat' dir='ltr'><strong>verum-</strong></span> <span class='ocrx_word' id='word_1_448' title='bbox 2003 3121 2048 3182; x_wconf 67' lang='grc' dir='ltr'>Ο</span> <span class='ocrx_word' id='word_1_449' title='bbox 2083 3085 2237 3142; x_wconf 83' lang='lat' dir='ltr'><strong>fuere</strong></span> <span class='ocrx_word' id='word_1_450' title='bbox 2258 3089 2404 3142; x_wconf 85' lang='lat' dir='ltr'><strong>enim</strong></span> <span class='ocrx_word' id='word_1_451' title='bbox 2437 3105 2468 3142; x_wconf 86' lang='lat' dir='ltr'><strong>a</strong></span> <span class='ocrx_word' id='word_1_452' title='bbox 2500 3090 2616 3144; x_wconf 90' lang='lat' dir='ltr'><strong>Deo</strong></span> <span class='ocrx_word' id='word_1_453' title='bbox 2635 3091 2814 3146; x_wconf 71' lang='lat' dir='ltr'><strong>effecti</strong></span> <span class='ocrx_word' id='word_1_454' title='bbox 2842 3101 3003 3147; x_wconf 69' lang='lat' dir='ltr'><strong>aetate</strong></span> <span class='ocrx_word' id='word_1_455' title='bbox 3029 3092 3282 3162; x_wconf 83' lang='lat' dir='ltr'><strong>juvenili,</strong></span> <span class='ocrx_word' id='word_1_456' title='bbox 3319 3112 3426 3149; x_wconf 92' lang='lat' dir='ltr'><strong>non</strong></span> <span class='ocrx_word' id='word_1_457' title='bbox 3447 3097 3666 3165; x_wconf 89' lang='lat' dir='ltr'><strong>puerili,</strong></span> 
     </span>
    </p>
   </div>
   <div class='ocr_carea' id='block_1_61' title="bbox 385 3189 1979 3258">
    <p class='ocr_par' dir='ltr' id='par_1_61' title="bbox 385 3189 1979 3258">
     <span class='ocr_line' id='line_1_61' title="bbox 385 3189 1979 3258; baseline 0.005 -17"><span class='ocrx_word' id='word_1_458' title='bbox 385 3189 670 3242; x_wconf 83' lang='lat' dir='ltr'><strong>enimvero</strong></span> <span class='ocrx_word' id='word_1_459' title='bbox 703 3200 832 3244; x_wconf 82' lang='lat' dir='ltr'><strong>Stlttl</strong></span> <span class='ocrx_word' id='word_1_460' title='bbox 870 3190 962 3252; x_wconf 85' lang='lat' dir='ltr'><strong>qui</strong></span> <span class='ocrx_word' id='word_1_461' title='bbox 993 3189 1198 3256; x_wconf 87' lang='lat' dir='ltr'><strong>dicant,</strong></span> <span class='ocrx_word' id='word_1_462' title='bbox 1231 3195 1339 3245; x_wconf 87' lang='lat' dir='ltr'><strong>duo</strong></span> <span class='ocrx_word' id='word_1_463' title='bbox 1378 3191 1481 3246; x_wconf 87' lang='lat' dir='ltr'><strong>ista</strong></span> <span class='ocrx_word' id='word_1_464' title='bbox 1519 3194 1764 3258; x_wconf 88' lang='lat' dir='ltr'><strong>nomina,</strong></span> <span class='ocrx_word' id='word_1_465' title='bbox 1792 3194 1894 3248; x_wconf 87' lang='lat' dir='ltr'><strong>viri</strong></span> <span class='ocrx_word' id='word_1_466' title='bbox 1925 3203 1979 3249; x_wconf 81' lang='lat' dir='ltr'><strong>et</strong></span> 
     </span>
    </p>
   </div>
   <div class='ocr_carea' id='block_1_62' title="bbox 389 3281 1975 3357">
    <p class='ocr_par' dir='ltr' id='par_1_62' title="bbox 389 3281 1975 3357">
     <span class='ocr_line' id='line_1_62' title="bbox 389 3281 1975 3357; baseline 0.004 -21"><span class='ocrx_word' id='word_1_467' title='bbox 389 3281 660 3344; x_wconf 84' lang='lat' dir='ltr'><strong>mulieris,</strong></span> <span class='ocrx_word' id='word_1_468' title='bbox 688 3283 834 3336; x_wconf 88' lang='lat' dir='ltr'><strong>inter</strong></span> <span class='ocrx_word' id='word_1_469' title='bbox 855 3298 912 3336; x_wconf 89' lang='lat' dir='ltr'><strong>se</strong></span> <span class='ocrx_word' id='word_1_470' title='bbox 931 3285 1228 3338; x_wconf 86' lang='lat' dir='ltr'><strong>convenire</strong></span> <span class='ocrx_word' id='word_1_471' title='bbox 1255 3286 1308 3339; x_wconf 89' lang='lat' dir='ltr'><strong>in</strong></span> <span class='ocrx_word' id='word_1_472' title='bbox 1331 3285 1517 3356; x_wconf 84' lang='lat' dir='ltr'><strong>lingua</strong></span> <span class='ocrx_word' id='word_1_473' title='bbox 1539 3285 1787 3350; x_wconf 66' lang='lat' dir='ltr'><strong>Hebraea,</strong></span> <span class='ocrx_word' id='word_1_474' title='bbox 1813 3303 1975 3357; x_wconf 92' lang='lat' dir='ltr'><strong>quam</strong></span> 
     </span>
    </p>
   </div>
   <div class='ocr_carea' id='block_1_63' title="bbox 294 3372 1978 3454">
    <p class='ocr_par' dir='ltr' id='par_1_63' title="bbox 294 3372 1978 3454">
     <span class='ocr_line' id='line_1_63' title="bbox 294 3372 1978 3454; baseline 0.004 -26"><span class='ocrx_word' id='word_1_475' title='bbox 294 3449 295 3454; x_wconf 14' lang='grc' dir='ltr'><strong>η</strong></span> <span class='ocrx_word' id='word_1_476' title='bbox 388 3372 548 3445; x_wconf 86' lang='lat' dir='ltr'><strong>Syra,</strong></span> <span class='ocrx_word' id='word_1_477' title='bbox 581 3383 676 3428; x_wconf 84' lang='lat' dir='ltr'><strong>aut</strong></span> <span class='ocrx_word' id='word_1_478' title='bbox 705 3373 918 3440; x_wconf 69' lang='lat' dir='ltr'><strong>Graeca,</strong></span> <span class='ocrx_word' id='word_1_479' title='bbox 953 3385 1048 3429; x_wconf 84' lang='lat' dir='ltr'><strong>aut</strong></span> <span class='ocrx_word' id='word_1_480' title='bbox 1099 3377 1452 3441; x_wconf 84' lang='lat' dir='ltr'><strong>Armeniaca,</strong></span> <span class='ocrx_word' id='word_1_481' title='bbox 1481 3387 1574 3433; x_wconf 88' lang='lat' dir='ltr'><strong>aut</strong></span> <span class='ocrx_word' id='word_1_482' title='bbox 1605 3378 1840 3450; x_wconf 84' lang='lat' dir='ltr'><strong>denique</strong></span> <span class='ocrx_word' id='word_1_483' title='bbox 1874 3380 1978 3435; x_wconf 74' lang='lat' dir='ltr'><strong>alia</strong></span> 
     </span>
    </p>
   </div>
   <div class='ocr_carea' id='block_1_64' title="bbox 389 3465 1978 3538">
    <p class='ocr_par' dir='ltr' id='par_1_64' title="bbox 389 3465 1978 3538">
     <span class='ocr_line' id='line_1_64' title="bbox 389 3465 1978 3538; baseline 0.005 -18"><span class='ocrx_word' id='word_1_484' title='bbox 389 3467 606 3537; x_wconf 90' lang='lat' dir='ltr'><strong>quavis.</strong></span> <span class='ocrx_word' id='word_1_485' title='bbox 664 3465 722 3521; x_wconf 90' lang='lat' dir='ltr'><strong>In</strong></span> <span class='ocrx_word' id='word_1_486' title='bbox 774 3467 863 3521; x_wconf 88' lang='lat' dir='ltr'><strong>illa</strong></span> <span class='ocrx_word' id='word_1_487' title='bbox 917 3469 1062 3522; x_wconf 88' lang='lat' dir='ltr'><strong>enim</strong></span> <span class='ocrx_word' id='word_1_488' title='bbox 1116 3469 1328 3534; x_wconf 47' lang='lat' dir='ltr'><strong>virum;</strong></span> <span class='ocrx_word' id='word_1_489' title='bbox 1370 3470 1452 3536; x_wconf 80' lang='lat' dir='ltr'><strong>Is;</strong></span> <span class='ocrx_word' id='word_1_490' title='bbox 1501 3473 1808 3538; x_wconf 89' lang='lat' dir='ltr'><strong>mulierem,</strong></span> <span class='ocrx_word' id='word_1_491' title='bbox 1859 3472 1978 3528; x_wconf 79' lang='lat' dir='ltr'><strong>Issa</strong></span> 
     </span>
    </p>
   </div>
   <div class='ocr_carea' id='block_1_65' title="bbox 389 3560 1976 3634">
    <p class='ocr_par' dir='ltr' id='par_1_65' title="bbox 389 3560 1976 3634">
     <span class='ocr_line' id='line_1_65' title="bbox 389 3560 1976 3634; baseline 0.004 -20"><span class='ocrx_word' id='word_1_492' title='bbox 389 3560 690 3623; x_wconf 85' lang='lat' dir='ltr'><strong>enuntiari,</strong></span> <span class='ocrx_word' id='word_1_493' title='bbox 720 3561 863 3630; x_wconf 90' lang='lat' dir='ltr'><strong>quod</strong></span> <span class='ocrx_word' id='word_1_494' title='bbox 901 3562 1124 3630; x_wconf 90' lang='lat' dir='ltr'><strong>perinde</strong></span> <span class='ocrx_word' id='word_1_495' title='bbox 1178 3574 1263 3618; x_wconf 88' lang='lat' dir='ltr'><strong>est</strong></span> <span class='ocrx_word' id='word_1_496' title='bbox 1291 3577 1355 3619; x_wconf 90' lang='lat' dir='ltr'><strong>ac</strong></span> <span class='ocrx_word' id='word_1_497' title='bbox 1392 3565 1437 3619; x_wconf 89' lang='lat' dir='ltr'><strong>si</strong></span> <span class='ocrx_word' id='word_1_498' title='bbox 1471 3565 1664 3634; x_wconf 80' lang='lat' dir='ltr'><strong>Syrus,</strong></span> <span class='ocrx_word' id='word_1_499' title='bbox 1693 3576 1750 3619; x_wconf 90' lang='lat' dir='ltr'><strong>ut</strong></span> <span class='ocrx_word' id='word_1_500' title='bbox 1781 3566 1976 3630; x_wconf 88' lang='lat' dir='ltr'><strong>virum,</strong></span> 
     </span>
    </p>
   </div>
   <div class='ocr_carea' id='block_1_66' title="bbox 389 3652 1977 3730">
    <p class='ocr_par' dir='ltr' id='par_1_66' title="bbox 389 3652 1977 3730">
     <span class='ocr_line' id='line_1_66' title="bbox 389 3652 1977 3730; baseline 0.004 -22"><span class='ocrx_word' id='word_1_501' title='bbox 389 3652 588 3714; x_wconf 80' lang='lat' dir='ltr'><strong>Gabro,</strong></span> <span class='ocrx_word' id='word_1_502' title='bbox 609 3655 680 3708; x_wconf 86' lang='lat' dir='ltr'><strong>ita</strong></span> <span class='ocrx_word' id='word_1_503' title='bbox 700 3655 982 3709; x_wconf 87' lang='lat' dir='ltr'><strong>mulierem</strong></span> <span class='ocrx_word' id='word_1_504' title='bbox 1008 3655 1226 3708; x_wconf 80' lang='lat' dir='ltr'><strong>Gabirto</strong></span> <span class='ocrx_word' id='word_1_505' title='bbox 1246 3668 1400 3712; x_wconf 88' lang='lat' dir='ltr'><strong>vocet</strong></span> <span class='ocrx_word' id='word_1_506' title='bbox 1424 3658 1638 3730; x_wconf 71' lang='lat' dir='ltr'><strong>(19),dc</strong></span> <span class='ocrx_word' id='word_1_507' title='bbox 1655 3675 1760 3728; x_wconf 89' lang='lat' dir='ltr'><strong>qua</strong></span> <span class='ocrx_word' id='word_1_508' title='bbox 1783 3676 1838 3713; x_wconf 89' lang='lat' dir='ltr'><strong>re</strong></span> <span class='ocrx_word' id='word_1_509' title='bbox 1859 3677 1977 3728; x_wconf 92' lang='lat' dir='ltr'><strong>nos,</strong></span> 
     </span>
    </p>
   </div>
   <div class='ocr_carea' id='block_1_67' title="bbox 387 3745 1975 3821">
    <p class='ocr_par' dir='ltr' id='par_1_67' title="bbox 387 3745 1975 3821">
     <span class='ocr_line' id='line_1_67' title="bbox 387 3745 1975 3821; baseline 0.005 -24"><span class='ocrx_word' id='word_1_510' title='bbox 387 3746 607 3800; x_wconf 84' lang='lat' dir='ltr'><strong>volente</strong></span> <span class='ocrx_word' id='word_1_511' title='bbox 626 3745 756 3807; x_wconf 86' lang='lat' dir='ltr'><strong>Deo,</strong></span> <span class='ocrx_word' id='word_1_512' title='bbox 777 3747 974 3802; x_wconf 90' lang='lat' dir='ltr'><strong>dicturi</strong></span> <span class='ocrx_word' id='word_1_513' title='bbox 996 3763 1189 3802; x_wconf 90' lang='lat' dir='ltr'><strong>sumus</strong></span> <span class='ocrx_word' id='word_1_514' title='bbox 1207 3750 1259 3802; x_wconf 92' lang='lat' dir='ltr'><strong>in</strong></span> <span class='ocrx_word' id='word_1_515' title='bbox 1286 3766 1350 3803; x_wconf 87' lang='lat' dir='ltr'><strong>eo</strong></span> <span class='ocrx_word' id='word_1_516' title='bbox 1368 3749 1795 3816; x_wconf 85' lang='lat' dir='ltr'><strong>Commentario,</strong></span> <span class='ocrx_word' id='word_1_517' title='bbox 1815 3764 1975 3821; x_wconf 84' lang='lat' dir='ltr'><strong>quem</strong></span> 
     </span>
    </p>
   </div>
   <div class='ocr_carea' id='block_1_68' title="bbox 388 3838 1978 3910">
    <p class='ocr_par' dir='ltr' id='par_1_68' title="bbox 388 3838 1978 3910">
     <span class='ocr_line' id='line_1_68' title="bbox 388 3838 1978 3910; baseline 0.005 -19"><span class='ocrx_word' id='word_1_518' title='bbox 388 3838 630 3892; x_wconf 64' lang='lat' dir='ltr'><strong>scribere</strong></span> <span class='ocrx_word' id='word_1_519' title='bbox 656 3839 1046 3893; x_wconf 81' lang='lat' dir='ltr'><strong>constituimus</strong></span> <span class='ocrx_word' id='word_1_520' title='bbox 1081 3841 1135 3893; x_wconf 91' lang='lat' dir='ltr'><strong>in</strong></span> <span class='ocrx_word' id='word_1_521' title='bbox 1170 3842 1379 3910; x_wconf 87' lang='lat' dir='ltr'><strong>reliqua</strong></span> <span class='ocrx_word' id='word_1_522' title='bbox 1415 3841 1535 3896; x_wconf 87' lang='lat' dir='ltr'><strong>libri</strong></span> <span class='ocrx_word' id='word_1_523' title='bbox 1571 3843 1849 3898; x_wconf 63' lang='lat' dir='ltr'><strong>Geuvscos</strong></span> <span class='ocrx_word' id='word_1_524' title='bbox 1887 3860 1978 3898; x_wconf 87' lang='lat' dir='ltr'><strong>ca-</strong></span> 
     </span>
    </p>
   </div>
   <div class='ocr_carea' id='block_1_69' title="bbox 387 3931 1977 4003">
    <p class='ocr_par' dir='ltr' id='par_1_69' title="bbox 387 3931 1977 4003">
     <span class='ocr_line' id='line_1_69' title="bbox 387 3931 1977 4003; baseline 0.005 -21"><span class='ocrx_word' id='word_1_525' title='bbox 387 3931 522 3999; x_wconf 86' lang='lat' dir='ltr'><strong>pita,</strong></span> <span class='ocrx_word' id='word_1_526' title='bbox 557 3931 600 3985; x_wconf 91' lang='lat' dir='ltr'><strong>si</strong></span> <span class='ocrx_word' id='word_1_527' title='bbox 628 3932 735 3984; x_wconf 87' lang='lat' dir='ltr'><strong>vita</strong></span> <span class='ocrx_word' id='word_1_528' title='bbox 763 3941 1002 4002; x_wconf 86' lang='lat' dir='ltr'><strong>superet,</strong></span> <span class='ocrx_word' id='word_1_529' title='bbox 1034 3933 1138 3987; x_wconf 90' lang='lat' dir='ltr'><strong>erit</strong></span> <span class='ocrx_word' id='word_1_530' title='bbox 1177 3933 1322 3987; x_wconf 88' lang='lat' dir='ltr'><strong>enim</strong></span> <span class='ocrx_word' id='word_1_531' title='bbox 1365 3933 1484 4003; x_wconf 86' lang='lat' dir='ltr'><strong>ejus</strong></span> <span class='ocrx_word' id='word_1_532' title='bbox 1515 3937 1810 3990; x_wconf 83' lang='lat' dir='ltr'><strong>tractandae</strong></span> <span class='ocrx_word' id='word_1_533' title='bbox 1841 3951 1977 3990; x_wconf 68' lang='lat' dir='ltr'><strong>cono</strong></span> 
     </span>
    </p>
   </div>
   <div class='ocr_carea' id='block_1_70' title="bbox 387 4023 1978 4094">
    <p class='ocr_par' dir='ltr' id='par_1_70' title="bbox 387 4023 1978 4094">
     <span class='ocr_line' id='line_1_70' title="bbox 387 4023 1978 4094; baseline 0.004 -20"><span class='ocrx_word' id='word_1_534' title='bbox 387 4038 560 4093; x_wconf 88' lang='lat' dir='ltr'><strong>gruus</strong></span> <span class='ocrx_word' id='word_1_535' title='bbox 596 4023 752 4078; x_wconf 89' lang='lat' dir='ltr'><strong>locus</strong></span> <span class='ocrx_word' id='word_1_536' title='bbox 788 4025 877 4077; x_wconf 92' lang='lat' dir='ltr'><strong>ubi</strong></span> <span class='ocrx_word' id='word_1_537' title='bbox 908 4025 973 4077; x_wconf 85' lang='lat' dir='ltr'><strong>ad</strong></span> <span class='ocrx_word' id='word_1_538' title='bbox 1003 4025 1093 4077; x_wconf 86' lang='lat' dir='ltr'><strong>illa</strong></span> <span class='ocrx_word' id='word_1_539' title='bbox 1134 4025 1301 4079; x_wconf 86' lang='lat' dir='ltr'><strong>verba</strong></span> <span class='ocrx_word' id='word_1_540' title='bbox 1333 4035 1652 4094; x_wconf 80' lang='lat' dir='ltr'><strong>perventum</strong></span> <span class='ocrx_word' id='word_1_541' title='bbox 1678 4027 1842 4081; x_wconf 84' lang='lat' dir='ltr'><strong>fuerit</strong></span> <span class='ocrx_word' id='word_1_542' title='bbox 1868 4046 1881 4082; x_wconf 90' lang='lat'><strong>:</strong></span> <span class='ocrx_word' id='word_1_543' title='bbox 1907 4027 1978 4081; x_wconf 85' lang='lat' dir='ltr'><strong>Et</strong></span> 
     </span>
    </p>
   </div>
   <div class='ocr_carea' id='block_1_71' title="bbox 386 4115 1966 4185">
    <p class='ocr_par' dir='ltr' id='par_1_71' title="bbox 386 4115 1966 4185">
     <span class='ocr_line' id='line_1_71' title="bbox 386 4115 1966 4185; baseline 0.004 -19"><span class='ocrx_word' id='word_1_544' title='bbox 386 4123 501 4166; x_wconf 83' lang='lat' dir='ltr'><strong>erat</strong></span> <span class='ocrx_word' id='word_1_545' title='bbox 529 4115 700 4167; x_wconf 83' lang='lat' dir='ltr'><strong>omnis</strong></span> <span class='ocrx_word' id='word_1_546' title='bbox 751 4124 894 4166; x_wconf 84' lang='lat' dir='ltr'><strong>terra</strong></span> <span class='ocrx_word' id='word_1_547' title='bbox 923 4116 1118 4183; x_wconf 74' lang='lat' dir='ltr'><strong>lingua:</strong></span> <span class='ocrx_word' id='word_1_548' title='bbox 1152 4117 1310 4169; x_wconf 80' lang='lat' dir='ltr'><strong>unius</strong></span> <span class='ocrx_word' id='word_1_549' title='bbox 1333 4126 1381 4168; x_wconf 85' lang='lat' dir='ltr'><strong>et</strong></span> <span class='ocrx_word' id='word_1_550' title='bbox 1425 4118 1682 4171; x_wconf 79' lang='lat' dir='ltr'><strong>sermonis</strong></span> <span class='ocrx_word' id='word_1_551' title='bbox 1709 4118 1966 4185; x_wconf 75' lang='lat' dir='ltr'><strong>ejusdem.</strong></span> 
     </span>
    </p>
   </div>
   <div class='ocr_carea' id='block_1_72' title="bbox 387 4204 1977 4276">
    <p class='ocr_par' dir='ltr' id='par_1_72' title="bbox 387 4204 1977 4276">
     <span class='ocr_line' id='line_1_72' title="bbox 387 4204 1977 4276; baseline 0.003 -17"><span class='ocrx_word' id='word_1_552' title='bbox 387 4204 520 4260; x_wconf 80' lang='lat' dir='ltr'><strong>Ideo</strong></span> <span class='ocrx_word' id='word_1_553' title='bbox 562 4206 818 4275; x_wconf 75' lang='lat' dir='ltr'><strong>relinquet</strong></span> <span class='ocrx_word' id='word_1_554' title='bbox 848 4208 928 4259; x_wconf 85' lang='lat' dir='ltr'><strong>vir</strong></span> <span class='ocrx_word' id='word_1_555' title='bbox 970 4218 1173 4274; x_wconf 82' lang='lat' dir='ltr'><strong>patrem</strong></span> <span class='ocrx_word' id='word_1_556' title='bbox 1200 4222 1353 4260; x_wconf 70' lang='lat' dir='ltr'><strong>suum</strong></span> <span class='ocrx_word' id='word_1_557' title='bbox 1385 4216 1433 4260; x_wconf 88' lang='lat' dir='ltr'><strong>et</strong></span> <span class='ocrx_word' id='word_1_558' title='bbox 1462 4217 1681 4261; x_wconf 85' lang='lat' dir='ltr'><strong>matrem</strong></span> <span class='ocrx_word' id='word_1_559' title='bbox 1712 4225 1886 4276; x_wconf 81' lang='lat' dir='ltr'><strong>suam,</strong></span> <span class='ocrx_word' id='word_1_560' title='bbox 1926 4219 1977 4265; x_wconf 84' lang='lat' dir='ltr'><strong>et</strong></span> 
     </span>
    </p>
   </div>
   <div class='ocr_carea' id='block_1_73' title="bbox 387 4297 1974 4368">
    <p class='ocr_par' dir='ltr' id='par_1_73' title="bbox 387 4297 1974 4368">
     <span class='ocr_line' id='line_1_73' title="bbox 387 4297 1974 4368; baseline 0.004 -18"><span class='ocrx_word' id='word_1_561' title='bbox 387 4297 678 4352; x_wconf 70' lang='lat' dir='ltr'><strong>adhaerebit</strong></span> <span class='ocrx_word' id='word_1_562' title='bbox 697 4301 853 4351; x_wconf 76' lang='lat' dir='ltr'><strong>uxori</strong></span> <span class='ocrx_word' id='word_1_563' title='bbox 894 4299 1031 4365; x_wconf 88' lang='lat' dir='ltr'><strong>(sive</strong></span> <span class='ocrx_word' id='word_1_564' title='bbox 1056 4299 1290 4360; x_wconf 84' lang='lat' dir='ltr'><strong>mulieri)</strong></span> <span class='ocrx_word' id='word_1_565' title='bbox 1322 4315 1453 4353; x_wconf 68' lang='lat' dir='ltr'><strong>sum.</strong></span> <span class='ocrx_word' id='word_1_566' title='bbox 1479 4297 1596 4353; x_wconf 84' lang='lat' dir='ltr'><strong>Jam</strong></span> <span class='ocrx_word' id='word_1_567' title='bbox 1628 4301 1886 4368; x_wconf 79' lang='lat' dir='ltr'><strong>diximus,</strong></span> <span class='ocrx_word' id='word_1_568' title='bbox 1909 4317 1974 4357; x_wconf 85' lang='lat' dir='ltr'><strong>ex</strong></span> 
     </span>
    </p>
   </div>
   <div class='ocr_carea' id='block_1_74' title="bbox 388 4389 1974 4465">
    <p class='ocr_par' dir='ltr' id='par_1_74' title="bbox 388 4389 1974 4465">
     <span class='ocr_line' id='line_1_74' title="bbox 388 4389 1974 4465; baseline 0.002 -20"><span class='ocrx_word' id='word_1_569' title='bbox 388 4391 474 4446; x_wconf 87' lang='lat' dir='ltr'><strong>bis</strong></span> <span class='ocrx_word' id='word_1_570' title='bbox 504 4392 679 4446; x_wconf 69' lang='lat' dir='ltr'><strong>verbis</strong></span> <span class='ocrx_word' id='word_1_571' title='bbox 714 4389 871 4446; x_wconf 88' lang='lat' dir='ltr'><strong>facile</strong></span> <span class='ocrx_word' id='word_1_572' title='bbox 898 4391 1147 4461; x_wconf 80' lang='lat' dir='ltr'><strong>intelligi,</strong></span> <span class='ocrx_word' id='word_1_573' title='bbox 1179 4395 1426 4448; x_wconf 91' lang='lat' dir='ltr'><strong>mulieris</strong></span> <span class='ocrx_word' id='word_1_574' title='bbox 1447 4409 1641 4448; x_wconf 91' lang='lat' dir='ltr'><strong>nomen</strong></span> <span class='ocrx_word' id='word_1_575' title='bbox 1665 4409 1695 4448; x_wconf 90' lang='lat' dir='ltr'><strong>a</strong></span> <span class='ocrx_word' id='word_1_576' title='bbox 1734 4395 1974 4465; x_wconf 83' lang='lat' dir='ltr'><strong>legitima</strong></span> 
     </span>
    </p>
   </div>
   <div class='ocr_carea' id='block_1_75' title="bbox 2082 3181 3669 3259">
    <p class='ocr_par' dir='ltr' id='par_1_75' title="bbox 2082 3181 3669 3259">
     <span class='ocr_line' id='line_1_75' title="bbox 2082 3181 3669 3259; baseline 0.006 -27"><span class='ocrx_word' id='word_1_577' title='bbox 2082 3188 2136 3232; x_wconf 89' lang='lat' dir='ltr'><strong>et</strong></span> <span class='ocrx_word' id='word_1_578' title='bbox 2164 3181 2475 3247; x_wconf 87' lang='lat' dir='ltr'><strong>prudentes,</strong></span> <span class='ocrx_word' id='word_1_579' title='bbox 2507 3197 2616 3236; x_wconf 93' lang='lat' dir='ltr'><strong>non</strong></span> <span class='ocrx_word' id='word_1_580' title='bbox 2647 3183 2830 3238; x_wconf 90' lang='lat' dir='ltr'><strong>stolidi</strong></span> <span class='ocrx_word' id='word_1_581' title='bbox 2859 3195 2952 3240; x_wconf 89' lang='lat' dir='ltr'><strong>aut</strong></span> <span class='ocrx_word' id='word_1_582' title='bbox 2982 3184 3236 3240; x_wconf 86' lang='lat' dir='ltr'><strong>inurbani</strong></span> <span class='ocrx_word' id='word_1_583' title='bbox 3261 3203 3277 3252; x_wconf 91' lang='lat'><strong>;</strong></span> <span class='ocrx_word' id='word_1_584' title='bbox 3303 3188 3397 3243; x_wconf 77' lang='lat' dir='ltr'><strong>sed</strong></span> <span class='ocrx_word' id='word_1_585' title='bbox 3419 3188 3540 3243; x_wconf 88' lang='lat' dir='ltr'><strong>ideo</strong></span> <span class='ocrx_word' id='word_1_586' title='bbox 3563 3204 3669 3259; x_wconf 81' lang='lat' dir='ltr'><strong>pu-</strong></span> 
     </span>
    </p>
   </div>
   <div class='ocr_carea' id='block_1_76' title="bbox 2082 3272 3669 3350">
    <p class='ocr_par' dir='ltr' id='par_1_76' title="bbox 2082 3272 3669 3350">
     <span class='ocr_line' id='line_1_76' title="bbox 2082 3272 3669 3350; baseline 0.007 -24"><span class='ocrx_word' id='word_1_587' title='bbox 2082 3272 2216 3326; x_wconf 87' lang='lat' dir='ltr'><strong>dore</strong></span> <span class='ocrx_word' id='word_1_588' title='bbox 2249 3287 2358 3326; x_wconf 90' lang='lat' dir='ltr'><strong>non</strong></span> <span class='ocrx_word' id='word_1_589' title='bbox 2393 3272 2773 3329; x_wconf 78' lang='lat' dir='ltr'><strong>aﬂiciebantur</strong></span> <span class='ocrx_word' id='word_1_590' title='bbox 2797 3277 2874 3330; x_wconf 70' lang='lat' dir='ltr'><strong>de‘</strong></span> <span class='ocrx_word' id='word_1_591' title='bbox 2897 3292 2996 3332; x_wconf 90' lang='lat' dir='ltr'><strong>sua</strong></span> <span class='ocrx_word' id='word_1_592' title='bbox 3021 3279 3288 3346; x_wconf 87' lang='lat' dir='ltr'><strong>nuditate,</strong></span> <span class='ocrx_word' id='word_1_593' title='bbox 3319 3282 3449 3350; x_wconf 83' lang='lat' dir='ltr'><strong>quia</strong></span> <span class='ocrx_word' id='word_1_594' title='bbox 3487 3282 3669 3337; x_wconf 88' lang='lat' dir='ltr'><strong>adhuc</strong></span> 
     </span>
    </p>
   </div>
   <div class='ocr_carea' id='block_1_77' title="bbox 2081 3365 3667 3439">
    <p class='ocr_par' dir='ltr' id='par_1_77' title="bbox 2081 3365 3667 3439">
     <span class='ocr_line' id='line_1_77' title="bbox 2081 3365 3667 3439; baseline 0.007 -24"><span class='ocrx_word' id='word_1_595' title='bbox 2081 3377 2192 3416; x_wconf 83' lang='lat' dir='ltr'><strong>non</strong></span> <span class='ocrx_word' id='word_1_596' title='bbox 2229 3373 2522 3431; x_wconf 80' lang='lat' dir='ltr'><strong>peccarant</strong></span> <span class='ocrx_word' id='word_1_597' title='bbox 2551 3379 2729 3434; x_wconf 88' lang='lat' dir='ltr'><strong>neque</strong></span> <span class='ocrx_word' id='word_1_598' title='bbox 2758 3365 3122 3436; x_wconf 86' lang='lat' dir='ltr'><strong>deliquerant,</strong></span> <span class='ocrx_word' id='word_1_599' title='bbox 3155 3385 3331 3439; x_wconf 89' lang='lat' dir='ltr'><strong>eoque</strong></span> <span class='ocrx_word' id='word_1_600' title='bbox 3364 3372 3510 3426; x_wconf 88' lang='lat' dir='ltr'><strong>nulla</strong></span> <span class='ocrx_word' id='word_1_601' title='bbox 3546 3373 3667 3426; x_wconf 87' lang='lat' dir='ltr'><strong>ani-</strong></span> 
     </span>
    </p>
   </div>
   <div class='ocr_carea' id='block_1_78' title="bbox 2083 3457 3668 3532">
    <p class='ocr_par' dir='ltr' id='par_1_78' title="bbox 2083 3457 3668 3532">
     <span class='ocr_line' id='line_1_78' title="bbox 2083 3457 3668 3532; baseline 0.008 -24"><span class='ocrx_word' id='word_1_602' title='bbox 2083 3468 2234 3508; x_wconf 82' lang='lat' dir='ltr'><strong>mum</strong></span> <span class='ocrx_word' id='word_1_603' title='bbox 2265 3457 2524 3524; x_wconf 76' lang='lat' dir='ltr'><strong>cogitatio</strong></span> <span class='ocrx_word' id='word_1_604' title='bbox 2581 3458 2802 3512; x_wconf 88' lang='lat' dir='ltr'><strong>subibat</strong></span> <span class='ocrx_word' id='word_1_605' title='bbox 2857 3475 2980 3515; x_wconf 89' lang='lat' dir='ltr'><strong>esse</strong></span> <span class='ocrx_word' id='word_1_606' title='bbox 3037 3462 3277 3532; x_wconf 88' lang='lat' dir='ltr'><strong>aliquam</strong></span> <span class='ocrx_word' id='word_1_607' title='bbox 3331 3465 3382 3518; x_wconf 92' lang='lat' dir='ltr'><strong>in</strong></span> <span class='ocrx_word' id='word_1_608' title='bbox 3425 3467 3668 3521; x_wconf 87' lang='lat' dir='ltr'><strong>nuditate</strong></span> 
     </span>
    </p>
   </div>
   <div class='ocr_carea' id='block_1_79' title="bbox 2081 3547 3666 3628">
    <p class='ocr_par' dir='ltr' id='par_1_79' title="bbox 2081 3547 3666 3628">
     <span class='ocr_line' id='line_1_79' title="bbox 2081 3547 3666 3628; baseline 0.008 -28"><span class='ocrx_word' id='word_1_609' title='bbox 2081 3547 2319 3615; x_wconf 88' lang='lat' dir='ltr'><strong>culpam.</strong></span> <span class='ocrx_word' id='word_1_610' title='bbox 2371 3547 2639 3604; x_wconf 81' lang='lat' dir='ltr'><strong>Praeterea</strong></span> <span class='ocrx_word' id='word_1_611' title='bbox 2689 3551 2873 3606; x_wconf 90' lang='lat' dir='ltr'><strong>amicti</strong></span> <span class='ocrx_word' id='word_1_612' title='bbox 2923 3563 3080 3608; x_wconf 89' lang='lat' dir='ltr'><strong>erant</strong></span> <span class='ocrx_word' id='word_1_613' title='bbox 3138 3556 3336 3626; x_wconf 89' lang='lat' dir='ltr'><strong>gloria,</strong></span> <span class='ocrx_word' id='word_1_614' title='bbox 3385 3569 3547 3628; x_wconf 90' lang='lat' dir='ltr'><strong>atque</strong></span> <span class='ocrx_word' id='word_1_615' title='bbox 3582 3559 3666 3614; x_wconf 86' lang='lat' dir='ltr'><strong>id-</strong></span> 
     </span>
    </p>
   </div>
   <div class='ocr_carea' id='block_1_80' title="bbox 2082 3639 3661 3706">
    <p class='ocr_par' dir='ltr' id='par_1_80' title="bbox 2082 3639 3661 3706">
     <span class='ocr_line' id='line_1_80' title="bbox 2082 3639 3661 3706; baseline 0.009 -14"><span class='ocrx_word' id='word_1_616' title='bbox 2082 3639 2233 3696; x_wconf 89' lang='lat' dir='ltr'><strong>circo</strong></span> <span class='ocrx_word' id='word_1_617' title='bbox 2288 3654 2398 3694; x_wconf 90' lang='lat' dir='ltr'><strong>non</strong></span> <span class='ocrx_word' id='word_1_618' title='bbox 2451 3643 2962 3699; x_wconf 84' lang='lat' dir='ltr'><strong>verecundabantur</strong></span> <span class='ocrx_word' id='word_1_619' title='bbox 3021 3665 3036 3700; x_wconf 88' lang='lat'><strong>:</strong></span> <span class='ocrx_word' id='word_1_620' title='bbox 3088 3649 3230 3702; x_wconf 90' lang='lat' dir='ltr'><strong>sicut</strong></span> <span class='ocrx_word' id='word_1_621' title='bbox 3300 3651 3441 3704; x_wconf 89' lang='lat' dir='ltr'><strong>enim</strong></span> <span class='ocrx_word' id='word_1_622' title='bbox 3497 3650 3661 3706; x_wconf 84' lang='lat' dir='ltr'><strong>Mosis</strong></span> 
     </span>
    </p>
   </div>
   <div class='ocr_carea' id='block_1_81' title="bbox 2081 3731 3658 3812">
    <p class='ocr_par' dir='ltr' id='par_1_81' title="bbox 2081 3731 3658 3812">
     <span class='ocr_line' id='line_1_81' title="bbox 2081 3731 3658 3812; baseline 0.006 -26"><span class='ocrx_word' id='word_1_623' title='bbox 2081 3731 2281 3788; x_wconf 85' lang='lat' dir='ltr'><strong>faciem</strong></span> <span class='ocrx_word' id='word_1_624' title='bbox 2342 3735 2514 3804; x_wconf 86' lang='lat' dir='ltr'><strong>gloria</strong></span> <span class='ocrx_word' id='word_1_625' title='bbox 2570 3746 2878 3792; x_wconf 85' lang='lat' dir='ltr'><strong>contectam</strong></span> <span class='ocrx_word' id='word_1_626' title='bbox 2939 3737 3144 3795; x_wconf 89' lang='lat' dir='ltr'><strong>intueri</strong></span> <span class='ocrx_word' id='word_1_627' title='bbox 3208 3758 3314 3796; x_wconf 91' lang='lat' dir='ltr'><strong>non</strong></span> <span class='ocrx_word' id='word_1_628' title='bbox 3370 3754 3658 3812; x_wconf 86' lang='lat' dir='ltr'><strong>potuerunt</strong></span> 
     </span>
    </p>
   </div>
   <div class='ocr_carea' id='block_1_82' title="bbox 2080 3825 3663 3901">
    <p class='ocr_par' dir='ltr' id='par_1_82' title="bbox 2080 3825 3663 3901">
     <span class='ocr_line' id='line_1_82' title="bbox 2080 3825 3663 3901; baseline 0.008 -24"><span class='ocrx_word' id='word_1_629' title='bbox 2080 3825 2343 3880; x_wconf 84' lang='lat' dir='ltr'><strong>lsraelita:</strong></span> <span class='ocrx_word' id='word_1_630' title='bbox 2361 3826 2431 3893; x_wconf 76' lang='grc' dir='ltr'><strong>ὀ,</strong></span> <span class='ocrx_word' id='word_1_631' title='bbox 2448 3837 2501 3881; x_wconf 90' lang='lat' dir='ltr'><strong>et</strong></span> <span class='ocrx_word' id='word_1_632' title='bbox 2521 3837 2578 3882; x_wconf 91' lang='lat' dir='ltr'><strong>ut</strong></span> <span class='ocrx_word' id='word_1_633' title='bbox 2595 3828 2648 3882; x_wconf 92' lang='lat' dir='ltr'><strong>in</strong></span> <span class='ocrx_word' id='word_1_634' title='bbox 2674 3829 2842 3885; x_wconf 87' lang='lat' dir='ltr'><strong>solem</strong></span> <span class='ocrx_word' id='word_1_635' title='bbox 2863 3831 2998 3886; x_wconf 83' lang='lat' dir='ltr'><strong>stola</strong></span> <span class='ocrx_word' id='word_1_636' title='bbox 3018 3833 3202 3901; x_wconf 66' lang='lat' dir='ltr'><strong>gloriae</strong></span> <span class='ocrx_word' id='word_1_637' title='bbox 3223 3838 3478 3889; x_wconf 83' lang='lat' dir='ltr'><strong>vestitum</strong></span> <span class='ocrx_word' id='word_1_638' title='bbox 3505 3851 3663 3889; x_wconf 92' lang='lat' dir='ltr'><strong>mor-</strong></span> 
     </span>
    </p>
   </div>
   <div class='ocr_carea' id='block_1_83' title="bbox 2083 3918 3668 3998">
    <p class='ocr_par' dir='ltr' id='par_1_83' title="bbox 2083 3918 3668 3998">
     <span class='ocr_line' id='line_1_83' title="bbox 2083 3918 3668 3998; baseline 0.008 -26"><span class='ocrx_word' id='word_1_639' title='bbox 2083 3918 2218 3973; x_wconf 80' lang='lat' dir='ltr'><strong>tales</strong></span> <span class='ocrx_word' id='word_1_640' title='bbox 2241 3921 2526 3974; x_wconf 86' lang='lat' dir='ltr'><strong>oculorum</strong></span> <span class='ocrx_word' id='word_1_641' title='bbox 2555 3923 2726 3977; x_wconf 84' lang='lat' dir='ltr'><strong>aciem</strong></span> <span class='ocrx_word' id='word_1_642' title='bbox 2755 3924 3037 3979; x_wconf 87' lang='lat' dir='ltr'><strong>intendere</strong></span> <span class='ocrx_word' id='word_1_643' title='bbox 3064 3939 3371 3995; x_wconf 88' lang='lat' dir='ltr'><strong>nequeunt;</strong></span> <span class='ocrx_word' id='word_1_644' title='bbox 3405 3940 3668 3998; x_wconf 67' lang='lat' dir='ltr'><strong>praetcrea</strong></span> 
     </span>
    </p>
   </div>
   <div class='ocr_carea' id='block_1_84' title="bbox 2081 4014 3665 4094">
    <p class='ocr_par' dir='ltr' id='par_1_84' title="bbox 2081 4014 3665 4094">
     <span class='ocr_line' id='line_1_84' title="bbox 2081 4014 3665 4094; baseline 0.008 -28"><span class='ocrx_word' id='word_1_645' title='bbox 2081 4021 2141 4066; x_wconf 89' lang='lat' dir='ltr'><strong>ut</strong></span> <span class='ocrx_word' id='word_1_646' title='bbox 2177 4028 2380 4083; x_wconf 89' lang='lat' dir='ltr'><strong>corpus</strong></span> <span class='ocrx_word' id='word_1_647' title='bbox 2417 4014 2634 4068; x_wconf 88' lang='lat' dir='ltr'><strong>Domini</strong></span> <span class='ocrx_word' id='word_1_648' title='bbox 2691 4027 3012 4086; x_wconf 88' lang='lat' dir='ltr'><strong>coopertum</strong></span> <span class='ocrx_word' id='word_1_649' title='bbox 3047 4021 3245 4088; x_wconf 87' lang='lat' dir='ltr'><strong>gloria,</strong></span> <span class='ocrx_word' id='word_1_650' title='bbox 3279 4023 3446 4077; x_wconf 88' lang='lat' dir='ltr'><strong>solem</strong></span> <span class='ocrx_word' id='word_1_651' title='bbox 3483 4024 3665 4094; x_wconf 88' lang='lat' dir='ltr'><strong>ipsum</strong></span> 
     </span>
    </p>
   </div>
   <div class='ocr_carea' id='block_1_85' title="bbox 2081 4103 3667 4177">
    <p class='ocr_par' dir='ltr' id='par_1_85' title="bbox 2081 4103 3667 4177">
     <span class='ocr_line' id='line_1_85' title="bbox 2081 4103 3667 4177; baseline 0.008 -20"><span class='ocrx_word' id='word_1_652' title='bbox 2081 4103 2294 4174; x_wconf 84' lang='lat' dir='ltr'><strong>fulgore</strong></span> <span class='ocrx_word' id='word_1_653' title='bbox 2316 4108 2662 4177; x_wconf 83' lang='lat' dir='ltr'><strong>candoreque</strong></span> <span class='ocrx_word' id='word_1_654' title='bbox 2685 4110 2979 4176; x_wconf 74' lang='lat' dir='ltr'><strong>Superabat</strong></span> <span class='ocrx_word' id='word_1_655' title='bbox 3003 4124 3126 4163; x_wconf 91' lang='lat' dir='ltr'><strong>cum</strong></span> <span class='ocrx_word' id='word_1_656' title='bbox 3155 4115 3207 4164; x_wconf 89' lang='lat' dir='ltr'><strong>in</strong></span> <span class='ocrx_word' id='word_1_657' title='bbox 3236 4122 3472 4168; x_wconf 90' lang='lat' dir='ltr'><strong>montem</strong></span> <span class='ocrx_word' id='word_1_658' title='bbox 3498 4131 3556 4168; x_wconf 89' lang='lat' dir='ltr'><strong>se</strong></span> <span class='ocrx_word' id='word_1_659' title='bbox 3581 4131 3667 4169; x_wconf 87' lang='lat' dir='ltr'><strong>re-</strong></span> 
     </span>
    </p>
   </div>
   <div class='ocr_carea' id='block_1_86' title="bbox 2080 4188 3670 4272">
    <p class='ocr_par' dir='ltr' id='par_1_86' title="bbox 2080 4188 3670 4272">
     <span class='ocr_line' id='line_1_86' title="bbox 2080 4188 3670 4272; baseline 0.004 -19"><span class='ocrx_word' id='word_1_660' title='bbox 2080 4199 2316 4267; x_wconf 64' lang='lat' dir='ltr'><strong>cepissd</strong></span> <span class='ocrx_word' id='word_1_661' title='bbox 2359 4200 2477 4264; x_wconf 82' lang='grc'><strong>¹·⁵⁰,</strong></span> <span class='ocrx_word' id='word_1_662' title='bbox 2501 4202 2735 4267; x_wconf 87' lang='lat' dir='ltr'><strong>denique</strong></span> <span class='ocrx_word' id='word_1_663' title='bbox 2762 4211 2823 4255; x_wconf 92' lang='lat' dir='ltr'><strong>ut</strong></span> <span class='ocrx_word' id='word_1_664' title='bbox 2851 4204 3022 4272; x_wconf 89' lang='lat' dir='ltr'><strong>ipsius</strong></span> <span class='ocrx_word' id='word_1_665' title='bbox 3049 4188 3351 4261; x_wconf 85' lang='lat' dir='ltr'><strong>divinitatis</strong></span> <span class='ocrx_word' id='word_1_666' title='bbox 3377 4208 3670 4262; x_wconf 77' lang='lat' dir='ltr'><strong>resumen-</strong></span> 
     </span>
    </p>
   </div>
   <div class='ocr_carea' id='block_1_87' title="bbox 2081 4292 3663 4368">
    <p class='ocr_par' dir='ltr' id='par_1_87' title="bbox 2081 4292 3663 4368">
     <span class='ocr_line' id='line_1_87' title="bbox 2081 4292 3663 4368; baseline 0.009 -26"><span class='ocrx_word' id='word_1_667' title='bbox 2081 4298 2191 4343; x_wconf 86' lang='lat' dir='ltr'><strong>tum</strong></span> <span class='ocrx_word' id='word_1_668' title='bbox 2218 4292 2510 4360; x_wconf 86' lang='lat' dir='ltr'><strong>spectabile</strong></span> <span class='ocrx_word' id='word_1_669' title='bbox 2544 4309 2650 4346; x_wconf 89' lang='lat' dir='ltr'><strong>non</strong></span> <span class='ocrx_word' id='word_1_670' title='bbox 2684 4304 2765 4347; x_wconf 88' lang='lat' dir='ltr'><strong>est</strong></span> <span class='ocrx_word' id='word_1_671' title='bbox 2793 4312 2807 4353; x_wconf 90' lang='lat'><strong>:</strong></span> <span class='ocrx_word' id='word_1_672' title='bbox 2839 4296 2912 4348; x_wconf 84' lang='lat' dir='ltr'><strong>ita</strong></span> <span class='ocrx_word' id='word_1_673' title='bbox 2933 4295 3104 4350; x_wconf 82' lang='lat' dir='ltr'><strong>Adam</strong></span> <span class='ocrx_word' id='word_1_674' title='bbox 3140 4297 3358 4368; x_wconf 89' lang='lat' dir='ltr'><strong>Evaque</strong></span> <span class='ocrx_word' id='word_1_675' title='bbox 3376 4301 3502 4368; x_wconf 89' lang='lat' dir='ltr'><strong>quia</strong></span> <span class='ocrx_word' id='word_1_676' title='bbox 3536 4315 3631 4356; x_wconf 85' lang='lat' dir='ltr'><strong>ves</strong></span> <span class='ocrx_word' id='word_1_677' title='bbox 3652 4333 3663 4341; x_wconf 92' lang='lat'><strong>-</strong></span> 
     </span>
    </p>
   </div>
   <div class='ocr_carea' id='block_1_88' title="bbox 2082 4381 3664 4453">
    <p class='ocr_par' dir='ltr' id='par_1_88' title="bbox 2082 4381 3664 4453">
     <span class='ocr_line' id='line_1_88' title="bbox 2082 4381 3664 4453; baseline 0.01 -20"><span class='ocrx_word' id='word_1_678' title='bbox 2082 4381 2167 4434; x_wconf 90' lang='lat' dir='ltr'><strong>titi</strong></span> <span class='ocrx_word' id='word_1_679' title='bbox 2192 4391 2348 4434; x_wconf 87' lang='lat' dir='ltr'><strong>erant</strong></span> <span class='ocrx_word' id='word_1_680' title='bbox 2374 4382 2564 4450; x_wconf 86' lang='lat' dir='ltr'><strong>gloria,</strong></span> <span class='ocrx_word' id='word_1_681' title='bbox 2585 4384 3271 4453; x_wconf 36' lang='lat' dir='ltr'><strong>nihiljverccundabautur.</strong></span> <span class='ocrx_word' id='word_1_682' title='bbox 3291 4390 3424 4445; x_wconf 87' lang='lat' dir='ltr'><strong>Nam</strong></span> <span class='ocrx_word' id='word_1_683' title='bbox 3446 4395 3664 4449; x_wconf 84' lang='lat' dir='ltr'><strong>nuditas</strong></span> 
     </span>
    </p>
   </div>
   <div class='ocr_carea' id='block_1_89' title="bbox 394 4458 1975 4554">
    <p class='ocr_par' dir='ltr' id='par_1_89' title="bbox 394 4483 1973 4554">
     <span class='ocr_line' id='line_1_89' title="bbox 394 4483 1973 4554; baseline 0.003 -17"><span class='ocrx_word' id='word_1_684' title='bbox 394 4483 788 4553; x_wconf 81' lang='lat' dir='ltr'><strong>conjunctione</strong></span> <span class='ocrx_word' id='word_1_685' title='bbox 809 4499 919 4554; x_wconf 90' lang='lat' dir='ltr'><strong>qua</strong></span> <span class='ocrx_word' id='word_1_686' title='bbox 951 4484 1070 4538; x_wconf 91' lang='lat' dir='ltr'><strong>viro</strong></span> <span class='ocrx_word' id='word_1_687' title='bbox 1101 4485 1344 4539; x_wconf 89' lang='lat' dir='ltr'><strong>sociatur</strong></span> <span class='ocrx_word' id='word_1_688' title='bbox 1365 4525 1380 4549; x_wconf 89' lang='lat'><strong>,</strong></span> <span class='ocrx_word' id='word_1_689' title='bbox 1418 4485 1624 4541; x_wconf 90' lang='lat' dir='ltr'><strong>dictum</strong></span> <span class='ocrx_word' id='word_1_690' title='bbox 1666 4503 1809 4542; x_wconf 90' lang='lat' dir='ltr'><strong>esse.</strong></span> <span class='ocrx_word' id='word_1_691' title='bbox 1839 4488 1973 4542; x_wconf 78' lang='lat' dir='ltr'><strong>Nam</strong></span> 
     </span>
    </p>
   </div>
   <div class='ocr_carea' id='block_1_90' title="bbox 2079 4458 3663 4554">
    <p class='ocr_par' dir='ltr' id='par_1_90' title="bbox 2081 4471 3663 4552">
     <span class='ocr_line' id='line_1_90' title="bbox 2081 4471 3663 4552; baseline 0.008 -26"><span class='ocrx_word' id='word_1_692' title='bbox 2081 4485 2142 4526; x_wconf 86' lang='lat' dir='ltr'><strong>ea</strong></span> <span class='ocrx_word' id='word_1_693' title='bbox 2171 4471 2239 4525; x_wconf 85' lang='lat' dir='ltr'><strong>de</strong></span> <span class='ocrx_word' id='word_1_694' title='bbox 2269 4488 2378 4541; x_wconf 91' lang='lat' dir='ltr'><strong>qua</strong></span> <span class='ocrx_word' id='word_1_695' title='bbox 2416 4475 2504 4528; x_wconf 93' lang='lat' dir='ltr'><strong>hic</strong></span> <span class='ocrx_word' id='word_1_696' title='bbox 2565 4473 2745 4530; x_wconf 79' lang='lat' dir='ltr'><strong>MOses</strong></span> <span class='ocrx_word' id='word_1_697' title='bbox 2777 4479 2910 4547; x_wconf 81' lang='lat' dir='ltr'><strong>agit,</strong></span> <span class='ocrx_word' id='word_1_698' title='bbox 2943 4479 3009 4532; x_wconf 84' lang='lat' dir='ltr'><strong>ad</strong></span> <span class='ocrx_word' id='word_1_699' title='bbox 3061 4489 3266 4536; x_wconf 80' lang='lat' dir='ltr'><strong>vestem</strong></span> <span class='ocrx_word' id='word_1_700' title='bbox 3299 4494 3507 4552; x_wconf 83' lang='lat' dir='ltr'><strong>spectat</strong></span> <span class='ocrx_word' id='word_1_701' title='bbox 3554 4501 3663 4539; x_wconf 87' lang='lat' dir='ltr'><strong>uou</strong></span> 
     </span>
    </p>
   </div>
   <div class='ocr_carea' id='block_1_91' title="bbox 389 4576 1984 4646">
    <p class='ocr_par' dir='ltr' id='par_1_91' title="bbox 389 4576 1984 4646">
     <span class='ocr_line' id='line_1_91' title="bbox 389 4576 1984 4646; baseline 0.003 -17"><span class='ocrx_word' id='word_1_702' title='bbox 389 4589 458 4629; x_wconf 88' lang='lat' dir='ltr'><strong>eo</strong></span> <span class='ocrx_word' id='word_1_703' title='bbox 489 4585 701 4642; x_wconf 84' lang='lat' dir='ltr'><strong>spectat</strong></span> <span class='ocrx_word' id='word_1_704' title='bbox 727 4578 873 4646; x_wconf 91' lang='lat' dir='ltr'><strong>quod</strong></span> <span class='ocrx_word' id='word_1_705' title='bbox 912 4576 1001 4630; x_wconf 87' lang='lat' dir='ltr'><strong>hic</strong></span> <span class='ocrx_word' id='word_1_706' title='bbox 1054 4576 1209 4643; x_wconf 90' lang='lat' dir='ltr'><strong>dicit,</strong></span> <span class='ocrx_word' id='word_1_707' title='bbox 1249 4578 1425 4632; x_wconf 91' lang='lat' dir='ltr'><strong>virum</strong></span> <span class='ocrx_word' id='word_1_708' title='bbox 1477 4579 1547 4633; x_wconf 88' lang='lat' dir='ltr'><strong>ita</strong></span> <span class='ocrx_word' id='word_1_709' title='bbox 1606 4580 1822 4635; x_wconf 87' lang='lat' dir='ltr'><strong>mulieri</strong></span> <span class='ocrx_word' id='word_1_710' title='bbox 1857 4597 1984 4634; x_wconf 89' lang='lat' dir='ltr'><strong>mu-</strong></span> 
     </span>
    </p>
   </div>
   <div class='ocr_carea' id='block_1_92' title="bbox 389 4669 1971 4742">
    <p class='ocr_par' dir='ltr' id='par_1_92' title="bbox 389 4669 1971 4742">
     <span class='ocr_line' id='line_1_92' title="bbox 389 4669 1971 4742; baseline 0.004 -20"><span class='ocrx_word' id='word_1_711' title='bbox 389 4677 544 4722; x_wconf 88' lang='lat' dir='ltr'><strong>tuum</strong></span> <span class='ocrx_word' id='word_1_712' title='bbox 584 4672 862 4724; x_wconf 68' lang='lat' dir='ltr'><strong>coliterere</strong></span> <span class='ocrx_word' id='word_1_713' title='bbox 888 4669 1111 4739; x_wconf 86' lang='lat' dir='ltr'><strong>debere,</strong></span> <span class='ocrx_word' id='word_1_714' title='bbox 1149 4679 1208 4724; x_wconf 92' lang='lat' dir='ltr'><strong>ut</strong></span> <span class='ocrx_word' id='word_1_715' title='bbox 1240 4682 1450 4740; x_wconf 86' lang='lat' dir='ltr'><strong>patrem</strong></span> <span class='ocrx_word' id='word_1_716' title='bbox 1485 4681 1829 4742; x_wconf 89' lang='lat' dir='ltr'><strong>matremque</strong></span> <span class='ocrx_word' id='word_1_717' title='bbox 1869 4673 1971 4728; x_wconf 88' lang='lat' dir='ltr'><strong>sibl</strong></span> 
     </span>
    </p>
   </div>
   <div class='ocr_carea' id='block_1_93' title="bbox 386 4760 1973 4839">
    <p class='ocr_par' dir='ltr' id='par_1_93' title="bbox 386 4760 1973 4839">
     <span class='ocr_line' id='line_1_93' title="bbox 386 4760 1973 4839; baseline 0.003 -28"><span class='ocrx_word' id='word_1_718' title='bbox 386 4775 500 4829; x_wconf 70' lang='lat' dir='ltr'><strong>prae</strong></span> <span class='ocrx_word' id='word_1_719' title='bbox 549 4760 636 4814; x_wconf 88' lang='lat' dir='ltr'><strong>illa</strong></span> <span class='ocrx_word' id='word_1_720' title='bbox 671 4761 1008 4816; x_wconf 87' lang='lat' dir='ltr'><strong>deserendos</strong></span> <span class='ocrx_word' id='word_1_721' title='bbox 1064 4770 1290 4839; x_wconf 83' lang='lat' dir='ltr'><strong>statuat.</strong></span> <span class='ocrx_word' id='word_1_722' title='bbox 1340 4761 1410 4815; x_wconf 82' lang='lat' dir='ltr'><strong>Et</strong></span> <span class='ocrx_word' id='word_1_723' title='bbox 1447 4771 1602 4816; x_wconf 81' lang='lat' dir='ltr'><strong>erunt</strong></span> <span class='ocrx_word' id='word_1_724' title='bbox 1645 4763 1802 4816; x_wconf 77' lang='lat' dir='ltr'><strong>auibo</strong></span> <span class='ocrx_word' id='word_1_725' title='bbox 1847 4777 1973 4816; x_wconf 89' lang='lat' dir='ltr'><strong>caro</strong></span> 
     </span>
    </p>
   </div>
   <div class='ocr_carea' id='block_1_94' title="bbox 385 4851 1966 4910">
    <p class='ocr_par' dir='ltr' id='par_1_94' title="bbox 385 4851 1966 4910">
     <span class='ocr_line' id='line_1_94' title="bbox 385 4851 1966 4910; baseline 0.002 -6"><span class='ocrx_word' id='word_1_726' title='bbox 385 4868 516 4906; x_wconf 82' lang='lat' dir='ltr'><strong>una.</strong></span> <span class='ocrx_word' id='word_1_727' title='bbox 549 4851 734 4908; x_wconf 79' lang='lat' dir='ltr'><strong>Multis</strong></span> <span class='ocrx_word' id='word_1_728' title='bbox 765 4855 943 4908; x_wconf 91' lang='lat' dir='ltr'><strong>modis</strong></span> <span class='ocrx_word' id='word_1_729' title='bbox 971 4856 1054 4908; x_wconf 88' lang='lat' dir='ltr'><strong>vir</strong></span> <span class='ocrx_word' id='word_1_730' title='bbox 1084 4864 1138 4908; x_wconf 89' lang='lat' dir='ltr'><strong>et</strong></span> <span class='ocrx_word' id='word_1_731' title='bbox 1174 4868 1313 4909; x_wconf 83' lang='lat' dir='ltr'><strong>uxor</strong></span> <span class='ocrx_word' id='word_1_732' title='bbox 1352 4871 1460 4909; x_wconf 84' lang='lat' dir='ltr'><strong>una</strong></span> <span class='ocrx_word' id='word_1_733' title='bbox 1487 4869 1616 4910; x_wconf 87' lang='lat' dir='ltr'><strong>caro</strong></span> <span class='ocrx_word' id='word_1_734' title='bbox 1639 4865 1966 4910; x_wconf 88' lang='lat' dir='ltr'><strong>censentur:</strong></span> 
     </span>
    </p>
   </div>
   <div class='ocr_carea' id='block_1_95' title="bbox 383 4945 1970 5014">
    <p class='ocr_par' dir='ltr' id='par_1_95' title="bbox 383 4945 1970 5014">
     <span class='ocr_line' id='line_1_95' title="bbox 383 4945 1970 5014; baseline 0.001 -17"><span class='ocrx_word' id='word_1_735' title='bbox 383 4958 484 5012; x_wconf 86' lang='lat' dir='ltr'><strong>per</strong></span> <span class='ocrx_word' id='word_1_736' title='bbox 510 4945 753 5013; x_wconf 82' lang='lat' dir='ltr'><strong>conjugii</strong></span> <span class='ocrx_word' id='word_1_737' title='bbox 781 4945 1268 5012; x_wconf 86' lang='lat' dir='ltr'><strong>necessitudinem,</strong></span> <span class='ocrx_word' id='word_1_738' title='bbox 1299 4959 1396 5014; x_wconf 90' lang='lat' dir='ltr'><strong>per</strong></span> <span class='ocrx_word' id='word_1_739' title='bbox 1425 4945 1676 4998; x_wconf 88' lang='lat' dir='ltr'><strong>sobolem</strong></span> <span class='ocrx_word' id='word_1_740' title='bbox 1700 4945 1970 4999; x_wconf 89' lang='lat' dir='ltr'><strong>ambobus</strong></span> 
     </span>
    </p>
   </div>
   <div class='ocr_carea' id='block_1_96' title="bbox 307 5037 1972 5108">
    <p class='ocr_par' dir='ltr' id='par_1_96' title="bbox 307 5037 1972 5108">
     <span class='ocr_line' id='line_1_96' title="bbox 307 5037 1972 5108; baseline 0.004 -20"><span class='ocrx_word' id='word_1_741' title='bbox 307 5051 311 5055; x_wconf 68' lang='lat'><strong>‘</strong></span> <span class='ocrx_word' id='word_1_742' title='bbox 384 5049 734 5088; x_wconf 83' lang='lat' dir='ltr'><strong>cOmmunem</strong></span> <span class='ocrx_word' id='word_1_743' title='bbox 757 5053 773 5101; x_wconf 90' lang='lat'><strong>;</strong></span> <span class='ocrx_word' id='word_1_744' title='bbox 801 5037 1036 5105; x_wconf 88' lang='lat' dir='ltr'><strong>denique</strong></span> <span class='ocrx_word' id='word_1_745' title='bbox 1053 5050 1118 5090; x_wconf 88' lang='lat' dir='ltr'><strong>eo</strong></span> <span class='ocrx_word' id='word_1_746' title='bbox 1137 5037 1304 5091; x_wconf 89' lang='lat' dir='ltr'><strong>etiam</strong></span> <span class='ocrx_word' id='word_1_747' title='bbox 1333 5038 1479 5107; x_wconf 88' lang='lat' dir='ltr'><strong>quod</strong></span> <span class='ocrx_word' id='word_1_748' title='bbox 1504 5037 1744 5106; x_wconf 88' lang='lat' dir='ltr'><strong>parentis</strong></span> <span class='ocrx_word' id='word_1_749' title='bbox 1767 5039 1972 5108; x_wconf 82' lang='lat' dir='ltr'><strong>filiique</strong></span> 
     </span>
    </p>
   </div>
   <div class='ocr_carea' id='block_1_97' title="bbox 385 5127 1974 5199">
    <p class='ocr_par' dir='ltr' id='par_1_97' title="bbox 385 5127 1974 5199">
     <span class='ocr_line' id='line_1_97' title="bbox 385 5127 1974 5199; baseline 0.004 -20"><span class='ocrx_word' id='word_1_750' title='bbox 385 5127 528 5180; x_wconf 83' lang='lat' dir='ltr'><strong>ratio</strong></span> <span class='ocrx_word' id='word_1_751' title='bbox 559 5141 625 5181; x_wconf 75' lang='lat' dir='ltr'><strong>ex</strong></span> <span class='ocrx_word' id='word_1_752' title='bbox 661 5127 779 5196; x_wconf 90' lang='lat' dir='ltr'><strong>ipsa</strong></span> <span class='ocrx_word' id='word_1_753' title='bbox 829 5128 1066 5183; x_wconf 86' lang='lat' dir='ltr'><strong>muliere</strong></span> <span class='ocrx_word' id='word_1_754' title='bbox 1103 5129 1338 5199; x_wconf 78' lang='lat' dir='ltr'><strong>pendeat</strong></span> <span class='ocrx_word' id='word_1_755' title='bbox 1374 5138 1539 5198; x_wconf 89' lang='lat' dir='ltr'><strong>atque</strong></span> <span class='ocrx_word' id='word_1_756' title='bbox 1563 5143 1629 5183; x_wconf 84' lang='lat' dir='ltr'><strong>ex</strong></span> <span class='ocrx_word' id='word_1_757' title='bbox 1676 5145 1736 5184; x_wconf 85' lang='lat' dir='ltr'><strong>ea</strong></span> <span class='ocrx_word' id='word_1_758' title='bbox 1767 5132 1974 5185; x_wconf 83' lang='lat' dir='ltr'><strong>consti-</strong></span> 
     </span>
    </p>
   </div>
   <div class='ocr_carea' id='block_1_98' title="bbox 387 5220 1971 5291">
    <p class='ocr_par' dir='ltr' id='par_1_98' title="bbox 387 5220 1971 5291">
     <span class='ocr_line' id='line_1_98' title="bbox 387 5220 1971 5291; baseline 0.002 -20"><span class='ocrx_word' id='word_1_759' title='bbox 387 5227 595 5282; x_wconf 79' lang='lat' dir='ltr'><strong>tuatur,</strong></span> <span class='ocrx_word' id='word_1_760' title='bbox 615 5229 882 5288; x_wconf 88' lang='lat' dir='ltr'><strong>quantum</strong></span> <span class='ocrx_word' id='word_1_761' title='bbox 907 5220 974 5275; x_wconf 91' lang='lat' dir='ltr'><strong>ad</strong></span> <span class='ocrx_word' id='word_1_762' title='bbox 1012 5221 1124 5291; x_wconf 87' lang='lat' dir='ltr'><strong>ipsa</strong></span> <span class='ocrx_word' id='word_1_763' title='bbox 1149 5234 1378 5290; x_wconf 89' lang='lat' dir='ltr'><strong>corpora</strong></span> <span class='ocrx_word' id='word_1_764' title='bbox 1409 5235 1531 5291; x_wconf 70' lang='lat' dir='ltr'><strong>qua:</strong></span> <span class='ocrx_word' id='word_1_765' title='bbox 1551 5223 1971 5291; x_wconf 86' lang='lat' dir='ltr'><strong>progignuntur,</strong></span> 
     </span>
    </p>
   </div>
   <div class='ocr_carea' id='block_1_99' title="bbox 388 5311 1972 5383">
    <p class='ocr_par' dir='ltr' id='par_1_99' title="bbox 388 5311 1972 5383">
     <span class='ocr_line' id='line_1_99' title="bbox 388 5311 1972 5383; baseline 0 -17"><span class='ocrx_word' id='word_1_766' title='bbox 388 5313 652 5381; x_wconf 59' lang='lat' dir='ltr'><strong>pertinet.</strong></span> <span class='ocrx_word' id='word_1_767' title='bbox 685 5311 763 5365; x_wconf 79' lang='lat' dir='ltr'><strong>Ex</strong></span> <span class='ocrx_word' id='word_1_768' title='bbox 795 5313 1074 5366; x_wconf 89' lang='lat' dir='ltr'><strong>connubio</strong></span> <span class='ocrx_word' id='word_1_769' title='bbox 1108 5314 1255 5366; x_wconf 89' lang='lat' dir='ltr'><strong>enim</strong></span> <span class='ocrx_word' id='word_1_770' title='bbox 1291 5312 1394 5366; x_wconf 85' lang='lat' dir='ltr'><strong>viri</strong></span> <span class='ocrx_word' id='word_1_771' title='bbox 1441 5313 1799 5383; x_wconf 86' lang='lat' dir='ltr'><strong>mulierisque</strong></span> <span class='ocrx_word' id='word_1_772' title='bbox 1830 5313 1888 5367; x_wconf 79' lang='lat' dir='ltr'><strong>ﬁt</strong></span> <span class='ocrx_word' id='word_1_773' title='bbox 1916 5322 1972 5367; x_wconf 90' lang='lat' dir='ltr'><strong>ut</strong></span> 
     </span>
    </p>
   </div>
   <div class='ocr_carea' id='block_1_100' title="bbox 389 5399 1972 5472">
    <p class='ocr_par' dir='ltr' id='par_1_100' title="bbox 389 5399 1972 5472">
     <span class='ocr_line' id='line_1_100' title="bbox 389 5399 1972 5472; baseline 0.004 -20"><span class='ocrx_word' id='word_1_774' title='bbox 389 5399 671 5468; x_wconf 89' lang='lat' dir='ltr'><strong>concipiat</strong></span> <span class='ocrx_word' id='word_1_775' title='bbox 708 5400 1002 5470; x_wconf 84' lang='lat' dir='ltr'><strong>pariatqne</strong></span> <span class='ocrx_word' id='word_1_776' title='bbox 1055 5401 1254 5456; x_wconf 90' lang='lat' dir='ltr'><strong>mulier</strong></span> <span class='ocrx_word' id='word_1_777' title='bbox 1289 5419 1302 5455; x_wconf 92' lang='lat'>:</span> <span class='ocrx_word' id='word_1_778' title='bbox 1333 5401 1444 5471; x_wconf 81' lang='lat' dir='ltr'><strong>jam</strong></span> <span class='ocrx_word' id='word_1_779' title='bbox 1474 5417 1605 5457; x_wconf 87' lang='lat' dir='ltr'><strong>vero</strong></span> <span class='ocrx_word' id='word_1_780' title='bbox 1653 5419 1748 5472; x_wconf 85' lang='lat' dir='ltr'><strong>per</strong></span> <span class='ocrx_word' id='word_1_781' title='bbox 1777 5419 1972 5459; x_wconf 85' lang='lat' dir='ltr'><strong>conce-</strong></span> 
     </span>
    </p>
   </div>
   <div class='ocr_carea' id='block_1_101' title="bbox 384 5495 1970 5566">
    <p class='ocr_par' dir='ltr' id='par_1_101' title="bbox 384 5495 1970 5566">
     <span class='ocr_line' id='line_1_101' title="bbox 384 5495 1970 5566; baseline 0.004 -19"><span class='ocrx_word' id='word_1_782' title='bbox 384 5501 535 5562; x_wconf 88' lang='lat' dir='ltr'><strong>ptum</strong></span> <span class='ocrx_word' id='word_1_783' title='bbox 571 5505 903 5566; x_wconf 88' lang='lat' dir='ltr'><strong>partumque</strong></span> <span class='ocrx_word' id='word_1_784' title='bbox 933 5505 1191 5566; x_wconf 84' lang='lat' dir='ltr'><strong>parentes</strong></span> <span class='ocrx_word' id='word_1_785' title='bbox 1227 5507 1282 5552; x_wconf 91' lang='lat' dir='ltr'><strong>et</strong></span> <span class='ocrx_word' id='word_1_786' title='bbox 1309 5495 1402 5550; x_wconf 83' lang='lat' dir='ltr'><strong>filii</strong></span> <span class='ocrx_word' id='word_1_787' title='bbox 1443 5497 1771 5554; x_wconf 75' lang='lat' dir='ltr'><strong>efﬁciuntur.</strong></span> <span class='ocrx_word' id='word_1_788' title='bbox 1799 5496 1970 5553; x_wconf 83' lang='lat' dir='ltr'><strong>Porro</strong></span> 
     </span>
    </p>
   </div>
   <div class='ocr_carea' id='block_1_102' title="bbox 381 5587 1963 5658">
    <p class='ocr_par' dir='ltr' id='par_1_102' title="bbox 381 5587 1963 5658">
     <span class='ocr_line' id='line_1_102' title="bbox 381 5587 1963 5658; baseline 0.004 -20"><span class='ocrx_word' id='word_1_789' title='bbox 381 5596 591 5640; x_wconf 85' lang='lat' dir='ltr'><strong>certum</strong></span> <span class='ocrx_word' id='word_1_790' title='bbox 623 5595 731 5654; x_wconf 87' lang='lat' dir='ltr'><strong>est,</strong></span> <span class='ocrx_word' id='word_1_791' title='bbox 765 5588 1032 5640; x_wconf 82' lang='lat' dir='ltr'><strong>Adamum</strong></span> <span class='ocrx_word' id='word_1_792' title='bbox 1071 5587 1186 5642; x_wconf 71' lang='lat' dir='ltr'><strong>hinc</strong></span> <span class='ocrx_word' id='word_1_793' title='bbox 1212 5589 1378 5642; x_wconf 88' lang='lat' dir='ltr'><strong>verba</strong></span> <span class='ocrx_word' id='word_1_794' title='bbox 1409 5604 1505 5658; x_wconf 89' lang='lat' dir='ltr'><strong>per</strong></span> <span class='ocrx_word' id='word_1_795' title='bbox 1535 5589 1853 5644; x_wconf 86' lang='lat' dir='ltr'><strong>vaticinium</strong></span> <span class='ocrx_word' id='word_1_796' title='bbox 1895 5606 1963 5645; x_wconf 85' lang='lat' dir='ltr'><strong>ex</strong></span> 
     </span>
    </p>
   </div>
   <div class='ocr_carea' id='block_1_103' title="bbox 457 5721 1095 5794">
    <p class='ocr_par' dir='ltr' id='par_1_103' title="bbox 457 5721 1095 5794">
     <span class='ocr_line' id='line_1_103' title="bbox 457 5721 1095 5794; baseline 0.009 -20"><span class='ocrx_word' id='word_1_797' title='bbox 457 5722 502 5751; x_wconf 85' lang='lat'><strong>&quot;</strong></span> <span class='ocrx_word' id='word_1_798' title='bbox 529 5721 549 5774; x_wconf 93' lang='grc'><strong>1</strong></span> <span class='ocrx_word' id='word_1_799' title='bbox 575 5723 702 5778; x_wconf 89' lang='lat' dir='ltr'><strong>Cor.</strong></span> <span class='ocrx_word' id='word_1_800' title='bbox 734 5741 830 5784; x_wconf 86' lang='lat' dir='ltr'><strong>vn.</strong></span> <span class='ocrx_word' id='word_1_801' title='bbox 869 5725 893 5778; x_wconf 78' lang='grc'><strong>1</strong></span> <span class='ocrx_word' id='word_1_802' title='bbox 942 5739 1095 5794; x_wconf 85' lang='lat' dir='ltr'><strong>seqq.</strong></span> 
     </span>
    </p>
   </div>
   <div class='ocr_carea' id='block_1_104' title="bbox 1172 5725 2443 5794">
    <p class='ocr_par' dir='ltr' id='par_1_104' title="bbox 1172 5725 2443 5794">
     <span class='ocr_line' id='line_1_104' title="bbox 1172 5725 2443 5794; baseline 0.002 -13"><span class='ocrx_word' id='word_1_803' title='bbox 1172 5726 1218 5760; x_wconf 82' lang='lat'><strong>&quot;</strong></span> <span class='ocrx_word' id='word_1_804' title='bbox 1250 5725 1442 5783; x_wconf 69' lang='lat' dir='ltr'><strong>Matth.</strong></span> <span class='ocrx_word' id='word_1_805' title='bbox 1471 5743 1560 5783; x_wconf 70' lang='lat' dir='ltr'><strong>ut</strong></span> <span class='ocrx_word' id='word_1_806' title='bbox 1587 5768 1602 5794; x_wconf 94' lang='lat'><strong>,</strong></span> <span class='ocrx_word' id='word_1_807' title='bbox 1636 5727 1690 5794; x_wconf 81' lang='grc' dir='ltr'><strong>ι,</strong></span> <span class='ocrx_word' id='word_1_808' title='bbox 1725 5727 1781 5781; x_wconf 78' lang='lat'><strong>5.</strong></span> <span class='ocrx_word' id='word_1_809' title='bbox 1855 5729 1900 5761; x_wconf 81' lang='grc'><strong>⁹⁹</strong></span> <span class='ocrx_word' id='word_1_810' title='bbox 1933 5728 2103 5782; x_wconf 71' lang='lat' dir='ltr'><strong>Exod.</strong></span> <span class='ocrx_word' id='word_1_811' title='bbox 2147 5743 2326 5793; x_wconf 67' lang='grc' dir='ltr'><strong>ηυγ,</strong></span> <span class='ocrx_word' id='word_1_812' title='bbox 2353 5729 2443 5784; x_wconf 72' lang='grc'><strong>29.</strong></span> 
     </span>
    </p>
   </div>
   <div class='ocr_carea' id='block_1_105' title="bbox 2081 4565 3657 4639">
    <p class='ocr_par' dir='ltr' id='par_1_105' title="bbox 2081 4565 3657 4639">
     <span class='ocr_line' id='line_1_105' title="bbox 2081 4565 3657 4639; baseline 0.007 -20"><span class='ocrx_word' id='word_1_813' title='bbox 2081 4565 2209 4619; x_wconf 85' lang='lat' dir='ltr'><strong>item</strong></span> <span class='ocrx_word' id='word_1_814' title='bbox 2252 4569 2316 4620; x_wconf 86' lang='lat' dir='ltr'><strong>ad</strong></span> <span class='ocrx_word' id='word_1_815' title='bbox 2375 4569 2604 4636; x_wconf 83' lang='lat' dir='ltr'><strong>gloriam</strong></span> <span class='ocrx_word' id='word_1_816' title='bbox 2655 4584 2763 4639; x_wconf 90' lang='lat' dir='ltr'><strong>qua</strong></span> <span class='ocrx_word' id='word_1_817' title='bbox 2821 4571 2986 4624; x_wconf 89' lang='lat' dir='ltr'><strong>etiam</strong></span> <span class='ocrx_word' id='word_1_818' title='bbox 3055 4582 3168 4624; x_wconf 88' lang='lat' dir='ltr'><strong>tum</strong></span> <span class='ocrx_word' id='word_1_819' title='bbox 3210 4577 3444 4629; x_wconf 88' lang='lat' dir='ltr'><strong>contecti</strong></span> <span class='ocrx_word' id='word_1_820' title='bbox 3480 4584 3657 4631; x_wconf 87' lang='lat' dir='ltr'><strong>erant.</strong></span> 
     </span>
    </p>
   </div>
   <div class='ocr_carea' id='block_1_106' title="bbox 2080 4657 3662 4737">
    <p class='ocr_par' dir='ltr' id='par_1_106' title="bbox 2080 4657 3662 4737">
     <span class='ocr_line' id='line_1_106' title="bbox 2080 4657 3662 4737; baseline 0.006 -27"><span class='ocrx_word' id='word_1_821' title='bbox 2080 4657 2310 4726; x_wconf 82' lang='lat' dir='ltr'><strong>Insuper</strong></span> <span class='ocrx_word' id='word_1_822' title='bbox 2370 4667 2454 4712; x_wconf 89' lang='lat' dir='ltr'><strong>est</strong></span> <span class='ocrx_word' id='word_1_823' title='bbox 2515 4660 2605 4713; x_wconf 91' lang='lat' dir='ltr'><strong>ubi</strong></span> <span class='ocrx_word' id='word_1_824' title='bbox 2683 4662 2900 4716; x_wconf 80' lang='lat' dir='ltr'><strong>auditas</strong></span> <span class='ocrx_word' id='word_1_825' title='bbox 2972 4663 3197 4731; x_wconf 85' lang='lat' dir='ltr'><strong>pudoris</strong></span> <span class='ocrx_word' id='word_1_826' title='bbox 3289 4679 3510 4720; x_wconf 80' lang='lat' dir='ltr'><strong>sensum</strong></span> <span class='ocrx_word' id='word_1_827' title='bbox 3563 4683 3662 4737; x_wconf 81' lang='lat' dir='ltr'><strong>ge-</strong></span> 
     </span>
    </p>
   </div>
   <div class='ocr_carea' id='block_1_107' title="bbox 2083 4752 3665 4827">
    <p class='ocr_par' dir='ltr' id='par_1_107' title="bbox 2083 4752 3665 4827">
     <span class='ocr_line' id='line_1_107' title="bbox 2083 4752 3665 4827; baseline 0.004 -24"><span class='ocrx_word' id='word_1_828' title='bbox 2083 4759 2278 4815; x_wconf 90' lang='lat' dir='ltr'><strong>neret;</strong></span> <span class='ocrx_word' id='word_1_829' title='bbox 2310 4761 2396 4803; x_wconf 88' lang='lat' dir='ltr'><strong>est</strong></span> <span class='ocrx_word' id='word_1_830' title='bbox 2446 4752 2614 4805; x_wconf 88' lang='lat' dir='ltr'><strong>etiam</strong></span> <span class='ocrx_word' id='word_1_831' title='bbox 2667 4753 2758 4806; x_wconf 89' lang='lat' dir='ltr'><strong>ubi</strong></span> <span class='ocrx_word' id='word_1_832' title='bbox 2815 4753 2964 4806; x_wconf 90' lang='lat' dir='ltr'><strong>nulla</strong></span> <span class='ocrx_word' id='word_1_833' title='bbox 3017 4755 3361 4810; x_wconf 70' lang='lat' dir='ltr'><strong>verecundiae</strong></span> <span class='ocrx_word' id='word_1_834' title='bbox 3407 4758 3665 4827; x_wconf 82' lang='lat' dir='ltr'><strong>cogitatio</strong></span> 
     </span>
    </p>
   </div>
   <div class='ocr_carea' id='block_1_108' title="bbox 2081 4842 3663 4919">
    <p class='ocr_par' dir='ltr' id='par_1_108' title="bbox 2081 4842 3663 4919">
     <span class='ocr_line' id='line_1_108' title="bbox 2081 4842 3663 4919; baseline 0.006 -25"><span class='ocrx_word' id='word_1_835' title='bbox 2081 4842 2328 4896; x_wconf 78' lang='lat' dir='ltr'><strong>aiiimum</strong></span> <span class='ocrx_word' id='word_1_836' title='bbox 2363 4843 2434 4897; x_wconf 90' lang='lat' dir='ltr'><strong>ob</strong></span> <span class='ocrx_word' id='word_1_837' title='bbox 2462 4845 2760 4899; x_wconf 90' lang='lat' dir='ltr'><strong>nuditatem</strong></span> <span class='ocrx_word' id='word_1_838' title='bbox 2793 4849 3006 4902; x_wconf 84' lang='lat' dir='ltr'><strong>subeat.</strong></span> <span class='ocrx_word' id='word_1_839' title='bbox 3038 4847 3187 4903; x_wconf 89' lang='lat' dir='ltr'><strong>Illius</strong></span> <span class='ocrx_word' id='word_1_840' title='bbox 3227 4853 3533 4919; x_wconf 48' lang='lat' dir='ltr'><strong>exen‘iplum</strong></span> <span class='ocrx_word' id='word_1_841' title='bbox 3569 4851 3663 4904; x_wconf 81' lang='lat' dir='ltr'><strong>Ita-</strong></span> 
     </span>
    </p>
   </div>
   <div class='ocr_carea' id='block_1_109' title="bbox 2080 4935 3663 5011">
    <p class='ocr_par' dir='ltr' id='par_1_109' title="bbox 2080 4935 3663 5011">
     <span class='ocr_line' id='line_1_109' title="bbox 2080 4935 3663 5011; baseline 0.004 -23"><span class='ocrx_word' id='word_1_842' title='bbox 2080 4935 2277 4989; x_wconf 81' lang='lat' dir='ltr'><strong>bemus</strong></span> <span class='ocrx_word' id='word_1_843' title='bbox 2306 4936 2360 4988; x_wconf 91' lang='lat' dir='ltr'><strong>in</strong></span> <span class='ocrx_word' id='word_1_844' title='bbox 2392 4936 2604 4990; x_wconf 83' lang='lat' dir='ltr'><strong>Adamo</strong></span> <span class='ocrx_word' id='word_1_845' title='bbox 2645 4948 2810 5008; x_wconf 89' lang='lat' dir='ltr'><strong>atque</strong></span> <span class='ocrx_word' id='word_1_846' title='bbox 2843 4938 3087 5009; x_wconf 84' lang='lat' dir='ltr'><strong>Eva,qui</strong></span> <span class='ocrx_word' id='word_1_847' title='bbox 3135 4951 3494 5011; x_wconf 84' lang='lat' dir='ltr'><strong>posteaquam</strong></span> <span class='ocrx_word' id='word_1_848' title='bbox 3528 4942 3663 4995; x_wconf 61' lang='lat' dir='ltr'><strong>dili-</strong></span> 
     </span>
    </p>
   </div>
   <div class='ocr_carea' id='block_1_110' title="bbox 2080 5029 3661 5105">
    <p class='ocr_par' dir='ltr' id='par_1_110' title="bbox 2080 5029 3661 5105">
     <span class='ocr_line' id='line_1_110' title="bbox 2080 5029 3661 5105; baseline 0.004 -24"><span class='ocrx_word' id='word_1_849' title='bbox 2080 5029 2350 5098; x_wconf 87' lang='lat' dir='ltr'><strong>quissent,</strong></span> <span class='ocrx_word' id='word_1_850' title='bbox 2375 5033 2764 5086; x_wconf 75' lang='lat' dir='ltr'><strong>existimabant</strong></span> <span class='ocrx_word' id='word_1_851' title='bbox 2787 5049 2942 5088; x_wconf 87' lang='lat' dir='ltr'><strong>suam</strong></span> <span class='ocrx_word' id='word_1_852' title='bbox 2969 5034 3074 5088; x_wconf 93' lang='lat' dir='ltr'><strong>sibi</strong></span> <span class='ocrx_word' id='word_1_853' title='bbox 3134 5035 3431 5089; x_wconf 91' lang='lat' dir='ltr'><strong>nuditatem</strong></span> <span class='ocrx_word' id='word_1_854' title='bbox 3466 5035 3661 5105; x_wconf 88' lang='lat' dir='ltr'><strong>pudori</strong></span> 
     </span>
    </p>
   </div>
   <div class='ocr_carea' id='block_1_111' title="bbox 2082 5120 3665 5195">
    <p class='ocr_par' dir='ltr' id='par_1_111' title="bbox 2082 5120 3665 5195">
     <span class='ocr_line' id='line_1_111' title="bbox 2082 5120 3665 5195; baseline 0.003 -21"><span class='ocrx_word' id='word_1_855' title='bbox 2082 5135 2203 5175; x_wconf 85' lang='lat' dir='ltr'><strong>esse</strong></span> <span class='ocrx_word' id='word_1_856' title='bbox 2219 5120 2419 5176; x_wconf 87' lang='lat' dir='ltr'><strong>debere</strong></span> <span class='ocrx_word' id='word_1_857' title='bbox 2443 5140 2457 5188; x_wconf 91' lang='lat'><strong>;</strong></span> <span class='ocrx_word' id='word_1_858' title='bbox 2485 5123 2646 5192; x_wconf 88' lang='lat' dir='ltr'><strong>hujus</strong></span> <span class='ocrx_word' id='word_1_859' title='bbox 2667 5140 2796 5179; x_wconf 89' lang='lat' dir='ltr'><strong>vero</strong></span> <span class='ocrx_word' id='word_1_860' title='bbox 2823 5126 2875 5178; x_wconf 92' lang='lat' dir='ltr'><strong>in</strong></span> <span class='ocrx_word' id='word_1_861' title='bbox 2913 5126 3176 5195; x_wconf 89' lang='lat' dir='ltr'><strong>puerulis,</strong></span> <span class='ocrx_word' id='word_1_862' title='bbox 3196 5141 3334 5195; x_wconf 90' lang='lat' dir='ltr'><strong>quos</strong></span> <span class='ocrx_word' id='word_1_863' title='bbox 3349 5127 3478 5179; x_wconf 88' lang='lat' dir='ltr'><strong>nihil</strong></span> <span class='ocrx_word' id='word_1_864' title='bbox 3496 5129 3665 5195; x_wconf 90' lang='lat' dir='ltr'><strong>pudet</strong></span> 
     </span>
    </p>
   </div>
   <div class='ocr_carea' id='block_1_112' title="bbox 2079 5213 3662 5284">
    <p class='ocr_par' dir='ltr' id='par_1_112' title="bbox 2079 5213 3662 5284">
     <span class='ocr_line' id='line_1_112' title="bbox 2079 5213 3662 5284; baseline 0.003 -21"><span class='ocrx_word' id='word_1_865' title='bbox 2079 5224 2204 5265; x_wconf 82' lang='lat' dir='ltr'><strong>esse</strong></span> <span class='ocrx_word' id='word_1_866' title='bbox 2238 5213 2452 5278; x_wconf 88' lang='lat' dir='ltr'><strong>nudos;</strong></span> <span class='ocrx_word' id='word_1_867' title='bbox 2491 5215 2632 5267; x_wconf 87' lang='lat' dir='ltr'><strong>idem</strong></span> <span class='ocrx_word' id='word_1_868' title='bbox 2688 5215 2906 5280; x_wconf 87' lang='lat' dir='ltr'><strong>accidit,</strong></span> <span class='ocrx_word' id='word_1_869' title='bbox 2968 5229 3094 5269; x_wconf 78' lang='lat' dir='ltr'><strong>cam</strong></span> <span class='ocrx_word' id='word_1_870' title='bbox 3127 5232 3212 5270; x_wconf 90' lang='lat' dir='ltr'><strong>res</strong></span> <span class='ocrx_word' id='word_1_871' title='bbox 3255 5218 3368 5284; x_wconf 77' lang='lat' dir='ltr'><strong>ipsa</strong></span> <span class='ocrx_word' id='word_1_872' title='bbox 3400 5219 3662 5284; x_wconf 62' lang='lat' dir='ltr'><strong>pudorun</strong></span> 
     </span>
    </p>
   </div>
   <div class='ocr_carea' id='block_1_113' title="bbox 2083 5303 3665 5376">
    <p class='ocr_par' dir='ltr' id='par_1_113' title="bbox 2083 5303 3665 5376">
     <span class='ocr_line' id='line_1_113' title="bbox 2083 5303 3665 5376; baseline 0.002 -21"><span class='ocrx_word' id='word_1_873' title='bbox 2083 5303 2138 5356; x_wconf 88' lang='lat' dir='ltr'><strong>in</strong></span> <span class='ocrx_word' id='word_1_874' title='bbox 2169 5319 2228 5357; x_wconf 85' lang='lat' dir='ltr'><strong>se</strong></span> <span class='ocrx_word' id='word_1_875' title='bbox 2281 5303 2486 5358; x_wconf 90' lang='lat' dir='ltr'><strong>nullum</strong></span> <span class='ocrx_word' id='word_1_876' title='bbox 2550 5305 2731 5372; x_wconf 84' lang='lat' dir='ltr'><strong>habet,</strong></span> <span class='ocrx_word' id='word_1_877' title='bbox 2783 5307 2949 5360; x_wconf 89' lang='lat' dir='ltr'><strong>veluti</strong></span> <span class='ocrx_word' id='word_1_878' title='bbox 2989 5322 3117 5361; x_wconf 90' lang='lat' dir='ltr'><strong>cum</strong></span> <span class='ocrx_word' id='word_1_879' title='bbox 3161 5309 3285 5376; x_wconf 85' lang='lat' dir='ltr'><strong>quis</strong></span> <span class='ocrx_word' id='word_1_880' title='bbox 3329 5315 3562 5366; x_wconf 87' lang='lat' dir='ltr'><strong>secreto.</strong></span> <span class='ocrx_word' id='word_1_881' title='bbox 3612 5315 3665 5359; x_wconf 85' lang='lat' dir='ltr'><strong>et</strong></span> 
     </span>
    </p>
   </div>
   <div class='ocr_carea' id='block_1_114' title="bbox 2081 5396 3661 5467">
    <p class='ocr_par' dir='ltr' id='par_1_114' title="bbox 2081 5396 3661 5467">
     <span class='ocr_line' id='line_1_114' title="bbox 2081 5396 3661 5467; baseline -0.003 -16"><span class='ocrx_word' id='word_1_882' title='bbox 2081 5399 2287 5465; x_wconf 82' lang='lat' dir='ltr'><strong>absque</strong></span> <span class='ocrx_word' id='word_1_883' title='bbox 2339 5397 2590 5459; x_wconf 84' lang='lat' dir='ltr'><strong>testibus,</strong></span> <span class='ocrx_word' id='word_1_884' title='bbox 2643 5413 2701 5453; x_wconf 86' lang='lat' dir='ltr'><strong>se</strong></span> <span class='ocrx_word' id='word_1_885' title='bbox 2724 5397 2968 5453; x_wconf 86' lang='lat' dir='ltr'><strong>vestibus</strong></span> <span class='ocrx_word' id='word_1_886' title='bbox 2996 5399 3197 5467; x_wconf 61' lang='lat' dir='ltr'><strong>exuit;</strong></span> <span class='ocrx_word' id='word_1_887' title='bbox 3255 5397 3314 5450; x_wconf 88' lang='lat' dir='ltr'><strong>tit</strong></span> <span class='ocrx_word' id='word_1_888' title='bbox 3358 5396 3460 5451; x_wconf 90' lang='lat' dir='ltr'><strong>hoc</strong></span> <span class='ocrx_word' id='word_1_889' title='bbox 3497 5396 3661 5450; x_wconf 86' lang='lat' dir='ltr'><strong>etiam</strong></span> 
     </span>
    </p>
   </div>
   <div class='ocr_carea' id='block_1_115' title="bbox 2080 5489 3663 5564">
    <p class='ocr_par' dir='ltr' id='par_1_115' title="bbox 2080 5489 3663 5564">
     <span class='ocr_line' id='line_1_115' title="bbox 2080 5489 3663 5564; baseline -0.003 -18"><span class='ocrx_word' id='word_1_890' title='bbox 2080 5493 2240 5564; x_wconf 82' lang='lat' dir='ltr'><strong>longa</strong></span> <span class='ocrx_word' id='word_1_891' title='bbox 2279 5493 2680 5548; x_wconf 83' lang='lat' dir='ltr'><strong>consuetudine</strong></span> <span class='ocrx_word' id='word_1_892' title='bbox 2723 5493 3010 5564; x_wconf 86' lang='lat' dir='ltr'><strong>magistra,</strong></span> <span class='ocrx_word' id='word_1_893' title='bbox 3059 5492 3204 5546; x_wconf 87' lang='lat' dir='ltr'><strong>sicut</strong></span> <span class='ocrx_word' id='word_1_894' title='bbox 3241 5491 3309 5546; x_wconf 89' lang='lat' dir='ltr'><strong>iis</strong></span> <span class='ocrx_word' id='word_1_895' title='bbox 3358 5490 3542 5544; x_wconf 89' lang='lat' dir='ltr'><strong>evenit</strong></span> <span class='ocrx_word' id='word_1_896' title='bbox 3571 5489 3663 5558; x_wconf 91' lang='lat' dir='ltr'><strong>qui</strong></span> 
     </span>
    </p>
   </div>
   <div class='ocr_carea' id='block_1_116' title="bbox 2084 5581 3663 5654">
    <p class='ocr_par' dir='ltr' id='par_1_116' title="bbox 2084 5581 3663 5654">
     <span class='ocr_line' id='line_1_116' title="bbox 2084 5581 3663 5654; baseline -0.003 -15"><span class='ocrx_word' id='word_1_897' title='bbox 2084 5586 2306 5642; x_wconf 83' lang='lat' dir='ltr'><strong>assidue</strong></span> <span class='ocrx_word' id='word_1_898' title='bbox 2341 5587 2394 5640; x_wconf 91' lang='lat' dir='ltr'><strong>in</strong></span> <span class='ocrx_word' id='word_1_899' title='bbox 2424 5586 2635 5641; x_wconf 89' lang='lat' dir='ltr'><strong>balneis</strong></span> <span class='ocrx_word' id='word_1_900' title='bbox 2666 5586 2795 5641; x_wconf 88' lang='lat' dir='ltr'><strong>nudi</strong></span> <span class='ocrx_word' id='word_1_901' title='bbox 2846 5595 3156 5642; x_wconf 88' lang='lat' dir='ltr'><strong>versantur.</strong></span> <span class='ocrx_word' id='word_1_902' title='bbox 3191 5582 3434 5654; x_wconf 85' lang='lat' dir='ltr'><strong>Denique</strong></span> <span class='ocrx_word' id='word_1_903' title='bbox 3460 5581 3549 5635; x_wconf 87' lang='lat' dir='ltr'><strong>ubi</strong></span> <span class='ocrx_word' id='word_1_904' title='bbox 3587 5586 3663 5640; x_wconf 84' lang='lat' dir='ltr'><strong>rei</strong></span> 
     </span>
    </p>
   </div>
   <div class='ocr_carea' id='block_1_117' title="bbox 2545 5727 3251 5797">
    <p class='ocr_par' dir='ltr' id='par_1_117' title="bbox 2545 5727 3251 5797">
     <span class='ocr_line' id='line_1_117' title="bbox 2545 5727 3251 5797; baseline 0.051 -36"><span class='ocrx_word' id='word_1_905' title='bbox 2545 5729 2638 5761; x_wconf 73' lang='lat' dir='ltr'><strong>uo</strong></span> <span class='ocrx_word' id='word_1_906' title='bbox 2660 5728 2844 5786; x_wconf 65' lang='lat' dir='ltr'><strong>Manli.</strong></span> <span class='ocrx_word' id='word_1_907' title='bbox 2880 5743 3010 5794; x_wconf 83' lang='lat' dir='ltr'><strong>xvtt.</strong></span> <span class='ocrx_word' id='word_1_908' title='bbox 3037 5727 3056 5782; x_wconf 77' lang='grc' dir='ltr'><strong>Ι</strong></span> <span class='ocrx_word' id='word_1_909' title='bbox 3096 5739 3251 5797; x_wconf 60' lang='lat' dir='ltr'><strong>seut!-</strong></span> 
     </span>
    </p>
   </div>
   <div class='ocr_carea' id='block_1_118' title="bbox 467 5810 2668 5891">
    <p class='ocr_par' dir='ltr' id='par_1_118' title="bbox 467 5810 2668 5891">
     <span class='ocr_line' id='line_1_118' title="bbox 467 5810 2668 5891; baseline 0.001 -17"><span class='ocrx_word' id='word_1_910' title='bbox 467 5810 584 5874; x_wconf 70' lang='grc'><strong>(19)</strong></span> <span class='ocrx_word' id='word_1_911' title='bbox 613 5813 708 5872; x_wconf 78' lang='grc' dir='ltr'><strong>νει</strong></span> <span class='ocrx_word' id='word_1_912' title='bbox 735 5818 782 5874; x_wconf 86' lang='lat' dir='ltr'><strong>si</strong></span> <span class='ocrx_word' id='word_1_913' title='bbox 815 5816 1045 5876; x_wconf 83' lang='lat' dir='ltr'><strong>Latinus</strong></span> <span class='ocrx_word' id='word_1_914' title='bbox 1077 5820 1261 5878; x_wconf 88' lang='lat' dir='ltr'><strong>virum</strong></span> <span class='ocrx_word' id='word_1_915' title='bbox 1304 5821 1452 5880; x_wconf 77' lang='lat' dir='ltr'><strong>dicat</strong></span> <span class='ocrx_word' id='word_1_916' title='bbox 1498 5821 1813 5887; x_wconf 80' lang='lat' dir='ltr'><strong>hominem;</strong></span> <span class='ocrx_word' id='word_1_917' title='bbox 1855 5823 2143 5878; x_wconf 86' lang='lat' dir='ltr'><strong>mulierem</strong></span> <span class='ocrx_word' id='word_1_918' title='bbox 2178 5838 2329 5891; x_wconf 80' lang='lat' dir='ltr'><strong>vero,</strong></span> <span class='ocrx_word' id='word_1_919' title='bbox 2365 5822 2668 5880; x_wconf 84' lang='lat' dir='ltr'><strong>hominem.</strong></span> 
     </span>
    </p>
   </div>
  </div>
