4086 6412
366 335 477 404 529

1502 331 1600 391 DE
1643 328 2041 390 PARADISO.
2084 352 2150 361 -—
2196 325 2388 383 PARS
2428 324 2472 381 l.

3526 313 3629 374 550

365 446 674 504 necessitas
708 441 953 515 qumdam
1023 440 1310 503 incumbit,
1342 438 1507 495 veluti
1533 439 1579 493 si
1609 438 1734 508 quis
1772 437 1952 491 ulcere

2078 468 2141 507 ex
2177 463 2339 515 esset,
2398 460 2561 521 atque
2617 448 2743 503 inde
2799 457 3015 517 captato
3039 446 3256 501 [λιιι-ιηιῑ
3312 458 3641 513 argumento

364 539 575 593 laboret
607 537 661 590 in
694 550 757 589 ea
790 534 1039 603 corporis
1073 541 1227 602 parte
1272 546 1435 600 quam
1487 530 1689 599 alioqui
1744 530 1952 594 absque

366 632 580 703 pudere
611 644 720 682 non
747 636 989 694 relegat;
1016 625 1131 695 ipsa
1159 635 1338 678 tamen
1356 623 1680 677 necessitate
1701 622 1950 682 adactus,

365 736 487 776 eam
534 728 703 775 erute
749 717 977 785 pudore,
1022 715 1231 769 medico
1271 714 1463 784 aperit.
1506 710 1652 765 Duas
1693 709 1853 779 igitur
1881 708 1952 760 ob

370 830 457 867 res
490 828 598 866 non
639 807 1152 864 rerecundabantur
1186 807 1357 860 Adam
1382 815 1435 858 et
1470 804 1575 857 Eva
1608 818 1731 856 cum
1770 808 1957 854 essent

362 907 529 973 nudi;
568 915 619 958 et
659 904 786 972 quia
835 901 1018 956 amicti
1074 908 1229 954 erant
1268 899 1462 966 gloria,
1512 907 1567 950 ct
1594 896 1722 965 quia
1771 892 1952 947 adhuc

360 1014 474 1055 non
507 997 877 1067 deliquerant.
904 993 1040 1047 Nam
1083 1002 1145 1046 et
1176 992 1229 1045 itt
1264 994 1442 1044 futuro
1475 988 1683 1043 ntundo
1705 988 1953 1043 sublatus

363 1090 472 1144 erit
505 1089 687 1143 omnis
723 1086 900 1156 pudor
947 1100 1014 1138 ex
1062 1082 1398 1147 hominibus,
1448 1082 1542 1151 qui
1594 1096 1658 1134 ex
1706 1082 1955 1133 nuditate

360 1182 542 1253 possit
570 1178 756 1250 gigni;
814 1188 928 1231 tum
960 1176 1087 1245 quia
1119 1174 1298 1229 vestiti
1359 1184 1521 1228 erunt
1576 1173 1750 1241 gloria
1803 1171 1952 1240 quali

360 1286 484 1330 erat
514 1274 741 1326 indutus
782 1270 1023 1323 Adamus
1057 1279 1221 1337 atque
1280 1265 1454 1335 ipsius
1486 1280 1624 1318 uxor
1660 1263 1769 1317 Eva
1813 1263 1955 1316 itttcr

360 1370 595 1425 arbores
625 1374 920 1436 antequam
960 1363 1255 1418 violassent
1278 1363 1594 1415 mandatum
1622 1377 1638 1427 ;
1672 1370 1787 1413 tum
1820 1359 1948 1427 quia

370 1462 489 1531 ipsa
517 1460 748 1529 pudoris
796 1472 984 1517 causa,
1016 1464 1298 1525 peccatum
1330 1452 1659 1508 dissolutum
1695 1453 1799 1506 erit
1828 1451 1953 1504 irri-

362 1564 614 1622 tamque.
667 1550 935 1602 Caeterum
992 1549 1150 1601 divus
1207 1546 1383 1602 Moses
1428 1546 1557 1600 dum
1612 1552 1950 1614 perseverat,

365 1644 638 1700 Atlantem
715 1640 992 1709 Erantque
1056 1640 1193 1693 nihil
1250 1639 1513 1709 puduisse
1575 1654 1692 1693 sua:
1736 1638 1953 1692 nudita-

368 1738 439 1791 tis
474 1735 585 1806 (20)
618 1753 631 1789 :
658 1733 869 1787 conlert
898 1734 947 1787 id
984 1734 1243 1786 smculttm
1274 1747 1381 1801 quo
1410 1747 1471 1785 ea
1501 1732 1799 1796 scribebat,
1826 1746 1950 1786 cum

378 1845 444 1882 eo
463 1843 567 1897 quo
618 1826 693 1880 illi
726 1824 878 1880 fuere
909 1826 1176 1894 procreati
1205 1839 1235 1878 a
1270 1824 1402 1887 Deo,
1430 1823 1586 1894 quasi
1617 1825 1762 1879 dicat
1795 1841 1811 1879 :
1840 1822 1954 1877 Non

389 1934 447 1976 ut
471 1925 573 1990 iam
603 1921 801 1975 videtis
824 1919 1075 1973 homines
1104 1919 1174 1972 eb
1223 1918 1523 1972 nuditatem
1550 1917 1760 1988 pudore
1792 1915 1957 1983 allici,

385 2018 455 2069 ita
485 2015 695 2068 Adame
728 2012 961 2080 Ermque
1016 2011 1244 2075 accidit;
1286 2026 1460 2079 neque
1514 2012 1662 2071 enim
1701 2011 1823 2065 illos
1859 2026 1961 2079 pu-

373 2105 491 2158 duit
518 2104 591 2157 ob
621 2103 761 2157 duas
796 2118 915 2171 qute
947 2102 1105 2156 dictae
1159 2101 1273 2172 jam
1310 2112 1434 2156 sunt
1491 2104 1752 2158 rationes.
1786 2101 1961 2157 Porro

370 2198 621 2252 absolute
651 2211 903 2251 sermone
944 2195 1012 2250 de
1055 2204 1240 2249 creato
1286 2196 1499 2250 Adatno
1530 2194 1774 2266 Evaque,
1807 2206 1862 2252 et
1896 2183 1963 2253 de

372 2292 495 2341 vita
528 2288 773 2356 ipsorum
812 2288 1083 2350 institute,
1114 2286 1288 2356 pergit
1321 2286 1480 2341 divus
1507 2286 1684 2344 Moses
1713 2304 1961 2343 comme-

373 2393 593 2432 morare
621 2376 867 2431 [tandem
892 2392 999 2446 qua
1031 2375 1239 2430 seducti
1269 2386 1399 2430 sunt
1433 2394 1461 2429 a
1494 2387 1663 2440 recte,
1698 2380 1961 2434 nimirunt

376 2482 434 2525 ut
463 2488 568 2525 nos
600 2471 795 2525 deccat
818 2485 883 2524 ex
916 2478 1121 2539 quanta
1163 2469 1412 2524 libertate
1459 2470 1511 2524 itt
1548 2487 1710 2539 quam
1743 2488 1962 2542 gravem

371 2561 583 2629 delapsi
646 2563 962 2614 servitutem
1042 2573 1136 2627 per
1198 2568 1505 2629 peceatum,
1555 2562 1855 2629 inquiens:
1899 2564 1966 2615 lat

373 2668 591 2720 serpens
623 2652 853 2703 astutier
902 2659 1016 2703 erat
1052 2652 1196 2705 omni
1247 2650 1413 2706 bestia
1448 2655 1601 2721 agri,
1639 2670 1799 2723 quam
1844 2656 1969 2723 e/fe—

375 2754 520 2797 errat
563 2745 821 2796 Dominus
880 2742 1043 2798 Deus.
1092 2741 1233 2797 Num
1277 2746 1343 2798 de
1377 2756 1668 2813 corporale
1716 2757 1969 2816 serpente

384 2837 472 2890 hic
506 2847 635 2903 agat
683 2839 843 2889 divus
875 2834 1077 2899 Moses,
1108 2850 1175 2887 an
1206 2850 1335 2890 vero
1364 2835 1432 2889 de
1486 2835 1689 2891 Satana
1731 2838 1823 2905 qui
1855 2854 1973 2893 sero

377 2929 533 2998 penti
559 2928 758 2983 similis
780 2929 1131 2999 apparuerit;
1161 2939 1239 2993 et,
1271 2928 1317 2981 si
1346 2927 1577 2983 Satanas
1619 2930 1671 2985 in
1701 2934 1971 2998 serpentis

376 3037 582 3091 corpus
607 3038 665 3076 se
695 3020 1020 3088 insinuerat,
1047 3022 1206 3089 cujus
1226 3020 1442 3091 generis
1466 3020 1633 3077 fuerit
1650 3022 1697 3078 is
1721 3038 1968 3093 serpens;

2055 552 2327 604 adversus
2365 548 2538 615 ipsam
2596 543 2929 598 abuteretur.
2992 538 3099 595 Nos
3162 553 3324 608 porro
3362 546 3639 607 putamus,

2053 643 2326 711 cujusque
2393 639 2587 691 harum
2674 636 2907 687 duarum
2988 642 3259 687 sectarum
3318 630 3643 682 sententiam

2056 732 2263 787 versari
2295 732 2347 784 in
2382 730 2555 784 tribus
2580 728 2730 782 hisce
2753 725 3149 795 quaestionibus
3181 728 3393 777 :‘utrunt
3423 723 3643 774 condita

2056 822 2127 878 sit
2166 820 2274 875 Eva
2304 820 2468 876 simul
2498 835 2622 875 eum
2676 819 2907 881 Adamo,
2936 833 3003 871 an
3037 826 3159 885 post
3193 833 3207 881 ;
3239 814 3455 877 deinde,
3484 828 3645 867 acce-

2057 915 2273 983 peritne
2299 928 2409 967 una
2449 926 2575 965 cum
2608 910 2815 964 Adamo
2870 908 3185 962 mandatum
3242 907 3371 961 illud
3406 906 3476 958 ab
3526 907 3649 972 ipso

2058 1005 2189 1065 Deo,
2226 1020 2293 1058 an
2343 1019 2474 1058 vero
2519 1013 2642 1072 post
2690 1002 2762 1055 ab
2813 1001 3023 1055 Adamo
3054 1016 3070 1054 :
3099 1000 3332 1067 denique
3368 1001 3509 1052 sitne
3555 1011 3648 1061 per

2058 1114 2245 1152 vocem
2277 1113 2400 1166 qua:
2438 1098 2489 1150 in
2519 1111 2741 1150 sensum
2790 1097 3032 1158 caderet,
3074 1096 3200 1148 data
3229 1094 3313 1148 lex
3345 1110 3405 1146 ea
3456 1109 3484 1146 a
3516 1093 3646 1153 Deo,

2059 1206 2127 1244 au
2164 1205 2294 1244 vere
2328 1190 2535 1257 absque
2571 1202 2706 1243 voce
2754 1188 2921 1241 menti
2970 1187 3260 1256 impressa,
3297 1185 3643 1253 cegttescibi-

2060 1283 2236 1352 lisque
2270 1282 2481 1336 reddita
2518 1298 2532 1334 :
2565 1295 2628 1335 ac
2666 1280 2895 1350 proinde
2933 1294 3225 1334 censemus
3256 1278 3352 1331 has
3382 1276 3647 1347 quaestio-

2061 1392 2158 1429 nes
2185 1384 2440 1430 accurate
2489 1373 2876 1443 expendendas
2913 1386 3034 1426 esse
3069 1354 3391 1441 priusquam
3442 1371 3508 1424 de
3541 1370 3647 1422 illis

2059 1468 2350 1524 sententiis
2381 1478 2527 1522 recte
2561 1467 2744 1537 possis
2773 1466 3111 1520 existimare.

2132 1555 2396 1609 Historia:
2431 1555 2624 1607 Adanti
2662 1555 2810 1607 ordo.
2835 1584 2904 1593 —
2928 1554 3093 1623 Igitur
3113 1552 3374 1606 Dominus
3408 1550 3646 1620 Ephrem

2058 1656 2113 1700 et
2141 1646 2233 1715 qtti
2269 1662 2397 1699 cum
2432 1647 2552 1714 ipso
2588 1647 2835 1700 sentiunt
2867 1646 3195 1713 interpretes
3230 1643 3319 1696 alii
3373 1642 3491 1709 ipse
3523 1642 3646 1694 freti

2062 1736 2359 1807 Scriptura:
2380 1747 2569 1791 tenore
2596 1737 2849 1806 serieque
2880 1736 3052 1800 ducti,
3083 1735 3271 1787 dicunt
3298 1735 3474 1804 primo
3506 1733 3649 1785 Atla-

2063 1845 2211 1883 mum
2246 1844 2369 1884 esse
2396 1828 2679 1883 conditum
2707 1838 2858 1882 extra
2897 1828 3235 1896 paradisum,
3272 1835 3325 1879 et
3358 1826 3553 1879 deinde
3595 1825 3647 1878 in

2068 1922 2387 1991 paradisum
2423 1922 2795 1974 introductum
2832 1921 3109 1987 accepisse
3135 1935 3163 1970 a
3188 1918 3296 1971 Deo
3326 1918 3647 1971 mandatum

2062 2029 2131 2068 ne
2163 2023 2472 2067 vesceretur
2525 2012 2726 2065 arbore
2776 2011 3149 2079 cognitionis,
3213 2019 3333 2079 post
3386 2010 3649 2063 indidisse

2064 2105 2287 2161 nomina
2317 2104 2709 2166 animantibus,
2737 2119 2801 2157 ac
2830 2114 2959 2157 tunc
2988 2102 3206 2156 demum
3247 2099 3651 2155 confmtttatam

2063 2213 2186 2254 esse
2220 2195 2385 2249 Eram
2433 2211 2497 2249 ex
2544 2197 2718 2265 ipsius
2759 2209 3009 2263 corpore,
3067 2203 3231 2261 atque
3266 2194 3332 2246 de
3385 2202 3655 2261 pra-cepto

2065 2290 2316 2346 edoctam
2345 2290 2411 2344 ab
2439 2289 2556 2357 ipso
2590 2286 2801 2338 Adame
2824 2299 2959 2338 voce
2989 2283 3259 2353 ejusmodi
3313 2298 3431 2351 que
3474 2283 3652 2335 audiri

2066 2396 2269 2455 posset,
2299 2397 2528 2448 eamque
2567 2393 2752 2434 voccm
2798 2377 3090 2431 exaudisse
3136 2375 3392 2429 Satanam
3426 2391 3548 2429 cum
3582 2373 3651 2428 ad

2068 2492 2293 2531 uxorem
2329 2477 2648 2545 loqueretur
2671 2473 2953 2537 Adamus;
2999 2472 3179 2540 itaque
3212 2470 3470 2522 Satiram
3504 2484 3659 2521 man-

2067 2567 2179 2621 dati
2200 2568 2423 2621 mininte
2444 2567 2720 2636 ignarum,
2745 2564 2838 2619 sed
2870 2564 3008 2618 bene
3032 2563 3312 2617 consciunt
3340 2577 3655 2631 aggressum

2069 2677 2194 2716 esse
2232 2660 2422 2717 Evam.
2478 2673 2711 2727 eamque
2746 2666 2953 2725 pacate
2999 2659 3365 2724 interrogasse
3398 2674 3410 2708 :
3462 2654 3656 2709 Verene

2070 2754 2206 2805 dixit
2244 2752 2380 2804 Deus
2418 2769 2436 2816 ;
2471 2749 2552 2803 Ne
2583 2751 2923 2803 comederetis
2953 2749 3016 2800 de
3051 2749 3329 2801 arboribus
3378 2748 3659 2816 paradisi?

2074 2846 2335 2899 nimirum
2364 2852 2421 2896 ut
2451 2857 2513 2896 ea
2551 2842 2653 2897 s:bi
2692 2841 3121 2911 interrogatione
3152 2840 3360 2893 aditum
3398 2840 3461 2893 ad
3490 2840 3660 2893 collo-

2074 2936 2269 3005 quium
2301 2941 2541 3003 pararet.
2566 2929 2889 2985 Tlteodet-us
2928 2944 3055 2983 vero
3098 2938 3154 2982 et
3197 2928 3316 2998 ejus
3357 2938 3659 2982 sectatores

2078 3027 2253 3086 aiunt,
2287 3023 2452 3079 simul
2486 3022 2759 3076 Adamutn
2789 3034 2911 3074 esse
2951 3019 3232 3072 conditum
3263 3028 3319 3072 et
3355 3018 3515 3071 Evam
3556 3018 3659 3087 ipsi

378 3126 645 3184 pratterea
676 3115 912 3183 pedesne
942 3114 1197 3167 habuerit
1221 3128 1289 3168 an
1325 3113 1552 3170 minime
1578 3115 1666 3169 ille
1706 3130 1969 3186 serpens;
1998 3140 2044 3199 ρ
2077 3118 2377 3173 detractam
2411 3116 2603 3170 eodem
2633 3128 2742 3182 quo
2764 3123 2983 3166 creatus
3008 3122 3121 3164 erat
3150 3111 3291 3176 loco,
3326 3121 3487 3179 atque
3522 3112 3662 3165 hanc

379 3218 437 3262 et
470 3224 593 3279 qua:
636 3209 741 3260 huc
768 3215 1020 3277 spectant
1049 3207 1177 3271 alia,
1201 3206 1411 3275 pridem
1439 3214 1568 3260 sunt
1598 3222 1627 3260 a
1659 3206 1820 3262 nobis
1851 3209 1972 3262 dtli-

378 3311 573 3371 genter
598 3307 949 3369 pertractata.
971 3298 1533 3353 Cemmemeravimus
1551 3300 1715 3354 etiam
1739 3316 1839 3354 cur
1854 3315 1973 3354 ser-

379 3404 603 3462 pentem
632 3395 951 3447 astutiorem
986 3393 1206 3457 dixerit,
1245 3408 1352 3446 non
1390 3394 1797 3461 prudentiorem
1840 3410 1974 3449 cun-

379 3489 488 3542 ctis
518 3487 707 3541 bestiis
756 3486 901 3556 agri.
957 3486 1036 3540 De
1079 3486 1165 3540 his
1209 3485 1357 3541 enim
1423 3486 1682 3541 omnibus
1721 3488 1971 3556 egimus,

381 3594 507 3649 cap.
538 3579 630 3643 2-7,
660 3581 1062 3649 quaestionibus
1084 3582 1270 3636 decem
1298 3583 1351 3635 in
1390 3584 1628 3637 medium
1652 3585 1972 3654 propositis.

455 3675 541 3723 An
567 3668 803 3723 Satanas
845 3672 1101 3725 audiverit
1136 3672 1303 3726 Deum
1346 3673 1553 3727 Adamo
1584 3677 1974 3744 pra'cipieutem

380 3779 449 3819 ne
482 3764 806 3820 concederet.
834 3794 904 3802 —
937 3764 1004 3819 Et
1041 3768 1114 3819 ait
1148 3781 1358 3834 serpens
1388 3767 1457 3819 ad
1492 3769 1764 3821 mulierem
1791 3785 1811 3822 :
1848 3769 1974 3825 Vere

383 3860 525 3912 dixit
544 3858 705 3922 Deus,
724 3874 786 3913 ne
818 3858 1153 3913 comederetis
1180 3860 1245 3913 de
1299 3860 1539 3913 omnibus
1574 3861 1849 3916 arboribus
1878 3880 1974 3932 pa-

396 3957 583 4011 radisi.
623 3956 871 4011 Dubitari
904 3966 1104 4025 potest,
1146 3971 1215 4009 an
1252 3956 1488 4010 audierit
1537 3957 1787 4011 diabolus
1818 3975 1975 4012 tnau-

388 4046 577 4102 datum
628 4048 927 4117 legemque,
960 4063 1083 4118 quae
1106 4046 1248 4101 Deus
1303 4048 1514 4102 Adamo
1566 4050 1973 4116 imperaverat:

383 4154 630 4209 cumque
658 4141 881 4193 minime
911 4140 1190 4209 ignoraret
1219 4140 1364 4209 quod
1397 4156 1482 4195 res
1514 4150 1653 4205 erat,
1683 4143 1882 4196 dixerit
1907 4145 1973 4197 ad

386 4231 655 4286 Ietninam
691 4247 707 4284 :
754 4228 881 4283 Vere
931 4232 1006 4283 ait
1036 4230 1172 4285 Deus
1200 4271 1218 4296 ,
1250 4248 1312 4284 ne
1359 4233 1716 4298 comederetis,
1742 4244 1870 4301 etc.,
1904 4251 1975 4290 an

384 4339 531 4379 vero
557 4324 843 4393 suspicans
869 4325 1028 4379 modo
1044 4324 1214 4393 legem
1242 4324 1316 4377 illi
1339 4340 1369 4378 a
1389 4324 1499 4379 Deo
1519 4327 1751 4395 positam
1777 4325 1973 4396 fuisse,

387 4417 754 4486 mulierisque
796 4417 1041 4471 animum
1091 4427 1329 4481 teutaus,
1362 4419 1452 4471 illa
1489 4420 1557 4472 ad
1604 4419 1777 4488 ipsam
1810 4422 1973 4475 verba

2077 3228 2184 3267 una
2218 3211 2342 3265 inde
2377 3210 2429 3263 itt
2475 3208 2788 3277 paradisum
2819 3222 2942 3259 cutn
2997 3206 3089 3259 illo
3137 3219 3259 3258 esse
3310 3204 3657 3267 stibdettam,

2078 3321 2296 3376 unaque
2326 3305 2497 3374 legem
2535 3302 2812 3371 accepisse
2855 3301 2924 3352 ab
2954 3301 3071 3369 ipse
3120 3297 3261 3363 Deo;
3299 3313 3404 3350 non
3436 3298 3655 3367 quidem

2074 3416 2208 3457 Voce
2247 3415 2370 3468 quae
2421 3397 2677 3451 audiendi
2736 3409 2960 3449 sensum
3022 3402 3287 3457 movet-et,
3346 3394 3534 3458 latam,
3566 3395 3661 3448 scd

2076 3494 2245 3547 menti
2279 3493 2523 3560 ipsorum
2551 3490 2873 3557 impressam
2899 3488 3394 3555 consignatamque
3419 3486 3656 3555 quodam

2077 3581 2446 3652 cognoscendi
2483 3580 2667 3632 modo.
2715 3576 2849 3631 Nam
2885 3578 3047 3631 simul
3080 3578 3296 3647 utrique
3332 3578 3499 3647 legem
3524 3577 3663 3631 hanc
3724 3638 3733 3646 _

2078 3678 2435 3747 imperavisse
2493 3674 2684 3737 Deum,
2719 3673 2800 3726 vel
2851 3673 2976 3728 inde
3023 3689 3082 3727 se
3125 3674 3483 3741 comprobare
3529 3673 3667 3726 satis

2076 3787 2240 3841 pesse
2264 3777 2480 3840 putant,
2506 3769 2657 3839 quod
2694 3770 2959 3838 scriptum
2997 3770 3111 3821 sit:
3150 3766 3450 3821 Mascuium
3486 3779 3535 3820 et
3587 3769 3664 3836 fc-

2077 3866 2273 3918 mittam
2302 3865 2495 3917 crearit
2529 3880 2653 3928 eos;
2690 3863 2819 3916 item
2842 3877 2859 3915 :
2882 3861 3245 3915 Dominamini
3277 3860 3516 3929 piscibus
3549 3879 3663 3913 ma-

2078 3960 2174 4023 ris,
2214 3969 2263 4012 et
2297 3958 2599 4012 volucribus
2626 3957 2760 4021 caeli,
2801 3971 2925 4024 qua:
2981 3955 3176 4025 plurali
3238 3967 3465 4007 numero
3517 3954 3662 4008 dicta

2076 4061 2226 4108 sunt.
2261 4049 2550 4114 Pra’terea,
2584 4049 2711 4119 quia
2739 4050 2845 4103 Eva
2881 4049 2950 4102 ob
2978 4047 3209 4101 fractam
3266 4047 3436 4116 legem
3492 4046 3664 4113 magis

2077 4146 2243 4200 etiam
2275 4144 2603 4212 culpabatur
2628 4157 2793 4211 quam
2823 4138 3662 4207 Adam.Neqttevcroahsutdum

2077 4248 2180 4304 est,
2207 4241 2253 4293 si
2294 4239 2407 4293 haec
2448 4247 2543 4291 aut
2570 4236 2657 4289 illa
2696 4250 2817 4305 quas
2848 4235 2915 4287 ad
2946 4233 3214 4287 Adautum
3262 4232 3421 4284 modo
3452 4232 3665 4285 loeutus

2078 4331 2253 4385 videri
2281 4337 2460 4400 petest
2490 4328 2660 4392 Deus,
2686 4342 2749 4381 ea
2781 4326 2883 4380 sub
2913 4325 3041 4378 Atla:
3065 4340 3297 4393 persona
3352 4323 3417 4376 ad
3453 4332 3667 4376 utrum-

2083 4437 2190 4492 que
2238 4423 2484 4491 ipsorum
2520 4420 2665 4475 dicta
2711 4428 2989 4486 putemus.
3043 4414 3176 4469 Nam
3218 4402 3361 4485 quod
3402 4419 3666 4483 scriptum

388 4512 588 4569 fecerit
612 4511 900 4566 Dominus.
948 4511 1208 4580 Ephrem,
1244 4512 1445 4580 aliique
1476 4513 1801 4582 interpretes
1822 4530 1976 4569 com-
2008 4482 2052 4537 θ
2083 4523 2167 4568 est
2197 4514 2249 4566 itt
2304 4512 2525 4567 Psalmo
2560 4528 2573 4563 :
2623 4509 2817 4563 Beatus
2867 4508 2945 4561 vir
2980 4508 3069 4576 qui
3112 4522 3211 4558 non
3265 4482 3555 4558 ambulavit
3615 4506 3667 4558 in

390 4606 586 4676 plures
618 4613 846 4659 censent
876 4603 1129 4658 Satanam
1173 4604 1448 4658 audivisse
1481 4606 1796 4659 mandatum
1833 4606 1981 4676 quod

393 4696 613 4751 Adamo
640 4696 874 4749 dabatur
907 4710 922 4747 :
960 4694 1190 4765 ejusque
1222 4696 1509 4750 conscium
1563 4698 1864 4753 accessisse
1895 4698 1982 4752 in-

398 4798 823 4858 terrogasseque
854 4787 1115 4843 feminam
1187 4787 1297 4842 illis
1345 4789 1533 4843 verbis
1585 4804 1599 4843 :
1652 4788 1849 4844 Verene
1904 4792 1981 4844 ait

408 4878 569 4947 Deus,
607 4891 739 4945 etc.,
771 4896 883 4949 quo
913 4895 1012 4949 per
1038 4895 1157 4933 eam
1209 4880 1696 4950 interrogationem
1751 4883 1852 4936 sibi
1886 4898 1984 4936 ca-

402 4980 582 5039 ptaret
602 4971 953 5039 colloquendi
979 4958 1192 5024 ansam.
1210 4970 1547 5025 Pltiloxenus
1580 4985 1708 5024 vero
1728 4982 1782 5027 et
1804 4971 1987 5027 Theo-

398 5066 572 5119 dorus
603 5062 963 5119 Nestorianus
991 5063 1253 5132 multique
1278 5079 1405 5116 eum
1438 5062 1524 5117 bis
1546 5063 1635 5117 alii
1657 5063 1840 5119 dicere
1866 5081 1986 5119 ma-

396 5156 548 5220 lunt,
570 5157 829 5212 Satanam
862 5168 971 5209 non
1002 5154 1242 5210 audiisse
1274 5154 1447 5222 legem
1474 5154 1606 5207 dum
1637 5155 1848 5208 Adame
1878 5157 1980 5208 im-

400 5250 738 5317 ponebatur,
768 5247 863 5305 sed
911 5246 1227 5315 conjectura
1276 5256 1441 5314 atque
1475 5246 1790 5315 suspicione
1844 5264 1987 5317 pra:-

398 5342 621 5409 scripta:
645 5340 949 5410 cujuspiatn
985 5340 1125 5409 legis
1147 5340 1391 5401 ductum,
1422 5340 1707 5394 mulierem
1727 5342 1977 5394 adortum

400 5452 529 5492 esse
563 5446 620 5489 ut
647 5450 713 5489 ex
744 5449 807 5489 ea
860 5435 1193 5499 interrogata
1244 5432 1479 5485 discet-et
1509 5434 1816 5502 qualisnam
1876 5436 1984 5490 lata

481 5556 522 5585 ⁸¹
550 5556 692 5611 paul.
729 5569 770 5617 ι,
802 5554 847 5605 l.

462 5650 581 5720 (20)
618 5651 791 5704 Caute
835 5644 984 5720 lege,
1018 5660 1141 5720 nam
1195 5644 1365 5720 Adam
1421 5660 1527 5720 non
1574 5644 1763 5720 habuit
1789 5663 1993 5720 corpus

411 5714 706 5792 gloriamini
740 5728 798 5792 ut
848 5714 1074 5792 beati__in
1124 5716 1299 5782 patria
1345 5714 1437 5792 sed
1488 5714 1992 5792 l’ersauinteiligito

414 5787 613 5847 {tonum
651 5790 781 5845 illud
812 5787 1156 5855 splendidum
1190 5794 1371 5841 status
1411 5787 1761 5858 innocentiae,
1791 5804 1899 5861 quo
1919 5806 1978 5845 es

2080 4603 2167 4658 ria
2198 4604 2485 4671 impiarum
2523 4601 2599 4668 ⁵¹;
2634 4600 2881 4669 profecto
2914 4597 2981 4650 ad
3016 4606 3311 4665 utrumque
3344 4612 3533 4649 sexum
3564 4598 3669 4650 sub

2082 4696 2259 4750 solius
2290 4694 2394 4747 viri
2422 4691 2644 4746 nomine
2675 4695 2913 4759 spectat.
2943 4686 3008 4739 Et
3038 4702 3157 4755 quae
3188 4687 3241 4739 in
3276 4685 3669 4740 ecclesiasticis

2084 4787 2335 4842 consiliis
2368 4785 2732 4851 canibusque,
2767 4782 2835 4835 de
2866 4780 2999 4833 viris
3044 4780 3417 4847 disecptamus
3460 4778 3672 4831 consti-

2087 4879 2424 4945 tuimusque,
2458 4888 2588 4928 sane
2642 4873 2710 4927 ad
2762 4870 2995 4927 leminas
3049 4883 3115 4924 ex
3167 4884 3325 4938 teque
3374 4867 3674 4937 pertinent.

2087 4973 2357 5027 Craterum
2410 4966 2559 5038 quod
2608 4981 2714 5020 non
2761 4979 2892 5020 voce
2942 4961 3190 5017 exaudiri
3247 4970 3461 5032 posset,
3507 4960 3671 5015 tatam

2088 5080 2209 5120 esse
2250 5066 2419 5131 legem
2451 5061 2645 5125 aiunt;
2682 5058 2778 5113 sed
2814 5057 3051 5126 quodam
3110 5054 3459 5109 revelationis
3512 5054 3676 5107 modo

2092 5159 2397 5212 immissatn
2427 5155 2481 5208 in
2524 5153 2770 5223 ipsorum
2826 5151 3064 5215 animos,
3125 5148 3306 5204 simile
3331 5163 3453 5202 esse
3486 5148 3679 5200 dicunt

2095 5254 2204 5308 illis
2232 5252 2364 5305 visis
2387 5265 2509 5320 qua:
2539 5246 2824 5317 prophetis
2849 5255 3138 5314 apparent.
3169 5241 3303 5297 Nam
3342 5241 3507 5298 simul
3536 5241 3678 5294 indi-

2098 5355 2206 5400 tam
2245 5344 2412 5397 l'uisse
2443 5342 2664 5395 illorum
2704 5338 2979 5392 mentibus
3013 5336 3118 5389 vim
3146 5334 3437 5406 quamdam
3472 5330 3676 5385 intelli-

2097 5439 2252 5512 gendi
2271 5452 2335 5489 ac
2351 5434 2516 5489 veluti
2532 5431 2777 5487 intuendi
2792 5438 2954 5499 atque
2974 5429 3044 5482 ita
3057 5440 3206 5483 certo
3224 5423 3590 5497 cognoscendi
3609 5422 3665 5476 id

2097 5653 2346 5708 nuditate
2384 5660 2708 5730 corporum.
2731 5642 2918 5699 nullus
2955 5641 3241 5697 oriebatur
3271 5636 3474 5703 rubor,
3512 5633 3677 5707 quale

2094 5739 2318 5795 quoque
2351 5724 2535 5778 erit‘in
2573 5724 2767 5788 patria.
