4086 6480
354 372 454 439 551

1637 368 1867 428 MOSIS
1907 368 2054 427 ΒΑΗ
2096 364 2338 429 (ΣΕΡΗᾹ

3505 365 3615 429 5⁵2

358 488 505 559 quod
530 486 890 556 jubebantur,
919 482 1067 539 nulla
1109 481 1486 538 intercedente
1520 495 1652 537 voce
1693 497 1814 549 qua:
1835 496 1934 535 att-
1959 482 2009 542 Α
2037 476 2306 534 Nimirum
2344 487 2401 532 ιιι
2445 480 2699 547 princeps
2732 478 2869 533 solet
2903 494 3008 534 non
3051 478 3211 535 facile
3246 488 3408 549 atque
3439 483 3618 538 ainicc

356 580 540 638 diendi
584 594 806 649 senspm
851 586 1127 642 moveret;
1167 591 1294 631 cum
1329 588 1576 643 serpens,
1613 571 1832 642 quando
1872 570 1947 629 de

354 675 473 742 lege
509 672 617 725 lata
673 671 1063 739 interrogabat,
1102 682 1383 738 perperam
1434 665 1549 735 ipsa
1585 665 1718 736 legis
1775 664 1940 718 verba

356 763 632 829 retulerit,
673 762 929 816 nimirum
951 760 1080 830 quia
1115 774 1222 814 non
1259 760 1429 828 legem
1462 758 1635 826 ipsam
1668 756 1938 821 auditam,

358 871 483 911 cum
515 857 770 917 ferretur,
827 854 1064 917 tenebat,
1093 854 1184 905 sed
1241 849 1547 918 suspiciens
1600 847 1944 917 conjectabat

360 949 549 1012 modo,
581 957 643 1002 ut
670 946 763 1016 qui
791 961 914 1000 cum
948 946 1155 999 videret
1195 942 1489 997 animantia
1519 943 1719 1011 passim
1750 955 1944 1010 capere

357 1039 645 1108 pabulum,
681 1035 948 1089 Adamum
970 1048 1101 1088 vero
1121 1032 1402 1099 Evamque
1431 1031 1531 1085 etsi
1554 1045 1781 1099 corpore
1810 1045 1944 1086 con-

357 1139 608 1191 starent,
645 1126 885 1182 nondum
921 1135 1101 1179 tamen
1122 1123 1291 1187 vesci,
1328 1122 1491 1178 facile
1519 1125 1730 1178 venerit
1762 1123 1814 1176 in
1847 1139 1945 1178 su-

357 1204 680 1285 spicionem,
748 1217 1074 1284 imperatam
1110 1213 1199 1268 bis
1230 1227 1354 1267 esse
1405 1213 1577 1283 legem
1624 1214 1939 1284 quampiam

356 1322 463 1375 qua
535 1305 785 1360 vescendi
858 1305 1052 1360 modus
1127 1304 1327 1372 aliquis
1372 1313 1518 1358 esset
1568 1307 1940 1375 prmscriptus.

358 1396 457 1449 His
485 1410 615 1465 ergo
641 1395 979 1453 inducuntur
1012 1394 1102 1448 isti
1151 1395 1481 1453 rationibus.
1514 1404 1570 1448 ιιι
1595 1405 1784 1464 putent
1837 1395 1945 1450 daev

358 1500 576 1540 manem
613 1486 858 1556 ignarum
898 1485 1166 1549 mandati,
1203 1486 1489 1541 mulierem
1519 1486 1609 1540 illa
1644 1487 1946 1558 interroga—

359 1577 504 1632 tione
527 1593 650 1632 esse
698 1580 980 1640 adortum,
1016 1578 1162 1647 quod
1204 1593 1270 1632 ex
1307 1577 1424 1643 ipsa
1479 1578 1650 1648 legem
1684 1579 1940 1642 disceret,

359 1684 532 1737 eaque
564 1670 808 1740 cognita,
848 1677 904 1724 et
942 1669 1010 1724 iis
1051 1670 1265 1742 quibus
1313 1670 1578 1740 imperata
1613 1678 1730 1724 erat
1761 1680 1815 1724 et
1839 1670 1941 1740 ipsi

356 1763 652 1833 legislatori
689 1764 998 1819 insultaret.
1047 1762 1178 1818 Esto
1219 1776 1405 1818 autem
1460 1764 1726 1832 judicium
1776 1780 1942 1833 penes

356 1854 824 1919 Ieet0rcm,utram
852 1856 1045 1910 barum
1070 1856 1304 1910 duarum
1325 1856 1636 1925 opinionem
1657 1858 1942 1926 approbet;

357 1953 537 2013 pot-st
558 1946 703 1999 enim
726 1947 781 1999 in
804 1947 1010 2001 utravis
1035 1948 1408 2017 acquiescere.
1428 1947 1696 2002 Caeterum
1723 1948 1942 2003 Satame

357 2037 524 2094 vezba
572 2037 661 2091 illa
704 2038 759 2091 in
799 2037 920 2106 ipso
970 2041 1154 2093 statim
1192 2040 1420 2095 exordio
1448 2081 1464 2107 ,
1510 2041 1603 2095 Dei
1635 2041 1816 2096 verbis
1851 2041 1946 2094 ad-

358 2139 685 2196 versantur;
727 2132 1013 2186 mandarat
1042 2135 1186 2186 enim
1236 2132 1381 2188 Deus
1410 2133 1540 2187 Adae
1586 2144 1750 2204 atque
1787 2133 1944 2188 uxori

360 2234 420 2280 ut
442 2225 509 2282 de
535 2226 796 2281 omnibus
825 2227 1117 2284 arboribus
1160 2229 1400 2298 paradisi
1434 2239 1784 2285 vescerentur
1806 2230 1945 2300 (2t),

360 2315 456 2370 sed
482 2316 550 2370 de
580 2317 697 2372 sola
731 2317 927 2372 arbore
953 2318 1196 2372 scientiae.
1228 2318 1357 2374 boui
1385 2330 1439 2373 et
1466 2321 1592 2374 mali
1625 2335 1733 2374 non
1761 2318 1948 2375 vesce-

359 2416 571 2463 rentur.
630 2409 699 2462 At
738 2409 832 2463 ille
867 2418 1056 2463 contra
1093 2429 1109 2464 :
1151 2408 1279 2464 Vere
1302 2409 1525 2481 (inquit)
1576 2412 1713 2465 dixit
1743 2411 1882 2466 Deus
1916 2426 1935 2467 .'

360 2496 448 2552 Ne
478 2499 542 2552 de
595 2500 878 2554 arboribus
940 2501 1185 2571 paradisi
1235 2505 1728 2573 resceremiui,rpta:
1773 2504 1966 2559 oratio.

368 2606 594 2663 prorsus
623 2610 747 2648 cum
792 2593 888 2648 Dei
917 2596 1169 2650 oratione
1200 2608 1428 2666 pugnat.
1465 2594 1693 2651 Videtur
1727 2612 1856 2653 vero
1888 2599 1942 2652 iu

360 2685 484 2756 ipso
542 2686 816 2742 sermonis
869 2689 1029 2742 initio
1079 2690 1292 2743 daemon
1346 2690 1466 2745 ideo
1523 2690 1688 2744 verba
1733 2707 1831 2746 sua
1879 2692 1945 2745 ad

362 2778 566 2833 multas
627 2780 852 2834 arbores
913 2781 1266 2845 extendisse,
1321 2793 1381 2836 ut
1432 2783 1780 2837 occasionem
1841 2783 1947 2838 sibi

362 2879 708 2939 compararet
745 2870 796 2922 in
833 2883 1129 2939 progressu
1160 2886 1323 2923 unam
1355 2870 1500 2924 illam
1530 2872 1755 2926 vetitam
1780 2873 1948 2927 arbo-

361 2974 476 3013 rem
513 2961 910 3015 calumniandi.
945 2960 1080 3015 Nam
1117 2963 1277 3031 cujus
1308 2962 1489 3017 studia
1544 2962 1596 3016 in
1631 2965 1946 3018 universum

362 3050 544 3105 omnia
584 3052 836 3121 improba
866 3062 996 3107 sunt
1040 3063 1210 3121 atque
1246 3069 1525 3123 perversa,
1556 3056 1701 3111 haud
1744 3057 1945 3111 mirum

365 3155 450 3198 cet
481 3145 524 3198 si
549 3144 618 3198 ab
648 3144 1005 3213 improbitate
1050 3147 1370 3215 auspicetur
1404 3165 1419 3201 :
1452 3147 1518 3200 Et
1559 3149 1632 3202 ait
1659 3149 1846 3203 mulier
1879 3150 1949 3202 ad
1982 3178 2019 3215 Α

360 3247 650 3302 serpentem
685 3251 702 3289 .'
732 3234 807 3289 De
836 3236 1099 3306 fructibus
1127 3238 1377 3292 arborum
1423 3239 1670 3305 paradisi
1709 3241 1946 3294 omnium

359 3327 787 3391 contedimus,de
821 3328 1084 3395 fructibus
1118 3328 1325 3384 arboris
1372 3346 1486 3400 qua:
1543 3340 1621 3384 est
1689 3334 1743 3383 in
1786 3332 1949 3386 medi-

362 3414 516 3469 tullio
546 3415 793 3485 paradisi
823 3418 964 3470 dixit
1000 3416 1140 3471 Deus
1175 3432 1194 3472 :
1232 3418 1316 3474 Ne
1349 3421 1519 3474 edatis
1561 3422 1624 3475 de
1664 3438 1747 3487 ea,
1787 3438 1948 3492 neque

365 3508 596 3575 tangatis
623 3522 761 3573 eam,
783 3523 846 3561 ne
874 3510 1194 3563 morianu’ni.
1223 3508 1365 3578 Non,
1393 3513 1591 3582 inquit,
1610 3528 1656 3568 .o
1682 3529 1930 3584 serpens,

360 3596 503 3665 jnssi
533 3613 729 3653 sumus
757 3600 827 3652 ab
854 3599 1112 3655 omnibus
1143 3602 1423 3658 abstinere
1449 3606 1764 3671 arboribus,
1799 3616 1859 3662 ut
1890 3617 1949 3662 tu

365 3688 573 3753 dixisti,
625 3691 719 3744 sed
772 3691 841 3745 ab
864 3706 971 3745 una
1021 3693 1141 3773 sola
1193 3710 1317 3764 qua:
1369 3695 1423 3749 in
1481 3698 1718 3767 paradisi
1767 3700 1953 3756 medio

366 3789 585 3847 exstat;
637 3781 1135 3854 interminatusque
1187 3795 1272 3841 est
1316 3788 1476 3843 nobis
1526 3788 1669 3844 Deus
1703 3789 1948 3846 futurum

365 3881 428 3926 ut
456 3873 784 3942 moriamur,
821 3875 868 3930 si
904 3875 970 3930 de
1008 3876 1110 3931 hac
1133 3878 1429 3935 ederimus.
1460 3880 1726 3936 Cancrum
1760 3884 1955 3939 existi-

369 3966 629 4020 mandum
672 3978 774 4034 est,
811 3968 1099 4025 mulierem
1134 3986 1243 4026 non
1271 3973 1434 4027 modo
1460 3975 1712 4030 arborem
1746 3977 1799 4030 iu
1834 3994 1949 4033 me-

365 4054 457 4112 dio
513 4059 670 4114 sitam
730 4061 988 4130 paradiso
1038 4064 1181 4133 apud
1243 4076 1552 4135 serpentem
1615 4069 1953 4137 nominasse,

369 4148 465 4203 sed
498 4150 774 4205 addidisse
802 4153 992 4215 etiam,
1026 4156 1266 4209 scientia:
1293 4155 1415 4209 boni
1462 4168 1511 4211 et
1559 4160 1712 4226 mali,
1741 4163 1956 4216 tametsi

369 4239 477 4292 hoc
507 4237 688 4319 Moses
726 4243 1090 4310 prteterierit;
1144 4246 1404 4300 credibile
1445 4251 1591 4302 enim
1624 4260 1727 4318 est,
1779 4253 1952 4321 ipsum

370 4329 616 4382 mandati
641 4331 807 4383 verba
839 4334 1021 4386 omnia
1052 4335 1331 4402 recitasse,
1359 4337 1499 4389 inter
1524 4354 1645 4407 qua:
1675 4342 1838 4395 etiam
1865 4341 1955 4397 illa

370 4429 501 4477 sunt
531 4420 635 4476 :Et
662 4426 734 4475 ait
771 4439 986 4493 serpens
1008 4425 1078 4478 ad
1111 4426 1419 4481 mulierem:
1442 4427 1562 4481 Non
1593 4442 1813 4485 mortem
1849 4449 1962 4486 mo-

2044 569 2187 625 ferre
2217 570 2457 639 mquales
2487 585 2619 625 suos
2645 569 2943 639 principes,
2974 571 3046 623 ita
3077 584 3255 639 neque
3288 568 3454 624 Deum
3482 569 3620 626 deos

2042 662 2152 733 pati
2182 662 2318 718 alios
2346 676 2507 732 posse
2531 677 2544 726 ;
2576 670 2838 731 praeterea
2867 670 2926 715 ut
2970 661 3163 737 incitet
3192 659 3257 714 ad
3284 661 3616 716 vescendum

2045 756 2212 809 vetito
2244 755 2445 820 fructu,
2487 755 2640 825 quasi
2677 754 2820 809 dicat
2854 772 2869 808 :
2902 752 3020 809 Non
3067 752 3230 808 modo
3262 769 3371 807 non
3422 756 3615 808 morie-

2045 847 2201 910 mini,
2245 862 2432 901 verum
2480 848 2642 902 etiam
2681 847 2976 916 plurimum
3016 846 3297 910 crescetis,
3335 846 3532 915 quippe
3565 845 3621 900 in

2044 937 2175 992 deos
2205 939 2423 994 evasuri
2471 939 2647 1010 qualis
2694 939 2781 994 ille
2811 940 3064 994 conditor
3115 945 3300 994 vester
3346 952 3449 994 est.
3483 937 3620 993 Nam

2045 1030 2100 1084 in
2145 1030 2266 1101 ipso
2312 1030 2514 1097 lructu,
2544 1033 2797 1101 interque
2825 1045 3005 1085 ramos
3051 1030 3199 1087 illius
3243 1031 3457 1086 arboris
3493 1031 3625 1085 latet

2053 1120 2357 1177 divinitatis
2404 1122 2513 1188 vis,
2546 1122 2620 1177 ita
2670 1130 2729 1175 ut
2776 1121 3028 1192 quisquis
3069 1131 3340 1188 vescatur,
3390 1122 3477 1176 ille
3522 1134 3627 1193 pro

2045 1212 2149 1266 deo
2175 1212 2287 1277 fiat,
2319 1214 2557 1283 bonique
2588 1228 2651 1267 ac
2680 1213 2806 1266 mali
2837 1229 3056 1283 gnarus.
3088 1211 3194 1266 Per
3221 1214 3411 1268 oculos
3439 1206 3623 1268 autem

2044 1305 2391 1373 aperiendas,
2440 1304 2768 1374 cognitionis
2819 1319 3069 1371 acumen,
3125 1304 3655 1375 perspicacitatem,‘

2045 1406 2210 1463 atque
2261 1394 2391 1449 boui
2444 1396 2683 1465 malique
2719 1396 3109 1465 experientiam
3159 1395 3464 1465 pollicetur.
3518 1392 3627 1451 De-

2044 1492 2211 1559 nique
2243 1490 2386 1559 quod
2435 1490 2565 1544 deos
2615 1487 2755 1555 fore,
2791 1504 3020 1544 numero
3066 1488 3456 1550 multitudinis,
3492 1484 3633 1558 pro-

2044 1580 2246 1645 mittit;
2291 1581 2402 1634 huc
2449 1579 2600 1645 facit,
2637 1589 2696 1633 ut
2731 1580 2975 1648 ipsorum
3027 1579 3224 1635 animis
3258 1578 3466 1634 inserat
3499 1582 3629 1649 opi-

2046 1673 2293 1734 nionem,
2337 1688 2445 1726 non
2499 1673 2799 1726 maximum
2852 1687 3056 1726 numen
3108 1685 3229 1726 esse
3278 1686 3401 1725 eum
3451 1670 3626 1726 Deum

2048 1766 2141 1834 qui
2173 1780 2242 1819 ne
2276 1765 2343 1819 de
2378 1765 2574 1819 arbore
2608 1765 2696 1818 illa
2724 1766 2967 1828 ederent,
3001 1762 3382 1817 interminatus
3420 1762 3625 1829 fuerat,

2049 1859 2143 1913 sed
2173 1872 2299 1913 esse
2335 1859 2499 1911 etiam
2553 1858 2685 1911 deos
2724 1857 2861 1911 alios
2906 1856 2983 1910 illi
3035 1870 3212 1926 pares.
3265 1853 3530 1910 Praeterea
3567 1865 3630 1911 ut

2049 1950 2352 2020 improbam
2396 1948 2544 2005 illam
2595 1948 3080 2010 existimationem,
3127 1962 3290 2017 quam
3334 1955 3482 2002 esset
3524 1947 3629 2002 ali-

2049 2044 2267 2113 quando
2296 2042 2550 2113 gentibus
2587 2057 2969 2112 persuasurus,
3001 2034 3310 2110 complures
3340 2041 3471 2095 deos
3503 2056 3623 2095 esse

2053 2136 2106 2189 in
2138 2135 2308 2201 orbe;
2339 2135 2405 2189 ab
2433 2135 2554 2204 ipso
2578 2134 2763 2190 statim
2796 2133 2974 2198 initio,
3007 2135 3311 2203 primorum
3340 2143 3614 2203 pauentum

2051 2230 2276 2284 auribus
2303 2229 2613 2295 instillaret,
2638 2238 2799 2298 atque
2825 2229 2898 2281 ita
2928 2228 2994 2281 ad
3021 2241 3182 2282 omne
3231 2227 3432 2280 malum
3457 2242 3622 2295 genus

2053 2323 2353 2377 humanum
2405 2329 2695 2375 averteret.
2749 2320 3091 2388 Quapropter
3144 2330 3288 2373 recte
3335 2318 3626 2372 admodum

2054 2413 2287 2468 Satanas
2338 2413 2428 2467 ille
2492 2413 2655 2466 etiam
2706 2412 2959 2467 diabolus
3011 2407 3124 2481 (22)
3168 2416 3253 2463 est
3300 2407 3631 2478 appellatus.

2055 2506 2293 2561 Satanas
2338 2506 2585 2576 quidem,
2629 2512 2683 2560 et
2730 2504 2856 2575 quia
2906 2504 3022 2572 ipse
3080 2517 3111 2557 a
3148 2500 3259 2556 Deo
3295 2502 3543 2565 recessit,
3577 2509 3633 2553 et

2052 2598 2179 2669 quia
2250 2597 2509 2651 mortales
2566 2596 2738 2651 aDeo
2786 2593 3008 2649 abducit
3081 2603 3142 2648 ut
3200 2602 3476 2648 sectentur
3534 2604 3635 2646 eos

2052 2687 2148 2757 qui
2190 2687 2325 2741 iram
2376 2685 2630 2755 pariant;
2671 2685 2922 2739 diabolus
2966 2699 3117 2750 vero,
3154 2684 3257 2738 hoc
3284 2692 3385 2745 est.
3420 2682 3638 2738 calum-

2053 2780 2252 2842 uiator,
2304 2779 2432 2848 quia
2478 2776 2649 2832 Deum
2686 2792 2781 2847 per
2817 2776 3149 2847 calumniam
3197 2775 3453 2846 culpabat
3486 2776 3633 2846 apud

2054 2869 2324 2924 Adamu‘m
2350 2877 2403 2924 et
2432 2867 2623 2937 Evam,
2651 2869 2808 2939 quasi
2841 2883 2939 2939 per
2964 2882 3186 2924 causam
3212 2869 3431 2924 invidia:
3465 2870 3639 2924 inter-

2061 2961 2327 3017 minatum
2393 2977 2462 3015 ne
2510 2961 2580 3016 de
2630 2961 2825 3015 arbore
2876 2960 2966 3014 illa
3034 2969 3350 3031 gustarem;
3400 2968 3454 3015 et
3507 2961 3635 3030 quia

2054 3054 2298 3108 vicissim
2356 3054 2608 3109 homines
2640 3054 2879 3108 traducit
2930 3052 3071 3122 apud
3125 3051 3314 3116 Deum,
3350 3061 3409 3107 ut
3437 3051 3505 3105 de
3533 3048 3638 3106 Job

2056 3144 2321 3214 scriptum
2352 3154 2549 3200 exstat.
2584 3146 2659 3200 De
2687 3144 2793 3200 hoc
2817 3144 2961 3200 enim
2988 3144 3073 3199 sic
3099 3146 3240 3214 apud
3274 3142 3443 3197 Deum
3474 3144 3638 3196 verba

2056 3237 2335 3290 faciebat:
2371 3235 2624 3300 Extende,
2645 3253 2864 3291 manum
2896 3245 3065 3302 tuam,
3115 3246 3166 3290 et
3213 3244 3371 3306 tange
3421 3251 3637 3291 carnem

2054 3331 2242 3398 ipsius,
2282 3345 2409 3383 num
2445 3331 2497 3384 in
2543 3331 2734 3399 [aciem
2781 3324 2927 3383 tuam
2968 3327 3251 3383 maledicat
3292 3328 3388 3381 tibi
3417 3328 3508 3382 "‘l
3536 3328 3643 3383 De-

2057 3421 2221 3492 nique
2245 3425 2371 3492 quia
2405 3422 2734 3492 persuadere
2759 3422 3084 3477 mortalibus
3117 3421 3326 3476 laborat
3355 3420 3462 3476 Deo
3489 3420 3638 3489 ipsos
3664 3458 3667 3459 ν

2054 3528 2202 3568 cura:
2225 3528 2332 3566 non
2360 3526 2505 3567 esse.
2529 3511 2666 3566 Cum
2694 3513 2779 3566 lex
2807 3514 2990 3568 omnis
3015 3522 3109 3566 aut
3139 3513 3202 3565 ad
3234 3511 3632 3582 prohibendum

2055 3614 2362 3676 peccatum,
2387 3615 2481 3660 aut
2503 3604 2569 3660 ad
2594 3590 3017 3672 promerendam
3040 3604 3307 3675 justitiam
3335 3606 3631 3672 pertineat;

2057 3708 2223 3769 atque
2269 3700 2352 3754 vel
2397 3699 2691 3754 formidine
2723 3713 2894 3769 poenae
2925 3714 3045 3769 qua:
3084 3698 3503 3760 rebellantibus,
3547 3695 3631 3748 vel

2057 3805 2154 3860 spe
2195 3789 2402 3858 praamii
2441 3790 2588 3858 quod
2624 3788 2943 3857 parentibus
2993 3786 3361 3857 praestitutum
3403 3793 3503 3849 est,
3537 3785 3635 3837 ob-

2056 3890 2331 3936 servetur.
2394 3881 2634 3949 Serpens
2668 3880 2793 3945 iste,
2841 3880 2944 3934 hoc
2968 3888 3053 3933 est
3085 3879 3355 3945 diabolus,
3391 3892 3457 3933 eo
3494 3876 3640 3946 quol

2055 3975 2127 4029 ait
2163 3993 2177 4029 :
2204 3972 2325 4028 Non
2356 3973 2652 4028 moriemini
2683 3973 2849 4025 etiam
2879 3973 2926 4024 si
2956 3970 3202 4035 ederitis,
3236 3984 3408 4039 poenae
3438 3980 3643 4024 metum

2058 4067 2385 4122 submovere
2414 4075 2668 4131 conatur,
2696 4064 2912 4135 quo'illi
2944 4064 3372 4134 prohibebantur
3398 4080 3426 4116 a
3459 4072 3642 4115 trans-

2063 4159 2360 4227 grediendo
2400 4158 2573 4225 legem
2625 4156 2740 4211 Dei.
2773 4157 2985 4211 Rursus
3030 4157 3161 4210 dum
3211 4155 3363 4209 addit
3405 4170 3421 4208 :
3474 4153 3645 4207 Eritis

2060 4250 2197 4304 sicut
2246 4252 2347 4316 dii,
2400 4251 2653 4304 inaxinm
2695 4250 2863 4303 etiam
2914 4248 3181 4302 mercedis
3214 4260 3309 4315 spe
3356 4247 3540 4309 lactat,
3594 4245 3644 4299 si

2062 4355 2350 4398 vescantur
2396 4335 2671 4398 fructibus
2702 4358 2731 4394 a
2766 4345 2875 4396 Deo
2908 4340 3111 4395 vetitis.
3147 4341 3243 4394 Est
3273 4354 3400 4393 vero
3447 4339 3675 4393 existic'

2062 4437 2320 4490 mandem
2354 4434 2519 4490 Evam
2553 4450 2729 4505 neque
2770 4437 2844 4488 ita
2873 4435 3154 4503 accepisse
3181 4433 3342 4487 verba
3376 4430 3673 4501 serpentis.

371 4513 604 4577 riemiui,
622 4515 712 4567 sed
737 4516 876 4568 navit
898 4515 1036 4571 Deus
1053 4520 1193 4589 quod
1210 4534 1311 4588 quo
1327 4518 1411 4573 die
1426 4521 1638 4575 ederitis
1654 4522 1718 4576 de
1731 4541 1814 4591 ea,
1838 4542 1961 4596 ape-
1999 4546 2037 4599 ο
2068 4525 2185 4578 sive
2214 4522 2444 4589 diaboli,
2477 4533 2737 4592 tanquam
2773 4536 2897 4592 quas
2921 4522 3189 4593 disputari
3219 4528 3477 4591 pessent;
3509 4520 3653 4573 alio-

373 4606 579 4660 rientur
598 4607 738 4661 oculi
764 4615 947 4677 vestri,
982 4622 1033 4666 et
1064 4613 1213 4667 eritis
1239 4613 1375 4667 sicut
1397 4615 1475 4667 dii
1499 4615 1719 4670 scientes
1757 4618 1879 4673 boni
1911 4629 1962 4673 et

374 4696 524 4752 mali.
556 4698 690 4753 Cum
728 4700 805 4755 ait
842 4717 1099 4772 serpens:
1119 4699 1245 4757 Non
1272 4711 1435 4760 morte
1465 4706 1782 4775 moriemini,
1806 4709 1968 4763 audet

377 4790 472 4845 Dei
499 4793 726 4847 verbum
761 4805 1141 4863 contemnere,
1177 4796 1413 4867 falsique
1446 4812 1676 4869 arguere
1705 4815 1720 4854 :
1752 4799 1968 4855 dixerat

375 4885 521 4938 enim
555 4886 646 4942 ille
677 4888 977 4945 morituros
1007 4891 1115 4945 nisi
1152 4889 1345 4947 ab’illa
1374 4892 1571 4946 arbore
1602 4893 1959 4957 abstinerent,

373 4989 431 5032 et
477 4980 641 5033 simul
678 4980 967 5039 submovet
1016 4991 1225 5038 metum
1264 4983 1464 5039 mortis
1502 4998 1613 5052 quo
1658 4985 1728 5039 ab
1761 4997 1824 5038 ea
1858 5000 1962 5055 gn-

376 5071 569 5123 slanda
598 5069 679 5125 illi
715 5072 1089 5130 abstinebant.
1142 5072 1357 5130 Caetera
1403 5075 1569 5130 verba
1600 5090 1666 5130 eo
1695 5084 1963 5145 spectant,

377 5169 438 5216 ut
482 5164 808 5229 persuadeat
855 5168 1026 5222 Deum
1075 5184 1173 5240 per
1209 5168 1477 5225 invidiam
1508 5185 1571 5226 ea
1621 5171 1731 5226 illis
1767 5172 1966 5228 arbore

377 5256 764 5329 interdixisse;
795 5275 990 5331 nempe
1014 5277 1085 5319 ne
1110 5262 1188 5318 dii
1216 5263 1427 5331 flerent,
1449 5264 1628 5336 qualis
1652 5264 1771 5336 ipse
1794 5271 1963 5321 esset.

449 5439 497 5473 ⁸³
531 5434 634 5494 Job
682 5453 722 5508 I,
765 5439 856 5508 Η,
900 5442 991 5499 H.

454 5598 567 5668 (2|)
603 5596 871 5669 Superius
900 5608 1092 5655 auctor
1126 5600 1295 5656 citat:
1326 5599 1409 5655 Ne
1436 5602 1501 5657 de
1535 5603 1778 5660 omnibus
1812 5606 1970 5660 arbo-

382 5669 529 5788 3:15:
532 5671 817 5790 agarruli“;
848 5682 985 5769 ειυς,
1010 5686 1137 5728 cum
1163 5671 1321 5743 signo
1355 5672 1679 5741 universali,
1717 5686 1774 5733 ut
1795 5686 1879 5733 est
1905 5676 1962 5731 in

457 5804 570 5873 (2‘2)
617 5806 873 5874 \lerbum,
912 5809 1006 5867 Sat
1060 5810 1212 5885 Syris
1260 5821 1315 5872 et
1354 5814 1623 5873 Chaldaeis
1670 5804 1963 5888 significat,

2070 4617 2163 4685 qui
2194 4616 2340 4669 enim
2377 4614 2566 4670 multis
2588 4614 2663 4669 illi
2688 4616 2886 4679 modis,
2909 4625 3007 4669 aut
3036 4627 3146 4667 uno
3169 4614 3361 4668 saltem
3388 4611 3650 4682 quopiam

2075 4708 2520 4778 respondissent;
2552 4722 2728 4776 neque
2754 4723 2948 4763 rursus
2969 4723 3068 4763 ceu
3093 4706 3262 4760 dubia
3284 4716 3341 4759 et
3367 4706 3643 4775 ambigua,

2072 4814 2197 4853 nam
2228 4800 2300 4853 ita
2340 4814 2560 4869 quoque
2587 4814 2695 4853 non
2722 4799 2990 4856 defuisset
3019 4798 3122 4869 ipsi
3157 4799 3303 4870 quod
3347 4808 3535 4853 contra
3566 4798 3651 4850 di-

2070 4900 2253 4957 ceret;
2290 4890 2558 4960 potuisset
2589 4891 2735 4945 enim
2783 4892 3118 4961 respondere
3163 4907 3179 4944 :
3230 4876 3473 4944 U'nde‘tu
3504 4890 3675 4944 nosti.

2071 4983 2176 5036 hoc
2203 4981 2564 5052 mysterium?
2596 4983 2743 5037 Sane
2773 4983 2865 5050 qui
2892 4964 3143 5037 arborem
3173 4984 3442 5049 consevit,
3476 4982 3655 5053 major

2072 5085 2124 5131 te
2151 5085 2255 5133 est.
2288 5076 2581 5142 Praeterea,
2616 5076 2749 5145 quid
2780 5077 2886 5131 sibi
2930 5075 3046 5130 vult
3088 5078 3238 5146 quod
3270 5090 3423 5131 meos
3462 5076 3651 5131 oculos

2073 5178 2326 5239 apertum
2363 5169 2428 5223 iri
2462 5170 2544 5224 ais
2575 5178 2792 5240 gustato
2825 5168 3027 5233 fructu,
3059 5170 3280 5239 quando
3307 5171 3470 5224 etiam
3506 5185 3654 5224 nunc

2073 5277 2251 5333 neque
2281 5261 2534 5333 lippiunt,
2567 5277 2739 5333 neque
2769 5262 2939 5318 clausi
2971 5266 3142 5319 sunt“!
3177 5260 3310 5316 Nam
3344 5262 3450 5316 nisi
3479 5262 3651 5329 aperti

2081 5605 2340 5671 recedere,
2373 5602 2663 5672 deﬂectere,
2714 5602 2858 5658 unde
2909 5602 2998 5658 hic
3037 5602 3259 5672 deducit
3312 5602 3528 5657 Satanae
3560 5619 3657 5658 no-

2071 5691 2223 5740 men,
2282 5661 2449 5743 quod.
2476 5661 2665 5730 verius
2702 5676 2772 5728 ab
2805 5673 3034 5728 Hebraeo
3081 5661 3251 5728 Satan
3297 5675 3464 5729 venit.
3514 5672 3658 5730 Sane

2073 5744 2601 5869 Syrei,)gchalcat'zo,
2632 5744 2823 5801 eodem
2853 5754 3038 5823 etymg
3068 5752 3270 5817 vocant
3296 5758 3408 5816 quo
3454 5743 3683 5812 Graeci,

2075 5830 2163 5870 οια
2202 5833 2229 5869 0
2251 5854 2261 5869 .
2295 5834 2345 5869 ν.
