4086 6438
297 393 406 458 553

1434 390 1534 449 DE
1580 382 1984 448 PARADISO.
2025 404 2098 421 -α
2133 380 2332 441 PARS
2367 380 2416 440 Ι.

3459 377 3564 440 5η

298 510 513 565 essent,
544 500 640 571 qui
679 512 892 570 possem
928 514 1028 569 ego
1062 508 1113 555 te
1149 498 1419 568 aspicere,
1471 507 1889 566 serpentemque
1915 492 1964 551 A
1991 489 2306 560 simplicit-r
2340 487 2533 558 intuita
2575 487 2746 555 ipsam
2796 486 3010 554 fuerat;
3060 496 3113 542 at
3148 498 3500 561 posteaquam
3534 506 3563 543 a

298 603 355 650 te
399 608 701 662 agnoscere
735 608 749 645 :
786 600 901 646 tum
939 590 1103 653 illud,
1140 589 1287 657 quod
1322 588 1448 644 boni
1497 586 1735 657 malique
1779 601 1880 655 pe-

300 666 438 739 ritos
483 682 601 737 fore
635 698 733 738 nos
777 697 1084 747 asseveras,
1121 681 1226 736 nisi
1272 694 1374 747 ego
1404 679 1521 750 jam
1569 694 1715 733 nunc
1752 677 1882 746 quid

296 778 509 833 bonum
558 787 614 830 et
645 776 776 845 quid
814 775 1017 830 malum
1046 775 1121 829 sit
1168 774 1502 844 intelligam,
1536 771 1633 842 qui
1683 770 1885 840 possim

296 870 443 925 scire
472 867 764 925 consilium
799 877 953 922 tuum
982 881 1104 922 esse
1133 866 1390 936 probum,
1422 874 1517 920 aut
1545 863 1885 918 divinitatem

297 962 501 1018 bonam
525 1000 542 1023 ,
578 971 808 1015 inm-tem
839 975 964 1013 vero
999 958 1244 1015 malam?
1275 958 1357 1012 Ad
1392 959 1529 1021 haec,
1561 956 1693 1011 illud
1722 956 1886 1010 etiam

298 1051 551 1123 objiccre
580 1050 848 1121 quivisset
879 1066 897 1105 :
930 1048 988 1103 Si
1025 1065 1150 1104 vera
1184 1063 1397 1114 narras,
1428 1048 1517 1102 abi
1551 1054 1633 1111 tu’,
1658 1055 1713 1101 et
1742 1047 1890 1117 prior

296 1145 460 1201 aufer
495 1145 567 1199 de
595 1144 792 1198 arbore
840 1143 927 1196 illa
960 1158 1025 1198 ac
1056 1156 1298 1207 vescere,
1328 1155 1386 1195 ιιι
1432 1140 1749 1207 aperiantur
1789 1137 1885 1191 tibi

298 1237 447 1293 oculi
486 1237 697 1305 liasque
735 1237 869 1289 deus
898 1233 1078 1289 sciens
1109 1232 1235 1286 boni
1265 1243 1319 1286 et
1361 1231 1514 1296 mali,
1546 1238 1658 1284 tum
1691 1226 1890 1281 deinde

293 1345 399 1399 ego
427 1342 650 1398 quoque
677 1327 943 1381 accedens
988 1340 1198 1380 vescar.
1232 1327 1298 1379 At
1344 1338 1468 1378 cum
1512 1323 1705 1376 horum
1755 1320 1888 1374 nihil

297 1423 377 1478 illi
407 1420 778 1491 responderit,
809 1421 943 1475 satis
970 1419 1228 1489 colligere
1258 1429 1364 1483 est,
1400 1432 1577 1486 neque
1608 1424 1667 1469 ut
1697 1415 1886 1484 dispu-

296 1516 491 1589 tabilia
544 1527 729 1582 neque
757 1520 817 1566 ut
867 1512 1072 1566 incerta
1124 1510 1395 1580 serpentis
1447 1509 1609 1564 verba
1661 1508 1730 1561 ab
1778 1506 1887 1560 Eva

294 1624 423 1665 esse
471 1616 695 1676 accepta
752 1621 766 1659 :
816 1619 993 1673 neque
1039 1604 1182 1658 enim
1235 1619 1344 1673 prae
1384 1602 1742 1672 imprudentia
1796 1612 1890 1655 aut

286 1698 556 1765 infantia,
590 1696 709 1751 haec
756 1695 961 1763 tacuit;
1011 1695 1211 1765 quippe
1243 1709 1365 1764 quas
1396 1695 1608 1748 ratione
1649 1693 1887 1762 pruden-

298 1791 488 1861 tiaque
536 1791 589 1842 in
624 1789 747 1858 ipso
780 1803 882 1843 suo
916 1798 1037 1841 ortu
1078 1787 1306 1857 praedita
1355 1785 1551 1852 fuerat,
1598 1796 1652 1842 et
1701 1787 1746 1840 si
1789 1801 1883 1854 pa-

1988 592 2240 651 serpente
2270 582 2497 651 decepta
2545 589 2649 647 cst,
2681 589 2841 649 atque
2871 582 2937 634 ad
2972 581 3129 635 tidem
3180 582 3343 651 hujus
3388 586 3566 641 verbis

1988 674 2291 736 habendam
2325 673 2570 729 inducta.
2602 681 2718 727 tum
2747 674 2968 728 demum
3001 674 3134 727 vidit
3163 675 3412 729 arborem
3445 694 3567 734 esse

1988 766 2270 835 pulchram
2311 766 2381 820 ad
2429 767 2782 829 vescendum,
2818 776 2872 820 ct
2912 777 3156 835 spectatu
3193 769 3566 837 expetibilem,

1986 861 2189 930 quippe
2224 859 2586 914 immoderato
2629 859 3009 930 dissolutoque
3048 863 3289 931 appetitu
3322 873 3453 919 tune
3484 881 3571 918 arv-

1988 953 2176 1028 bqrem
2227 961 2551 1022 aspexerat;
2601 952 2741 1007 solet
2792 954 2940 1007 enim
2996 953 3371 1021 hujuscemodi
3421 958 3565 1028 cupi-

1987 1045 2131 1100 dinis
2166 1046 2577 1113 immoderatio,
2606 1047 2651 1101 si
2689 1046 2913 1116 quando
2958 1047 3204 1103 animum
3256 1049 3477 1115 invasit,
3510 1066 3585 1105 ca

1990 1137 2042 1191 iu
2077 1153 2199 1205 qua:
2234 1136 2559 1202 intenditur,
2613 1139 2862 1193 omnium
2900 1139 3272 1209 pttlcherrima
3307 1145 3577 1211 gravissi-

1991 1244 2190 1299 maque
2242 1230 2488 1294 ducere;
2548 1232 2710 1287 sicuti
2775 1234 2997 1288 evenire
3059 1233 3310 1290 videmus
3365 1236 3432 1291 iis
3482 1238 3575 1307 qui

1991 1322 2238 1392 improbo
2292 1322 2510 1379 feminae
2561 1324 2798 1393 alicujus
2856 1340 3046 1381 amore
3099 1326 3458 1395 detinentur;
3513 1344 3577 1384 ea

1988 1418 2155 1482 enim,
2178 1417 2341 1472 etiam
2368 1419 2415 1474 si
2440 1434 2581 1486 saepe
2603 1419 2674 1472 sit
2702 1417 3003 1475 fcedissinia
3036 1419 3576 1490 defortnissiznaque,

1990 1519 2173 1565 tamen
2207 1511 2344 1566 bene
2389 1512 2620 1581 pulchra
2659 1528 2722 1566 ac
2770 1525 3000 1570 venusta
3049 1513 3102 1567 iu
3152 1515 3369 1569 illorum
3406 1517 3578 1571 oculis

1994 1603 2243 1667 habetur,
2279 1604 2418 1658 adeo
2468 1612 2527 1658 ut
2573 1605 2787 1660 illorum
2843 1606 3062 1660 ctecitas
3106 1607 3174 1662 iis
3220 1608 3291 1662 sit
3338 1611 3576 1663 ostentui

1992 1694 2083 1764 qui
2111 1696 2179 1749 ab
2208 1711 2269 1749 ea
2304 1697 2649 1765 permotione
2688 1698 2855 1750 animi
2903 1698 3168 1753 adversus
3221 1699 3368 1753 illam
3422 1700 3580 1755 femi-

1994 1803 2118 1841 nam
2153 1788 2310 1842 vacui
2343 1797 2491 1843 sunt.
2545 1788 2717 1858 Igitur
2753 1790 2879 1859 quia
2920 1791 3163 1855 mulieri,
3195 1793 3394 1861 cupido
3439 1793 3582 1847 illius

307 1900 531 1953 rumper
557 1885 825 1938 adversus
854 1882 1005 1936 illum
1036 1888 1419 1952 argumentata
1450 1879 1665 1943 fuisset,
1694 1879 1887 1933 victrix
1921 1864 1965 1925 Β
1994 1879 2207 1933 arboris
2244 1895 2341 1949 per
2374 1881 2646 1949 serpentis
2680 1879 2925 1935 fraudem
2958 1881 3071 1952 jam
3104 1883 3303 1953 injecta
3340 1894 3478 1953 erat,
3510 1884 3584 1939 ait

313 1979 572 2033 evasisset
601 1994 616 2030 :
650 1977 747 2031 sed
782 1976 854 2031 ita
883 1975 1032 2030 illius
1079 1975 1245 2029 verba
1295 1972 1591 2042 accepisse,
1625 1984 1884 2041 tanquam

311 2087 434 2142 quae
468 2072 657 2140 procul
684 2071 853 2125 dubio
886 2086 1011 2124 vera
1060 2080 1266 2126 essent.
1295 2066 1432 2122 Nam
1484 2083 1580 2136 per
1626 2067 1889 2121 damonis

301 2163 604 2235 nequitiam
657 2162 820 2219 simul
851 2178 974 2218 cum
1021 2161 1128 2216 illis
1160 2160 1339 2215 verbis
1386 2179 1399 2215 :
1446 2158 1514 2213 Et
1561 2160 1708 2213 eritis
1753 2159 1889 2211 sicut

296 2259 396 2323 dii,
428 2258 694 2327 injectum
727 2268 811 2313 est
839 2257 938 2326 ipsi
968 2255 1305 2310 desiderium
1341 2252 1556 2309 arbitris
1585 2252 1888 2321 gustandas,

297 2350 646 2413 incensaque
696 2359 791 2405 est,
830 2346 1081 2418 cupidine
1148 2345 1479 2400 divinitatis.
1542 2343 1692 2398 Solet
1742 2343 1888 2397 enim

297 2452 616 2513 peccatum,
674 2450 908 2495 mentem
940 2453 1130 2494 eorum
1162 2437 1256 2509 qui
1288 2436 1407 2505 ejus
1453 2445 1584 2491 sunt
1630 2435 1888 2499 studiosi,

300 2533 585 2602 captivam
625 2530 730 2584 sibi
772 2529 1111 2599 mancipare.

370 2624 445 2679 D.
504 2623 702 2677 Maria:
734 2631 783 2676 et
836 2621 961 2677 Ευιε
1001 2623 1348 2692 comparatio.
1383 2650 1455 2662 --
1489 2621 1569 2676 Tu
1618 2636 1769 2685 vero,
1813 2621 1890 2676 le-

297 2725 441 2779 ctor,
494 2715 586 2775 hic
623 2714 757 2767 mihi
805 2712 1028 2766 Mariam
1081 2713 1223 2783 apud
1270 2724 1422 2767 tuum
1462 2712 1706 2767 animum
1756 2725 1892 2766 con-

299 2809 518 2862 tendito
574 2806 850 2876 paulisper
902 2820 1027 2860 cum
1069 2804 1215 2873 Eva;
1273 2812 1436 2874 atque
1484 2805 1636 2860 illius
1671 2804 1892 2874 quidem

297 2899 711 2965 fortitudinem,
761 2898 925 2967 hujus
972 2899 1458 2962 veropsocordiam
1508 2913 1573 2953 ac
1622 2897 1891 2967 ignaviam

298 2993 757 3048 animadvertito.
790 2992 963 3049 Maria
991 2993 1138 3047 enim
1165 3006 1289 3062 qua;
1320 2991 1621 3060 saepissime
1648 2990 1897 3045 audierat

296 3089 642 3160 promissum
689 3103 816 3145 esse
853 3104 885 3144 a
929 3088 1040 3143 Deo
1067 3087 1334 3157 patribus,
1367 3086 1705 3141 nasciturum
1734 3083 1895 3138 Chri-

297 3190 475 3243 stum,
513 3196 691 3251 neque
732 3180 1019 3252 ignorabat
1054 3195 1177 3250 quae
1215 3179 1282 3233 de
1330 3193 1394 3234 ea
1435 3194 1493 3233 re
1538 3186 1721 3233 essent
1759 3176 1892 3231 vatio

298 3274 479 3330 cinati
519 3275 818 3344 prophetae,
850 3289 975 3329 cum
1026 3274 1148 3343 ejus
1188 3272 1364 3327 nuntii
1399 3272 1569 3342 gratia
1619 3271 1687 3326 ad
1722 3271 1892 3341 ipsam

300 3367 553 3422 venisset
583 3366 809 3437 angelus
840 3367 1022 3436 specie
1052 3368 1311 3432 humana,
1346 3366 1687 3435 dixissetque
1714 3382 1729 3419 :
1760 3363 1900 3418 Con-

299 3461 472 3527 cipies
519 3468 573 3513 et
622 3459 798 3527 paries
831 3460 913 3521 ⁸³ς
957 3473 1301 3529 nequaquam
1337 3457 1518 3513 subito
1554 3460 1712 3512 tidem
1755 3456 1900 3512 illius

300 3551 499 3607 verbis
535 3551 808 3613 adhibuit,
860 3566 928 3605 eo
979 3550 1124 3622 quod
1181 3550 1486 3605 inauditu’m
1525 3558 1683 3603 antea
1732 3558 1898 3613 esset,

300 3646 583 3716 virginem
636 3646 959 3715 peperisse;
1015 3644 1110 3698 sed
1160 3659 1281 3697 eum
1339 3643 1494 3712 ipso,
1548 3640 1900 3710 disceptando

303 3754 431 3792 rem
475 3740 786 3805 expendere
830 3735 1102 3806 occmpit,
1155 3735 1344 3789 dicens
1395 3751 1412 3788 :
1460 3732 1735 3799 Quomodo
1787 3732 1902 3800 ﬁeri

305 3835 483 3897 potest
514 3836 571 3879 ut
600 3826 697 3880 hoc
723 3829 949 3893 eveniat,
974 3826 1185 3897 quando
1212 3826 1290 3880 rir
1316 3825 1446 3879 mihi
1473 3833 1629 3878 notus
1655 3839 1761 3877 non
1787 3824 1903 3878 est!

314 3922 455 3986 sive,
481 3922 658 3975 virum
692 3936 796 3975 non
829 3937 1085 3991 cognosco
1106 3924 1154 3955 ⁸⁸
1176 3920 1203 3973 ?
1246 3928 1305 3973 ut
1335 3919 1440 3973 alia
1490 3919 1693 3972 habent
1718 3932 1903 3972 exem-

325 4016 514 4085 plaria.
570 4018 654 4072 Ad
709 4017 832 4081 hoc,
884 4017 1019 4073 abiit
1066 4018 1245 4071 visum
1298 4016 1459 4071 etiam
1512 4014 1641 4069 illud
1690 4014 1902 4082 signum

316 4110 464 4179 quod
515 4108 748 4177 angelus
786 4110 1029 4177 dederat,
1077 4124 1188 4179 quo
1224 4107 1291 4164 de
1331 4108 1503 4176 ipsius
1559 4107 1740 4161 verbis
1781 4103 1906 4158 inde

311 4205 523 4259 certior
555 4204 742 4272 ﬁeret;
772 4203 1050 4273 gravidam
1085 4201 1290 4256 scilicet
1322 4200 1717 4261 Elisabetlmu,
1747 4196 1907 4251 steri-

308 4295 420 4351 lem
458 4296 667 4364 alioqui
702 4310 888 4348 anum.
923 4294 994 4348 At
1026 4292 1137 4347 Eva
1168 4307 1292 4362 qua;
1327 4306 1604 4360 nunquam
1637 4290 1906 4351 audierat,

311 4386 491 4443 Deum
531 4386 739 4442 invidia
775 4387 1046 4451 laborare,
1077 4395 1172 4440 aut
1201 4400 1260 4439 se
1290 4383 1396 4438 diis
1432 4396 1590 4450 pares
1620 4381 1834 4435 futuros
1864 4379 1905 4433 si

312 4479 383 4535 de
408 4479 582 4533 vetita
608 4478 805 4531 arbore
832 4484 1119 4549 gustarem
1137 4514 1153 4540 ,
1191 4474 1353 4529 simul
1384 4482 1550 4542 atque
1581 4471 1911 4542 loquebatur

1995 1974 2194 2037 Moses,
2235 1976 2407 2043 ipsam
2455 1976 2648 2030 vidisse
2695 1977 2937 2030 arborem
2991 1978 3131 2048 quod
3180 1979 3402 2047 pulchra
3454 1996 3586 2039 esset

1994 2067 2063 2121 ad
2101 2067 2430 2132 vescendum,
2487 2078 2590 2123 etc.
2651 2068 2756 2123 Sed
2812 2080 2993 2124 utres
3045 2072 3219 2141 magis
3259 2073 3582 2139 illustretur,

1990 2161 2252 2226 dicimus,
2309 2161 2486 2216 tribus
2535 2162 2762 2216 omnino
2842 2162 3051 2218 vicibus
3102 2164 3210 2218 alio
3257 2176 3419 2235 atque
3478 2168 3587 2223 alio

1997 2252 2162 2307 modo
2199 2252 2365 2306 Evam
2399 2253 2603 2308 vidisse
2636 2254 2781 2307 illam
2814 2253 3089 2310 arborem.
3119 2255 3305 2311 Primo
3335 2259 3582 2328 quidem,

1994 2345 2213 2417 quando
2243 2345 2362 2413 lege
2389 2360 2508 2399 eam
2546 2345 2761 2400 velabat
2788 2345 2968 2413 Deus;
3006 2346 3201 2402 iterum
3235 2364 3264 2403 a
3297 2348 3497 2405 Sataua
3530 2351 3584 2406 in

1996 2438 2246 2494 fraudem
2297 2439 2629 2493 illiciebatur
2668 2439 2817 2510 ipsa;
2863 2442 3024 2495 tertio
3077 2455 3367 2513 postquam
3399 2446 3464 2500 de
3495 2447 3587 2502 illa

1997 2532 2221 2589 edisset.
2258 2532 2323 2586 Et
2369 2533 2546 2602 primo
2572 2536 2793 2603 quidem
2825 2533 3150 2604 simpliciter
3180 2537 3432 2593 intuitalii
3464 2556 3589 2595 esse

1997 2636 2057 2681 ut
2093 2637 2414 2681 czeterarum
2456 2624 2717 2678 arborum
2749 2642 2921 2687 unam
2964 2629 3307 2697 quamlibet._
3332 2632 3587 2684 Secundo

1996 2734 2129 2775 vero
2168 2735 2275 2774 non
2312 2719 2639 2788 simpluiter
2673 2720 2976 2788 aspexisse,
3014 2720 3107 2775 sed
3150 2736 3274 2775 cum
3323 2723 3583 2791 cupidine

1998 2828 2103 2883 qua
2141 2811 2255 2882 jam
2295 2821 2407 2864 tum
2450 2812 2757 2874 tenebatur,
2791 2827 3007 2881 quaque
3050 2814 3307 2868 censebat
3336 2815 3584 2869 omnium

1997 2903 2427 2976 pulcherrimam
2485 2917 2650 2967 esse;
2694 2903 2839 2958 sicut
2888 2903 3130 2959 Thamar
3184 2906 3590 2962 formosissima

1998 2998 2288 3053 videbatur
2329 2997 2381 3050 in
2413 2996 2589 3052 oculis
2624 2997 2909 3053 Ammonis
2942 3013 3129 3054 amore
3161 2998 3281 3067 ejus
3317 3000 3586 3070 impediti.

2001 3091 2188 3147 Tertio
2223 3092 2481 3170 denique,
2523 3090 2683 3145 simul
2732 3100 2895 3159 atque
2945 3101 3243 3162 gustasset,
3295 3101 3407 3147 tum
3460 3109 3591 3147 vero

2002 3186 2220 3241 demum
2255 3199 2356 3254 pro
2389 3184 2546 3239 valde
2584 3182 2729 3238 fmda
2783 3183 3011 3253 diraque
3051 3184 3312 3239 habuisse
3361 3202 3375 3238 :
3425 3185 3589 3239 sicuti

2002 3278 2170 3333 etiam
2211 3276 2447 3330 Ammon
2503 3290 2745 3330 sororem
2799 3291 2955 3330 suam
3007 3276 3267 3340 Thamar,
3324 3287 3384 3332 ut
3419 3278 3594 3333 viola-

2001 3377 2176 3435 verat,
2209 3368 2447 3425 invisam
2479 3367 2741 3434 habebat;
2777 3369 3025 3438 quamvis
3053 3371 3196 3422 enim
3229 3384 3336 3424 una
3366 3370 3591 3425 cadem-

2003 3477 2112 3533 que
2161 3463 2418 3517 manebat
2467 3459 2645 3530 ipsius
2696 3458 2937 3515 Thamar
2978 3459 3150 3514 forma
3198 3474 3324 3515 ante
3372 3471 3427 3515 et
3474 3472 3619 3531 post,

2004 3556 2304 3610 admissum
2355 3564 2626 3622 stuprum,
2679 3560 2863 3607 tamen
2914 3569 3078 3622 quam
3136 3555 3290 3622 prius
3325 3552 3492 3607 frater
3525 3557 3595 3608 oh

2004 3655 2343 3702 venustatem
2369 3645 2672 3710 adamarat,
2704 3656 2994 3716 postquam
3022 3662 3116 3713 per
3142 3656 3424 3715 peccatum
3451 3658 3597 3701 esset

2006 3740 2233 3802 abusus,
2285 3735 2413 3791 odio
2459 3736 2898 3804 prosequebatur
2926 3734 2993 3789 ⁸⁵.
3045 3734 3234 3804 Itaque
3281 3736 3449 3788 arbor
3505 3736 3595 3787 illa

2005 3844 2128 3899 quae
2163 3828 2277 3899 pari
2329 3827 2734 3897 pulchritudine
2779 3826 2883 3881 fuit
2925 3842 3047 3881 cum
3081 3825 3149 3881 de
3195 3829 3309 3896 ipsa
3358 3824 3597 3880 ferretur

2008 3922 2092 3975 lex
2127 3928 2182 3976 et
2230 3934 2354 3972 cum
2407 3930 2553 3973 esset
2591 3918 2825 3973 dzemoni
2867 3917 3079 3972 fraudis
3121 3918 3371 3978 materia.
3405 3932 3470 3971 ac
3502 3919 3598 3970 de-

2009 4014 2174 4084 nique
2220 4020 2344 4083 post
2382 4012 2700 4082 decerptum
2740 4018 3133 4081 gnstatumque
3163 4025 3193 4064 a
3227 4010 3456 4064 muliere
3486 4008 3602 4065 fru-

2010 4116 2199 4171 ctum;
2241 4110 2419 4160 tamen
2472 4105 2650 4174 primo
2703 4119 2881 4174 neque
2937 4102 3169 4172 pulchra
3220 4118 3399 4172 neque
3452 4101 3602 4157 foeda

2010 4200 2124 4254 visa
2155 4197 2349 4270 primis
2402 4196 2607 4251 nostris
2655 4196 2981 4264 parentibus
3027 4203 3133 4262 est,
3167 4209 3290 4249 mox
3323 4209 3455 4249 vero
3486 4193 3605 4264 pul-

2012 4291 2328 4355 cherrima,
2387 4289 2480 4344 sed
2550 4297 2829 4358 postremo
2899 4289 3060 4359 plane
3126 4288 3464 4344 detestabilis
3521 4296 3607 4342 est

2013 4384 2199 4439 habita
2239 4392 2528 4454 postquam
2585 4391 2869 4451 peccatum
2928 4397 3024 4452 per
3081 4381 3255 4451 ipsam
3313 4381 3605 4436 admisere.

2014 4477 2163 4531 Vidit
2212 4475 2376 4546 igitur
2413 4474 2560 4543 quod
2613 4474 2839 4544 pulchra
2890 4475 3289 4543 commodaque
3338 4483 3487 4527 esset
3538 4473 3605 4525 ad

313 4585 445 4625 Cum
484 4572 628 4639 ipsa.
656 4584 763 4624 "0“
789 4569 903 4637 iam
934 4567 1173 4622 humata
1201 4564 1611 4634 ειῑειυῖεεερεεῖυ
1634 4576 1907 4632 apparens
1940 4565 1982 4620 υ
2015 4570 2342 4627 vescendum
2378 4584 2488 4640 pra:
2524 4568 2734 4623 caeteris
2776 4568 3011 4637 paradisi
3060 4566 3401 4636 quibuslibet
3447 4565 3608 4619 arbo-

316 4666 413 4718 sed
456 4676 710 4730 serpens,
748 4660 884 4715 nihil
923 4660 1167 4730 disputat
1203 4657 1272 4713 de
1316 4656 1534 4720 arbore,
1568 4655 1660 4709 sed
1712 4653 1911 4708 divini-

321 4756 453 4808 tatis
489 4755 794 4809 ambitione
839 4752 1174 4816 incenditur,
1208 4747 1600 4819 vilipcnditque
1634 4745 1727 4799 Dei
1760 4760 1914 4799 man-

331 4845 543 4909 datum,
579 4860 749 4914 quare
780 4856 1151 4901 couscntanee
1175 4843 1242 4898 de
1274 4857 1335 4897 ea
1368 4841 1576 4897 dietum
1610 4848 1696 4894 est
1726 4853 1755 4891 a
1787 4836 1914 4891 divo

338 4934 488 4989 lose
524 4955 540 4992 :
578 4936 645 4991 Et
679 4939 805 4991 vidit
837 4936 1032 4990 mulier
1067 4936 1208 5006 quod
1234 4934 1458 5005 pulchra
1489 4941 1622 4986 esset
1655 4930 1815 4986 arbor
1843 4930 1912 4983 ad

334 5029 666 5095 vescendum,
700 5038 751 5084 et
782 5031 1077 5099 expetibilis
1113 5029 1300 5093 oculis,
1350 5034 1509 5096 atque
1545 5023 1911 5079 desiderabilis

324 5132 592 5192 spectata.
646 5121 871 5178 Viderat
921 5122 1140 5193 quidem
1198 5120 1400 5175 feiiiina
1461 5118 1712 5173 arborem
1762 5115 1910 5169 illam

322 5217 493 5272 etiam
542 5216 697 5285 prius
737 5230 900 5287 quam
951 5215 1096 5269 illam
1150 5228 1378 5282 serpens
1427 5210 1694 5275 adiisset,
1737 5216 1915 5278 neque

322 5311 476 5364 enim
530 5318 749 5378 poterat
802 5308 922 5377 lege
974 5305 1207 5360 inhiberi
1262 5303 1363 5374 ipsi
1418 5304 1584 5357 arbor
1635 5316 1744 5356 non
1777 5301 1913 5354 visa.

321 5402 488 5470 Quod
529 5417 663 5460 vero
708 5400 890 5456 Moses
933 5400 1046 5470 jam
1093 5400 1192 5462 ait,
1232 5398 1420 5452 vidisse
1458 5395 1730 5450 mulierem
1780 5395 1918 5464 quod

319 5496 557 5567 pulchra
582 5504 727 5549 esset»
748 5495 907 5549 arbor
929 5494 997 5548 ad
1024 5492 1355 5557 vescendum,
1382 5498 1437 5546 et
1466 5505 1587 5559 quae
1614 5498 1921 5559 sequuntur

323 5589 463 5651 alia,
515 5589 761 5644 ostendit
807 5587 917 5640 alio
972 5585 1132 5639 modo
1177 5592 1304 5638 ante
1335 5580 1600 5636 daemonis
1633 5592 1918 5634 accessum

321 5683 509 5738 visam
548 5680 618 5735 ab
650 5681 740 5736 illa
773 5680 945 5736 fuisse
972 5680 1250 5741 arborem,
1283 5675 1395 5732 alio
1426 5684 1573 5746 post.
1603 5676 1747 5728 Ante
1773 5671 1920 5725 enim

406 5861 454 5893 ⁸³
484 5862 617 5920 Luc.
675 5878 712 5923 ι.
757 5860 847 5913 5i.

701 5959 974 6022 PATRttL.
1026 5959 1139 6017 (in.
1189 5956 1347 6018 CXI.

2017 4663 2197 4728 ribus,
2240 4677 2418 4734 eoque
2463 4664 2674 4718 acriore
2719 4663 2772 4717 in
2819 4661 2991 4728 ipsam
3036 4657 3279 4728 appetitu
3320 4667 3474 4727 rapta
3524 4669 3608 4710 est

2019 4770 2184 4826 quam
2214 4754 2267 4809 in
2295 4763 2615 4809 exterarum
2644 4752 2882 4822 aliquam
2907 4766 2922 4814 ;
2956 4763 3064 4803 non
3099 4748 3242 4818 quod
3274 4748 3439 4800 arbor
3465 4748 3603 4814 ipsa.

2022 4847 2117 4902 sed
2142 4846 2271 4916 quia
2298 4845 2513 4900 femina:
2535 4845 2752 4900 animus
2775 4851 2919 4897 esset
2947 4848 3190 4894 mutatus
3217 4852 3314 4909 per
3335 4837 3608 4906 serpentis

2023 4939 2329 5004 fraudem,
2372 4941 2464 5009 qui
2517 4935 2767 4991 muliebri
2823 4933 3148 4988 crudelitate
3201 4941 3363 5000 atque
3417 4928 3605 4984 etl‘rcni

2024 5030 2248 5084 libidine
2280 5029 2454 5098 ipsam
2489 5028 2684 5098 agebat
2716 5024 3051 5096 pra-cipitcm
3080 5024 3145 5077 ad
3176 5036 3295 5076 eam
3329 5021 3608 5076 arborem.

2022 5118 2291 5177 Caeterum
2331 5117 2511 5189 aptior
2542 5117 2718 5172 videri
2763 5117 2934 5187 possit
2973 5114 3267 5170 verborum
3306 5119 3608 5173 structura.

2025 5215 2071 5268 si
2112 5212 2193 5269 sic
2225 5212 2439 5282 legatur
2478 5229 2494 5266 :
2536 5209 2604 5264 Et
2644 5210 2775 5263 vidit
2810 5207 2998 5262 mulier
3036 5205 3175 5277 quod
3223 5204 3444 5274 pulchra
3478 5215 3613 5259 esset

2028 5305 2188 5359 arbor
2232 5303 2426 5367 oculis,
2452 5315 2499 5358 et
2530 5300 2823 5372 expetibilis
2872 5299 2940 5353 ad
2982 5297 3327 5363 vescendum;
3364 5296 3613 5367 pulchri-

2030 5399 2163 5453 tudo
2201 5399 2348 5454 enim
2378 5398 2445 5452 ad
2479 5397 2758 5467 Spectandi
2793 5408 3015 5450 sensum
3068 5395 3322 5463 pertinet,
3357 5403 3417 5445 ut
3445 5404 3613 5460 appe-

2030 5491 2169 5546 titus
2202 5489 2269 5544 ad
2305 5488 2513 5545 cibum.
2547 5485 2651 5543 Sed
2696 5488 2803 5541 hoc
2833 5473 2960 5540 alibi
2994 5484 3105 5555 jam
3138 5498 3169 5538 a
3200 5484 3360 5537 nobis
3391 5492 3475 5537 est
3503 5490 3614 5535 tra-

2033 5588 2262 5637 ctatum.
2298 5579 2399 5635 Est
2432 5592 2561 5635 vero
2594 5587 2649 5632 ct
2682 5577 2786 5632 hoc
2824 5573 3368 5632 animadvertendum
3403 5587 3470 5627 ex
3502 5571 3616 5627 illis

2034 5672 2215 5729 verbis
2257 5690 2272 5729 :
2317 5672 2382 5726 lit
2426 5672 2551 5727 vidit
2606 5669 2819 5738 mulier,
2874 5678 3005 5735 etc.,
3053 5665 3232 5736 colligi
3283 5665 3456 5735 ipsam
3507 5679 3615 5720 non

924 5858 972 5891 ”
1004 5859 1139 5912 lliid.
1191 5858 1280 5911 54.
1355 5858 1400 5892 ⁵⁸
1435 5854 1476 5913 ll
1510 5855 1644 5930 Reg.
1680 5871 1803 5925 χιιι,
1839 5854 1864 5909 l
1900 5868 2055 5925 seqq.

3190 5938 3264 6001 13
