4086 6388
499 344 604 409 555

1774 333 2008 394 MOSIS
2046 329 2198 392 ΒΑΗ
2239 330 2491 392 CEPHA

3649 332 3759 392 53-6

499 462 684 520 subito
723 474 787 515 ac
822 473 1049 530 propere
1096 457 1164 512 de
1205 457 1402 512 arbore
1448 464 1721 528 gustasse,
1771 453 1866 509 sed
1902 452 2074 509 multa
2105 455 2149 511 Α
2178 457 2484 520 acceperat,
2520 447 2769 503 futurum
2800 455 2859 501 ut
2887 460 2995 501 nou
3029 446 3205 501 solum
3244 461 3352 501 non
3390 457 3763 514 morerentur,

500 552 652 621 prius
703 565 890 606 secum
940 548 1256 602 meditatam
1298 557 1507 616 :atque
1555 561 1680 600 cum
1719 544 1888 609 illam,
1927 545 2081 613 insta

499 644 763 698 insistens
811 640 883 697 ob
934 641 1126 695 oculos
1182 638 1403 693 haberet
1455 656 1471 693 :
1519 646 1930 706 aspectantem,
1976 635 2081 689 alia

500 746 668 806 atque
707 733 812 789 alia
855 733 1039 788 animo
1068 731 1306 787 voluisse
1338 747 1354 785 :
1389 727 1457 783 Et
1488 730 1686 799 accepit
1716 730 1787 782 de
1824 728 2082 799 fructibus

501 827 670 896 ipsius
701 834 751 879 et
782 824 912 878 edit.

572 915 682 975 Cur
733 913 845 971 Eva
895 922 1017 970 ante
1069 921 1311 968 vocatum
1363 913 1633 968 Adamunt
1679 913 1967 983 gustaverit
2018 911 2084 966 de

504 1009 691 1065 arbore
719 1008 972 1067 scientia.
998 1035 1068 1049 -—-
1094 1004 1315 1073 Quaerat
1346 1005 1571 1074 aliquis,
1598 1020 1697 1060 cur
1731 1020 1841 1060 non
1873 1004 2085 1059 vocarit

505 1101 776 1155 Adamnm
800 1137 815 1165 ,
864 1105 923 1155 ut
967 1097 1016 1153 is
1053 1099 1205 1166 prior
1247 1095 1466 1151 ederet!
1511 1095 1770 1150 nimirum
1811 1092 2078 1149 transfor-

508 1193 647 1248 mari
685 1192 800 1262 ipsa
830 1192 981 1261 prior
1010 1189 1269 1260 cupiebat
1302 1189 1356 1243 in
1386 1187 1575 1256 deum,
1597 1188 1888 1258 virumque
1920 1200 2083 1241 suum

504 1285 789 1341 divinitate
838 1283 1156 1340 antevenire
1200 1282 1294 1352 qui
1345 1296 1405 1337 se
1455 1281 1798 1336 humanitate
1847 1292 2084 1350 praeces-

504 1384 676 1441 serat,
728 1387 839 1445 quo
889 1374 992 1433 hac
1039 1373 1255 1429 ratione
1307 1370 1843 1428 administrationem
1896 1383 2083 1424 rerum

506 1480 618 1536 prae
654 1464 749 1520 illo
795 1472 959 1535 atque
1012 1462 1301 1533 imperium
1350 1460 1622 1516 obtineret
1668 1476 1684 1513 :
1734 1457 2087 1515 existimabat

501 1557 649 1614 enim
698 1556 864 1615 simul
901 1562 1068 1626 atque
1105 1561 1376 1625 gustaret,
1415 1552 1688 1624 evestigio
1734 1553 1789 1608 in
1834 1552 1993 1608 deam
2027 1566 2088 1608 se

504 1649 956 1706 transformatum
999 1645 1066 1702 iri
1106 1661 1208 1718 pro
1255 1645 1465 1703 fallacis
1515 1644 1787 1715 serpentis
1832 1644 2084 1700 consilio.

504 1743 747 1798 Rursum
777 1742 949 1813 quaeri
980 1748 1183 1811 potest,
1216 1738 1576 1810 quamobrem
1610 1752 1720 1794 non
1753 1746 1881 1793 sunt
1913 1737 2085 1808 aperti

2182 555 2376 596 verum
2419 539 2583 595 etiam
2640 539 2869 595 deorum
2922 538 3133 594 similes
3180 540 3508 604 evaderent,
3554 549 3610 594 et
3657 538 3769 595 alia

2184 635 2408 704 insuper
2441 632 2719 689 aliinxisse
2756 631 2958 702 quibus
3005 631 3267 684 maritum
3316 629 3383 684 ad
3434 630 3770 685 vescendum

2184 728 2489 798 pelliceret,
2534 733 2704 797 atque
2746 725 2820 780 ita
2857 734 3154 794 utrumque
3191 723 3394 785 edisse,
3443 720 3775 792 facinusque

2183 820 2483 891 pessimum
2516 818 2824 873 admisisse.
2858 816 3001 883 Quin
3033 816 3297 871 dominus
3349 814 3584 885 Ephrem
3628 814 3770 868 scri-

2185 911 2286 977 bit,
2330 909 2496 965 Evam
2531 910 2705 966 multa
2751 908 3146 979 pollicitatione
3190 907 3521 964 soliicitasse
3558 909 3774 976 virum,

2185 1012 2348 1075 atque
2393 998 2462 1058 ad
2509 1004 2841 1059 vescendum
2883 1002 3189 1069 induxisse,
3245 1008 3501 1056 caeterum
3554 1000 3775 1068 Mosen,

2186 1097 2388 1166 quibus
2439 1111 2535 1151 usa
2584 1096 2703 1166 ipsa
2754 1095 2827 1150 sit
2861 1095 3080 1160 verbis,
3136 1093 3594 1164 prmtcrmisisse,
3641 1110 3774 1150 cum

2187 1196 2331 1243 esset
2359 1197 2656 1244 contentus
2684 1188 2938 1245 docuisse
2970 1201 3072 1242 nos
3103 1186 3361 1242 feminam
3396 1188 3518 1242 viro
3546 1202 3776 1242 causam

2186 1279 2453 1335 violandae
2490 1280 2623 1351 legis
2661 1280 2853 1346 fuisse,
2894 1294 2960 1334 eo
2990 1279 3138 1349 quod
3174 1280 3371 1335 vetitos
3412 1277 3631 1335 fruetus
3666 1280 3774 1350 ipsi

2186 1372 2427 1428 edendos
2468 1371 2946 1436 subministrarit,
3000 1379 3055 1426 et
3097 1370 3263 1427 simul
3312 1370 3529 1424 animos
3576 1370 3779 1425 edendi

2189 1463 2461 1518 addiderit
2496 1480 2512 1518 :
2543 1464 2814 1533 serpentis
2846 1477 2977 1518 vero
3009 1463 3173 1518 verba
3206 1463 3405 1518 litteris
3437 1462 3774 1532 prodidisse.

2188 1563 2251 1609 ut
2293 1568 2418 1609 eum
2462 1553 2897 1624 intelligeremus
2939 1552 3117 1622 ipsum
3166 1568 3289 1608 esse
3335 1554 3554 1622 generis
3596 1553 3775 1608 nostri

2192 1660 2542 1702 communem
2587 1647 2823 1709 hostem,
2858 1660 3036 1716 eoque
3070 1645 3307 1701 insidias
3350 1645 3783 1715 improbitatem-

2191 1724 2300 1810 que
2350 1738 2548 1809 ipsius,
2599 1737 2883 1802 evitandi,
2938 1737 3115 1809 major
3163 1737 3321 1793 nobis
3374 1738 3558 1793 cautio
3604 1748 3776 1795 esset.

504 1834 753 1891 mulieris
788 1790 955 1901 ait;
981 1790 1582 1905 ἒέῌᾶὲὶὲῐᾷιὶῖἑιᾲὲῶ
1610 1790 2085 1902 gafanas
2120 1790 2167 1854 Β
2194 1790 2548 1900 ἒᾷἱιόἐιὲιῖ
2577 1790 3046 1886 unum;
3088 1790 3779 1901 ςυέιξιιὲειιθιιιῃιειᾷιὲιῖὲὲ

511 1942 635 1982 snex
673 1925 766 1981 ubi
799 1925 1005 1981 edisset
1043 1940 1168 1981 eum
1203 1923 1470 1991 fructum,
1505 1923 1647 1981 sicut
1685 1922 1886 1979 accidit
1952 1922 2090 1978 utri-

507 2034 613 2086 que
645 2026 933 2089 postquam
965 2015 1204 2073 edissent
1252 2017 1436 2073 ambo.
1472 2012 1652 2086 Hujus
1681 2014 1759 2069 rei
1798 2014 1914 2070 hac
1962 2013 2088 2069 red-

507 2110 685 2165 denda
715 2117 800 2164 cst
841 2107 983 2164 ratio
1014 2124 1028 2163 :
1061 2107 1107 2163 si
1144 2106 1232 2163 illa
1272 2107 1440 2163 simul
1486 2119 1650 2180 atque
1686 2110 1834 2180 prior
1863 2109 2085 2179 edisset,

505 2199 851 2255 verecundia:
881 2212 1048 2254 sensu
1082 2196 1279 2254 fuisset
1313 2198 1590 2269 perculsa,
1622 2200 1908 2257 metuisset
1942 2199 2090 2256 Ada-

510 2305 632 2345 mus
693 2300 860 2360 atque
923 2289 1322 2355 abstinuisset,
1389 2305 1570 2361 neque
1636 2300 1827 2347 tamen.
1874 2306 1938 2346 ea
1983 2291 2089 2348 sibi

499 2386 838 2442 abstinentia
888 2384 1117 2456 jnstitiae
1164 2384 1382 2441 laudem
1432 2384 1598 2439 ullam
1651 2385 1974 2452 meruisset,
2027 2395 2091 2439 ut

511 2481 605 2549 qui
637 2493 746 2533 non
772 2478 974 2533 divina:
1000 2477 1140 2547 legis
1169 2478 1474 2533 reverentia
1502 2485 1556 2532 et
1585 2485 1833 2546 respectu
1866 2476 1961 2533 sed
1994 2491 2091 2548 per

511 2571 700 2623 uxoris
747 2570 1007 2639 pudorem
1057 2566 1254 2623 fuisset
1301 2568 1601 2623 cohibitus.
1648 2567 1823 2635 igitur
1867 2568 2090 2636 quando

502 2671 784 2716 crrlamen
817 2678 883 2716 cx
915 2677 1071 2732 teque
1104 2659 1173 2717 ad
1213 2670 1507 2730 utrumque
1545 2659 1854 2729 spectabat,
1884 2656 2090 2717 iacien-

510 2757 751 2825 dumque
780 2764 899 2810 erat
947 2754 1249 2825 periculum
1280 2754 1349 2809 de
1383 2752 1668 2824 utriusque
1712 2752 1876 2808 simul
1910 2752 2092 2811 manu

502 2868 579 2906 ac
603 2852 915 2916 voluntate;
951 2846 1165 2903 distulit
1196 2846 1340 2902 Deus
1370 2845 1493 2900 Eva:
1520 2845 1934 2913 verecundiam,
1961 2843 2092 2899 eﬂ'e-

511 2944 696 3012 citqne
740 2958 806 2999 ne
828 2943 1010 3013 ipsam
1040 2939 1207 2996 simul
1236 2954 1356 2994 cum
1386 2947 1603 3010 gustato
1646 2937 1828 2994 fructu
1864 2936 2095 3008 puderet

512 3034 797 3090 nudatatis.
827 3030 895 3085 Et
920 3031 1059 3085 dedit
1087 3031 1248 3085 etiam
1273 3031 1382 3084 viro
1409 3046 1505 3083 suo
1535 3045 1733 3096 secum,
1761 3038 1811 3082 et
1841 3027 2090 3083 comedit.

508 3125 1022 3179 Esistimandumne
1050 3130 1136 3177 est
1170 3123 1257 3177 hic
1290 3121 1571 3177 mulierem
1615 3120 1943 3191 simpliciter
1974 3120 2094 3175 viro
2124 3155 2168 3213 ϐ

514 3216 856 3285 porrexisse,
911 3215 1088 3269 virum
1144 3229 1271 3268 vero
1322 3213 1523 3277 edisse,
1576 3228 1700 3267 cum
1777 3225 1953 3282 neque
2004 3209 2096 3266 illa

515 3309 737 3362 verbum
770 3310 941 3362 ullum
970 3305 1042 3361 ad
1084 3306 1261 3375 ipsum
1292 3304 1517 3369 faceret,
1548 3320 1724 3374 neque
1754 3304 1875 3374 ipse
1901 3319 2097 3369 rursus

516 3399 658 3468 apud
706 3398 853 3451 illam
899 3396 966 3452 de
992 3410 1059 3451 eo
1098 3395 1220 3450 cibo
1251 3393 1625 3469 disquirereti
1658 3394 1802 3449 Sane
1831 3408 1932 3449 nos
1958 3408 2095 3449 ceu-

517 3506 704 3545 semus
731 3500 785 3544 et
810 3490 989 3544 virum
1028 3487 1098 3543 de
1128 3486 1251 3542 cibo
1293 3485 1696 3556 disquisivisse,
1725 3495 1779 3541 et
1811 3485 2096 3540 mulierem

513 3583 620 3654 ipsi
658 3592 774 3637 tum
819 3596 883 3636 ea
930 3579 1094 3634 verba
1135 3576 1390 3633 retulisse
1424 3575 1571 3647 quod
1615 3590 1843 3645 serpens
1883 3574 2095 3630 daemon

518 3679 621 3734 sibi
668 3677 913 3741 dixerat,
966 3684 1078 3728 tum
1135 3671 1246 3727 alia
1298 3678 1566 3741 praeterea
1611 3683 1677 3723 ex
1732 3682 1833 3722 suo
1880 3667 2100 3735 ingenio

512 3771 784 3841 adiecisse
823 3783 945 3841 quae
993 3768 1060 3821 ad
1110 3764 1553 3837 persuadendum
1598 3762 1868 3817 Adamnm
1918 3759 2100 3816 facere

518 3870 735 3931 putaret
785 3859 1001 3930 :idqne
1040 3857 1129 3913 his
1166 3855 1474 3911 rationibus
1518 3851 1884 3908 demonstrari
1936 3863 2102 3921 posse

512 3958 921 4012 existimamus.
954 3952 1139 4010 Primo
1184 3950 1333 4006 cnim
1381 3962 1509 4004 cum
1556 3955 1682 4001 ante
1717 3945 1976 4001 violatam
2017 3942 2099 3996 leo

517 4064 665 4118 guilt,
702 4061 912 4116 magum
949 4057 1095 4099 cum
1125 4041 1291 4095 fuerit
1320 4039 1536 4110 utrique
1568 4026 1637 4095 ne
1665 4036 1796 4109 quid
1830 4036 2100 4091 adversus

520 4138 614 4192 Dei
650 4137 808 4206 jussa
851 4135 1284 4195 committerent,
1330 4144 1438 4184 non
1480 4129 1661 4200 potuit
1711 4126 1957 4196 profecto
1987 4124 2099 4181 Eva

516 4227 849 4301 porrigendo
900 4225 1064 4280 modo
1114 4223 1298 4279 cibum
1359 4220 1586 4275 vetitum
1641 4233 1818 4289 neque
1871 4217 2098 4274 verbum

521 4322 690 4376 ullum
735 4318 983 4379 addendo
1021 4316 1282 4372 inducere
1316 4312 1589 4368 Adamum
1635 4312 1704 4366 ad
1743 4310 2102 4376 vescendum;

519 4414 656 4467 nihil
690 4424 917 4483 prorsus
960 4407 1030 4465 de
1057 4422 1124 4464 eo
1165 4404 1312 4477 quod
1346 4403 1749 4477 porrigebatur,
1784 4401 2099 4472 disquireu-

2193 1921 2327 1987 Eva.
2367 1931 2424 1979 et
2465 1937 2760 1995 quemnam
2812 1922 3050 1978 fructum
3086 1922 3399 1993 gustarint,
3433 1939 3600 1995 supra
3629 1933 3715 1981 est
3744 1940 3777 1982 a

2194 2015 2354 2073 nobis
2403 2023 2818 2086 pertractutum.
2872 2014 2953 2069 Ad
3012 2013 3130 2069 haec
3191 2013 3327 2069 illud
3374 2015 3540 2069 etiam
3589 2031 3772 2087 opera:

2193 2108 2432 2180 pretium
2470 2106 2635 2163 fuerit
2671 2106 3130 2162 animadvertisse
3179 2122 3195 2161 :
3244 2121 3370 2163 eum
3421 2107 3665 2178 quisquis
3705 2122 3767 2163 re

2194 2201 2377 2272 aliqua
2421 2200 2683 2267 vescitur,
2727 2208 2824 2254 aut
2866 2196 3026 2253 famis
3060 2198 3393 2255 necessitate
3421 2199 3640 2269 impelli,
3673 2210 3773 2254 aut

2194 2296 2276 2352 rei
2308 2294 2428 2365 ejus
2467 2292 2695 2348 libidine
2732 2290 3104 2361 eifrenataque
3140 2290 3477 2361 cupiditate;
3506 2292 3787 2346 Adanmm

2197 2387 2346 2442 nulla
2381 2386 2526 2440 fame
2556 2393 2806 2455 cogente,
2852 2381 2948 2438 sed
2994 2382 3218 2438 libidine
3263 2382 3549 2447 suadente,
3581 2384 3649 2439 de
3684 2385 3778 2439 ilia

2197 2479 2395 2534 arbore
2424 2477 2628 2543 edisse,
2668 2491 2732 2532 ac
2775 2476 3001 2545 proinde
3028 2476 3077 2532 ei
3108 2478 3573 2547 concupiscentia:
3598 2480 3786 2532 colun-

2198 2574 2340 2629 sisse
2368 2579 2678 2639 peccatum.
2714 2567 2850 2624 Nam
2884 2578 2944 2623 ut
2977 2569 3355 2640 apostolorum
3400 2569 3624 2640 quidam
3657 2571 3738 2625 ait
3768 2588 3784 2626 :

2197 2662 2636 2734 Concupiscentia
2695 2661 2924 2724 concipit
2974 2670 3025 2715 et
3074 2662 3220 2731 parit
3282 2670 3554 2731 peccatum
3593 2661 3667 2715 “.
3723 2662 3783 2718 Si

2197 2758 2344 2814 enim
2371 2771 2478 2810 non
2502 2770 2596 2827 per
2624 2753 2930 2817 libidinem,
2962 2752 3056 2808 sed
3087 2762 3146 2808 ut
3170 2753 3263 2823 qui
3282 2755 3622 2809 nutrimento
3645 2768 3787 2825 Opus

2197 2850 2445 2912 haberet,
2489 2845 2711 2909 edisset,
2748 2845 2817 2900 de
2847 2848 3063 2903 caeteris
3098 2846 3304 2902 edisset
3346 2846 3641 2904 arboribus
3676 2849 3782 2902 sibi

2199 2941 2254 2997 in
2288 2948 2500 3011 pastum
2552 2940 2858 3010 permissis,
2899 2952 3017 2994 non
3055 2939 3121 2994 de
3164 2955 3229 2995 ea
3277 2948 3459 2995 autem
3507 2955 3631 3010 qua:
3664 2941 3782 2994 sola

2199 3033 2301 3089 sibi
2331 3032 2517 3088 fuerat
2535 3033 2700 3087 vetita
2725 3049 2739 3086 :
2768 3031 2949 3101 itaque
2978 3031 3157 3087 fames
3177 3042 3331 3088 extra
3361 3047 3563 3089 noxam
3598 3032 3784 3088 futma

2200 3132 2349 3188 enat,
2383 3137 2509 3177 cum
2558 3122 3002 3191 concupiscentia
3045 3138 3169 3177 cum
3215 3133 3445 3194 peccato
3484 3124 3811 3195 conjuncta

2200 3214 2308 3282 sit;
2341 3215 2543 3285 quippe
2578 3213 2717 3269 hanc
2757 3213 3006 3268 ciborum
3052 3214 3296 3269 luxui-ius
3335 3214 3651 3278 conﬁtetur,
3687 3216 3782 3283 qui

2199 3319 2329 3359 vero
2363 3303 2623 3376 ingluviei
2663 3304 2966 3375 indulgent.
3004 3306 3073 3361 ad
3119 3318 3372 3361 venerem
3415 3306 3572 3376 proni
3621 3308 3782 3369 fiunt,

2202 3406 2393 3469 utpote
2428 3396 2629 3467 gulosi,
2680 3398 2856 3451 ventri
2908 3396 3230 3466 mancipati,
3266 3395 3494 3465 prejeeti
3541 3396 3786 3466 denique

2200 3490 2269 3544 ad
2317 3488 2730 3553 ebriositatem,
2778 3503 2899 3559 qua:
2945 3490 3072 3543 vitia
3123 3499 3286 3558 atque
3339 3487 3577 3541 maxima
3632 3496 3784 3541 sunt.

2205 3576 2434 3634 Veneris
2483 3592 2651 3648 porro
2699 3577 2935 3633 comites
2982 3586 3112 3633 sunt
3162 3576 3416 3639 scortari,
3461 3577 3782 3641 adulterari,

2200 3686 2327 3726 cum
2375 3670 2621 3725 tuaribus
2667 3684 2866 3740 corpus
2913 3670 3275 3726 commiscere
3328 3687 3344 3723 :
3394 3685 3522 3741 quae
3556 3679 3612 3723 et
3653 3667 3775 3737 ipsa

2198 3761 2405 3832 ﬂagitia
2433 3769 2584 3816 sunt.
2611 3757 2687 3814 Et
2712 3762 2886 3830 aperti
2915 3769 3038 3814 sunt
3066 3760 3207 3815 oculi
3237 3761 3529 3814 amborum.

2271 3853 2446 3910 Musis
2476 3863 2525 3909 ct
2574 3854 2833 3923 serpentis
2867 3853 3014 3907 dicta
3053 3853 3119 3907 de
3164 3851 3460 3922 aperiendi:
3492 3850 3789 3917 primorum

2199 3957 2477 4019 parentum
2513 3946 2702 4000 oculis.
2731 3975 2803 3986 -—
2833 3945 2974 4000 Sunt
3013 3945 3106 4016 qui
3156 3954 3360 4000 manere
3406 3954 3575 4014 atque
3617 3942 3787 3997 etiam

2201 4039 2549 4110 impudenter
2589 4038 2796 4103 dicant,
2842 4036 2953 4104 jam
3000 4050 3148 4091 nunc
3195 4036 3328 4091 illud
3374 4034 3596 4090 evenire
3638 4034 3789 4102 quod

2199 4146 2431 4203 serpens
2460 4135 2598 4202 (hoc
2633 4140 2717 4185 est
2758 4130 3014 4198 Satanas)
3042 4128 3160 4183 fore
3204 4129 3559 4199 pradimrat;
3594 4141 3789 4194 nempe

2201 4223 2251 4281 si
2292 4223 2467 4279 Adam
2509 4220 2734 4291 Evaque
2783 4221 3012 4276 ederent
3045 4220 3113 4276 de
3158 4219 3257 4275 illa
3278 4221 3495 4282 arbore,
3530 4225 3787 4287 apertum

2200 4318 2267 4373 iri
2302 4316 2551 4387 ipsorum
2579 4312 2772 4370 oculos
2806 4329 2822 4369 :
2858 4312 2908 4368 id
2936 4312 3093 4369 enim
3119 4312 3206 4367 hic
3233 4320 3421 4366 narrat
3449 4308 3628 4364 Moses
3661 4319 3789 4376 post

2202 4418 2479 4482 gustatum
2539 4406 2727 4463 cibum
2777 4406 3011 4462 vetitum
3068 4405 3200 4475 ipsis
3235 4405 3524 4461 accidisse.
3578 4400 3791 4456 Verum

517 4515 626 4560 tem
655 4523 669 4560 :
694 4502 888 4559 deinde
911 4502 956 4557 si
981 4498 1304 4570 simpliciter
1335 4507 1620 4568 acceptum
1648 4495 1837 4551 cibum
1868 4494 2096 4559 edisset,
2129 4515 2175 4574 υ
2202 4512 2304 4554 nos
2348 4494 2779 4566 respondemus,
2803 4494 2961 4550 aliter
3005 4490 3224 4560 Mosen,
3261 4493 3424 4549 aliter
3472 4497 3791 4560 serpentem

524 4612 745 4669 ignarus
787 4594 1079 4665 caeteroqui
1128 4591 1486 4665 quamobrem
1538 4592 1744 4656 ederet,
1775 4605 1804 4644 a
1836 4596 2102 4658 quoaute

518 4692 706 4762 jussus
747 4688 926 4743 fuerat
955 4685 1260 4752 abstinere,
1306 4683 1453 4739 nulla
1491 4682 1787 4738 meruisset
1813 4680 1973 4750 culpa
2005 4693 2105 4734 uo-

522 4785 624 4839 tari
651 4783 722 4838 ob
750 4782 804 4836 id
829 4779 978 4852 quod
1008 4777 1330 4849 simpliciter
1368 4786 1534 4846 atque
1579 4775 1874 4841 inscienter
1908 4772 2104 4829 incon-

521 4879 865 4945 siderateque
904 4871 1174 4929 fecisset:
1220 4884 1345 4926 cum
1381 4884 1513 4924 vero
1557 4868 1837 4938 culpatum
1887 4872 2106 4922 constet

524 4978 809 5039 propterea
852 4964 1000 5036 quod
1047 4963 1283 5030 edisset,
1336 4961 1495 5016 facile
1571 4958 1928 5026 intelligimus
1985 4970 2101 5011 rem

526 5059 702 5128 ipsum
750 5064 877 5112 ante
922 5054 991 5111 ab
1041 5052 1160 5124 ipso
1213 5063 1381 5122 atque
1417 5063 1588 5105 uxore
1642 5048 1812 5105 fuisse
1845 5054 2103 5103 accurate

524 5162 844 5218 expensam.
882 5145 1168 5209 Postremo
1195 5143 1240 5199 si
1271 5141 1380 5199 Eva
1424 5140 1623 5196 mulier
1662 5153 1765 5197 usa
1805 5148 1895 5199 est
1919 5135 2104 5193 verbis

525 5243 793 5298 adversus
835 5247 1164 5309 serpentem,
1212 5235 1462 5305 dixitque
1511 5251 1525 5287 :
1562 5231 1695 5303 Lege
1744 5230 1837 5287 Dei
1882 5227 2104 5283 interdi-

524 5345 667 5393 ctum
697 5333 843 5387 nobis
883 5342 961 5385 est
990 5347 1053 5386 ea
1085 5330 1293 5393 arbore,
1342 5338 1551 5398 quanto
1582 5327 1754 5395 magis
1787 5324 2107 5379 existimans

525 5428 667 5483 dum.
706 5433 793 5481 est
840 5423 1124 5478 Adamum‘
1158 5419 1374 5476 curiose
1421 5418 1579 5491 prius
1624 5417 1694 5472 de
1760 5416 1884 5471 cibo
1940 5428 2103 5486 quem

527 5535 666 5573 uxor
733 5515 1047 5586 porrigebat
1111 5508 1499 5581 inquisivisse,
1549 5522 1716 5579 quam
1786 5513 2034 5578 gustaret
2089 5521 2104 5559 :

526 5625 752 5665 uxorem
817 5622 945 5662 vero
990 5614 1045 5660 et
1089 5619 1149 5661 ea
1216 5602 1568 5675 respondisse
1609 5614 1730 5673 qua:
1777 5615 1809 5656 a
1856 5607 2108 5671 serpente

597 5788 640 5815 ⁸⁸
672 5787 786 5840 Jac.
824 5801 863 5853 l,
902 5785 988 5841 l5.

2202 4590 2271 4644 de
2308 4586 2627 4659 aperiendis
2669 4585 2853 4643 oculis
2894 4597 3020 4643 esse
3068 4581 3302 4640 locutos.
3355 4579 3592 4651 Serpens
3634 4580 3789 4635 enim

2202 4679 2418 4735 volebat
2458 4677 2757 4732 oculorum.
2785 4684 3049 4746 apertum
3093 4673 3406 4743 significare
3441 4672 3687 4728 futurum
3723 4682 3792 4728 ut

2201 4772 2314 4828 acri
2343 4778 2511 4840 atque
2537 4767 2844 4837 perspicaci
2882 4774 3067 4822 esseut
3094 4765 3337 4836 ingenio,
3372 4765 3688 4832 bonumque
3718 4777 3791 4818 ac

2203 4866 2406 4920 malum
2441 4863 2675 4934 perinde
2693 4876 2759 4921 ac
2784 4859 2859 4918 dii
2887 4866 3113 4930 possent
3136 4859 3493 4928 dignoscere;
3523 4855 3791 4912 atltoses

2206 4956 2411 5027 apertis
2457 4951 2636 5013 oculis
2681 4952 2820 5010 nihil
2865 4950 3015 5011 aliud
3064 4950 3214 5014 vult,
3262 4964 3425 5018 quam
3476 4962 3593 5005 sua:
3637 4948 3794 5016 ipsos

2208 5048 2475 5105 nuditatis
2503 5045 2610 5103 sibi
2640 5046 2900 5105 conscios
2916 5056 3041 5099 esse
3067 5044 3276 5102 factos;
3310 5043 3414 5097 huc
3437 5049 3542 5105 est,
3575 5039 3797 5108 pudore

2209 5139 2650 5208 wrecundiaqne
2695 5135 2938 5193 aﬂ'ectos.
2988 5133 3059 5189 Et
3106 5140 3455 5204 cognoverunt
3485 5130 3800 5202 quadrimi.

2208 5240 2428 5287 essent:
2463 5231 2568 5287 hoc
2610 5236 2717 5293 est,
2754 5225 2961 5295 puduit.
2983 5227 3147 5296 ipsos.
3178 5239 3293 5280 sua:
3332 5221 3615 5277 nuditatis.
3647 5220 3797 5276 Cum.

2209 5324 2356 5381 enim
2391 5330 2674 5393 peccatum
2704 5318 3029 5377 detraxisset
3051 5317 3185 5387 ipsis
3211 5327 3412 5370 vestem
3445 5313 3636 5385 glorise
3674 5328 3798 5383 qua.

2210 5416 2390 5471 adhuc
2423 5415 2642 5471 fuerant
2686 5412 2895 5477 amicti,
2935 5409 3195 5467 denudati
3246 5418 3375 5465 sunt
3399 5448 3428 5474 ,.
3480 5405 3789 5477 puduitque

2209 5508 2335 5564 illos
2374 5505 2590 5563 violatae
2632 5505 2788 5575 legis,
2824 5511 2988 5573 atque
3023 5502 3226 5556 amissa
3258 5499 3407 5555 omni
3444 5498 3645 5553 ﬁducia
3674 5509 3791 5567 qua

2211 5609 2340 5656 ante
2393 5597 2668 5672 pollebant
2726 5603 3057 5668 peccatoqne
3115 5593 3230 5666 jam
3280 5605 3482 5664 corpus
3536 5589 3791 5661 ipsorum
