4086 6394
370 343 475 403 557

1503 343 1597 401 DE
1641 341 2039 403 PAllADlSO.
2082 368 2152 377 —
2188 343 2385 402 PARS
2424 344 2474 406 Ι.

3527 347 3632 403 558

369 469 683 524 occupantis
708 493 724 517 ,
775 462 1060 523 cteperunt
1110 455 1434 508 erubescere
1485 455 1556 509 ob
1607 455 1909 509 nuditatem
1937 495 1952 520 ,
1984 465 2028 521 Α
2061 455 2241 526 potius
2271 456 2413 518 auri,
2468 472 2589 525 quin
2637 456 2910 525 serpentis
2941 458 3232 511 consilium
3266 459 3630 520 ausru'ltavit;

373 559 635 620 metuque
679 549 899 605 concuti
951 565 1015 604 ac
1048 565 1264 620 pavere.
1313 548 1450 604 Nam
1483 561 1610 604 ante
1652 551 1952 606 admissum

370 642 589 707 scelus,
645 649 1029 711 gustatamque
1076 640 1366 705 arborem,
1424 639 1572 694 nulla
1627 635 1953 694 verecundia

371 733 705 787 tenebantur
734 733 806 786 ob
835 732 1160 794 nuditatem,
1193 731 1362 800 idque
1387 730 1601 785 duabus
1632 731 1698 786 de
1726 731 1910 786 causis
1938 749 1952 786 :

371 834 430 880 et
458 825 587 895 quia
619 823 804 878 amicti
836 831 994 878 erant
1037 823 1232 892 gloria,
1275 832 1328 877 et
1364 823 1494 892 quia
1541 823 1686 877 nulla
1735 823 1956 892 pudoris

368 918 638 986 cogitatio
681 917 899 970 animos
941 917 1184 988 ipsorum
1218 917 1438 971 subibat
1483 912 1799 985 priusquam
1832 931 1957 985 pec-

368 1019 612 1064 cassent.
662 1007 733 1061 At
787 1017 1072 1076 postquam
1133 1007 1345 1062 facinus
1398 1008 1758 1069 comndsere,
1809 1007 1954 1062 Deus

368 1099 524 1169 ipsos
571 1099 744 1167 gloria
796 1096 884 1150 illa
931 1097 1101 1158 exuit.
1147 1105 1200 1150 et
1246 1097 1409 1150 simul
1459 1097 1682 1164 pudoris
1731 1111 1952 1151 sensum

368 1189 572 1246 indidit
622 1199 680 1244 ut
730 1203 796 1243 eo
844 1188 1305 1258 perstringeretur
1359 1197 1681 1257 peccatum,
1729 1189 1958 1258 ejusque

367 1285 612 1352 impetus
641 1298 705 1336 ac
738 1281 918 1335 fervor
963 1282 1410 1351 restringeretur.
1446 1281 1612 1351 igitur
1656 1282 1800 1349 quod
1833 1283 1910 1334 ait
1939 1298 1953 1334 :

367 1373 765 1444 Cognoveruut,
799 1374 1022 1444 perinde
1048 1383 1133 1428 est
1167 1390 1229 1428 ac
1255 1375 1299 1428 si
1333 1375 1508 1428 dicat:
1545 1373 1751 1427 Pudore
1781 1373 1957 1442 offecti

363 1478 512 1523 sunt.
548 1467 730 1520 Porro
757 1466 802 1520 si
833 1476 1042 1537 quaerat
1077 1466 1296 1534 aliquis,
1330 1465 1394 1518 ad
1433 1479 1682 1534 quamam
1713 1466 1956 1534 corporis

365 1559 620 1612 membra
649 1558 994 1626 potissimum
1020 1557 1348 1627 spectaverit
1374 1556 1475 1610 iste
1498 1556 1692 1626 pudor,
1719 1556 1956 1611 dicimus

365 1651 436 1704 ad
485 1651 743 1720 genitalia
797 1649 1082 1715 membra;
1138 1649 1296 1716 idque
1339 1649 1480 1702 hanc
1524 1648 1596 1702 ob
1631 1663 1782 1710 rem,
1827 1649 1955 1719 quia

369 1757 494 1794 cum
519 1742 700 1795 acrior
725 1740 1210 1810 vehementiorque
1235 1741 1306 1792 sit
1333 1742 1434 1793 iste
1459 1739 1673 1793 caeteris
1700 1740 1956 1794 omnibus

2057 551 2152 602 aut
2179 549 2363 612 oculo,
2406 549 2502 618 qui
2543 549 2759 603 arboris
2801 547 3229 618 pulchritudine,
3279 549 3455 604 victus
3507 561 3630 615 est;

2058 649 2154 694 aut
2184 641 2456 706 manibus,
2486 657 2608 711 quae
2641 637 2852 697 fructus
2876 641 3230 713 (lecerpsere;
3265 644 3360 696 aut
3386 644 3466 696 ori
3487 645 3632 712 quod

2060 733 2309 797 voravit,
2369 733 2466 788 aut
2515 733 2753 804 denique
2803 735 3014 796 ventri,
3068 734 3160 804 qui
3222 735 3479 805 excepit?
3539 734 3636 790 llic

2059 813 2490 889 respondemus;
2541 837 2666 876 cum
2721 822 2767 877 is
2798 819 3024 876 allectus
3073 823 3164 890 qui
3203 822 3346 875 circa
3394 823 3636 878 membra

2062 912 2320 980 genitalia
2381 923 2676 978 versatur,
2739 914 3070 982 pertinacior
3123 913 3504 985 diﬂiciliorque
3565 917 3637 971 sit

2060 1005 2273 1081 caeteris
2325 1006 2581 1061 omnibus
2623 1005 2790 1061 animi
2845 1007 3353 1076 perturbationibus
3403 1025 3525 1081 quae
3582 1012 3636 1065 in

2059 1097 2220 1152 nobis
2275 1105 2426 1164 sunt,
2462 1112 2602 1168 Opus
2637 1108 2755 1152 erat
2805 1095 3135 1153 verecundia
3187 1108 3446 1170 tauquam
3482 1095 3640 1156 freno

2062 1186 2264 1255 injecto
2303 1203 2412 1257 quo
2445 1197 2730 1257 peccatum
2757 1203 2819 1241 ea
2871 1189 2924 1241 in
2956 1185 3108 1257 parte
3153 1191 3501 1246 coliiberetur
3538 1211 3552 1246 :
3586 1203 3642 1248 et

2061 1278 2228 1334 simul
2284 1289 2344 1334 ut
2385 1295 2487 1334 nos
2541 1279 2641 1350 ipsi
2692 1280 2758 1334 ad
2818 1280 3128 1334 habendum
3184 1282 3309 1335 odio
3353 1294 3638 1351 peccatum

2060 1370 2471 1436 induceremur,
2501 1381 2560 1426 ut
2603 1387 2670 1426 ex
2702 1386 2812 1441 quo
2867 1371 3162 1427 illiusmodi
3199 1375 3524 1429 verecundia
3582 1377 3639 1430 ir.

2060 1463 2222 1542 nobis
2255 1475 2381 1518 nata
2414 1465 2504 1518 sit.
2536 1465 2600 1519 Et
2633 1480 2764 1518 vero
2794 1481 2919 1520 cum
2963 1466 3173 1519 arbitrii
3205 1467 3375 1522 nostri
3415 1469 3643 1526 libertas

2060 1571 2168 1610 non
2230 1556 2362 1612 satis
2409 1557 2615 1611 valeret
2679 1558 2795 1612 sola
2856 1559 3002 1612 hunc
3051 1553 3306 1614 affectum
3369 1560 3640 1629 domare,

2060 1647 2226 1717 atque
2249 1647 2316 1700 ad
2343 1660 2404 1702 se
2430 1645 2781 1703 referendum
2830 1649 3089 1720 adigere;
3125 1652 3376 1720 adjunxit
3410 1653 3457 1707 ei
3497 1653 3642 1709 Deus

2059 1739 2489 1804 verecundiam,
2557 1755 2668 1808 quo
2740 1740 2939 1794 saltem‘
3003 1741 3280 1796 communi
3354 1745 3642 1815 utriusque.

378 1833 652 1888 affectibus
675 1830 903 1902 (quippe
925 1832 1018 1901 qui
1045 1831 1098 1885 in
1123 1831 1496 1886 animantibus
1523 1833 1748 1886 rationis
1768 1849 1960 1904 exper-
1987 1811 2029 1865 Β
2063 1843 2229 1899 Opera
2273 1830 2646 1896 cobiberetur,
2693 1827 3189 1904 excindereturque
3223 1854 3236 1890 :
3269 1837 3481 1892 arbitrii
3517 1811 3642 1909 qui-

385 1923 524 1976 tibus
555 1937 768 1992 quoque
803 1921 1138 1994 dominetur)
1179 1922 1350 1978 voluit
1389 1939 1570 1978 rerum
1602 1925 1780 1994 opifex
1815 1923 1961 1980 Deus

379 2015 607 2084 primum
643 2015 854 2085 pudore
902 2013 1161 2070 eﬂ‘renem
1213 2015 1362 2071 illum
1415 2026 1580 2085 atque.
1630 2018 1955 2072 indomitum

369 2102 641 2158 fervorem
695 2105 969 2159 cohibere.
1031 2105 1260 2175 Insuper
1311 2106 1362 2160 id
1403 2123 1619 2177 quoque
1667 2109 1959 2164 observatu

368 2195 596 2266 dignum
619 2205 726 2258 est,
753 2198 960 2267 primos
984 2208 1239 2268 parentes
1262 2210 1552 2269 antequam
1578 2200 1956 2270 deliquissent,

365 2296 425 2342 et
452 2289 702 2342 animum
735 2289 958 2358 ingenio
987 2299 1041 2343 ct
1066 2305 1266 2360 corpus
1298 2291 1469 2360 gloria
1509 2293 1782 2345 excultum
1813 2310 1962 2346 cum-

372 2383 636 2445 ptumq‘ue
677 2377 956 2443 habuisse,
988 2388 1176 2449 postea
1213 2395 1341 2434 vero
1373 2397 1534 2450 quam
1582 2393 1957 2452 peccavi-rant,

368 2480 574 2525 exutos
602 2473 823 2540 quidem
849 2488 974 2528 esse
1002 2473 1249 2543 corporis
1279 2475 1475 2544 gloria,
1505 2488 1758 2530 caeterum
1791 2477 1957 2532 animi

369 2561 785 2634 intelligentiam
838 2566 1132 2620 retinuisse
1183 2583 1196 2620 :
1239 2565 1496 2620 nimirum
1555 2577 1613 2620 ut
1667 2583 1764 2637 per
1819 2568 1961 2622 hanc

369 2663 736 2722 agnoscerent
793 2671 952 2710 suum
1026 2667 1347 2725 peccatum,
1417 2668 1579 2728 atque
1645 2659 1960 2728 poenitentia

369 2745 744 2813 ducerentur;
801 2748 930 2804 hinc
985 2751 1128 2803 enim
1176 2751 1398 2814 evenit,
1458 2759 1520 2804 ut
1579 2749 1742 2804 simul
1798 2761 1963 2822 atque

372 2836 592 2893 facinus
654 2840 949 2907 fecissent,
1008 2843 1328 2910 agnoverint
1398 2858 1552 2897 suam
1619 2839 1959 2908 nt’tditatem‘,

371 2932 843 3002 erubuerintque,
910 2947 973 2988 ac
1028 2935 1256 2989 horrore
1319 2943 1665 3004 trcmoreque
1723 2935 1960 3004 correpti

375 3028 604 3074 mortem
639 3023 976 3090 expaverint,
1011 3036 1136 3080 ante
1166 3024 1266 3080 sibi
1311 3041 1404 3089 per
1451 3026 1626 3079 minas
1667 3027 1961 3079 denttntia-

2063 1922 2188 1977 dem
2243 1922 2402 1977 liberi
2451 1923 2683 1993 judicio,
2743 1924 2796 1978 iu
2842 1925 3062 1993 anima;
3118 1931 3457 1985 verecundiae
3514 1947 3646 1985 vero

2064 2013 2254 2080 frenis,
2292 2016 2346 2070 in
2379 2031 2630 2086 corpore.
2665 2011 2876 2088 Quippe
2919 2020 3127 2076 multos
3173 2024 3433 2078 mortales
3471 2027 3646 2095 pudor

2065 2115 2228 2176 atque
2279 2107 2609 2163 verecundia
2671 2110 2849 2179 magis
2906 2111 3140 2168 deterret
3191 2115 3557 2186 prohibetque
3615 2135 3644 2171 a

2063 2199 2335 2268 patrando
2369 2215 2435 2254 eo
2461 2202 2608 2271 quod
2645 2203 2952 2272 improbum
3001 2217 3106 2268 est,
3145 2222 3310 2276 quam
3363 2208 3501 2276 legis
3551 2222 3647 2264 aut

2058 2290 2251 2359 judicii
2286 2293 2555 2346 subeundi
2593 2304 2814 2362 metus;
2861 2305 3055 2366 estque
3086 2299 3207 2369 ejus
3235 2300 3313 2355 rei
3349 2317 3646 2370 argumen-

2067 2389 2204 2446 tum,
2262 2382 2408 2452 quod
2462 2383 2621 2438 bruta
2676 2385 2978 2440 animantia
3032 2403 3155 2457 qua:
3229 2391 3378 2444 omni
3442 2392 3648 2460 pudore

2064 2482 2286 2538 vacant,
2320 2489 2545 2543 prorsus
2588 2492 2696 2530 non
2731 2477 3012 2532 refre'nant
3045 2480 3288 2536 libidinis
3329 2499 3442 2538 sua:
3473 2487 3649 2554 impe-

2063 2572 2178 2619 tum
2213 2581 2324 2634 quo
2375 2567 2429 2620 in
2487 2565 2724 2623 feminas
2767 2566 3061 2640 rapiuntur
3110 2573 3254 2628 victa
3286 2576 3356 2629 ab
3407 2576 3646 2648 ingenita

2064 2672 2178 2712 sua:
2205 2658 2452 2728 ipsorum
2491 2671 2717 2725 naturae,
2746 2657 3066 2732 cupiditate.
3106 2668 3174 2720 At
3201 2667 3454 2723 homines
3477 2670 3644 2724 etiam

2065 2750 2110 2803 si
2163 2763 2270 2803 non
2317 2751 2529 2806 minore
2571 2761 2734 2820 atque
2782 2753 2870 2807 illa
2919 2753 3163 2812 libidinis
3211 2758 3261 2811 vi
3325 2771 3646 2828 urgeantur,

2064 2849 2250 2896 tamen
2293 2845 2362 2896 ab
2425 2859 2487 2897 ca
2545 2845 2834 2913 explenda,
2894 2841 3106 2916 pudore
3160 2864 3269 2918 quo
3310 2849 3454 2920 apud
3509 2852 3650 2907 alios

2067 2931 2320 2990 homines
2363 2938 2828 2998 verecundantur,
2889 2941 3136 2992 revocari
3187 2939 3466 3007 videmus,
3511 2943 3649 2995 adeo

2069 3035 2129 3080 ut
2161 3042 2228 3080 ne
2251 3027 2495 3096 legitimo
2524 3027 2743 3098 quidem
2764 3029 3056 3085 connubio
3101 3033 3378 3102 propalant
3422 3045 3650 3089 utantur

374 3124 510 3167 tam.
548 3113 704 3170 Unde
732 3125 786 3169 et
819 3115 1060 3172 Jacobus
1106 3118 1434 3188 Sarugeusis
1462 3118 1528 3172 ad
1564 3120 1708 3174 hunc
1739 3124 1960 3174 modum
1992 3149 2037 3210 ο
2070 3121 2216 3174 sicut
2263 3121 2389 3175 aliis
2425 3120 2611 3184 rebus,
2647 3121 2741 3177 sed
2777 3121 3010 3178 latentes
3055 3123 3314 3193 tectique.
3347 3123 3650 3181 Conficitur

373 3205 567 3259 scribit
604 3223 618 3260 :
656 3205 944 3264 Peccatum
985 3211 1140 3264 initio
1185 3226 1350 3280 supra
1396 3210 1618 3266 modum
1665 3213 1874 3281 placet;
1907 3220 1964 3267 at

375 3301 428 3350 in
482 3298 590 3352 line
643 3297 851 3353 luctum
907 3301 1050 3371 parit
1100 3303 1358 3371 patranti.
1407 3301 1546 3357 Cum
1600 3304 1746 3358 enim
1801 3304 1964 3373 primi

372 3401 627 3457 parentes
659 3393 951 3460 cupiditate
985 3393 1258 3448 ferrentur
1302 3395 1358 3449 in
1405 3394 1552 3448 illam
1590 3395 1866 3459 arborem,
1897 3393 1965 3448 de

373 3482 490 3550 ipsa
537 3483 768 3548 edendi;
819 3480 872 3538 et
919 3484 1089 3540 Deum
1138 3485 1318 3555 ipsum
1370 3495 1423 3540 et
1457 3486 1664 3556 legem,
1717 3501 1827 3556 prae
1877 3483 1965 3538 illa

373 3573 528 3640 parvi
569 3572 882 3640 pendebant
916 3591 930 3628 :
962 3575 1052 3629 tibi
1085 3575 1347 3639 edissent’,
1381 3575 1680 3645 nudatique
1713 3573 1967 3628 erubuis-

373 3673 523 3728 sent,
553 3665 682 3718 odio
707 3665 882 3734 ipSam
912 3677 1038 3720 sunt
1070 3667 1378 3737 prosecuti;
1409 3681 1791 3736 memoresque
1821 3666 1966 3721 illius

373 3757 672 3825 pratcepti:
708 3756 825 3822 Quo
844 3758 927 3811 die
959 3759 1174 3812 eder‘itis
1211 3770 1375 3812 morte
1409 3759 1728 3818 moriemini.
1765 3761 1966 3826 pavore

378 3849 784 3914 expallucrunt.
847 3848 917 3901 Et
965 3851 1461 3919 conglutinaverunt
1515 3847 1646 3920 folia
1697 3850 1963 3918 ﬁculnea,

384 3939 715 4011 feceruntque
761 3942 862 3995 sibi
911 3942 1267 4012 subligaculo.
1319 3941 1588 3997 Nimirum
1649 3943 1776 3996 folia
1824 3941 1968 3996 foliis

380 4035 787 4100 consociantes,
831 4036 996 4091 cincti
1033 4037 1265 4090 formam
1321 4035 1614 4106 quamdam
1671 4035 1970 4090 concinna-

377 4127 549 4188 baut;
604 4129 776 4182 vestis
827 4142 1000 4198 genus
1068 4143 1260 4198 parum
1326 4130 1526 4183 decens
1592 4138 1756 4196 atque
1817 4125 1970 4179 infir-

373 4232 530 4269 mum
578 4217 764 4280 etiam,
818 4227 1002 4288 utpote
1047 4219 1194 4289 quod
1239 4219 1372 4274 solis
1441 4220 1492 4272 vi
1565 4218 1864 4272 arefactum
1886 4215 1968 4270 fa-

374 4308 485 4362 cile
541 4312 843 4362 emat-ceret
889 4308 1350 4378 dilabereturque,
1398 4317 1592 4379 etquo
1623 4324 1801 4378 nequc
1835 4307 1968 4362 satis

375 4411 482 4467 pro
520 4399 801 4452 voluntate
846 4407 899 4452 et
934 4401 1221 4455 commode
1272 4413 1448 4471 neque
1489 4399 1580 4454 diu
1624 4395 1970 4469 multumque

2070 3211 2278 3282 itaque,
2310 3213 2652 3267 verecundia:
2695 3211 2948 3268 affectum
2983 3215 3106 3269 ideo
3138 3215 3206 3270 ab
3236 3232 3418 3271 rerum
3455 3219 3650 3286 epilice

2074 3306 2180 3358 Deo
2245 3303 2479 3358 inditum
2544 3321 2666 3360 esse
2724 3301 3055 3377 genitalibus
3112 3307 3400 3364 hominum
3467 3314 3650 3381 potius

2069 3395 2232 3464 quam
2267 3395 2392 3450 aliis
2425 3395 2709 3462 membris,
2745 3407 2804 3452 ut
2835 3396 3124 3468 peccatum
3162 3401 3212 3452 iu
3259 3400 3364 3453 illis
3403 3401 3652 3470 partibus

2072 3485 2425 3552 moderetur;
2488 3487 2766 3558 simulque
2843 3486 2894 3543 id
2946 3489 3106 3543 nobis
3161 3490 3401 3545 invisum
3462 3493 3651 3558 faciat,

2071 3581 2288 3646 nosque”
2350 3577 2418 3631 ab
2477 3577 2595 3648 ipso
2673 3579 3011 3636 admittendo
3075 3581 3122 3634 dt
3146 3592 3380 3648 terreat;
3459 3578 3522 3639 ut
3583 3587 3650 3639 ex

2070 3677 2180 3736 quo
2211 3667 2326 3735 ipsa
2357 3667 2684 3722 verecundia
2723 3669 2777 3723 in
2813 3670 3017 3724 nostris
3047 3670 3248 3725 animis
3276 3679 3420 3725 orta.

2143 3757 2254 3812 Cur
2292 3757 2433 3812 Deus
2467 3760 2648 3812 siverit
2695 3759 2963 3813 Adamum
3008 3777 3247 3830 peccare.
3301 3761 3528 3815 Arbitrit’
3575 3763 3651 3815 li-

2023 3920 2026 3924 ]
2071 3850 2271 3904 bertas‘.
2303 3880 2372 3890 -κ
2421 3847 2563 3904 Sunt
2623 3852 2716 3920 qui
2771 3851 2861 3906 hic
2921 3851 3292 3922 interrogent,
3359 3869 3458 3908 cur
3506 3843 3653 3908 Deus

2071 3944 2341 4018 Adamvutu
2391 3957 2419 3995 a
2457 3943 2735 4012 peccando
2783 3959 2889 3997 non
2941 3945 3352 4000 absterruerit?
3398 3943 3509 4001 Nos
3565 3963 3653 4002 re-

2071 4033 2401 4102 spondemus
2425 4033 2476 4088 id
2504 4039 2850 4104 nequaquam
2901 4051 2967 4091 eo
2989 4035 3192 4090 faetum
3217 4052 3341 4092 esse
3359 4038 3506 4108 quod
3531 4040 3653 4108 ejus

2073 4123 2311 4181 faciundi
2340 4127 2568 4182 facultas
2603 4126 2712 4182 Deo
2739 4127 2997 4193 defuerit,
3038 4132 3132 4185 sed
3167 4146 3235 4184 ne
3281 4131 3390 4184 vim
3433 4131 3655 4186 afferret

2072 4219 2311 4273 libertati
2365 4219 2579 4274 arbitrii
2622 4221 2774 4285 Adae,
2808 4237 3002 4278 eatuve
3053 4224 3407 4293 opprimeret.
3445 4226 3654 4296 Deinde

2074 4309 2279 4364 frustra
2306 4309 2478 4379 legem
2513 4310 2591 4363 illi
2623 4312 3056 4381 praescripsisset
3103 4317 3150 4369 si
3200 4316 3427 4386 insuper
3455 4331 3482 4370 a
3518 4333 3652 4386 pec-

2074 4400 2249 4453 cando
2282 4400 2637 4463 coercuisset,
2677 4401 2845 4456 veluti
2891 4415 3064 4457 manu
3103 4405 3328 4474 injecta.
3384 4405 3652 4460 Praeterea

378 4491 461 4543 uti
515 4501 766 4559 possent.
818 4487 1087 4546 Credibile
1137 4497 1221 4546 est
1263 4505 1446 4546 autem
1487 4493 1652 4546 Evam
1698 4492 1965 4560 ejusmodi
2004 4487 2203 4548 D‘ideo
2265 4491 2435 4545 etiam
2509 4492 2685 4546 noluit
2741 4492 2893 4547 illum
2959 4507 2989 4548 a
3051 4495 3258 4564 flagitio
3317 4498 3655 4552 admittendo

378 4582 788 4650 subligaculum
838 4585 1074 4652 priorem
1109 4583 1332 4648 fecisse,
1375 4599 1582 4652 suaque
1611 4599 1678 4638 eo
1715 4583 1966 4652 pudenda

379 4675 615 4734 velasse,
650 4683 836 4742 utpOte
862 4689 983 4744 quae
1009 4675 1156 4744 priOr
1184 4675 1358 4745 legem
1387 4675 1702 4739 violaverat,
1731 4675 1969 4730 Adama-

387 4781 493 4834 que
529 4766 793 4820 nuditatis
831 4774 1005 4820 eausa'
1028 4765 1246 4832 fuerat;
1289 4775 1415 4820 tum
1437 4767 1604 4821 etiam
1656 4767 1804 4824 illitis
1838 4783 1970 4821 con-

399 4859 518 4913 silio
574 4859 778 4913 factum
837 4873 960 4914 esse
1016 4871 1075 4912 ut
1135 4859 1238 4914 iste
1304 4858 1432 4913 folia
1492 4859 1781 4924 indueret,
1843 4861 1970 4930 quia

397 4952 589 5004 marito
616 4967 719 5004 suo
749 4959 954 5005 vestem
989 4951 1118 5005 olim
1160 4953 1274 5022 ipsa
1305 4961 1632 5006 contextum
1663 4962 1826 5007 esset.
1865 4953 1970 5007 Sed

387 5061 488 5099 cur
543 5060 649 5098 non
707 5051 962 5113 aptarunt
1018 5043 1133 5098 suis
1191 5044 1366 5098 oculis
1433 5045 1678 5098 velamen
1739 5061 1804 5098 ex
1865 5045 1973 5099 illis
2015 5044 2385 5125 j‘pmcipites
2440 5055 2700 5111 ruerent,
2773 5044 2924 5098 sicut
2985 5043 3242 5098 Satanas.
3304 5033 3445 5100 Nam
3507 5053 3694 5118 quod-

382 5135 558 5199 fofii's,
590 5133 690 5188 aut'
731 5136 980 5191 manicas
1030 5137 1307 5204 manibus,
1357 5137 1442 5190 vel
1501 5137 1706 5206 caligas
1743 5137 1974 5206 pedibus

386 5230 680 5300 tegendis?
727 5239 823 5283 aut
866 5230 1105 5297 denique
1157 5244 1256 5282 cur
1312 5244 1422 5283 non
1474 5229 1582 5283 alio
1655 5231 1816 5284 modo
1868 5231 1973 5283 alia

383 5323 648 5392 carperis
677 5323 922 5377 membra
957 5322 1279 5390 aﬂ'ecerunt,
1315 5321 1409 5376 sed
1459 5322 1595 5377 solis
1645 5323 1974 5390 genitalibus

387 5417 753 5483 contegendis
815 5415 1156 5483 subligacula
1233 5414 1665 5484 compararunt?
1718 5414 1802 5469 Ad
1872 5416 1980 5469 hoc

393 5510 578 5563 facilis
628 5518 711 5562 est
754 5509 1063 5576 responsio.
1111 5507 1247 5574 Quia
1304 5508 1687 5562 verecundiam
1739 5507 1973 5578 primum

393 5603 482 5654 his
521 5600 771 5669 partibus
801 5601 996 5654 indidit
1033 5602 1195 5664 Deus,
1234 5599 1355 5654 ideo
1383 5613 1816 5653 consentaneum
1855 5608 1978 5654 erat

393 5702 454 5747 ut
481 5692 658 5761 prima
703 5690 903 5744 cinctis
952 5690 1189 5745 obducta
1238 5697 1680 5761 contegereutur.
1725 5687 1831 5745 Sed
1878 5707 1976 5747 cur

391 5784 726 5840 verecundia
768 5784 854 5840 his
897 5783 1143 5852 partibus
1177 5799 1208 5838 a
1239 5783 1390 5863 Deo“
1408 5792 1493 5838 est
1526 5782 1723 5862 insita,
1754 5797 1815 5839 ac
1867 5800 1972 5840 non

2077 4597 2288 4648 arcere,
2352 4592 2412 4636 ut
2463 4587 2697 4652 gratiam
2730 4585 3134 4654 prandiumque
3168 4588 3438 4640 demereri
3472 4600 3656 4656 posset

2077 4683 2332 4742 tanquam
2373 4675 2466 4743 qui
2502 4690 2602 4728 sua
2632 4675 2746 4744 ipse
2771 4676 3052 4730 voluntate
3083 4693 3110 4729 a
3153 4679 3360 4733 scelere
3386 4683 3654 4748 patrando

2074 4767 2222 4822 cs‘se‘t
2252 4776 2518 4829 retentus,
2561 4783 2670 4820 non
2715 4775 2898 4821 autem
2930 4783 3025 4834 per
3063 4767 3170 4820 vim
3222 4769 3538 4838 impeditus.
3573 4773 3654 4826 Ad

2075 4858 2194 4912 haec
2234 4864 2345 4928 quo
2395 4859 2822 4913 imbecillitatem
2883 4875 3036 4912 suam
3085 4870 3448 4926 agnoscerent
3496 4864 3653 4931 primi

2077 4953 2251 5007 nostri
2304 4961 2580 5020 parentes,
2635 4955 2812 5022 neque
2855 4961 2948 5018 per
2998 4959 3189 5005 vanam
3246 4953 3476 5023 gloriam
3527 4955 3655 5010 elati

2073 5139 2314 5191 scientes
2356 5145 2698 5203 peccassent,
2751 5137 3017 5191 conSeius
3059 5136 3295 5191 reddidit
3347 5155 3462 5192 suae
3508 5140 3657 5210 ipsos

2076 5231 2442 5294 infirmitatis,
2498 5242 2666 5300 atque
2712 5237 2770 5283 ιιι
2817 5219 3100 5284 huitiiliter
3128 5231 3196 5285 d‘e
3244 5237 3304 5286 se
3345 5231 3450 5302 ipsi
3483 5233 3658 5286 senti-

2078 5329 2221 5388 rent,
2264 5321 2464 5376 eﬂecit.
2505 5319 2751 5390 Denique
2793 5331 2852 5375 ut
2884 5336 3007 5375 cum
3054 5331 3250 5391 suapte
3297 5332 3491 5391 sponte
3521 5323 3656 5377 tleli-
3725 5385 3730 5388 ,

2079 5416 2360 5484 (ιιιὶεδειιι,
2417 5422 2582 5485 atque
2635 5429 2666 5468 e
2712 5414 2976 5483 paradiso
3023 5416 3364 5469 excidissent
3404 5415 3456 5467 in
3511 5415 3658 5468 hunc

2078 5507 2351 5561 mundum
2419 5507 2585 5562 rebus
2640 5507 2884 5562 adversis
2957 5495 3312 5576 molestisqiie
3361 5504 3656 5562 refertissi-

2079 5612 2254 5663 mum,
2303 5597 2447 5652 facta
2497 5597 2784 5669 utriusque
2828 5599 3020 5652 mundi
3060 5599 3202 5652 inter
3251 5613 3309 5652 se
3345 5585 3658 5661 Collatione,

2081 5690 2237 5746 illum
2263 5690 2520 5747 omnibus
2551 5692 2709 5747 bonis
2753 5701 2808 5746 et
2841 5691 3040 5761 gaudio
3069 5691 3291 5758 plenum
3324 5693 3466 5760 apud
3505 5706 3658 5745 men-

2083 5793 2190 5841 tem
2229 5800 2385 5840 suam
2424 5801 2636 5856 semper
2671 5795 2953 5840 versarent
2984 5803 2998 5839 :
3031 5800 3155 5839 nam
3185 5785 3288 5839 nisi
3324 5785 3652 5848 experientia
