4086 6418
505 300 611 364 559

1796 301 2030 362 MOSIS
2068 300 2221 363 ΒΑΚ
2260 301 2509 363 ΩΕΡΗΑ

3662 304 3773 366 56:}

507 414 787 486 cognitum
824 412 974 468 hunc
1013 411 1244 467 alterum
1294 411 1637 475 habuissent,
1665 394 1963 482 'nunquam
2003 411 2094 466 ille
2123 418 2168 476 Α
2203 411 2475 466 duntaxat
2518 426 2695 482 prauae
2737 412 2993 479 absolvit,
3031 412 3133 469 hoc
3180 422 3285 480 est,
3321 430 3388 470 ne
3437 429 3502 469 eo
3541 413 3660 484 ipso
3683 417 3774 470 die

507 514 771 575 quantum
819 504 950 557 huic
995 513 1235 573 praestet,
1282 513 1471 558 exacte
1521 503 1935 557 intellexissent.
1983 502 2088 557 Po-

507 612 730 655 stremo,
779 605 839 649 ut
872 595 1001 649 dum
1037 595 1271 650 subinde
1318 609 1348 648 a
1384 603 1602 664 peccato
1644 594 2089 664 interpellaretur

510 688 703 743 Adami
738 686 972 757 Evmque
1017 689 1298 750 voluntas,
1334 686 1681 740 erudirentur
1724 686 1827 756 ipsi
1861 688 1926 740 ad
1959 702 2087 757 pec-

511 780 618 833 cati
664 780 849 831 odium
902 788 1064 846 atque
1122 777 1325 846 fugam,
1392 783 1651 845 tanquam
1714 776 1836 845 ejus
1888 773 1939 830 a'
1977 791 2088 846 quo

512 873 758 942 ingentes
782 870 1123 939 accepissent
1150 866 1527 931 calamitates;
1560 876 1725 937 atque
1750 883 1811 921 ea
1838 868 2087 925 doctrina

513 962 580 1017 ab
615 961 721 1016 illis
766 959 834 1014 ad
891 974 992 1014 nos
1044 972 1217 1027 usque
1248 966 1664 1028 propagaretur,
1720 960 1875 1027 quasi
1920 974 2087 1012 manu

512 1050 730 1105 tradita.
775 1048 1066 1104 Enimvero
1115 1048 1333 1117 quoties
1388 1047 1647 1116 peccandi
1697 1050 1918 1104 occasio
1967 1064 2089 1104 sese

430 1152 433 1155 ‘
510 1142 668 1197 nobis
698 1140 877 1206 oﬂ‘ert,
918 1149 1116 1210 prmsto
1145 1139 1347 1194 adsunt
1390 1140 1551 1195 nobis
1592 1140 1737 1210 leges
1765 1157 1904 1210 quas
1938 1141 2087 1196 Deus

508 1234 667 1288 nobis
721 1232 1011 1301 imperavit
1054 1241 1113 1286 ut
1167 1232 1303 1301 ipsis
1344 1246 1699 1286 coerceantur
1743 1247 1772 1285 a
1820 1235 2088 1302 patrando

506 1334 754 1395 peccato.
792 1323 937 1390 Quin
972 1323 1185 1394 legibus
1221 1323 1355 1393 ipsis
1390 1323 1555 1377 etiam
1588 1323 1894 1377 subsidium
1935 1324 2088 1378 addi-

508 1418 586 1472 ilit
631 1432 750 1471 eam
800 1431 921 1485 qua:
955 1416 1241 1471 doctorum
1290 1413 1474 1469 verbis
1509 1415 1565 1469 fit
1617 1414 2085 1485 redargutionem,

504 1507 638 1561 utsi
697 1507 915 1577 quando
972 1504 1234 1576 ﬂagitium
1292 1506 1721 1571 admiserimus,
1789 1517 1900 1561 tum
1957 1506 2086 1561 latis

503 1600 739 1668 legibus,
792 1609 905 1653 tum
956 1613 1019 1653 ea
1069 1600 1236 1653 etiam
1292 1599 1673 1669 increpatione
1707 1614 1812 1667 qua
1860 1608 2085 1668 peccata

509 1691 689 1745 verbis
720 1691 1186 1760 perstringuntur,
1232 1690 1543 1744 iudicamur
1587 1691 1653 1744 ad
1686 1691 2085 1760 paenitentiam,

2190 510 2567 568 morerentur;
2598 505 2894 574 creteroqui
2944 520 3052 558 non
3083 504 3306 559 sustulit
3335 520 3568 574 prorsus
3614 520 3774 558 mor-

2191 600 2321 646 tem.
2371 589 2487 648 Non
2530 602 2614 648 est
2661 593 2845 664 itaque
2895 594 3014 648 falsi
3049 593 3458 649 insimulandus
3503 593 3645 648 Deus
3676 595 3774 663 qui

2191 698 2287 752 per
2317 683 2464 737 illam
2494 683 2930 740 misericordiam
2963 684 3120 739 venia
3153 684 3407 754 dignatus
3439 694 3523 740 est
3550 693 3778 740 nostros

2192 775 2401 843 primos
2447 784 2719 846 parentes,
2756 776 3121 846 meritamque
3167 790 3385 847 pmnam
3434 779 3632 845 partim
3667 792 3777 831 re-

2192 866 2365 930 misit,
2435 883 2612 938 neque
2667 884 2733 924 eo
2793 870 2914 942 ipso
2956 884 3065 938 quo
3106 869 3321 923 dixerat
3375 865 3463 921 die
3514 867 3779 938 peremit.

2194 955 2337 1012 Sunt
2378 960 2597 1029 quidem
2629 961 2720 1029 qui
2750 959 2844 1014 Dei
2873 960 3037 1029 verba
3079 959 3161 1014 sic
3198 968 3444 1014 tutentur
3473 968 3533 1013 ut
3559 959 3781 1015 obiisse

2192 1061 2427 1104 mortem
2464 1051 2589 1106 illos
2616 1053 2953 1106 contendant
2978 1068 3089 1122 quo
3118 1053 3206 1108 die
3232 1054 3581 1123 deliquerunt
3608 1070 3623 1107 :
3658 1069 3774 1110 non

2190 1140 2410 1209 quidem
2458 1144 2705 1211 corporis
2741 1153 2971 1198 mortem
3020 1143 3116 1199 sed
3162 1143 3356 1210 animi,
3387 1162 3509 1215 qua:
3543 1162 3610 1200 ex
3641 1161 3776 1214 pee-

2192 1238 2317 1283 cato
2367 1240 2653 1285 nascatur.
2686 1230 2889 1287 Verum
2936 1233 3138 1288 frustra
3170 1245 3257 1291 est
3296 1235 3411 1290 haec
3461 1239 3778 1305 excusatio,

2188 1324 2411 1392 quando
2435 1339 2541 1378 non
2581 1335 2814 1379 mortem
2837 1318 3035 1380 animae
3071 1327 3165 1382 sed
3197 1328 3469 1398 corporis,
3513 1330 3620 1384 hoc
3661 1340 3775 1395 est,

2189 1431 2315 1487 qua:
2345 1417 2519 1486 ipsam
2566 1418 2806 1472 animam
2860 1433 2888 1470 a
2938 1434 3170 1489 corpore
3200 1421 3528 1477 dissociaret
3552 1464 3569 1490 ,
3599 1422 3777 1477 inter-

2193 1508 2435 1562 minatus
2486 1507 2591 1561 illis
2642 1508 2819 1563 fuerat
2856 1508 3017 1564 Deus.
3069 1508 3189 1563 Jam
3243 1526 3374 1565 vero
3414 1511 3546 1565 illud
3601 1522 3774 1567 restat

2191 1600 2394 1665 dicere,
2426 1615 2522 1653 cur
2555 1615 2662 1654 non
2694 1600 2891 1655 obierit
2924 1602 3093 1655 Adam
3127 1617 3235 1672 quo
3270 1603 3358 1657 die
3385 1604 3496 1658 edit
3526 1604 3773 1659 fructum

2193 1693 2313 1764 lege
2353 1693 2711 1762 prohibitum,
2761 1702 2821 1747 ut
2861 1695 3023 1747 minae
3063 1693 3309 1748 futurum
3347 1693 3772 1758 denuntiarunt,

506 1784 764 1855 dignique
796 1784 1089 1838 reddamur
1113 1784 1315 1853 quibus
1347 1782 1444 1837 ﬁat
1477 1783 1847 1838 admissorum
1886 1786 2081 1853 gratia.
2116 1766 2159 1822 Β
2195 1784 2288 1838 sed
2322 1783 2630 1838 extenderit
2664 1794 2851 1853 postea
2889 1786 3055 1840 vitam
3094 1801 3251 1841 suam
3290 1788 3354 1839 ad
3411 1787 3604 1841 novies
3640 1804 3775 1841 cen-

506 1875 661 1928 Sicut
683 1873 886 1927 Paulus
922 1888 1083 1928 suum
1117 1872 1470 1927 Timotheum
1503 1873 1711 1937 scripto
1743 1874 2000 1929 hortatur
2030 1886 2088 1930 ut

506 1965 674 2019 simul
697 1980 822 2017 cum
858 1964 1067 2032 legibus
1090 1963 1204 2033 jam
1237 1974 1349 2017 tum
1385 1965 1578 2033 positis
1602 1965 1893 2034 redarguat
1920 1969 2084 2020 etiam

506 2066 669 2126 atque
730 2054 1094 2125 reprehendat
1144 2065 1483 2124 peccatores,
1547 2070 1659 2124 quo
1717 2070 1817 2109 sua
1864 2066 2086 2125 peccata

497 2160 803 2219 agnoscant
862 2155 916 2201 et
973 2146 1318 2215 pmuitudine
1363 2148 1639 2201 ducantur
1662 2145 1733 2200 ⁸⁷.
1792 2151 1873 2200 Ad
1937 2148 2086 2203 hunc

508 2242 672 2293 etiam
721 2240 943 2293 modum
994 2253 1118 2291 cum
1156 2238 1349 2307 primis
1387 2241 1709 2309 parentibus
1754 2250 1935 2295 actum
1979 2253 2082 2296 est.

499 2330 643 2384 Cum
680 2332 828 2385 enim
870 2328 1011 2401 ipsis
1057 2334 1400 2403 obrepsisset
1436 2342 1748 2401 peccatum,
1783 2335 1898 2401 ipse
1939 2332 2085 2390 Deus

501 2436 600 2477 eos
637 2423 818 2478 verbis
864 2409 1251 2494 reprehendit;
1311 2439 1547 2493 cumque
1582 2425 1852 2493 ptenitere
1895 2439 1953 2479 se
1986 2425 2085 2479 ad-

504 2515 659 2571 missi
704 2515 893 2587 ﬂagitii
945 2519 1331 2581 ostenderent,
1403 2519 1788 2588 quadantenus
1831 2519 2082 2589 ignovit;

506 2608 726 2677 quando
778 2623 886 2663 non
944 2624 1053 2687 quo
1108 2611 1197 2664 die
1243 2609 1478 2664 ederunt
1530 2610 1597 2663 de
1644 2610 1806 2665 vetita
1858 2610 2082 2679 arbore,

504 2698 694 2751 eodem
726 2707 781 2752 et
816 2699 925 2753 vita
958 2699 1206 2754 defuncti
1241 2710 1395 2765 sunt,
1431 2701 1577 2755 sicut
1617 2717 1712 2770 per
1746 2703 1922 2757 minas
1948 2702 2084 2773 ipsis

503 2795 888 2849 obnuntiatum
936 2794 1135 2850 fuerat.
1185 2795 1289 2850 Sed
1329 2798 1440 2867 jam
1496 2798 1605 2851 alia
1647 2797 1898 2852 oboritur
1931 2812 2084 2868 qua:-

506 2886 651 2953 stio;
722 2904 818 2941 cur
851 2903 959 2941 non
1017 2887 1088 2943 sit
1136 2899 1391 2942 mortuus
1435 2889 1603 2941 Adam
1654 2903 1765 2958 quo
1815 2888 1904 2943 die
1969 2888 2086 2943 edit

408 2982 417 3019 ί
504 2978 742 3033 fructum
800 2982 1027 3033 vetitum
1098 2981 1238 3035 sicut
1301 2980 1691 3035 interminatus
1747 2981 1850 3051 ipsi
1908 2982 2085 3035 fuerat

2196 1875 2457 1929 tesimum
2496 1886 2549 1929 et
2599 1877 2937 1932 tricesimum
2987 1892 3215 1932 annum.
3256 1876 3428 1947 Hujus
3476 1881 3555 1935 rei
3604 1880 3773 1934 varia:

2190 1976 2317 2022 sunt
2373 1982 2576 2023 causae.
2638 1967 2823 2023 Potuit
2880 1970 3026 2024 enim
3081 1968 3225 2026 Deus
3279 1972 3429 2026 illius
3481 1972 3765 2035 misereri,

2190 2059 2686 2129 commeritamque
2717 2075 2955 2129 pmnam,
3004 2060 3053 2114 si
3091 2076 3201 2115 non
3249 2076 3493 2127 omnem,
3543 2071 3595 2116 at
3639 2078 3764 2130 par-

2193 2151 2286 2206 tim
2337 2154 2531 2206 saltem
2560 2152 2876 2220 remittere;
2916 2155 3010 2223 qui
3047 2169 3240 2223 magna
3269 2155 3488 2224 quidem
3517 2154 3759 2223 duraque

2192 2244 2415 2301 minari.
2454 2253 2511 2297 at
2558 2244 2769 2298 minora
2823 2245 3185 2315 miilliuraque
3233 2246 3477 2315 infligere
3532 2246 3667 2301 siilet
3702 2254 3764 2297 ut

2189 2337 2353 2391 nobis
2380 2335 2634 2390 Ninivitm
2689 2338 2940 2407 exemplo
2985 2337 3159 2393 fuere.
3197 2338 3399 2393 Deinde
3434 2340 3478 2393 si
3524 2338 3598 2392 illi
3638 2354 3768 2392 mox

2190 2445 2317 2485 cum
2350 2430 2596 2485 admisso
2625 2439 2847 2499 peccato
2883 2433 2993 2486 vita
3038 2431 3281 2487 defuncti
3320 2432 3574 2495 fuissent,
3611 2433 3765 2485 nulla

2192 2520 2609 2591 relinquebatur
2662 2522 2996 2593 propagandi
3053 2524 3271 2595 generis
3308 2524 3533 2577 humani
3582 2523 3762 2591 origo.

2187 2611 2457 2670 Praeterea
2505 2614 2593 2671 illa
2625 2601 2721 2669 Dei
2755 2615 3063 2670 benedictio
3099 2632 3113 2669 :
3146 2615 3377 2669 Crescite
3405 2626 3453 2668 ct
3503 2613 3772 2680 multipli-

2187 2709 2422 2772 camini,
2472 2719 2829 2779 praecesserat
2872 2711 3021 2765 diras
3073 2711 3208 2765 istas
3259 2707 3437 2764 minas
3475 2727 3488 2762 :
3520 2707 3640 2775 Quo
3688 2707 3774 2760 die

2146 2800 2448 2867 .ederitis,
2516 2810 2741 2855 mortem
2801 2803 3119 2856 moriemini.
3181 2803 3409 2872 insuper
3460 2784 3641 2855 dilata
3686 2813 3774 2857 est

2162 2888 2340 2948 'mors
2374 2894 2652 2962 peccantis
2703 2893 2854 2958 Adae,
2905 2910 2973 2949 ne
3010 2893 3223 2962 sijusto
3256 2895 3416 2948 initio
3463 2909 3613 2949 mors
3667 2896 3773 2947 im-

2187 2985 2402 3055 perium
2438 2999 2600 3039 suum
2644 2986 2928 3055 auspicata
2965 2994 3112 3041 esset
3144 2986 3197 3039 in
3232 2999 3404 3055 genus
3438 2986 3769 3047 humanum,

505 3069 687 3125 Deus?
741 3070 847 3124 Sed
912 3073 1233 3141 priusquam
1291 3073 1357 3125 ad
1424 3072 1566 3126 hanc
1626 3072 2152 3159 respondeamus,c
2188 3090 2416 3146 prorsus
2473 3075 2579 3129 hoc
2646 3075 3036 3132 indissolubile
3103 3076 3363 3146 deinceps
3416 3077 3769 3131 obtinuisset.

502 3176 684 3229 operae
727 3161 961 3230 pretium
1014 3159 1181 3215 fuerit
1227 3161 1445 3215 illarum
1485 3162 1770 3216 hominum
1828 3163 2075 3233 argutias

502 3256 798 3310 dissolvere
830 3258 921 3325 qui
971 3257 1073 3311 hoc
1126 3256 1245 3309 loco
1296 3255 1453 3308 aiunt
1502 3255 1771 3324 serpentis
1805 3254 1934 3324 (hoc
1968 3265 2077 3323 est,

504 3347 742 3418 Satanae)
785 3350 945 3404 verba
993 3358 1109 3403 rata
1155 3349 1294 3411 fieri,
1348 3349 1548 3417 quibus
1597 3348 1926 3418 praedixerat
1969 3366 2078 3404 non

502 3442 802 3495 morituros
857 3440 1075 3496 etiamsi
1125 3450 1485 3495 vescerentur
1542 3440 1835 3510 prohibitis
1884 3441 2080 3497 fructi-

502 3540 609 3592 bus
640 3555 654 3594 :
690 3538 782 3591 Dei
836 3553 966 3591 vero
998 3537 1155 3592 irrita
1187 3537 1432 3608 falsaque
1466 3539 1558 3608 qui
1601 3539 1789 3593 eodem
1821 3554 1946 3595 cum
1976 3554 2079 3609 pa-

502 3638 648 3683 trato
676 3628 920 3683 facinore
950 3629 1036 3683 die
1067 3629 1365 3683 morituros
1396 3630 1639 3685 minatus
1667 3630 1865 3685 fuerat.
1915 3631 2079 3700 Atqui

502 3721 930 3792 haudquaquam
966 3721 1230 3777 mentitus
1274 3730 1358 3775 est
1391 3720 1556 3785 Deus,
1589 3721 1681 3775 sed
1718 3722 2077 3792 praestitutam

501 3828 719 3883 pmnam
788 3811 1166 3867 misericordia
1222 3812 1510 3883 mitigavit.
1566 3810 1721 3868 Solet
1781 3813 1931 3868 enim
1986 3814 2079 3869 ille

462 3890 737 3958 'maxima
786 3904 1223 3974 gravissimaque
1278 3903 1545 3974 supplicia
1598 3904 1818 3970 minari,
1859 3913 1919 3959 ut
1970 3905 2077 3960 sibi

500 4007 726 4049 caveant
773 3995 1052 4059 mortales,
1110 4010 1299 4048 verum
1376 3995 1573 4050 deinde
1636 3994 1724 4048 illa
1773 4010 1871 4064 per
1920 4009 2077 4050 suam

502 4086 936 4141 misericordiam
975 4086 1274 4150 moderari,
1310 4085 1631 4156 lenioraque
1664 4102 1904 4141 sumere.
1941 4086 2078 4142 Nam

502 4190 555 4234 et
607 4181 863 4234 Ninivitis
917 4197 1042 4234 cum
1102 4181 1489 4235 interminatus
1538 4189 1685 4235 esset
1715 4180 1966 4245 exitium,
1999 4180 2076 4235 illi

498 4289 629 4325 vero
661 4276 728 4325 ah
770 4272 1023 4338 itttmptis
1070 4273 1313 4326 revocati
1355 4272 1719 4341 poeniterent,
1750 4274 1896 4326 nulla
1929 4271 2078 4342 ipsos

503 4368 675 4419 multa
710 4364 983 4419 affecit".
1030 4362 1279 4418 Ezechias
1318 4379 1536 4434 quoque
1568 4379 1694 4419 cum
1745 4366 2072 4418 moriturum

2186 3168 2401 3223 Justum
2427 3178 2610 3223 autem
2643 3166 2842 3223 fuisset
2896 3168 3092 3223 mortis
3140 3168 3356 3239 imperii
3401 3168 3766 3238 principium.

2185 3259 2229 3314 si
2261 3257 2458 3325 Adam,
2495 3259 2587 3329 qui
2619 3258 2819 3313 violata
2853 3260 2970 3331 lege
2996 3259 3325 3328 deliquerat,
3360 3260 3571 3330 primus
3594 3270 3769 3314 morte

2185 3349 2555 3415 concidisset;
2602 3360 2659 3405 at
2718 3353 2866 3406 enim
2904 3361 3263 3421 posteaquam
3300 3351 3389 3406 ille
3423 3352 3635 3421 primus
3686 3363 3770 3407 est

2185 3449 2364 3494 morte
2404 3440 2714 3496 exstinctus
2747 3442 2839 3511 qui
2889 3459 3000 3512 prae
3035 3442 3249 3497 caeteris
3296 3442 3624 3499 mortalibus
3657 3444 3767 3497 Deo

2190 3530 2443 3600 placebat
2505 3541 2558 3587 et
2618 3536 2849 3587 omnino
2898 3534 3379 3605 morteiudignus
3424 3545 3562 3601 erat,
3603 3546 3765 3604 atque

2185 3624 2257 3679 ita
2292 3624 2546 3695 improbo
2572 3627 2843 3698 principio
2868 3627 3031 3684 'mors
3069 3645 3224 3685 suam
3258 3633 3473 3701 occepit
3515 3632 3761 3701 tyranni-

2182 3715 2344 3784 dem;
2380 3726 2580 3772 mertto
2614 3735 2677 3774 ea
2717 3722 2962 3791 tyrannis
2991 3721 3122 3776 olim
3154 3722 3498 3779 dissolvenda
3531 3722 3632 3777 fuit
3657 3737 3756 3791 per

2184 3808 2461 3863 Christum
2511 3810 2604 3879 qui
2649 3825 2752 3865 suo
2794 3811 2939 3866 illam
2993 3812 3229 3868 adventu
3278 3815 3485 3869 viribus
3547 3830 3761 3870 cassam

2155 3890 2439 3952 'reddidit.
2501 3895 2642 3953 Hinc
2720 3897 2980 3955 dominus
3045 3900 3284 3971 Ephrem
3345 3903 3396 3957 in
3476 3901 3607 3956 ilhtd
3672 3901 3767 3954 Dei

2181 3988 2387 4042 dictum
2424 4006 2436 4041 :
2467 3987 2703 4061 Sanguis
2746 3991 2875 4045 Abel
2921 3993 3122 4045 clamat
3168 3994 3238 4046 ad
3298 4010 3377 4047 me
3423 4008 3486 4046 ex
3528 4003 3670 4046 terra
3694 3993 3765 4057 ",

2183 4082 2329 4137 sicut
2360 4086 2624 4152 scriptum
2660 4084 2885 4154 reliquit
2914 4102 2929 4138 :
2968 4084 3149 4140 Ulnlat
3193 4099 3344 4141 mors
3389 4085 3441 4139 in
3471 4102 3574 4139 suo
3607 4085 3768 4140 inizio

2174 4168 2481 4229 ostendens
2539 4177 2708 4245 fqucm
2775 4177 2847 4230 sit
2924 4176 3177 4231 habitura
3243 4175 3429 4231 finem.
3491 4176 3763 4231 Prmterra

2181 4276 2343 4320 etiam
2394 4266 2437 4321 si
2489 4283 2599 4320 non
2666 4268 2813 4322 illico
2864 4277 3181 4338 peccantem
3240 4270 3508 4323 Adamum
3584 4280 3762 4322 morte
3843 4330 3861 4345 ι

2183 4359 2499 4414 multaverit
2548 4358 2712 4425 Deus,
2765 4367 2945 4416 tamen
3004 4361 3287 4417 mortalem
3335 4377 3477 4427 esse,
3519 4371 3572 4417 et
3625 4377 3653 4414 a
3706 4375 3763 4413 se

501 4473 676 4527 neque
707 4457 978 4510 victurum
1010 4456 1446 4526 pronuntiasset,
1469 4468 1710 4523 eumque
1745 4452 1954 4522 peccati
1988 4452 2075 4507 sui
2112 4434 2153 4488 ο
2184 4449 2313 4504 olim
2362 4452 2739 4521 perimendum
2774 4452 2886 4521 jam
2948 4463 3058 4507 tum
3107 4455 3345 4508 ostendit
3396 4453 3482 4507 his
3530 4454 3713 4507 verbis
3746 4470 3759 4506 :

500 4550 866 4620 paenituisset,
896 4548 1231 4617 impendenti
1258 4561 1434 4617 paenae
1457 4546 1571 4616 jam
1600 4545 1822 4599 addicto
1847 4544 2078 4613 gratiam

500 4642 735 4703 fecit”;
774 4651 825 4696 et
870 4650 1051 4695 tamen
1105 4656 1289 4702 nemo,
1331 4638 1401 4694 ob
1439 4639 1555 4692 haec
1601 4638 1875 4692 mendacii
1903 4636 2078 4690 Deum

500 4735 867 4787 accusaverit.
915 4730 1007 4786 Sic
1056 4732 1223 4801 igitur
1254 4729 1419 4785 etiam
1456 4745 1580 4783 cum
1629 4729 1838 4782 Adamn
1874 4735 1930 4782 et
1964 4726 2080 4782 Eva

499 4826 630 4893 egit.
666 4822 1010 4879 Przemonuit
1040 4820 1208 4877 enim
1237 4838 1305 4876 ne
1353 4821 1420 4876 de
1461 4821 1550 4874 illa
1606 4821 1802 4875 arbore
1833 4820 2079 4883 ederent,

502 4917 775 4995 simulque
827 4916 1002 4970 minas
1064 4913 1273 4969 addidit
1336 4913 1453 4968 fore
1513 4920 1572 4965 ut
1630 4911 1736 4967 nisi
1789 4923 2077 4981 parerent,

418 5074 425 5079 τ
501 5013 690 5065 eodem
741 5011 827 5063 die
882 5018 1115 5065 mortem
1161 5018 1528 5079 oppeterent:
1563 5023 1687 5060 eum
1731 5021 1897 5078 porro
1963 5007 2076 5076 jam

500 5112 832 5174 praeceptum
877 5102 1177 5158 violassent
1216 5110 1382 5170 atque
1414 5107 1763 5169 peccassent,
1790 5098 2080 5153 miseratus

502 5197 647 5263 ipsos
675 5203 759 5249 est
791 5194 1121 5263 culpamque
1150 5191 1388 5254 remisit,
1419 5182 1474 5244 et
1522 5187 1851 5259 Supplicium
1892 5190 1965 5243 ita
1997 5200 2081 5243 est

501 5285 817 5339 moderatus
852 5293 911 5338 ut
938 5298 1003 5338 eo
1035 5285 1154 5353 ipso
1176 5283 1264 5337 die
1298 5290 1530 5336 mortem
1567 5297 1672 5335 non
1697 5280 1936 5335 obierint
1965 5296 2075 5351 quo

499 5378 811 5447 nnpositam
868 5375 973 5430 sibi
1010 5375 1184 5445 legem
1219 5373 1518 5442 fregerant.
1552 5371 1669 5425 imo
1698 5387 1830 5426 vero
1882 5371 2077 5426 adver-

499 5486 595 5525 sus
626 5467 900 5524 Ninivitas
958 5447 1392 5519 totum'omnino
1444 5463 1777 5534 supplicium
1836 5462 2073 5517 reddidit

498 5562 748 5627 irritum;
792 5566 847 5613 at
874 5556 1079 5627 primos
1133 5556 1302 5614 hosce
1347 5565 1567 5611 nostros
1605 5564 1863 5624 parentes
1919 5562 2073 5624 parte

568 5715 609 5746 "
637 5714 655 5767 t
686 5713 829 5768 Tim.
862 5729 901 5782 ι,
933 5711 966 5768 5
999 5727 1151 5782 seqq.
1239 5711 1285 5747 ⁸⁸
1307 5708 1457 5767 Joam
1489 5726 1567 5778 Ill,
1598 5708 1632 5762 ἓ
1661 5723 1813 5778 seqq.

1888 5708 1933 5743 ”
1963 5705 2192 5778 lV_Reg.
2236 5722 2327 5774 xx,
2363 5706 2381 5758 i
2417 5720 2573 5772 Βρεμι.

2180 4540 2363 4597 Pulvis
2401 4561 2477 4608 es,
2517 4553 2566 4597 et
2612 4545 2667 4598 in
2702 4545 2969 4615 pulverem
3015 4548 3312 4601 reverteris.
3348 4548 3589 4617 Denique
3633 4562 3758 4600 cum

2182 4635 2272 4690 ille
2318 4646 2535 4706 gustata
2583 4637 2782 4690 arbore
2818 4638 3006 4700 vetita,
3060 4653 3219 4707 poena
3263 4639 3534 4694 obnoxius
3583 4636 3763 4692 factus

2179 4739 2358 4793 esset,
2421 4725 2612 4782 habuit
2671 4730 2850 4798 ipsum
2912 4727 3053 4785 Deus
3101 4746 3201 4800 pro
3252 4738 3490 4796 mortuo,
3542 4729 3759 4783 etiamsi

2182 4822 2339 4874 vivus
2391 4835 2514 4875 esse
2553 4819 2854 4876 \ideretur.
2910 4820 2968 4876 Si
3005 4822 3153 4876 enim
3183 4821 3344 4877 divus
3375 4820 3581 4876 Paulus
3625 4836 3761 4890 apo-

2184 4912 2359 4969 stolus
2389 4926 2486 4966 eos
2520 4912 2611 4982 qui
2646 4914 2843 4968 mortui
2878 4923 3030 4979 sunt,
3054 4923 3203 4970 recte
3239 4924 3402 4970 vocat
3424 4915 3761 4969 dormientes

2183 5019 2403 5077 propter
2450 5006 2811 5061 certissimam
2847 5007 3271 5064 resurrectionis
3302 5023 3475 5077 spem,
3503 5022 3603 5062 cur
3651 5022 3760 5060 non

2182 5100 2427 5154 Adamus
2479 5108 2836 5169 posteaquam
2898 5109 3122 5169 peccato
3178 5104 3524 5170 mancipatus
3596 5109 3762 5167 atque

2184 5207 2340 5245 noxa:
2364 5189 2581 5245 deditus
2607 5199 2772 5252 esset,
2813 5192 3037 5261 perinde
3069 5200 3234 5262 atque
3264 5193 3334 5246 ob
3375 5206 3573 5246 noxam
3612 5207 3765 5245 mor-

2182 5289 2309 5332 tuus
2343 5278 2523 5332 Vocari
2556 5276 2779 5331 debuit?

2252 5369 2423 5422 Adam
2461 5373 2719 5439 quomodo
2766 5380 3011 5425 mortuus
3061 5388 3120 5426 eo
3176 5373 3419 5441 die'quo
3458 5370 3524 5425 de
3573 5369 3766 5425 arbore

2181 5461 2414 5513 seicntiw
2456 5462 2713 5531 gustavit.
2740 5491 2810 5500 —
2843 5461 2979 5515 Hinc
3011 5473 3091 5518 est
3122 5466 3266 5533 quod
3300 5463 3558 5518 dominus
3580 5462 3764 5517 Julius

2179 5554 2585 5607 Commentario
2644 5568 2745 5607 suo
2789 5554 2841 5607 in
2903 5553 3258 5625 Evangelium
3312 5554 3584 5621 Joannis,
3644 5558 3761 5609 ait:

2666 5708 2710 5741 “
2737 5708 2872 5764 Gut.
2910 5724 2982 5767 tv.
3015 5710 3099 5766 10.
