4086 6396
319 336 421 394 561

1454 340 1552 400 DE
1593 341 2000 407 PARADISO.
2078 370 2109 382 ·-
2145 346 2338 408 PARS
2380 350 2428 410 Ι.

3475 357 3581 423 562

320 448 497 504 Adam
553 444 739 514 itaque
788 458 854 499 eo
900 443 988 500 die
1039 454 1270 502 mortem
1323 447 1481 511 obiit,
1532 464 1643 520 quo
1690 448 1779 505 die
1837 449 1978 511 diA
2008 452 2340 524 detraheret,
2377 459 2681 516 secundum
2725 464 3049 521 sententiam
3087 482 3249 539 quam
3292 467 3601 525 dominum‘

321 540 525 595 arbore
566 537 840 610 prohibita
877 538 1012 605 edit,
1041 555 1107 595 eo
1140 557 1252 611 quo
1297 541 1377 597 sic
1408 542 1633 597 haberet
1677 552 1899 599 senten-

323 633 397 686 tia
430 649 444 686 :
479 630 598 696 Quo
640 629 728 685 die
770 631 1060 685 comederis
1085 632 1149 685 de
1186 634 1395 699 arbore,
1428 636 1688 689 morieris.
1736 634 1902 707 Atqui

321 720 543 775 vivebat
572 720 736 774 etiam
790 728 930 776 tum.
973 718 1078 786 Qui
1104 736 1234 791 ergo
1269 722 1448 792 potuit
1478 732 1725 780 mortuus
1754 740 1898 791 esse,

318 825 457 868 sane
505 826 604 881 per
652 814 981 865 sententiam
1044 813 1217 883 ipsam
1265 823 1426 884 atque
1477 831 1574 885 per
1624 821 1897 884 patratum

315 903 566 967 facinus,
599 902 713 970 jam
752 911 866 957 tum
897 914 1149 960 mortuus
1167 915 1313 961 erat.
1353 904 1487 961 Nam
1539 906 1703 962 simul
1736 918 1902 978 atque

316 1012 382 1051 se
420 996 549 1064 quis
585 995 893 1064 subjectum
926 997 1099 1067 culpa:
1139 997 1294 1063 fecit,
1329 998 1593 1069 supplicia
1628 1000 1900 1069 quodam-

317 1088 488 1141 modo
537 1087 765 1157 patitur,
814 1089 1031 1143 tametsi
1082 1090 1258 1145 adhuc
1292 1106 1398 1145 non
1454 1091 1636 1161 reipsa
1676 1091 1897 1159 ductus,

316 1178 417 1233 sed
471 1194 570 1248 per
614 1178 787 1233 solam
828 1167 1237 1249 pronuntiatam
1263 1183 1592 1238 sententiam
1618 1183 1900 1254 judicatus

314 1279 422 1324 est.
506 1269 577 1325 Et
640 1271 898 1327 dominus
964 1273 1199 1340 Ephrem
1271 1274 1360 1330 ubi
1431 1274 1630 1330 iterum
1700 1284 1902 1331 tractat

316 1364 503 1417 locum
562 1363 712 1417 illum
753 1363 822 1419 de
869 1363 1080 1419 Adatno
1124 1375 1377 1421 vescente
1422 1365 1635 1423 fructus
1678 1370 1898 1435 vetitos,

316 1455 703 1526 morienteque
732 1472 799 1511 eo
836 1457 955 1527 ipso
990 1457 1098 1523 die,
1126 1457 1392 1528 scriptum
1422 1461 1645 1531 reliquit
1678 1461 1732 1515 in
1760 1461 1899 1515 hanc

315 1550 656 1603 sententiam
713 1567 728 1602 :
790 1548 946 1604 Sicut
1007 1550 1100 1619 qui
1157 1565 1324 1606 sanus
1393 1559 1518 1618 est,
1577 1553 1898 1624 priusquam

315 1638 527 1694 incidat
576 1639 631 1693 in
679 1640 957 1705 morbum,
994 1640 1138 1695 bona
1180 1640 1383 1697 fruitur
1420 1644 1731 1699 valetudine
1778 1661 1900 1716 qua:

318 1731 513 1784 utorbo
562 1730 745 1800 potior
786 1741 872 1786 est
906 1749 921 1785 :
955 1747 1146 1786 verum
1195 1734 1285 1787 ubi
1315 1734 1532 1790 lethalis
1563 1750 1690 1790 eum
1742 1737 1899 1793 inivit

328 1823 613 1893 agritudo,
664 1823 777 1894 jam
826 1823 883 1878 in
936 1825 1130 1881 mortis
1174 1835 1440 1897 potestate
1484 1843 1605 1882 esse
1646 1839 1903 1885 censetur

336 1915 544 1969 etiamsi
588 1915 905 1984 complures
961 1915 1079 1972 dies
1132 1926 1370 1987 aegrotus
1429 1921 1699 1991 transigat
1751 1921 1903 1991 prius

335 2024 494 2077 quam
523 2008 791 2062 moriatur
824 2025 839 2061 :
876 2007 949 2063 ita
984 2018 1038 2064 et
1068 2010 1238 2064 Adam
1281 2010 1495 2067 felicem
1534 2026 1701 2084 atque
1749 2014 1893 2073 into.

324 2100 528 2155 lumem
579 2102 748 2156 vitam
802 2089 1073 2171 agitabat
1139 2102 1194 2158 in
1268 2105 1526 2175 paradiso
1581 2107 1901 2177 priusquam

319 2201 596 2261 peccaret,
636 2201 691 2246 at
720 2192 811 2247 ubi
834 2192 1148 2249 admisisset
1176 2206 1474 2265 peccatum,
1506 2198 1787 2252 sententia:
1804 2196 1905 2252 ob-

320 2285 526 2341 noxius
550 2284 729 2340 factus
760 2295 863 2352 est,
892 2299 946 2344 et
974 2287 1200 2359 proinde
1234 2303 1334 2358 pro
1361 2304 1425 2344 eo
1456 2290 1762 2345 aestimatus
1809 2290 1903 2361 qui

319 2379 521 2435 mortis
570 2380 935 2435 essecrationi
993 2381 1338 2452 imperioque
1396 2383 1679 2452 subjectus
1733 2391 1901 2440 esset.

323 2471 518 2551 itaque
559 2472 749 2527 multis
779 2488 1006 2542 pressus
1049 2474 1308 2538 miseriis,
1341 2485 1601 2546 tanquam
1647 2485 1906 2547 perpetuo

323 2566 584 2620 lethalcm
619 2566 900 2621 sustinens
926 2565 1202 2633 morbum,
1235 2565 1302 2620 ad
1338 2566 1508 2636 ipsam
1545 2582 1720 2638 usque
1755 2583 1906 2622 mor—

325 2669 433 2713 tem
466 2659 731 2728 perrexit.
762 2657 975 2714 Rursus
1006 2658 1167 2713 sicuti
1202 2659 1247 2713 si
1274 2660 1399 2729 quis
1424 2661 1589 2715 alium
1625 2661 1909 2718 mortifero

319 2752 552 2806 vulnere
600 2751 830 2816 sanciet,
882 2751 1242 2820 quantumvis
1292 2752 1387 2807 ille
1447 2761 1574 2822 post
1624 2764 1905 2824 acceptam

323 2844 545 2913 plagam
580 2843 822 2897 ~multos
883 2851 1165 2911 superstes
1237 2853 1456 2898 maneat
1510 2844 1667 2912 dies,
1725 2855 1907 2922 tamen

325 2936 559 3004 perinde
586 2952 651 2990 ac
683 2937 729 2991 si
778 2951 905 2990 mox
950 2937 1044 2993 ubi
1095 2952 1393 3007 percussus
1433 2936 1613 2993 fuerat
1656 2937 1905 3005 obiisset,

326 3030 408 3082 sic
469 3027 754 3082 vindicant
799 3027 1016 3097 judices
1075 3043 1193 3083 eam
1241 3028 1442 3084 cmdem
1477 3047 1490 3084 :
1525 3031 1597 3085 ita
1655 3045 1764 3101 quo
1820 3030 1910 3087 die

1930 1806 1980 1867 B

2014 544 2246 615 Ephrem
2297 559 2351 604 et
2419 552 2511 620 qui
2565 553 2710 611 hunc
2755 567 3082 627 sequuntur,
3132 575 3231 631 pro
3288 558 3585 631 Scripturze

2012 646 2198 694 tenore
2221 642 2501 712 amplexos
2528 659 2651 701 esse
2678 661 2844 717 supra
2867 648 3384 707 demonstravimus.
3414 652 3583 707 Porro

2010 730 2125 786 sive
2186 749 2281 801 per
2338 736 2852 808 contemplationem
2919 743 3211 810 quamdam
3270 745 3584 814 apparuerit

2010 831 2137 878 tunc
2164 824 2291 887 illis,
2328 834 2387 880 ut
2425 814 2789 885 Pbiloxeuum
2818 832 3136 889 existimare
3163 834 3424 902 diximus,
3469 836 3583 891 sive

2011 918 2083 971 ita
2109 926 2168 971 ut
2199 919 2346 988 ipsos
2376 934 2567 974 eorum
2599 936 2794 978 sensus
2821 921 2995 979 forma
3024 939 3288 995 corporea
3316 936 3579 993 moveret,

2011 1018 2069 1062 ut
2115 1009 2190 1064 illi
2233 1011 2466 1079 volunt;
2523 1027 2656 1068 sane
2696 1014 3076 1087 cujuscunque
3123 1020 3239 1073 haec
3293 1019 3440 1074 modi
3497 1036 3582 1075 res

2010 1098 2195 1166 fuerit,
2255 1112 2450 1171 pacate
2498 1118 2563 1158 ac
2611 1103 2805 1160 blande
2866 1105 2974 1162 illis
3006 1107 3218 1162 vicibus
3258 1117 3586 1178 apparuerat

2008 1189 2183 1260 ipsis;
2215 1201 2271 1246 at
2294 1192 2406 1263 jam
2447 1194 2519 1249 ita
2555 1194 2713 1265 plane
2747 1212 2806 1250 se
2841 1206 3218 1267 repraesentat,
3262 1206 3320 1253 ut
3359 1201 3476 1254 suis
3505 1199 3581 1253 illi

2009 1287 2265 1344 sensibus
2310 1290 2632 1360 percipiant,
2667 1292 2923 1346 nimirum
2973 1294 3208 1348 humana
3262 1296 3442 1364 specie
3468 1295 3583 1350 fore

2006 1379 2306 1447 midabilis,
2349 1382 2621 1448 turbidus,
2657 1382 2915 1451 ditIicilis,
2956 1392 3010 1441 et
3044 1386 3197 1455 quasi
3228 1401 3454 1457 peregre
3486 1387 3583 1441 atl-

2010 1469 2255 1535 vcnieus,
2298 1472 2493 1543 iraque
2525 1482 2762 1539 tumens,
2797 1474 3118 1546 furensque,
3150 1486 3204 1532 et
3234 1493 3333 1533 suo
3366 1478 3587 1533 incessu

2008 1563 2326 1619 concutiens
2351 1568 2755 1637 terram,fatque
2773 1568 2910 1623 adeo
2932 1569 3080 1641 ipsas
3098 1570 3337 1640 paradisi
3357 1570 3585 1626 arbores

2010 1657 2215 1723 pressis
2245 1658 2486 1728 vestigiis
2508 1659 2889 1716 tremefaciens
2916 1676 2932 1715 :
2960 1660 3300 1730 hujusmodi,
3328 1661 3579 1731 inquam,

2011 1745 2201 1802 habitu
2259 1747 2350 1802 hic
2400 1765 2551 1805 nunc
2614 1750 2829 1806 videtur
2882 1751 2950 1807 ab
3001 1752 3137 1818 illis;
3188 1752 3445 1808 nimirum
3525 1764 3587 1807 ut

2008 1838 2188 1908 pavidi
2220 1838 2592 1895 confiteantur
2620 1856 2718 1896 sua
2746 1841 2968 1909 delicta,
3001 1850 3165 1912 atque
3194 1842 3344 1898 illius
3372 1843 3588 1899 miseri-

2006 1929 2249 1984 cordiam
2306 1930 2632 2002 veniamque
2681 1932 2971 2002 implorent
3009 1952 3022 1988 :
3055 1936 3151 2004 eo:
3177 1934 3323 1991 enim
3377 1943 3587 2005 spectat

2005 2020 2150 2091 quod
2196 2021 2526 2079 ambulantis
2559 2038 2743 2079 vocem
2777 2024 3020 2081 andiisse
3064 2025 3343 2083 dicuntur.
3376 2026 3585 2098 Quippe

2004 2112 2176 2165 voluit
2212 2113 2390 2168 audiri
2417 2115 2485 2169 ab
2516 2115 2649 2183 ipsis
2698 2131 2860 2171 suum
2889 2116 3187 2184 incessum,
3229 2125 3285 2173 et
3333 2117 3450 2188 ipse
3485 2133 3585 2173 ceu

2007 2217 2333 2275 corporatus
2380 2209 2614 2277 spectari
2666 2208 2902 2263 humana
2931 2208 3131 2278 forma,
3184 2218 3246 2266 ut
3276 2225 3386 2282 pra:
3422 2202 3583 2265 imotu

2008 2294 2332 2353 festinarent
2359 2286 2426 2353 ad
2466 2299 2583 2368 ejus
2632 2300 2860 2368 gratiam
2911 2300 3436 2374 ignoscentiamque.
3464 2302 3584 2358 Ca:-

2007 2395 2186 2443 ternm
2219 2389 2326 2444 diei
2380 2390 2792 2448 inclinationem
2829 2403 2986 2449 vocat
3034 2393 3317 2467 Scriptura
3371 2404 3584 2467 tempus

2007 2479 2142 2535 illud
2188 2481 2297 2536 diei
2328 2483 2474 2552 quod
2526 2485 2748 2540 circiter
2780 2487 2912 2541 hora
2949 2501 3093 2542 nona
3140 2495 3226 2543 est
3259 2496 3379 2556 post
3415 2489 3583 2543 meri-

2007 2572 2175 2639 diem,
2210 2573 2325 2628 sole
2375 2576 2441 2630 ad
2472 2590 2744 2657 occasum
2780 2587 3085 2648 spectante.
3124 2577 3230 2633 Sed
3285 2580 3428 2634 enim
3476 2578 3584 2635 lle-

2008 2666 2185 2722 brzeos
2223 2670 2398 2734 aiunt,
2438 2682 2537 2741 pro
2569 2670 2920 2726 inclinatione
2965 2672 3085 2727 dici‘
3111 2672 3292 2728 dicere
3324 2673 3583 2743 spiritum

2010 2759 2123 2814 sive
2163 2767 2385 2814 ventum
2426 2761 2554 2816 diei.
2602 2762 2874 2818 Caeterum
2926 2764 3072 2833 quod
3128 2767 3194 2819 ad
3254 2763 3582 2820 inclinatum

2009 2866 2182 2921 usque
2230 2852 2373 2908 diem
2430 2852 2645 2909 distulit
2700 2869 2759 2910 se
2800 2854 3079 2919 exhibere,
3135 2854 3189 2911 id
3239 2870 3304 2911 eo
3345 2855 3475 2911 fecit
3528 2866 3591 2912 ut

2010 2942 2248 3013 spatium
2279 2943 2547 2999 haberent
2589 2945 2820 3011 interea,
2857 2955 3122 3016 quantum
3152 2956 3467 3017 patrassent
3504 2948 3587 3002 fa-

2010 3038 2167 3093 cinus
2211 3037 2393 3091 animo
2440 3054 2627 3092 secum
2677 3039 2938 3108 agitandi.
2995 3039 3100 3095 Sed
3149 3050 3205 3097 et
3249 3040 3354 3098 hoc
3407 3041 3589 3099 disce.-

323 3118 528 3174 vulnus
557 3121 774 3189 etcepit
821 3118 1017 3183 Adam,
1059 3120 1126 3175 ab
1168 3135 1234 3174 eo
1273 3119 1362 3174 die
1401 3129 1656 3213 censetur
1689 3120 1909 3193 judica-
1936 3152 1979 3211 α
2015 3127 2273 3213 ptandum
2308 3135 2410 3191 est,
2440 3130 2506 3183 de
2539 3142 2649 3197 quo
2688 3128 2777 3183 hic
2808 3129 2896 3184 die
2930 3139 3057 3201 agat
3081 3127 3276 3187 Moses.

327 3221 417 3266 tus
459 3211 692 3274 obiisse,
739 3219 799 3265 ut
846 3211 941 3281 qui
977 3210 1105 3266 inde
1169 3225 1347 3281 usque
1400 3211 1529 3267 dum
1584 3223 1905 3284 moreretur,

223 3315 229 3320 '
328 3301 514 3356 lethali
558 3301 752 3357 morbo
781 3311 834 3356 et
869 3302 1196 3372 argritudine
1233 3302 1399 3358 fuerit
1440 3303 1765 3375 implicitus.
1804 3305 1908 3377 lgi-

330 3404 423 3448 tur
454 3393 563 3449 etsi
604 3394 788 3465 reipsa
839 3408 953 3450 non
1003 3393 1334 3465 oppetiverit
1378 3405 1607 3452 mortem
1665 3398 1910 3454 Adantus

330 3486 500 3542 simul
535 3495 595 3542 ut
628 3486 865 3544 fructum
909 3488 1039 3557 edit,
1082 3499 1266 3543 tamen
1296 3504 1396 3559 pro
1440 3500 1657 3546 mortuo
1688 3493 1912 3549 habitus

333 3588 421 3634 est
452 3594 521 3635 eo
557 3581 702 3650 quod
736 3580 955 3652 capitali
999 3580 1161 3651 culpa
1202 3594 1262 3637 se
1295 3582 1706 3649 obstrinxisset,
1746 3594 1912 3655 atque

325 3672 443 3741 jam
482 3678 600 3725 tum
636 3686 730 3740 per
760 3672 1088 3727 sententiam
1125 3686 1282 3727 noxae
1331 3672 1547 3730 deditus
1588 3686 1749 3731 esset.
1804 3676 1909 3732 Sed

333 3762 490 3819 dices
537 3781 555 3817 :
583 3763 696 3818 Cur
750 3778 863 3818 non
902 3779 1133 3835 prorsus
1180 3764 1420 3821 abolevit
1480 3767 1621 3822 Deus
1678 3779 1909 3824 mortem

334 3873 501 3927 quam
540 3872 639 3927 pro
675 3858 915 3913 maxima
947 3873 1044 3914 sua
1084 3858 1472 3915 misericordia
1519 3878 1624 3916 non
1658 3863 1914 3921 intulerat

342 3966 406 4003 eo
451 3953 538 4005 tlie
591 3965 704 4021 quo
752 3961 1075 4021 peccaverat
1122 3954 1402 4010 Adamus?
1450 3954 1613 4026 Atqui
1665 3957 1784 4027 ejus
1834 3958 1913 4012 rei

338 4042 518 4096 nultm
556 4053 788 4113 possunt
814 4044 962 4099 reddi
997 4059 1210 4102 causa.
1251 4047 1466 4103 Abolita
1495 4048 1640 4102 enim
1689 4063 1915 4119 prorsus

331 4147 554 4200 inerte,
605 4136 773 4208 hujus
824 4152 1046 4207 quoque
1093 4139 1282 4195 mundi
1332 4139 1661 4212 compositio
1708 4141 1913 4198 frustra

329 4228 556 4293 fuisset,
604 4229 716 4284 imo
751 4229 1013 4286 saeculum
1071 4232 1236 4286 etiam
1272 4233 1417 4305 quod
1454 4231 1701 4288 futurum
1752 4249 1915 4289 voca-

214 4340 237 4354 ·
330 4341 482 4379 mus.
543 4324 621 4377 Ad
686 4324 823 4392 hoc,
896 4326 1111 4380 sublata
1170 4339 1321 4379 mors
1387 4325 1550 4379 simul
1599 4325 1916 4382 sustulisset

326 4416 631 4470 adventum
678 4414 803 4470 Filii
846 4416 966 4471 Dei.
1013 4416 1281 4471 Praeterea
1312 4424 1594 4485 peceatum
1627 4415 1820 4471 Adami
1859 4424 1915 4471 et

2083 3217 2199 3284 Quo
2221 3218 2306 3272 die
2329 3218 2467 3272 Deus
2492 3221 2691 3288 primos
2715 3229 2962 3290 parentes
3008 3221 3262 3293 paradiso
3288 3223 3589 3279 eliminave-

2026 3310 2122 3364 rit.
2154 3338 2224 3350 —-
2255 3309 2398 3365 Sunt
2439 3321 2617 3365 autem
2659 3311 2752 3383 qui
2784 3311 2987 3378 dicant,
3031 3313 3121 3368 die
3161 3329 3226 3369 eo
3257 3330 3365 3386 quo
3387 3315 3589 3370 conditi

2020 3398 2177 3456 fuere
2223 3401 2384 3470 primi
2428 3410 2719 3470 parentes;
2771 3403 2863 3458 illo
2915 3403 3003 3460 die
3048 3405 3191 3459 enim
3227 3415 3281 3461 et
3329 3421 3589 3476 peccasse

2013 3491 2163 3562 ipsos
2205 3492 2319 3561 lege
2355 3492 2577 3558 violata,
2606 3493 2700 3564 qui
2729 3493 2848 3550 dies
2877 3503 2997 3550 erat
3030 3504 3239 3552 sextus.
3274 3495 3585 3551 Secundum

2013 3586 2136 3650 hos,
2170 3602 2281 3642 uno
2312 3588 2614 3658 eodemque
2649 3588 2738 3644 die
2762 3598 2979 3644 creatus
3017 3599 3100 3643 est
3144 3589 3317 3642 Adam
3364 3594 3417 3641 et
3452 3602 3586 3641 cono

2015 3675 2248 3731 formata
2295 3675 2427 3741 Eva,
2461 3676 2682 3747 lataque
2737 3676 2823 3730 lex
2870 3685 2923 3731 et
2950 3676 3173 3741 violata,
3220 3685 3385 3746 atque
3425 3675 3588 3746 primi

2016 3775 2273 3836 parentes
2304 3767 2373 3822 ob
2402 3767 2504 3822 hoc
2533 3776 2743 3821 tantum
2793 3765 3004 3822 facinus
3035 3766 3307 3837 objnrgati
3339 3774 3392 3820 et
3427 3780 3590 3832 para-

2015 3858 2135 3914 diso
2167 3859 2453 3914 eliminati.
2494 3859 2598 3914 Sed
2630 3861 2862 3914 aliorum
2899 3860 3171 3915 sententia
3210 3866 3314 3921 est,
3365 3858 3472 3913 alio
3502 3858 3590 3913 die

2015 3960 2232 4009 creatos
2276 3953 2398 4007 illos
2446 3966 2587 4016 esse,
2643 3951 2751 4006 alio
2798 3966 3073 4021 peccasse,
3105 3950 3193 4007 hic
3224 3965 3372 4016 vero,
3405 3950 3472 4003 de
3522 3963 3588 4004 eo

2015 4046 2165 4115 loqui
2205 4043 2419 4109 Mosen,
2449 4060 2558 4114 quo
2594 4052 2913 4113 peccarunt.
2966 4042 3171 4097 Praeter
3212 4042 3315 4097 hos
3352 4040 3442 4095 alii
3490 4056 3584 4110 pur

2016 4144 2158 4199 tant,
2184 4135 2330 4190 hunc
2366 4135 2509 4189 diem
2547 4148 2724 4204 neque
2769 4150 2893 4189 eum
2928 4134 3102 4190 fuisse
3151 4134 3204 4188 in
3236 4147 3344 4203 quo
3375 4129 3593 4187 fuerant

2018 4225 2238 4281 formati
2270 4227 2440 4281 Adam
2484 4237 2539 4282 et
2582 4228 2717 4293 Eva,
2756 4242 2936 4297 neque
2987 4240 3113 4281 eum
3163 4225 3218 4279 in
3248 4239 3358 4294 quo
3396 4237 3590 4294 pecca-

2015 4327 2233 4384 verunt,
2285 4318 2378 4374 sed
2410 4328 2535 4390 post
2585 4318 2733 4384 illos,
2779 4318 2979 4384 alium;
3033 4331 3213 4388 neque
3263 4315 3409 4369 enim
3453 4312 3591 4369 satis

2016 4419 2443 4467 eonsentaneam
2477 4426 2602 4466 esse
2629 4418 2689 4465 ut
2721 4410 2837 4465 htec
2864 4418 3014 4464 tanta
3047 4423 3156 4464 uno
3196 4406 3460 4463 accidisse
3485 4406 3577 4461 die

330 4510 462 4563 Eva:
491 4517 659 4578 atque
697 4509 879 4564 omnis
923 4508 1284 4579 posteritatis,
1317 4508 1630 4564 immortale
1664 4507 1912 4564 futurum
1940 4491 1995 4553 D
2020 4504 2426 4560 existimentur.
2464 4502 2571 4560 Sed
2602 4519 2704 4560 nos
2754 4503 2868 4558 lucc.
2909 4501 3160 4568 inferius,
3199 4500 3309 4555 Deo
3355 4499 3592 4563 volente,

334 4601 564 4663 fuisset,
617 4611 676 4655 ut
732 4609 818 4657 est
873 4610 1155 4670 peccatum
1213 4601 1437 4655 diaboli.
1498 4600 1741 4673 Denique
1790 4602 1914 4659 ideo

337 4692 555 4763 reliqua
591 4708 741 4748 mors
770 4690 896 4758 fuit,
946 4704 1005 4747 ut
1039 4691 1198 4760 primi
1232 4701 1482 4761 parentes
1527 4693 1771 4747 animum
1816 4694 1916 4748 ad-

339 4792 615 4839 verterent
671 4786 737 4838 ad
822 4799 979 4839 suum
1048 4784 1290 4855 ipsorum
1340 4783 1577 4850 facinus,
1642 4792 1696 4840 et
1746 4784 1915 4840 animi

351 4879 684 4945 penitudine
737 4877 1086 4933 afﬁcerentur
1119 4890 1341 4946 :neque
1385 4877 1584 4932 mortis
1633 4877 1807 4932 securi
1864 4883 1918 4930 et

352 4966 467 5020 suis
523 4967 734 5023 seducti
787 4967 1071 5022 erroribus
1133 4976 1351 5037 peccata
1414 4966 1550 5020 levia
1616 4952 1917 5029 ducerent,

337 5068 505 5126 atque
534 5059 607 5112 ita
641 5057 898 5112 omnibus
925 5056 1150 5127 flagitiis
1179 5059 1557 5113 atlvesterent.
1590 5054 1742 5109 Hanc
1770 5056 1917 5111 enim

337 5150 410 5204 ob
434 5166 554 5205 rem
590 5149 733 5206 Deus
756 5165 863 5206 non
890 5149 1215 5220 simpliciter
1239 5153 1309 5205 ad
1342 5151 1610 5205 Adamum
1643 5150 1919 5221 Evamqne

334 5244 640 5300 accedebat
682 5244 735 5298 in
772 5244 1054 5314 paradiso,
1098 5243 1194 5298 sed
1234 5243 1476 5298 maximo
1525 5259 1651 5298 cum
1687 5251 1916 5306 terrore,

336 5347 397 5390 ut
461 5335 542 5388 ait
585 5334 764 5391 Moses
797 5353 813 5392 :
851 5334 921 5389 Et
979 5334 1294 5388 audiverunt
1335 5351 1511 5390 vocem
1550 5334 1764 5389 Domini
1823 5333 1923 5388 Dei

336 5427 638 5497 gradientis
662 5428 715 5482 in
743 5427 1022 5498 paradiso,
1056 5427 1347 5480 inclinante
1373 5428 1479 5481 die.
1515 5428 1669 5497 Saepe
1694 5425 1917 5496 quidem

339 5519 481 5575 alias
534 5529 867 5591 apparuerat
911 5519 1058 5575 Deus
1101 5520 1233 5576 Adae
1272 5530 1328 5576 et
1360 5518 1485 5574 Evae
1525 5536 1539 5573 :
1576 5519 1757 5589 primo
1795 5534 1919 5573 cum

342 5613 621 5668 Adamum
674 5612 982 5679 conderet,
1043 5613 1412 5670 conformaret
1444 5652 1459 5675 ,
1527 5621 1921 5683 componeret,

298 5717 313 5724 '
340 5704 616 5774 erigeret;
662 5703 931 5771 secundo,
985 5719 1110 5760 cum
1150 5704 1268 5774 lege
1309 5705 1572 5773 imperata
1604 5714 1809 5759 vetaret
1852 5718 1923 5759 ne

346 5800 416 5853 de
448 5797 646 5867 arbore
675 5796 1006 5866 cognitionis
1043 5797 1259 5863 ederet;
1295 5797 1453 5851 tertio
1484 5812 1607 5851 cunt
1640 5793 1804 5849 Evam
1846 5796 1920 5851 illi

2019 4597 2415 4667 explicabimus
2458 4597 2769 4652 dilucidius.
2817 4594 2887 4648 Et
2935 4593 3307 4649 occnitabalur
3339 4592 3513 4646 Adam
3546 4600 3594 4646 et

2019 4704 2159 4744 uxor
2196 4689 2362 4757 ipsius
2414 4706 2445 4742 α
2493 4695 2769 4757 conspectu
2814 4684 3029 4739 Domini
3070 4683 3167 4738 Dei
3208 4684 3349 4736 inter
3381 4682 3593 4735 arbores

2018 4776 2284 4850 paradisi.
2330 4778 2635 4849 Fugiebant
2678 4777 2840 4848 igitur
2892 4785 3007 4829 tum
3040 4789 3068 4827 a
3126 4772 3235 4828 Deo
3279 4772 3372 4843 qui
3404 4787 3592 4827 vocem

2023 4872 2274 4928 incessus
2311 4871 2418 4934 sui,
2457 4870 2700 4940 ipsorum
2735 4867 2965 4923 auribus
3007 4867 3337 4937 ingesserat;
3377 4872 3490 4918 tum
3526 4864 3595 4919 ab

2022 4963 2218 5017 arbore
2271 4962 2339 5016 de
2389 4976 2499 5031 qua
2546 4958 2795 5028 improbe
2836 4958 3086 5020 ederant,
3145 4965 3309 5024 atque
3362 4954 3415 5009 in
3456 4954 3595 5010 locis

2022 5054 2212 5110 densis
2283 5053 2773 5123 frequentibusque
2842 5050 3015 5105 multa
3082 5048 3343 5118 variaque
3404 5047 3594 5103 arbore

2023 5147 2432 5205 abscondebam
2496 5159 2574 5208 se,
2631 5143 2895 5197 nimirum
2945 5141 3072 5212 quia
3125 5149 3179 5195 et
3236 5137 3444 5209 peccati
3491 5138 3593 5195 sibi

2024 5238 2234 5294 conscii
2286 5244 2442 5292 erant
2494 5246 2550 5291 et
2603 5234 2758 5298 nudi,
2821 5234 2928 5289 hoc
2973 5243 3078 5300 est,
3122 5233 3252 5303 quia
3302 5231 3595 5287 horrebant

2024 5343 2374 5402 conspectum
2406 5330 2521 5392 Dei,
2547 5338 2601 5384 et
2633 5329 2760 5400 quia
2794 5327 3329 5383 verecundabantur.
3356 5323 3423 5378 Et
3442 5339 3592 5378 vocuo

2026 5428 2115 5480 bat
2181 5425 2444 5478 Dominus
2499 5422 2638 5476 Deus
2692 5421 2959 5475 Adamum
3010 5428 3058 5474 et
3089 5418 3297 5473 dicebat
3346 5418 3392 5470 si
3429 5431 3448 5469 :
3498 5412 3596 5469 Πιη

2024 5515 2331 5572 es.Adam?
2366 5513 2486 5569 Jam
2522 5513 2765 5567 diximus
2804 5517 3095 5580 corporata
3143 5518 3307 5579 atque
3361 5506 3596 5561 humana

2028 5610 2198 5678 figura
2245 5608 2414 5663 Deum
2470 5606 2558 5661 hic
2600 5593 2925 5672 apparuisse
2983 5600 3176 5671 primis
3236 5597 3595 5669 parentibus,

2029 5678 2287 5771 ipsosque
2352 5711 2485 5753 voce
2533 5710 2658 5767 qua
2707 5692 2966 5748 audiendi
3017 5705 3243 5746 sensum
3307 5688 3597 5754 movebat,

2026 5791 2408 5863 compellasse.
2461 5788 2613 5845 Solet
2657 5797 2842 5841 autem
2894 5784 3101 5840 dictum
3157 5781 3292 5836 illud
3329 5799 3342 5837 :
3383 5778 3481 5834 Ubi
3525 5795 3579 5833 es
