4086 6396
509 301 613 363 563

1783 304 2017 367 MOSIS
2054 305 2208 366 ΒΑΗ
2243 305 2495 368 CEPHA

3671 297 3784 364 564

511 406 699 462 inultis
739 409 993 489 usurpari
1029 410 1237 478 modis;
1287 426 1411 466 nam
1452 419 1558 477 est,
1584 411 1806 482 quando
1832 413 1926 482 qui
1978 427 2080 468 ne-
2111 420 2158 474 Δ
2186 412 2284 479 sis,
2327 428 2396 480 an
2437 412 2541 481 sub
2572 410 2803 486 imperio
2837 425 2899 467 es
2949 409 3096 482 quod
3134 408 3228 466 ille
3256 408 3357 477 tibi
3390 408 3612 480 minime
3635 427 3782 482 prae-

507 498 613 579 scit
644 500 735 556 ubi
772 500 819 556 is
854 502 926 581 sit
955 518 1122 577 quem
1149 512 1309 573 vocat
1336 503 1489 575 dicit.
1529 502 1630 557 Ubi
1665 504 1763 557 es?
1791 504 1888 563 Est
1918 503 2082 559 etiam

508 608 634 645 rum
681 592 775 663 qui
827 594 1063 671 alterum
1094 593 1435 671 interrogat:
1490 594 1591 649 Ubi
1618 597 1718 651 es?
1757 593 1875 651 Non
1912 597 2088 650 nescit

509 685 598 743 ubi
651 676 896 741 locorum
949 687 1059 763 sit:
1119 687 1283 759 veluti
1341 703 1463 757 cum
1532 689 1768 760 aliquem
1819 689 2010 760 procul
2054 703 2086 745 a

508 779 670 856 nobis
707 790 981 855 agentem,
1027 780 1188 853 cujus
1230 795 1394 851 opera
1432 768 1764 855 indigemus,
1805 781 1886 838 sic
1915 781 2086 839 inter-

506 871 776 945 pellamus
803 889 817 926 :
854 868 955 941 Ubi
977 872 1077 943 es?
1108 866 1358 941 Denique
1401 856 1610 939 utimur
1641 889 1864 944 quoque
1896 889 1960 929 ea
2004 873 2088 928 in-

507 964 878 1038 terrogatione
925 979 1052 1039 ctun
1110 963 1347 1037 cuipiam
1388 979 1548 1035 suum
1584 950 1825 1030 errorem
1868 966 1923 1035 in
1970 979 2086 1020 me-

504 1057 738 1131 moriam
781 1056 1054 1125 adducere
1108 1055 1400 1123 volumus;
1442 1073 1566 1123 nam
1610 1055 1789 1127 illud:
1834 1055 1933 1113 Ubi
1986 1059 2087 1114 es?

506 1148 730 1235 perinde
764 1158 891 1235 tunc
918 1146 1066 1217 valet
1095 1162 1159 1202 ac
1190 1149 1238 1204 si
1266 1148 1517 1215 dicamus
1545 1148 1719 1206 :Vide
1751 1165 1867 1235 quo
1894 1150 2087 1220 impie-

505 1228 633 1297 latis
665 1234 963 1293 recideris!
1001 1235 1292 1297 Postremo
1331 1238 1549 1307 animos
1590 1228 1791 1307 addere
1824 1240 2081 1311 cuipiam,

503 1332 673 1410 atque
729 1340 952 1403 manum
1009 1327 1076 1381 ad
1123 1328 1435 1384 audendum
1484 1333 1767 1403 porrigere
1813 1334 2081 1401 volentes,

501 1408 778 1472 dicimus:
817 1416 917 1473 Ubi
942 1435 996 1473 es
1018 1419 1141 1493 i‘Ad
1177 1422 1291 1485 haec
1321 1421 1388 1476 de
1417 1408 1708 1490 re‘aunissa
1740 1441 1905 1495 quam
1937 1441 2087 1497 quie-

502 1508 697 1585 riruus,
743 1525 1070 1585 usurpamus
1099 1528 1325 1585 quoque
1358 1515 1460 1586 hoc
1488 1516 1715 1587 dictum.
1749 1518 1923 1589 Igitur
1952 1520 2083 1577 dum

502 1599 647 1679 Deus
692 1600 964 1663 Adamum
1025 1602 1412 1679 interrogaret,
1475 1607 1699 1679 ubinam
1754 1618 1923 1677 esset,
1974 1625 2082 1669 non

499 1688 720 1767 quidem
758 1691 808 1753 id
838 1691 1165 1769 ignorabat;
1200 1703 1260 1769 ut
1296 1711 1476 1769 neque
1508 1710 1632 1771 cum
1666 1713 1734 1767 ex
1769 1698 1905 1765 Cain
1931 1714 2082 1770 quae-

500 1762 644 1846 reret
677 1801 692 1839 :
732 1782 831 1859 Ubi
859 1758 1291 1863 estfrqter'tuus
1312 1758 1400 1840 “1;
1430 1758 1779 1858 Nequecum'
1801 1804 1867 1859 es
1890 1758 2079 1861 diose:
2110 1758 2160 1819 Β

503 1877 645 1949 Quid
687 1877 782 1954 hoc
810 1889 888 1935 est
916 1879 1057 1948 quod
1089 1895 1252 1947 manu
1291 1888 1431 1934 tenes
1457 1880 1538 1935 "1
1565 1881 1675 1947 Aut
1704 1896 1768 1937 ex
1799 1880 2039 1937 Jcremia
2064 1899 2081 1951 ξ

503 1967 646 2032 Quid
698 1970 839 2024 vides
864 1968 943 2023 "1’
983 1982 1075 2051 aut
1118 1971 1356 2045 denique
1398 1985 1464 2025 ex
1510 1971 1714 2041 Sat-ana
1748 1988 1763 2032 :
1802 1972 1951 2028 Unde
1996 1990 2083 2028 ve-

498 2060 582 2112 nis
605 2059 692 2112 “1'
733 2060 825 2139 sed
880 2061 1080 2139 habent
1122 2061 1421 2135 illiusmodi
1469 2063 1926 2135 interrogationes
1954 2081 2084 2124 suas

499 2164 719 2227 causas,
773 2152 916 2229 sicut
962 2160 1014 2231 et
1060 2151 1167 2219 illae
1215 2149 1338 2207 Filii
1395 2153 1448 2209 in
1509 2153 1662 2219 Novo
1705 2154 2081 2227 Testamento,

498 2242 630 2307 dum
700 2243 778 2298 ait
839 2244 906 2315 ad
964 2230 1266 2317 discipulos
1318 2247 1453 2319 sues
1501 2264 1516 2301 :
1564 2246 1713 2315 Quot
1752 2263 1916 2315 panes
1981 2230 2079 2305 ha;

499 2335 732 2388 beris"?
789 2343 843 2411 et
902 2351 1097 2414 rursus
1146 2351 1161 2391 :
1208 2338 1375 2417 Quem
1431 2339 1617 2393 dicunt
1672 2340 1910 2396 homines
1969 2359 2084 2401 esse

502 2424 702 2481 Filium
760 2428 989 2501 hominis
1017 2430 1104 2485 ⁸⁸2
1151 2441 1206 2506 et
1238 2424 1274 2485 ’ς
1321 2429 1553 2517 Simon,
1616 2449 1762 2504 reges
1833 2443 1991 2490 terrm
2049 2451 2083 2492 α

498 2534 603 2587 quo
661 2522 883 2587 capiunt
950 2521 1209 2591 tributum
1257 2531 1307 2576 et
1367 2540 1581 2578 censum
1606 2525 1694 2580 "?
1750 2535 1806 2583 et
1848 2528 1914 2582 ad
1978 2528 2084 2585 Le-

499 2608 712 2691 gionem
761 2628 776 2664 :
827 2610 970 2675 Quid
1025 2623 1102 2675 est
1156 2630 1344 2668 nomen
1407 2627 1556 2671 tuum
1581 2618 1673 2672 “7
1729 2620 1976 2691 denique
2011 2620 2080 2677 ad

496 2686 718 2756 Julia-os
749 2719 762 2755 :
799 2700 901 2780 Ubi
941 2707 1172 2785 posuisti
1206 2706 1360 2761 illum
1382 2709 1471 2763 “2
1519 2708 1790 2777 Lazarum
1844 2686 2078 2773 scilicet.

496 2791 621 2848 Ihec
671 2794 816 2863 enim
865 2807 919 2857 et
972 2797 1136 2864 hujus
1178 2800 1398 2869 generis
1449 2802 1556 2865 alia
1611 2820 1733 2875 qua;
1771 2806 2079 2879 interrogav

494 2884 572 2949 vit
600 2883 877 2949 Christus,
905 2901 1014 2941 non
1044 2887 1266 2963 ignarus
1296 2894 1393 2947 sed
1418 2895 1589 2964 probe
1618 2897 1878 2955 conscius
1913 2900 2083 2967 inter-

494 2975 723 3043 rogavit,
762 2985 947 3049 utpote
997 2978 1139 3033 Deus
1168 2982 1259 3051 qui
1320 2984 1504 3039 omnia
1563 2985 1710 3057 videt
1767 2991 2032 3060 novitque
2062 3010 2080 3047 :

2192 505 2367 571 dixit?
2396 506 2494 564 libi
2529 507 2630 564 es?
2674 520 2940 578 magnauc
2989 503 3190 560 ﬁducia
3238 504 3472 576 pollens,
3527 514 3781 576 apertam

2190 598 2423 675 frontem
2481 599 2744 671 sustollis,
2802 613 2871 652 an
2933 597 3144 668 pudore
3204 594 3501 663 confusum
3563 598 3780 667 vultum

2190 690 2424 761 dejicis?
2460 691 2564 761 tibi
2601 690 2703 747 es?
2733 705 2831 746 cur
2855 703 2944 744 me
2991 702 3124 754 non,
3167 693 3226 741 ut
3275 686 3442 755 soles,
3481 696 3667 759 aperte
3689 689 3784 743 in-

2190 786 2386 854 tueris,
2434 785 2529 855 sed
2566 784 2622 843 in
2654 784 2893 849 latebras
2923 791 2980 838 te
3027 795 3058 837 a
3091 794 3178 835 me
3205 780 3505 847 subducis?
3566 781 3780 837 Deinde

2194 885 2254 933 ut
2285 877 2404 946 ipsa
2438 877 2869 945 interrogatione
2896 875 3143 930 animum
3176 872 3255 927 illi
3278 873 3531 941 redderet
3562 874 3629 928 ad
3655 875 3778 929 col-

2189 967 2547 1039 loquendum,
2578 979 2742 1039 atque
2775 967 2843 1038 ad
2875 963 3252 1036 penitentiam
3272 964 3562 1033 invitaret;
3592 965 3660 1027 ad
3678 964 3788 1020 hoc

2189 1068 2250 1117 ut
2263 1059 2575 1127 ostenderet
2603 1074 2663 1121 se
2682 1059 2755 1128 ita
2771 1057 3042 1112 Adamum
3060 1070 3332 1128 quaerere,
3352 1067 3414 1121 ut
3436 1065 3590 1127 pater
3609 1058 3786 1117 amis-

2187 1165 2309 1221 sum
2333 1150 2526 1224 ﬁlium,
2546 1149 2775 1206 sollicite
2799 1149 3111 1216 investigat.
3128 1151 3308 1219 Atque
3329 1148 3445 1205 haec
3474 1149 3781 1219 posteriora

2187 1242 2297 1313 duo
2327 1241 2454 1315 inde
2471 1242 2920 1313 comprobantur,
2945 1241 3090 1312 quod
3122 1255 3231 1305 non
3258 1239 3419 1311 quasi
3448 1239 3783 1310 supplicium

2186 1332 2256 1405 de
2288 1332 2399 1399 illis
2434 1343 2761 1405 sumpturus
2780 1347 2841 1387 se
2861 1332 2975 1403 iam
3026 1332 3161 1402 ipsis
3177 1332 3491 1389 exhibuerit
3518 1330 3574 1385 in
3598 1330 3785 1401 primo

2188 1424 2293 1480 hoc
2325 1438 2650 1499 congressu,
2701 1424 2909 1495 alioqui
2953 1424 3099 1495 enim
3131 1439 3241 1479 non
3272 1433 3385 1479 tam
3421 1422 3621 1479 blande
3676 1438 3786 1483 suo

2186 1515 2340 1573 illum
2365 1517 2587 1591 nomine
2614 1525 3007 1588 nuncupasset.
3028 1515 3124 1572 Est
3139 1517 3284 1585 enim
3304 1516 3421 1571 haec
3441 1516 3516 1570 illi
3535 1514 3786 1571 Paulina:

2187 1611 2387 1669 similis
2424 1611 2795 1682 interpellatio
2824 1626 2841 1666 :
2870 1609 3057 1677 Saule,
3111 1625 3209 1664 cur
3234 1625 3317 1663 me
3342 1609 3669 1679 persequeris
3694 1609 3786 1663 "2

2188 1719 2289 1761 cur
2317 1719 2430 1759 non
2455 1703 2717 1776 perdendi
2745 1704 2920 1774 ipsius
2952 1718 3120 1769 causa
3153 1718 3214 1770 se
3240 1703 3318 1761 illi
3348 1700 3778 1766 oﬂerretJesus.

2189 1798 2522 1871 nomineque
2550 1797 2926 1867 compellaret,
2960 1796 3057 1861 sed
3105 1804 3167 1850 ut
3199 1795 3269 1861 ad
3308 1810 3622 1859 sermonem
3679 1810 3783 1852 ex-

2187 1891 2644 1961 cusationemque
2669 1897 3014 1961 provocaret.
3050 1889 3191 1951 Tum
3217 1888 3385 1951 etiam
3418 1887 3464 1947 si
3504 1902 3601 1957 per
3639 1903 3781 1952 cauo

2187 1998 2307 2055 sam
2332 1982 2594 2054 perdendi
2622 1983 2730 2041 illis
2758 1981 3131 2052 apparuisset,
3172 1981 3362 2050 utique
3406 1979 3774 2047 perdidisset;

2186 2074 2271 2132 vel
2304 2075 2481 2146 aquis,
2515 2082 2576 2131 ut
2614 2075 2793 2145 prisca
2850 2072 2967 2128 Noe
3016 2072 3217 2128 smcula
3273 2071 3343 2139 ",
3397 2070 3484 2127 vel
3529 2070 3665 2140 igne,
3714 2078 3778 2133 ut

2190 2166 2516 2222 Sodomitas
2549 2167 2616 2227 "’.
2679 2165 2764 2220 vel
2808 2173 2952 2231 terra
2989 2163 3327 2227 dehiscente,
3362 2169 3424 2215 ut
3475 2158 3773 2216 Datbanam

2185 2271 2241 2318 et
2273 2261 2574 2318 Abironcm
2607 2259 2654 2291 ⁷³
2681 2275 2696 2325 ;
2744 2266 2902 2315 erant
2928 2257 3077 2312 enim
3106 2256 3378 2327 ejusmodi
3413 2253 3585 2322 exitio
3608 2251 3778 2322 primi

2187 2365 2444 2426 parentes
2487 2368 2709 2424 quoque
2744 2352 2858 2421 jam
2910 2361 3027 2406 tum
3069 2348 3244 2421 digni,
3280 2347 3483 2418 quippe
3510 2348 3604 2417 qui
3633 2344 3786 2401 salu-

2188 2446 2291 2515 tari
2321 2446 2573 2502 doctrina
2621 2444 2848 2515 reiecta,
2880 2441 3245 2512 perniciosam
3276 2435 3784 2508 luerantamplexi,

2186 2548 2245 2596 et
2276 2552 2394 2592 eam
2420 2552 2541 2608 quae
2574 2551 2698 2603 cum
2729 2534 2825 2590 Dei
2862 2535 3030 2589 verbo
3056 2547 3311 2603 prorsum
3340 2531 3643 2601 pugnabat.
3683 2528 3785 2584 Di-

2186 2637 2338 2689 xerat
2376 2629 2523 2695 enim
2545 2627 2689 2685 Deus
2732 2644 2748 2681 :
2804 2625 2976 2697 Morte
3035 2624 3338 2679 moriemini
3383 2638 3491 2693 qua
3526 2622 3614 2675 die
3659 2621 3787 2675 ede-

2185 2722 2306 2777 ritis
2355 2722 2419 2776 de
2465 2719 2689 2786 arbore;
2738 2718 2827 2773 ille
2864 2732 2996 2789 vero
3053 2715 3229 2772 alter:
3289 2712 3416 2768 Non
3457 2711 3785 2767 moriemini.

2258 2810 2360 2885 Dei
2412 2808 2866 2879 expostulationes
2940 2821 3060 2861 cum
3112 2803 3298 2874 primis
3348 2800 3789 2872 parentibus.—

2187 2903 2373 2977 bleque
2429 2916 2561 2957 vero
2591 2900 2763 2971 multa
2821 2898 2932 2953 Deo
2965 2896 3273 2971 defuissent
3330 2907 3455 2973 quae
3506 2892 3782 2949 adversus

2188 2998 2310 3054 illos
2340 2996 2609 3067 potuisset
2638 2992 2844 3057 dicere,
2877 2991 2923 3053 si
2954 2988 3313 3060 expostulare
3349 2995 3616 3056 tauquam
3645 2996 3777 3039 cum

495 3078 686 3159 verum
713 3066 876 3133 justis
903 3067 972 3131 de
1022 3073 1230 3143 causis,
1264 3072 1412 3131 hisce
1437 3085 1492 3129 et
1525 3075 1653 3147 aliis
1688 3077 2075 3153 interrogatio-
2109 3099 2153 3159 ο
2188 3066 2442 3149 hostibus
2471 3066 2724 3149 libuisset
2760 3121 2777 3150 ,
2824 3082 2986 3154 quale
3018 3094 3104 3137 est
3135 3080 3270 3135 illud
3299 3097 3314 3134 :
3348 3079 3435 3133 Au
3486 3092 3596 3132 non
3653 3089 3784 3146 ego,

497 3157 662 3227 nibus
685 3174 817 3214 usus
875 3167 960 3225 est
998 3180 1014 3216 :
1074 3162 1233 3236 Pater
1259 3166 1508 3241 quidem,
1545 3168 1600 3235 in
1632 3167 1858 3242 Veteri;
1904 3160 2078 3235 Filius

499 3266 632 3303 vero
661 3249 716 3303 in
746 3250 897 3307 Novo
928 3254 1298 3329 Testamento.
1333 3260 1597 3325 Quamvis
1636 3265 1784 3325 enim
1820 3266 2079 3336 dominus

503 3341 764 3403 Severus.
807 3355 861 3399 et
905 3342 1241 3423 Philoxeth
1294 3353 1483 3419 multis
1515 3355 1567 3408 in
1623 3356 1761 3413 locis
1806 3357 2081 3423 affirmem

496 3430 694 3487 FiIlUlll
723 3433 894 3492 fuisse
920 3438 1013 3517 qui
1056 3447 1111 3513 et
1139 3440 1195 3494 in
1231 3439 1411 3499 Veteri
1463 3454 1515 3500 et
1546 3444 1697 3504 Novo
1731 3447 2080 3527 Testamento

498 3524 825 3579 mortalibus
858 3529 1112 3601 apparuit
1140 3546 1309 3602 seque
1338 3534 1589 3590 exhibuit
1625 3524 2076 3609 conspiciendum

497 3612 758 3679 (Severus
779 3618 949 3695 enim,
985 3620 1039 3675 iu
1091 3636 1156 3675 eo
1183 3638 1439 3693 sermone
1467 3642 1629 3697 quem
1680 3631 1747 3685 de
1805 3630 2081 3705 Genitrice

497 3705 592 3761 Dei
621 3712 948 3781 composuit,
982 3712 1090 3781 ait:
1141 3713 1380 3771 Verbum
1433 3721 1576 3775 enim
1610 3720 1701 3776 Dei
1738 3723 1915 3782 Patris
1962 3739 2081 3785 erat

496 3799 642 3867 quod
684 3816 846 3871 super
888 3803 1181 3877 sublimem
1218 3818 1459 3875 montem
1493 3811 1647 3868 Sinai
1688 3817 2076 3889 descendebat,

501 3891 749 3946 utferret
779 3893 950 3975 legem
984 3898 1216 3985 mundo,
1257 3910 1405 3970 ctc.;
1448 3904 1541 3977 alii
1600 3915 1780 3969 tamen
1837 3911 2079 3985 probatae

495 3985 758 4059 doctrinae
788 3990 1036 4061 magistri
1056 3992 1371 4063 existimare
1398 3997 1628 4062 malunt,
1654 3990 1833 4055 Deum
1858 3999 2075 4075 Patrem

496 4078 552 4130 in
586 4075 767 4133 Veteri
803 4080 936 4150 (23),
961 4081 1159 4138 Filium
1185 4100 1313 4140 vero
1337 4088 1391 4153 in
1418 4086 1572 4143 Novo
1607 4097 1948 4161 apparuisse.
1972 4096 2076 4166 Sed

499 4180 590 4221 tua
627 4178 769 4234 esto,
803 4171 994 4237 lertor,
1028 4175 1383 4249 existimatio,
1416 4188 1599 4251 utrum
1663 4182 1861 4240 horum
1893 4164 2077 4247 verius

496 4261 569 4328 sit
603 4262 861 4333 quodque
895 4265 1068 4335 magis
1103 4267 1441 4336 probaveris,
1477 4271 1528 4325 id
1560 4275 1915 4344 amplectitur
1943 4255 2074 4339 reti;

499 4362 731 4423 ueloque
773 4354 993 4422 quando
1025 4354 1294 4431 utrumvis
1322 4362 1601 4430 probabile
1633 4375 1718 4429 est
1773 4370 2071 4428 credibile:

2186 3183 2432 3257 improbe
2462 3179 2691 3246 Adame,
2733 3186 2785 3236 te
2804 3175 3027 3233 condidi
3050 3190 3117 3233 es
3150 3184 3301 3228 terra
3348 3171 3415 3227 ad
3440 3185 3619 3225 meam
3639 3168 3786 3227 ima-

2189 3277 2372 3348 ginem
2402 3282 2459 3330 et
2500 3270 2949 3335 similitudinem,
2979 3267 3229 3337 meisque
3262 3273 3316 3321 te
3353 3260 3611 3317 manibus
3633 3273 3779 3315 con-

2183 3367 2440 3439 formavi,
2477 3373 2531 3421 et
2553 3377 2781 3419 uxorem
2805 3360 2931 3427 dedi
2970 3360 3093 3429 vitae
3138 3366 3249 3433 tuae
3289 3354 3779 3414 subsidium?an-

2184 3478 2296 3519 non
2329 3461 2384 3516 in
2417 3458 2676 3531 paradiso
2728 3465 2783 3512 te
2828 3452 3093 3527 collocavi
3123 3451 3382 3517 omnibus
3428 3447 3642 3505 deliciis
3693 3460 3784 3502 re-

2182 3552 2375 3608 ferto?
2406 3566 2589 3606 annon
2617 3556 2785 3618 caput
2816 3546 3320 3619 imperatoremque
3353 3551 3405 3599 te
3431 3556 3619 3597 rerum
3652 3553 3777 3593 om-

2183 3647 2337 3711 nium
2367 3659 2490 3714 qua:
2534 3643 2590 3697 in
2635 3640 2796 3695 terris
2841 3648 2989 3703 sunt,
3024 3635 3338 3694 constitui?
3366 3633 3495 3705 quid
3521 3638 3606 3688 est
3633 3644 3772 3701 ergo

2184 3754 2283 3796 cur
2308 3753 2395 3793 me
2417 3733 2821 3803 criminareris,
2863 3729 3364 3803 columniatorique
3412 3739 3572 3782 aures
3630 3736 3774 3793 pra:-

2183 3828 2384 3902 beres?
2415 3825 2615 3882 Verum
2652 3840 2881 3896 prorsus
2910 3839 3018 3879 non
3048 3820 3354 3893 infremuit.
3386 3817 3481 3875 sed
3521 3813 3770 3871 suaviter

2181 3938 2249 3979 ac
2278 3922 2474 3981 blande
2502 3918 2824 3990 appellans:
2873 3916 3097 3980 Adams,
3134 3912 3333 3985 inquit,
3388 3911 3476 3966 ubi
3521 3925 3575 3963 es
3623 3908 3648 3961 ?
3680 3904 3781 3961 ni-

2181 4013 2391 4085 mirum
2416 4023 2475 4067 ut
2505 4008 2849 4080 colloquendi
2882 4007 3138 4077 fiduciam
3169 4005 3271 4076 ipsi
3303 4002 3509 4058 iaceret
3543 4018 3557 4056 :
3590 4009 3784 4055 osten-

2183 4106 2445 4181 daretque
2479 4118 2541 4160 se
2583 4102 2736 4169 illum
2768 4116 2878 4157 non
2901 4099 3014 4171 jam
3044 4097 3265 4169 insolito
3304 4102 3524 4164 aspectu
3553 4106 3776 4145 vocare.

2182 4198 2527 4269 Quapropter
2583 4193 2704 4273 ipsa
2742 4192 2904 4251 etiam
2933 4204 3065 4253 voce
3094 4189 3369 4245 animatus
3414 4184 3658 4239 Adamus
3690 4195 3785 4236 re-

2183 4291 2408 4362 spondit
2432 4289 2621 4343 dicens
2665 4303 2681 4342 :
2726 4285 2909 4342 Vocem
2940 4294 3087 4347 tuam
3110 4283 3289 4338 audivi
3320 4281 3373 4335 in
3420 4277 3697 4348 paradiso,
3728 4286 3781 4332 et

2182 4385 2289 4439 uidi
2322 4388 2462 4453 quod
2498 4382 2669 4441 nudus
2699 4394 2888 4444 essem,
2944 4385 3100 4447 atque
3160 4372 3420 4445 occultavi
3478 4385 3581 4425 me.
3628 4368 3778 4423 Duas

500 4459 605 4511 una
634 4453 719 4499 cst
770 4444 915 4505 enim
951 4448 1251 4521 eademque
1276 4450 1475 4519 Patris,
1502 4462 1556 4508 et
1588 4453 1708 4510 Filii
1740 4466 1801 4527 et
1833 4457 2077 4535 Spiritus

2185 4443 2362 4532 reddit
2386 4444 2638 4529 rAdamus
2688 4486 2749 4529 se
2814 4443 3121 4541 occultandi
3179 4443 3462 4535 rationes:
3517 4462 3776 4522 alteram.

497 4537 676 4592 sancti
725 4549 939 4621 natura,
976 4556 1040 4613 ac
1073 4541 1328 4598 voluntas
1371 4561 1507 4619 una,
1534 4564 1751 4618 unaque
1787 4554 2075 4621 Operatio;

496 4629 590 4684 sed
638 4638 748 4685 tres
804 4647 1050 4702 personui
1088 4634 1375 4691 distinctre.
1418 4638 1588 4710 Igitur
1622 4652 1682 4695 ut
1726 4659 1792 4698 eo
1826 4647 1970 4707 unde
1996 4649 2078 4705 di-

497 4723 668 4791 gressi
704 4740 917 4789 sunius,
947 4726 1133 4780 redeat
1163 4729 1365 4795 oratio,
1443 4747 1550 4785 non
1593 4744 1811 4804 propter
1860 4738 2077 4810 ignora.

497 4814 725 4879 tionem,
752 4819 846 4871 sed
888 4817 1026 4873 alias
1070 4819 1141 4873 oh
1193 4815 1397 4891 causas.
1426 4826 1706 4893 quaerebat
1742 4844 1807 4883 ex
1866 4814 2076 4893 Adamo

498 4906 661 4973 Deus,
699 4908 919 4981 ubinam
957 4921 1139 4977 esset;
1177 4913 1436 4983 nimirum
1476 4927 1536 4971 ut
1567 4918 1671 4986 ipsi
1709 4936 1877 4987 suum,
1926 4940 2076 4979 erro-

496 5016 613 5054 rem
649 5001 720 5055 ob
762 5004 953 5059 oculos
997 5017 1244 5075 poneret,
1312 5010 1537 5079 perinde
1591 5028 1656 5069 ac
1712 5018 1759 5071 si
1817 5017 2073 5076 diceret:

495 5093 785 5161 Quomodo
827 5096 965 5165 agis,
994 5099 1247 5169 Atlante?
1272 5112 1564 5169 apertosne
1585 5106 1777 5164 oculos
1800 5109 1992 5175 babes,
2017 5120 2075 5167 ut

494 5196 550 5243 te
581 5186 892 5259 habiturum
926 5192 1177 5261 promisit
1214 5196 1478 5263 serpens?
1517 5212 1583 5255 an
1616 5200 1782 5256 etiam
1815 5219 1947 5259 num
1971 5221 2076 5261 ca}.-

495 5296 594 5343 cus
638 5295 698 5336 es
748 5293 940 5353 contra
995 5291 1157 5353 atque
1196 5285 1286 5340 ille
1338 5296 1421 5341 est
1478 5290 1916 5357 pollicitus?ubi
1969 5299 2075 5357 es?

2176 4570 2306 4642 quia
2333 4567 2575 4623 timuerit
2598 4584 2612 4621 :
2633 4567 2736 4621 hoc
2762 4563 2910 4618 enim
2929 4562 3030 4618 sibi
3061 4561 3175 4614 vult
3194 4574 3367 4625 uocem
3396 4565 3564 4619 luant,
3584 4553 3637 4608 id
3664 4561 3775 4615 est.

2178 4660 2463 4729 strepitum
2494 4658 2744 4713 incessus
2775 4655 2876 4719 tui,
2914 4653 3097 4711 audivi
3129 4651 3181 4705 in
3219 4648 3509 4720 paradiso;
3542 4645 3795 4709 alteram,

2177 4754 2305 4824 quia
2359 4751 2614 4822 puduerit
2656 4750 2808 4804 illum
2842 4745 3130 4803 nuditatis.
3173 4741 3279 4799 Sed
3314 4741 3429 4797 haec
3468 4738 3596 4793 Adae
3631 4751 3772 4808 apo-

2175 4845 2319 4916 IOgia
2355 4844 2708 4899 excusatione
2737 4840 2897 4911 plane
2928 4837 3235 4909 improbata
3275 4841 3380 4896 est,
3415 4846 3540 4885 cum
3574 4835 3629 4883 et
3654 4842 3775 4882 me-

2189 4948 2277 4993 tus
2313 4937 2405 4993 ille
2437 4946 2488 4989 et
2517 4935 2635 5005 ipsa
2664 4932 2881 4993 nuditas
2907 4930 2977 4986 ob
3008 4929 3265 4993 violatam
3298 4941 3328 4978 a
3355 4938 3413 5001 se
3441 4922 3610 4992 legem
3638 4933 3772 4974 eve-

2184 5028 2393 5084 nerint.
2420 5026 2591 5095 Eia“
2624 5023 2693 5077 ad
2724 5022 2873 5076 illum
2906 5020 3165 5085 Dominus
3198 5030 3217 5070 :
3260 5013 3391 5081 Quis
3428 5010 3653 5067 ostendit
3673 5010 3775 5062 tibi

2180 5122 2327 5191 quod
2351 5119 2525 5175 nudus
2564 5117 2636 5171 sis
2662 5116 2687 5168 .7
2740 5114 2926 5185 Neque
2954 5111 3060 5165 hoc
3099 5110 3395 5178 interrogat
3431 5113 3493 5163 ut
3524 5103 3770 5175 ignarus,

2183 5210 2283 5267 sed
2313 5220 2372 5264 ut
2410 5224 2503 5279 per
2531 5210 2699 5279 culpze
2728 5204 3133 5271 confessionem
3164 5200 3312 5265 illum
3341 5196 3562 5261 inducat
3585 5194 3653 5248 ad
3680 5209 3769 5249 re-

2184 5303 2600 5373 prehensionem
2665 5301 2897 5356 libenter
2945 5295 3295 5361 suaviterque
3347 5287 3765 5344 admittendam.

492 5372 699 5435 Deinde
729 5393 743 5427 ε
779 5373 980 5437 Locum
1004 5374 1116 5443 jam
1152 5376 1369 5432 obtines
1417 5394 1525 5448 pro
1549 5384 1814 5452 serpentis
1845 5389 2073 5457 promis-
2181 5372 2352 5460 Quasi
2387 5392 2534 5446 dicat
2566 5411 2578 5445 :
2616 5388 2790 5445 Fuisti
2842 5385 3062 5456 quidem
3094 5394 3311 5451 semper
3349 5378 3551 5445 nudus,
3589 5390 3770 5445 neque

581 5486 783 5564 fiGen.
822 5502 899 5551 Iv,
940 5487 994 5541 9.
1041 5488 1119 5564 ’ξ’
1361 5505 1438 5554 IV,
1463 5489 1519 5545 2.
1599 5494 1866 5555 "wh-rem.
1909 5515 1948 5564 ι,
1988 5502 2074 5555 15.

2185 5501 2352 5556 “Joh
2402 5519 2441 5564 ι,
2479 5502 2532 5556 7.
2609 5502 2654 5534 (⁸
2678 5500 2866 5555 Matth.
2903 5515 2996 5563 xv,
3034 5495 3124 5552 54.
3234 5493 3283 5526 “
3304 5489 3646 5564 Matthtxw,
3674 5490 3761 5545 15.

495 5557 554 5639 ⁶¹¹
581 5556 798 5639 hiemi;
832 5545 980 5639 ἔζη,
1038 5558 1127 5613 24.
1162 5546 1180 5570 “
1207 5558 1253 5639 °_'
1271 5545 1437 5614 Marc:
1480 5577 1532 5627 v,
1566 5566 1620 5621 9.
1664 5545 1741 5600 vi;
1971 5545 2081 5639 ιίἷέ

2248 5545 2592 5634 attain.
2641 5545 2996 5628 ιῗἿΤὸιζτίῖ
3027 5545 3139 5630 ῆςι
3181 5578 3336 5637 seqq.
3417 5545 3765 5622 τι

493 5627 560 5681 24
588 5626 678 5699 ‘25.
752 5628 798 5658 ⁷³
832 5625 995 5682 Nutu.
1050 5646 1160 5695 xvr,
1222 5630 1441 5699 lseqq.
1518 5625 1524 5627 ’
1804 5667 1816 5679 ι
1911 5625 1918 5626 ί

567 5696 682 5763 (9.5)
744 5698 1022 5767 Christum
1068 5701 1305 5755 Abrahte
1358 5696 1538 5756 visum
1602 5710 1659 5756 et
1716 5703 2072 5765 collocutum,

2184 5703 2505 5772 Tryphone;
2539 5703 2740 5758 Euseb.
2776 5702 2978 5755 lt‘crles.
3025 5702 3190 5758 llist..
3228 5718 3304 5767 χι,
3346 5702 3437 5759 lib.
3477 5717 3511 5756 ιι
3539 5701 3609 5755 de
3638 5700 3769 5758 Vita

499 5766 630 5819 Lien.
666 5782 762 5823 xm
798 5768 1034 5839 disputat
1065 5769 1313 5827 Justinus
1347 5783 1552 5844 martyr
1578 5775 1630 5828 in
1662 5773 1931 5845 colloquio
1959 5791 2081 5831 cum

2190 5775 2577 5839 Gottstautini;
2623 5774 2714 5831 hb.
2751 5790 2830 5829 ιτι.
2865 5772 2933 5828 50
2975 5784 3029 5829 et
3068 5774 3158 5842 5|,
3193 5785 3246 5831 et
3299 5773 3544 5845 plerique
3575 5772 3690 5834 alii.
