4086 6392
271 303 384 367 555

1426 274 1527 358 DE
1569 295 1975 359 ranamso.
2018 317 2090 331 -
2128 295 2322 357 rans
2365 297 2416 357 ι.

3444 292 3558 355 566

275 422 468 467 tamen
493 417 547 465 te
578 407 700 480 ejus
737 406 927 479 puduit
960 417 1086 463 ante
1114 407 1239 475 bac,
1282 408 1413 477 quid
1447 417 1529 464 est
1557 422 1687 477 ergo
1716 406 1860 477 quod
1892 414 1938 467 Α
2034 407 2145 464 Cur
2174 408 2317 463 Deus
2336 416 2627 477 serpentem
2648 424 2754 462 non
2787 403 3439 478 interrogaverit.——Nulla
3467 405 3569 473 igi-

280 518 430 558 nunc
456 500 595 557 adeo
620 501 938 567 erubescas,
963 509 1125 571 atque
1152 499 1385 555 timeas?
1416 499 1561 553 Num
1583 500 1648 556 de
1682 499 1871 553 arbore

278 599 348 650 de
379 612 485 665 qua
529 594 799 664 jusseram
861 610 923 647 ne
977 594 1180 657 edens,
1235 592 1394 646 edisti
1423 593 1448 646 .9
1498 589 1673 646 Etiam
1726 604 1873 645 nunc

284 687 462 758 pergit
519 697 711 757 pacate
749 702 875 741 cum
918 685 1010 740 illo
1040 685 1302 754 colloqui,
1350 683 1506 753 quasi
1554 684 1873 753 eonjectura

282 780 545 850 quapiam
580 778 743 833 modo
783 776 954 832 fretus
985 776 1113 832 illud
1164 776 1308 831 dicat
1341 791 1356 828 :
1384 776 1524 830 Num
1572 776 1635 829 de
1665 775 1872 837 arbore,

280 881 392 926 etc.
447 867 543 923 Est
572 878 752 921 autem
788 866 878 923 hic
920 864 1465 921 animadvertendum
1497 882 1563 921 ex
1601 865 1876 935 ascriptis,

282 973 383 1020 aut
413 964 630 1019 duobus
655 961 952 1035 punctulis,
1003 969 1098 1016 aut
1150 977 1258 1016 uno
1306 961 1443 1025 solo,
1483 960 1550 1015 ad
1585 960 1758 1015 illud:
1796 958 1880 1013 Ne

284 1058 490 1119 erieres,
558 1056 863 1109 orationem
918 1053 1057 1108 banc
1114 1054 1197 1108 vel
1266 1052 1605 1118 alIirmative,
1654 1067 1751 1123 per
1806 1052 1890 1106 in-

287 1146 720 1219 terrogationem
751 1146 930 1207 efferri
970 1162 1149 1215 posse.
1190 1145 1461 1202 Caeterum
1512 1147 1769 1202 dominus
1805 1146 1877 1200 E-

286 1242 486 1311 phrem
537 1247 590 1293 et
623 1239 715 1309 qui
770 1254 895 1293 cum
952 1239 1071 1308 ipso
1099 1238 1364 1303 sentiunt,
1397 1254 1463 1293 ex
1526 1237 1609 1292 his
1637 1246 1691 1293 et
1730 1236 1886 1291 simi-

287 1334 436 1388 libus
470 1332 658 1387 verbis
691 1330 1043 1399 singulariter
1088 1331 1156 1385 ad
1186 1330 1452 1384 Adamum
1484 1329 1643 1385 factis
1690 1329 1887 1385 confici

296 1434 513 1495 putant,
551 1423 651 1478 soli
681 1424 892 1477 Adamo
938 1424 1259 1492 imperatam
1292 1439 1321 1478 a
1373 1420 1482 1478 Deo
1537 1423 1709 1493 legem
1741 1436 1890 1486 esse,

290 1533 534 1587 eamque
561 1518 738 1587 ipsutn
778 1513 974 1570 deinde
998 1513 1126 1569 Evm
1155 1515 1310 1569 uxori
1365 1514 1619 1570 retulisse
1649 1532 1665 1581 ;
1699 1528 1889 1567 verum

291 1613 383 1668 alii
434 1609 790 1679 respondent.
831 1607 998 1663 Deum
1054 1608 1158 1662 sub
1204 1604 1337 1663 Adae
1362 1621 1593 1676 persona
1625 1621 1747 1661 cum
1780 1604 1890 1660 Eva

299 1719 523 1775 quoque
555 1700 816 1772 colloqui,
854 1716 951 1771 pro
984 1700 1281 1770 Scriptura:
1336 1714 1491 1755 more
1522 1718 1535 1754 :
1564 1697 1759 1752 Beatus
1815 1696 1898 1751 vir

300 1795 503 1867 (inquit
544 1792 739 1864 David)
791 1794 880 1863 qui
929 1809 1031 1846 non
1063 1791 1350 1845 ambulavit
1402 1808 1494 1861 per
1523 1791 1663 1845 viam
1693 1790 1897 1858 impro-

309 1892 497 1946 borum
510 1888 575 1945 “.
599 1884 736 1955 Quis
763 1901 892 1940 vero
917 1902 1023 1940 non
1062 1885 1147 1941 hic
1168 1900 1285 1939 eam
1313 1884 1704 1941 beatitudinem
1740 1898 1898 1954 atque

314 1978 385 2036 ad
418 1976 665 2034 mulieres
694 1985 941 2047 spectare
980 1974 1170 2029 dicat?
1196 1974 1457 2030 nimirum
1495 1975 1617 2030 ideo
1648 1974 1748 2030 viri
1781 1990 1904 2043 per-

317 2088 448 2127 sona
489 2071 746 2125 libentius
796 2069 961 2122 utitur
992 2067 1301 2137 Scriptura,
1357 2067 1500 2138 quod
1532 2070 1613 2121 vir
1650 2066 1903 2121 mulieris

300 2172 472 2234 caput
508 2163 624 2217 sit:
663 2160 727 2213 Et
759 2160 835 2213 ait
867 2159 1042 2213 Adam
1084 2174 1102 2213 :
1162 2156 1358 2212 Mulier
1407 2175 1566 2228 quam
1607 2158 1904 2211 attribuisti

304 2256 437 2311 mihi
458 2255 578 2324 ipsa
608 2254 752 2309 dedit
785 2252 916 2306 mihi
954 2254 1016 2306 de
1048 2253 1259 2316 arbore,
1297 2261 1346 2307 et
1381 2253 1605 2306 comedi.
1671 2251 1906 2307 Prorsus

303 2365 447 2402 vana
471 2357 558 2403 est
575 2357 630 2402 et
656 2347 839 2402 inanis
858 2345 1020 2399 etiam
1040 2345 1155 2399 haec
1182 2345 1376 2399 Adami
1403 2344 1649 2399 defensio
1674 2362 1687 2411 ;
1708 2344 1909 2415 quippe

308 2459 419 2514 qua
444 2442 675 2497 minime
706 2456 818 2512 prae
863 2456 923 2495 se
950 2438 1053 2493 fert
1093 2438 1390 2493 demissum
1452 2438 1909 2507 bumiliatumque

311 2534 586 2599 animum,
614 2535 707 2590 sed
744 2535 798 2588 in
836 2534 1012 2603 ipsum
1047 2531 1451 2603 quodammodo
1488 2530 1659 2586 Deum
1691 2531 1907 2600 culpam

308 2628 533 2693 avertit,
566 2626 725 2697 quasi
756 2626 902 2681 dicat
929 2643 943 2680 :
992 2624 1187 2680 Mulier
1216 2640 1377 2695 quam
1415 2632 1469 2677 tu
1499 2623 1641 2693 apud
1680 2640 1765 2678 me
1789 2637 1910 2678 esse

316 2720 560 2783 voluisti,
588 2730 653 2772 ea
696 2716 827 2772 milii
848 2732 1013 2773 causa
1048 2717 1149 2771 fuit
1180 2716 1526 2771 transiliendi
1561 2715 1753 2784 legem,
1784 2714 1909 2769 illa-

317 2829 425 2881 que
460 2811 658 2866 arbore
692 2809 969 2865 vescendi.
1005 2804 1109 2863 Sed
1170 2808 1434 2863 adversus
1486 2807 1621 2875 haec,
1656 2806 1825 2861 multa
1879 2821 1910 2860 a

324 2903 435 2957 Deo
468 2901 537 2955 ad
575 2901 727 2955 illum
788 2900 1127 2971 arguendum
1185 2898 1293 2953 dici
1337 2900 1685 2969 potuissent};
1760 2897 1911 2953 verbi

314 2995 491 3063 gratia
523 3009 538 3047 :
570 2991 689 3046 Non
728 2991 854 3061 quia
899 2991 1182 3047 mulierem
1213 3004 1315 3061 ego
1346 2989 1439 3045 tibi
1483 2989 1729 3058 adjunxi,
1763 2990 1911 3059 jusla

1986 512 2072 556 tur
2104 502 2248 571 apud
2282 510 2613 571 serpentem,
2636 502 2737 555 boc
2755 508 2860 565 est,
2895 499 3178 561 Satanam,
3207 498 3378 554 utitur
3401 498 3569 553 intrr-

1985 597 2293 667 rogatione,
2328 610 2435 665 qua
2482 594 2551 650 ad
2584 608 2643 649 se
2673 593 3048 649 excusandum
3098 592 3188 646 ille
3225 600 3565 661 provocetur,

1986 706 2053 747 ac
2084 692 2155 746 ita
2215 690 2433 745 tandem
2495 689 2775 759 iudicetur
2831 689 3354 756 condemneturque,
3410 686 3569 742 sicuti

1983 782 2123 853 apud
2181 782 2452 840 Adamum
2516 790 2572 838 et
2649 780 2815 835 Evam
2901 796 3035 837 usus
3119 778 3318 835 fuerat.

3397 778 3569 848 Cuius

1991 878 2135 933 banc
2164 887 2423 948 putamus
2445 875 2596 931 reddi
2632 889 2798 945 posse
2850 874 3119 928 rationem
3150 890 3166 939 ;
3205 872 3332 942 quia
3364 872 3581 925 Adamn

1993 972 2261 1040 uxorique
2302 970 2457 1025 locus
2507 976 2628 1023 erat
2666 966 3024 1038 paenitentiae,
3077 974 3142 1021 ac
3192 964 3248 1019 in
3308 963 3577 1033 serpentis

1992 1063 2367 1133 dmmonisqne
2395 1060 2624 1116 arbitrio
2654 1074 2764 1113 non
2819 1068 2939 1114 erat
2980 1066 3040 1112 ut
3075 1055 3339 1127 poenitere
3373 1062 3577 1123 posset.

1996 1158 2167 1214 Porro
2201 1157 2373 1211 multa
2418 1156 2507 1210 hic
2546 1154 2716 1223 quaeri
2774 1153 2976 1219 solent,
3023 1151 3336 1221 cuiusmodi
3398 1156 3578 1205 sunt:

1996 1252 2330 1307 Praeditusne
2386 1249 2531 1303 fandi
2573 1247 2829 1302 facultate
2887 1261 2919 1300 a
2963 1244 3096 1308 Deo,
3144 1257 3369 1310 serpens
3425 1241 3578 1295 locn-

1999 1352 2087 1400 tus
2119 1345 2210 1409 sit,
2248 1358 2315 1395 an
2354 1340 2589 1396 Satanas
2626 1341 2765 1393 intra
2821 1344 3130 1407 serpentem
3181 1336 3383 1398 latens,
3448 1348 3574 1387 cum

1999 1439 2089 1494 ille
2140 1439 2281 1493 hunc
2317 1444 2513 1506 suopte
2544 1434 2782 1488 arbitrio
2815 1430 3197 1499 subterfugere
3231 1426 3504 1497 nequiret,
3531 1436 3587 1479 ut

2002 1545 2110 1586 non
2145 1529 2247 1601 ipsi
2277 1540 2373 1598 pro
2413 1528 2778 1582 instrumento
2817 1532 2980 1578 esset.
3015 1520 3096 1574 Ad
3131 1519 3259 1582 hoc,
3314 1533 3417 1572 cur
3474 1532 3583 1571 non

2002 1631 2316 1677 exsecratus
2341 1620 2414 1675 sit
2442 1617 2586 1673 Deus
2612 1618 2895 1682 Satanam,
2923 1623 2981 1669 ut
3006 1620 3337 1682 serpentem.
3357 1607 3587 1663 Prseter—

2002 1730 2089 1779 ea,
2139 1729 2239 1769 cur
2282 1711 2484 1775 Moses,
2534 1726 2658 1765 cum
2693 1710 2839 1764 hunc
2866 1708 3066 1762 librum
3112 1703 3302 1759 multis
3329 1710 3449 1772 post
3483 1715 3589 1754 saec

2004 1806 2145 1863 culis
2176 1802 2589 1873 conscripserit,
2614 1802 2838 1871 quando
2867 1799 2980 1869 jam
3021 1806 3135 1852 tum
3171 1794 3305 1850 satis
3337 1791 3590 1862 cognitus

2004 1907 2125 1955 erat
2155 1896 2481 1952 mortalibus
2508 1892 2762 1959 Satanas,
2798 1906 2907 1946 non
2927 1890 3075 1945 clare
3101 1885 3305 1942 dixerit
3331 1884 3591 1939 Satanam

2008 1990 2180 2046 fuisse
2213 1988 2306 2059 qui
2328 1988 2470 2042 intra
2488 1994 2797 2056 serpentem
2826 1979 3202 2053 loquebatur?
3229 1977 3322 2034 sed
3358 1991 3467 2031 non
3492 1974 3593 2029 bas

2007 2093 2063 2139 et
2089 2083 2252 2150 bujus
2292 2080 2507 2151 generis
2552 2079 2688 2133 alias
2721 2075 3053 2146 quaestiones
3084 2071 3250 2127 altius
3300 2067 3593 2136 investiga-

2011 2186 2097 2231 tas
2142 2174 2501 2230 dissolvimus
2538 2172 2683 2242 (cap.
2718 2169 2837 2237 27).
2873 2166 3077 2223 Verum
3109 2162 3328 2235 quando
3350 2158 3596 2229 suntqui

2010 2268 2192 2322 illam:
2215 2265 2329 2320 Cur
2365 2279 2471 2319 non
2502 2269 2824 2316 exsecratus
2859 2258 2932 2314 sit
2964 2256 3108 2313 Deus
3139 2255 3402 2310 Satanam
3432 2249 3596 2307 sicuti

2009 2368 2344 2430 serpentem,
2381 2358 2576 2413 iterum
2608 2363 2774 2423 atque
2826 2353 3023 2407 iterum
3070 2356 3284 2419 urgent,
3323 2360 3423 2401 nos
3461 2357 3598 2413 prat-

2013 2466 2162 2511 terca
2193 2469 2315 2524 quae
2355 2462 2481 2507 ante
2515 2447 2899 2519 respondimus
2934 2446 3037 2499 hoc
3068 2444 3233 2498 etiam
3274 2439 3471 2495 addere
3508 2436 3599 2491 hic

2012 2549 2307 2611 voluimus,
2360 2547 2529 2601 Deum
2567 2558 2680 2598 non
2740 2540 2923 2595 minus
2974 2534 3322 2592 maledixisse
3374 2530 3595 2586 Satana:

2012 2658 2122 2696 non
2155 2638 2470 2710 aspectabili
2502 2650 2665 2706 quam
2698 2631 2938 2702 serpenti
2976 2630 3069 2700 qui
3118 2626 3292 2683 oculis
3322 2622 3601 2680 cerneba-

2014 2741 2121 2797 tur,
2145 2741 2303 2801 atque
2334 2727 2559 2798 perinde
2588 2722 2876 2778 inbuasisse
2904 2716 3341 2774 exsecrationem
3369 2711 3602 2783 mystico

2014 2837 2327 2894 arcanaque
2362 2819 2545 2884 modo,
2596 2816 2672 2872 illi
2711 2824 2771 2870 ut
2802 2813 2929 2869 huic
2964 2820 3150 2881 aperte
3178 2817 3233 2864 et
3266 2808 3320 2861 in
3348 2805 3468 2875 ipso
3487 2817 3606 2859 cor-

2015 2932 2179 2988 pore;
2230 2914 2375 2983 quod
2407 2907 2715 2980 cujusmodi
2746 2907 2821 2962 sit
2849 2904 3013 2959 velim
3051 2910 3103 2957 te
3130 2898 3273 2970 apud
3300 2905 3450 2951 tuum
3479 2894 3603 2949 ani-

2017 3026 2166 3065 mum
2192 3008 2486 3079 pensitare.
2532 3000 2778 3059 Habebat
2806 2999 2950 3053 enim
2996 2996 3139 3052 Deus
3168 3000 3485 3062 serpentem
3512 3005 3603 3043 ve—

317 3087 422 3141 tth
460 3086 600 3140 ratio
632 3094 750 3139 erat
784 3092 843 3138 ut
876 3085 923 3137 ei
966 3084 1305 3149 auscultans,
1337 3098 1453 3138 mea
1480 3083 1635 3153 jussa
1652 3083 1908 3138 violarcs.
1941 3100 1985 3162 ς
2018 3105 2116 3160 lu“
2156 3102 2394 3157 mediam
2452 3102 2593 3155 inter
2657 3094 2916 3151 Salamm
2977 3091 3298 3162 primosque
3349 3092 3611 3155 parentes

325 3178 467 3234 Tum
505 3179 551 3234 si
585 3192 673 3233 me
701 3190 926 3233 accusas
960 3176 1084 3247 quia
1119 3190 1345 3231 uxorem
1369 3174 1465 3231 tibi
1491 3176 1636 3242 dedi,
1670 3192 1767 3231 cur
1804 3192 1912 3232 non

320 3272 520 3333 etiam,
549 3271 676 3340 quia
708 3280 758 3325 te
785 3269 1004 3323 condidi
1028 3269 1052 3321 ?
1090 3270 1196 3324 nisi
1225 3271 1371 3324 enim
1411 3277 1464 3324 te
1492 3284 1774 3324 creassem
1804 3284 1913 3325 non

327 3377 642 3434 peccasses,
691 3363 821 3432 quia
866 3360 962 3425 tibi
996 3364 1187 3417 oculos
1223 3362 1389 3416 indidi
1424 3362 1543 3416 sine
1574 3362 1773 3432 quibus
1809 3377 1914 3416 non

324 3472 458 3513 eras
492 3458 744 3511 arborem
778 3458 1045 3514 visurus?
1090 3459 1216 3530 quia
1267 3475 1463 3515 manus
1505 3459 1600 3514 tibi
1667 3451 1916 3529 apposui,

329 3548 453 3603 sine
483 3548 687 3618 quibus
724 3564 833 3604 non
867 3551 1237 3620 decerpsisses
1266 3550 1460 3604 vetitos
1505 3549 1760 3603 fructus?
1790 3548 1919 3618 quia

330 3655 393 3696 os
432 3640 531 3695 tibi
560 3641 704 3704 dedi,
736 3641 857 3697 sine
891 3656 1000 3711 quo
1052 3657 1159 3695 non
1213 3640 1467 3696 odisses?
1513 3640 1713 3696 frustra
1756 3641 1922 3709 igitur

326 3733 425 3787 illa
450 3749 707 3797 excusas,
735 3749 857 3787 cum
893 3750 1015 3788 eam
1046 3734 1330 3788 mulierem
1377 3744 1542 3804 quam
1586 3733 1681 3787 tibi
1714 3732 1921 3788 sociam

330 3824 477 3890 dedi,
510 3824 587 3879 ita
612 3825 1046 3894 comparaverim
1083 3824 1255 3879 uttibi
1286 3836 1432 3879 esset
1458 3824 1512 3877 in
1542 3839 1730 3889 manu,
1762 3832 1924 3893 atque

340 3908 587 3986 suiecta;
618 3934 725 3972 non
767 3926 946 3972 autem
986 3927 1043 3971 ut
1063 3926 1113 3971 te
1146 3927 1379 3985 tuasque
1406 3916 1656 3971 actiones
1687 3924 1927 3985 regeret,

341 4011 800 4081 gubernaretque.
837 4007 955 4075 llis,
994 4007 1238 4079 inquam.
1269 4018 1432 4075 atque
1460 4006 1775 4076 bujusmodi
1806 4008 1928 4063 aliis

335 4103 524 4159 verbis
546 4102 894 4170 expostulare
940 4117 1066 4157 cum
1124 4102 1215 4156 illo
1264 4102 1712 4172 potuisssetjure
1739 4102 1923 4157 Deus:

335 4213 532 4251 verum
563 4196 820 4252 omnibus
846 4196 1132 4259 abstinuit,
1158 4198 1289 4266 quia
1328 4211 1433 4249 non
1484 4196 1929 4250 accusationibus

337 4300 651 4362 perterrere
678 4291 977 4358 hominem,
998 4292 1089 4345 sed
1120 4292 1313 4361 patrati
1336 4289 1596 4346 facinoris
1614 4290 1930 4361 pcenitcntia

335 4395 607 4436 revocare
625 4380 919 4449 cupiebat;
963 4395 1136 4449 quare
1177 4395 1299 4435 mox
1327 4382 1680 4450 quaestionem
1715 4380 1780 4434 ad
1812 4395 1933 4433 mu-

338 4475 538 4529 lierem
588 4474 893 4539 convertit;
934 4475 1014 4529 sic
1048 4473 1193 4527 enim
1240 4475 1531 4545 sequitur:
1592 4472 1660 4526 Et
1697 4474 1771 4527 ait
1825 4471 1932 4526 Do-

340 4569 520 4623 minus
537 4566 605 4620 ad
627 4566 893 4620 mulierem
920 4582 938 4619 :
957 4564 1097 4631 Quid
1116 4568 1211 4619 hoc
1231 4576 1306 4619 est
1326 4566 1464 4636 quod
1486 4566 1700 4635 fecisti?
1721 4566 1934 4621 Rursus

337 4676 469 4714 cum
506 4658 655 4711 mulir
674 4673 732 4712 re
757 4673 975 4728 quoque
1004 4674 1112 4711 non
1134 4659 1331 4713 acerbe
1357 4666 1519 4729 atque
1544 4658 1824 4723 iracunde,
1840 4659 1935 4713 sed

344 4755 533 4807 sedate
566 4760 620 4804 ct
652 4752 846 4806 blande
887 4751 1130 4822 loquitur
1190 4753 1352 4815 Deus,
1408 4768 1472 4807 ac
1525 4754 1683 4821 quasi
1720 4753 1936 4809 nescius

354 4845 739 4916 interrogatob
768 4847 985 4899 easdem
1016 4847 1259 4901 rationes
1276 4863 1413 4916 quas
1439 4863 1618 4917 nuper
1642 4849 1709 4902 de
1729 4849 1937 4903 Adamo

360 4938 690 5007 interrogato
722 4937 1087 5007 protulimus:
1118 4937 1186 4991 Et
1211 4941 1287 4993 ait
1318 4939 1510 4993 mulier
1538 4954 1556 4991 :
1586 4939 1811 5008 Serpens
1842 4942 1936 4995 de-

351 5031 486 5097 cepit
520 5046 621 5094 me,
653 5036 701 5082 et
732 5029 951 5083 comedi.
984 5028 1179 5084 Mulier
1201 5030 1344 5085 enim
1380 5030 1561 5085 Omnia
1587 5034 1824 5101 serpenti
1851 5050 1941 5089 as-

349 5122 537 5183 cribit,
568 5137 675 5174 non
728 5120 966 5182 Satanae,
995 5138 1059 5176 eo
1088 5124 1231 5192 quod
1256 5134 1562 5193 serpentem
1596 5125 1812 5193 quidem
1846 5127 1940 5196 qui

350 5227 414 5266 se
446 5212 906 5281 interpellaverat,
942 5224 1213 5279 nosceret,
1254 5224 1309 5270 at
1337 5216 1595 5271 Satanam
1628 5216 1770 5271 intra
1825 5234 1942 5274 ser—

351 5311 578 5371 pentem
616 5305 971 5371 occultatum,
1010 5320 1037 5357 a
1078 5321 1190 5375 quo
1244 5306 1425 5362 omnis
1465 5307 1765 5377 impostura
1815 5324 1942 5379 pro-

353 5407 623 5458 cesserat,
664 5398 961 5467 ignoraret,
992 5396 1057 5451 Et
1092 5400 1169 5452 ait
1203 5399 1455 5454 Dominus
1480 5402 1551 5454 ad
1606 5414 1894 5471 serpentem
1924 5418 1944 5458 :

356 5486 505 5552 Quia
530 5487 700 5556 fecisti
730 5488 847 5551 hoc,
865 5489 1179 5544 maledictus
1202 5506 1254 5544 es
1278 5506 1389 5558 pra:
1415 5493 1559 5545 omni
1588 5493 1878 5559 animante,
1897 5503 1946 5549 et

358 5593 474 5646 pra:
508 5579 651 5631 omni
704 5577 867 5634 bestia
899 5582 1037 5650 agri.

435 5772 486 5805 "‘
531 5773 679 5828 Psal.
720 5792 757 5837 t,
812 5777 857 5829 l.
936 5773 978 5807 ⁷⁵
1023 5771 1219 5828 Ezcclt.
1270 5789 1330 5839 tt,
1384 5774 1466 5828 ιδ.

2017 3193 2467 3252 intervenientcm
2501 3206 2516 3253 ;
2549 3204 2676 3243 nam
2713 3185 2875 3242 sicuti
2927 3184 2979 3238 bi
3031 3197 3124 3252 per
3162 3185 3473 3250 serpentem
3522 3190 3608 3231 sev

2018 3287 2170 3344 ducti
2228 3294 2379 3351 sunt,
2420 3278 2519 3337 ita
2570 3281 2660 3336 ille
2712 3294 2810 3349 per
2866 3283 3173 3346 serpentem
3225 3269 3606 3327 exsecratione

2019 3382 2346 3453 perstrictus
2362 3388 2477 3445 est;
2499 3385 2628 3432 etut
2654 3389 2883 3444 serpens
2907 3370 3011 3427 fuit
3042 3367 3255 3425 Satana:
3277 3366 3612 3420 instrumen-

2023 3488 2137 3535 tum
2174 3474 2432 3530 illiciendi
2473 3472 2681 3542 primos
2733 3476 2986 3539 parentes
3038 3464 3103 3520 ad
3142 3460 3500 3532 peccandum,
3537 3457 3611 3511 ita

2021 3585 2315 3642 personam
2365 3580 2585 3638 quoque
2622 3563 2790 3631 gessit
2845 3561 2949 3616 sub
2979 3572 3088 3628 qua
3146 3555 3287 3610 Deus
3343 3552 3606 3606 Satanam

2021 3672 2110 3718 est
2133 3661 2459 3715 detestatus.
2495 3656 2725 3724 Utrique
2745 3654 2929 3723 igitur,
2958 3659 3013 3705 et
3047 3647 3280 3702 Satanas
3302 3653 3356 3697 et
3386 3655 3613 3709 serpens

2024 3751 2267 3807 divinam
2304 3746 2739 3802 exsecrationem
2778 3749 2907 3796 sunt
2942 3736 3111 3807 passi.
3146 3735 3279 3788 Nam
3314 3742 3375 3785 ut
3402 3732 3469 3785 ad
3498 3744 3615 3784 scr—

2026 3854 2243 3915 pentem
2274 3842 2481 3895 dictum
2510 3846 2629 3891 est:
2668 3834 2989 3889 Maledicta:
3023 3847 3081 3885 es
3121 3844 3233 3898 pra:
3266 3825 3411 3880 omni
3450 3822 3615 3877 bestia

2024 3946 2077 3993 et
2125 3938 2414 3997 animante,
2451 3947 2515 3985 ea:
2543 3944 2768 4000 quorum
2802 3940 3018 3979 numero
3067 3933 3121 3976 tu
3156 3938 3229 3986 es,
3258 3920 3329 3973 ita
3353 3917 3618 3971 adversus

2029 4031 2288 4085 Satanam
2338 4022 2750 4094 pronuntiatum
2812 4034 2935 4073 esse
2998 4013 3422 4071 existimandum
3483 4015 3616 4064 est:

2033 4122 2351 4179 Maledictus
2378 4135 2437 4175 es
2452 4132 2560 4187 pra:
2576 4115 2835 4171 omnibus
2852 4113 3026 4182 capiis
3058 4107 3435 4180 spiritualibus
3455 4111 3622 4173 atque

2035 4215 2299 4284 angelicis
2328 4227 2393 4266 ex
2423 4224 2655 4280 quarum
2690 4221 2888 4277 genere
2914 4213 2977 4259 tu
3003 4220 3085 4259 es.
3106 4201 3437 4255 Animalium
3473 4197 3619 4251 enim

2036 4310 2256 4365 nomine
2288 4304 2471 4359 vocari
2509 4304 2561 4357 in
2599 4299 2887 4371 Scriptura
2919 4308 3077 4353 sacra
3106 4295 3296 4365 copias
3325 4292 3621 4361 angelicas,

2042 4409 2226 4471 aperte
2276 4402 2519 4466 arguunt
2539 4407 2601 4447 ea
2634 4390 2891 4445 animalia
2922 4403 3044 4459 qua:
3074 4386 3207 4441 vidit
3238 4381 3490 4437 Ezechiel
3512 4380 3555 4412 "‘
3572 4389 3625 4433 et

2040 4508 2181 4562 εει»ρο
2214 4490 2338 4544 alibi
2363 4488 2619 4543 Satanam
2656 4482 2857 4537 animal
2879 4480 3207 4551 appellatum
3227 4491 3353 4531 esse
3381 4476 3433 4529 in
3455 4471 3626 4527 sacris

2038 4585 2259 4640 Litteris
2284 4592 2472 4637 notum
2494 4589 2594 4633 est.
2617 4578 2720 4631 Sel
2747 4592 2847 4631 cur
2873 4566 3627 4642 auspicatusestexsvcratit;-

2041 4696 2163 4734 nem
2187 4676 2328 4732 Deus
2347 4691 2376 4729 a
2397 4671 2631 4727 Satana?
2650 4668 2905 4724 nimirum
2922 4666 3050 4733 quia
3078 4664 3167 4718 ille
3185 4664 3393 4732 primus
3407 4657 3630 4712 admisit

2045 4781 2333 4842 peccatum
2376 4766 2547 4836 prima
2581 4772 2665 4818 est
2691 4761 2886 4816 merito
2912 4757 3273 4812 detestatione
3305 4764 3625 4823 percussus.

2042 4863 2314 4918 Caeterum
2354 4864 2661 4925 serpentem
2697 4867 2761 4907 ex
2820 4850 3131 4904 animarum
3173 4859 3368 4915 genere
3428 4842 3624 4904 fuisse,

2048 4970 2156 5009 non
2193 4961 2374 5007 autem
2434 4946 2706 5016 rcptilium
2755 4941 2944 5014 (quod
2982 4938 3201 5009 quidem
3252 4943 3627 4997 autumavere,

2046 5062 2169 5100 cum
2197 5046 2341 5097 dicat
2367 5059 2381 5096 :
2419 5039 2741 5093 Maledictus
2762 5050 2872 5106 pra:
2898 5048 3041 5087 omni
3065 5032 3338 5085 animante
3360 5040 3630 5082 memora-

2047 5141 2227 5194 vimus
2243 5138 2405 5192 etiam
2427 5151 2548 5204 cap.
2574 5148 2714 5187 xxu.
2738 5130 2800 5184 Et
2823 5144 2979 5198 super
3000 5138 3227 5183 ventrem
3253 5138 3396 5178 tuum
3415 5121 3629 5192 gradie-

2047 5234 2145 5285 ris.
2164 5230 2332 5298 Quasi
2362 5227 2547 5284 dicat:
2581 5226 2898 5279 Amissurus
2922 5237 2982 5277 es
3012 5222 3168 5291 pedes
3198 5229 3320 5274 tuos
3341 5216 3539 5287 quibus
3562 5212 3628 5265 ad

2048 5325 2372 5395 pravitatem
2400 5318 2721 5382 cucurristi,
2752 5316 3171 5385 ambulabisque
3188 5329 3253 5368 ac
3287 5323 3442 5380 rupes
3467 5320 3631 5373 super

2050 5426 2293 5471 ventrem
2327 5424 2504 5478 tuum,
2542 5414 2673 5482 quia
2719 5419 2963 5464 ventrem
3008 5408 3307 5477 primorum
3343 5408 3628 5471 parentum

2051 5506 2328 5563 inescasti.
2352 5505 2587 5559 Pedibus
2612 5504 2776 5573 igitur
2793 5515 3018 5571 serpens
3043 5507 3168 5553 ante
3197 5491 3628 5549 exsecrationem

2055 5595 2362 5658 incedebat,
2405 5602 2461 5647 ut
2487 5602 2680 5647 caetera
2711 5588 3071 5645 animantium
3096 5598 3311 5655 genera,
3339 5591 3457 5651 post
3480 5593 3632 5641 vero,
