4086 6408
491 307 595 371 567

1777 314 2009 377 MOSIS
2049 318 2200 377 ΒΑΗ
2241 318 2485 379 CEPHA

3220 229 3245 239 ς

3653 315 3763 382 568

492 419 602 474 illis
635 419 875 487 amissis,
911 436 1231 495 proserpere
1261 425 1422 495 cmpit
1451 441 1514 482 ae
1541 434 1726 481 ventre
1749 427 2078 496 promoveri.
2106 434 2156 494 Α
2184 440 2428 486 ventrem
2466 441 2704 502 serpant,
2732 444 2905 501 neque
2928 445 2985 487 se
3007 430 3287 504 subrigere
3305 430 3436 487 dum
3455 431 3763 502 creduntur,

495 517 560 564 tit
596 511 712 566 haec
745 512 961 582 quidem
990 523 1178 584 aperte
1224 516 1289 571 ad
1325 517 1501 585 ipsum
1550 525 1796 586 spectant
1858 532 2078 587 serpen-

493 606 626 666 tem,
659 613 914 660 caeterum
949 605 1163 662 Satanae
1192 608 1271 663 sic
1289 610 1734 665 accommodetur
1755 611 1945 666 eadem
1973 612 2077 666 ista

494 698 840 752 exsecratio:
878 697 1147 763 Quoniam
1186 700 1469 769 spirituale
1501 717 1703 758 munus
1751 714 1927 770 tuum,
1965 720 2075 774 quo

493 788 806 855 fungebaris
865 791 917 844 in
952 790 1092 846 caelo
1121 808 1225 846 una
1266 809 1389 847 cum
1425 794 1650 863 reliquis
1685 796 1858 866 copiis
1909 812 2074 864 ange-

487 879 559 933 lic
585 895 612 934 s
638 898 759 950 quae
787 883 840 936 in
867 884 1084 937 sublimi
1113 896 1416 950 versantur,
1446 889 1733 943 deseruisti
1759 898 1923 960 atque
1946 889 2078 942 ami-

447 968 453 973 ’
490 970 630 1035 sisti,
667 972 842 1027 adhoc
872 973 1078 1043 primos
1102 984 1352 1043 parentes
1378 976 1666 1042 scduxisti,
1697 995 1803 1032 non
1836 979 1943 1033 crit
1975 978 2071 1033 tibi

487 1062 540 1114 iu
564 1063 704 1116 caelo
735 1071 792 1117 ut
842 1073 967 1119 ante
996 1066 1258 1120 habitatio
1294 1068 1386 1121 sed
1423 1068 1573 1121 humi
1613 1069 1855 1131 incedes,
1887 1085 2074 1139 prote-

484 1169 710 1226 pcsque,
743 1156 900 1209 malis
928 1159 1123 1212 studiis
1146 1159 1289 1212 addit
1308 1167 1430 1214 tus:
1462 1158 1527 1213 Et
1551 1162 1813 1228 pulverem
1834 1162 2072 1215 comede:

484 1246 724 1299 omnibus
748 1248 928 1302 diebus
959 1249 1079 1303 vitm
1117 1259 1243 1304 tute.
1276 1249 1497 1320 Nempe,
1522 1253 1584 1305 in
1611 1256 1885 1318 pulverem
1914 1255 2075 1309 rede»

482 1339 606 1408 gisti
645 1341 847 1408 primos
903 1352 1180 1410 parentes,
1218 1346 1441 1414 pulvere
1474 1346 1640 1415 igitur
1673 1348 1910 1403 vesceris
1956 1357 2069 1403 tota

481 1430 611 1482 vita.
649 1429 926 1499 Objiciunt
958 1434 1202 1501 quidam,
1239 1436 1331 1504 qui
1370 1437 1539 1505 possit
1573 1438 1703 1492 illttd
1737 1440 2063 1505 consistere,

421 1578 433 1590 .
481 1524 624 1590 quod
658 1523 731 1578 ait
772 1541 786 1578 ε
823 1525 1095 1580 l’ulrerem
1122 1528 1382 1595 comedas;
1425 1518 1645 1599 quando
1671 1531 1917 1587 videmus
1959 1548 2071 1589 ser-

480 1619 1023 1682 [eules'vtrtniculis
1080 1620 1134 1674 in
1166 1634 1307 1690 aqua
1350 1622 1671 1689 degentibus
1703 1627 1872 1693 pasci,
1910 1636 2073 1695 atque

484 1709 835 1773 passerculcs
868 1714 1554 1782 quoque.-columtasqtte,
1583 1727 1634 1770 et
1666 1716 1830 1785 hujus
1854 1719 2070 1787 generis

2183 525 2428 594 aliasque
2443 527 2754 596 superiores
2773 525 3021 595 corporis
3036 536 3217 595 partes
3235 525 3488 580 invadere
3504 533 3761 596 possunt.

2184 620 2300 688 ipsa
2331 618 2586 673 calcauea
2620 619 2921 674 laneinant.
2956 618 3062 673 Sed
3088 620 3155 673 de
3185 616 3383 672 Satana
3408 619 3762 689 interpretari

2182 721 2411 784 possunt
2445 713 2605 766 verba
2644 713 2713 768 ad
2777 714 2921 767 hunc
2986 714 3246 768 modum:
3302 711 3565 768 Homines
3623 714 3760 769 dum

2172 806 2276 874 'pcr
2310 805 2538 859 virtutes
2564 806 2730 859 vitam
2757 813 2941 875 agant.
2963 805 3121 860 facile
3141 805 3443 860 discutiunt
3465 807 3763 877 irritosqnc

2179 898 2415 952 reddunt
2455 897 2639 952 Vafros
2693 907 2816 952 tuos
2852 909 3099 959 conatus,
3143 912 3283 966 quos
3346 906 3401 951 tu
3464 898 3763 967 primarios

2178 999 2340 1058 atque
2367 990 2760 1060 insuperabiles
2783 1004 2904 1044 esse
2937 991 3184 1058 putabas.
3206 988 3533 1045 Observahis
3559 999 3612 1045 tu
3636 991 3764 1060 qui-

2177 1084 2299 1138 dem
2334 1083 2548 1136 illorum
2583 1083 2780 1148 calces,
2828 1090 2886 1135 ut
2921 1083 3071 1150 ipsos
3124 1074 3444 1136 subvertere
3475 1093 3638 1152 atque
3701 1084 3762 1137 in

2176 1185 2398 1244 peccata
2443 1175 2782 1244 prmeipitare
2846 1176 3069 1244 possis:
3129 1188 3316 1228 verum
3359 1174 3494 1227 nihil
3532 1175 3760 1238 eiiicics,

2177 1268 2280 1321 nisi
2313 1282 2410 1321 sua
2451 1268 2552 1335 ipsi
2586 1275 2780 1337 sponte
2830 1275 2994 1335 atque
3027 1275 3219 1335 suapte
3273 1265 3552 1321 voluntate
3577 1283 3638 1323 se
3661 1268 3760 1323 tibi

2174 1361 2428 1429 prodant.
2447 1360 2550 1416 Sed
2573 1370 2625 1414 et
2650 1360 2751 1414 hoc
2770 1375 2933 1415 sensu
2954 1368 3099 1415 recte
3129 1359 3465 1429 accipiantur
3480 1376 3541 1415 ea
3557 1361 3759 1416 verba:

2174 1457 2279 1518 Tu,
2312 1455 2549 1519 daemon,
2589 1456 2849 1511 observas
2874 1455 3128 1510 calcanca
3166 1456 3473 1521 hominum,
3509 1459 3614 1512 hoc
3641 1466 3757 1524 est,

2175 1548 2419 1617 ipsorum
2444 1547 2585 1601 dicta
2612 1546 2885 1618 factaque,
2920 1557 2977 1601 ut
3003 1549 3054 1602 in
3078 1557 3298 1618 peccata
3313 1548 3569 1617 dejicere,
3591 1559 3763 1620 atque

2174 1654 2205 1694 a
2244 1637 2352 1693 Deo
2378 1638 2569 1708 procul
2602 1640 2751 1709 ipsos
2785 1639 3267 1709 abducerequeas;
3297 1656 3484 1695 verum
3504 1639 3763 1697 Christus

2177 1731 2268 1787 ubi
2301 1731 2541 1796 advenit,
2594 1732 2754 1787 nobis
2785 1732 2985 1787 exemit
3011 1732 3158 1787 httnc
3192 1733 3269 1786 ttti
3300 1744 3530 1797 metum,
3555 1749 3763 1790 secun-

420 1862 421 1865 χ
478 1796 584 1894 alia
610 1812 826 1894 rotare.
855 1800 1149 1894 Samiam
1173 1803 1218 1856 si
1237 1803 1351 1857 haec
1368 1819 1587 1874 quoque
1614 1807 1900 1873 devorant.
1932 1809 2074 1865 inle-
2108 1827 2150 1882 Β
2178 1824 2307 1879 dum
2344 1823 2434 1879 illa
2467 1825 2640 1894 ipsius
2667 1825 2831 1879 verba
2866 1843 2882 1878 ε
2916 1823 3053 1879 Dedi
3106 1825 3248 1879 vobis
3280 1834 3589 1893 potestatem
3640 1826 3763 1882 cal—

480 1887 584 1940 rim
638 1890 845 1958 absque
888 1891 1106 1960 pulvere
1135 1895 1301 1948 vitam
1332 1906 1645 1952 sustentare
1672 1909 1968 1970 nequeunt.
2004 1901 2068 1957 Et

480 1994 612 2035 vero
645 1981 766 2036 licet
786 1982 996 2037 Adamo
1019 1988 1222 2041 dictum
1252 1989 1325 2044 sit
1350 1990 1447 2045 :In
1465 1994 1656 2048 sudore
1674 1994 1833 2064 {aciei
1851 2005 1956 2051 tua:
1975 2013 2066 2051 co-

478 2075 654 2128 medas
684 2092 870 2145 pauent
904 2087 1076 2147 tuum,
1116 2091 1294 2137 tamen
1325 2098 1493 2139 carne
1526 2087 1764 2142 vescitur
1792 2088 1979 2156 etiam,
2009 2096 2064 2145 ct

476 2178 636 2223 terrae
663 2169 935 2242 frugibus,
963 2174 995 2228 ft
1012 2177 1335 2247 uctibusque
1356 2179 1496 2236 aliis.
1529 2179 1635 2235 Sed
1656 2183 1767 2239 haec
1785 2184 1853 2239 ad
1882 2186 2060 2255 ipsum

473 2274 783 2331 serpentem
832 2268 1128 2335 pertinent,
1188 2272 1489 2342 eademque
1549 2289 1677 2329 vero
1713 2286 1945 2342 possunt
1995 2279 2061 2333 ad

476 2351 734 2410 Satanam
757 2359 809 2411 in
834 2358 975 2415 hanc
994 2367 1320 2419 sententiam
1341 2366 1483 2421 dicta
1507 2368 1675 2423 videri
1698 2387 1714 2424 :
1734 2371 2060 2440 Priusquam

474 2446 745 2502 delabere:
762 2450 826 2515 is,
843 2451 1040 2509 divinis
1053 2455 1398 2512 ohlectabare
1416 2462 1883 2527 meditationibus,
1898 2472 2063 2535 atque

471 2541 916 2606 cwlcstibus,sed
931 2557 1217 2616 postquam
1252 2558 1303 2603 te
1323 2551 1655 2621 precipitem
1676 2555 1873 2611 dedisti
1897 2566 2062 2627 atque

473 2632 825 2698 descendisti.
845 2646 990 2693 totus
1013 2641 1245 2695 terrenis
1265 2642 1673 2715 humilibusque
1694 2648 1888 2704 studiis
1909 2650 2064 2706 dedi-

470 2733 561 2780 tus
586 2726 713 2791 eris,
758 2737 921 2799 atque
944 2733 1010 2784 ad
1043 2734 1425 2801 perficiendam
1459 2739 1759 2808 nequitiam
1796 2750 1943 2796 tuam
1964 2758 2059 2797 co-

470 2815 759 2886 gitationes
801 2829 921 2875 leas
951 2837 1143 2880 omnes
1171 2827 1479 2886 exercebis.
1498 2827 1568 2882 Et
1619 2830 1930 2887 inimicitias
1961 2850 2058 2901 pa-

408 2957 414 2963 .
469 2922 593 2960 nam
626 2909 763 2963 inter
783 2921 833 2963 te
863 2921 913 2966 et
953 2915 1246 2981 mulierem,
1274 2927 1322 2971 et
1357 2918 1498 2972 inter
1528 2937 1699 2975 semen
1726 2932 1874 2977 tuum
1897 2933 1947 2979 et
1977 2940 2061 2979 se-

467 3018 586 3056 men
616 3006 748 3071 ejus.
779 3003 1069 3070 Quoniam,
1093 3009 1292 3079 inquit,
1313 3014 1577 3068 adversus
1608 3017 1888 3072 mulierem
1906 3016 2055 3076 fuisti

468 3095 681 3149 amicus
708 3096 1111 3167 fraudulentus,
1131 3110 1294 3171 atque
1312 3103 1625 3161 inimicitias
1656 3109 1841 3164 scvisti
1865 3112 1912 3164 ei
1929 3126 2052 3166 cum

440 3248 441 3251 η
468 3176 730 3256 Deo,ego
762 3189 900 3243 inter
937 3199 989 3245 te
1022 3201 1071 3245 et
1107 3193 1302 3262 ipsam,
1335 3196 1586 3267 interque
1609 3208 1760 3254 tuum
1787 3216 1972 3258 semen
2001 3215 2055 3258 et
2084 3186 2129 3249 C

467 3278 645 3348 ipsius
661 3294 867 3342 semen,
888 3282 1190 3339 inimicitia:
1207 3302 1428 3357 quoque
1455 3299 1513 3343 ut
1529 3300 1783 3347 constent
1802 3294 2053 3352 efliciam.

550 3363 856 3434 Serpentum
879 3369 1177 3426 inimicitia:
1198 3389 1317 3427 cum
1342 3374 1643 3432 hominibus
1669 3382 1885 3449 ntystire
1902 3385 2052 3453 quid.

467 3484 538 3495 --
591 3456 750 3513 Certe
788 3459 960 3516 factos
994 3478 1024 3516 a
1076 3462 1187 3518 Deo
1225 3466 1385 3521 nobis
1451 3467 1703 3525 inimicos
1752 3484 2052 3543 serpentes,

471 3559 560 3597 res
590 3545 706 3613 ipsa
734 3548 922 3616 docet;
950 3566 1125 3621 neque
1151 3556 1298 3609 enim
1340 3571 1575 3626 anguem
1613 3560 1783 3616 ullum
1809 3564 2056 3634 aspicere

469 3638 828 3705 sustinemus,
877 3653 934 3696 ut
980 3644 1140 3701 nobis
1178 3660 1286 3701 non
1319 3663 1609 3707 caveamus
1664 3654 1735 3707 ab
1763 3656 1902 3725 ipso,
1956 3673 2052 3712 seu

470 3731 625 3786 hoste
660 3742 879 3801 nostro;
917 3751 1126 3807 nosque
1160 3753 1268 3795 non
1311 3756 1687 3812 comparemus
1711 3749 1775 3801 ad
1816 3764 2049 3819 pugnam

470 3834 527 3877 ut
560 3825 713 3879 illutn
744 3829 1100 3896 perimamus,
1138 3840 1397 3900 tauquam
1429 3851 1555 3890 eum
1599 3839 1692 3909 qui
1726 3855 1825 3895 nos
1856 3842 2054 3899 laedere

467 3916 667 3984 cupiat.
705 3916 827 3973 Haec
850 3921 1036 3974 eadem
1063 3924 1128 3979 ad
1170 3922 1428 3980 Satanam
1459 3928 1539 3982 sic
1594 3930 2001 3987 transferantur
2032 3950 2048 3989 :

466 4005 564 4072 Te,
605 4008 829 4077 Satana,
860 4013 1041 4069 adhuc
1062 4030 1124 4069 ea
1160 4032 1285 4071 cura
1328 4021 1682 4091 studiumque
1711 4026 2051 4091 exercuit,ut

466 4102 672 4170 primos
706 4115 957 4171 parentes
985 4118 1248 4163 una'cum
1284 4110 1530 4179 ipsorum
1563 4116 1884 4181 posteritate
1909 4119 2050 4174 ami-

464 4207 560 4248 ros
587 4194 766 4250 facere
796 4205 851 4250 tu
882 4198 978 4252 tibi
1017 4215 1208 4270 posses
1244 4219 1258 4255 :
1291 4217 1393 4272 ego
1424 4220 1554 4259 vero
1595 4208 1708 4276 jam
1758 4209 1950 4275 eﬂicio,
1988 4221 2050 4268 ut

464 4296 726 4356 perpetuo
780 4289 998 4346 hostilia
1042 4293 1226 4347 omnia
1269 4295 1379 4351 sint
1442 4296 1583 4352 inter
1625 4309 1679 4355 te
1712 4313 1876 4372 atque
1900 4304 2044 4361 illos.

465 4377 533 4430 Et
567 4379 738 4445 ipsum
777 4391 1003 4438 conteret
1035 4398 1192 4452 caput
1227 4396 1396 4445 tuum.
1430 4390 1570 4456 Quia
1603 4409 1702 4462 per
1733 4398 2046 4466 superbiam

462 4469 664 4524 clatum
696 4470 799 4526 fuit
823 4483 987 4542 caput
1016 4484 1191 4543 tuum,
1218 4488 1271 4533 et
1299 4480 1539 4550 improba
1567 4484 1806 4540 locutum
1831 4496 1935 4554 est,
1962 4503 2047 4544 se-

467 4577 589 4615 men
625 4563 839 4620 lentius:
869 4566 1006 4635 (huc
1034 4576 1136 4632 est,
1173 4571 1264 4639 qui
1294 4587 1356 4626 ex
1397 4588 1459 4628 ea
1494 4576 1785 4648 nascetur)
1820 4581 2048 4636 concul-

461 4654 607 4709 eahit
634 4666 798 4725 caput
830 4668 1005 4721 tuum,
1049 4670 1208 4731 teque
1236 4665 1445 4732 perdet.
1505 4665 1774 4725 Phalerea
1805 4672 1935 4741 quia
1984 4683 2040 4729 tu

460 4747 729 4802 Adamum
752 4761 915 4819 atque
931 4752 1096 4806 Evam
1123 4755 1189 4809 de
1213 4756 1382 4828 gradu
1401 4758 1681 4828 dignitatis
1704 4778 1864 4831 quem
1886 4766 2039 4834 quasi

462 4838 734 4909 principes
771 4842 1114 4910 obtinebant,
1171 4847 1457 4916 deiecisti:
1493 4866 1680 4907 semen
1732 4842 2052 4922 posteritas-

459 4944 564 4997 que
589 4930 853 4999 ipsorum,
906 4945 1061 4991 tuum
1095 4946 1255 5007 caput
1294 4941 1535 4997 vicissim
1590 4947 1958 5014 conculcabit,
1991 4960 2044 5004 et

464 5032 517 5074 te
553 5020 867 5082 interficiet.
933 5028 1039 5083 Sed
1101 5044 1204 5085 cur
1259 5043 1423 5102 caput
1472 5035 1620 5092 illius
1678 5053 1789 5108 prae
1823 5041 2046 5111 reliquis

459 5115 722 5171 membris
754 5120 1001 5174 attritum
1035 5123 1099 5176 iri
1134 5124 1313 5180 dicit?
1352 5125 1621 5184 Nimirum
1652 5134 1781 5202 quia
1804 5138 2043 5191 contrito

458 5217 787 5278 mortuoque
815 5215 991 5282 capite
1014 5215 1068 5269 in
1093 5218 1352 5282 anguium
1385 5235 1600 5290 genere,
1639 5233 1809 5280 totum
1841 5242 2043 5298 corpus

457 5302 791 5357 exstinctum
820 5316 923 5361 est.
958 5305 1029 5360 Et
1073 5318 1130 5361 tu
1165 5310 1302 5365 illud
1337 5313 1495 5381 feries
1546 5317 1603 5370 in
1652 5318 1792 5373 calce
1846 5322 2036 5389 ipsius.

371 5458 379 5466 .
455 5390 594 5458 Quia
626 5395 871 5451 calcibus
911 5399 1028 5453 suis
1067 5413 1429 5471 properarunt
1470 5407 1628 5474 primi
1678 5425 1933 5479 parentes
1969 5417 2035 5471 ad

454 5487 707 5541 arborem
754 5490 1109 5559 prohibitam,
1163 5503 1218 5548 tu
1287 5500 1515 5555 seminis
1560 5501 1805 5572 ipsorum
1857 5510 2036 5566 calces

456 5578 641 5634 feries.
706 5579 810 5636 Sed
879 5593 934 5636 et
1010 5585 1132 5639 idro
1228 5588 1363 5644 dicit
1413 5608 1619 5662 angues
1676 5614 2032 5666 percussores

452 5666 631 5724 calces
692 5671 995 5740 hominum,
1045 5676 1172 5745 quia
1219 5695 1344 5732 cutn
1393 5683 1620 5749 pedibus
1677 5702 1916 5759 careant,
1980 5706 2033 5752 ct

531 5778 575 5808 τ’
604 5786 733 5836 Luc.
792 5803 848 5853 κ,
884 5791 966 5844 l9.
1046 5789 1092 5831 ἰτ
1130 5791 1283 5848 duan.
1341 5811 1449 5860 xvi,
1481 5800 1572 5857 2f.

2173 1919 2331 1974 condi
2357 1929 2641 1989 serpentes,
2678 1931 2725 1972 et
2759 1918 3084 1988 scorpiones,
3104 1935 3357 1991 omneque
3388 1920 3551 1974 robur
3569 1921 3762 1976 adver-

2172 2014 2375 2068 sarium
2402 2011 2470 2070 ⁷⁸.
2501 2010 2770 2066 Cteterum
2817 2026 2883 2066 ex
2933 2010 3018 2066 his
3068 2011 3249 2066 verbis
3297 2012 3596 2081 intelligere
3641 2022 3750 2080 est,

2173 2122 2280 2159 non
2310 2105 2377 2159 ad
2408 2104 2586 2160 solum
2619 2112 2970 2174 corporatum
3007 2111 3341 2174 serpentem,
3373 2118 3555 2158 verum
3579 2104 3743 2159 etiam

2171 2201 2240 2254 ad
2273 2198 2533 2254 Satanam
2596 2199 2928 2268 pertinuisse
2971 2197 3214 2252 divinam
3277 2198 3748 2265 exsecrationem;

2170 2292 2392 2363 quando
2420 2306 2528 2345 non
2590 2290 2706 2345 sola
2765 2291 2939 2360 capita
2989 2300 3300 2361 serpentum
3353 2290 3597 2359 ferimus:
3618 2288 3751 2344 dum

2169 2386 2438 2457 perimere
2511 2383 2660 2452 ipsos
2728 2382 3005 2449 volumus,
3064 2383 3160 2436 sed
3235 2381 3504 2452 reliquum
3586 2381 3755 2436 etiam

2170 2493 2407 2547 corpus;
2435 2493 2612 2547 neque
2639 2492 2830 2532 rursus
2865 2477 3061 2546 anguis
3093 2475 3239 2530 solos
3260 2476 3441 2531 calces
3468 2475 3754 2530 hominum

2169 2569 2425 2642 percutit,
2446 2570 2540 2623 sed
2580 2569 2718 2623 alias
2744 2568 2909 2622 etiam
2926 2581 3064 2638 quas
3079 2575 3255 2637 potest
3272 2566 3519 2635 corporis
3544 2573 3753 2636 partes.

2239 2678 2382 2732 Deus
2413 2675 2634 2733 Satantc
2672 2676 2834 2732 simul
2859 2684 2910 2731 et
2952 2676 3180 2746 serpenti
3227 2674 3532 2730 maledixit.
3569 2703 3638 2718 —
3691 2673 3757 2730 Si

2168 2785 2301 2829 vero
2328 2771 2453 2841 quis
2494 2769 2729 2840 denique
2759 2776 2989 2839 quaerat,
3020 2784 3121 2824 cur
3147 2768 3291 2823 Deus
3314 2766 3554 2838 serpenti
3582 2765 3755 2823 simul

2165 2869 2219 2917 ct
2268 2859 2483 2916 Satanae
2517 2860 2886 2925 maledixerit,
2910 2859 3407 2931 respondebimus:
3438 2859 3569 2924 quia
3603 2865 3760 2914 uter-

2166 2968 2274 3022 que
2313 2953 2695 3007 exsecratione
2726 2952 2924 3022 dignus
2957 2960 3096 3019 erat,
3150 2965 3250 3021 pro
3283 2950 3548 3017 maximo,
3601 2949 3756 3021 quod

2166 3051 2449 3111 patrarant
2474 3041 2654 3103 ambo.
2702 3041 3010 3109 maleficio;
3046 3041 3245 3096 deinde
3273 3049 3334 3096 ut
3360 3041 3524 3111 primi
3554 3055 3753 3110 paren—

2166 3143 2269 3196 tes,
2309 3134 2496 3188 audita
2528 3149 2592 3189 ea
2651 3143 2761 3189 tam
2795 3135 2933 3190 dura
2999 3132 3360 3189 detestatione
3416 3131 3623 3198 divina,
3676 3132 3749 3187 ad

2165 3227 2562 3297 paenitudinem
2606 3235 3030 3293 revocarentur;
3071 3241 3197 3280 nam
3252 3224 3301 3281 si
3362 3224 3752 3296 paenituissent

2162 3321 2490 3391 veniamque
2515 3320 2916 3390 implorassent,
2955 3320 3080 3374 licet
3102 3334 3166 3374 ea
3197 3333 3258 3374 re
3307 3332 3481 3388 neque
3512 3325 3747 3372 mortem

2161 3413 2487 3482 eﬂ‘ugissent
2539 3428 2716 3483 neque
2762 3412 3077 3482 paradisum
3135 3409 3512 3473 retinuissent,
3564 3418 3745 3464 tamen

2162 3505 2312 3560 diras
2343 3505 2466 3560 illas
2519 3503 2608 3559 Dei
2652 3504 2951 3560 evitassent
3011 3518 3149 3573 quas
3201 3508 3469 3557 memorat
3520 3500 3743 3556 Moses:

2163 3596 2269 3652 Per
2307 3596 2513 3651 dolores
2537 3607 2696 3667 atque
2724 3609 2946 3667 angores
2972 3597 3214 3662 parietis,
3271 3610 3367 3665 per
3424 3593 3629 3649 dolores
3688 3600 3742 3645 et

2159 3688 2381 3744 sudores
2438 3688 2596 3757 faciei
2659 3704 2821 3757 panes
2880 3688 3183 3743 comedetis.
3244 3685 3531 3756 Postquam
3606 3696 3736 3738 vero

2154 3776 2267 3849 jam
2298 3788 2608 3848 serpentem
2655 3787 2711 3833 et
2742 3777 3002 3834 Satanam
3048 3776 3361 3833 maledictio
3393 3773 3735 3847 perstrinxit,

2162 3870 2303 3924 Deus
2338 3869 2608 3924 convertit
2652 3870 2962 3925 Sermonem
2982 3867 3049 3923 ad
3088 3867 3371 3922 mulierem
3399 3866 3482 3919 his
3513 3865 3737 3923 verbis:

2157 3962 2226 4018 Et
2252 3963 2321 4017 ad
2354 3963 2626 4018 mulierem
2653 3962 2728 4016 ait
2764 3978 2784 4017 :
2817 3960 3224 4031 Multiplicundo
3251 3956 3614 4026 multiplicabo
3645 3958 3746 4010 do-

2158 4058 2292 4113 lores
2325 4065 2464 4121 tuos,
2497 4067 2547 4111 et
2576 4065 2851 4125 conceptus
2888 4065 3027 4120 tuos,
3051 4063 3100 4109 et
3129 4055 3182 4117 in
3214 4051 3502 4123 angoribus
3559 4048 3741 4119 paries

2155 4147 2316 4211 ﬁlios.
2358 4145 2477 4200 Non
2515 4146 2627 4216 jam
2657 4145 2810 4207 dicit,
2859 4158 2955 4200 eos
2986 4143 3127 4198 fetus
3167 4158 3308 4213 quos
3334 4148 3430 4196 aut
3460 4138 3744 4208 concipiet

2153 4250 2248 4294 aut
2291 4237 2649 4303 edetmulier,
2677 4235 2794 4291 fore
2822 4234 3160 4291 maledictos.
3198 4232 3333 4288 Nam
3359 4233 3567 4304 pridem
3600 4230 3743 4286 bene

2151 4338 2406 4400 precatus
2431 4329 2541 4385 illis
2576 4328 2771 4395 fuerat,
2801 4327 3160 4397 dixeratque:
3204 4325 3438 4381 Crescite
3467 4334 3517 4378 et
3551 4320 3741 4376 multi-

2149 4419 2427 4489 plicamini
2444 4436 2464 4474 :
2483 4419 2585 4473 Sed
2612 4418 2773 4484 feres,
2794 4419 2990 4489 inquit,
3016 4429 3229 4473 uterum
3250 4433 3356 4473 non
3381 4418 3498 4472 sine
3524 4416 3736 4480 dolore,

2153 4513 2532 4581 producesque
2558 4511 2707 4581 ipsos
2746 4521 2870 4567 tuos
2896 4510 3038 4567 fetus
3069 4525 3165 4582 per
3207 4525 3499 4565 aerumnas.
3535 4506 3739 4564 Videre

2151 4614 2236 4658 est
2284 4605 2431 4658 enim
2494 4602 2727 4659 feminas
2764 4603 2931 4658 variis
2989 4603 3278 4659 doloribus
3319 4601 3463 4656 affici
3513 4598 3737 4671 quando

2155 4704 2369 4749 uterum
2401 4710 2617 4764 gerunt,
2653 4705 2707 4749 et
2744 4710 2936 4749 rursus
2970 4694 3124 4749 dttris
3159 4694 3401 4764 torqueri
3437 4690 3738 4763 angoribus

2152 4791 2281 4841 dum
2313 4789 2570 4858 pariunt;
2625 4787 2676 4841 id
2714 4786 2857 4857 quod
2919 4787 3085 4841 etiam
3149 4794 3417 4840 memorat
3469 4784 3738 4838 Dominus

2159 4890 2368 4944 uoster,
2399 4881 2590 4935 dicens
2628 4898 2643 4935 :
2670 4879 2863 4934 Mulier
2885 4896 3003 4934 cum
3030 4881 3196 4948 parit,
3222 4879 3456 4932 dolorem
3489 4875 3644 4930 habet
3668 4875 3738 4929 ".

2156 4973 2345 5044 Neque
2373 4973 2518 5026 enim
2564 4971 2854 5043 quisquam
2891 4971 3203 5025 mortalium
3238 4969 3373 5024 satis
3415 4968 3739 5023 existimare

2154 5077 2350 5137 potest,
2384 5083 2547 5139 quam
2601 5066 2855 5121 difficiles
2895 5065 3173 5133 durosque
3212 5063 3476 5117 sustineat
3539 5059 3733 5114 mulier

2152 5157 2372 5214 dolores
2412 5170 2574 5228 atque
2622 5171 2897 5212 aerumnas
2924 5156 2976 5209 in
3007 5164 3188 5225 partu,
3226 5164 3423 5223 praeter
3470 5152 3619 5222 ipsas
3649 5150 3734 5206 fc-

2150 5249 2346 5302 minas.
2411 5247 2477 5300 Et
2515 5247 2734 5318 quidem
2790 5247 2973 5301 audivi
3003 5244 3286 5299 mulierem
3331 5258 3454 5299 cum
3501 5243 3730 5306 diceret,

2151 5356 2339 5394 earum
2373 5356 2494 5409 quae
2527 5343 2771 5410 pariunt,
2822 5338 3054 5411 pupillas
3091 5337 3373 5393 oculorum
3418 5350 3531 5406 prae
3563 5335 3734 5388 nimio

2149 5433 2357 5487 doloris
2386 5448 2550 5488 sensu
2588 5434 2723 5487 adeo
2751 5431 3050 5494 obfuscari,
3109 5438 3166 5485 ut
3200 5429 3339 5484 nihil
3370 5437 3619 5483 cernant.
3663 5426 3733 5482 Et

2150 5525 2263 5579 haec
2293 5524 2511 5593 quidem
2548 5527 2614 5580 de
2647 5541 2709 5580 ea
2752 5524 3105 5579 anxietudinc
3134 5536 3298 5592 quam
3328 5520 3457 5574 dum
3509 5529 3725 5574 uterum

2145 5598 2364 5685 gerunt,
2412 5617 2654 5687 dumque
2711 5617 2951 5687 pariunt,
3012 5614 3246 5669 tulerant
3292 5610 3543 5675 feminae,
3578 5610 3726 5665 dicta

2145 5714 2305 5761 sunt:
2342 5708 2483 5777 quod
2506 5709 2550 5763 si
2581 5724 2711 5765 vero
2746 5708 3059 5765 universum
3102 5704 3232 5762 illud
3263 5713 3481 5775 tempus
3506 5712 3724 5786 reputes
