4086 6392
334 304 442 371 £69

1461 312 1560 373 DE
1604 313 2011 378 PARADISO.
2051 341 2123 355 -·
2157 317 2352 377 PARS
2394 319 2441 379 I.

3490 324 3599 390 570

331 421 481 493 quod
508 437 537 474 ιι
560 430 822 491 concepto
849 420 958 477 fetu
985 422 1050 477 ad
1076 423 1401 482 morientem
1435 443 1611 498 usque
1637 430 1912 485 hominem
1940 429 1993 489 Δ
2019 428 2111 485 hic
2144 447 2244 501 pro
2277 432 2345 487 iis
2370 446 2492 502 qua:
2516 448 2581 488 ex
2610 440 2751 488 terra
2778 441 3102 497 nascuntur,
3131 442 3412 504 acceptum
3435 451 3557 491 esse
3581 452 3596 491 :

331 515 821 580 extenditurztum
854 533 986 574 sane
1040 518 1334 589 intelligas,
1378 523 1660 589 mulierem
1721 523 1912 578 multis

333 607 760 672 difﬁcultatibus,
809 609 1110 676 doloribus,
1168 613 1430 669 aerumnis
1458 612 1757 682 subiectam
1789 627 1914 669 esse

333 717 431 771 pro
461 703 576 771 ipsa
624 704 715 758 Dei
758 709 1169 771 exsecratione;
1214 720 1342 760 nam
1391 706 1598 759 editum
1650 705 1912 760 infantem

332 793 767 851 laboriosissima
811 812 944 851 cura
1002 798 1223 867 excipit,
1261 796 1458 850 deinde
1501 812 1597 865 per
1642 812 1914 851 summam

332 889 645 942 molestiam
698 898 864 958 atque
919 904 1180 960 angorem
1223 891 1441 953 educat,
1475 890 1541 944 ad
1576 899 1914 961 postremum

329 978 499 1033 anxio
537 977 745 1031 ululatu
799 979 1118 1031 morientem
1190 977 1368 1032 defiet.
1421 976 1587 1046 Igitur
1635 978 1763 1047 quia
1816 993 1915 1032 no-

332 1070 507 1134 luisti,
550 1072 750 1138 inquit,
792 1084 826 1122 ο
864 1071 1080 1133 mulier,
1114 1070 1168 1123 in
1216 1069 1470 1139 paradiso
1501 1070 1702 1124 liberos
1725 1084 1914 1140 parere

332 1166 674 1221 immortales
712 1166 919 1233 absque
942 1164 1092 1217 omni
1128 1164 1340 1227 dolore,
1363 1164 1473 1233 jam
1497 1164 1647 1234 ipsos
1679 1163 1917 1234 paritura

330 1276 393 1316 es
442 1275 542 1329 per
578 1262 846 1312 maxiums
875 1259 1158 1313 cruciatus
1193 1267 1359 1328 atque
1395 1258 1673 1321 miserias,
1706 1266 1919 1327 postea-

330 1365 496 1419 quam
537 1362 821 1419 peccatum
851 1350 1147 1403 admisisti.
1203 1348 1270 1403 Et
1300 1352 1426 1417 quia
1461 1348 1646 1402 divino
1679 1348 1917 1418 quodam

331 1447 494 1497 modo
520 1442 654 1495 deos
685 1443 846 1494 edere
863 1441 1115 1508 cupivisti
1140 1442 1350 1509 absque
1369 1441 1480 1494 ullo
1497 1441 1704 1494 doloris
1730 1455 1916 1505 sensu,

330 1539 607 1605 s~rpentis
634 1537 952 1589 auscultans
979 1536 1158 1589 verbis
1183 1551 1199 1599 ;
1230 1535 1341 1605 jam
1382 1535 1625 1588 humano
1647 1549 1799 1588 more
1822 1536 1921 1588 ho-

335 1629 511 1683 mines
557 1628 877 1697 proereabis
914 1642 1010 1696 per
1048 1627 1470 1683 acerbissimum
1524 1626 1795 1681 dolorem.
1856 1624 1920 1678 Et

335 1723 403 1775 ad
453 1723 625 1775 cirum
657 1729 806 1773 tuum
837 1722 1107 1790 respicies.

410 1814 685 1881 Respectus
718 1814 958 1867 mulieris
997 1818 1065 1865 ad
1091 1812 1259 1866 virum
1282 1842 1354 1852 -
1375 1812 1542 1878 Quasi
1574 1810 1755 1881 dicatz:
1782 1811 1921 1878 Quia
1953 1792 1996 1849 Β

345 1906 584 1975 cupivisti
598 1914 655 1960 ut
678 1906 760 1959 vir
777 1915 904 1960 tuus
924 1914 976 1960 te
993 1905 1305 1959 observaret
1319 1912 1486 1971 atque
1505 1920 1571 1960 ex
1593 1914 1642 1959 te
1662 1906 1925 1974 penderet

346 1997 554 2065 perinde
584 2011 650 2050 ac
682 1997 728 2049 si
772 1998 823 2049 in
858 2007 947 2050 tua
982 2011 1147 2050 manu
1184 1997 1359 2065 posita
1384 2003 1568 2051 essent
1594 1996 1795 2065 quibus
1824 1996 1920 2050 ille

336 2087 403 2140 ad
434 2086 556 2142 vita:
595 2103 756 2142 usum
789 2102 929 2156 opus
959 2088 1204 2151 haberet,
1235 2101 1409 2156 eoque
1457 2087 1610 2140 illum
1643 2087 1696 2139 in
1725 2086 1903 2140 fructu

335 2177 610 2245 gustando
642 2178 1006 2242 antevenisti,
1059 2175 1182 2230 ideo
1239 2183 1295 2229 tu
1338 2175 1440 2228 viri
1494 2174 1572 2228 tni
1624 2174 1924 2230 observans

334 2267 466 2329 rris,
504 2276 562 2320 ut
598 2267 708 2321 tuis
757 2267 872 2335 ipse
903 2263 1408 2321 necessitudinibus
1460 2262 1626 2318 faciat
1657 2262 1814 2317 satis.
1852 2260 1922 2315 Et

333 2360 446 2428 ipse
472 2361 839 2414 dominabitur
870 2361 948 2413 tui
984 2375 1003 2413 :
1031 2358 1298 2429 Optavisti
1330 2358 1550 2427 quidem
1592 2365 1757 2427 caput
1804 2371 1926 2412 esse

337 2453 440 2506 veri
482 2453 584 2518 tui,
614 2453 953 2521 imperioque
984 2452 1038 2505 in
1087 2451 1241 2505 illum
1276 2452 1459 2520 potiri,
1510 2460 1673 2520 atque
1707 2450 1828 2504 ideo
1858 2449 1925 2504 de

335 2546 536 2599 arbore
569 2560 667 2613 pro
713 2545 983 2614 serpentis
1012 2544 1244 2598 consilio
1282 2544 1476 2609 edisti;
1526 2551 1581 2598 at
1609 2541 1698 2595 ille
1736 2550 1924 2596 contra

338 2635 392 2689 in
428 2648 481 2688 te
526 2634 820 2702 imperium
869 2636 1168 2695 excrcebit.
1213 2634 1421 2703 tibique
1461 2647 1558 2703 pro
1591 2632 1766 2702 capite
1796 2632 1923 2687 erit.

342 2727 412 2782 Et
443 2728 516 2781 ad
536 2727 708 2781 Adam
730 2729 868 2781 dixit
900 2743 917 2781 :
956 2726 1096 2793 Quia
1120 2727 1439 2782 auscultain
1466 2728 1579 2781 coci
1610 2727 1792 2779 uxoris
1819 2735 1925 2779 ttttc

338 2831 386 2873 et
418 2821 592 2891 edisti
616 2820 680 2873 de
734 2819 924 2873 arbore
977 2820 1043 2873 de
1099 2835 1204 2889 qua
1244 2818 1390 2885 jussi
1442 2817 1540 2872 tibi
1581 2817 1801 2887 dixique
1861 2832 1926 2871 ne

338 2911 557 2977 ederes;
590 2911 877 2965 maledicta
896 2923 1039 2965 terra
1060 2920 1354 2980 propterte.
1393 2908 1657 2963 Dominus
1687 2907 1922 2977 Ephrem

340 3019 468 3057 cum
526 3004 642 3058 suis
678 3003 793 3058 vult
845 3003 1048 3058 idcirco
1094 3004 1266 3073 legem
1316 3001 1527 3057 Adamo
1556 3001 1799 3055 revocari
1835 3000 1926 3057 hic

2017 522 2215 593 Spiuas
2248 534 2297 577 et
2321 524 2544 579 carduos
2572 525 2801 597 proferet
2847 523 2946 578 tibi
2979 536 3000 577 :
3036 541 3197 596 quos,
3254 527 3356 581 nisi
3390 535 3444 580 tu
3477 542 3600 596 pec-

2018 633 2227 680 casses,
2264 618 2357 673 illa
2392 619 2727 688 productura
2758 634 2867 673 non
2903 617 3106 673 fuerat.
3135 617 3438 673 Conficitur
3464 634 3599 686 ergo

2018 711 2135 765 haec
2168 716 2295 781 post
2328 712 2748 766 detestationem
2781 720 2901 765 orta
2936 725 3081 775 esse,
3111 709 3194 764 vel
3220 709 3453 765 fortasse
3480 710 3594 779 spi-

2018 818 2115 858 nas
2162 812 2217 858 et
2265 805 2500 858 carduus
2552 814 2707 859 vocat
2737 803 3076 858 laboriosum
3139 812 3298 858 terrze
3353 803 3588 862 cultum,

2019 910 2180 965 quem
2234 896 2350 966 ipsa
2384 896 2628 967 flagitat;
2668 895 2825 967 quasi
2863 895 3051 950 dicat:
3084 895 3294 967 Magnis
3339 896 3603 965 durisque

2019 987 2300 1043 laboribus
2338 988 2669 1044 constabunt
2733 988 2828 1043 tibi
2878 998 3039 1043 terra:
3088 988 3323 1044 fructus.
3359 987 3451 1042 Vel
3500 989 3604 1042 hoc

2020 1081 2173 1146 dicit,
2208 1095 2350 1150 saepe
2387 1090 2711 1135 eventurum
2754 1090 2812 1135 ut
2844 1097 2951 1135 non
2986 1096 3048 1134 ea
3081 1097 3201 1151 qua:
3251 1082 3466 1149 excepit
3514 1098 3603 1135 se-

2018 1173 2190 1235 mina,
2248 1172 2477 1238 reddat,
2528 1174 2622 1228 sed
2679 1187 2777 1241 pro
2823 1172 2930 1228 illis
2995 1180 3182 1228 sentes
3238 1171 3600 1241 tribulosque.

2020 1265 2090 1317 Et
2116 1263 2350 1317 comedes
2382 1262 2571 1317 herbas
2624 1264 2766 1332 agri.
2814 1261 2923 1318 Pro
2957 1262 3288 1333 gratissimis
3330 1261 3597 1316 arborum

2019 1357 2259 1426 paradisi
2299 1354 2574 1410 fructibus
2610 1370 2750 1424 quos
2776 1354 2871 1410 tibi
2928 1355 3171 1410 edendos
3196 1369 3603 1414 concesseram,

2020 1449 2259 1503 vesceris
2295 1449 2483 1504 herbis
2517 1450 2787 1516 pecudum
2827 1464 3003 1513 more,
3063 1464 3129 1502 eo
3156 1450 3301 1518 quod
3336 1434 3604 1502 adversus

2021 1538 2196 1610 legem
2232 1555 2409 1608 meam
2445 1540 2643 1595 feceris
2684 1538 2792 1595 :Et
2827 1556 2944 1594 rum
2974 1540 3167 1593 sudore
3194 1540 3351 1609 faciei
3380 1551 3486 1592 tua:
3512 1556 3606 1592 co-

2023 1633 2194 1685 medas
2228 1649 2437 1702 panem.
2483 1632 2564 1686 Tu
2604 1633 2698 1702 qui
2733 1631 2869 1686 deus
2890 1647 3016 1686 esse
3054 1631 3299 1695 voluisti,
3327 1630 3600 1698 serpentis

2024 1725 2261 1779 consilio
2314 1726 2658 1787 auscultans,
2707 1739 2833 1777 cum
2892 1724 3091 1779 sudore
3147 1722 3301 1776 faciei
3338 1732 3464 1784 tute,
3502 1720 3606 1775 hoc

2025 1825 2131 1884 est,
2168 1832 2365 1886 aspero
2394 1827 2447 1872 et
2467 1814 2673 1871 difficili
2703 1817 2889 1871 labore
2921 1817 3168 1886 duraque
3198 1815 3409 1870 cultura
3449 1832 3603 1884 quae-

2026 1924 2112 1962 res
2156 1910 2381 1964 victum.
2435 1906 2548 1963 Etsi
2604 1908 2748 1961 enim
2803 1907 2926 1977 quis
2989 1924 3081 1961 rex
3142 1905 3215 1961 sit
3251 1917 3349 1960 aut
3402 1905 3604 1974 alioqui

2024 2002 2223 2071 opibus
2292 2001 2506 2068 magnis
2563 2000 2799 2071 pollens,
2864 1999 2992 2054 dum
3063 1999 3200 2053 alios
3273 1998 3325 2051 in
3389 1998 3606 2052 cultura

2025 2101 2263 2156 escrcet,
2311 2092 2429 2162 ipse
2465 2107 2684 2162 quoque
2744 2108 2850 2145 non
2909 2091 3025 2145 sine
3057 2091 3263 2145 sudore
3301 2086 3456 2143 faciei
3496 2104 3610 2143 sua:

2023 2186 2269 2239 vescitur
2310 2198 2471 2254 pane.
2520 2183 2698 2238 Donec
2751 2191 3014 2237 revertare
3046 2182 3099 2235 in
3154 2190 3349 2235 (errant
3396 2194 3461 2234 ea:
3506 2195 3610 2249 qua

2025 2283 2269 2342 acceptus
2293 2291 2365 2332 es.
2407 2274 2531 2344 quia
2558 2274 2727 2341 pulvis
2764 2289 2842 2340 es,
2885 2281 2935 2327 et
2981 2272 3035 2326 in
3084 2271 3347 2342 pulverem
3384 2269 3607 2324 redibis.

2024 2366 2198 2433 Quasi
2256 2366 2405 2421 dicat
2445 2386 2457 2421 :
2492 2367 2789 2437 Postquam
2829 2380 3193 2421 :erumnosam
3241 2362 3609 2418 laboriosam-

2024 2480 2133 2534 que
2181 2463 2505 2519 toleraveris
2556 2462 2747 2524 vitam,
2800 2458 2944 2515 sicut
2997 2456 3244 2528 praedixi,
3307 2456 3611 2509 moriturus

2025 2555 2221 2610 deinde
2244 2571 2324 2617 es,
2351 2565 2513 2625 atque
2539 2553 2593 2608 in
2626 2552 2675 2607 id
2716 2549 3033 2606 dissolveris
3059 2548 3203 2617 quod
3236 2556 3363 2601 ante
3404 2546 3609 2601 fueras.

2024 2645 2580 2702 Animadvertendum
2616 2644 2705 2697 hic
2746 2652 2830 2698 est
2866 2642 3135 2696 Adamum
3169 2649 3296 2694 ante
3331 2640 3436 2693 hoc
3480 2654 3613 2691 ora-

2026 2740 2207 2795 culum
2246 2756 2259 2793 :
2296 2738 2436 2803 Quia
2484 2735 2655 2807 pulvis
2695 2751 2773 2801 es,
2823 2732 3144 2797 nescivisse,
3177 2747 3243 2785 ex
3293 2730 3515 2800 pulvere
3552 2745 3612 2785 se

2025 2847 2150 2888 esse
2201 2830 2605 2887 conformatum
2633 2868 2649 2892 ,
2686 2841 2967 2899 genusque
3022 2841 3181 2880 suum
3225 2825 3368 2879 unde
3424 2832 3610 2889 esset,

2026 2926 2329 2997 ignorasse.
2389 2924 2556 2995 Igitur
2587 2923 2740 2978 hisce
2810 2920 2993 2976 verbis
3056 2920 3356 2974 multarum
3423 2934 3608 2973 rerum

2027 3016 2450 3075 commonefacit
2485 3015 2753 3071 Adamnm
2800 3005 2962 3068 Deus.
3022 3010 3210 3067 Primo
3242 3013 3386 3066 enim
3456 3013 3614 3067 docet

340 3096 398 3150 in
433 3096 779 3162 memoriam,
813 3097 941 3166 quia
965 3095 1014 3151 ei
1049 3096 1143 3151 uni
1169 3111 1199 3150 a
1232 3094 1341 3151 Deo
1373 3094 1551 3149 fuerat
1580 3095 1921 3164 praescripta;

2030 3109 2201 3179 ipsius
2234 3122 2433 3176 corpus
2460 3121 2527 3161 es
2555 3105 2774 3175 pulvere
2808 3103 2992 3158 fictum
3038 3117 3196 3167 esse;
3237 3110 3289 3154 et
3324 3099 3486 3155 simul
3528 3116 3615 3153 re-

340 3188 411 3242 ³1)
434 3189 553 3257 ipso
578 3204 708 3243 νονο
734 3186 952 3255 deinde:
975 3187 1133 3241 ιιποτῖ
1166 3186 1438 3256 ex903i“-
1478 3182 1709 3251 vemmi
1735 3183 1921 3256 "liam
1953 3182 1999 3211 ν
2031 3200 2251 3269 darguit
2284 3199 2449 3254 etiam
2497 3197 2654 3268 quasi
2688 3196 2833 3251 dicat
2868 3210 2883 3249 :
2913 3193 3025 3260 Qui
3081 3192 3305 3264 potuisti
3362 3192 3617 3246 affectare

341 3280 636 3351 aliquoties
692 3279 1139 3344 memoravimus,
1202 3277 1293 3332 alii
1343 3276 1657 3331 existimare
1718 3277 1928 3331 malunt

332 3375 445 3432 sub
483 3373 613 3428 Adae
637 3387 866 3440 persona
894 3372 963 3427 ad
997 3370 1163 3426 Evam
1187 3384 1407 3441 quoque
1428 3366 1567 3439 legis
1593 3368 1924 3425 verba'ticri.

328 3467 514 3538 Igitur
549 3467 723 3537 quia,-
777 3465 980 3536 inquit,
1016 3480 1126 3519 non
1182 3478 1319 3518 mea;
1368 3461 1490 3518 voci
1552 3462 1647 3518 scd
1706 3460 1926 3519 femina

335 3559 707 3625 auscultasti;
741 3558 1027 3613 maledicta
1057 3566 1202 3612 terra
1238 3566 1462 3628 propter
1484 3566 1556 3611 te.

411 3650 526 3706 Cur
552 3650 692 3705 Deus
722 3661 944 3717 terram,
969 3666 1073 3704 non
1091 3659 1269 3703 autem
1294 3650 1559 3704 Adamum
1585 3650 1656 3704 sit
1680 3665 1929 3705 exsecra-

343 3757 455 3802 tus.
479 3775 549 3786 -
575 3742 847 3798 Nimirum
880 3758 986 3798 non
1016 3753 1100 3798 est
1130 3723 1450 3797 exsecratus
1480 3741 1625 3796 Deus
1654 3742 1925 3797 Adamnm

341 3840 555 3909 ipsum,
593 3851 706 3906 quo
754 3850 869 3891 sua
913 3836 1030 3906 ipse
1062 3835 1288 3903 imagini
1342 3837 1605 3890 honorem
1635 3850 1931 3891 conserva-

358 3942 474 3990 ret:
508 3941 625 3986 tum
680 3930 847 3985 etiam
895 3930 1027 3999 quia
1082 3943 1151 3983 ex
1212 3928 1421 3983 Adamo
1463 3928 1727 3983 nascituri
1778 3939 1934 3984 erant

363 4024 513 4076 multi
545 4021 809 4077 mortales
847 4020 1003 4090 probi
1030 4018 1309 4089 iustique,
1358 4028 1421 4073 ut
1452 4019 1729 4088 prophetae
1770 4029 1934 4089 atque

346 4115 605 4185 apostoli,
632 4129 702 4169 ne
730 4129 828 4185 per
857 4114 1011 4168 illum
1038 4112 1095 4167 hi
1125 4126 1345 4182 quoque
1372 4111 1740 4167 exsecrabiles
1764 4120 1933 4183 atque

345 4206 708 4261 detestabiles
744 4206 1080 4259 haberentur
1111 4218 1126 4257 :
1162 4205 1256 4258 sed
1296 4200 1577 4256 maledixit
1603 4210 1775 4267 terra:
1805 4215 1935 4272 pro-

350 4308 473 4367 pter
505 4298 685 4364 illum,
714 4297 917 4367 quippe
966 4310 1032 4350 es
1065 4308 1174 4364 qua
1234 4295 1352 4364 ipse
1395 4301 1545 4349 esset
1590 4302 1931 4363 procreatus.

349 4392 545 4462 Itaque
577 4398 904 4444 conservata
935 4394 1019 4442 est
1041 4387 1278 4440 humano
1308 4385 1494 4457 generi
1529 4385 1737 4439 illibata
1772 4400 1839 4439 ex
1868 4399 1933 4439 ea

2028 3291 2392 3355 divinitatem,
2433 3299 2492 3345 ut
2517 3289 2759 3360 plueres,
2793 3296 2853 3343 ut
2907 3284 3086 3340 fontes
3126 3286 3498 3354 dispensat-ts.
3558 3290 3616 3336 ut

2030 3381 2235 3453 pelagis
2258 3382 2574 3452 imperares,
2598 3379 2767 3435 totius
2793 3392 2857 3433 ex
2885 3377 3105 3448 pulvere
3128 3375 3465 3453 compositus
3489 3386 3614 3427 cum

2030 3450 2394 3531 sisivliursus
2429 3471 2573 3527 sicut
2605 3469 2974 3525 conditionem
3007 3450 3200 3522 Adami
3248 3484 3278 3519 n
3303 3466 3473 3520 irilice
3517 3478 3617 3518 ex-

2028 3566 2235 3621 tulerat
2265 3565 2392 3619 dum
2438 3564 2619 3634 ipsum
2655 3570 2885 3624 crearet.
2928 3571 2986 3616 ut
3027 3575 3187 3631 quem
3240 3574 3298 3614 se
3351 3559 3416 3612 ad
3458 3571 3614 3611 suam

2036 3656 2211 3727 ipsius
2241 3654 2537 3724 imaginem
2572 3652 3098 3719 similitudinemque
3122 3649 3327 3717 tingere
3354 3648 3563 3701 diceret
3598 3664 3613 3700 :

2030 3748 2130 3815 ita,
2178 3757 2236 3802 ut
2266 3745 2543 3800 aﬂectavit
2577 3743 2915 3799 divinitatem
2963 3754 3064 3810 pro
3104 3742 3313 3796 fallacis
3345 3738 3618 3808 serpentis

2032 3840 2288 3903 consilio,
2321 3838 2469 3892 illam
2523 3837 2769 3891 eamdem
2804 3835 2868 3889 ad
2898 3843 3096 3889 terram
3135 3847 3307 3901 usque
3335 3831 3616 3899 deprimit,

2034 3933 2420 3988 demonstrans
2451 3947 2517 3987 ex
2556 3930 2778 4001 pulvere
2807 3935 3086 3982 constare.
3127 3924 3397 3979 Praeterea
3426 3931 3615 3977 osten-

2035 4023 2134 4087 dit,
2206 4037 2328 4092 quae
2381 4036 2507 4076 cum
2556 4020 2759 4090 quibus
2815 4019 2905 4073 ille
2964 4014 3335 4072 commutarit.
3390 4013 3621 4083 Insuper

2039 4114 2219 4180 docet,
2246 4114 2470 4185 quantis
2515 4114 2694 4185 ipsum
2726 4111 2885 4167 malis
2918 4108 3284 4180 implicaverit
3309 4116 3617 4176 peccaturo,

2038 4215 2203 4277 atque
2230 4207 2352 4261 ideo
2379 4206 2482 4261 hoc
2508 4205 2950 4276 prosequendum
2976 4203 3104 4257 odio
3126 4215 3250 4256 esse
3269 4197 3624 4269 fugiendum-

2039 4314 2146 4370 que
2177 4299 2393 4353 merito.
2423 4297 2671 4368 Denique
2707 4304 2895 4352 monet
2942 4295 2987 4350 si
3037 4294 3356 4364 imperatam
3400 4290 3491 4345 ille
3525 4288 3623 4343 ob-

2041 4397 2313 4446 servasset
2354 4389 2550 4460 legem,
2601 4404 2710 4443 non
2756 4386 3186 4455 obrumpendam
3238 4382 3409 4439 fuisse
3450 4382 3624 4451 ipsius

352 4483 665 4539 benedictio
690 4497 813 4552 qua:
846 4488 974 4535 ante
996 4486 1280 4548 peceatum
1316 4475 1459 4531 facta
1478 4474 1937 4545 fuerat,quamvis
1968 4502 2017 4563 υ
2044 4484 2209 4538 vitam
2235 4484 2328 4538 sed
2366 4482 2779 4537 lmmortalitate
2822 4479 3131 4534 donandum
3164 4492 3228 4533 ex
3259 4475 3349 4530 Dei
3381 4474 3623 4529 liberali-

352 4577 579 4632 dolorcs
632 4584 797 4644 atque
853 4572 1205 4627 calamitates
1261 4570 1512 4639 plurimae
1575 4568 1933 4625 accesserint.

355 4672 462 4727 Per
485 4669 694 4724 dolores
733 4667 970 4721 comedes
1009 4680 1129 4719 eam
1167 4663 1407 4719 outnibus
1438 4662 1622 4717 diebus
1656 4664 1775 4717 cito:
1805 4671 1931 4719 tute.

357 4762 494 4828 Quia
524 4757 849 4815 existimasti
879 4766 932 4812 te
956 4756 1189 4811 deorum
1230 4769 1386 4809 more
1434 4755 1489 4808 in
1521 4762 1666 4807 terra
1700 4767 1932 4807 mansu-

365 4868 503 4917 rum,
526 4867 734 4923 perque
772 4851 1013 4921 quietem
1061 4858 1116 4904 et
1138 4850 1310 4903 otium
1343 4848 1508 4901 vitam
1541 4845 1874 4916 agitatorum
1918 4864 1935 4901 :

381 4953 437 4997 tu
464 4953 671 5009 contra,
699 4957 797 5011 per
829 4942 1071 5005 dolores,
1090 4942 1309 4996 labores
1331 4948 1386 4995 et
1407 4956 1706 5006 aerumnas,
1737 4958 1944 5013 perque

359 5034 628 5090 culturam
674 5032 949 5089 difﬁcilem
990 5032 1232 5087 vesceris
1284 5032 1533 5102 frugibus
1580 5041 1760 5087 terrae.
1794 5033 1933 5089 Nam

362 5141 434 5181 ne
469 5140 632 5197 reges
662 5125 888 5196 quidem
913 5124 1121 5194 absque
1146 5124 1396 5178 molestia
1426 5132 1481 5178 et
1511 5124 1748 5189 cultura,
1781 5134 1942 5181 terrae

356 5219 681 5274 muneribus
717 5217 822 5272 frui
851 5224 1084 5287 possunt
1108 5222 1312 5284 :alque
1350 5214 1457 5270 hoc
1485 5216 1662 5284 ipsum
1693 5217 1939 5285 estquod

332 5307 723 5364 Ecclesiastes
774 5308 853 5363 ait
886 5323 903 5361 :
933 5304 1048 5361 Rea:
1078 5322 1269 5377 agrum
1303 5304 1430 5358 colit
1460 5306 1577 5375 (24)
1614 5323 1628 5361 :
1664 5307 1864 5376 quippe
1896 5307 1941 5363 si

361 5416 470 5455 non
507 5402 645 5467 suis,
671 5411 727 5456 at
751 5401 987 5470 aliorum
1018 5410 1169 5457 certe
1204 5397 1462 5453 manibus
1494 5414 1656 5467 agros
1683 5399 1943 5469 subigunt

361 5505 541 5561 reges.
597 5491 1021 5547 Observandum
1069 5505 1234 5560 porro
1282 5496 1367 5544 est
1400 5498 1559 5543 terra:
1606 5491 1936 5546 vocabulum

434 5603 549 5677 (24)
579 5604 760 5661 Ecelc.
786 5623 843 5671 v,
884 5621 1027 5662 vers.
1055 5608 1109 5670 8,
1138 5602 1320 5677 estad
1357 5602 1581 5677 verbum
1611 5622 1624 5657 :
1657 5603 1765 5657 Rea:
1806 5623 1933 5677 agro

362 5676 545 5741 servit,
578 5679 715 5740 sive,
742 5692 872 5745 agro
895 5693 1072 5731 servus
1103 5687 1177 5730 est
1216 5674 1387 5742 fartus
1420 5688 1439 5725 :
1480 5674 1702 5743 Vulgata
1752 5674 1930 5733 tanien

366 5747 532 5800 editio
564 5746 721 5814 longe
755 5750 863 5800 alio
879 5762 1044 5801 sensu
1069 5746 1230 5813 legit:
1258 5745 1471 5814 insuper
1497 5745 1752 5799 univcrsa’
1778 5756 1932 5801 terra:

370 5833 461 5871 τω·
497 5810 717 5885 imperat
752 5818 996 5872 servienti
1020 5857 1033 5883 ,
1084 5810 1226 5884 quod
1281 5812 1385 5868 nisi
1421 5812 1485 5869 de
1522 5814 1702 5869 divina
1752 5821 1929 5886 prmi-
1961 5810 1967 5815 ’

2048 4586 2180 4643 tate,
2207 4577 2351 4633 sicut
2382 4577 2459 4631 ait
2487 4574 2787 4645 Gregorius
2819 4572 3132 4641 Theologus
3180 4570 3292 4641 (25)
3330 4585 3348 4623 :
3386 4568 3443 4624 Si
3497 4582 3623 4637 per-

2046 4670 2426 4731 durassemus,
2460 4665 2511 4721 id
2549 4667 2696 4734 quod
2745 4678 2853 4718 non
2904 4662 3210 4719 fueramus.
3241 4658 3373 4712 facti
3419 4657 3624 4711 fuisse-

2044 4772 2200 4823 mus;
2262 4771 2413 4811 nunc
2468 4768 2602 4807 vero
2649 4761 3003 4823 postraquam
3063 4749 3232 4815 legem
3306 4744 3622 4808 transilirit,

2041 4847 2199 4901 tnorti
2251 4843 2547 4900 obnoxium
2574 4857 2697 4896 esse
2734 4840 2935 4893 factum
2989 4836 3510 4904 dissolvendumque
3564 4835 3622 4887 in

2039 4945 2242 4991 terram
2307 4935 2451 4988 unde
2518 4931 2685 4987 traxit
2736 4930 3028 4998 originem.
3066 4926 3134 4980 Et
3167 4926 3368 4979 vocarit
3422 4924 3621 4988 Adam,

2034 5044 2227 5083 nomen
2275 5027 2458 5079 uxoris
2489 5038 2600 5078 sua:
2638 5021 2822 5087 Euam,
2858 5035 2917 5075 eo
2949 5017 3089 5089 quod
3119 5020 3238 5087 ipsa
3289 5026 3423 5072 esset
3455 5026 3623 5070 mater

2043 5122 2213 5176 omnis
2275 5119 2513 5174 viventis.
2563 5114 2891 5171 Observavit
2942 5112 3163 5178 quidem
3227 5111 3387 5167 divus
3446 5108 3625 5166 Moses

2043 5212 2226 5266 adhuc
2279 5211 2332 5265 in
2394 5222 2577 5263 rerum
2629 5214 2902 5277 gestarum
2960 5205 3320 5271 narratione,
3374 5202 3637 5258 ordinem

2043 5305 2355 5373 seriemque
2409 5316 2719 5372 temporum
2770 5301 2977 5372 quibus
3006 5313 3239 5370 quisque
3287 5306 3421 5352 actae
3464 5303 3623 5358 sunt;

2043 5406 2099 5452 at
2121 5397 2267 5467 quod
2302 5397 2392 5451 hic
2447 5395 2561 5466 jam
2613 5403 2826 5461 narrat,
2882 5409 3014 5449 num
3046 5393 3243 5449 ordine
3293 5404 3396 5445 suo
3439 5395 3625 5442 narret

2042 5487 2283 5545 dubitari
2336 5495 2539 5559 potest.
2591 5485 2805 5559 Quippe
2851 5495 2956 5554 est,
2994 5486 3087 5542 ubi
3129 5500 3217 5541 res
3254 5483 3339 5541 sui
3375 5496 3623 5553 quasque

2040 5610 2225 5665 dentia
2266 5610 2473 5682 dictum
2505 5623 2628 5682 meo
2655 5607 2885 5682 judicio,
2919 5604 3144 5673 intelligi
3175 5619 3280 5658 non
3325 5608 3548 5682 potest._

2039 5752 2053 5806 1
2113 5683 2229 5808 95)
2301 5680 2413 5738 Hoc
2476 5671 2729 5752 Gregorii
2796 5671 2999 5732 dictum
3067 5671 3230 5745 supra
3294 5671 3623 5743 explicatius

2058 5770 2106 5807 ia
2149 5770 2227 5807 cs.
