4086 6396
325 304 427 367 5T3

1451 303 1550 364 DE
1594 299 1999 363 PARADISO.
2040 322 2100 335 -·
2148 300 2342 359 PARS
2387 301 2431 361 I.

3468 296 3576 360 574

326 416 525 485 quibus
563 429 667 471 nos
718 430 937 484 quoque
1001 424 1123 485 post
1180 416 1633 471 resurrectionem
1690 415 1900 469 erimus
1935 418 1976 479 Α
2006 412 2109 467 bus
2142 411 2359 467 texendi
2394 426 2441 487 at
2459 420 2588 465 tem.
2630 409 2702 463 De
2753 417 2952 479 quarto
2991 398 3249 475 dicimus,
3277 425 3370 468 eas
3409 423 3586 473 vestes

326 512 605 564 immunes
631 524 651 563 :
671 508 874 578 quippe
914 525 1008 577 per
1032 510 1129 562 lias
1162 509 1376 563 tunicas
1404 508 1699 580 signiﬁcari
1734 506 1911 560 maxi-

329 614 471 653 mam
510 599 659 652 illam
698 599 1057 653 mulationem
1096 615 1219 668 qua!
1257 600 1470 655 illorum
1494 600 1675 657 evenit
1707 614 1906 669 corpo-

328 693 482 748 ribus
540 702 663 761 post
713 692 1013 746 admissum
1069 702 1373 761 peccatum.
1428 692 1497 753 At
1549 692 1907 757 Athanasius,

332 784 583 838 oratione
627 783 696 838 de
748 799 935 849 cruce,
967 792 1023 838 et
1057 785 1316 839 dominus
1347 783 1581 853 Ephrem
1611 784 1703 837 ubi
1765 784 1911 837 hunc

327 880 507 931 locum
540 875 971 945 interpretatur,
997 876 1153 939 aiunt
1184 877 1283 933 has
1313 876 1524 929 tunicas
1548 891 1611 929 ex
1652 874 1905 929 animan-

2014 504 2314 573 appellatas
2345 517 2470 556 esse
2494 516 2524 556 a
2556 500 2723 565 Mnse,
2755 501 3043 555 ehutinitas
3079 501 3216 569 (26),
3259 503 3386 572 quia
3414 504 3587 575 ipsius

2013 604 2194 659 aetate,
2229 595 2331 651 hoc
2370 592 2638 653 vocabulo
2681 592 2965 651 hominum
3020 592 3258 650 amicula
3310 594 3589 663 signitlca.

2013 689 2240 751 bantur,
2274 697 2334 749 ut
2385 687 2567 743 videre
2596 694 2681 739 est
2731 686 2796 739 de
2834 692 2987 739 veste
3020 681 3150 748 Job,
3184 684 3411 755 Ioseph,
3444 687 3591 742 Tha-

2022 793 2165 841 mar,
2190 776 2427 845 denique
2461 776 2671 839 Domini
2707 773 2879 831 nostri
2914 773 3043 833 Jesu
3071 774 3311 841 Christi;
3346 791 3482 835 usus
3507 787 3592 830 est

2016 869 2181 939 igitur
2215 868 2298 923 sui
2332 866 2520 929 saeculi
2564 864 2832 937 vocabulo
2863 864 3061 919 liloses.
3096 866 3360 939 Quintum
3391 881 3457 923 ac
3488 882 3590 938 po-

328 968 463 1023 tlum
492 968 725 1036 pellibus
776 966 1059 1029 confectas
1104 966 1298 1022 fuisse.
1348 965 1599 1037 Denique
1651 967 1987 1030 dominus!
2017 973 2282 1017 stremum
2328 969 2467 1025 erat,
2513 974 2611 1017 cur
2641 974 2779 1029 opus
2831 958 2997 1014 fuerit
3050 959 3376 1016 mortalibus
3408 969 3586 1022 veste.

325 1059 566 1112 Jacobus
620 1054 949 1127 Sarugcnsis
997 1057 1128 1111 dicit
1199 1056 1362 1111 restis
1399 1056 1687 1126 ‘quoddam
1740 1070 1911 1127 genus

329 1150 522 1212 fuisse,
558 1148 701 1218 quod
752 1149 880 1218 quia
916 1158 1062 1201 tactu
1095 1163 1346 1211 crassum
1394 1151 1733 1219 densumque
1769 1156 1907 1214 erat,

326 1242 529 1294 tunica:
563 1241 803 1309 pellicem
855 1240 1019 1294 fuerit
1057 1242 1415 1310 appellatum.

406 1320 575 1386 Unde
602 1335 881 1399 sumpserit
926 1332 1063 1385 Deus
1088 1334 1381 1403 primorum
1413 1340 1693 1403 parentum
1722 1341 1908 1386 vestes.

325 1454 394 1465 —
419 1424 493 1477 Dc
524 1424 712 1486 tertio,
748 1425 889 1478 unde
921 1425 1123 1478 fuerint
1158 1425 1357 1481 tunica:
1406 1425 1512 1481 illae
1559 1432 1909 1494 comparatae,

327 1514 633 1583 Gregorius
670 1512 999 1583 Thcologus,
1049 1526 1255 1573 etcum
1299 1530 1365 1569 eo
1397 1517 1490 1569 alii
1524 1516 1613 1583 qui
1651 1516 1911 1573 arborum

326 1609 563 1660 cortices
604 1604 774 1659 fuisse
832 1606 1058 1675 volunt;
1096 1607 1323 1673 arbores
1376 1606 1716 1678 deglubiisse
1768 1604 1911 1659 Ada-

329 1716 478 1753 mum
512 1706 567 1750 et
595 1694 758 1749 Eram
798 1697 986 1751 dicunt
1020 1715 1035 1752 :
1071 1707 1326 1751 cmterum
1354 1697 1561 1757 Mosem
1594 1698 1715 1753 ideo
1739 1696 1911 1751 factas

333 1806 454 1845 esse
479 1805 508 1842 a
541 1787 651 1843 Deo
678 1789 886 1853 dicere,
911 1790 1035 1856 quia
1070 1790 1153 1843 hic
1179 1790 1288 1844 illis
1325 1792 1379 1844 in
1413 1800 1650 1844 mentem
1685 1789 1911 1845 immisit

342 1895 402 1939 ut
440 1888 690 1937 arborum
748 1883 1047 1946 corticibus
1089 1896 1150 1945 se
1185 1881 1474 1947 venirent.
1514 1882 1583 1936 At
1612 1881 1913 1952 Gregorius

344 1974 627 2045 Nyssaenus
657 1984 711 2029 et
742 1974 1079 2031 Philoxenus
1100 2014 1115 2039 ,
1147 1990 1382 2053 quorum
1437 1973 1773 2031 sententiam
1804 1989 1913 2027 nu-

334 2083 427 2136 per
461 2068 854 2131 recitarimus,
908 2067 1061 2127 aiunt
1113 2081 1175 2120 ea
1224 2066 1365 2119 mala
1416 2066 1625 2136 primos
1657 2075 1912 2137 parentes

330 2162 483 2229 (quia
535 2159 767 2230 peccati,
832 2172 861 2211 a
920 2157 1028 2212 Deo
1059 2157 1307 2211 damnati
1335 2157 1542 2227 essent)
1608 2156 1912 2224 invasisse;

331 2251 504 2320 idque
559 2267 683 2307 esse
738 2249 882 2321 quod
938 2249 1116 2304 Moses
1166 2249 1378 2315 scribit,
1441 2250 1606 2305 Deum
1673 2250 1917 2305 induisse

329 2345 453 2398 illos
476 2360 572 2398 eas
606 2343 843 2397 tunicas.
879 2341 1126 2412 Denique
1160 2344 1501 2401 Athanasius
1556 2352 1612 2398 et
1647 2343 1917 2398 dominus

330 2437 603 2506 Ephrem,
644 2436 739 2507 qui
773 2434 1096 2489 animalium
1150 2436 1320 2513 p=-lles
1378 2435 1549 2499 fuisse
1601 2446 1913 2505 autumant,

329 2529 541 2592 dicunt,
591 2527 844 2581 mactatis
886 2541 979 2581 eas
1028 2526 1328 2595 pecudibus
1359 2526 1665 2583 detraxisse
1708 2528 1916 2597 primos

331 2630 592 2692 parentes
650 2628 816 2689 atque
860 2606 1221 2675 concinnasse
1270 2620 1325 2674 in
1370 2629 1576 2679 vestem
1610 2620 1702 2674 Dei
1759 2631 1916 2677 nutu.

333 2713 620 2766 Postremo
643 2710 896 2764 dominus
927 2708 1168 2764 Jacobus
1200 2707 1532 2781 Sarugensis
1559 2710 1713 2774 dicit,
1745 2710 1914 2766 Deum

332 2821 396 2861 ea
427 2805 747 2857 indumenta
788 2819 853 2856 ex
905 2804 1078 2857 nihilo
1109 2804 1409 2863 creavisse.
1454 2804 1657 2858 Scribit
1684 2806 1829 2869 enim
1861 2804 1917 2859 in

334 2899 451 2951 hzrc
499 2896 659 2950 verba
693 2894 1026 2949 :Contexuit
1058 2895 1270 2950 tunicas
1296 2911 1362 2950 ex
1399 2896 1593 2959 nihilo,
1619 2906 1673 2951 et
1697 2896 1915 2951 vestivit

333 2992 504 3059 ipsos.
530 2989 594 3042 Et
619 3004 806 3041 rursus
836 2987 1027 3054 :Quia,
1055 2988 1252 3057 inquit,
1279 2998 1425 3043 tactu
1457 2988 1621 3043 rudes
1644 2998 1696 3045 et
1718 3005 1919 3045 crassae

333 3092 512 3153 erant,
551 3081 844 3153 appellavit
875 3081 1073 3150 pelles;
1111 3086 1348 3135 attexuit
1386 3089 1567 3135 autem
1604 3082 1751 3152 ipsas
1778 3098 1915 3153 pau-
1942 3121 1991 3183 Ο

334 3175 487 3229 latim
524 3175 848 3243 corporibus
882 3175 1148 3244 ipsorum,
1182 3188 1284 3227 suo
1332 3182 1465 3231 nutu
1493 3182 1658 3242 atque
1687 3174 1758 3227 ita
1786 3173 1915 3228 dum

336 3283 443 3320 non
494 3267 741 3321 sentiunt
784 3254 1087 3320 induuntur
1133 3266 1358 3330 tunicis,
1392 3266 1488 3320 sed
1539 3281 1633 3320 eas
1665 3264 1777 3333 jam
1822 3281 1919 3319 ve-

334 3356 447 3411 stiti
485 3356 671 3409 vident
732 3356 971 3409 tandem.
1032 3354 1202 3409 Porro
1257 3370 1356 3410 nos
1412 3371 1536 3409 cum
1597 3356 1921 3420 Athanasio,

337 3459 506 3517 atque
540 3447 767 3501 domino
807 3446 1043 3515 Ephrem
1074 3462 1365 3502 censemus
1397 3448 1716 3502 animalium
1752 3449 1921 3519 pelles

338 3543 533 3595 fuisse.
574 3539 633 3593 Si
664 3554 794 3593 vero
826 3540 877 3592 id
928 3540 1258 3610 redarguere
1310 3542 1434 3611 quis
1491 3548 1744 3606 conetur,
1795 3541 1924 3610 quia

339 3634 556 3688 nullum
593 3633 797 3685 animal
850 3632 1087 3702 iugulari
1148 3633 1327 3688 adhuc
1360 3634 1617 3703 potuerit,
1647 3634 1865 3703 quando
1896 3648 1927 3688 e

337 3726 573 3796 singulis
604 3726 897 3792 generibus
952 3740 1051 3794 par
1097 3726 1316 3779 unicum
1372 3727 1654 3781 conditum
1714 3725 1920 3789 fuerat,

341 3832 519 3887 eoque
552 3817 671 3871 sine
719 3817 935 3885 generis
968 3818 1133 3881 unius
1168 3817 1394 3871 interitu
1452 3818 1657 3873 nullum
1722 3817 1924 3871 animal

349 3918 645 3962 mactatum
690 3907 917 3973 fuisset;
956 3924 1218 3977 negamus
1249 3910 1471 3969 unicum
1519 3910 1785 3975 duntaxat
1831 3926 1927 3980 par

351 4001 405 4054 in
437 4001 769 4054 animalium
815 4002 1109 4069 generibus
1156 4002 1390 4071 singulis
1442 4001 1611 4057 fuisse
1647 4002 1926 4069 ellectutn,

343 4110 523 4163 neque
548 4094 695 4161 enim
732 4094 835 4149 hoc
873 4096 1049 4149 sacris
1080 4094 1301 4150 Litteris
1329 4098 1600 4173 proditum
1621 4107 1722 4151 cst.
1744 4096 1931 4157 Enim-

343 4202 475 4241 vero
521 4187 661 4253 Deus
687 4187 778 4256 qui
827 4188 1077 4258 permisit
1110 4189 1308 4243 Adami
1341 4188 1573 4253 arbitrio
1610 4199 1670 4244 ut
1704 4204 1937 4259 peccare

345 4290 559 4350 posset,
612 4294 858 4349 cpusque
916 4280 1138 4345 haberet
1211 4280 1535 4347 indumento
1568 4319 1586 4347 ,
1655 4287 1933 4335 creaverat

343 4375 635 4441 complura
666 4372 918 4437 animalia
947 4389 963 4439 ;
997 4388 1230 4447 cumque
1270 4374 1363 4427 ille
1397 4372 1598 4426 violata
1650 4372 1769 4443 lege
1801 4388 1929 4443 pec-.-

2016 1055 2108 1110 hic
2134 1054 2395 1119 dicimus,
2427 1061 2486 1113 ut
2515 1052 2834 1131 augustiore
2869 1061 3034 1121 atque
3079 1051 3414 1119 elegantiora
3441 1052 3591 1113 cultu

2014 1156 2217 1212 essent.
2245 1162 2422 1219 eoque
2449 1162 2478 1207 ιι
2510 1147 2684 1211 brutis
2722 1146 3098 1209 animantibus
3120 1147 3439 1213 differrent;
3475 1156 3592 1202 tum

2014 1240 2180 1303 etiam
2214 1248 2271 1303 ut
2291 1226 2487 1301 armati
2518 1247 2702 1299 essent
2732 1237 2999 1299 adversus
3031 1239 3332 1310 l'rigora,et
3358 1248 3590 1304 ustum;

2015 1332 2227 1395 adhere.
2288 1340 2345 1395 ιιι
2398 1331 2633 1389 laterent
2686 1330 2933 1385 libidinis
2992 1330 3357 1393 irritamenta,
3394 1328 3460 1385 Et
3517 1332 3597 1386 ait

2018 1423 2274 1483 Dominus
2305 1423 2446 1485 Deus
2484 1441 2496 1485 ;
2527 1421 2608 1486 Eu
2645 1421 2817 1485 Adam
2849 1422 3025 1497 factus
3050 1431 3127 1476 est
3152 1431 3209 1476 ut
3232 1440 3369 1481 unus
3391 1440 3417 1478 θ
3441 1424 3593 1483 nobis

2013 1520 2069 1573 in
2097 1518 2448 1595 cognoscendo
2474 1516 2607 1575 bono
2629 1526 2677 1569 et
2702 1515 2868 1575 malo.
2895 1514 3265 1585 Contemptim
3300 1524 3357 1571 et
3389 1516 3598 1577 irouico

2014 1609 2130 1665 haec
2161 1626 2190 1673 a
2224 1609 2335 1669 Deo
2359 1609 2618 1673 dicuntur
2645 1608 2712 1667 de
2733 1607 2942 1662 Adamo
2969 1608 3063 1678 qui
3089 1609 3355 1665 daemonis
3385 1607 3597 1663 fallaci-

2016 1701 2120 1757 bus
2144 1700 2327 1757 verbis
2373 1700 2693 1761 auscultans
2730 1712 2923 1769 captus
2974 1698 3186 1766 fuerat;
3225 1701 3370 1755 sicut
3432 1700 3598 1756 David

2016 1789 2226 1850 inducit
2257 1787 2425 1859 Deum
2466 1787 2857 1857 despicientem
2896 1797 3087 1855 gentes
3135 1802 3257 1856 quae
3307 1786 3599 1841 adversum

2020 1897 2083 1941 se
2142 1882 2563 1943 insurrexerant
2605 1895 2619 1943 ;
2659 1877 2764 1944 Qui
2793 1878 2960 1941 sedet,
2996 1879 3254 1946 inquiens
3279 1918 3294 1940 ,
3344 1879 3402 1935 in
3453 1877 3601 1932 cwlis

2014 1973 2294 2037 deridebit,
2318 1980 2366 2026 et
2404 1968 2871 2031 Dominusillttdet
2900 1970 3030 2040 ipsis
3054 1969 3125 2022 ⁷⁸.
3165 1966 3301 2027 Nam
3339 1983 3435 2039 per
3475 1968 3603 2023 illu-

2016 2067 2272 2132 sionem,
2344 2074 2509 2143 atque
2576 2062 2880 2139 der-idene,
2948 2062 3025 2121 ait
3062 2061 3336 2117 accidisse
3391 2060 3604 2115 Adamo

2017 2158 2283 2232 quidquid
2317 2155 2549 2215 Satanas
2587 2156 2692 2233 ipsi
2724 2155 3056 2223 promiserat
3086 2172 3099 2208 :
3131 2164 3189 2209 ut
3233 2154 3326 2224 qui
3370 2156 3484 2223 jam
3519 2154 3599 2208 si-

2016 2236 2161 2319 milis
2184 2252 2421 2319 deorum
2453 2249 2694 2319 cuipiam
2738 2247 2923 2307 lactus
2956 2247 3065 2312 sit;
3099 2246 3314 2301 scilicet
3344 2245 3438 2316 qui
3481 2261 3605 2316 quas

2017 2349 2161 2415 bona
2204 2346 2456 2416 malaque
2472 2354 2623 2413 sunt,
2647 2344 2864 2421 cognita
2896 2341 3111 2399 habeat.
3136 2339 3407 2395 Cmtcrum
3444 2354 3607 2394 usur-

2018 2450 2110 2513 pat
2130 2440 2397 2519 pluralem
2433 2451 2746 2499 numerum,
2778 2445 2831 2489 ut
2875 2450 3012 2488 unus
3045 2448 3071 2487 e
3116 2431 3291 2497 nobis,
3324 2432 3605 2503 inquiens,

2019 2536 2142 2589 sive
2191 2540 2416 2603 propter
2447 2528 2737 2583 Trinitatis
2788 2534 3201 2584 sacrosanctum
3259 2524 3597 2597 InySIerium,

2019 2627 2136 2683 sive
2165 2627 2295 2703 quia
2319 2623 2574 2685 diabolus
2609 2621 2801 2683 itidem
2837 2620 3034 2695 plurali
3071 2635 3304 2676 numero
3334 2618 3548 2677 dixerat
3580 2630 3594 2667 :

2022 2719 2190 2785 Eritis
2215 2719 2353 2781 sicut
2378 2716 2483 2787 dii,
2511 2716 2733 2775 scientes
2755 2714 2879 2769 boni
2908 2722 2957 2771 et
2990 2714 3139 2769 ntali.
3178 2710 3415 2771 Possunt
3441 2711 3605 2765 etiam

2021 2814 2137 2873 haec
2186 2811 2350 2866 verba
2400 2824 2498 2880 pro
2540 2823 2606 2865 ea
2638 2806 3046 2865 consuetudine
3077 2805 3221 2863 dicta
3260 2802 3460 2875 accipi,
3494 2818 3606 2869 qua

2020 2907 2199 2973 solent
2228 2903 2476 2958 homines
2507 2900 2719 2957 domini
2748 2914 2941 2961 servos
2982 2914 3115 2953 suos
3148 2913 3196 2952 at
3216 2897 3346 2952 erbe
3380 2894 3605 2964 alloqui,

2020 3000 2069 3055 si
2106 2996 2329 3069 quando
2348 3003 2707 3055 contumaces
2737 2992 2990 3057 Conferre
3022 3008 3081 3048 se
3110 3006 3205 3061 per
3246 2990 3608 3046 temeritatem

2020 3107 2146 3147 cum
2191 3092 2324 3161 ipsis
2362 3089 2586 3147 audent.
2643 3088 2840 3143 Dicunt
2869 3085 3016 3145 enim
3053 3103 3069 3147 ς
3100 3084 3179 3147 En
3205 3083 3318 3153 jam
3351 3081 3483 3137 mihi
3513 3094 3611 3149 par

2025 3183 2269 3241 evasisti.
2307 3182 2616 3243 Adversum
2667 3180 2815 3236 enim
2848 3178 3004 3249 jussa
3047 3175 3324 3235 eﬂcctoris
3379 3173 3465 3231 sui
3517 3171 3611 3226 Dei

2024 3278 2269 3331 Adamus
2303 3276 2529 3337 fecerat,
2565 3273 2959 3343 cupiveratth
2990 3271 3065 3325 illi
3095 3269 3321 3340 aequalis
3354 3267 3611 3324 evadere.

2025 3369 2157 3441 Tale
2186 3370 2349 3425 etiam
2388 3368 2521 3425 illud
2556 3366 2763 3423 Christi
2788 3374 2874 3429 est
2902 3366 2969 3420 ad
2996 3362 3191 3419 Judam
3228 3363 3605 3433 proditorem:

2027 3462 2193 3533 Cujus
2224 3468 2300 3527 ret
2326 3478 2490 3519 causa
2514 3461 2722 3525 uenisti,
2751 3460 2888 3514 socie
2926 3460 2996 3515 sui
3019 3458 3103 3511 ὀἳ
3134 3457 3368 3517 Possunt
3396 3462 3617 3523 prater-

2028 3571 2091 3614 ca
2121 3556 2173 3609 in
2211 3554 2357 3610 hanc
2412 3568 2633 3624 quoque
2673 3548 3367 3621 interpretatisententiam
3405 3544 3612 3605 :Adam

2028 3658 2318 3719 postquam
2343 3646 2544 3709 editde
2575 3644 2775 3705 arbore
2811 3646 2999 3707 vetita,
3035 3642 3149 3709 ipsa
3171 3638 3249 3697 rei
3274 3635 3614 3705 experientia

2028 3739 2221 3801 didicit
2269 3736 2402 3806 quid
2461 3737 2666 3799 bonum
2697 3742 2843 3795 esset
2874 3743 2928 3789 et.
2966 3733 3097 3802 quid
3134 3731 3360 3793 malum,
3387 3728 3534 3784 sicut
3560 3736 3617 3781 ct

2033 3828 2177 3895 Deus
2225 3828 2313 3889 illa
2344 3827 2563 3896 cognita
2603 3826 2803 3890 habet;
2867 3838 2974 3884 non
3005 3823 3234 3893 quidem
3266 3821 3355 3875 hic
3391 3832 3487 3889 per
3515 3833 3616 3871 ex-

2033 3919 2381 3991 perientiam,
2429 3918 2523 3981 sed
2567 3925 2625 3979 ut
2656 3916 2704 3975 is
2736 3916 2829 3985 qui
2874 3916 3056 3975 omnia
3087 3913 3277 3976 novit,
3312 3909 3609 3980 praeterita,

2032 4011 2345 4084 pra-sentin,
2404 4008 2613 4069 futura.
2658 4007 2901 4069 Adamus
2930 4006 3077 4067 enim
3128 4004 3449 4075 priusquam
3500 4000 3618 4055 fru-

2035 4116 2181 4159 ctum
2218 4119 2324 4173 quo
2366 4101 2469 4165 sibi
2517 4101 2875 4161 interdictum
2906 4108 3044 4164 erat,
3081 4105 3373 4163 gustasset,
3406 4109 3500 4164 per
3528 4105 3620 4146 so-

2039 4198 2152 4263 lam
2204 4192 2597 4264 cogitationem
2645 4190 2985 4263 intelligebat
3030 4188 3161 4257 quid
3211 4185 3423 4243 bonum
3448 4189 3617 4246 esset,

2036 4288 2277 4357 quidque
2331 4286 2561 4348 malum,
2596 4294 2717 4354 post
2752 4298 2883 4345 vero
2911 4297 3004 4351 per
3041 4281 3214 4349 ipsam
3249 4280 3419 4355 etiam
3449 4288 3621 4344 expe-

2041 4379 2288 4441 rientiam
2317 4397 2331 4431 :
2365 4377 2461 4433 sed
2486 4376 2630 4437 Deus
2658 4374 3017 4435 exactissime
3062 4382 3228 4439 atque
3264 4369 3458 4427 intime
3490 4382 3614 4421 om-

348 4474 533 4521 casset
584 4466 819 4531 humana
851 4481 910 4520 se
957 4467 1140 4535 specie
1184 4466 1377 4543 primis
1403 4467 1721 4541 parentibus
1746 4475 1929 4522 osten-
1955 4479 2009 4551 ῃ
2040 4469 2133 4531 uia
2192 4467 2477 4539 cognoscit
2522 4482 2647 4525 cum
2709 4466 2782 4529 sit
2829 4463 3083 4523 conditor
3124 4462 3459 4529 ell'ectorque
3506 4470 3622 4509 0m-

342 4561 505 4623 dcns,
547 4558 723 4613 induit
760 4561 907 4628 ipsos
930 4560 1120 4635 pelles,
1162 4560 1281 4614 solo
1312 4560 1432 4639 ejus
1458 4569 1589 4625 nutu
1621 4560 1931 4630 pecudibus

346 4655 662 4719 detractas;
700 4662 862 4724 atque
893 4654 1080 4717 verbo,
1112 4653 1175 4707 in
1196 4653 1409 4721 tunicas
1440 4652 1842 4713 conformatas.
1874 4655 1943 4719 Et,

354 4759 487 4798 vero
553 4745 810 4800 dominus
868 4744 1103 4815 Ephrem
1156 4744 1233 4800 ait
1300 4745 1532 4800 fortasse
1580 4762 1763 4807 coram
1831 4745 1937 4813 illis

356 4836 625 4911 iugulatus
657 4853 781 4892 esse
803 4838 1062 4907 pecudes,
1088 4847 1147 4892 ut
1180 4854 1369 4903 earum
1400 4854 1596 4893 carnes
1624 4839 1723 4907 ipsi
1759 4854 1938 4903 γθευοτ

362 4934 564 4991 rentur,
639 4927 919 4995 coriisque
985 4928 1286 4983 nuditatem
1349 4944 1504 4982 suam
1569 4930 1938 4998 cooperirent,

352 5016 589 5087 denique
619 5035 686 5073 ex
734 5020 975 5089 ipSarum
1009 5033 1183 5075 morte
1214 5037 1271 5075 se
1303 5038 1523 5093 quoque
1558 5023 1806 5083 mortalia
1838 5023 1936 5085 ha-

347 5110 477 5163 bere
509 5127 743 5180 corpora
776 5112 1163 5183 intelligerent.
1202 5113 1295 5173 Est
1325 5131 1488 5184 porro
1521 5126 1576 5170 et
1608 5117 1710 5175 hoc
1740 5128 1935 5171 noxan-

346 5203 648 5265 dum,esse
682 5219 745 5257 ex
779 5203 1135 5270 interpretum
1170 5222 1399 5260 numero
1415 5206 1696 5274 quidicat,
1719 5206 1845 5260 inde
1870 5207 1939 5269 ab

349 5293 567 5347 Adamn
598 5306 651 5349 et
688 5295 794 5355 Eva
836 5308 1066 5351 cunctos
1111 5299 1372 5363 mortales
1402 5299 1634 5370 pellibus
1684 5299 1938 5359 animan-

351 5389 495 5441 tium
527 5387 754 5442 vestitos
790 5388 964 5447 fuisse
998 5389 1065 5444 ad
1105 5389 1382 5457 inventam
1413 5406 1584 5460 usque
1609 5392 1677 5445 ab
1703 5391 1939 5448 hominis

422 5545 471 5577 "
506 5545 653 5603 Psal.
699 5565 759 5615 tt,
802 5548 891 5605 40.
969 5548 1014 5589 '-°
1059 5546 1249 5603 Matth.
1300 5563 1448 5616 xxvt,
1488 5548 1580 5603 50.

2040 4559 2219 4625 nium.
2253 4556 2498 4633 Denique
2520 4556 2596 4619 ita
2628 4570 2927 4626 possumus
2960 4552 3268 4623 intelligere
3300 4549 3449 4603 dicta
3496 4546 3623 4609 ista,

2036 4665 2101 4713 ac.
2127 4652 2175 4715 si
2210 4649 2358 4715 Deus
2406 4650 2523 4718 ipse
2572 4656 2799 4709 aet-uiset
2834 4647 3171 4701 voluntatem
3220 4639 3622 4705 arbitriumque

2036 4742 2233 4805 Adami
2254 4742 2344 4819 qui
2376 4739 2713 4803 aﬂectavcrit
2738 4737 2879 4801 Deus
2901 4751 3045 4800 esse,
3073 4733 3219 4803 quod
3251 4731 3363 4785 ﬁeri
3393 4742 3623 4798 prorsus

2040 4835 2329 4903 nequiret;
2367 4848 2491 4895 nam
2521 4829 2836 4891 mortaliqu
2869 4842 3028 4885 nemo
3060 4839 3153 4893 per
3183 4830 3364 4877 tantas
3391 4821 3620 4873 virtutes

2038 4928 2215 4989 vitant
2260 4941 2423 4996 agere
2464 4933 2667 4999 potest;
2709 4932 2771 4983 ut
2806 4919 2905 4981 Dei
2962 4929 3218 4981 naturam
3267 4920 3619 4980 assequatur.

2036 5017 2157 5085 Erit
2188 5017 2373 5086 itaque
2423 5016 2510 5077 hie
2542 5015 2841 5075 verborum
2871 5025 3067 5071 sensus
3100 5024 3114 5061 :
3160 5007 3237 5061 En
3276 5005 3449 5058 Adam
3468 5001 3623 5069 cupi-

2036 5111 2115 5175 vit
2143 5111 2359 5181 quidem
2392 5124 2516 5163 esse
2545 5108 2727 5177 qualis.
2744 5122 2888 5167 unus
2917 5115 3189 5162 nostrum.
3220 5113 3408 5156 verum
3438 5109 3615 5163 neque

2037 5202 2219 5269 [actus
2244 5212 2349 5266 est,
2396 5216 2461 5255 ac
2492 5216 2669 5270 neque
2714 5199 2878 5253 etiam
2909 5210 2970 5253 ut
3020 5196 3112 5254 tiat
3155 5193 3240 5247 fas
3273 5199 3377 5246 est.
3433 5190 3621 5255 Itaque

2039 5297 2177 5357 illud
2216 5314 2230 5350 :
2264 5294 2349 5349 En
2383 5296 2558 5369 [actus
2591 5305 2691 5359 est,
2750 5292 2975 5363 perinde
3020 5295 3126 5345 erit
3160 5303 3225 5344 ac
3276 5288 3321 5342 si
3377 5284 3622 5352 negatire

2038 5392 2194 5451 dicas
2230 5409 2243 5445 :
2279 5388 2406 5448 Non
2450 5399 2534 5459 est
2559 5389 2738 5455 factus
2767 5397 2826 5445 ut
2856 5402 3004 5449 unus
3032 5395 3301 5442 nostrum.
3327 5379 3453 5434 Jam
3479 5392 3621 5440 tero,

426 5690 543 5758 (ἐϋ)
573 5690 692 5759 Syri
731 5702 929 5746 vocant
970 5691 1232 5754 tunicam,
1273 5692 1580 5752 Cttt/mlllto,
1618 5692 1686 5743 ah
1710 5691 1934 5749 llcbrwo
1999 5696 2282 5760 vocabulo,
2326 5694 2598 5760 Cclonetli,
2672 5694 2787 5750 sive
2840 5690 3153 5759 Gntloncth,
3191 5706 3220 5745 a
3250 5704 3355 5761 quo
3383 5698 3434 5745 ct
3466 5685 3621 5743 Cum

350 5777 477 5817 cum
508 5761 673 5829 χιτῶν
710 5773 895 5817 natum
929 5775 1033 5828 est,
1066 5771 1121 5815 ut
1155 5781 1251 5831 rgo
1280 5772 1425 5819 crt‘tt:
1451 5764 1707 5832 coniicio.
