  <div class='ocr_page' id='page_1' title='image "/cluster/home/n/w/nwhite01/storage/ocr_20150623/111/coo.31924054870153/297.png"; bbox 0 0 4086 6476; ppageno 0'>
   <div class='ocr_carea' id='block_1_1' title="bbox 385 363 492 425">
    <p class='ocr_par' dir='ltr' id='par_1_1' title="bbox 385 363 492 425">
     <span class='ocr_line' id='line_1_1' title="bbox 385 363 492 425; baseline 0.009 -1"><span class='ocrx_word' id='word_1_1' title='bbox 385 363 492 425; x_wconf 75' lang='lat'><strong>575</strong></span> 
     </span>
    </p>
   </div>
   <div class='ocr_carea' id='block_1_2' title="bbox 1677 363 2382 432">
    <p class='ocr_par' dir='ltr' id='par_1_2' title="bbox 1677 363 2382 432">
     <span class='ocr_line' id='line_1_2' title="bbox 1677 363 2382 432; baseline 0.011 -8"><span class='ocrx_word' id='word_1_2' title='bbox 1677 363 1904 426; x_wconf 79' lang='lat' dir='ltr'><strong>MOSIS</strong></span> <span class='ocrx_word' id='word_1_3' title='bbox 1942 368 2095 429; x_wconf 74' lang='grc' dir='ltr'><strong>ΒΑΗ</strong></span> <span class='ocrx_word' id='word_1_4' title='bbox 2136 372 2382 432; x_wconf 81' lang='lat' dir='ltr'><strong>CEPHA</strong></span> 
     </span>
    </p>
   </div>
   <div class='ocr_carea' id='block_1_3' title="bbox 3554 373 3660 437">
    <p class='ocr_par' dir='ltr' id='par_1_3' title="bbox 3554 373 3660 437">
     <span class='ocr_line' id='line_1_3' title="bbox 3554 373 3660 437; baseline 0.009 -1"><span class='ocrx_word' id='word_1_5' title='bbox 3554 373 3660 437; x_wconf 74' lang='lat'><strong>576</strong></span> 
     </span>
    </p>
   </div>
   <div class='ocr_carea' id='block_1_4' title="bbox 378 474 3661 554">
    <p class='ocr_par' dir='ltr' id='par_1_4' title="bbox 378 474 3661 554">
     <span class='ocr_line' id='line_1_4' title="bbox 378 474 3661 554; baseline 0.001 -22"><span class='ocrx_word' id='word_1_6' title='bbox 378 474 630 548; x_wconf 73' lang='lat' dir='ltr'><strong>fortassis</strong></span> <span class='ocrx_word' id='word_1_7' title='bbox 661 477 910 532; x_wconf 73' lang='lat' dir='ltr'><strong>extendat</strong></span> <span class='ocrx_word' id='word_1_8' title='bbox 942 493 1157 530; x_wconf 85' lang='lat' dir='ltr'><strong>manum</strong></span> <span class='ocrx_word' id='word_1_9' title='bbox 1185 494 1334 532; x_wconf 85' lang='lat' dir='ltr'><strong>suam</strong></span> <span class='ocrx_word' id='word_1_10' title='bbox 1374 487 1422 533; x_wconf 87' lang='lat' dir='ltr'><strong>et</strong></span> <span class='ocrx_word' id='word_1_11' title='bbox 1457 487 1636 533; x_wconf 91' lang='lat' dir='ltr'><strong>sumat</strong></span> <span class='ocrx_word' id='word_1_12' title='bbox 1683 480 1746 534; x_wconf 85' lang='lat' dir='ltr'><strong>de</strong></span> <span class='ocrx_word' id='word_1_13' title='bbox 1790 480 1980 537; x_wconf 86' lang='lat' dir='ltr'><strong>arbore</strong></span> <span class='ocrx_word' id='word_1_14' title='bbox 2007 485 2052 545; x_wconf 79' lang='grc' dir='ltr'><strong>Α</strong></span> <span class='ocrx_word' id='word_1_15' title='bbox 2081 492 2124 544; x_wconf 76' lang='lat' dir='ltr'><strong>si</strong></span> <span class='ocrx_word' id='word_1_16' title='bbox 2153 493 2218 546; x_wconf 68' lang='lat' dir='ltr'><strong>ad</strong></span> <span class='ocrx_word' id='word_1_17' title='bbox 2257 493 2505 547; x_wconf 64' lang='lat' dir='ltr'><strong>arborem</strong></span> <span class='ocrx_word' id='word_1_18' title='bbox 2545 493 2668 548; x_wconf 55' lang='lat' dir='ltr'><strong>vim</strong></span> <span class='ocrx_word' id='word_1_19' title='bbox 2707 492 2904 548; x_wconf 63' lang='lat' dir='ltr'><strong>fuisse;</strong></span> <span class='ocrx_word' id='word_1_20' title='bbox 2957 492 3264 554; x_wconf 62' lang='lat' dir='ltr'><strong>admissus,</strong></span> <span class='ocrx_word' id='word_1_21' title='bbox 3307 498 3498 544; x_wconf 75' lang='lat' dir='ltr'><strong>utnec</strong></span> <span class='ocrx_word' id='word_1_22' title='bbox 3534 489 3661 544; x_wconf 63' lang='lat' dir='ltr'><strong>vim;</strong></span> 
     </span>
    </p>
   </div>
   <div class='ocr_carea' id='block_1_5' title="bbox 378 570 1968 642">
    <p class='ocr_par' dir='ltr' id='par_1_5' title="bbox 378 570 1968 642">
     <span class='ocr_line' id='line_1_5' title="bbox 378 570 1968 642; baseline 0.002 -18"><span class='ocrx_word' id='word_1_23' title='bbox 378 573 502 625; x_wconf 68' lang='lat' dir='ltr'><strong>vita:</strong></span> <span class='ocrx_word' id='word_1_24' title='bbox 555 580 604 624; x_wconf 90' lang='lat' dir='ltr'><strong>et</strong></span> <span class='ocrx_word' id='word_1_25' title='bbox 631 572 747 625; x_wconf 88' lang='lat' dir='ltr'><strong>edat</strong></span> <span class='ocrx_word' id='word_1_26' title='bbox 780 587 841 624; x_wconf 84' lang='lat' dir='ltr'><strong>ac</strong></span> <span class='ocrx_word' id='word_1_27' title='bbox 880 573 1016 624; x_wconf 79' lang='lat' dir='ltr'><strong>vivat</strong></span> <span class='ocrx_word' id='word_1_28' title='bbox 1047 572 1102 624; x_wconf 85' lang='lat' dir='ltr'><strong>iu</strong></span> <span class='ocrx_word' id='word_1_29' title='bbox 1131 580 1405 626; x_wconf 80' lang='lat' dir='ltr'><strong>wtcrnum.</strong></span> <span class='ocrx_word' id='word_1_30' title='bbox 1435 570 1536 626; x_wconf 85' lang='lat' dir='ltr'><strong>Hic</strong></span> <span class='ocrx_word' id='word_1_31' title='bbox 1563 587 1726 627; x_wconf 89' lang='lat' dir='ltr'><strong>causa</strong></span> <span class='ocrx_word' id='word_1_32' title='bbox 1757 572 1968 642; x_wconf 82' lang='lat' dir='ltr'><strong>profer-</strong></span> 
     </span>
    </p>
   </div>
   <div class='ocr_carea' id='block_1_6' title="bbox 381 664 1967 734">
    <p class='ocr_par' dir='ltr' id='par_1_6' title="bbox 381 664 1967 734">
     <span class='ocr_line' id='line_1_6' title="bbox 381 664 1967 734; baseline 0.001 -16"><span class='ocrx_word' id='word_1_33' title='bbox 381 674 493 728; x_wconf 91' lang='lat' dir='ltr'><strong>tur,</strong></span> <span class='ocrx_word' id='word_1_34' title='bbox 520 679 622 717; x_wconf 92' lang='lat' dir='ltr'><strong>cur</strong></span> <span class='ocrx_word' id='word_1_35' title='bbox 655 677 763 716; x_wconf 92' lang='lat' dir='ltr'><strong>non</strong></span> <span class='ocrx_word' id='word_1_36' title='bbox 807 664 879 717; x_wconf 89' lang='lat' dir='ltr'><strong>sit</strong></span> <span class='ocrx_word' id='word_1_37' title='bbox 906 664 1130 718; x_wconf 90' lang='lat' dir='ltr'><strong>relictus</strong></span> <span class='ocrx_word' id='word_1_38' title='bbox 1159 664 1405 719; x_wconf 78' lang='lat' dir='ltr'><strong>Adamus</strong></span> <span class='ocrx_word' id='word_1_39' title='bbox 1436 664 1487 718; x_wconf 92' lang='lat' dir='ltr'><strong>in</strong></span> <span class='ocrx_word' id='word_1_40' title='bbox 1522 665 1785 734; x_wconf 83' lang='lat' dir='ltr'><strong>paradiso</strong></span> <span class='ocrx_word' id='word_1_41' title='bbox 1812 678 1967 734; x_wconf 86' lang='lat' dir='ltr'><strong>post-</strong></span> 
     </span>
    </p>
   </div>
   <div class='ocr_carea' id='block_1_7' title="bbox 382 753 1964 826">
    <p class='ocr_par' dir='ltr' id='par_1_7' title="bbox 382 753 1964 826">
     <span class='ocr_line' id='line_1_7' title="bbox 382 753 1964 826; baseline 0.003 -19"><span class='ocrx_word' id='word_1_42' title='bbox 382 770 546 825; x_wconf 86' lang='lat' dir='ltr'><strong>quam</strong></span> <span class='ocrx_word' id='word_1_43' title='bbox 576 755 867 809; x_wconf 87' lang='lat' dir='ltr'><strong>adversum</strong></span> <span class='ocrx_word' id='word_1_44' title='bbox 887 755 1054 824; x_wconf 81' lang='lat' dir='ltr'><strong>legem</strong></span> <span class='ocrx_word' id='word_1_45' title='bbox 1091 754 1186 808; x_wconf 86' lang='lat' dir='ltr'><strong>Dei</strong></span> <span class='ocrx_word' id='word_1_46' title='bbox 1222 753 1462 823; x_wconf 80' lang='lat' dir='ltr'><strong>fecisset,</strong></span> <span class='ocrx_word' id='word_1_47' title='bbox 1497 757 1964 826; x_wconf 90' lang='lat' dir='ltr'><strong>deliquissetquc;</strong></span> 
     </span>
    </p>
   </div>
   <div class='ocr_carea' id='block_1_8' title="bbox 381 847 1970 918">
    <p class='ocr_par' dir='ltr' id='par_1_8' title="bbox 381 847 1970 918">
     <span class='ocr_line' id='line_1_8' title="bbox 381 847 1970 918; baseline -0.001 -14"><span class='ocrx_word' id='word_1_48' title='bbox 381 857 579 918; x_wconf 79' lang='lat' dir='ltr'><strong>estque</strong></span> <span class='ocrx_word' id='word_1_49' title='bbox 633 848 725 903; x_wconf 89' lang='lat' dir='ltr'><strong>hic</strong></span> <span class='ocrx_word' id='word_1_50' title='bbox 766 847 987 902; x_wconf 75' lang='lat' dir='ltr'><strong>collatio</strong></span> <span class='ocrx_word' id='word_1_51' title='bbox 1023 847 1236 900; x_wconf 87' lang='lat' dir='ltr'><strong>arboris</strong></span> <span class='ocrx_word' id='word_1_52' title='bbox 1258 847 1382 900; x_wconf 63' lang='lat' dir='ltr'><strong>vitae</strong></span> <span class='ocrx_word' id='word_1_53' title='bbox 1411 863 1534 902; x_wconf 92' lang='lat' dir='ltr'><strong>cum</strong></span> <span class='ocrx_word' id='word_1_54' title='bbox 1569 848 1761 902; x_wconf 89' lang='lat' dir='ltr'><strong>arbore</strong></span> <span class='ocrx_word' id='word_1_55' title='bbox 1787 848 1970 902; x_wconf 88' lang='lat' dir='ltr'><strong>scien-</strong></span> 
     </span>
    </p>
   </div>
   <div class='ocr_carea' id='block_1_9' title="bbox 385 937 1967 1010">
    <p class='ocr_par' dir='ltr' id='par_1_9' title="bbox 385 937 1967 1010">
     <span class='ocr_line' id='line_1_9' title="bbox 385 937 1967 1010; baseline -0.004 -15"><span class='ocrx_word' id='word_1_56' title='bbox 385 941 515 1007; x_wconf 61' lang='lat' dir='ltr'><strong>tiae;</strong></span> <span class='ocrx_word' id='word_1_57' title='bbox 560 941 716 1010; x_wconf 88' lang='lat' dir='ltr'><strong>quasi</strong></span> <span class='ocrx_word' id='word_1_58' title='bbox 771 939 917 993; x_wconf 89' lang='lat' dir='ltr'><strong>dicat</strong></span> <span class='ocrx_word' id='word_1_59' title='bbox 970 937 1114 991; x_wconf 87' lang='lat' dir='ltr'><strong>Deus</strong></span> <span class='ocrx_word' id='word_1_60' title='bbox 1150 954 1166 992; x_wconf 74' lang='grc' dir='ltr'>ε</span> <span class='ocrx_word' id='word_1_61' title='bbox 1205 937 1358 991; x_wconf 83' lang='lat' dir='ltr'><strong>Sicut</strong></span> <span class='ocrx_word' id='word_1_62' title='bbox 1392 938 1673 1007; x_wconf 80' lang='lat' dir='ltr'><strong>protendit</strong></span> <span class='ocrx_word' id='word_1_63' title='bbox 1714 955 1967 1005; x_wconf 83' lang='lat' dir='ltr'><strong>manum,</strong></span> 
     </span>
    </p>
   </div>
   <div class='ocr_carea' id='block_1_10' title="bbox 387 1029 1971 1101">
    <p class='ocr_par' dir='ltr' id='par_1_10' title="bbox 387 1029 1971 1101">
     <span class='ocr_line' id='line_1_10' title="bbox 387 1029 1971 1101; baseline -0.001 -13"><span class='ocrx_word' id='word_1_64' title='bbox 387 1031 735 1100; x_wconf 81' lang='lat' dir='ltr'><strong>sumpsitque</strong></span> <span class='ocrx_word' id='word_1_65' title='bbox 770 1031 837 1084; x_wconf 90' lang='lat' dir='ltr'><strong>de</strong></span> <span class='ocrx_word' id='word_1_66' title='bbox 877 1030 1072 1083; x_wconf 82' lang='lat' dir='ltr'><strong>arbore</strong></span> <span class='ocrx_word' id='word_1_67' title='bbox 1101 1029 1346 1084; x_wconf 71' lang='lat' dir='ltr'><strong>scicntia:</strong></span> <span class='ocrx_word' id='word_1_68' title='bbox 1369 1037 1421 1083; x_wconf 90' lang='lat' dir='ltr'><strong>et</strong></span> <span class='ocrx_word' id='word_1_69' title='bbox 1450 1032 1710 1093; x_wconf 84' lang='lat' dir='ltr'><strong>comedit,</strong></span> <span class='ocrx_word' id='word_1_70' title='bbox 1748 1048 1852 1101; x_wconf 91' lang='lat' dir='ltr'><strong>qua</strong></span> <span class='ocrx_word' id='word_1_71' title='bbox 1884 1032 1971 1086; x_wconf 79' lang='lat' dir='ltr'><strong>in—</strong></span> 
     </span>
    </p>
   </div>
   <div class='ocr_carea' id='block_1_11' title="bbox 391 1122 1966 1194">
    <p class='ocr_par' dir='ltr' id='par_1_11' title="bbox 391 1122 1966 1194">
     <span class='ocr_line' id='line_1_11' title="bbox 391 1122 1966 1194; baseline 0.001 -16"><span class='ocrx_word' id='word_1_72' title='bbox 391 1123 718 1178; x_wconf 84' lang='lat' dir='ltr'><strong>terdixeram</strong></span> <span class='ocrx_word' id='word_1_73' title='bbox 751 1122 820 1182; x_wconf 86' lang='lat' dir='ltr'><strong>ei,</strong></span> <span class='ocrx_word' id='word_1_74' title='bbox 850 1129 1212 1190; x_wconf 90' lang='lat' dir='ltr'><strong>protensurus</strong></span> <span class='ocrx_word' id='word_1_75' title='bbox 1233 1131 1315 1175; x_wconf 90' lang='lat' dir='ltr'><strong>est</strong></span> <span class='ocrx_word' id='word_1_76' title='bbox 1338 1127 1966 1194; x_wconf 88' lang='lat' dir='ltr'><strong>manum,&#39;sumpturus-</strong></span> 
     </span>
    </p>
   </div>
   <div class='ocr_carea' id='block_1_12' title="bbox 386 1213 1971 1285">
    <p class='ocr_par' dir='ltr' id='par_1_12' title="bbox 386 1213 1971 1285">
     <span class='ocr_line' id='line_1_12' title="bbox 386 1213 1971 1285; baseline 0.002 -17"><span class='ocrx_word' id='word_1_77' title='bbox 386 1230 495 1284; x_wconf 92' lang='lat' dir='ltr'><strong>que</strong></span> <span class='ocrx_word' id='word_1_78' title='bbox 524 1213 686 1268; x_wconf 88' lang='lat' dir='ltr'><strong>etiam</strong></span> <span class='ocrx_word' id='word_1_79' title='bbox 718 1213 785 1267; x_wconf 92' lang='lat' dir='ltr'><strong>de</strong></span> <span class='ocrx_word' id='word_1_80' title='bbox 817 1216 1017 1268; x_wconf 90' lang='lat' dir='ltr'><strong>arbore</strong></span> <span class='ocrx_word' id='word_1_81' title='bbox 1039 1213 1162 1268; x_wconf 73' lang='lat' dir='ltr'><strong>vitae</strong></span> <span class='ocrx_word' id='word_1_82' title='bbox 1193 1221 1357 1284; x_wconf 90' lang='lat' dir='ltr'><strong>atque</strong></span> <span class='ocrx_word' id='word_1_83' title='bbox 1390 1230 1612 1282; x_wconf 89' lang='lat' dir='ltr'><strong>esurus,</strong></span> <span class='ocrx_word' id='word_1_84' title='bbox 1650 1231 1714 1270; x_wconf 85' lang='lat' dir='ltr'><strong>ac</strong></span> <span class='ocrx_word' id='word_1_85' title='bbox 1742 1217 1971 1285; x_wconf 85' lang='lat' dir='ltr'><strong>proinde</strong></span> 
     </span>
    </p>
   </div>
   <div class='ocr_carea' id='block_1_13' title="bbox 389 1306 1963 1379">
    <p class='ocr_par' dir='ltr' id='par_1_13' title="bbox 389 1306 1963 1379">
     <span class='ocr_line' id='line_1_13' title="bbox 389 1306 1963 1379; baseline 0.003 -19"><span class='ocrx_word' id='word_1_86' title='bbox 389 1306 639 1360; x_wconf 88' lang='lat' dir='ltr'><strong>victurus</strong></span> <span class='ocrx_word' id='word_1_87' title='bbox 681 1306 736 1358; x_wconf 92' lang='lat' dir='ltr'><strong>in</strong></span> <span class='ocrx_word' id='word_1_88' title='bbox 771 1314 1095 1375; x_wconf 89' lang='lat' dir='ltr'><strong>perpetuum</strong></span> <span class='ocrx_word' id='word_1_89' title='bbox 1129 1307 1174 1359; x_wconf 91' lang='lat' dir='ltr'><strong>si</strong></span> <span class='ocrx_word' id='word_1_90' title='bbox 1211 1307 1266 1360; x_wconf 90' lang='lat' dir='ltr'><strong>in</strong></span> <span class='ocrx_word' id='word_1_91' title='bbox 1296 1307 1550 1376; x_wconf 84' lang='lat' dir='ltr'><strong>paradiso</strong></span> <span class='ocrx_word' id='word_1_92' title='bbox 1594 1309 1963 1379; x_wconf 89' lang='lat' dir='ltr'><strong>relinquatur.</strong></span> 
     </span>
    </p>
   </div>
   <div class='ocr_carea' id='block_1_14' title="bbox 384 1397 1969 1470">
    <p class='ocr_par' dir='ltr' id='par_1_14' title="bbox 384 1397 1969 1470">
     <span class='ocr_line' id='line_1_14' title="bbox 384 1397 1969 1470; baseline 0.004 -19"><span class='ocrx_word' id='word_1_93' title='bbox 384 1397 519 1451; x_wconf 84' lang='lat' dir='ltr'><strong>Nam</strong></span> <span class='ocrx_word' id='word_1_94' title='bbox 556 1397 602 1452; x_wconf 90' lang='lat' dir='ltr'><strong>si</strong></span> <span class='ocrx_word' id='word_1_95' title='bbox 637 1397 859 1450; x_wconf 85' lang='lat' dir='ltr'><strong>vetitam</strong></span> <span class='ocrx_word' id='word_1_96' title='bbox 907 1399 1159 1452; x_wconf 83' lang='lat' dir='ltr'><strong>arborem</strong></span> <span class='ocrx_word' id='word_1_97' title='bbox 1210 1405 1456 1468; x_wconf 78' lang='lat' dir='ltr'><strong>tangere,</strong></span> <span class='ocrx_word' id='word_1_98' title='bbox 1495 1400 1753 1470; x_wconf 86' lang='lat' dir='ltr'><strong>vescique</strong></span> <span class='ocrx_word' id='word_1_99' title='bbox 1801 1417 1969 1458; x_wconf 88' lang='lat' dir='ltr'><strong>ausus</strong></span> 
     </span>
    </p>
   </div>
   <div class='ocr_carea' id='block_1_15' title="bbox 388 1489 1976 1562">
    <p class='ocr_par' dir='ltr' id='par_1_15' title="bbox 388 1489 1976 1562">
     <span class='ocr_line' id='line_1_15' title="bbox 388 1489 1976 1562; baseline 0.002 -18"><span class='ocrx_word' id='word_1_100' title='bbox 388 1500 495 1556; x_wconf 90' lang='lat' dir='ltr'><strong>est,</strong></span> <span class='ocrx_word' id='word_1_101' title='bbox 528 1499 734 1556; x_wconf 89' lang='lat' dir='ltr'><strong>quanto</strong></span> <span class='ocrx_word' id='word_1_102' title='bbox 771 1489 947 1559; x_wconf 79' lang='lat' dir='ltr'><strong>magis</strong></span> <span class='ocrx_word' id='word_1_103' title='bbox 986 1505 1097 1543; x_wconf 90' lang='lat' dir='ltr'><strong>non</strong></span> <span class='ocrx_word' id='word_1_104' title='bbox 1134 1490 1358 1544; x_wconf 86' lang='lat' dir='ltr'><strong>vetitam</strong></span> <span class='ocrx_word' id='word_1_105' title='bbox 1397 1491 1738 1562; x_wconf 86' lang='lat' dir='ltr'><strong>contingere,</strong></span> <span class='ocrx_word' id='word_1_106' title='bbox 1784 1492 1976 1547; x_wconf 90' lang='lat' dir='ltr'><strong>edere-</strong></span> 
     </span>
    </p>
   </div>
   <div class='ocr_carea' id='block_1_16' title="bbox 386 1579 1970 1652">
    <p class='ocr_par' dir='ltr' id='par_1_16' title="bbox 386 1579 1970 1652">
     <span class='ocr_line' id='line_1_16' title="bbox 386 1579 1970 1652; baseline 0.002 -18"><span class='ocrx_word' id='word_1_107' title='bbox 386 1598 492 1652; x_wconf 91' lang='lat' dir='ltr'><strong>que</strong></span> <span class='ocrx_word' id='word_1_108' title='bbox 515 1581 775 1634; x_wconf 82' lang='lat' dir='ltr'><strong>audebit?</strong></span> <span class='ocrx_word' id='word_1_109' title='bbox 804 1579 975 1634; x_wconf 77' lang='lat' dir='ltr'><strong>Porro</strong></span> <span class='ocrx_word' id='word_1_110' title='bbox 1008 1581 1138 1635; x_wconf 91' lang='lat' dir='ltr'><strong>illud</strong></span> <span class='ocrx_word' id='word_1_111' title='bbox 1175 1599 1188 1636; x_wconf 90' lang='lat'><strong>:</strong></span> <span class='ocrx_word' id='word_1_112' title='bbox 1225 1579 1308 1635; x_wconf 89' lang='lat' dir='ltr'><strong>Ne</strong></span> <span class='ocrx_word' id='word_1_113' title='bbox 1343 1583 1615 1652; x_wconf 77' lang='lat' dir='ltr'><strong>fortassis,</strong></span> <span class='ocrx_word' id='word_1_114' title='bbox 1669 1599 1781 1638; x_wconf 88' lang='lat' dir='ltr'><strong>non</strong></span> <span class='ocrx_word' id='word_1_115' title='bbox 1817 1585 1970 1639; x_wconf 87' lang='lat' dir='ltr'><strong>acci-</strong></span> 
     </span>
    </p>
   </div>
   <div class='ocr_carea' id='block_1_17' title="bbox 387 1675 1973 1746">
    <p class='ocr_par' dir='ltr' id='par_1_17' title="bbox 387 1675 1973 1746">
     <span class='ocr_line' id='line_1_17' title="bbox 387 1675 1973 1746; baseline 0.001 -18"><span class='ocrx_word' id='word_1_116' title='bbox 387 1675 645 1744; x_wconf 86' lang='lat' dir='ltr'><strong>piendum</strong></span> <span class='ocrx_word' id='word_1_117' title='bbox 681 1685 764 1730; x_wconf 89' lang='lat' dir='ltr'><strong>est</strong></span> <span class='ocrx_word' id='word_1_118' title='bbox 805 1676 962 1744; x_wconf 89' lang='lat' dir='ltr'><strong>quasi</strong></span> <span class='ocrx_word' id='word_1_119' title='bbox 994 1675 1157 1730; x_wconf 85' lang='lat' dir='ltr'><strong>dubie</strong></span> <span class='ocrx_word' id='word_1_120' title='bbox 1189 1675 1398 1729; x_wconf 90' lang='lat' dir='ltr'><strong>dictum</strong></span> <span class='ocrx_word' id='word_1_121' title='bbox 1431 1691 1460 1730; x_wconf 89' lang='lat' dir='ltr'><strong>a</strong></span> <span class='ocrx_word' id='word_1_122' title='bbox 1493 1675 1604 1731; x_wconf 85' lang='lat' dir='ltr'><strong>Deo</strong></span> <span class='ocrx_word' id='word_1_123' title='bbox 1627 1691 1788 1746; x_wconf 88' lang='lat' dir='ltr'><strong>quem</strong></span> <span class='ocrx_word' id='word_1_124' title='bbox 1834 1676 1973 1730; x_wconf 83' lang='lat' dir='ltr'><strong>nihil</strong></span> 
     </span>
    </p>
   </div>
   <div class='ocr_carea' id='block_1_18' title="bbox 389 1766 1971 1836">
    <p class='ocr_par' dir='ltr' id='par_1_18' title="bbox 389 1766 1971 1836">
     <span class='ocr_line' id='line_1_18' title="bbox 389 1766 1971 1836; baseline 0.001 -16"><span class='ocrx_word' id='word_1_125' title='bbox 389 1768 637 1820; x_wconf 91' lang='lat' dir='ltr'><strong>omnium</strong></span> <span class='ocrx_word' id='word_1_126' title='bbox 671 1767 825 1832; x_wconf 84' lang='lat' dir='ltr'><strong>latet,</strong></span> <span class='ocrx_word' id='word_1_127' title='bbox 859 1767 973 1820; x_wconf 82' lang='lat' dir='ltr'><strong>sive</strong></span> <span class='ocrx_word' id='word_1_128' title='bbox 1007 1766 1364 1835; x_wconf 83' lang='lat' dir='ltr'><strong>praeteritum,</strong></span> <span class='ocrx_word' id='word_1_129' title='bbox 1399 1769 1514 1821; x_wconf 86' lang='lat' dir='ltr'><strong>sive</strong></span> <span class='ocrx_word' id='word_1_130' title='bbox 1554 1782 1822 1836; x_wconf 84' lang='lat' dir='ltr'><strong>praesens,</strong></span> <span class='ocrx_word' id='word_1_131' title='bbox 1855 1769 1971 1822; x_wconf 87' lang='lat' dir='ltr'><strong>sive</strong></span> 
     </span>
    </p>
   </div>
   <div class='ocr_carea' id='block_1_19' title="bbox 2068 574 3660 652">
    <p class='ocr_par' dir='ltr' id='par_1_19' title="bbox 2068 574 3660 652">
     <span class='ocr_line' id='line_1_19' title="bbox 2068 574 3660 652; baseline 0.002 -19"><span class='ocrx_word' id='word_1_132' title='bbox 2068 574 2141 635; x_wconf 82' lang='lat' dir='ltr'><strong>ita</strong></span> <span class='ocrx_word' id='word_1_133' title='bbox 2207 598 2380 649; x_wconf 89' lang='lat' dir='ltr'><strong>neque</strong></span> <span class='ocrx_word' id='word_1_134' title='bbox 2437 584 2686 638; x_wconf 90' lang='lat' dir='ltr'><strong>dolorum</strong></span> <span class='ocrx_word' id='word_1_135' title='bbox 2741 597 3220 652; x_wconf 62' lang='lat' dir='ltr'><strong>aerumnarumque</strong></span> <span class='ocrx_word' id='word_1_136' title='bbox 3276 581 3479 650; x_wconf 86' lang='lat' dir='ltr'><strong>quibus</strong></span> <span class='ocrx_word' id='word_1_137' title='bbox 3537 580 3660 636; x_wconf 68' lang='lat' dir='ltr'><strong>haec</strong></span> 
     </span>
    </p>
   </div>
   <div class='ocr_carea' id='block_1_20' title="bbox 2067 671 3646 745">
    <p class='ocr_par' dir='ltr' id='par_1_20' title="bbox 2067 671 3646 745">
     <span class='ocr_line' id='line_1_20' title="bbox 2067 671 3646 745; baseline 0 -19"><span class='ocrx_word' id='word_1_138' title='bbox 2067 671 2264 728; x_wconf 77' lang='lat' dir='ltr'><strong>fuisset</strong></span> <span class='ocrx_word' id='word_1_139' title='bbox 2289 674 2467 744; x_wconf 89' lang='lat' dir='ltr'><strong>plena,</strong></span> <span class='ocrx_word' id='word_1_140' title='bbox 2489 691 2724 745; x_wconf 86' lang='lat' dir='ltr'><strong>unquam</strong></span> <span class='ocrx_word' id='word_1_141' title='bbox 2747 676 2906 730; x_wconf 83' lang='lat' dir='ltr'><strong>finem</strong></span> <span class='ocrx_word' id='word_1_142' title='bbox 2939 683 3227 729; x_wconf 71' lang='lat' dir='ltr'><strong>assecutus</strong></span> <span class='ocrx_word' id='word_1_143' title='bbox 3261 672 3457 728; x_wconf 81' lang='lat' dir='ltr'><strong>fuisset</strong></span> <span class='ocrx_word' id='word_1_144' title='bbox 3484 691 3499 738; x_wconf 95' lang='lat'><strong>;</strong></span> <span class='ocrx_word' id='word_1_145' title='bbox 3527 672 3646 740; x_wconf 87' lang='lat' dir='ltr'><strong>jatu</strong></span> 
     </span>
    </p>
   </div>
   <div class='ocr_carea' id='block_1_21' title="bbox 2074 763 3657 834">
    <p class='ocr_par' dir='ltr' id='par_1_21' title="bbox 2074 763 3657 834">
     <span class='ocr_line' id='line_1_21' title="bbox 2074 763 3657 834; baseline 0.001 -17"><span class='ocrx_word' id='word_1_146' title='bbox 2074 765 2220 817; x_wconf 90' lang='lat' dir='ltr'><strong>enim</strong></span> <span class='ocrx_word' id='word_1_147' title='bbox 2266 768 2714 834; x_wconf 80' lang='lat' dir='ltr'><strong>pronuntiaverat</strong></span> <span class='ocrx_word' id='word_1_148' title='bbox 2746 767 2911 831; x_wconf 87' lang='lat' dir='ltr'><strong>Deus,</strong></span> <span class='ocrx_word' id='word_1_149' title='bbox 2940 781 3066 820; x_wconf 92' lang='lat' dir='ltr'><strong>cum</strong></span> <span class='ocrx_word' id='word_1_150' title='bbox 3097 763 3378 820; x_wconf 89' lang='lat' dir='ltr'><strong>doloribus</strong></span> <span class='ocrx_word' id='word_1_151' title='bbox 3404 765 3657 818; x_wconf 79' lang='lat' dir='ltr'><strong>anxieta-</strong></span> 
     </span>
    </p>
   </div>
   <div class='ocr_carea' id='block_1_22' title="bbox 2068 847 3667 920">
    <p class='ocr_par' dir='ltr' id='par_1_22' title="bbox 2068 847 3667 920">
     <span class='ocr_line' id='line_1_22' title="bbox 2068 847 3667 920; baseline -0.001 -18"><span class='ocrx_word' id='word_1_152' title='bbox 2068 848 2324 919; x_wconf 89' lang='lat' dir='ltr'><strong>tihusque</strong></span> <span class='ocrx_word' id='word_1_153' title='bbox 2383 850 2534 904; x_wconf 75' lang='lat' dir='ltr'><strong>illum</strong></span> <span class='ocrx_word' id='word_1_154' title='bbox 2571 851 2842 904; x_wconf 83' lang='lat' dir='ltr'><strong>victurum</strong></span> <span class='ocrx_word' id='word_1_155' title='bbox 2886 866 2900 905; x_wconf 88' lang='lat'>:</span> <span class='ocrx_word' id='word_1_156' title='bbox 2939 865 3110 920; x_wconf 91' lang='lat' dir='ltr'><strong>quare</strong></span> <span class='ocrx_word' id='word_1_157' title='bbox 3145 849 3190 902; x_wconf 91' lang='lat' dir='ltr'><strong>si</strong></span> <span class='ocrx_word' id='word_1_158' title='bbox 3225 857 3426 902; x_wconf 86' lang='lat' dir='ltr'><strong>aeterna</strong></span> <span class='ocrx_word' id='word_1_159' title='bbox 3467 847 3667 901; x_wconf 81' lang='lat' dir='ltr'><strong>fuisset</strong></span> 
     </span>
    </p>
   </div>
   <div class='ocr_carea' id='block_1_23' title="bbox 2067 941 3664 1002">
    <p class='ocr_par' dir='ltr' id='par_1_23' title="bbox 2067 941 3664 1002">
     <span class='ocr_line' id='line_1_23' title="bbox 2067 941 3664 1002; baseline -0.001 -8"><span class='ocrx_word' id='word_1_160' title='bbox 2067 955 2130 994; x_wconf 88' lang='lat' dir='ltr'><strong>ea</strong></span> <span class='ocrx_word' id='word_1_161' title='bbox 2173 942 2302 1002; x_wconf 87' lang='lat' dir='ltr'><strong>vita.</strong></span> <span class='ocrx_word' id='word_1_162' title='bbox 2346 942 2581 997; x_wconf 85' lang='lat' dir='ltr'><strong>fuissent</strong></span> <span class='ocrx_word' id='word_1_163' title='bbox 2609 953 2663 997; x_wconf 92' lang='lat' dir='ltr'><strong>et</strong></span> <span class='ocrx_word' id='word_1_164' title='bbox 2712 942 2946 996; x_wconf 84' lang='lat' dir='ltr'><strong>miseriae</strong></span> <span class='ocrx_word' id='word_1_165' title='bbox 2980 941 3340 995; x_wconf 86' lang='lat' dir='ltr'><strong>immortales.</strong></span> <span class='ocrx_word' id='word_1_166' title='bbox 3392 941 3664 995; x_wconf 65' lang='lat' dir='ltr'><strong>Prmterea</strong></span> 
     </span>
    </p>
   </div>
   <div class='ocr_carea' id='block_1_24' title="bbox 2069 1031 3667 1096">
    <p class='ocr_par' dir='ltr' id='par_1_24' title="bbox 2069 1031 3667 1096">
     <span class='ocr_line' id='line_1_24' title="bbox 2069 1031 3667 1096; baseline -0.001 -11"><span class='ocrx_word' id='word_1_167' title='bbox 2069 1031 2191 1085; x_wconf 90' lang='lat' dir='ltr'><strong>ideo</strong></span> <span class='ocrx_word' id='word_1_168' title='bbox 2231 1033 2393 1086; x_wconf 89' lang='lat' dir='ltr'><strong>etiam</strong></span> <span class='ocrx_word' id='word_1_169' title='bbox 2443 1031 2512 1087; x_wconf 90' lang='lat' dir='ltr'><strong>ab</strong></span> <span class='ocrx_word' id='word_1_170' title='bbox 2540 1033 2738 1096; x_wconf 79' lang='lat' dir='ltr'><strong>arbore</strong></span> <span class='ocrx_word' id='word_1_171' title='bbox 2772 1035 2897 1087; x_wconf 75' lang='lat' dir='ltr'><strong>vita:</strong></span> <span class='ocrx_word' id='word_1_172' title='bbox 2931 1033 3081 1086; x_wconf 86' lang='lat' dir='ltr'><strong>illum</strong></span> <span class='ocrx_word' id='word_1_173' title='bbox 3137 1032 3381 1087; x_wconf 89' lang='lat' dir='ltr'><strong>coercuit</strong></span> <span class='ocrx_word' id='word_1_174' title='bbox 3444 1046 3513 1084; x_wconf 90' lang='lat' dir='ltr'><strong>ne</strong></span> <span class='ocrx_word' id='word_1_175' title='bbox 3559 1032 3667 1084; x_wconf 78' lang='lat' dir='ltr'><strong>im-</strong></span> 
     </span>
    </p>
   </div>
   <div class='ocr_carea' id='block_1_25' title="bbox 2068 1123 3668 1194">
    <p class='ocr_par' dir='ltr' id='par_1_25' title="bbox 2068 1123 3668 1194">
     <span class='ocr_line' id='line_1_25' title="bbox 2068 1123 3668 1194; baseline 0.001 -18"><span class='ocrx_word' id='word_1_176' title='bbox 2068 1124 2450 1177; x_wconf 81' lang='lat' dir='ltr'><strong>mortalitatem</strong></span> <span class='ocrx_word' id='word_1_177' title='bbox 2487 1126 2736 1194; x_wconf 90' lang='lat' dir='ltr'><strong>adeptus,</strong></span> <span class='ocrx_word' id='word_1_178' title='bbox 2763 1141 2856 1194; x_wconf 91' lang='lat' dir='ltr'><strong>per</strong></span> <span class='ocrx_word' id='word_1_179' title='bbox 2883 1123 3262 1180; x_wconf 83' lang='lat' dir='ltr'><strong>confidentiam</strong></span> <span class='ocrx_word' id='word_1_180' title='bbox 3285 1125 3514 1192; x_wconf 80' lang='lat' dir='ltr'><strong>agitaret</strong></span> <span class='ocrx_word' id='word_1_181' title='bbox 3545 1141 3668 1178; x_wconf 82' lang='lat' dir='ltr'><strong>om-</strong></span> 
     </span>
    </p>
   </div>
   <div class='ocr_carea' id='block_1_26' title="bbox 2069 1215 3664 1285">
    <p class='ocr_par' dir='ltr' id='par_1_26' title="bbox 2069 1215 3664 1285">
     <span class='ocr_line' id='line_1_26' title="bbox 2069 1215 3664 1285; baseline 0 -17"><span class='ocrx_word' id='word_1_182' title='bbox 2069 1229 2192 1268; x_wconf 89' lang='lat' dir='ltr'><strong>nem</strong></span> <span class='ocrx_word' id='word_1_183' title='bbox 2233 1215 2416 1280; x_wconf 88' lang='lat' dir='ltr'><strong>vitam,</strong></span> <span class='ocrx_word' id='word_1_184' title='bbox 2447 1219 2539 1270; x_wconf 91' lang='lat' dir='ltr'><strong>sed</strong></span> <span class='ocrx_word' id='word_1_185' title='bbox 2569 1217 2812 1271; x_wconf 87' lang='lat' dir='ltr'><strong>animum</strong></span> <span class='ocrx_word' id='word_1_186' title='bbox 2840 1218 2904 1270; x_wconf 91' lang='lat' dir='ltr'><strong>ad</strong></span> <span class='ocrx_word' id='word_1_187' title='bbox 2941 1216 3320 1285; x_wconf 68' lang='lat' dir='ltr'><strong>paenitentiam</strong></span> <span class='ocrx_word' id='word_1_188' title='bbox 3355 1215 3664 1280; x_wconf 89' lang='lat' dir='ltr'><strong>induceret,</strong></span> 
     </span>
    </p>
   </div>
   <div class='ocr_carea' id='block_1_27' title="bbox 2072 1305 3667 1374">
    <p class='ocr_par' dir='ltr' id='par_1_27' title="bbox 2072 1305 3667 1374">
     <span class='ocr_line' id='line_1_27' title="bbox 2072 1305 3667 1374; baseline 0.001 -17"><span class='ocrx_word' id='word_1_189' title='bbox 2072 1305 2326 1374; x_wconf 88' lang='lat' dir='ltr'><strong>hancque</strong></span> <span class='ocrx_word' id='word_1_190' title='bbox 2374 1321 2563 1359; x_wconf 88' lang='lat' dir='ltr'><strong>curam</strong></span> <span class='ocrx_word' id='word_1_191' title='bbox 2601 1307 2826 1360; x_wconf 83' lang='lat' dir='ltr'><strong>haberet</strong></span> <span class='ocrx_word' id='word_1_192' title='bbox 2857 1306 3034 1359; x_wconf 89' lang='lat' dir='ltr'><strong>donec</strong></span> <span class='ocrx_word' id='word_1_193' title='bbox 3073 1305 3289 1359; x_wconf 87' lang='lat' dir='ltr'><strong>tandem</strong></span> <span class='ocrx_word' id='word_1_194' title='bbox 3319 1305 3386 1359; x_wconf 90' lang='lat' dir='ltr'><strong>de</strong></span> <span class='ocrx_word' id='word_1_195' title='bbox 3421 1305 3543 1358; x_wconf 72' lang='lat' dir='ltr'><strong>vita:</strong></span> <span class='ocrx_word' id='word_1_196' title='bbox 3575 1319 3667 1358; x_wconf 79' lang='lat' dir='ltr'><strong>ar-</strong></span> 
     </span>
    </p>
   </div>
   <div class='ocr_carea' id='block_1_28' title="bbox 2073 1394 3670 1464">
    <p class='ocr_par' dir='ltr' id='par_1_28' title="bbox 2073 1394 3670 1464">
     <span class='ocr_line' id='line_1_28' title="bbox 2073 1394 3670 1464; baseline 0.001 -16"><span class='ocrx_word' id='word_1_197' title='bbox 2073 1394 2209 1448; x_wconf 86' lang='lat' dir='ltr'><strong>bore</strong></span> <span class='ocrx_word' id='word_1_198' title='bbox 2254 1404 2437 1460; x_wconf 87' lang='lat' dir='ltr'><strong>posset</strong></span> <span class='ocrx_word' id='word_1_199' title='bbox 2468 1395 2654 1457; x_wconf 89' lang='lat' dir='ltr'><strong>edere,</strong></span> <span class='ocrx_word' id='word_1_200' title='bbox 2686 1395 2806 1463; x_wconf 85' lang='lat' dir='ltr'><strong>ipso</strong></span> <span class='ocrx_word' id='word_1_201' title='bbox 2839 1395 3063 1450; x_wconf 89' lang='lat' dir='ltr'><strong>Christo</strong></span> <span class='ocrx_word' id='word_1_202' title='bbox 3108 1396 3202 1464; x_wconf 85' lang='lat' dir='ltr'><strong>qui</strong></span> <span class='ocrx_word' id='word_1_203' title='bbox 3233 1395 3354 1448; x_wconf 74' lang='lat' dir='ltr'><strong>vitae</strong></span> <span class='ocrx_word' id='word_1_204' title='bbox 3385 1394 3549 1449; x_wconf 87' lang='lat' dir='ltr'><strong>arbor</strong></span> <span class='ocrx_word' id='word_1_205' title='bbox 3581 1403 3670 1450; x_wconf 85' lang='lat' dir='ltr'><strong>est</strong></span> 
     </span>
    </p>
   </div>
   <div class='ocr_carea' id='block_1_29' title="bbox 2073 1487 3672 1559">
    <p class='ocr_par' dir='ltr' id='par_1_29' title="bbox 2073 1487 3672 1559">
     <span class='ocr_line' id='line_1_29' title="bbox 2073 1487 3672 1559; baseline 0.003 -20"><span class='ocrx_word' id='word_1_206' title='bbox 2073 1487 2302 1556; x_wconf 85' lang='lat' dir='ltr'><strong>mystico</strong></span> <span class='ocrx_word' id='word_1_207' title='bbox 2325 1502 2512 1541; x_wconf 87' lang='lat' dir='ltr'><strong>sensu.</strong></span> <span class='ocrx_word' id='word_1_208' title='bbox 2545 1487 2784 1558; x_wconf 83' lang='lat' dir='ltr'><strong>Denique</strong></span> <span class='ocrx_word' id='word_1_209' title='bbox 2813 1488 2985 1556; x_wconf 89' lang='lat' dir='ltr'><strong>ipsius</strong></span> <span class='ocrx_word' id='word_1_210' title='bbox 3019 1489 3271 1559; x_wconf 85' lang='lat' dir='ltr'><strong>pravitas</strong></span> <span class='ocrx_word' id='word_1_211' title='bbox 3290 1497 3556 1558; x_wconf 90' lang='lat' dir='ltr'><strong>perpetua</strong></span> <span class='ocrx_word' id='word_1_212' title='bbox 3583 1503 3672 1544; x_wconf 80' lang='lat' dir='ltr'><strong>es-</strong></span> 
     </span>
    </p>
   </div>
   <div class='ocr_carea' id='block_1_30' title="bbox 2075 1578 2908 1646">
    <p class='ocr_par' dir='ltr' id='par_1_30' title="bbox 2075 1578 2908 1646">
     <span class='ocr_line' id='line_1_30' title="bbox 2075 1578 2908 1646; baseline 0.002 -12"><span class='ocrx_word' id='word_1_213' title='bbox 2075 1587 2180 1639; x_wconf 88' lang='lat' dir='ltr'><strong>set,</strong></span> <span class='ocrx_word' id='word_1_214' title='bbox 2218 1578 2532 1646; x_wconf 89' lang='lat' dir='ltr'><strong>cujusmodi</strong></span> <span class='ocrx_word' id='word_1_215' title='bbox 2563 1589 2644 1633; x_wconf 89' lang='lat' dir='ltr'><strong>est</strong></span> <span class='ocrx_word' id='word_1_216' title='bbox 2683 1580 2908 1636; x_wconf 89' lang='lat' dir='ltr'><strong>diaboli.</strong></span> 
     </span>
    </p>
   </div>
   <div class='ocr_carea' id='block_1_31' title="bbox 2147 1670 3673 1742">
    <p class='ocr_par' dir='ltr' id='par_1_31' title="bbox 2147 1670 3673 1742">
     <span class='ocr_line' id='line_1_31' title="bbox 2147 1670 3673 1742; baseline 0.002 -18"><span class='ocrx_word' id='word_1_217' title='bbox 2147 1670 2255 1725; x_wconf 88' lang='lat' dir='ltr'><strong>Cur</strong></span> <span class='ocrx_word' id='word_1_218' title='bbox 2289 1687 2315 1725; x_wconf 92' lang='lat' dir='ltr'><strong>e</strong></span> <span class='ocrx_word' id='word_1_219' title='bbox 2346 1672 2600 1740; x_wconf 81' lang='lat' dir='ltr'><strong>paradiso</strong></span> <span class='ocrx_word' id='word_1_220' title='bbox 2646 1672 2842 1739; x_wconf 85' lang='lat' dir='ltr'><strong>ejectus</strong></span> <span class='ocrx_word' id='word_1_221' title='bbox 2875 1675 3072 1727; x_wconf 81' lang='lat' dir='ltr'><strong>Adam.</strong></span> <span class='ocrx_word' id='word_1_222' title='bbox 3101 1703 3172 1716; x_wconf 88' lang='lat'><strong>-—</strong></span> <span class='ocrx_word' id='word_1_223' title='bbox 3202 1673 3279 1728; x_wconf 90' lang='lat' dir='ltr'><strong>De</strong></span> <span class='ocrx_word' id='word_1_224' title='bbox 3310 1674 3462 1728; x_wconf 84' lang='lat' dir='ltr'><strong>hisce</strong></span> <span class='ocrx_word' id='word_1_225' title='bbox 3503 1673 3673 1742; x_wconf 74' lang='lat' dir='ltr'><strong>igitur</strong></span> 
     </span>
    </p>
   </div>
   <div class='ocr_carea' id='block_1_32' title="bbox 2077 1749 3674 1835">
    <p class='ocr_par' dir='ltr' id='par_1_32' title="bbox 2077 1749 3674 1835">
     <span class='ocr_line' id='line_1_32' title="bbox 2077 1749 3674 1835; baseline 0.002 -15"><span class='ocrx_word' id='word_1_226' title='bbox 2077 1765 2266 1820; x_wconf 86' lang='lat' dir='ltr'><strong>causis</strong></span> <span class='ocrx_word' id='word_1_227' title='bbox 2301 1764 2611 1835; x_wconf 91' lang='lat' dir='ltr'><strong>prohibitus</strong></span> <span class='ocrx_word' id='word_1_228' title='bbox 2643 1775 2726 1820; x_wconf 89' lang='lat' dir='ltr'><strong>est</strong></span> <span class='ocrx_word' id='word_1_229' title='bbox 2765 1768 2934 1820; x_wconf 80' lang='lat' dir='ltr'><strong>Adam</strong></span> <span class='ocrx_word' id='word_1_230' title='bbox 2967 1769 3036 1821; x_wconf 90' lang='lat' dir='ltr'><strong>ab</strong></span> <span class='ocrx_word' id='word_1_231' title='bbox 3082 1767 3279 1822; x_wconf 86' lang='lat' dir='ltr'><strong>arbore</strong></span> <span class='ocrx_word' id='word_1_232' title='bbox 3318 1768 3462 1822; x_wconf 67' lang='lat' dir='ltr'><strong>vitae.</strong></span> <span class='ocrx_word' id='word_1_233' title='bbox 3494 1749 3674 1822; x_wconf 71' lang='lat' dir='ltr'><strong>Caete-</strong></span> 
     </span>
    </p>
   </div>
   <div class='ocr_carea' id='block_1_33' title="bbox 390 1845 3673 1928">
    <p class='ocr_par' dir='ltr' id='par_1_33' title="bbox 390 1845 3673 1928">
     <span class='ocr_line' id='line_1_33' title="bbox 390 1845 3673 1928; baseline 0 -16"><span class='ocrx_word' id='word_1_234' title='bbox 390 1858 636 1913; x_wconf 78' lang='lat' dir='ltr'><strong>fuiurum</strong></span> <span class='ocrx_word' id='word_1_235' title='bbox 663 1875 679 1914; x_wconf 90' lang='lat'>:</span> <span class='ocrx_word' id='word_1_236' title='bbox 711 1861 909 1928; x_wconf 76' lang='lat' dir='ltr'><strong>quippe</strong></span> <span class='ocrx_word' id='word_1_237' title='bbox 933 1859 1078 1913; x_wconf 89' lang='lat' dir='ltr'><strong>enim</strong></span> <span class='ocrx_word' id='word_1_238' title='bbox 1111 1867 1170 1913; x_wconf 90' lang='lat' dir='ltr'><strong>ut</strong></span> <span class='ocrx_word' id='word_1_239' title='bbox 1197 1875 1312 1913; x_wconf 85' lang='lat' dir='ltr'><strong>rem</strong></span> <span class='ocrx_word' id='word_1_240' title='bbox 1341 1859 1708 1914; x_wconf 84' lang='lat' dir='ltr'><strong>certissimam</strong></span> <span class='ocrx_word' id='word_1_241' title='bbox 1741 1860 1976 1914; x_wconf 80' lang='lat' dir='ltr'><strong>aﬂirmat</strong></span> <span class='ocrx_word' id='word_1_242' title='bbox 2010 1845 2051 1900; x_wconf 78' lang='grc' dir='ltr'><strong><em>Β</em></strong></span> <span class='ocrx_word' id='word_1_243' title='bbox 2082 1873 2204 1912; x_wconf 87' lang='lat' dir='ltr'><strong>rum</strong></span> <span class='ocrx_word' id='word_1_244' title='bbox 2245 1857 2364 1911; x_wconf 65' lang='lat' dir='ltr'><strong>aliae</strong></span> <span class='ocrx_word' id='word_1_245' title='bbox 2401 1867 2546 1922; x_wconf 90' lang='lat' dir='ltr'><strong>sunt,</strong></span> <span class='ocrx_word' id='word_1_246' title='bbox 2583 1873 2681 1911; x_wconf 89' lang='lat' dir='ltr'><strong>cur</strong></span> <span class='ocrx_word' id='word_1_247' title='bbox 2717 1859 2975 1928; x_wconf 86' lang='lat' dir='ltr'><strong>paradiso</strong></span> <span class='ocrx_word' id='word_1_248' title='bbox 2998 1860 3072 1913; x_wconf 91' lang='lat' dir='ltr'><strong>sit</strong></span> <span class='ocrx_word' id='word_1_249' title='bbox 3101 1859 3436 1914; x_wconf 81' lang='lat' dir='ltr'><strong>eliminatos.</strong></span> <span class='ocrx_word' id='word_1_250' title='bbox 3462 1856 3673 1928; x_wconf 86' lang='lat' dir='ltr'><strong>Nempe</strong></span> 
     </span>
    </p>
   </div>
   <div class='ocr_carea' id='block_1_34' title="bbox 394 1951 1972 2020">
    <p class='ocr_par' dir='ltr' id='par_1_34' title="bbox 394 1951 1972 2020">
     <span class='ocr_line' id='line_1_34' title="bbox 394 1951 1972 2020; baseline 0 -14"><span class='ocrx_word' id='word_1_251' title='bbox 394 1962 745 2020; x_wconf 80' lang='lat' dir='ltr'><strong>sumpturum</strong></span> <span class='ocrx_word' id='word_1_252' title='bbox 773 1951 928 2004; x_wconf 90' lang='lat' dir='ltr'><strong>illum</strong></span> <span class='ocrx_word' id='word_1_253' title='bbox 965 1951 1031 2004; x_wconf 91' lang='lat' dir='ltr'><strong>de</strong></span> <span class='ocrx_word' id='word_1_254' title='bbox 1058 1952 1256 2006; x_wconf 88' lang='lat' dir='ltr'><strong>arbore</strong></span> <span class='ocrx_word' id='word_1_255' title='bbox 1281 1952 1429 2015; x_wconf 79' lang='lat' dir='ltr'><strong>vitae,</strong></span> <span class='ocrx_word' id='word_1_256' title='bbox 1461 1962 1972 2020; x_wconf 89' lang='lat' dir='ltr'><strong>comesturumque,</strong></span> 
     </span>
    </p>
   </div>
   <div class='ocr_carea' id='block_1_35' title="bbox 393 2041 1969 2114">
    <p class='ocr_par' dir='ltr' id='par_1_35' title="bbox 393 2041 1969 2114">
     <span class='ocr_line' id='line_1_35' title="bbox 393 2041 1969 2114; baseline 0.001 -17"><span class='ocrx_word' id='word_1_257' title='bbox 393 2053 556 2113; x_wconf 89' lang='lat' dir='ltr'><strong>atque</strong></span> <span class='ocrx_word' id='word_1_258' title='bbox 587 2051 850 2114; x_wconf 89' lang='lat' dir='ltr'><strong>perpetuo</strong></span> <span class='ocrx_word' id='word_1_259' title='bbox 903 2042 1179 2096; x_wconf 91' lang='lat' dir='ltr'><strong>victurum</strong></span> <span class='ocrx_word' id='word_1_260' title='bbox 1226 2041 1332 2098; x_wconf 91' lang='lat' dir='ltr'><strong>nisi</strong></span> <span class='ocrx_word' id='word_1_261' title='bbox 1379 2043 1636 2112; x_wconf 90' lang='lat' dir='ltr'><strong>paradiso</strong></span> <span class='ocrx_word' id='word_1_262' title='bbox 1689 2043 1969 2112; x_wconf 87' lang='lat' dir='ltr'><strong>ejiciatur.</strong></span> 
     </span>
    </p>
   </div>
   <div class='ocr_carea' id='block_1_36' title="bbox 393 2132 1978 2203">
    <p class='ocr_par' dir='ltr' id='par_1_36' title="bbox 393 2132 1978 2203">
     <span class='ocr_line' id='line_1_36' title="bbox 393 2132 1978 2203; baseline 0.001 -13"><span class='ocrx_word' id='word_1_263' title='bbox 393 2136 659 2190; x_wconf 83' lang='lat' dir='ltr'><strong>Caeterum</strong></span> <span class='ocrx_word' id='word_1_264' title='bbox 695 2149 944 2203; x_wconf 69' lang='lat' dir='ltr'><strong>quaenam</strong></span> <span class='ocrx_word' id='word_1_265' title='bbox 982 2133 1149 2188; x_wconf 89' lang='lat' dir='ltr'><strong>fuerit</strong></span> <span class='ocrx_word' id='word_1_266' title='bbox 1179 2132 1268 2188; x_wconf 89' lang='lat' dir='ltr'><strong>illa</strong></span> <span class='ocrx_word' id='word_1_267' title='bbox 1301 2134 1426 2189; x_wconf 71' lang='lat' dir='ltr'><strong>vitae</strong></span> <span class='ocrx_word' id='word_1_268' title='bbox 1461 2135 1645 2200; x_wconf 89' lang='lat' dir='ltr'><strong>arbor,</strong></span> <span class='ocrx_word' id='word_1_269' title='bbox 1679 2144 1733 2190; x_wconf 91' lang='lat' dir='ltr'><strong>et</strong></span> <span class='ocrx_word' id='word_1_270' title='bbox 1773 2149 1873 2189; x_wconf 91' lang='lat' dir='ltr'><strong>cur</strong></span> <span class='ocrx_word' id='word_1_271' title='bbox 1912 2149 1978 2191; x_wconf 91' lang='lat' dir='ltr'><strong>eo</strong></span> 
     </span>
    </p>
   </div>
   <div class='ocr_carea' id='block_1_37' title="bbox 393 2224 1976 2295">
    <p class='ocr_par' dir='ltr' id='par_1_37' title="bbox 393 2224 1976 2295">
     <span class='ocr_line' id='line_1_37' title="bbox 393 2224 1976 2295; baseline -0.001 -15"><span class='ocrx_word' id='word_1_272' title='bbox 393 2227 617 2280; x_wconf 88' lang='lat' dir='ltr'><strong>nomine</strong></span> <span class='ocrx_word' id='word_1_273' title='bbox 653 2225 961 2295; x_wconf 88' lang='lat' dir='ltr'><strong>appellata,</strong></span> <span class='ocrx_word' id='word_1_274' title='bbox 1022 2231 1147 2278; x_wconf 87' lang='lat' dir='ltr'><strong>ante</strong></span> <span class='ocrx_word' id='word_1_275' title='bbox 1220 2226 1813 2290; x_wconf 84' lang='lat' dir='ltr'><strong>commemoravimus;</strong></span> <span class='ocrx_word' id='word_1_276' title='bbox 1883 2224 1976 2279; x_wconf 89' lang='lat' dir='ltr'><strong>ubi</strong></span> 
     </span>
    </p>
   </div>
   <div class='ocr_carea' id='block_1_38' title="bbox 403 2316 1974 2388">
    <p class='ocr_par' dir='ltr' id='par_1_38' title="bbox 403 2316 1974 2388">
     <span class='ocr_line' id='line_1_38' title="bbox 403 2316 1974 2388; baseline -0.003 -15"><span class='ocrx_word' id='word_1_277' title='bbox 403 2319 538 2374; x_wconf 91' lang='lat' dir='ltr'><strong>illud</strong></span> <span class='ocrx_word' id='word_1_278' title='bbox 573 2333 795 2388; x_wconf 90' lang='lat' dir='ltr'><strong>quoque</strong></span> <span class='ocrx_word' id='word_1_279' title='bbox 846 2317 1089 2373; x_wconf 80' lang='lat' dir='ltr'><strong>diximus</strong></span> <span class='ocrx_word' id='word_1_280' title='bbox 1139 2333 1246 2388; x_wconf 90' lang='lat' dir='ltr'><strong>qua</strong></span> <span class='ocrx_word' id='word_1_281' title='bbox 1306 2317 1374 2372; x_wconf 87' lang='lat' dir='ltr'><strong>de</strong></span> <span class='ocrx_word' id='word_1_282' title='bbox 1407 2331 1574 2372; x_wconf 87' lang='lat' dir='ltr'><strong>causa</strong></span> <span class='ocrx_word' id='word_1_283' title='bbox 1630 2316 1974 2371; x_wconf 80' lang='lat' dir='ltr'><strong>interdixerit</strong></span> 
     </span>
    </p>
   </div>
   <div class='ocr_carea' id='block_1_39' title="bbox 402 2408 1975 2479">
    <p class='ocr_par' dir='ltr' id='par_1_39' title="bbox 402 2408 1975 2479">
     <span class='ocr_line' id='line_1_39' title="bbox 402 2408 1975 2479; baseline -0.003 -13"><span class='ocrx_word' id='word_1_284' title='bbox 402 2412 547 2466; x_wconf 86' lang='lat' dir='ltr'><strong>Deus</strong></span> <span class='ocrx_word' id='word_1_285' title='bbox 574 2411 807 2475; x_wconf 83' lang='lat' dir='ltr'><strong>Adamo,</strong></span> <span class='ocrx_word' id='word_1_286' title='bbox 865 2411 1065 2466; x_wconf 88' lang='lat' dir='ltr'><strong>arbore</strong></span> <span class='ocrx_word' id='word_1_287' title='bbox 1099 2411 1248 2466; x_wconf 65' lang='lat' dir='ltr'><strong>vitae.</strong></span> <span class='ocrx_word' id='word_1_288' title='bbox 1288 2413 1358 2465; x_wconf 88' lang='lat' dir='ltr'><strong>Et</strong></span> <span class='ocrx_word' id='word_1_289' title='bbox 1395 2410 1618 2463; x_wconf 81' lang='lat' dir='ltr'><strong>immisit</strong></span> <span class='ocrx_word' id='word_1_290' title='bbox 1658 2411 1832 2479; x_wconf 84' lang='lat' dir='ltr'><strong>ipsum</strong></span> <span class='ocrx_word' id='word_1_291' title='bbox 1865 2408 1975 2462; x_wconf 90' lang='lat' dir='ltr'><strong>Do-</strong></span> 
     </span>
    </p>
   </div>
   <div class='ocr_carea' id='block_1_40' title="bbox 395 2501 1958 2574">
    <p class='ocr_par' dir='ltr' id='par_1_40' title="bbox 395 2501 1958 2574">
     <span class='ocr_line' id='line_1_40' title="bbox 395 2501 1958 2574; baseline -0.003 -15"><span class='ocrx_word' id='word_1_292' title='bbox 395 2507 568 2559; x_wconf 81' lang='lat' dir='ltr'><strong>minus</strong></span> <span class='ocrx_word' id='word_1_293' title='bbox 606 2505 747 2559; x_wconf 87' lang='lat' dir='ltr'><strong>Deus</strong></span> <span class='ocrx_word' id='word_1_294' title='bbox 780 2514 935 2558; x_wconf 72' lang='lat' dir='ltr'><strong>extra</strong></span> <span class='ocrx_word' id='word_1_295' title='bbox 980 2503 1293 2574; x_wconf 81' lang='lat' dir='ltr'><strong>paradisum</strong></span> <span class='ocrx_word' id='word_1_296' title='bbox 1342 2501 1509 2569; x_wconf 81' lang='lat' dir='ltr'><strong>Eden,</strong></span> <span class='ocrx_word' id='word_1_297' title='bbox 1545 2509 1604 2555; x_wconf 88' lang='lat' dir='ltr'><strong>ut</strong></span> <span class='ocrx_word' id='word_1_298' title='bbox 1651 2501 1845 2554; x_wconf 84' lang='lat' dir='ltr'><strong>coleret</strong></span> <span class='ocrx_word' id='word_1_299' title='bbox 1878 2509 1958 2554; x_wconf 87' lang='lat' dir='ltr'><strong>ter</strong></span> 
     </span>
    </p>
   </div>
   <div class='ocr_carea' id='block_1_41' title="bbox 398 2597 1251 2668">
    <p class='ocr_par' dir='ltr' id='par_1_41' title="bbox 398 2597 1251 2668">
     <span class='ocr_line' id='line_1_41' title="bbox 398 2597 1251 2668; baseline -0.004 -15"><span class='ocrx_word' id='word_1_300' title='bbox 398 2616 514 2653; x_wconf 85' lang='lat' dir='ltr'><strong>ram</strong></span> <span class='ocrx_word' id='word_1_301' title='bbox 545 2615 609 2653; x_wconf 83' lang='lat' dir='ltr'><strong>ea:</strong></span> <span class='ocrx_word' id='word_1_302' title='bbox 642 2615 744 2668; x_wconf 81' lang='lat' dir='ltr'><strong>qua</strong></span> <span class='ocrx_word' id='word_1_303' title='bbox 778 2606 1020 2668; x_wconf 85' lang='lat' dir='ltr'><strong>sumptus</strong></span> <span class='ocrx_word' id='word_1_304' title='bbox 1050 2597 1251 2666; x_wconf 79' lang='lat' dir='ltr'><strong>fuerat.</strong></span> 
     </span>
    </p>
   </div>
   <div class='ocr_carea' id='block_1_42' title="bbox 469 2685 1978 2760">
    <p class='ocr_par' dir='ltr' id='par_1_42' title="bbox 469 2685 1978 2760">
     <span class='ocr_line' id='line_1_42' title="bbox 469 2685 1978 2760; baseline -0.003 -15"><span class='ocrx_word' id='word_1_305' title='bbox 469 2691 637 2746; x_wconf 80' lang='lat' dir='ltr'><strong>Adam</strong></span> <span class='ocrx_word' id='word_1_306' title='bbox 693 2691 889 2760; x_wconf 86' lang='lat' dir='ltr'><strong>ejectus</strong></span> <span class='ocrx_word' id='word_1_307' title='bbox 926 2705 953 2744; x_wconf 86' lang='lat' dir='ltr'><strong>e</strong></span> <span class='ocrx_word' id='word_1_308' title='bbox 1013 2689 1265 2758; x_wconf 79' lang='lat' dir='ltr'><strong>paradiso</strong></span> <span class='ocrx_word' id='word_1_309' title='bbox 1291 2717 1354 2726; x_wconf 95' lang='lat'><strong><em>—</em></strong></span> <span class='ocrx_word' id='word_1_310' title='bbox 1391 2685 1570 2757; x_wconf 85' lang='lat' dir='ltr'><strong>Supra</strong></span> <span class='ocrx_word' id='word_1_311' title='bbox 1615 2694 1978 2742; x_wconf 89' lang='lat' dir='ltr'><strong>memoratum</strong></span> 
     </span>
    </p>
   </div>
   <div class='ocr_carea' id='block_1_43' title="bbox 401 2780 1984 2852">
    <p class='ocr_par' dir='ltr' id='par_1_43' title="bbox 401 2780 1984 2852">
     <span class='ocr_line' id='line_1_43' title="bbox 401 2780 1984 2852; baseline -0.005 -12"><span class='ocrx_word' id='word_1_312' title='bbox 401 2794 504 2851; x_wconf 87' lang='lat' dir='ltr'><strong>est,</strong></span> <span class='ocrx_word' id='word_1_313' title='bbox 539 2783 828 2839; x_wconf 87' lang='lat' dir='ltr'><strong>Dominum</strong></span> <span class='ocrx_word' id='word_1_314' title='bbox 870 2783 1152 2852; x_wconf 90' lang='lat' dir='ltr'><strong>accepisse</strong></span> <span class='ocrx_word' id='word_1_315' title='bbox 1181 2780 1472 2848; x_wconf 85' lang='lat' dir='ltr'><strong>Adamum,</strong></span> <span class='ocrx_word' id='word_1_316' title='bbox 1524 2789 1688 2850; x_wconf 82' lang='lat' dir='ltr'><strong>atque</strong></span> <span class='ocrx_word' id='word_1_317' title='bbox 1723 2780 1776 2833; x_wconf 91' lang='lat' dir='ltr'><strong>in</strong></span> <span class='ocrx_word' id='word_1_318' title='bbox 1817 2794 1984 2849; x_wconf 87' lang='lat' dir='ltr'><strong>para-</strong></span> 
     </span>
    </p>
   </div>
   <div class='ocr_carea' id='block_1_44' title="bbox 407 2871 1987 2938">
    <p class='ocr_par' dir='ltr' id='par_1_44' title="bbox 407 2871 1987 2938">
     <span class='ocr_line' id='line_1_44' title="bbox 407 2871 1987 2938; baseline -0.004 -8"><span class='ocrx_word' id='word_1_319' title='bbox 407 2877 586 2932; x_wconf 91' lang='lat' dir='ltr'><strong>disum</strong></span> <span class='ocrx_word' id='word_1_320' title='bbox 623 2875 860 2938; x_wconf 84' lang='lat' dir='ltr'><strong>misisse,</strong></span> <span class='ocrx_word' id='word_1_321' title='bbox 909 2873 998 2927; x_wconf 87' lang='lat' dir='ltr'><strong>hic</strong></span> <span class='ocrx_word' id='word_1_322' title='bbox 1050 2885 1182 2928; x_wconf 88' lang='lat' dir='ltr'><strong>vero</strong></span> <span class='ocrx_word' id='word_1_323' title='bbox 1239 2871 1493 2926; x_wconf 91' lang='lat' dir='ltr'><strong>emisisse</strong></span> <span class='ocrx_word' id='word_1_324' title='bbox 1542 2879 1796 2925; x_wconf 88' lang='lat' dir='ltr'><strong>narratur</strong></span> <span class='ocrx_word' id='word_1_325' title='bbox 1832 2881 1987 2925; x_wconf 77' lang='lat' dir='ltr'><strong>extra</strong></span> 
     </span>
    </p>
   </div>
   <div class='ocr_carea' id='block_1_45' title="bbox 405 2961 1990 3036">
    <p class='ocr_par' dir='ltr' id='par_1_45' title="bbox 405 2961 1990 3036">
     <span class='ocr_line' id='line_1_45' title="bbox 405 2961 1990 3036; baseline -0.003 -16"><span class='ocrx_word' id='word_1_326' title='bbox 405 2967 759 3036; x_wconf 89' lang='lat' dir='ltr'><strong>paradisum:</strong></span> <span class='ocrx_word' id='word_1_327' title='bbox 788 2964 945 3034; x_wconf 90' lang='lat' dir='ltr'><strong>quasi</strong></span> <span class='ocrx_word' id='word_1_328' title='bbox 976 2964 1141 3027; x_wconf 88' lang='lat' dir='ltr'><strong>dicat,</strong></span> <span class='ocrx_word' id='word_1_329' title='bbox 1193 2977 1315 3018; x_wconf 89' lang='lat' dir='ltr'><strong>eum</strong></span> <span class='ocrx_word' id='word_1_330' title='bbox 1354 2961 1588 3032; x_wconf 90' lang='lat' dir='ltr'><strong>quodam</strong></span> <span class='ocrx_word' id='word_1_331' title='bbox 1634 2961 1837 3032; x_wconf 81' lang='lat' dir='ltr'><strong>impetu</strong></span> <span class='ocrx_word' id='word_1_332' title='bbox 1889 2961 1990 3016; x_wconf 82' lang='lat' dir='ltr'><strong>abs</strong></span> 
     </span>
    </p>
   </div>
   <div class='ocr_carea' id='block_1_46' title="bbox 400 3054 1986 3127">
    <p class='ocr_par' dir='ltr' id='par_1_46' title="bbox 400 3054 1986 3127">
     <span class='ocr_line' id='line_1_46' title="bbox 400 3054 1986 3127; baseline -0.004 -13"><span class='ocrx_word' id='word_1_333' title='bbox 400 3074 460 3115; x_wconf 84' lang='lat' dir='ltr'><strong>se</strong></span> <span class='ocrx_word' id='word_1_334' title='bbox 498 3056 801 3127; x_wconf 86' lang='lat' dir='ltr'><strong>propulisse</strong></span> <span class='ocrx_word' id='word_1_335' title='bbox 851 3066 1018 3124; x_wconf 84' lang='lat' dir='ltr'><strong>atque</strong></span> <span class='ocrx_word' id='word_1_336' title='bbox 1043 3054 1387 3120; x_wconf 87' lang='lat' dir='ltr'><strong>eliminasse,</strong></span> <span class='ocrx_word' id='word_1_337' title='bbox 1453 3069 1634 3123; x_wconf 88' lang='lat' dir='ltr'><strong>neque</strong></span> <span class='ocrx_word' id='word_1_338' title='bbox 1664 3055 1986 3110; x_wconf 88' lang='lat' dir='ltr'><strong>comitatum</strong></span> 
     </span>
    </p>
   </div>
   <div class='ocr_carea' id='block_1_47' title="bbox 403 3145 1986 3218">
    <p class='ocr_par' dir='ltr' id='par_1_47' title="bbox 403 3145 1986 3218">
     <span class='ocr_line' id='line_1_47' title="bbox 403 3145 1986 3218; baseline -0.004 -13"><span class='ocrx_word' id='word_1_339' title='bbox 403 3164 528 3205; x_wconf 91' lang='lat' dir='ltr'><strong>esse</strong></span> <span class='ocrx_word' id='word_1_340' title='bbox 595 3149 910 3209; x_wconf 85' lang='lat' dir='ltr'><strong>abeuntem,</strong></span> <span class='ocrx_word' id='word_1_341' title='bbox 961 3147 1161 3218; x_wconf 79' lang='lat' dir='ltr'><strong>quippe</strong></span> <span class='ocrx_word' id='word_1_342' title='bbox 1195 3159 1264 3200; x_wconf 80' lang='lat' dir='ltr'><strong>ex</strong></span> <span class='ocrx_word' id='word_1_343' title='bbox 1323 3145 1725 3211; x_wconf 75' lang='lat' dir='ltr'><strong>iucundissima</strong></span> <span class='ocrx_word' id='word_1_344' title='bbox 1784 3146 1986 3217; x_wconf 91' lang='lat' dir='ltr'><strong>quiete,</strong></span> 
     </span>
    </p>
   </div>
   <div class='ocr_carea' id='block_1_48' title="bbox 403 3238 1992 3313">
    <p class='ocr_par' dir='ltr' id='par_1_48' title="bbox 403 3238 1992 3313">
     <span class='ocr_line' id='line_1_48' title="bbox 403 3238 1992 3313; baseline -0.002 -18"><span class='ocrx_word' id='word_1_345' title='bbox 403 3242 582 3313; x_wconf 88' lang='lat' dir='ltr'><strong>qualis</strong></span> <span class='ocrx_word' id='word_1_346' title='bbox 611 3241 752 3296; x_wconf 88' lang='lat' dir='ltr'><strong>intra</strong></span> <span class='ocrx_word' id='word_1_347' title='bbox 784 3239 1316 3311; x_wconf 60' lang='lat' dir='ltr'><strong>paradisumgfuerat</strong></span> <span class='ocrx_word' id='word_1_348' title='bbox 1359 3239 1688 3294; x_wconf 74' lang='lat' dir='ltr'><strong>amendabat</strong></span> <span class='ocrx_word' id='word_1_349' title='bbox 1713 3239 1892 3309; x_wconf 84' lang='lat' dir='ltr'><strong>ipsum</strong></span> <span class='ocrx_word' id='word_1_350' title='bbox 1926 3238 1992 3293; x_wconf 89' lang='lat' dir='ltr'><strong>ad</strong></span> 
     </span>
    </p>
   </div>
   <div class='ocr_carea' id='block_1_49' title="bbox 405 3329 1996 3402">
    <p class='ocr_par' dir='ltr' id='par_1_49' title="bbox 405 3329 1996 3402">
     <span class='ocr_line' id='line_1_49' title="bbox 405 3329 1996 3402; baseline -0.001 -14"><span class='ocrx_word' id='word_1_351' title='bbox 405 3331 694 3388; x_wconf 84' lang='lat' dir='ltr'><strong>colendam</strong></span> <span class='ocrx_word' id='word_1_352' title='bbox 717 3342 942 3397; x_wconf 88' lang='lat' dir='ltr'><strong>terram,</strong></span> <span class='ocrx_word' id='word_1_353' title='bbox 999 3343 1252 3402; x_wconf 87' lang='lat' dir='ltr'><strong>asperam</strong></span> <span class='ocrx_word' id='word_1_354' title='bbox 1300 3345 1432 3386; x_wconf 88' lang='lat' dir='ltr'><strong>sane</strong></span> <span class='ocrx_word' id='word_1_355' title='bbox 1465 3345 1530 3385; x_wconf 89' lang='lat' dir='ltr'><strong>ac</strong></span> <span class='ocrx_word' id='word_1_356' title='bbox 1560 3329 1831 3386; x_wconf 79' lang='lat' dir='ltr'><strong>diiiicilem</strong></span> <span class='ocrx_word' id='word_1_357' title='bbox 1865 3345 1996 3400; x_wconf 86' lang='lat' dir='ltr'><strong>ope-</strong></span> 
     </span>
    </p>
   </div>
   <div class='ocr_carea' id='block_1_50' title="bbox 409 3419 1994 3494">
    <p class='ocr_par' dir='ltr' id='par_1_50' title="bbox 409 3419 1994 3494">
     <span class='ocr_line' id='line_1_50' title="bbox 409 3419 1994 3494; baseline -0.001 -15"><span class='ocrx_word' id='word_1_358' title='bbox 409 3439 558 3489; x_wconf 89' lang='lat' dir='ltr'><strong>ram,</strong></span> <span class='ocrx_word' id='word_1_359' title='bbox 602 3423 684 3478; x_wconf 85' lang='lat' dir='ltr'><strong>ut&#39;</strong></span> <span class='ocrx_word' id='word_1_360' title='bbox 709 3438 831 3494; x_wconf 67' lang='lat' dir='ltr'><strong>qua:</strong></span> <span class='ocrx_word' id='word_1_361' title='bbox 865 3438 1096 3494; x_wconf 88' lang='lat' dir='ltr'><strong>prorsus</strong></span> <span class='ocrx_word' id='word_1_362' title='bbox 1142 3419 1290 3477; x_wconf 88' lang='lat' dir='ltr'><strong>omni</strong></span> <span class='ocrx_word' id='word_1_363' title='bbox 1329 3421 1442 3476; x_wconf 92' lang='lat' dir='ltr'><strong>otio</strong></span> <span class='ocrx_word' id='word_1_364' title='bbox 1463 3435 1527 3478; x_wconf 89' lang='lat' dir='ltr'><strong>ac</strong></span> <span class='ocrx_word' id='word_1_365' title='bbox 1550 3423 1743 3493; x_wconf 89' lang='lat' dir='ltr'><strong>requie</strong></span> <span class='ocrx_word' id='word_1_366' title='bbox 1791 3431 1994 3478; x_wconf 88' lang='lat' dir='ltr'><strong>careat.</strong></span> 
     </span>
    </p>
   </div>
   <div class='ocr_carea' id='block_1_51' title="bbox 412 3513 1998 3585">
    <p class='ocr_par' dir='ltr' id='par_1_51' title="bbox 412 3513 1998 3585">
     <span class='ocr_line' id='line_1_51' title="bbox 412 3513 1998 3585; baseline -0.001 -15"><span class='ocrx_word' id='word_1_367' title='bbox 412 3514 577 3570; x_wconf 82' lang='lat' dir='ltr'><strong>Addit</strong></span> <span class='ocrx_word' id='word_1_368' title='bbox 615 3529 780 3584; x_wconf 90' lang='lat' dir='ltr'><strong>porro</strong></span> <span class='ocrx_word' id='word_1_369' title='bbox 819 3532 832 3568; x_wconf 91' lang='lat'>:</span> <span class='ocrx_word' id='word_1_370' title='bbox 875 3513 959 3567; x_wconf 76' lang='lat' dir='ltr'><strong>Ea:</strong></span> <span class='ocrx_word' id='word_1_371' title='bbox 1003 3531 1108 3584; x_wconf 84' lang='lat' dir='ltr'><strong>qua</strong></span> <span class='ocrx_word' id='word_1_372' title='bbox 1137 3526 1381 3585; x_wconf 86' lang='lat' dir='ltr'><strong>sumptus</strong></span> <span class='ocrx_word' id='word_1_373' title='bbox 1430 3515 1628 3584; x_wconf 80' lang='lat' dir='ltr'><strong>fuerat,</strong></span> <span class='ocrx_word' id='word_1_374' title='bbox 1676 3513 1805 3584; x_wconf 90' lang='lat' dir='ltr'><strong>quia</strong></span> <span class='ocrx_word' id='word_1_375' title='bbox 1847 3514 1910 3567; x_wconf 90' lang='lat' dir='ltr'><strong>de</strong></span> <span class='ocrx_word' id='word_1_376' title='bbox 1933 3527 1998 3568; x_wconf 80' lang='lat' dir='ltr'><strong>ea</strong></span> 
     </span>
    </p>
   </div>
   <div class='ocr_carea' id='block_1_52' title="bbox 415 3604 1998 3676">
    <p class='ocr_par' dir='ltr' id='par_1_52' title="bbox 415 3604 1998 3676">
     <span class='ocr_line' id='line_1_52' title="bbox 415 3604 1998 3676; baseline 0.001 -17"><span class='ocrx_word' id='word_1_377' title='bbox 415 3616 558 3660; x_wconf 89' lang='lat' dir='ltr'><strong>terra</strong></span> <span class='ocrx_word' id='word_1_378' title='bbox 585 3607 650 3661; x_wconf 88' lang='lat' dir='ltr'><strong>ad</strong></span> <span class='ocrx_word' id='word_1_379' title='bbox 681 3623 844 3675; x_wconf 90' lang='lat' dir='ltr'><strong>quam</strong></span> <span class='ocrx_word' id='word_1_380' title='bbox 868 3608 1230 3663; x_wconf 85' lang='lat' dir='ltr'><strong>exercendum</strong></span> <span class='ocrx_word' id='word_1_381' title='bbox 1265 3609 1562 3663; x_wconf 84' lang='lat' dir='ltr'><strong>remittitur</strong></span> <span class='ocrx_word' id='word_1_382' title='bbox 1594 3615 1852 3676; x_wconf 88' lang='lat' dir='ltr'><strong>acceptus</strong></span> <span class='ocrx_word' id='word_1_383' title='bbox 1878 3604 1998 3660; x_wconf 90' lang='lat' dir='ltr'><strong>fue-</strong></span> 
     </span>
    </p>
   </div>
   <div class='ocr_carea' id='block_1_53' title="bbox 416 3695 1998 3767">
    <p class='ocr_par' dir='ltr' id='par_1_53' title="bbox 416 3695 1998 3767">
     <span class='ocr_line' id='line_1_53' title="bbox 416 3695 1998 3767; baseline -0.001 -19"><span class='ocrx_word' id='word_1_384' title='bbox 416 3704 500 3749; x_wconf 87' lang='lat' dir='ltr'><strong>rat</strong></span> <span class='ocrx_word' id='word_1_385' title='bbox 535 3695 715 3766; x_wconf 83' lang='lat' dir='ltr'><strong>pulvis</strong></span> <span class='ocrx_word' id='word_1_386' title='bbox 746 3696 1000 3765; x_wconf 84' lang='lat' dir='ltr'><strong>ﬁngendo</strong></span> <span class='ocrx_word' id='word_1_387' title='bbox 1027 3697 1533 3767; x_wconf 89' lang='lat' dir='ltr'><strong>conformandoque</strong></span> <span class='ocrx_word' id='word_1_388' title='bbox 1579 3695 1710 3750; x_wconf 66' lang='lat' dir='ltr'><strong>Adae</strong></span> <span class='ocrx_word' id='word_1_389' title='bbox 1759 3695 1998 3763; x_wconf 90' lang='lat' dir='ltr'><strong>corpori,</strong></span> 
     </span>
    </p>
   </div>
   <div class='ocr_carea' id='block_1_54' title="bbox 414 3782 2002 3853">
    <p class='ocr_par' dir='ltr' id='par_1_54' title="bbox 414 3782 2002 3853">
     <span class='ocr_line' id='line_1_54' title="bbox 414 3782 2002 3853; baseline -0.001 -16"><span class='ocrx_word' id='word_1_390' title='bbox 414 3793 473 3837; x_wconf 91' lang='lat' dir='ltr'><strong>ut</strong></span> <span class='ocrx_word' id='word_1_391' title='bbox 502 3791 628 3838; x_wconf 86' lang='lat' dir='ltr'><strong>ante</strong></span> <span class='ocrx_word' id='word_1_392' title='bbox 656 3792 740 3839; x_wconf 91' lang='lat' dir='ltr'><strong>est</strong></span> <span class='ocrx_word' id='word_1_393' title='bbox 773 3794 1137 3840; x_wconf 88' lang='lat' dir='ltr'><strong>memoratum</strong></span> <span class='ocrx_word' id='word_1_394' title='bbox 1170 3785 1254 3841; x_wconf 92' lang='lat' dir='ltr'><strong>his</strong></span> <span class='ocrx_word' id='word_1_395' title='bbox 1285 3785 1465 3841; x_wconf 89' lang='lat' dir='ltr'><strong>verbis</strong></span> <span class='ocrx_word' id='word_1_396' title='bbox 1500 3783 1592 3838; x_wconf 86' lang='lat' dir='ltr'><strong>:Et</strong></span> <span class='ocrx_word' id='word_1_397' title='bbox 1627 3784 1784 3853; x_wconf 74' lang='lat' dir='ltr'><strong>ﬁnxit</strong></span> <span class='ocrx_word' id='word_1_398' title='bbox 1816 3782 2002 3837; x_wconf 87' lang='lat' dir='ltr'><strong>Domi-</strong></span> 
     </span>
    </p>
   </div>
   <div class='ocr_carea' id='block_1_55' title="bbox 412 3875 1997 3946">
    <p class='ocr_par' dir='ltr' id='par_1_55' title="bbox 412 3875 1997 3946">
     <span class='ocr_line' id='line_1_55' title="bbox 412 3875 1997 3946; baseline 0.001 -18"><span class='ocrx_word' id='word_1_399' title='bbox 412 3891 512 3929; x_wconf 80' lang='lat' dir='ltr'><strong>nus</strong></span> <span class='ocrx_word' id='word_1_400' title='bbox 539 3875 683 3930; x_wconf 85' lang='lat' dir='ltr'><strong>Deus</strong></span> <span class='ocrx_word' id='word_1_401' title='bbox 707 3877 978 3931; x_wconf 80' lang='lat' dir='ltr'><strong>Adamum</strong></span> <span class='ocrx_word' id='word_1_402' title='bbox 1031 3877 1294 3946; x_wconf 81' lang='lat' dir='ltr'><strong>pulverem</strong></span> <span class='ocrx_word' id='word_1_403' title='bbox 1316 3877 1381 3932; x_wconf 86' lang='lat' dir='ltr'><strong>de</strong></span> <span class='ocrx_word' id='word_1_404' title='bbox 1423 3886 1586 3931; x_wconf 88' lang='lat' dir='ltr'><strong>terra.</strong></span> <span class='ocrx_word' id='word_1_405' title='bbox 1622 3879 1699 3930; x_wconf 82' lang='lat' dir='ltr'><strong>Ac</strong></span> <span class='ocrx_word' id='word_1_406' title='bbox 1751 3890 1946 3931; x_wconf 89' lang='lat' dir='ltr'><strong>rursus</strong></span> <span class='ocrx_word' id='word_1_407' title='bbox 1983 3893 1997 3930; x_wconf 89' lang='lat'><strong>:</strong></span> 
     </span>
    </p>
   </div>
   <div class='ocr_carea' id='block_1_56' title="bbox 417 3968 2001 4044">
    <p class='ocr_par' dir='ltr' id='par_1_56' title="bbox 417 3968 2001 4044">
     <span class='ocr_line' id='line_1_56' title="bbox 417 3968 2001 4044; baseline 0.001 -22"><span class='ocrx_word' id='word_1_408' title='bbox 417 3968 594 4024; x_wconf 84' lang='lat' dir='ltr'><strong>Donec</strong></span> <span class='ocrx_word' id='word_1_409' title='bbox 619 3980 878 4026; x_wconf 82' lang='lat' dir='ltr'><strong>revertare</strong></span> <span class='ocrx_word' id='word_1_410' title='bbox 909 3973 964 4026; x_wconf 81' lang='lat' dir='ltr'><strong>in</strong></span> <span class='ocrx_word' id='word_1_411' title='bbox 988 3981 1186 4026; x_wconf 87' lang='lat' dir='ltr'><strong>terram</strong></span> <span class='ocrx_word' id='word_1_412' title='bbox 1215 3973 1280 4026; x_wconf 78' lang='lat' dir='ltr'><strong>de</strong></span> <span class='ocrx_word' id='word_1_413' title='bbox 1300 3989 1407 4044; x_wconf 83' lang='lat' dir='ltr'><strong>qua</strong></span> <span class='ocrx_word' id='word_1_414' title='bbox 1439 3982 1679 4042; x_wconf 82' lang='lat' dir='ltr'><strong>sumptus</strong></span> <span class='ocrx_word' id='word_1_415' title='bbox 1705 3987 1778 4026; x_wconf 84' lang='lat' dir='ltr'><strong>es.</strong></span> <span class='ocrx_word' id='word_1_416' title='bbox 1801 3969 1870 4023; x_wconf 85' lang='lat' dir='ltr'><strong>Et</strong></span> <span class='ocrx_word' id='word_1_417' title='bbox 1900 3969 2001 4023; x_wconf 82' lang='lat' dir='ltr'><strong>eli-</strong></span> 
     </span>
    </p>
   </div>
   <div class='ocr_carea' id='block_1_57' title="bbox 416 4059 2002 4130">
    <p class='ocr_par' dir='ltr' id='par_1_57' title="bbox 416 4059 2002 4130">
     <span class='ocr_line' id='line_1_57' title="bbox 416 4059 2002 4130; baseline 0.001 -18"><span class='ocrx_word' id='word_1_418' title='bbox 416 4059 634 4115; x_wconf 83' lang='lat' dir='ltr'><strong>minavit</strong></span> <span class='ocrx_word' id='word_1_419' title='bbox 662 4062 831 4130; x_wconf 86' lang='lat' dir='ltr'><strong>ipsum</strong></span> <span class='ocrx_word' id='word_1_420' title='bbox 862 4061 1121 4117; x_wconf 81' lang='lat' dir='ltr'><strong>Dominus</strong></span> <span class='ocrx_word' id='word_1_421' title='bbox 1157 4061 1293 4116; x_wconf 87' lang='lat' dir='ltr'><strong>Deus</strong></span> <span class='ocrx_word' id='word_1_422' title='bbox 1320 4081 1332 4117; x_wconf 90' lang='lat'>:</span> <span class='ocrx_word' id='word_1_423' title='bbox 1361 4064 1623 4118; x_wconf 89' lang='lat' dir='ltr'><strong>nimirum</strong></span> <span class='ocrx_word' id='word_1_424' title='bbox 1653 4071 1806 4117; x_wconf 83' lang='lat' dir='ltr'><strong>extra</strong></span> <span class='ocrx_word' id='word_1_425' title='bbox 1837 4076 2002 4130; x_wconf 87' lang='lat' dir='ltr'><strong>para-</strong></span> 
     </span>
    </p>
   </div>
   <div class='ocr_carea' id='block_1_58' title="bbox 422 4152 2006 4225">
    <p class='ocr_par' dir='ltr' id='par_1_58' title="bbox 422 4152 2006 4225">
     <span class='ocr_line' id='line_1_58' title="bbox 422 4152 2006 4225; baseline 0.001 -20"><span class='ocrx_word' id='word_1_426' title='bbox 422 4152 628 4217; x_wconf 85' lang='lat' dir='ltr'><strong>disum,</strong></span> <span class='ocrx_word' id='word_1_427' title='bbox 653 4168 815 4220; x_wconf 86' lang='lat' dir='ltr'><strong>quem</strong></span> <span class='ocrx_word' id='word_1_428' title='bbox 851 4154 1052 4225; x_wconf 86' lang='lat' dir='ltr'><strong>alioqui</strong></span> <span class='ocrx_word' id='word_1_429' title='bbox 1084 4155 1230 4210; x_wconf 90' lang='lat' dir='ltr'><strong>illius</strong></span> <span class='ocrx_word' id='word_1_430' title='bbox 1254 4155 1563 4210; x_wconf 86' lang='lat' dir='ltr'><strong>oblectandi</strong></span> <span class='ocrx_word' id='word_1_431' title='bbox 1597 4154 1772 4224; x_wconf 83' lang='lat' dir='ltr'><strong>gratia</strong></span> <span class='ocrx_word' id='word_1_432' title='bbox 1814 4152 2006 4207; x_wconf 86' lang='lat' dir='ltr'><strong>condi-</strong></span> 
     </span>
    </p>
   </div>
   <div class='ocr_carea' id='block_1_59' title="bbox 423 4242 2004 4317">
    <p class='ocr_par' dir='ltr' id='par_1_59' title="bbox 423 4242 2004 4317">
     <span class='ocr_line' id='line_1_59' title="bbox 423 4242 2004 4317; baseline 0.001 -20"><span class='ocrx_word' id='word_1_433' title='bbox 423 4244 600 4298; x_wconf 85' lang='lat' dir='ltr'><strong>derat.</strong></span> <span class='ocrx_word' id='word_1_434' title='bbox 621 4242 951 4317; x_wconf 79' lang='lat' dir='ltr'><strong>Existimant</strong></span> <span class='ocrx_word' id='word_1_435' title='bbox 982 4247 1256 4312; x_wconf 90' lang='lat' dir='ltr'><strong>nonnulli,</strong></span> <span class='ocrx_word' id='word_1_436' title='bbox 1299 4246 1492 4312; x_wconf 80' lang='lat' dir='ltr'><strong>Deum,</strong></span> <span class='ocrx_word' id='word_1_437' title='bbox 1544 4248 1692 4317; x_wconf 93' lang='lat' dir='ltr'><strong>quod</strong></span> <span class='ocrx_word' id='word_1_438' title='bbox 1734 4246 2004 4300; x_wconf 86' lang='lat' dir='ltr'><strong>Adamum</strong></span> 
     </span>
    </p>
   </div>
   <div class='ocr_carea' id='block_1_60' title="bbox 425 4309 2004 4408">
    <p class='ocr_par' dir='ltr' id='par_1_60' title="bbox 425 4309 2004 4408">
     <span class='ocr_line' id='line_1_60' title="bbox 425 4309 2004 4408; baseline 0.003 -21"><span class='ocrx_word' id='word_1_439' title='bbox 425 4335 749 4404; x_wconf 86' lang='lat' dir='ltr'><strong>prohibuita</strong></span> <span class='ocrx_word' id='word_1_440' title='bbox 786 4309 1054 4408; x_wconf 57' lang='lat' dir='ltr'><strong>gusianda</strong></span> <span class='ocrx_word' id='word_1_441' title='bbox 1084 4339 1210 4393; x_wconf 83' lang='lat' dir='ltr'><strong>vitae</strong></span> <span class='ocrx_word' id='word_1_442' title='bbox 1239 4309 1439 4397; x_wconf 82' lang='lat' dir='ltr'><strong>arbore</strong></span> <span class='ocrx_word' id='word_1_443' title='bbox 1461 4309 1514 4393; x_wconf 82' lang='lat' dir='ltr'><strong>et</strong></span> <span class='ocrx_word' id='word_1_444' title='bbox 1537 4309 1794 4408; x_wconf 74' lang='lat' dir='ltr'><strong>paradiso</strong></span> <span class='ocrx_word' id='word_1_445' title='bbox 1819 4337 2004 4408; x_wconf 89' lang='lat' dir='ltr'><strong>ejecit,</strong></span> 
     </span>
    </p>
   </div>
   <div class='ocr_carea' id='block_1_61' title="bbox 432 4428 2006 4499">
    <p class='ocr_par' dir='ltr' id='par_1_61' title="bbox 432 4428 2006 4499">
     <span class='ocr_line' id='line_1_61' title="bbox 432 4428 2006 4499; baseline 0.001 -17"><span class='ocrx_word' id='word_1_446' title='bbox 432 4428 674 4498; x_wconf 87' lang='lat' dir='ltr'><strong>denique</strong></span> <span class='ocrx_word' id='word_1_447' title='bbox 702 4430 845 4499; x_wconf 90' lang='lat' dir='ltr'><strong>quod</strong></span> <span class='ocrx_word' id='word_1_448' title='bbox 881 4431 1045 4485; x_wconf 89' lang='lat' dir='ltr'><strong>morti</strong></span> <span class='ocrx_word' id='word_1_449' title='bbox 1078 4429 1309 4495; x_wconf 80' lang='lat' dir='ltr'><strong>addixit,</strong></span> <span class='ocrx_word' id='word_1_450' title='bbox 1335 4431 1536 4485; x_wconf 89' lang='lat' dir='ltr'><strong>iratum</strong></span> <span class='ocrx_word' id='word_1_451' title='bbox 1562 4430 1792 4486; x_wconf 83' lang='lat' dir='ltr'><strong>fecisse:</strong></span> <span class='ocrx_word' id='word_1_452' title='bbox 1820 4445 2006 4485; x_wconf 84' lang='lat' dir='ltr'><strong>verum</strong></span> 
     </span>
    </p>
   </div>
   <div class='ocr_carea' id='block_1_62' title="bbox 2075 1949 3672 2020">
    <p class='ocr_par' dir='ltr' id='par_1_62' title="bbox 2075 1949 3672 2020">
     <span class='ocr_line' id='line_1_62' title="bbox 2075 1949 3672 2020; baseline -0.001 -16"><span class='ocrx_word' id='word_1_453' title='bbox 2075 1964 2292 2020; x_wconf 66' lang='lat' dir='ltr'><strong>aequum</strong></span> <span class='ocrx_word' id='word_1_454' title='bbox 2333 1964 2436 2002; x_wconf 91' lang='lat' dir='ltr'><strong>non</strong></span> <span class='ocrx_word' id='word_1_455' title='bbox 2465 1959 2580 2003; x_wconf 89' lang='lat' dir='ltr'><strong>erat</strong></span> <span class='ocrx_word' id='word_1_456' title='bbox 2603 1949 2853 2004; x_wconf 91' lang='lat' dir='ltr'><strong>utlocum</strong></span> <span class='ocrx_word' id='word_1_457' title='bbox 2874 1951 3148 2006; x_wconf 86' lang='lat' dir='ltr'><strong>obtineret</strong></span> <span class='ocrx_word' id='word_1_458' title='bbox 3177 1967 3416 2014; x_wconf 87' lang='lat' dir='ltr'><strong>sacrum,</strong></span> <span class='ocrx_word' id='word_1_459' title='bbox 3450 1961 3672 2019; x_wconf 86' lang='lat' dir='ltr'><strong>postea-</strong></span> 
     </span>
    </p>
   </div>
   <div class='ocr_carea' id='block_1_63' title="bbox 2075 2043 3666 2115">
    <p class='ocr_par' dir='ltr' id='par_1_63' title="bbox 2075 2043 3666 2115">
     <span class='ocr_line' id='line_1_63' title="bbox 2075 2043 3666 2115; baseline 0.003 -21"><span class='ocrx_word' id='word_1_460' title='bbox 2075 2059 2238 2115; x_wconf 89' lang='lat' dir='ltr'><strong>quam</strong></span> <span class='ocrx_word' id='word_1_461' title='bbox 2281 2043 2430 2096; x_wconf 90' lang='lat' dir='ltr'><strong>illum</strong></span> <span class='ocrx_word' id='word_1_462' title='bbox 2484 2043 2599 2113; x_wconf 89' lang='lat' dir='ltr'><strong>lege</strong></span> <span class='ocrx_word' id='word_1_463' title='bbox 2647 2043 2870 2108; x_wconf 80' lang='lat' dir='ltr'><strong>violata,</strong></span> <span class='ocrx_word' id='word_1_464' title='bbox 2931 2060 3026 2112; x_wconf 88' lang='lat' dir='ltr'><strong>per</strong></span> <span class='ocrx_word' id='word_1_465' title='bbox 3071 2054 3355 2114; x_wconf 88' lang='lat' dir='ltr'><strong>peccatum</strong></span> <span class='ocrx_word' id='word_1_466' title='bbox 3383 2043 3666 2112; x_wconf 85' lang='lat' dir='ltr'><strong>profanas-</strong></span> 
     </span>
    </p>
   </div>
   <div class='ocr_carea' id='block_1_64' title="bbox 2079 2134 3670 2200">
    <p class='ocr_par' dir='ltr' id='par_1_64' title="bbox 2079 2134 3670 2200">
     <span class='ocr_line' id='line_1_64' title="bbox 2079 2134 3670 2200; baseline 0 -11"><span class='ocrx_word' id='word_1_467' title='bbox 2079 2144 2182 2199; x_wconf 89' lang='lat' dir='ltr'><strong>set,</strong></span> <span class='ocrx_word' id='word_1_468' title='bbox 2223 2143 2275 2188; x_wconf 86' lang='lat' dir='ltr'><strong>et</strong></span> <span class='ocrx_word' id='word_1_469' title='bbox 2325 2143 2444 2189; x_wconf 83' lang='lat' dir='ltr'><strong>erat</strong></span> <span class='ocrx_word' id='word_1_470' title='bbox 2475 2134 2603 2188; x_wconf 92' lang='lat' dir='ltr'><strong>illud</strong></span> <span class='ocrx_word' id='word_1_471' title='bbox 2631 2144 2840 2188; x_wconf 88' lang='lat' dir='ltr'><strong>tantum</strong></span> <span class='ocrx_word' id='word_1_472' title='bbox 2892 2135 3174 2200; x_wconf 76' lang='lat' dir='ltr'><strong>delictum,</strong></span> <span class='ocrx_word' id='word_1_473' title='bbox 3231 2136 3334 2190; x_wconf 88' lang='lat' dir='ltr'><strong>hoc</strong></span> <span class='ocrx_word' id='word_1_474' title='bbox 3362 2137 3549 2190; x_wconf 82' lang='lat' dir='ltr'><strong>exsilio</strong></span> <span class='ocrx_word' id='word_1_475' title='bbox 3581 2135 3670 2189; x_wconf 88' lang='lat' dir='ltr'><strong>di-</strong></span> 
     </span>
    </p>
   </div>
   <div class='ocr_carea' id='block_1_65' title="bbox 2081 2225 3669 2297">
    <p class='ocr_par' dir='ltr' id='par_1_65' title="bbox 2081 2225 3669 2297">
     <span class='ocr_line' id='line_1_65' title="bbox 2081 2225 3669 2297; baseline 0 -18"><span class='ocrx_word' id='word_1_476' title='bbox 2081 2226 2578 2297; x_wconf 83' lang='lat' dir='ltr'><strong>gnum.Praeterca</strong></span> <span class='ocrx_word' id='word_1_477' title='bbox 2643 2225 2975 2281; x_wconf 88' lang='lat' dir='ltr'><strong>erudiendus</strong></span> <span class='ocrx_word' id='word_1_478' title='bbox 3033 2235 3172 2294; x_wconf 86' lang='lat' dir='ltr'><strong>erat,</strong></span> <span class='ocrx_word' id='word_1_479' title='bbox 3242 2241 3524 2297; x_wconf 88' lang='lat' dir='ltr'><strong>perperam</strong></span> <span class='ocrx_word' id='word_1_480' title='bbox 3585 2240 3669 2289; x_wconf 86' lang='lat' dir='ltr'><strong>se,</strong></span> 
     </span>
    </p>
   </div>
   <div class='ocr_carea' id='block_1_66' title="bbox 2082 2298 3701 2389">
    <p class='ocr_par' dir='ltr' id='par_1_66' title="bbox 2082 2298 3701 2389">
     <span class='ocr_line' id='line_1_66' title="bbox 2082 2298 3701 2389; baseline -0.002 -15"><span class='ocrx_word' id='word_1_481' title='bbox 2082 2319 2413 2389; x_wconf 87' lang='lat' dir='ltr'><strong>contemptis</strong></span> <span class='ocrx_word' id='word_1_482' title='bbox 2472 2317 2563 2371; x_wconf 88' lang='lat' dir='ltr'><strong>Dei</strong></span> <span class='ocrx_word' id='word_1_483' title='bbox 2647 2317 2841 2387; x_wconf 87' lang='lat' dir='ltr'><strong>jussis,</strong></span> <span class='ocrx_word' id='word_1_484' title='bbox 2882 2319 3206 2373; x_wconf 87' lang='lat' dir='ltr'><strong>obsecutum</strong></span> <span class='ocrx_word' id='word_1_485' title='bbox 3267 2333 3387 2372; x_wconf 86' lang='lat' dir='ltr'><strong>esse</strong></span> <span class='ocrx_word' id='word_1_486' title='bbox 3444 2298 3701 2384; x_wconf 45' lang='lat' dir='ltr'><strong>consilio.</strong></span> 
     </span>
    </p>
   </div>
   <div class='ocr_carea' id='block_1_67' title="bbox 2084 2410 3679 2480">
    <p class='ocr_par' dir='ltr' id='par_1_67' title="bbox 2084 2410 3679 2480">
     <span class='ocr_line' id='line_1_67' title="bbox 2084 2410 3679 2480; baseline -0.001 -14"><span class='ocrx_word' id='word_1_487' title='bbox 2084 2410 2423 2467; x_wconf 89' lang='lat' dir='ltr'><strong>fraudulenti</strong></span> <span class='ocrx_word' id='word_1_488' title='bbox 2459 2412 2654 2476; x_wconf 91' lang='lat' dir='ltr'><strong>hostis,</strong></span> <span class='ocrx_word' id='word_1_489' title='bbox 2692 2419 2857 2480; x_wconf 89' lang='lat' dir='ltr'><strong>atque</strong></span> <span class='ocrx_word' id='word_1_490' title='bbox 2902 2411 3081 2466; x_wconf 87' lang='lat' dir='ltr'><strong>edisse</strong></span> <span class='ocrx_word' id='word_1_491' title='bbox 3113 2410 3182 2465; x_wconf 91' lang='lat' dir='ltr'><strong>de</strong></span> <span class='ocrx_word' id='word_1_492' title='bbox 3240 2411 3404 2464; x_wconf 83' lang='lat' dir='ltr'><strong>vetita</strong></span> <span class='ocrx_word' id='word_1_493' title='bbox 3460 2410 3679 2464; x_wconf 86' lang='lat' dir='ltr'><strong>arbore.</strong></span> 
     </span>
    </p>
   </div>
   <div class='ocr_carea' id='block_1_68' title="bbox 2081 2492 3678 2573">
    <p class='ocr_par' dir='ltr' id='par_1_68' title="bbox 2081 2492 3678 2573">
     <span class='ocr_line' id='line_1_68' title="bbox 2081 2492 3678 2573; baseline -0.001 -17"><span class='ocrx_word' id='word_1_494' title='bbox 2081 2492 2308 2573; x_wconf 72' lang='lat' dir='ltr'><strong>insuper</strong></span> <span class='ocrx_word' id='word_1_495' title='bbox 2363 2503 2492 2557; x_wconf 89' lang='lat' dir='ltr'><strong>dum</strong></span> <span class='ocrx_word' id='word_1_496' title='bbox 2541 2502 2630 2557; x_wconf 89' lang='lat' dir='ltr'><strong>ille</strong></span> <span class='ocrx_word' id='word_1_497' title='bbox 2657 2501 2897 2572; x_wconf 88' lang='lat' dir='ltr'><strong>ejicitur,</strong></span> <span class='ocrx_word' id='word_1_498' title='bbox 2941 2502 3165 2557; x_wconf 89' lang='lat' dir='ltr'><strong>verbum</strong></span> <span class='ocrx_word' id='word_1_499' title='bbox 3220 2500 3311 2556; x_wconf 85' lang='lat' dir='ltr'><strong>Dei</strong></span> <span class='ocrx_word' id='word_1_500' title='bbox 3347 2511 3522 2556; x_wconf 90' lang='lat' dir='ltr'><strong>ratum</strong></span> <span class='ocrx_word' id='word_1_501' title='bbox 3599 2502 3678 2566; x_wconf 90' lang='lat' dir='ltr'><strong>iit,</strong></span> 
     </span>
    </p>
   </div>
   <div class='ocr_carea' id='block_1_69' title="bbox 2083 2595 3685 2668">
    <p class='ocr_par' dir='ltr' id='par_1_69' title="bbox 2083 2595 3685 2668">
     <span class='ocr_line' id='line_1_69' title="bbox 2083 2595 3685 2668; baseline 0 -18"><span class='ocrx_word' id='word_1_502' title='bbox 2083 2612 2192 2668; x_wconf 91' lang='lat' dir='ltr'><strong>quo</strong></span> <span class='ocrx_word' id='word_1_503' title='bbox 2224 2596 2548 2668; x_wconf 72' lang='lat' dir='ltr'><strong>prredixerat</strong></span> <span class='ocrx_word' id='word_1_504' title='bbox 2578 2597 2754 2666; x_wconf 93' lang='lat' dir='ltr'><strong>ipsum</strong></span> <span class='ocrx_word' id='word_1_505' title='bbox 2785 2612 2849 2652; x_wconf 86' lang='lat' dir='ltr'><strong>ea</strong></span> <span class='ocrx_word' id='word_1_506' title='bbox 2909 2598 2992 2651; x_wconf 89' lang='lat' dir='ltr'><strong>die</strong></span> <span class='ocrx_word' id='word_1_507' title='bbox 3049 2597 3373 2651; x_wconf 88' lang='lat' dir='ltr'><strong>moriturum</strong></span> <span class='ocrx_word' id='word_1_508' title='bbox 3407 2612 3516 2664; x_wconf 86' lang='lat' dir='ltr'><strong>qua</strong></span> <span class='ocrx_word' id='word_1_509' title='bbox 3551 2595 3685 2650; x_wconf 85' lang='lat' dir='ltr'><strong>edc-</strong></span> 
     </span>
    </p>
   </div>
   <div class='ocr_carea' id='block_1_70' title="bbox 2056 2687 3686 2756">
    <p class='ocr_par' dir='ltr' id='par_1_70' title="bbox 2056 2687 3686 2756">
     <span class='ocr_line' id='line_1_70' title="bbox 2056 2687 3686 2756; baseline -0.002 -12"><span class='ocrx_word' id='word_1_510' title='bbox 2056 2697 2170 2745; x_wconf 82' lang='lat' dir='ltr'><strong>‘ret</strong></span> <span class='ocrx_word' id='word_1_511' title='bbox 2199 2689 2266 2743; x_wconf 91' lang='lat' dir='ltr'><strong>de</strong></span> <span class='ocrx_word' id='word_1_512' title='bbox 2297 2689 2492 2743; x_wconf 87' lang='lat' dir='ltr'><strong>arbore</strong></span> <span class='ocrx_word' id='word_1_513' title='bbox 2545 2689 2824 2756; x_wconf 86' lang='lat' dir='ltr'><strong>scientiae;</strong></span> <span class='ocrx_word' id='word_1_514' title='bbox 2872 2697 3073 2743; x_wconf 89' lang='lat' dir='ltr'><strong>contra</strong></span> <span class='ocrx_word' id='word_1_515' title='bbox 3114 2703 3244 2743; x_wconf 86' lang='lat' dir='ltr'><strong>vero</strong></span> <span class='ocrx_word' id='word_1_516' title='bbox 3279 2687 3545 2743; x_wconf 89' lang='lat' dir='ltr'><strong>mendacii</strong></span> <span class='ocrx_word' id='word_1_517' title='bbox 3594 2703 3686 2742; x_wconf 83' lang='lat' dir='ltr'><strong>ar-</strong></span> 
     </span>
    </p>
   </div>
   <div class='ocr_carea' id='block_1_71' title="bbox 2095 2780 3686 2851">
    <p class='ocr_par' dir='ltr' id='par_1_71' title="bbox 2095 2780 3686 2851">
     <span class='ocr_line' id='line_1_71' title="bbox 2095 2780 3686 2851; baseline 0 -19"><span class='ocrx_word' id='word_1_518' title='bbox 2095 2781 2281 2851; x_wconf 82' lang='lat' dir='ltr'><strong>guitur</strong></span> <span class='ocrx_word' id='word_1_519' title='bbox 2327 2782 2539 2835; x_wconf 74' lang='lat' dir='ltr'><strong>tirernon</strong></span> <span class='ocrx_word' id='word_1_520' title='bbox 2575 2781 2668 2851; x_wconf 88' lang='lat' dir='ltr'><strong>qui</strong></span> <span class='ocrx_word' id='word_1_521' title='bbox 2696 2797 2845 2850; x_wconf 84' lang='lat' dir='ltr'><strong>spem</strong></span> <span class='ocrx_word' id='word_1_522' title='bbox 2884 2781 2960 2835; x_wconf 89' lang='lat' dir='ltr'><strong>illi</strong></span> <span class='ocrx_word' id='word_1_523' title='bbox 2995 2790 3158 2850; x_wconf 84' lang='lat' dir='ltr'><strong>atque</strong></span> <span class='ocrx_word' id='word_1_524' title='bbox 3189 2780 3446 2834; x_wconf 83' lang='lat' dir='ltr'><strong>fiduciam</strong></span> <span class='ocrx_word' id='word_1_525' title='bbox 3477 2781 3686 2835; x_wconf 86' lang='lat' dir='ltr'><strong>fecerat</strong></span> 
     </span>
    </p>
   </div>
   <div class='ocr_carea' id='block_1_72' title="bbox 2088 2873 3686 2944">
    <p class='ocr_par' dir='ltr' id='par_1_72' title="bbox 2088 2873 3686 2944">
     <span class='ocr_line' id='line_1_72' title="bbox 2088 2873 3686 2944; baseline -0.003 -14"><span class='ocrx_word' id='word_1_526' title='bbox 2088 2876 2204 2930; x_wconf 92' lang='lat' dir='ltr'><strong>fore</strong></span> <span class='ocrx_word' id='word_1_527' title='bbox 2247 2882 2307 2929; x_wconf 90' lang='lat' dir='ltr'><strong>ut</strong></span> <span class='ocrx_word' id='word_1_528' title='bbox 2338 2875 2479 2930; x_wconf 92' lang='lat' dir='ltr'><strong>Deus</strong></span> <span class='ocrx_word' id='word_1_529' title='bbox 2529 2875 2785 2930; x_wconf 88' lang='lat' dir='ltr'><strong>evaderet</strong></span> <span class='ocrx_word' id='word_1_530' title='bbox 2815 2875 2861 2930; x_wconf 89' lang='lat' dir='ltr'><strong>si</strong></span> <span class='ocrx_word' id='word_1_531' title='bbox 2894 2884 3246 2940; x_wconf 83' lang='lat' dir='ltr'><strong>vesceretur;</strong></span> <span class='ocrx_word' id='word_1_532' title='bbox 3317 2873 3521 2944; x_wconf 90' lang='lat' dir='ltr'><strong>quippe</strong></span> <span class='ocrx_word' id='word_1_533' title='bbox 3573 2889 3686 2927; x_wconf 89' lang='lat' dir='ltr'><strong>non</strong></span> 
     </span>
    </p>
   </div>
   <div class='ocr_carea' id='block_1_73' title="bbox 2090 2964 3692 3036">
    <p class='ocr_par' dir='ltr' id='par_1_73' title="bbox 2090 2964 3692 3036">
     <span class='ocr_line' id='line_1_73' title="bbox 2090 2964 3692 3036; baseline -0.004 -12"><span class='ocrx_word' id='word_1_534' title='bbox 2090 2968 2254 3024; x_wconf 84' lang='lat' dir='ltr'><strong>modo</strong></span> <span class='ocrx_word' id='word_1_535' title='bbox 2285 2983 2394 3022; x_wconf 87' lang='lat' dir='ltr'><strong>non</strong></span> <span class='ocrx_word' id='word_1_536' title='bbox 2441 2970 2612 3023; x_wconf 85' lang='lat' dir='ltr'><strong>evasit</strong></span> <span class='ocrx_word' id='word_1_537' title='bbox 2638 2968 2690 3021; x_wconf 91' lang='lat' dir='ltr'><strong>in</strong></span> <span class='ocrx_word' id='word_1_538' title='bbox 2724 2967 2918 3033; x_wconf 92' lang='lat' dir='ltr'><strong>Deum,</strong></span> <span class='ocrx_word' id='word_1_539' title='bbox 2950 2969 3045 3022; x_wconf 88' lang='lat' dir='ltr'><strong>sed</strong></span> <span class='ocrx_word' id='word_1_540' title='bbox 3074 2967 3193 3036; x_wconf 88' lang='lat' dir='ltr'><strong>ipso</strong></span> <span class='ocrx_word' id='word_1_541' title='bbox 3231 2966 3395 3021; x_wconf 88' lang='lat' dir='ltr'><strong>etiam</strong></span> <span class='ocrx_word' id='word_1_542' title='bbox 3432 2964 3692 3034; x_wconf 86' lang='lat' dir='ltr'><strong>paradiso</strong></span> 
     </span>
    </p>
   </div>
   <div class='ocr_carea' id='block_1_74' title="bbox 2093 3053 3688 3125">
    <p class='ocr_par' dir='ltr' id='par_1_74' title="bbox 2093 3053 3688 3125">
     <span class='ocr_line' id='line_1_74' title="bbox 2093 3053 3688 3125; baseline -0.002 -13"><span class='ocrx_word' id='word_1_543' title='bbox 2093 3057 2329 3112; x_wconf 75' lang='lat' dir='ltr'><strong>extorris</strong></span> <span class='ocrx_word' id='word_1_544' title='bbox 2366 3057 2543 3112; x_wconf 87' lang='lat' dir='ltr'><strong>factus</strong></span> <span class='ocrx_word' id='word_1_545' title='bbox 2573 3066 2678 3112; x_wconf 86' lang='lat' dir='ltr'><strong>est.</strong></span> <span class='ocrx_word' id='word_1_546' title='bbox 2721 3057 2944 3124; x_wconf 74' lang='lat' dir='ltr'><strong>Adhacc,</strong></span> <span class='ocrx_word' id='word_1_547' title='bbox 2984 3057 3029 3112; x_wconf 91' lang='lat' dir='ltr'><strong>si</strong></span> <span class='ocrx_word' id='word_1_548' title='bbox 3061 3058 3115 3110; x_wconf 85' lang='lat' dir='ltr'><strong>in</strong></span> <span class='ocrx_word' id='word_1_549' title='bbox 3156 3055 3413 3125; x_wconf 87' lang='lat' dir='ltr'><strong>paradiso</strong></span> <span class='ocrx_word' id='word_1_550' title='bbox 3447 3053 3688 3109; x_wconf 85' lang='lat' dir='ltr'><strong>mansis-</strong></span> 
     </span>
    </p>
   </div>
   <div class='ocr_carea' id='block_1_75' title="bbox 2097 3149 3688 3218">
    <p class='ocr_par' dir='ltr' id='par_1_75' title="bbox 2097 3149 3688 3218">
     <span class='ocr_line' id='line_1_75' title="bbox 2097 3149 3688 3218; baseline -0.003 -14"><span class='ocrx_word' id='word_1_551' title='bbox 2097 3159 2176 3204; x_wconf 90' lang='lat' dir='ltr'><strong>set</strong></span> <span class='ocrx_word' id='word_1_552' title='bbox 2236 3159 2550 3218; x_wconf 73' lang='lat' dir='ltr'><strong>suspectum</strong></span> <span class='ocrx_word' id='word_1_553' title='bbox 2585 3149 2836 3206; x_wconf 81' lang='lat' dir='ltr'><strong>fortassis</strong></span> <span class='ocrx_word' id='word_1_554' title='bbox 2893 3151 3110 3205; x_wconf 70' lang='lat' dir='ltr'><strong>invidia:</strong></span> <span class='ocrx_word' id='word_1_555' title='bbox 3147 3149 3317 3204; x_wconf 86' lang='lat' dir='ltr'><strong>Deum</strong></span> <span class='ocrx_word' id='word_1_556' title='bbox 3385 3149 3688 3215; x_wconf 87' lang='lat' dir='ltr'><strong>habuisset,</strong></span> 
     </span>
    </p>
   </div>
   <div class='ocr_carea' id='block_1_76' title="bbox 2096 3241 3688 3313">
    <p class='ocr_par' dir='ltr' id='par_1_76' title="bbox 2096 3241 3688 3313">
     <span class='ocr_line' id='line_1_76' title="bbox 2096 3241 3688 3313; baseline 0.001 -19"><span class='ocrx_word' id='word_1_557' title='bbox 2096 3241 2188 3313; x_wconf 89' lang='lat' dir='ltr'><strong>qui</strong></span> <span class='ocrx_word' id='word_1_558' title='bbox 2246 3241 2347 3297; x_wconf 90' lang='lat' dir='ltr'><strong>sibi</strong></span> <span class='ocrx_word' id='word_1_559' title='bbox 2409 3243 2530 3296; x_wconf 71' lang='lat' dir='ltr'><strong>vitae</strong></span> <span class='ocrx_word' id='word_1_560' title='bbox 2583 3242 2792 3297; x_wconf 91' lang='lat' dir='ltr'><strong>arboris</strong></span> <span class='ocrx_word' id='word_1_561' title='bbox 2839 3258 2963 3298; x_wconf 90' lang='lat' dir='ltr'><strong>esca</strong></span> <span class='ocrx_word' id='word_1_562' title='bbox 3000 3241 3386 3297; x_wconf 77' lang='lat' dir='ltr'><strong>interdixisset.</strong></span> <span class='ocrx_word' id='word_1_563' title='bbox 3443 3241 3688 3310; x_wconf 88' lang='lat' dir='ltr'><strong>Denique</strong></span> 
     </span>
    </p>
   </div>
   <div class='ocr_carea' id='block_1_77' title="bbox 2098 3332 3687 3403">
    <p class='ocr_par' dir='ltr' id='par_1_77' title="bbox 2098 3332 3687 3403">
     <span class='ocr_line' id='line_1_77' title="bbox 2098 3332 3687 3403; baseline -0.003 -14"><span class='ocrx_word' id='word_1_564' title='bbox 2098 3337 2224 3389; x_wconf 91' lang='lat' dir='ltr'><strong>dum</strong></span> <span class='ocrx_word' id='word_1_565' title='bbox 2257 3336 2435 3389; x_wconf 84' lang='lat' dir='ltr'><strong>solum</strong></span> <span class='ocrx_word' id='word_1_566' title='bbox 2469 3333 2650 3398; x_wconf 87' lang='lat' dir='ltr'><strong>vertit,</strong></span> <span class='ocrx_word' id='word_1_567' title='bbox 2700 3332 2957 3402; x_wconf 61' lang='lat' dir='ltr'><strong>intelligit</strong></span> <span class='ocrx_word' id='word_1_568' title='bbox 2987 3333 3203 3388; x_wconf 89' lang='lat' dir='ltr'><strong>tandem</strong></span> <span class='ocrx_word' id='word_1_569' title='bbox 3238 3334 3290 3387; x_wconf 92' lang='lat' dir='ltr'><strong>in</strong></span> <span class='ocrx_word' id='word_1_570' title='bbox 3329 3343 3534 3403; x_wconf 88' lang='lat' dir='ltr'><strong>quanta</strong></span> <span class='ocrx_word' id='word_1_571' title='bbox 3567 3332 3687 3386; x_wconf 79' lang='lat' dir='ltr'><strong>feli-</strong></span> 
     </span>
    </p>
   </div>
   <div class='ocr_carea' id='block_1_78' title="bbox 2099 3426 3691 3495">
    <p class='ocr_par' dir='ltr' id='par_1_78' title="bbox 2099 3426 3691 3495">
     <span class='ocr_line' id='line_1_78' title="bbox 2099 3426 3691 3495; baseline -0.002 -13"><span class='ocrx_word' id='word_1_572' title='bbox 2099 3428 2266 3482; x_wconf 89' lang='lat' dir='ltr'><strong>citate</strong></span> <span class='ocrx_word' id='word_1_573' title='bbox 2299 3436 2546 3481; x_wconf 72' lang='lat' dir='ltr'><strong>versatus</strong></span> <span class='ocrx_word' id='word_1_574' title='bbox 2581 3427 2651 3482; x_wconf 90' lang='lat' dir='ltr'><strong>sit</strong></span> <span class='ocrx_word' id='word_1_575' title='bbox 2691 3426 3009 3495; x_wconf 88' lang='lat' dir='ltr'><strong>priusquam</strong></span> <span class='ocrx_word' id='word_1_576' title='bbox 3056 3435 3340 3495; x_wconf 88' lang='lat' dir='ltr'><strong>peccaret;</strong></span> <span class='ocrx_word' id='word_1_577' title='bbox 3391 3436 3448 3482; x_wconf 91' lang='lat' dir='ltr'><strong>et</strong></span> <span class='ocrx_word' id='word_1_578' title='bbox 3493 3439 3691 3480; x_wconf 90' lang='lat' dir='ltr'><strong>rursus</strong></span> 
     </span>
    </p>
   </div>
   <div class='ocr_carea' id='block_1_79' title="bbox 2100 3515 3691 3590">
    <p class='ocr_par' dir='ltr' id='par_1_79' title="bbox 2100 3515 3691 3590">
     <span class='ocr_line' id='line_1_79' title="bbox 2100 3515 3691 3590; baseline -0.002 -14"><span class='ocrx_word' id='word_1_579' title='bbox 2100 3521 2154 3576; x_wconf 90' lang='lat' dir='ltr'><strong>in</strong></span> <span class='ocrx_word' id='word_1_580' title='bbox 2192 3531 2354 3590; x_wconf 86' lang='lat' dir='ltr'><strong>quam</strong></span> <span class='ocrx_word' id='word_1_581' title='bbox 2385 3520 2584 3573; x_wconf 90' lang='lat' dir='ltr'><strong>multas</strong></span> <span class='ocrx_word' id='word_1_582' title='bbox 2624 3519 2878 3575; x_wconf 87' lang='lat' dir='ltr'><strong>miserias</strong></span> <span class='ocrx_word' id='word_1_583' title='bbox 2919 3519 3290 3588; x_wconf 69' lang='lat' dir='ltr'><strong>pratcipitatus</strong></span> <span class='ocrx_word' id='word_1_584' title='bbox 3319 3519 3411 3583; x_wconf 93' lang='lat' dir='ltr'><strong>sit,</strong></span> <span class='ocrx_word' id='word_1_585' title='bbox 3455 3533 3520 3573; x_wconf 89' lang='lat' dir='ltr'><strong>eo</strong></span> <span class='ocrx_word' id='word_1_586' title='bbox 3542 3515 3691 3587; x_wconf 88' lang='lat' dir='ltr'><strong>quod</strong></span> 
     </span>
    </p>
   </div>
   <div class='ocr_carea' id='block_1_80' title="bbox 2101 3607 3694 3679">
    <p class='ocr_par' dir='ltr' id='par_1_80' title="bbox 2101 3607 3694 3679">
     <span class='ocr_line' id='line_1_80' title="bbox 2101 3607 3694 3679; baseline -0.005 -13"><span class='ocrx_word' id='word_1_587' title='bbox 2101 3611 2386 3666; x_wconf 89' lang='lat' dir='ltr'><strong>adversum</strong></span> <span class='ocrx_word' id='word_1_588' title='bbox 2423 3609 2516 3663; x_wconf 89' lang='lat' dir='ltr'><strong>Dei</strong></span> <span class='ocrx_word' id='word_1_589' title='bbox 2543 3610 2713 3679; x_wconf 87' lang='lat' dir='ltr'><strong>legem</strong></span> <span class='ocrx_word' id='word_1_590' title='bbox 2763 3607 2974 3662; x_wconf 85' lang='lat' dir='ltr'><strong>fecerit.</strong></span> <span class='ocrx_word' id='word_1_591' title='bbox 3022 3609 3310 3664; x_wconf 90' lang='lat' dir='ltr'><strong>Postremo</strong></span> <span class='ocrx_word' id='word_1_592' title='bbox 3357 3607 3559 3662; x_wconf 90' lang='lat' dir='ltr'><strong>idcirco</strong></span> <span class='ocrx_word' id='word_1_593' title='bbox 3604 3615 3694 3660; x_wconf 89' lang='lat' dir='ltr'><strong>est</strong></span> 
     </span>
    </p>
   </div>
   <div class='ocr_carea' id='block_1_81' title="bbox 2099 3703 3683 3773">
    <p class='ocr_par' dir='ltr' id='par_1_81' title="bbox 2099 3703 3683 3773">
     <span class='ocr_line' id='line_1_81' title="bbox 2099 3703 3683 3773; baseline -0.004 -17"><span class='ocrx_word' id='word_1_594' title='bbox 2099 3703 2355 3773; x_wconf 87' lang='lat' dir='ltr'><strong>paradiso</strong></span> <span class='ocrx_word' id='word_1_595' title='bbox 2387 3703 2616 3772; x_wconf 84' lang='lat' dir='ltr'><strong>ejectus,</strong></span> <span class='ocrx_word' id='word_1_596' title='bbox 2679 3711 2738 3755; x_wconf 93' lang='lat' dir='ltr'><strong>ut</strong></span> <span class='ocrx_word' id='word_1_597' title='bbox 2787 3711 3073 3770; x_wconf 87' lang='lat' dir='ltr'><strong>peccattnn</strong></span> <span class='ocrx_word' id='word_1_598' title='bbox 3134 3715 3296 3756; x_wconf 91' lang='lat' dir='ltr'><strong>suum</strong></span> <span class='ocrx_word' id='word_1_599' title='bbox 3349 3705 3683 3769; x_wconf 81' lang='lat' dir='ltr'><strong>agnosceret,</strong></span> 
     </span>
    </p>
   </div>
   <div class='ocr_carea' id='block_1_82' title="bbox 2102 3789 3690 3864">
    <p class='ocr_par' dir='ltr' id='par_1_82' title="bbox 2102 3789 3690 3864">
     <span class='ocr_line' id='line_1_82' title="bbox 2102 3789 3690 3864; baseline -0.004 -15"><span class='ocrx_word' id='word_1_600' title='bbox 2102 3794 2459 3863; x_wconf 86' lang='lat' dir='ltr'><strong>sedulamque</strong></span> <span class='ocrx_word' id='word_1_601' title='bbox 2513 3809 2731 3862; x_wconf 82' lang='lat' dir='ltr'><strong>operam</strong></span> <span class='ocrx_word' id='word_1_602' title='bbox 2771 3793 3101 3864; x_wconf 70' lang='lat' dir='ltr'><strong>poenitentire</strong></span> <span class='ocrx_word' id='word_1_603' title='bbox 3141 3792 3316 3855; x_wconf 89' lang='lat' dir='ltr'><strong>daret,</strong></span> <span class='ocrx_word' id='word_1_604' title='bbox 3355 3799 3407 3845; x_wconf 91' lang='lat' dir='ltr'><strong>et</strong></span> <span class='ocrx_word' id='word_1_605' title='bbox 3460 3789 3690 3859; x_wconf 77' lang='lat' dir='ltr'><strong>supplex</strong></span> 
     </span>
    </p>
   </div>
   <div class='ocr_carea' id='block_1_83' title="bbox 2103 3885 3680 3954">
    <p class='ocr_par' dir='ltr' id='par_1_83' title="bbox 2103 3885 3680 3954">
     <span class='ocr_line' id='line_1_83' title="bbox 2103 3885 3680 3954; baseline -0.006 -11"><span class='ocrx_word' id='word_1_606' title='bbox 2103 3903 2134 3943; x_wconf 89' lang='lat' dir='ltr'><strong>a</strong></span> <span class='ocrx_word' id='word_1_607' title='bbox 2165 3888 2276 3942; x_wconf 82' lang='lat' dir='ltr'><strong>Deo</strong></span> <span class='ocrx_word' id='word_1_608' title='bbox 2310 3887 2686 3953; x_wconf 88' lang='lat' dir='ltr'><strong>contenderet,</strong></span> <span class='ocrx_word' id='word_1_609' title='bbox 2735 3895 2796 3941; x_wconf 91' lang='lat' dir='ltr'><strong>ut</strong></span> <span class='ocrx_word' id='word_1_610' title='bbox 2835 3901 2894 3942; x_wconf 90' lang='lat' dir='ltr'><strong>se</strong></span> <span class='ocrx_word' id='word_1_611' title='bbox 2935 3886 2990 3940; x_wconf 90' lang='lat' dir='ltr'><strong>in</strong></span> <span class='ocrx_word' id='word_1_612' title='bbox 3032 3885 3320 3954; x_wconf 92' lang='lat' dir='ltr'><strong>pristinum</strong></span> <span class='ocrx_word' id='word_1_613' title='bbox 3365 3885 3680 3939; x_wconf 87' lang='lat' dir='ltr'><strong>restitueret</strong></span> 
     </span>
    </p>
   </div>
   <div class='ocr_carea' id='block_1_84' title="bbox 2103 3975 3697 4047">
    <p class='ocr_par' dir='ltr' id='par_1_84' title="bbox 2103 3975 3697 4047">
     <span class='ocr_line' id='line_1_84' title="bbox 2103 3975 3697 4047; baseline -0.004 -12"><span class='ocrx_word' id='word_1_614' title='bbox 2103 3981 2306 4035; x_wconf 88' lang='lat' dir='ltr'><strong>locum.</strong></span> <span class='ocrx_word' id='word_1_615' title='bbox 2351 3979 2652 4034; x_wconf 86' lang='lat' dir='ltr'><strong>Conficitur</strong></span> <span class='ocrx_word' id='word_1_616' title='bbox 2699 3977 2883 4047; x_wconf 88' lang='lat' dir='ltr'><strong>itaque</strong></span> <span class='ocrx_word' id='word_1_617' title='bbox 2917 3993 2983 4032; x_wconf 78' lang='lat' dir='ltr'><strong>ex</strong></span> <span class='ocrx_word' id='word_1_618' title='bbox 3022 3977 3107 4031; x_wconf 92' lang='lat' dir='ltr'><strong>his</strong></span> <span class='ocrx_word' id='word_1_619' title='bbox 3143 3991 3264 4046; x_wconf 77' lang='lat' dir='ltr'><strong>qua:</strong></span> <span class='ocrx_word' id='word_1_620' title='bbox 3295 3975 3408 4045; x_wconf 88' lang='lat' dir='ltr'><strong>jam</strong></span> <span class='ocrx_word' id='word_1_621' title='bbox 3449 3988 3697 4029; x_wconf 89' lang='lat' dir='ltr'><strong>comme-</strong></span> 
     </span>
    </p>
   </div>
   <div class='ocr_carea' id='block_1_85' title="bbox 2107 4065 3756 4143">
    <p class='ocr_par' dir='ltr' id='par_1_85' title="bbox 2107 4065 3756 4143">
     <span class='ocr_line' id='line_1_85' title="bbox 2107 4065 3756 4143; baseline -0.004 -17"><span class='ocrx_word' id='word_1_622' title='bbox 2107 4071 2468 4135; x_wconf 85' lang='lat' dir='ltr'><strong>moravimus,</strong></span> <span class='ocrx_word' id='word_1_623' title='bbox 2507 4083 2854 4140; x_wconf 87' lang='lat' dir='ltr'><strong>nequaquam</strong></span> <span class='ocrx_word' id='word_1_624' title='bbox 2889 4083 2986 4139; x_wconf 90' lang='lat' dir='ltr'><strong>per</strong></span> <span class='ocrx_word' id='word_1_625' title='bbox 3016 4067 3152 4122; x_wconf 88' lang='lat' dir='ltr'><strong>iram</strong></span> <span class='ocrx_word' id='word_1_626' title='bbox 3180 4066 3513 4138; x_wconf 91' lang='lat' dir='ltr'><strong>prohibitum</strong></span> <span class='ocrx_word' id='word_1_627' title='bbox 3545 4065 3701 4120; x_wconf 91' lang='lat' dir='ltr'><strong>illum</strong></span> <span class='ocrx_word' id='word_1_628' title='bbox 3751 4139 3756 4143; x_wconf 22' lang='grc' dir='ltr'><em>ο</em></span> 
     </span>
    </p>
   </div>
   <div class='ocr_carea' id='block_1_86' title="bbox 2106 4157 3700 4231">
    <p class='ocr_par' dir='ltr' id='par_1_86' title="bbox 2106 4157 3700 4231">
     <span class='ocr_line' id='line_1_86' title="bbox 2106 4157 3700 4231; baseline -0.006 -12"><span class='ocrx_word' id='word_1_629' title='bbox 2106 4181 2136 4220; x_wconf 90' lang='lat' dir='ltr'><strong>a</strong></span> <span class='ocrx_word' id='word_1_630' title='bbox 2167 4164 2278 4219; x_wconf 89' lang='lat' dir='ltr'><strong>Deo</strong></span> <span class='ocrx_word' id='word_1_631' title='bbox 2311 4179 2432 4219; x_wconf 85' lang='lat' dir='ltr'><strong>esse</strong></span> <span class='ocrx_word' id='word_1_632' title='bbox 2465 4164 2533 4218; x_wconf 91' lang='lat' dir='ltr'><strong>ab</strong></span> <span class='ocrx_word' id='word_1_633' title='bbox 2558 4163 2752 4218; x_wconf 91' lang='lat' dir='ltr'><strong>arbore</strong></span> <span class='ocrx_word' id='word_1_634' title='bbox 2786 4161 2907 4216; x_wconf 82' lang='lat' dir='ltr'><strong>vitae</strong></span> <span class='ocrx_word' id='word_1_635' title='bbox 2937 4175 3113 4231; x_wconf 89' lang='lat' dir='ltr'><strong>neque</strong></span> <span class='ocrx_word' id='word_1_636' title='bbox 3154 4160 3408 4230; x_wconf 86' lang='lat' dir='ltr'><strong>paradiso</strong></span> <span class='ocrx_word' id='word_1_637' title='bbox 3443 4157 3700 4228; x_wconf 83' lang='lat' dir='ltr'><strong>ejectum,</strong></span> 
     </span>
    </p>
   </div>
   <div class='ocr_carea' id='block_1_87' title="bbox 2105 4250 3702 4319">
    <p class='ocr_par' dir='ltr' id='par_1_87' title="bbox 2105 4250 3702 4319">
     <span class='ocr_line' id='line_1_87' title="bbox 2105 4250 3702 4319; baseline -0.005 -8"><span class='ocrx_word' id='word_1_638' title='bbox 2105 4257 2192 4311; x_wconf 92' lang='lat' dir='ltr'><strong>vel</strong></span> <span class='ocrx_word' id='word_1_639' title='bbox 2237 4255 2400 4310; x_wconf 90' lang='lat' dir='ltr'><strong>morti</strong></span> <span class='ocrx_word' id='word_1_640' title='bbox 2438 4255 2599 4310; x_wconf 90' lang='lat' dir='ltr'><strong>etiam</strong></span> <span class='ocrx_word' id='word_1_641' title='bbox 2635 4252 2953 4319; x_wconf 89' lang='lat' dir='ltr'><strong>addictum;</strong></span> <span class='ocrx_word' id='word_1_642' title='bbox 2996 4253 3094 4309; x_wconf 90' lang='lat' dir='ltr'><strong>sed</strong></span> <span class='ocrx_word' id='word_1_643' title='bbox 3131 4267 3197 4306; x_wconf 83' lang='lat' dir='ltr'><strong>ex</strong></span> <span class='ocrx_word' id='word_1_644' title='bbox 3227 4267 3378 4306; x_wconf 87' lang='lat' dir='ltr'><strong>mera</strong></span> <span class='ocrx_word' id='word_1_645' title='bbox 3415 4251 3504 4305; x_wconf 89' lang='lat' dir='ltr'><strong>Dei</strong></span> <span class='ocrx_word' id='word_1_646' title='bbox 3537 4250 3702 4304; x_wconf 89' lang='lat' dir='ltr'><strong>mise-</strong></span> 
     </span>
    </p>
   </div>
   <div class='ocr_carea' id='block_1_88' title="bbox 2107 4342 3702 4417">
    <p class='ocr_par' dir='ltr' id='par_1_88' title="bbox 2107 4342 3702 4417">
     <span class='ocr_line' id='line_1_88' title="bbox 2107 4342 3702 4417; baseline -0.006 -13"><span class='ocrx_word' id='word_1_647' title='bbox 2107 4349 2365 4410; x_wconf 86' lang='lat' dir='ltr'><strong>ricordia.</strong></span> <span class='ocrx_word' id='word_1_648' title='bbox 2391 4355 2447 4402; x_wconf 92' lang='lat' dir='ltr'><strong>et</strong></span> <span class='ocrx_word' id='word_1_649' title='bbox 2479 4346 2713 4403; x_wconf 90' lang='lat' dir='ltr'><strong>sollicita</strong></span> <span class='ocrx_word' id='word_1_650' title='bbox 2762 4346 2881 4417; x_wconf 89' lang='lat' dir='ltr'><strong>ejus</strong></span> <span class='ocrx_word' id='word_1_651' title='bbox 2913 4361 3064 4402; x_wconf 87' lang='lat' dir='ltr'><strong>cura.</strong></span> <span class='ocrx_word' id='word_1_652' title='bbox 3096 4344 3202 4400; x_wconf 80' lang='lat' dir='ltr'><strong>Sed</strong></span> <span class='ocrx_word' id='word_1_653' title='bbox 3234 4344 3379 4400; x_wconf 92' lang='lat' dir='ltr'><strong>enim</strong></span> <span class='ocrx_word' id='word_1_654' title='bbox 3414 4343 3524 4398; x_wconf 88' lang='lat' dir='ltr'><strong>sint</strong></span> <span class='ocrx_word' id='word_1_655' title='bbox 3563 4342 3702 4406; x_wconf 72' lang='lat' dir='ltr'><strong>haec,</strong></span> 
     </span>
    </p>
   </div>
   <div class='ocr_carea' id='block_1_89' title="bbox 2109 4435 3706 4510">
    <p class='ocr_par' dir='ltr' id='par_1_89' title="bbox 2109 4435 3706 4510">
     <span class='ocr_line' id='line_1_89' title="bbox 2109 4435 3706 4510; baseline -0.006 -13"><span class='ocrx_word' id='word_1_656' title='bbox 2109 4443 2252 4498; x_wconf 89' lang='lat' dir='ltr'><strong>dicet</strong></span> <span class='ocrx_word' id='word_1_657' title='bbox 2284 4440 2506 4510; x_wconf 88' lang='lat' dir='ltr'><strong>aliquis,</strong></span> <span class='ocrx_word' id='word_1_658' title='bbox 2537 4439 2610 4495; x_wconf 86' lang='lat' dir='ltr'><strong>ita</strong></span> <span class='ocrx_word' id='word_1_659' title='bbox 2644 4455 2771 4495; x_wconf 91' lang='lat' dir='ltr'><strong>cum</strong></span> <span class='ocrx_word' id='word_1_660' title='bbox 2815 4438 3026 4493; x_wconf 83' lang='lat' dir='ltr'><strong>Adamo</strong></span> <span class='ocrx_word' id='word_1_661' title='bbox 3071 4446 3191 4492; x_wconf 89' lang='lat' dir='ltr'><strong>acta</strong></span> <span class='ocrx_word' id='word_1_662' title='bbox 3228 4438 3297 4493; x_wconf 87' lang='lat' dir='ltr'><strong>ab</strong></span> <span class='ocrx_word' id='word_1_663' title='bbox 3326 4436 3448 4508; x_wconf 93' lang='lat' dir='ltr'><strong>ipso</strong></span> <span class='ocrx_word' id='word_1_664' title='bbox 3485 4435 3613 4496; x_wconf 90' lang='lat' dir='ltr'><strong>Deo,</strong></span> <span class='ocrx_word' id='word_1_665' title='bbox 3643 4443 3706 4488; x_wconf 93' lang='lat' dir='ltr'><strong>ut</strong></span> 
     </span>
    </p>
   </div>
   <div class='ocr_carea' id='block_1_90' title="bbox 429 4521 3704 4603">
    <p class='ocr_par' dir='ltr' id='par_1_90' title="bbox 429 4521 3704 4603">
     <span class='ocr_line' id='line_1_90' title="bbox 429 4521 3704 4603; baseline -0.005 -9"><span class='ocrx_word' id='word_1_666' title='bbox 429 4540 532 4579; x_wconf 75' lang='lat' dir='ltr'><strong>n05</strong></span> <span class='ocrx_word' id='word_1_667' title='bbox 559 4536 747 4580; x_wconf 55' lang='lat' dir='ltr'><strong>contra</strong></span> <span class='ocrx_word' id='word_1_668' title='bbox 778 4539 875 4594; x_wconf 62' lang='lat' dir='ltr'><strong>Per</strong></span> <span class='ocrx_word' id='word_1_669' title='bbox 905 4523 998 4578; x_wconf 71' lang='lat' dir='ltr'><strong>Dei</strong></span> <span class='ocrx_word' id='word_1_670' title='bbox 1030 4525 1462 4580; x_wconf 63' lang='lat' dir='ltr'><strong>misericordiam</strong></span> <span class='ocrx_word' id='word_1_671' title='bbox 1496 4535 1661 4595; x_wconf 68' lang='grc' dir='ltr'><strong>ειρυθ</strong></span> <span class='ocrx_word' id='word_1_672' title='bbox 1693 4539 1881 4579; x_wconf 66' lang='lat' dir='ltr'><strong>curam</strong></span> <span class='ocrx_word' id='word_1_673' title='bbox 1916 4521 2009 4577; x_wconf 68' lang='lat' dir='ltr'><strong>illa</strong></span> <span class='ocrx_word' id='word_1_674' title='bbox 2041 4535 2087 4592; x_wconf 92' lang='lat' dir='ltr'><strong>D</strong></span> <span class='ocrx_word' id='word_1_675' title='bbox 2113 4533 2192 4589; x_wconf 91' lang='lat' dir='ltr'><strong>illi</strong></span> <span class='ocrx_word' id='word_1_676' title='bbox 2233 4531 2586 4603; x_wconf 88' lang='lat' dir='ltr'><strong>prodessent;</strong></span> <span class='ocrx_word' id='word_1_677' title='bbox 2623 4540 2679 4585; x_wconf 88' lang='lat' dir='ltr'><strong>at</strong></span> <span class='ocrx_word' id='word_1_678' title='bbox 2725 4529 2963 4592; x_wconf 87' lang='lat' dir='ltr'><strong>labores,</strong></span> <span class='ocrx_word' id='word_1_679' title='bbox 3027 4527 3266 4594; x_wconf 88' lang='lat' dir='ltr'><strong>dolores,</strong></span> <span class='ocrx_word' id='word_1_680' title='bbox 3309 4528 3477 4583; x_wconf 86' lang='lat' dir='ltr'><strong>sudor</strong></span> <span class='ocrx_word' id='word_1_681' title='bbox 3523 4525 3704 4589; x_wconf 85' lang='lat' dir='ltr'><strong>faciei,</strong></span> 
     </span>
    </p>
   </div>
   <div class='ocr_carea' id='block_1_91' title="bbox 424 4616 2017 4689">
    <p class='ocr_par' dir='ltr' id='par_1_91' title="bbox 424 4616 2017 4689">
     <span class='ocr_line' id='line_1_91' title="bbox 424 4616 2017 4689; baseline 0.001 -18"><span class='ocrx_word' id='word_1_682' title='bbox 424 4616 569 4671; x_wconf 82' lang='lat' dir='ltr'><strong>facta</strong></span> <span class='ocrx_word' id='word_1_683' title='bbox 600 4633 720 4674; x_wconf 87' lang='lat' dir='ltr'><strong>esse</strong></span> <span class='ocrx_word' id='word_1_684' title='bbox 742 4619 1008 4686; x_wconf 91' lang='lat' dir='ltr'><strong>dicimus;</strong></span> <span class='ocrx_word' id='word_1_685' title='bbox 1045 4619 1296 4689; x_wconf 85' lang='lat' dir='ltr'><strong>quamvis</strong></span> <span class='ocrx_word' id='word_1_686' title='bbox 1323 4619 1470 4674; x_wconf 89' lang='lat' dir='ltr'><strong>enim</strong></span> <span class='ocrx_word' id='word_1_687' title='bbox 1497 4618 1773 4674; x_wconf 87' lang='lat' dir='ltr'><strong>contraria</strong></span> <span class='ocrx_word' id='word_1_688' title='bbox 1797 4619 1939 4674; x_wconf 90' lang='lat' dir='ltr'><strong>inter</strong></span> <span class='ocrx_word' id='word_1_689' title='bbox 1956 4631 2017 4673; x_wconf 88' lang='lat' dir='ltr'><strong>se</strong></span> 
     </span>
    </p>
   </div>
   <div class='ocr_carea' id='block_1_92' title="bbox 428 4707 2002 4781">
    <p class='ocr_par' dir='ltr' id='par_1_92' title="bbox 428 4707 2002 4781">
     <span class='ocr_line' id='line_1_92' title="bbox 428 4707 2002 4781; baseline 0.002 -21"><span class='ocrx_word' id='word_1_690' title='bbox 428 4707 737 4774; x_wconf 82' lang='lat' dir='ltr'><strong>videantur,</strong></span> <span class='ocrx_word' id='word_1_691' title='bbox 765 4709 1032 4765; x_wconf 88' lang='lat' dir='ltr'><strong>inducere</strong></span> <span class='ocrx_word' id='word_1_692' title='bbox 1054 4710 1109 4764; x_wconf 90' lang='lat' dir='ltr'><strong>in</strong></span> <span class='ocrx_word' id='word_1_693' title='bbox 1134 4710 1452 4773; x_wconf 86' lang='lat' dir='ltr'><strong>paradisum</strong></span> <span class='ocrx_word' id='word_1_694' title='bbox 1495 4719 1551 4766; x_wconf 90' lang='lat' dir='ltr'><strong>et</strong></span> <span class='ocrx_word' id='word_1_695' title='bbox 1572 4711 1794 4781; x_wconf 85' lang='lat' dir='ltr'><strong>ejicere,</strong></span> <span class='ocrx_word' id='word_1_696' title='bbox 1817 4719 2002 4765; x_wconf 88' lang='lat' dir='ltr'><strong>tamen</strong></span> 
     </span>
    </p>
   </div>
   <div class='ocr_carea' id='block_1_93' title="bbox 429 4802 2006 4881">
    <p class='ocr_par' dir='ltr' id='par_1_93' title="bbox 429 4802 2006 4881">
     <span class='ocr_line' id='line_1_93' title="bbox 429 4802 2006 4881; baseline 0.002 -29"><span class='ocrx_word' id='word_1_697' title='bbox 429 4810 726 4871; x_wconf 90' lang='lat' dir='ltr'><strong>utrumque</strong></span> <span class='ocrx_word' id='word_1_698' title='bbox 769 4802 926 4872; x_wconf 81' lang='lat' dir='ltr'><strong>juxta</strong></span> <span class='ocrx_word' id='word_1_699' title='bbox 957 4804 1153 4881; x_wconf 71' lang='lat' dir='ltr'><strong>divinae</strong></span> <span class='ocrx_word' id='word_1_700' title='bbox 1197 4803 1506 4869; x_wconf 59' lang='lat' dir='ltr'><strong>clementia</strong></span> <span class='ocrx_word' id='word_1_701' title='bbox 1547 4817 1686 4874; x_wconf 88' lang='lat' dir='ltr'><strong>opus</strong></span> <span class='ocrx_word' id='word_1_702' title='bbox 1737 4811 1791 4858; x_wconf 91' lang='lat' dir='ltr'><strong>et</strong></span> <span class='ocrx_word' id='word_1_703' title='bbox 1819 4816 2006 4858; x_wconf 81' lang='lat' dir='ltr'><strong>curam</strong></span> 
     </span>
    </p>
   </div>
   <div class='ocr_carea' id='block_1_94' title="bbox 434 4893 2010 4966">
    <p class='ocr_par' dir='ltr' id='par_1_94' title="bbox 434 4893 2010 4966">
     <span class='ocr_line' id='line_1_94' title="bbox 434 4893 2010 4966; baseline 0.003 -21"><span class='ocrx_word' id='word_1_704' title='bbox 434 4907 597 4961; x_wconf 89' lang='lat' dir='ltr'><strong>quam</strong></span> <span class='ocrx_word' id='word_1_705' title='bbox 633 4908 760 4964; x_wconf 87' lang='lat' dir='ltr'><strong>erga</strong></span> <span class='ocrx_word' id='word_1_706' title='bbox 808 4911 979 4965; x_wconf 89' lang='lat' dir='ltr'><strong>genus</strong></span> <span class='ocrx_word' id='word_1_707' title='bbox 1008 4896 1310 4952; x_wconf 88' lang='lat' dir='ltr'><strong>humanum</strong></span> <span class='ocrx_word' id='word_1_708' title='bbox 1343 4897 1565 4966; x_wconf 77' lang='lat' dir='ltr'><strong>gerebat</strong></span> <span class='ocrx_word' id='word_1_709' title='bbox 1595 4894 1784 4961; x_wconf 84' lang='lat' dir='ltr'><strong>fuisse,</strong></span> <span class='ocrx_word' id='word_1_710' title='bbox 1819 4911 1884 4949; x_wconf 79' lang='lat' dir='ltr'><strong>ex</strong></span> <span class='ocrx_word' id='word_1_711' title='bbox 1923 4893 2010 4950; x_wconf 87' lang='lat' dir='ltr'><strong>his</strong></span> 
     </span>
    </p>
   </div>
   <div class='ocr_carea' id='block_1_95' title="bbox 433 4983 2014 5057">
    <p class='ocr_par' dir='ltr' id='par_1_95' title="bbox 433 4983 2014 5057">
     <span class='ocr_line' id='line_1_95' title="bbox 433 4983 2014 5057; baseline 0.001 -23"><span class='ocrx_word' id='word_1_712' title='bbox 433 4995 736 5049; x_wconf 81' lang='lat' dir='ltr'><strong>cognoscas</strong></span> <span class='ocrx_word' id='word_1_713' title='bbox 767 4984 894 5040; x_wconf 87' lang='lat' dir='ltr'><strong>licet</strong></span> <span class='ocrx_word' id='word_1_714' title='bbox 921 5003 935 5052; x_wconf 94' lang='lat'><strong>;</strong></span> <span class='ocrx_word' id='word_1_715' title='bbox 977 4986 1184 5042; x_wconf 90' lang='lat' dir='ltr'><strong>idcirco</strong></span> <span class='ocrx_word' id='word_1_716' title='bbox 1212 4986 1356 5041; x_wconf 91' lang='lat' dir='ltr'><strong>enim</strong></span> <span class='ocrx_word' id='word_1_717' title='bbox 1388 4986 1698 5057; x_wconf 88' lang='lat' dir='ltr'><strong>prohibitus</strong></span> <span class='ocrx_word' id='word_1_718' title='bbox 1726 4996 1810 5040; x_wconf 92' lang='lat' dir='ltr'><strong>est</strong></span> <span class='ocrx_word' id='word_1_719' title='bbox 1842 4983 1909 5038; x_wconf 88' lang='lat' dir='ltr'><strong>ab</strong></span> <span class='ocrx_word' id='word_1_720' title='bbox 1926 4997 2014 5040; x_wconf 88' lang='lat' dir='ltr'><strong>ar-</strong></span> 
     </span>
    </p>
   </div>
   <div class='ocr_carea' id='block_1_96' title="bbox 441 5073 2014 5149">
    <p class='ocr_par' dir='ltr' id='par_1_96' title="bbox 441 5073 2014 5149">
     <span class='ocr_line' id='line_1_96' title="bbox 441 5073 2014 5149; baseline 0.002 -22"><span class='ocrx_word' id='word_1_721' title='bbox 441 5073 574 5129; x_wconf 89' lang='lat' dir='ltr'><strong>bore</strong></span> <span class='ocrx_word' id='word_1_722' title='bbox 604 5077 724 5132; x_wconf 74' lang='lat' dir='ltr'><strong>vitze</strong></span> <span class='ocrx_word' id='word_1_723' title='bbox 751 5093 818 5133; x_wconf 92' lang='lat' dir='ltr'><strong>ne</strong></span> <span class='ocrx_word' id='word_1_724' title='bbox 846 5077 976 5148; x_wconf 90' lang='lat' dir='ltr'><strong>quid</strong></span> <span class='ocrx_word' id='word_1_725' title='bbox 1004 5078 1132 5134; x_wconf 89' lang='lat' dir='ltr'><strong>inde</strong></span> <span class='ocrx_word' id='word_1_726' title='bbox 1175 5079 1320 5149; x_wconf 94' lang='lat' dir='ltr'><strong>quod</strong></span> <span class='ocrx_word' id='word_1_727' title='bbox 1349 5093 1473 5134; x_wconf 88' lang='lat' dir='ltr'><strong>cum</strong></span> <span class='ocrx_word' id='word_1_728' title='bbox 1517 5078 1703 5133; x_wconf 88' lang='lat' dir='ltr'><strong>divina</strong></span> <span class='ocrx_word' id='word_1_729' title='bbox 1745 5077 2014 5133; x_wconf 84' lang='lat' dir='ltr'><strong>sententia</strong></span> 
     </span>
    </p>
   </div>
   <div class='ocr_carea' id='block_1_97' title="bbox 436 5167 2020 5239">
    <p class='ocr_par' dir='ltr' id='par_1_97' title="bbox 436 5167 2020 5239">
     <span class='ocr_line' id='line_1_97' title="bbox 436 5167 2020 5239; baseline 0.005 -23"><span class='ocrx_word' id='word_1_730' title='bbox 436 5175 718 5233; x_wconf 84' lang='lat' dir='ltr'><strong>pugnaret,</strong></span> <span class='ocrx_word' id='word_1_731' title='bbox 753 5167 1042 5233; x_wconf 87' lang='lat' dir='ltr'><strong>accideret,</strong></span> <span class='ocrx_word' id='word_1_732' title='bbox 1080 5170 1418 5239; x_wconf 87' lang='lat' dir='ltr'><strong>verbumque</strong></span> <span class='ocrx_word' id='word_1_733' title='bbox 1456 5168 1551 5224; x_wconf 90' lang='lat' dir='ltr'><strong>Dei</strong></span> <span class='ocrx_word' id='word_1_734' title='bbox 1598 5169 1800 5225; x_wconf 89' lang='lat' dir='ltr'><strong>falsum</strong></span> <span class='ocrx_word' id='word_1_735' title='bbox 1849 5169 2020 5224; x_wconf 90' lang='lat' dir='ltr'><strong>habe-</strong></span> 
     </span>
    </p>
   </div>
   <div class='ocr_carea' id='block_1_98' title="bbox 439 5258 2020 5342">
    <p class='ocr_par' dir='ltr' id='par_1_98' title="bbox 439 5258 2020 5342">
     <span class='ocr_line' id='line_1_98' title="bbox 439 5258 2020 5342; baseline 0.004 -33"><span class='ocrx_word' id='word_1_736' title='bbox 439 5264 612 5310; x_wconf 79' lang='lat' dir='ltr'><strong>retur.</strong></span> <span class='ocrx_word' id='word_1_737' title='bbox 649 5258 1028 5316; x_wconf 88' lang='lat' dir='ltr'><strong>Contminatus</strong></span> <span class='ocrx_word' id='word_1_738' title='bbox 1055 5261 1199 5316; x_wconf 87' lang='lat' dir='ltr'><strong>enim</strong></span> <span class='ocrx_word' id='word_1_739' title='bbox 1218 5261 1400 5318; x_wconf 88' lang='lat' dir='ltr'><strong>fuerat</strong></span> <span class='ocrx_word' id='word_1_740' title='bbox 1430 5261 1574 5317; x_wconf 90' lang='lat' dir='ltr'><strong>Deus</strong></span> <span class='ocrx_word' id='word_1_741' title='bbox 1603 5263 1930 5342; x_wconf 82' lang='lat' dir='ltr'><strong>moriturum</strong></span> <span class='ocrx_word' id='word_1_742' title='bbox 1953 5261 2020 5315; x_wconf 89' lang='lat' dir='ltr'><strong>il-</strong></span> 
     </span>
    </p>
   </div>
   <div class='ocr_carea' id='block_1_99' title="bbox 437 5352 2026 5426">
    <p class='ocr_par' dir='ltr' id='par_1_99' title="bbox 437 5352 2026 5426">
     <span class='ocr_line' id='line_1_99' title="bbox 437 5352 2026 5426; baseline 0.004 -24"><span class='ocrx_word' id='word_1_743' title='bbox 437 5354 549 5403; x_wconf 88' lang='lat' dir='ltr'><strong>tum</strong></span> <span class='ocrx_word' id='word_1_744' title='bbox 592 5366 702 5420; x_wconf 87' lang='lat' dir='ltr'><strong>quo</strong></span> <span class='ocrx_word' id='word_1_745' title='bbox 749 5352 1066 5420; x_wconf 85' lang='lat' dir='ltr'><strong>degustaret</strong></span> <span class='ocrx_word' id='word_1_746' title='bbox 1096 5354 1166 5410; x_wconf 90' lang='lat' dir='ltr'><strong>de</strong></span> <span class='ocrx_word' id='word_1_747' title='bbox 1211 5355 1407 5410; x_wconf 87' lang='lat' dir='ltr'><strong>arbore</strong></span> <span class='ocrx_word' id='word_1_748' title='bbox 1458 5354 1726 5421; x_wconf 61' lang='lat' dir='ltr'><strong>scientiae,</strong></span> <span class='ocrx_word' id='word_1_749' title='bbox 1786 5355 1952 5426; x_wconf 83' lang='lat' dir='ltr'><strong>igitur</strong></span> <span class='ocrx_word' id='word_1_750' title='bbox 1978 5353 2026 5409; x_wconf 90' lang='lat' dir='ltr'><strong>si</strong></span> 
     </span>
    </p>
   </div>
   <div class='ocr_carea' id='block_1_100' title="bbox 439 5445 2030 5517">
    <p class='ocr_par' dir='ltr' id='par_1_100' title="bbox 439 5445 2030 5517">
     <span class='ocr_line' id='line_1_100' title="bbox 439 5445 2030 5517; baseline 0.001 -16"><span class='ocrx_word' id='word_1_751' title='bbox 439 5455 563 5513; x_wconf 89' lang='lat' dir='ltr'><strong>post</strong></span> <span class='ocrx_word' id='word_1_752' title='bbox 583 5445 726 5500; x_wconf 90' lang='lat' dir='ltr'><strong>hanc</strong></span> <span class='ocrx_word' id='word_1_753' title='bbox 746 5455 1043 5517; x_wconf 82' lang='lat' dir='ltr'><strong>gustatam,</strong></span> <span class='ocrx_word' id='word_1_754' title='bbox 1061 5447 1226 5502; x_wconf 88' lang='lat' dir='ltr'><strong>etiam</strong></span> <span class='ocrx_word' id='word_1_755' title='bbox 1249 5449 1317 5503; x_wconf 91' lang='lat' dir='ltr'><strong>de</strong></span> <span class='ocrx_word' id='word_1_756' title='bbox 1332 5449 1532 5505; x_wconf 87' lang='lat' dir='ltr'><strong>arbore</strong></span> <span class='ocrx_word' id='word_1_757' title='bbox 1547 5449 1671 5504; x_wconf 73' lang='lat' dir='ltr'><strong>vitae</strong></span> <span class='ocrx_word' id='word_1_758' title='bbox 1689 5449 1911 5514; x_wconf 87' lang='lat' dir='ltr'><strong>edisset,</strong></span> <span class='ocrx_word' id='word_1_759' title='bbox 1937 5456 2030 5503; x_wconf 86' lang='lat' dir='ltr'><strong>aut</strong></span> 
     </span>
    </p>
   </div>
   <div class='ocr_carea' id='block_1_101' title="bbox 442 5537 2028 5612">
    <p class='ocr_par' dir='ltr' id='par_1_101' title="bbox 442 5537 2028 5612">
     <span class='ocr_line' id='line_1_101' title="bbox 442 5537 2028 5612; baseline 0.001 -19"><span class='ocrx_word' id='word_1_760' title='bbox 442 5537 582 5595; x_wconf 81' lang='lat' dir='ltr'><strong>falso</strong></span> <span class='ocrx_word' id='word_1_761' title='bbox 609 5540 832 5595; x_wconf 87' lang='lat' dir='ltr'><strong>nomine</strong></span> <span class='ocrx_word' id='word_1_762' title='bbox 868 5541 972 5595; x_wconf 90' lang='lat' dir='ltr'><strong>ista</strong></span> <span class='ocrx_word' id='word_1_763' title='bbox 997 5540 1117 5595; x_wconf 83' lang='lat' dir='ltr'><strong>vitae</strong></span> <span class='ocrx_word' id='word_1_764' title='bbox 1147 5541 1311 5596; x_wconf 87' lang='lat' dir='ltr'><strong>arbor</strong></span> <span class='ocrx_word' id='word_1_765' title='bbox 1333 5542 1598 5612; x_wconf 88' lang='lat' dir='ltr'><strong>appellata</strong></span> <span class='ocrx_word' id='word_1_766' title='bbox 1621 5558 1652 5597; x_wconf 88' lang='lat' dir='ltr'><strong>a</strong></span> <span class='ocrx_word' id='word_1_767' title='bbox 1683 5541 1795 5597; x_wconf 91' lang='lat' dir='ltr'><strong>Deo</strong></span> <span class='ocrx_word' id='word_1_768' title='bbox 1816 5542 2028 5606; x_wconf 86' lang='lat' dir='ltr'><strong>fuisset,</strong></span> 
     </span>
    </p>
   </div>
   <div class='ocr_carea' id='block_1_102' title="bbox 446 5632 2032 5703">
    <p class='ocr_par' dir='ltr' id='par_1_102' title="bbox 446 5632 2032 5703">
     <span class='ocr_line' id='line_1_102' title="bbox 446 5632 2032 5703; baseline 0.003 -20"><span class='ocrx_word' id='word_1_769' title='bbox 446 5641 541 5685; x_wconf 88' lang='lat' dir='ltr'><strong>aut</strong></span> <span class='ocrx_word' id='word_1_770' title='bbox 585 5632 875 5688; x_wconf 86' lang='lat' dir='ltr'><strong>mendaces</strong></span> <span class='ocrx_word' id='word_1_771' title='bbox 917 5632 1149 5688; x_wconf 83' lang='lat' dir='ltr'><strong>fuissent</strong></span> <span class='ocrx_word' id='word_1_772' title='bbox 1197 5632 1302 5689; x_wconf 77' lang='lat' dir='ltr'><strong>illa:</strong></span> <span class='ocrx_word' id='word_1_773' title='bbox 1350 5633 1472 5703; x_wconf 90' lang='lat' dir='ltr'><strong>ejus</strong></span> <span class='ocrx_word' id='word_1_774' title='bbox 1524 5634 1709 5690; x_wconf 82' lang='lat' dir='ltr'><strong>minae.</strong></span> <span class='ocrx_word' id='word_1_775' title='bbox 1767 5633 1849 5689; x_wconf 87' lang='lat' dir='ltr'><strong>Ad</strong></span> <span class='ocrx_word' id='word_1_776' title='bbox 1907 5632 2032 5698; x_wconf 91' lang='lat' dir='ltr'><strong>hoc,</strong></span> 
     </span>
    </p>
   </div>
   <div class='ocr_carea' id='block_1_103' title="bbox 2121 4613 3706 4692">
    <p class='ocr_par' dir='ltr' id='par_1_103' title="bbox 2121 4613 3706 4692">
     <span class='ocr_line' id='line_1_103' title="bbox 2121 4613 3706 4692; baseline -0.006 -14"><span class='ocrx_word' id='word_1_777' title='bbox 2121 4623 2178 4678; x_wconf 89' lang='lat' dir='ltr'><strong>in</strong></span> <span class='ocrx_word' id='word_1_778' title='bbox 2226 4613 2348 4692; x_wconf 69' lang='lat' dir='ltr'><strong>quae</strong></span> <span class='ocrx_word' id='word_1_779' title='bbox 2384 4619 2525 4675; x_wconf 91' lang='lat' dir='ltr'><strong>mala</strong></span> <span class='ocrx_word' id='word_1_780' title='bbox 2555 4620 2706 4674; x_wconf 90' lang='lat' dir='ltr'><strong>illum</strong></span> <span class='ocrx_word' id='word_1_781' title='bbox 2738 4618 2972 4689; x_wconf 88' lang='lat' dir='ltr'><strong>conjecit</strong></span> <span class='ocrx_word' id='word_1_782' title='bbox 3001 4617 3255 4688; x_wconf 85' lang='lat' dir='ltr'><strong>paradiso</strong></span> <span class='ocrx_word' id='word_1_783' title='bbox 3301 4617 3539 4687; x_wconf 87' lang='lat' dir='ltr'><strong>pulsum,</strong></span> <span class='ocrx_word' id='word_1_784' title='bbox 3565 4631 3706 4684; x_wconf 91' lang='lat' dir='ltr'><strong>quas</strong></span> 
     </span>
    </p>
   </div>
   <div class='ocr_carea' id='block_1_104' title="bbox 2109 4708 3707 4778">
    <p class='ocr_par' dir='ltr' id='par_1_104' title="bbox 2109 4708 3707 4778">
     <span class='ocr_line' id='line_1_104' title="bbox 2109 4708 3707 4778; baseline -0.007 -7"><span class='ocrx_word' id='word_1_785' title='bbox 2109 4715 2327 4771; x_wconf 88' lang='lat' dir='ltr'><strong>tandem</strong></span> <span class='ocrx_word' id='word_1_786' title='bbox 2344 4712 2776 4775; x_wconf 83' lang='lat' dir='ltr'><strong>commoditates,</strong></span> <span class='ocrx_word' id='word_1_787' title='bbox 2793 4711 3120 4765; x_wconf 88' lang='lat' dir='ltr'><strong>utilitatesve</strong></span> <span class='ocrx_word' id='word_1_788' title='bbox 3133 4708 3326 4765; x_wconf 78' lang='lat' dir='ltr'><strong>afferre</strong></span> <span class='ocrx_word' id='word_1_789' title='bbox 3349 4708 3423 4763; x_wconf 91' lang='lat' dir='ltr'><strong>illi</strong></span> <span class='ocrx_word' id='word_1_790' title='bbox 3443 4710 3707 4778; x_wconf 79' lang='lat' dir='ltr'><strong>potuere?</strong></span> 
     </span>
    </p>
   </div>
   <div class='ocr_carea' id='block_1_105' title="bbox 2116 4797 3708 4875">
    <p class='ocr_par' dir='ltr' id='par_1_105' title="bbox 2116 4797 3708 4875">
     <span class='ocr_line' id='line_1_105' title="bbox 2116 4797 3708 4875; baseline -0.006 -14"><span class='ocrx_word' id='word_1_791' title='bbox 2116 4805 2552 4875; x_wconf 82' lang='lat' dir='ltr'><strong>Respondemus,</strong></span> <span class='ocrx_word' id='word_1_792' title='bbox 2601 4802 2774 4857; x_wconf 91' lang='lat' dir='ltr'><strong>Deum</strong></span> <span class='ocrx_word' id='word_1_793' title='bbox 2813 4818 2922 4856; x_wconf 93' lang='lat' dir='ltr'><strong>non</strong></span> <span class='ocrx_word' id='word_1_794' title='bbox 2961 4800 3165 4856; x_wconf 89' lang='lat' dir='ltr'><strong>frustra</strong></span> <span class='ocrx_word' id='word_1_795' title='bbox 3205 4802 3442 4870; x_wconf 87' lang='lat' dir='ltr'><strong>quietem</strong></span> <span class='ocrx_word' id='word_1_796' title='bbox 3478 4797 3555 4852; x_wconf 89' lang='lat' dir='ltr'><strong>illi</strong></span> <span class='ocrx_word' id='word_1_797' title='bbox 3584 4798 3708 4852; x_wconf 82' lang='lat' dir='ltr'><strong>nul-</strong></span> 
     </span>
    </p>
   </div>
   <div class='ocr_carea' id='block_1_106' title="bbox 2116 4891 3706 4961">
    <p class='ocr_par' dir='ltr' id='par_1_106' title="bbox 2116 4891 3706 4961">
     <span class='ocr_line' id='line_1_106' title="bbox 2116 4891 3706 4961; baseline -0.007 -8"><span class='ocrx_word' id='word_1_798' title='bbox 2116 4899 2226 4953; x_wconf 91' lang='lat' dir='ltr'><strong>lam</strong></span> <span class='ocrx_word' id='word_1_799' title='bbox 2269 4896 2633 4961; x_wconf 79' lang='lat' dir='ltr'><strong>Concessisse,</strong></span> <span class='ocrx_word' id='word_1_800' title='bbox 2661 4904 2720 4949; x_wconf 92' lang='lat' dir='ltr'><strong>ut</strong></span> <span class='ocrx_word' id='word_1_801' title='bbox 2753 4901 2838 4949; x_wconf 90' lang='lat' dir='ltr'><strong>est</strong></span> <span class='ocrx_word' id='word_1_802' title='bbox 2873 4894 3172 4948; x_wconf 86' lang='lat' dir='ltr'><strong>humanum</strong></span> <span class='ocrx_word' id='word_1_803' title='bbox 3229 4891 3536 4961; x_wconf 83' lang='lat' dir='ltr'><strong>ingenium;</strong></span> <span class='ocrx_word' id='word_1_804' title='bbox 3579 4904 3706 4943; x_wconf 89' lang='lat' dir='ltr'><strong>nam</strong></span> 
     </span>
    </p>
   </div>
   <div class='ocr_carea' id='block_1_107' title="bbox 2120 4983 3705 5050">
    <p class='ocr_par' dir='ltr' id='par_1_107' title="bbox 2120 4983 3705 5050">
     <span class='ocr_line' id='line_1_107' title="bbox 2120 4983 3705 5050; baseline -0.008 -3"><span class='ocrx_word' id='word_1_805' title='bbox 2120 4992 2168 5047; x_wconf 88' lang='lat' dir='ltr'><strong>si</strong></span> <span class='ocrx_word' id='word_1_806' title='bbox 2209 4991 2373 5045; x_wconf 81' lang='lat' dir='ltr'><strong>tantis</strong></span> <span class='ocrx_word' id='word_1_807' title='bbox 2413 4988 2758 5044; x_wconf 87' lang='lat' dir='ltr'><strong>condemnati</strong></span> <span class='ocrx_word' id='word_1_808' title='bbox 2796 4987 2956 5041; x_wconf 88' lang='lat' dir='ltr'><strong>malis</strong></span> <span class='ocrx_word' id='word_1_809' title='bbox 2982 5000 3088 5038; x_wconf 90' lang='lat' dir='ltr'><strong>non</strong></span> <span class='ocrx_word' id='word_1_810' title='bbox 3122 4983 3423 5039; x_wconf 89' lang='lat' dir='ltr'><strong>desinimus</strong></span> <span class='ocrx_word' id='word_1_811' title='bbox 3455 4996 3705 5050; x_wconf 86' lang='lat' dir='ltr'><strong>peccare,</strong></span> 
     </span>
    </p>
   </div>
   <div class='ocr_carea' id='block_1_108' title="bbox 2123 5071 3708 5152">
    <p class='ocr_par' dir='ltr' id='par_1_108' title="bbox 2123 5071 3708 5152">
     <span class='ocr_line' id='line_1_108' title="bbox 2123 5071 3708 5152; baseline -0.008 -15"><span class='ocrx_word' id='word_1_812' title='bbox 2123 5081 2254 5152; x_wconf 86' lang='lat' dir='ltr'><strong>quid</strong></span> <span class='ocrx_word' id='word_1_813' title='bbox 2310 5096 2421 5135; x_wconf 90' lang='lat' dir='ltr'><strong>non</strong></span> <span class='ocrx_word' id='word_1_814' title='bbox 2472 5090 2845 5150; x_wconf 88' lang='lat' dir='ltr'><strong>patrassemus</strong></span> <span class='ocrx_word' id='word_1_815' title='bbox 2887 5077 2941 5130; x_wconf 88' lang='lat' dir='ltr'><strong>in</strong></span> <span class='ocrx_word' id='word_1_816' title='bbox 2979 5076 3092 5130; x_wconf 91' lang='lat' dir='ltr'><strong>otio</strong></span> <span class='ocrx_word' id='word_1_817' title='bbox 3157 5073 3478 5141; x_wconf 89' lang='lat' dir='ltr'><strong>deliciisque</strong></span> <span class='ocrx_word' id='word_1_818' title='bbox 3539 5071 3708 5124; x_wconf 88' lang='lat' dir='ltr'><strong>vitam</strong></span> 
     </span>
    </p>
   </div>
   <div class='ocr_carea' id='block_1_109' title="bbox 2124 5161 3712 5244">
    <p class='ocr_par' dir='ltr' id='par_1_109' title="bbox 2124 5161 3712 5244">
     <span class='ocr_line' id='line_1_109' title="bbox 2124 5161 3712 5244; baseline -0.01 -15"><span class='ocrx_word' id='word_1_819' title='bbox 2124 5173 2333 5244; x_wconf 83' lang='lat' dir='ltr'><strong>agitare</strong></span> <span class='ocrx_word' id='word_1_820' title='bbox 2359 5170 2652 5242; x_wconf 85' lang='lat' dir='ltr'><strong>permissi?</strong></span> <span class='ocrx_word' id='word_1_821' title='bbox 2680 5169 2841 5224; x_wconf 80' lang='lat' dir='ltr'><strong>Certe</strong></span> <span class='ocrx_word' id='word_1_822' title='bbox 2896 5167 3059 5237; x_wconf 89' lang='lat' dir='ltr'><strong>hujus</strong></span> <span class='ocrx_word' id='word_1_823' title='bbox 3113 5166 3209 5235; x_wconf 60' lang='lat' dir='ltr'><strong>rei;</strong></span> <span class='ocrx_word' id='word_1_824' title='bbox 3242 5163 3488 5233; x_wconf 84' lang='lat' dir='ltr'><strong>exempla</strong></span> <span class='ocrx_word' id='word_1_825' title='bbox 3549 5161 3712 5215; x_wconf 86' lang='lat' dir='ltr'><strong>nobis</strong></span> 
     </span>
    </p>
   </div>
   <div class='ocr_carea' id='block_1_110' title="bbox 2124 5255 3709 5334">
    <p class='ocr_par' dir='ltr' id='par_1_110' title="bbox 2124 5255 3709 5334">
     <span class='ocr_line' id='line_1_110' title="bbox 2124 5255 3709 5334; baseline -0.008 -15"><span class='ocrx_word' id='word_1_826' title='bbox 2124 5263 2472 5334; x_wconf 81' lang='lat' dir='ltr'><strong>suppeditant</strong></span> <span class='ocrx_word' id='word_1_827' title='bbox 2515 5261 2789 5324; x_wconf 90' lang='lat' dir='ltr'><strong>homines,</strong></span> <span class='ocrx_word' id='word_1_828' title='bbox 2820 5259 2914 5331; x_wconf 92' lang='lat' dir='ltr'><strong>qui</strong></span> <span class='ocrx_word' id='word_1_829' title='bbox 2953 5257 3115 5313; x_wconf 90' lang='lat' dir='ltr'><strong>otiosi</strong></span> <span class='ocrx_word' id='word_1_830' title='bbox 3149 5271 3213 5312; x_wconf 89' lang='lat' dir='ltr'><strong>ac</strong></span> <span class='ocrx_word' id='word_1_831' title='bbox 3241 5255 3456 5310; x_wconf 82' lang='lat' dir='ltr'><strong>desides</strong></span> <span class='ocrx_word' id='word_1_832' title='bbox 3491 5262 3655 5322; x_wconf 90' lang='lat' dir='ltr'><strong>atque</strong></span> <span class='ocrx_word' id='word_1_833' title='bbox 3680 5267 3709 5306; x_wconf 89' lang='lat' dir='ltr'><strong>a</strong></span> 
     </span>
    </p>
   </div>
   <div class='ocr_carea' id='block_1_111' title="bbox 2123 5347 3710 5415">
    <p class='ocr_par' dir='ltr' id='par_1_111' title="bbox 2123 5347 3710 5415">
     <span class='ocr_line' id='line_1_111' title="bbox 2123 5347 3710 5415; baseline -0.01 -3"><span class='ocrx_word' id='word_1_834' title='bbox 2123 5357 2310 5412; x_wconf 86' lang='lat' dir='ltr'><strong>labore</strong></span> <span class='ocrx_word' id='word_1_835' title='bbox 2342 5364 2397 5410; x_wconf 89' lang='lat' dir='ltr'><strong>et</strong></span> <span class='ocrx_word' id='word_1_836' title='bbox 2425 5353 2691 5410; x_wconf 86' lang='lat' dir='ltr'><strong>molestiis</strong></span> <span class='ocrx_word' id='word_1_837' title='bbox 2721 5352 2878 5406; x_wconf 85' lang='lat' dir='ltr'><strong>vacui</strong></span> <span class='ocrx_word' id='word_1_838' title='bbox 2920 5350 3156 5405; x_wconf 90' lang='lat' dir='ltr'><strong>molliter</strong></span> <span class='ocrx_word' id='word_1_839' title='bbox 3171 5363 3235 5403; x_wconf 89' lang='lat' dir='ltr'><strong>ac</strong></span> <span class='ocrx_word' id='word_1_840' title='bbox 3262 5347 3492 5402; x_wconf 85' lang='lat' dir='ltr'><strong>delicate</strong></span> <span class='ocrx_word' id='word_1_841' title='bbox 3519 5355 3710 5415; x_wconf 83' lang='lat' dir='ltr'><strong>agunt.</strong></span> 
     </span>
    </p>
   </div>
   <div class='ocr_carea' id='block_1_112' title="bbox 2127 5435 3712 5514">
    <p class='ocr_par' dir='ltr' id='par_1_112' title="bbox 2127 5435 3712 5514">
     <span class='ocr_line' id='line_1_112' title="bbox 2127 5435 3712 5514; baseline -0.009 -11"><span class='ocrx_word' id='word_1_842' title='bbox 2127 5447 2307 5503; x_wconf 90' lang='lat' dir='ltr'><strong>Otium</strong></span> <span class='ocrx_word' id='word_1_843' title='bbox 2333 5461 2520 5514; x_wconf 90' lang='lat' dir='ltr'><strong>porro,</strong></span> <span class='ocrx_word' id='word_1_844' title='bbox 2544 5443 2834 5508; x_wconf 90' lang='lat' dir='ltr'><strong>desidiam,</strong></span> <span class='ocrx_word' id='word_1_845' title='bbox 2871 5441 3095 5497; x_wconf 89' lang='lat' dir='ltr'><strong>delicias</strong></span> <span class='ocrx_word' id='word_1_846' title='bbox 3125 5441 3264 5495; x_wconf 87' lang='lat' dir='ltr'><strong>mala</strong></span> <span class='ocrx_word' id='word_1_847' title='bbox 3295 5455 3436 5502; x_wconf 88' lang='lat' dir='ltr'><strong>esse,</strong></span> <span class='ocrx_word' id='word_1_848' title='bbox 3469 5435 3712 5492; x_wconf 83' lang='lat' dir='ltr'><strong>certissi-</strong></span> 
     </span>
    </p>
   </div>
   <div class='ocr_carea' id='block_1_113' title="bbox 2137 5529 3713 5607">
    <p class='ocr_par' dir='ltr' id='par_1_113' title="bbox 2137 5529 3713 5607">
     <span class='ocr_line' id='line_1_113' title="bbox 2137 5529 3713 5607; baseline -0.006 -15"><span class='ocrx_word' id='word_1_849' title='bbox 2137 5537 2243 5594; x_wconf 85' lang='lat' dir='ltr'><strong>mis</strong></span> <span class='ocrx_word' id='word_1_850' title='bbox 2273 5536 2568 5607; x_wconf 78' lang='lat' dir='ltr'><strong>Scripturae</strong></span> <span class='ocrx_word' id='word_1_851' title='bbox 2591 5535 2918 5592; x_wconf 90' lang='lat' dir='ltr'><strong>testimoniis</strong></span> <span class='ocrx_word' id='word_1_852' title='bbox 2949 5533 3365 5604; x_wconf 89' lang='lat' dir='ltr'><strong>comprobatur.</strong></span> <span class='ocrx_word' id='word_1_853' title='bbox 3397 5529 3534 5585; x_wconf 76' lang='lat' dir='ltr'><strong>Nam</strong></span> <span class='ocrx_word' id='word_1_854' title='bbox 3573 5529 3713 5582; x_wconf 77' lang='lat' dir='ltr'><strong>libro</strong></span> 
     </span>
    </p>
   </div>
   <div class='ocr_carea' id='block_1_114' title="bbox 2131 5619 3714 5701">
    <p class='ocr_par' dir='ltr' id='par_1_114' title="bbox 2131 5619 3714 5701">
     <span class='ocr_line' id='line_1_114' title="bbox 2131 5619 3714 5701; baseline -0.008 -15"><span class='ocrx_word' id='word_1_855' title='bbox 2131 5629 2373 5686; x_wconf 89' lang='lat' dir='ltr'><strong>secundo</strong></span> <span class='ocrx_word' id='word_1_856' title='bbox 2401 5630 2512 5701; x_wconf 62' lang='lat' dir='ltr'><strong>t2?)</strong></span> <span class='ocrx_word' id='word_1_857' title='bbox 2533 5629 2795 5700; x_wconf 89' lang='lat' dir='ltr'><strong>scriptum</strong></span> <span class='ocrx_word' id='word_1_858' title='bbox 2816 5635 2902 5683; x_wconf 90' lang='lat' dir='ltr'><strong>est</strong></span> <span class='ocrx_word' id='word_1_859' title='bbox 2920 5645 2933 5682; x_wconf 87' lang='lat'><strong>:</strong></span> <span class='ocrx_word' id='word_1_860' title='bbox 2954 5625 3198 5683; x_wconf 77' lang='lat' dir='ltr'><strong>Consedit</strong></span> <span class='ocrx_word' id='word_1_861' title='bbox 3215 5623 3438 5696; x_wconf 79' lang='lat' dir='ltr'><strong>populus</strong></span> <span class='ocrx_word' id='word_1_862' title='bbox 3465 5623 3532 5676; x_wconf 84' lang='lat' dir='ltr'><strong>ad</strong></span> <span class='ocrx_word' id='word_1_863' title='bbox 3560 5619 3714 5676; x_wconf 83' lang='lat' dir='ltr'><strong>eden-</strong></span> 
     </span>
    </p>
   </div>
   <div class='ocr_carea' id='block_1_115' title="bbox 527 5799 2834 5879">
    <p class='ocr_par' dir='ltr' id='par_1_115' title="bbox 527 5799 2834 5879">
     <span class='ocr_line' id='line_1_115' title="bbox 527 5799 2834 5879; baseline 0 -15"><span class='ocrx_word' id='word_1_864' title='bbox 527 5799 642 5867; x_wconf 61' lang='grc'><strong>(27)</strong></span> <span class='ocrx_word' id='word_1_865' title='bbox 686 5801 808 5875; x_wconf 79' lang='lat' dir='ltr'><strong>Syri</strong></span> <span class='ocrx_word' id='word_1_866' title='bbox 855 5807 1024 5864; x_wconf 89' lang='lat' dir='ltr'><strong>libros</strong></span> <span class='ocrx_word' id='word_1_867' title='bbox 1057 5808 1220 5866; x_wconf 81' lang='lat' dir='ltr'><strong>Musis</strong></span> <span class='ocrx_word' id='word_1_868' title='bbox 1248 5825 1311 5864; x_wconf 82' lang='lat' dir='ltr'><strong>ex</strong></span> <span class='ocrx_word' id='word_1_869' title='bbox 1339 5809 1530 5868; x_wconf 87' lang='lat' dir='ltr'><strong>ordine</strong></span> <span class='ocrx_word' id='word_1_870' title='bbox 1563 5811 1808 5869; x_wconf 83' lang='lat' dir='ltr'><strong>numeris</strong></span> <span class='ocrx_word' id='word_1_871' title='bbox 1839 5818 2032 5869; x_wconf 89' lang='lat' dir='ltr'><strong>notant</strong></span> <span class='ocrx_word' id='word_1_872' title='bbox 2071 5807 2270 5879; x_wconf 72' lang='lat' dir='ltr'><strong>schius</strong></span> <span class='ocrx_word' id='word_1_873' title='bbox 2305 5822 2468 5877; x_wconf 81' lang='lat' dir='ltr'><strong>quam</strong></span> <span class='ocrx_word' id='word_1_874' title='bbox 2506 5806 2834 5864; x_wconf 84' lang='lat' dir='ltr'><strong>nominibus.</strong></span> 
     </span>
    </p>
   </div>
  </div>
