4086 6396
319 283 420 347 577

1463 287 1558 346 DE
1599 283 2002 346 PARADlSO.
2043 308 2112 319 -
2157 284 2351 344 PARS
2391 284 2434 344 l.

3525 290 3628 353 578

318 400 622 466 dum,elad
644 397 938 467 bibendum,
966 401 1303 471 surrexilque
1320 400 1389 454 ad
1406 400 1773 455 lmtendum“.
1797 399 1857 452 Et
1877 399 1908 450 Ii
1965 403 2004 458 Α
2041 400 2228 453 Stilzus
2264 397 2468 466 angelis
2503 396 2913 467 incorporeum;
2946 400 3116 453 aciem
3147 414 3275 455 vero
3315 399 3477 471 gladii
3511 415 3628 458 ver-

317 495 416 547 bro
432 491 628 560 quinto
656 489 911 561 :Pinguis
930 491 1104 559 factas
1125 502 1201 545 est
1231 491 1419 557 Israel,
1447 500 1494 545 et
1513 490 1813 545 calcitravit
1848 489 1915 543 δ’.

319 585 382 640 Et
411 584 634 656 quidam
654 599 720 639 ex
746 586 1086 655 sapientibus
1113 586 1376 656 scriptum
1410 585 1627 654 reliquit
1660 603 1673 639 :
1713 584 1927 638 Maian.

317 689 391 732 est
423 677 610 742 otium,
665 690 823 746 atque
882 679 1106 748 pigritia
1157 678 1399 748 fraudem
1449 678 1590 746 parit
1617 677 1686 732 ⁸³.
1715 677 1920 732 Contra

324 787 448 826 vero
476 811 491 835 ,
529 771 769 836 labores,
819 772 1243 840 turbulentaque
1271 772 1529 826 exercitia
1580 771 1724 824 bona
1773 785 1918 836 esse,

320 871 613 918 attestatur
675 863 869 933 David,
925 878 1047 917 cum
1090 863 1156 917 de
1209 863 1470 918 lsraelitis
1518 863 1752 932 loquens
1803 861 1916 916 ait:

320 951 454 1009 Cum
485 953 743 1006 occideret
777 954 940 1019 ipsos,
973 953 1275 1023 quwrebant
1299 970 1438 1019 eum,
1469 964 1517 1008 et
1545 957 1922 1008 converteban-

321 1057 430 1108 tur,
462 1054 620 1114 atque
648 1045 993 1098 maturabant
1059 1045 1128 1098 ad
1153 1046 1328 1116 ipsum
1359 1045 1428 1099 3‘.
1462 1047 1524 1100 Et
1557 1046 1683 1100 alibi
1718 1064 1732 1101 :
1759 1045 1919 1114 Bene,

320 1137 519 1203 inquit,
557 1137 684 1189 mihi
729 1146 835 1201 est,
899 1138 1037 1208 quod
1081 1140 1182 1192 sim
1229 1139 1565 1204 humiliatus,
1611 1153 1668 1192 ut
1719 1140 1922 1192 discam

324 1229 591 1282 mandata
649 1239 738 1282 tua
759 1230 826 1282 ⁸⁵.
885 1228 947 1282 Et
983 1229 1125 1285 Deus
1159 1246 1254 1300 per
1291 1229 1584 1286 Jeremiam
1629 1232 1690 1284 ad
1733 1231 1923 1286 civita-

321 1330 426 1374 tem
471 1318 774 1373 Jerusalem
821 1337 835 1374 :
870 1319 978 1374 Per
1037 1322 1242 1391 plagas,
1274 1322 1470 1391 inquit,
1529 1322 1742 1376 erudita
1784 1339 1860 1386 es,
1891 1341 1920 1376 υ

319 1411 628 1465 Jerusalem
666 1411 733 1465 ⁸⁸.
769 1411 1010 1466 Rursum
1042 1412 1244 1467 Paulus
1281 1432 1294 1469 :
1333 1414 1496 1467 Datus
1535 1425 1634 1479 est,
1670 1417 1768 1480 ait,
1793 1414 1923 1468 mihi

319 1506 571 1558 stimulus
597 1507 649 1556 in
679 1521 888 1557 carnem
921 1521 1116 1568 meam,
1165 1505 1380 1574 angelus
1414 1503 1654 1572 Satana',
1694 1522 1756 1559 ne
1791 1507 1918 1575 θίγε·

321 1612 413 1646 rar
433 1593 500 1646 ⁸⁷.
536 1591 838 1647 Conficitur
863 1593 1069 1662 itaque,
1114 1593 1322 1648 homini
1353 1610 1419 1649 ex
1447 1611 1545 1649 usu
1570 1595 1740 1651 fuisse
1773 1595 1920 1665 quod

321 1687 626 1749 doloribus,
667 1684 1077 1754 laboribusque,
1119 1695 1167 1739 et
1197 1687 1493 1742 sudoribus
1535 1689 1807 1744 obnoxius
1837 1697 1921 1743 est

2025 491 2200 548 satilis
2227 489 2393 544 fuisse
2429 487 2654 558 ﬁguram
2688 492 2976 560 quamdam
3029 491 3196 557 ignem
3231 492 3432 548 lancea:
3457 510 3624 563 quant

2023 582 2242 637 Chcrub
2276 596 2438 634 manu
2491 591 2678 635 tenens
2726 591 2888 650 atque
2921 595 3239 643 coruscans,
3277 585 3628 651 proterrebat

2025 678 2236 746 primos
2280 683 2534 743 parentes
2574 689 2604 728 a
2654 675 2928 742 paradiso,
2961 674 3292 742 arcebatque
3331 677 3400 728 ah
3431 677 3630 731 arbore.

2023 769 2170 820 vitae.
2201 765 2468 820 Caeterum
2521 766 2733 818 lanceae
2774 764 3004 819 formam
3047 766 3171 820 inde
3199 777 3452 834 tt'guunt,
3484 769 3627 836 quod

2025 873 2092 912 eo
2145 860 2373 929 mystice
2440 866 2724 928 spectasse
2768 859 3016 912 videatur
3091 859 3275 912 lancea
3343 861 3430 912 illa
3465 875 3626 930 quam

2025 949 2282 1005 Christus
2325 965 2425 1004 suo
2459 953 2624 1003 latere
2655 950 2871 1018 excepit
2910 967 2922 1003 :
2960 951 3114 1019 quasi
3138 951 3251 1018 jam
3289 960 3400 1004 tum
3434 963 3618 1022 eripio

2027 1050 2173 1096 esset
2207 1042 2274 1096 de
2315 1057 2478 1096 manu
2539 1041 2780 1106 Cheruh,
2820 1040 2909 1094 illa
2971 1044 3179 1103 lancea,
3243 1042 3625 1114 patelaztaquc

2025 1133 2090 1186 a.l
2130 1134 2380 1187 arborem
2417 1133 2540 1187 vitae
2600 1133 2708 1186 via.
2757 1133 2858 1186 Alii
2890 1132 3076 1186 dicunt
3103 1136 3271 1186 aciem
3321 1135 3484 1202 gladii
3529 1152 3628 1190 vo-

2024 1235 2202 1280 catam
2257 1242 2400 1285 esse.
2455 1241 2563 1278 non
2606 1225 2811 1278 l'crrum
2865 1239 3042 1292 neque
3091 1226 3293 1294 ignem,
3350 1229 3444 1282 sed
3479 1229 3618 1298 ligu-

2024 1331 2140 1370 rum
2174 1316 2467 1385 quamdam
2520 1315 2693 1375 ensis,
2751 1330 2884 1383 quae
2921 1315 3076 1383 itnca
3128 1317 3308 1384 Spt'cic
3360 1318 3630 1373 colluccre

2023 1416 2190 1477 atque
2235 1406 2440 1476 fulgere
2482 1406 2799 1471 Videbatur;
2834 1403 3053 1460 Chcrub
3110 1423 3236 1460 vero
3283 1423 3388 1460 non
3447 1407 3622 1462 cmle-

2026 1508 2163 1556 stem
2201 1499 2436 1568 aliquem
2472 1498 2724 1568 spiritum
2779 1507 2944 1565 atque
2991 1495 3372 1567 incorporeum
3413 1500 3631 1568 angelo-

2025 1607 2145 1645 rum
2189 1590 2378 1655 luisse,
2421 1591 2514 1644 sed
2543 1599 2816 1659 spectrum
2851 1589 3127 1659 quoddam
3187 1591 3509 1656 vehemens;
3542 1591 3625 1645 id-

2026 1701 2132 1757 que
2169 1685 2387 1741 Cherub
2412 1686 2631 1738 nomine
2665 1697 2917 1738 vocatum
2954 1698 3094 1749 esse,
3123 1683 3249 1752 quia
3279 1685 3452 1736 soleat
3479 1683 3627 1737 Scri-

327 1777 567 1829 reddilus
615 1792 642 1827 a
687 1778 814 1836 Deo,
869 1785 1158 1845 postquam
1209 1777 1523 1831 eliminatus
1561 1789 1705 1833 esset
1746 1795 1903 1846 para-
1941 1779 1983 1834 Β
2015 1789 2169 1849 plura
2215 1793 2338 1847 quae
2399 1776 2620 1846 magnis
2660 1775 2870 1830 viribus
2934 1790 3239 1844 magnaque
3280 1773 3622 1828 vehementia

329 1866 483 1920 diso?
520 1866 578 1920 Et
628 1869 830 1920 t'ersari
869 1869 990 1939 fecit
1047 1869 1115 1921 ad
1148 1870 1398 1923 orientem
1449 1873 1690 1940 paradisi
1748 1873 1914 1940 ipsius

333 1961 498 2024 Eden,
526 1957 748 2024 Cherub,
780 1969 829 2013 et
878 1960 1041 2013 aciem
1066 1961 1232 2031 gladii
1273 1964 1560 2027 versatilis,
1613 1965 1682 2016 ad
1741 1976 1918 2018 custo-

340 2053 588 2105 diendum
612 2054 718 2105 iter
748 2052 952 2106 arboris
997 2054 1136 2108 vita.
1185 2053 1241 2107 In
1281 2054 1629 2110 llebrtuoest
1657 2073 1671 2109 :
1701 2056 1769 2110 Et
1805 2073 1919 2110 ma-

323 2159 446 2196 nere
485 2144 610 2211 fecit
637 2143 701 2196 ab
757 2144 956 2197 oriente
1001 2146 1247 2214 paradisi
1303 2146 1609 2202 Clterubim.
1669 2147 1916 2214 Gnaeum

321 2250 451 2290 vero
482 2236 642 2290 habet
681 2253 694 2288 :
731 2233 800 2287 Et
831 2235 1106 2291 collocavit
1140 2237 1370 2303 Clterub,
1414 2247 1463 2293 et
1494 2239 1732 2309 gladium
1761 2240 1918 2310 ﬂam-

321 2343 495 2390 meum
526 2328 596 2380 ad
625 2329 1030 2384 custodiendum
1077 2333 1177 2386 iter
1204 2331 1409 2386 arboris
1454 2334 1596 2386 vitta.
1639 2332 1921 2404 Significa-

323 2428 413 2472 tur
447 2428 632 2473 autem
664 2420 752 2475 his
802 2421 1008 2486 verbis,
1045 2423 1350 2477 custodiam
1379 2421 1599 2478 Cherub
1649 2432 1702 2478 et
1743 2425 1916 2484 aciem

321 2511 486 2580 gladii
519 2500 840 2568 collocatam
892 2512 1064 2571 fuisse
1134 2511 1165 2570 a
1222 2516 1328 2571 Deo
1367 2516 1434 2570 ad
1478 2516 1621 2571 latus
1659 2516 1920 2572 orientale

321 2604 594 2658 duntaxat
628 2606 891 2675 paradisi,
929 2607 1090 2677 quasi
1120 2623 1185 2662 ex
1212 2623 1273 2662 ea
1305 2616 1455 2678 parte
1485 2610 1661 2663 solum
1721 2608 1918 2680 probi-

322 2695 455 2751 bere
494 2685 766 2752 Adamum
807 2699 1042 2756 voluerit
1073 2715 1182 2755 non
1214 2700 1340 2756 item
1382 2701 1450 2781 ab
1477 2701 1598 2756 aliis
1631 2702 1918 2758 lateribus.

323 2787 536 2860 Quippe
582 2790 1008 2845 existimandum
1063 2802 1168 2858 est,
1221 2792 1290 2847 ab
1341 2803 1467 2848 ortu
1515 2793 1650 2849 solis
1711 2804 1921 2864 portam

323 2880 499 2935 fuisse
535 2883 859 2952 aditumque
891 2887 1132 2954 patuisse
1159 2885 1213 2939 in
1255 2887 1609 2956 paradisum;
1641 2897 1808 2957 atque
1856 2887 1922 2940 il-

321 2971 404 3028 lac
461 2974 854 3044 introductum,
917 2975 1152 3046 illacque
1209 2993 1401 3034 rursus
1462 2991 1712 3034 exactum
1783 2979 1927 3035 Ada-

322 3081 474 3120 mum
513 3081 675 3132 esse;
727 3066 852 3121 inde
881 3067 1045 3122 etiam
1105 3068 1352 3124 semitam
1397 3067 1565 3125 fuisse
1597 3069 1817 3126 ductam
1861 3073 1915 3126 in

325 3158 565 3212 medium
607 3161 924 3229 paradisum
958 3162 1046 3214 ubi
1083 3162 1186 3215 sita
1216 3173 1334 3216 erat
1361 3163 1483 3215 vitze
1531 3163 1713 3228 arbor,
1758 3174 1922 3235 atque

323 3249 445 3303 ideo
483 3267 549 3305 ne
582 3267 774 3307 rursus
818 3252 1116 3322 aliquando
1178 3252 1370 3316 Adam,
1418 3255 1543 3310 illac
1577 3271 1635 3309 se
1671 3255 1816 3311 intro
1844 3273 1928 3312 re-

323 3344 554 3410 ciperet,
611 3345 913 3400 custodiam
949 3345 1022 3399 ibi
1052 3360 1174 3400 esse
1219 3347 1494 3401 collatam.
1525 3345 1796 3402 Caeterum
1829 3366 1926 3405 cur

320 3434 735 3488 custodiendam
795 3437 920 3489 vitae
982 3437 1256 3502 arborem,
1313 3437 1721 3508 arcendumque
1762 3439 1830 3493 ab
1861 3454 1924 3492 ea

320 3527 592 3579 Adamum
634 3527 869 3580 voluerit
920 3527 1086 3592 Deus,
1119 3537 1246 3582 ante
1293 3537 1378 3582 est
1407 3543 1436 3580 a
1471 3529 1628 3582 nobis
1676 3530 1922 3600 dictum;

321 3633 431 3687 quo
476 3621 578 3672 hoc
604 3620 764 3671 etiam
807 3617 1113 3672 addendum
1146 3629 1422 3688 putamus,
1448 3633 1514 3672 eo
1543 3635 1763 3690 quoque
1795 3636 1926 3690 spe-

324 3721 509 3765 ctasse
550 3710 854 3764 custodiam
900 3717 962 3764 ut
1009 3710 1335 3779 intelligeret
1393 3709 1640 3766 Adamtts
1697 3727 1938 3781 prorsus,

321 3803 656 3873 praeclusum
703 3801 808 3857 sibi
845 3803 1056 3856 aditum
1097 3817 1220 3856 esse
1265 3817 1360 3872 per
1389 3813 1701 3871 peccatum,
1747 3817 1922 3872 eoque

320 3898 713 3966 pertinaciore,
771 3897 875 3950 hoc
937 3896 1064 3949 odio
1108 3904 1556 3965 proscqueretur,
1609 3895 1922 3964 maioreque

320 4002 455 4042 cura
481 3989 760 4042 vitandum
800 3989 902 4042 sibi
941 3988 994 4042 in
1039 3997 1318 4058 posterum
1364 3996 1580 4055 putaret
1608 3988 1764 4057 quasi
1796 3986 1912 4040 lon~

320 4092 432 4135 tem
477 4090 752 4135 tantorum
794 4082 1086 4145 malorum,
1127 4081 1177 4134 iu
1216 4095 1336 4149 qua:
1366 4079 1509 4134 mala
1539 4095 1604 4133 ex
1637 4079 1762 4132 vita:
1796 4087 1920 4134 ante

321 4185 608 4245 peceatum
645 4184 800 4239 actae,
839 4190 963 4228 cum
997 4188 1058 4228 ea
1085 4174 1140 4226 in
1168 4187 1273 4242 qua
1304 4187 1451 4225 nunc
1485 4181 1752 4234 versetur,
1772 4186 1922 4225 com-

318 4268 606 4337 paratione
672 4268 832 4322 facile
886 4265 1229 4336 intelligeret.
1295 4263 1568 4319 Praeterea
1630 4251 1918 4334 magniﬁca

319 4359 412 4412 illa
451 4358 696 4412 custodia
730 4356 975 4428 (Cherub
1018 4356 1162 4420 dico,
1188 4366 1243 4412 et
1286 4358 1457 4411 aciem
1496 4357 1658 4425 gladii
1693 4357 1926 4411 versati-

2019 1871 2250 1941 pollent,
2289 1885 2353 1924 ea
2395 1869 2498 1924 hoc
2529 1869 2749 1922 nomine
2811 1867 3061 1922 vocitare
3109 1867 3270 1936 quale
3321 1875 3404 1921 est
3445 1867 3623 1921 illud:

2023 1961 2127 2028 Qui
2157 1962 2404 2032 equitavit
2457 1977 2615 2030 super
2668 1959 2953 2024 Cherubos,
2998 1970 3045 2012 et
3080 1959 3272 2013 rolarit
3303 1959 3370 2023 ⁸⁸,
3416 1959 3626 2030 signiti-

2025 2063 2122 2110 cat
2147 2056 2293 2109 enim
2326 2055 2496 2110 Deum
2537 2071 2730 2123 magna
2758 2055 2808 2108 vi
2850 2055 3157 2118 advenisse,
3190 2061 3244 2106 et
3277 2053 3450 2108 veluti
3492 2053 3627 2107 insi-

2021 2148 2236 2203 dentem
2271 2146 2538 2203 Cherubis
2565 2146 2908 2216 apparuisse,
2928 2147 3032 2201 hoc
3052 2155 3157 2208 est,
3190 2154 3439 2214 potenter
3460 2159 3625 2199 exer-

2022 2242 2207 2297 cuisse
2237 2241 2546 2312 imperium.
2587 2240 2904 2297 Secundum
2937 2240 3038 2294 hos
3070 2240 3270 2294 habent
3315 2238 3418 2292 ista
3454 2236 3624 2301 Mosis

2029 2333 2193 2387 verba
2225 2331 2370 2386 hunc
2414 2347 2660 2395 sensum,
2702 2331 2847 2401 quod
2907 2331 3050 2385 Deus
3111 2329 3458 2384 constituerit
3495 2342 3618 2397 spe-

2023 2436 2202 2481 etrum
2236 2424 2508 2496 quoddam
2541 2423 2834 2479 vehemens
2864 2438 2926 2477 ac
2959 2422 3201 2476 terribile
3256 2437 3355 2491 pro
3407 2422 3616 2476 ferreus

2024 2523 2191 2588 inque
2227 2517 2346 2586 ipso
2397 2518 2542 2582 aditu
2576 2518 2814 2587 paradisi
2853 2515 3038 2584 specie
3079 2515 3377 2572 animantis
3422 2513 3611 2584 cujus-

2026 2612 2193 2680 piam,
2236 2609 2543 2664 deterrendi
2591 2608 2991 2675 coercendique
3035 2607 3230 2661 Adami
3286 2621 3474 2664 causa.
3520 2605 3624 2660 Af-

2026 2700 2211 2756 l'erunt
2269 2711 2450 2755 autem
2503 2702 2556 2754 hi
2589 2717 2702 2755 sure
2755 2703 3040 2755 sententiae
3102 2701 3247 2754 hanc
3311 2701 3620 2756 rationem:

2023 2795 2260 2859 Nomen,
2315 2793 2587 2864 inquiunt,
2653 2792 2878 2848 Cherub
2909 2794 2976 2848 ad
3026 2793 3272 2862 juvenile
3336 2794 3616 2863 quoddam

2027 2887 2196 2941 robur
2248 2887 2468 2955 proprie
2495 2895 2723 2953 spectat,
2767 2902 2828 2938 ac
2854 2886 3084 2956 proinde
3118 2886 3418 2940 Cherubini
3459 2887 3624 2955 spiri-

2029 2985 2118 3053 tus
2151 2975 2258 3031 Deo
2297 2975 2590 3031 viciniores
2626 2976 2914 3040 assistunt,
2961 2991 3060 3030 nec
3102 2976 3170 3031 ad
3218 2989 3392 3032 terras
3425 2977 3624 3032 deurit-

2029 3077 2253 3132 tuntur;
2313 3068 2666 3138 nequeenim
2729 3067 3012 3137 Scriptura
3050 3068 3117 3123 iis
3174 3069 3620 3137 procurationem

2029 3159 2268 3228 aliquam
2321 3159 2372 3211 in
2404 3159 2565 3212 terris
2618 3159 2880 3228 assignat,
2916 3160 3008 3214 sed
3041 3161 3216 3228 angeli
3254 3169 3385 3215 sunt
3427 3163 3520 3231 qui
3554 3164 3620 3215 ad

2029 3260 2229 3306 terram
2267 3251 2610 3319 ablegantur,
2665 3265 2862 3320 resque
2918 3251 2970 3304 in
3019 3267 3083 3305 ea
3131 3251 3522 3308 administrant
3565 3263 3623 3309 et

2028 3343 2369 3411 dispensant.
2415 3341 2617 3396 Verum
2643 3345 2862 3421 priores
2915 3344 3011 3408 illi,
3059 3346 3206 3399 inter
3238 3362 3376 3415 quos
3443 3349 3622 3402 domi-

2029 3453 2160 3490 num
2193 3435 2456 3492 Jacobum
2518 3437 2882 3506 Sarugensem
2940 3453 3061 3492 esse
3096 3439 3359 3505 diximus,
3419 3452 3622 3510 negant

2029 3531 2167 3584 hanc
2193 3546 2315 3583 esse
2351 3531 2591 3584 nominis
2623 3529 2844 3585 Cherub
2867 3532 3186 3596 notionem;
3225 3533 3336 3586 imo
3369 3533 3618 3588 ordinem

2025 3624 2319 3692 quemdam
2375 3623 2683 3677 caelestium
2731 3622 3022 3691 spirituum
3059 3637 3166 3677 non
3201 3625 3624 3692 aspectabilium

2026 3716 2330 3786 significare
2366 3716 2470 3770 hoc
2499 3716 2822 3769 vocabulum
2870 3718 3060 3780 aiunt;
3128 3718 3320 3784 quales
3349 3733 3618 3786 apparue-

2026 3816 2152 3860 runt
2202 3806 2559 3870 Ezechieli",
2597 3817 2651 3860 et
2713 3821 2946 3874 quorum
3017 3807 3312 3860 simulacra
3371 3807 3618 3875 quaedam

2022 3908 2181 3952 erant
2215 3899 2267 3951 in
2301 3898 2476 3965 adytis
2510 3899 2844 3951 tabernaculi
2879 3897 3079 3966 posita,
3112 3899 3293 3966 itaque
3331 3900 3618 3968 geniorum

2023 3991 2324 4044 crelestium
2376 3990 2612 4056 aliquem
2666 3989 2846 4057 potius
2906 3990 3077 4043 fuisse
3117 3997 3407 4042 autumant
3439 3989 3618 4058 ipsum

2021 4080 2260 4139 Cherub,
2292 4080 2382 4147 qui
2411 4078 2552 4148 genii
2585 4081 2834 4132 ccclestes
2857 4077 3044 4131 dolent
3067 4078 3112 4131 si
3144 4078 3365 4139 quando
3393 4087 3620 4148 peccent

2022 4169 2278 4224 mortales
2305 4169 2438 4240 (‘28),
2471 4185 2537 4223 ac
2581 4185 2777 4224 rursus
2864 4169 3064 4239 gaudio
3124 4169 3435 4223 alliciuntur
3492 4185 3616 4223 cum

2024 4262 2147 4316 illos
2209 4261 2534 4315 delictorum
2593 4261 2842 4330 paenitet,
2906 4272 2965 4314 ut
3016 4261 3094 4315 ait
3145 4262 3424 4318 Dominus.
3487 4262 3622 4317 Erat

2020 4353 2183 4424 igitur
2211 4353 2429 4407 Cherub
2459 4362 2644 4408 custos
2677 4354 2938 4421 paradisi,
2971 4355 3276 4409 cmlestium
3321 4355 3616 4424 spirituum

322 4451 412 4520 lis)
464 4450 534 4503 ob
594 4451 784 4505 oculos
839 4450 998 4504 nobis
1056 4449 1212 4520 ponit
1269 4449 1666 4518 praecellentem
1717 4448 1929 4515 arboris
1960 4471 2006 4527 η
2039 4459 2182 4500 unus
2212 4444 2410 4514 aliquis
2441 4452 2634 4499 tenens
2668 4445 2909 4499 lanceam
2961 4445 3199 4516 igneam,
3255 4462 3487 4517 eamque
3520 4451 3602 4502 vi-

320 4542 448 4594 vitae
483 4542 826 4612 dignitatem.
873 4541 1026 4607 Quod
1059 4556 1187 4596 vero
1218 4540 1529 4596 versatilem
1556 4541 1795 4610 gladium
1833 4541 1919 4595 di-

319 4633 416 4698 cit,
450 4641 708 4702 perpetua
736 4648 861 4686 cum
894 4633 1190 4702 agitatione
1219 4632 1326 4688 huc
1350 4632 1485 4686 illud
1503 4633 1776 4687 vibratum
1796 4648 1918 4689 esse

323 4723 614 4794 signiﬁcat,
656 4739 888 4779 corusco
920 4723 1130 4793 fulgore
1171 4724 1304 4779 inde
1346 4725 1613 4780 emicante
1662 4739 1773 4795 quo
1825 4725 1924 4779 ob-

331 4817 589 4872 tuentium
629 4819 775 4874 oculi
826 4833 934 4872 non
984 4819 1106 4873 sine
1168 4819 1397 4873 horrore
1431 4819 1914 4888 perstringeretur.

333 4908 580 4976 Superest
627 4919 688 4965 ut
737 4913 806 4966 de
833 4911 1055 4966 Cherub
1088 4920 1142 4966 et
1179 4911 1360 4981 gladio
1390 4911 1693 4976 videamus,
1727 4910 1918 4981 cujus-

327 4995 476 5050 modi
542 5014 624 5054 res
673 5000 895 5054 fuerint.
953 5000 1218 5056 Dominus
1267 4999 1440 5054 Jacob
1481 4999 1808 5070 Sarugensis
1855 5016 1918 5055 ea

321 5089 572 5146 oratione
606 5107 769 5161 quam
810 5093 876 5147 de
913 5093 1202 5155 Passione,
1241 5103 1294 5146 ct
1344 5108 1537 5148 rursus
1566 5107 1629 5146 ea
1661 5109 1823 5162 quam
1854 5093 1920 5147 de

319 5183 569 5237 Ascensu
597 5185 855 5254 scripsit;
916 5193 969 5238 et
1000 5201 1122 5238 cum
1158 5199 1225 5238 eo
1256 5184 1350 5237 alii
1397 5183 1588 5239 dicunt
1637 5185 1917 5238 custodem

320 5275 564 5343 paradisi
602 5275 823 5333 Cherub
871 5275 1042 5331 fuisse
1072 5291 1240 5330 unum
1278 5277 1589 5346 quemqiam
1655 5291 1721 5330 ex
1757 5278 1922 5332 cccle-

2038 4536 2204 4591 brans
2249 4546 2412 4604 atque
2457 4551 2778 4598 coruscans,
2828 4545 2880 4588 et
2907 4539 3112 4604 primos
3160 4549 3416 4607 parentes
3443 4540 3621 4594 deter-

2031 4642 2158 4684 rens
2189 4627 2256 4682 ab
2284 4643 2536 4691 excessu,
2572 4638 2632 4681 ut
2664 4629 2834 4684 sensit
2859 4629 3116 4684 dominus
3153 4628 3390 4685 Jacobus
3443 4630 3617 4686 Saru-

2028 4721 2239 4791 gensis,
2302 4729 2357 4776 et
2414 4721 2663 4790 plerique
2695 4736 2818 4775 cum
2855 4735 2920 4774 eo
2952 4721 3197 4790 ejusdem
3229 4731 3391 4777 sectae
3421 4724 3545 4778 viri.

2100 4811 2207 4866 Sed
2231 4813 2341 4882 jam
2371 4821 2424 4866 et
2449 4813 2624 4879 locus,
2659 4821 2714 4867 et
2759 4821 2972 4882 tempus
3002 4816 3300 4882 postulant,
3337 4824 3395 4868 ut
3425 4815 3617 4884 dispu-

2027 4905 2192 4960 tando
2226 4906 2636 4975 investigemus,
2679 4920 2860 4959 unone
2901 4907 3202 4976 eodemque
3252 4907 3340 4960 die
3369 4922 3454 4964 ,an
3493 4908 3616 4976 plu-

2028 4999 2180 5054 ribus
2198 4999 2313 5052 haec
2343 5001 2526 5053 omnia
2561 5008 2713 5068 gesta
2743 4999 2856 5054 sint
2887 5015 2902 5051 :
2936 5007 3153 5054 creatus
3181 4997 3379 5063 Adam,
3407 4999 3618 5056 immis-

2029 5107 2124 5147 sus
2151 5090 2205 5144 in
2243 5090 2581 5160 paradisum,
2614 5090 2720 5144 lata
2763 5091 2871 5154 lex,
2932 5089 3105 5144 indita
3163 5093 3388 5144 nomina
3427 5090 3618 5146 bestiis

2029 5192 2085 5239 et
2141 5181 2485 5249 volucribus,
2518 5181 2734 5236 condita
2764 5181 2898 5246 Eva,
2937 5181 3148 5252 decepti
3183 5197 3281 5252 per
3307 5191 3614 5252 serpentem

2028 5275 2190 5348 primi
2221 5283 2497 5345 parentes,
2535 5273 2736 5329 violata
2789 5276 2898 5340 lex,
2947 5275 3286 5331 vindicatum
3325 5277 3380 5330 in
3412 5277 3613 5332 noxios

390 5441 440 5475 δι
473 5437 646 5498 Exod.
693 5454 865 5504 xxx",
901 5439 953 5495 6.
1002 5437 1048 5471 ³¹
1080 5438 1238 5492 Deut.
1266 5452 1436 5499 mm,
1473 5437 1561 5491 15.
1609 5435 1655 5468 ⁸³
1684 5433 1846 5490 Prov.
1884 5452 1984 5498 xu,
2027 5435 2086 5489 ll
2115 5451 2130 5501 ;
2161 5451 2349 5498 xxvm,
2383 5435 2466 5490 l9.
2523 5433 2568 5466 °"
2601 5433 2750 5490 Psal.
2785 5448 2987 5500 tnvtt,
3015 5434 3108 5490 54.
3167 5433 3373 5490 "Psal.
3397 5446 3588 5499 cum,

320 5513 411 5570 7i.
492 5511 539 5542 "
570 5512 683 5569 Jer.
722 5530 796 5578 vt,
822 5512 874 5568 8.
951 5506 993 5543 ⁸⁷
1034 5511 1078 5564 ll
1111 5510 1238 5564 Cor.
1270 5522 1368 5575 xu,
1404 5507 1457 5562 7.

396 5670 510 5743 (98)
559 5672 731 5728 Caute
754 5673 910 5740 lege;
940 5688 1064 5728 nam
1095 5673 1272 5744 angeli
1308 5671 1526 5744 proprie
1574 5685 1684 5744 non
1710 5669 1900 5744 dolent

323 5739 419 5797 aut.
486 5739 776 5800 tt‘istantur
819 5739 902 5801 de
950 5739 1196 5812 recentis
1252 5739 1558 5813 hominum,
1600 5742 1668 5816 S._
1710 5739 1906 5800 Thom.

1536 5507 1582 5538 ⁸³
1611 5506 1756 5562 Psal.
1779 5508 2008 5573 xvn,ll.

2125 5507 2170 5538 θ’
2205 5507 2406 5561 Ezeeh.
2456 5521 2496 5572 ι,
2526 5507 2593 5560 15
2641 5521 2796 5576 seqq.

2013 5688 2028 5726 ι
2067 5680 2208 5741 part.
2241 5681 2436 5741 qttazsl.
2467 5670 2591 5735 115,
2614 5679 2719 5727 art.
2747 5671 2812 5735 7⁹
2873 5669 2965 5723 sed
3006 5679 3209 5741 tantum
3239 5665 3614 5736 metaphorice

2019 5740 2142 5800 etim
2191 5740 2442 5798 universe
2469 5742 2700 5796 salutem
2736 5748 2982 5798 nostram
3011 5740 3250 5799 cupiant.
