4086 6394
453 306 557 369 579

1735 303 1966 364 MOSIS
2007 302 2162 364 ΒΑΗ
2203 304 2453 365 CEPHA

3624 308 3732 370 580

454 417 721 487 eiectique
760 414 997 484 denique
1026 414 1105 469 illi
1152 424 1305 470 extra
1339 415 1675 485 paradisum.
1709 417 1787 471 De
1836 418 1937 473 hac
1982 432 2039 473 re
2068 425 2112 480 Α
2142 434 2289 483 cere,
2329 419 2491 487 cujus
2536 417 2779 490 potentia
2831 428 3059 489 prorsus
3108 417 3374 474 voluntati
3422 426 3733 490 reSpondet,

456 512 537 565 ita
586 509 751 564 sentit
800 504 1156 571 Philoxenus,
1214 507 1463 562 oratione
1510 523 1674 578 quam
1700 512 1920 580 scripsit
1973 511 2041 567 de

458 602 656 657 arbore
687 602 832 664 vitae,
873 609 929 655 ct
956 599 1216 654 dominus
1247 600 1482 669 Ephrem
1532 601 1954 658 Commentariis
1984 605 2038 659 in

454 694 735 757 Genesim,
794 701 958 762 atque
1012 692 1173 745 etiam
1252 691 1506 747 dominus
1576 691 1811 749 Jacobus
1873 695 2042 750 Saru-

457 783 663 853 gensis,
698 780 943 834 Oratione
962 779 1029 833 de
1059 778 1341 842 Passione,
1370 787 1424 832 et
1454 794 1577 832 cum
1608 781 1690 836 his
1715 782 1826 848 alii,
1859 785 2041 838 omnia

460 876 571 928 haec
608 873 795 927 eodem
841 886 950 925 uno
977 872 1062 925 die
1089 872 1181 941 qui
1218 880 1405 926 sextus
1435 881 1610 927 erata
1647 875 1866 929 condito
1906 876 2043 931 coelo

458 978 738 1033 terraque,
791 970 914 1017 acta
964 973 1131 1031 atque
1168 962 1419 1017 confecta
1462 979 1626 1019 esse:
1665 966 1889 1034 ejusque
1944 968 2041 1032 rei,

456 1058 567 1111 duo
606 1056 819 1111 faciunt
846 1063 1169 1123 argmenta
1206 1071 1220 1109 :
1250 1055 1503 1121 alterum,
1536 1056 1681 1126 quod
1706 1058 1884 1112 adhuc
1910 1059 2043 1114 nihil

457 1146 702 1201 edisserit
765 1145 939 1199 Adam
992 1160 1278 1214 uxorque;
1329 1162 1455 1202 nam
1507 1148 1552 1202 si
1588 1158 1870 1205 vescentes
1917 1160 2044 1206 ante

457 1240 682 1293 vidisset
709 1253 951 1308 serpens,
982 1239 1206 1293 minime
1236 1241 1469 1295 dixisset
1496 1242 1561 1295 ad
1596 1242 1758 1296 Evam
1793 1260 1806 1295 :
1853 1242 2045 1297 Verene

454 1331 613 1398 iussit
656 1330 814 1393 Deus,
861 1348 923 1384 ne
954 1332 1176 1385 ederetis
1208 1333 1271 1387 de
1316 1335 1459 1387 omni
1508 1334 1697 1388 arbore
1749 1337 2046 1402 paradisi?

454 1422 572 1477 Jam
607 1438 734 1478 vero
782 1424 828 1478 si
871 1429 1042 1479 multo
1072 1435 1200 1480 ante
1235 1429 1439 1481 conditi
1488 1429 1743 1492 fuissent,
1776 1431 2047 1499 nequivis-

456 1523 578 1570 sent
621 1516 799 1570 adhuc
852 1516 1060 1586 absque
1098 1514 1244 1573 fame
1291 1526 1345 1574 et
1384 1520 1508 1575 cibo
1560 1522 1725 1575 vitam
1797 1521 2044 1577 tolerare.

452 1608 695 1660 Alterum
732 1609 958 1677 petitum
989 1619 1074 1664 est
1103 1624 1166 1665 ex
1201 1611 1269 1665 iis
1302 1627 1423 1681 quae
1446 1627 1642 1682 passus
1671 1622 1755 1668 est
1786 1614 2049 1670 Dominus

455 1702 644 1750 noster
658 1694 949 1766 Christus;
984 1714 1046 1753 ea
1070 1699 1214 1753 enim
1241 1702 1582 1757 emendando
1607 1700 1796 1757 Adami
1826 1704 2047 1765 delicto.

455 1796 652 1841 exacto
675 1797 865 1843 tenore
889 1794 1220 1860 respondere
1243 1794 1416 1849 aiunt.
1438 1793 1599 1850 Verbi
1620 1800 1791 1867 gratia
1819 1816 1833 1852 :
1859 1797 2045 1864 Sexto,

454 1878 738 1948 inquiunt,
770 1881 858 1935 die
897 1892 1117 1938 creatus
1146 1892 1230 1938 est
1258 1886 1453 1951 Adam,
1480 1889 1667 1942 eodem
1701 1894 2047 1949 excruciatus

453 1978 539 2023 est
575 1969 836 2026 Dominus
875 1982 1080 2038 noster,
1132 1976 1185 2030 in
1220 1977 1339 2047 ejus
1395 1979 1500 2034 diei
1551 1980 1707 2035 initio
1746 1983 1835 2037 ille
1865 1990 1948 2038 est
1979 2000 2043 2040 ex

455 2057 569 2111 luto
592 2060 947 2130 compositus,
991 2063 1080 2119 hic
1111 2065 1238 2120 item
1270 2067 1336 2122 ad
1373 2069 1609 2125 tribunal
1635 2083 1862 2141 raptus;
1915 2075 2046 2129 hora

455 2148 603 2204 illius
634 2152 741 2206 diei
773 2155 927 2207 tertia
975 2156 1231 2214 inductus
1270 2169 1354 2215 est
1393 2162 1446 2216 in
1479 2166 1816 2234 paradisum,
1844 2178 1896 2222 et
1920 2167 2048 2223 Ser-

456 2250 612 2297 vator
638 2253 828 2300 noster
859 2247 1016 2302 tertia
1047 2249 1179 2305 hora
1211 2261 1494 2310 extractus
1524 2266 1696 2313 estex
1729 2258 1862 2314 urbe
1888 2258 2047 2315 Jeru-

458 2333 653 2399 salem,
680 2335 925 2393 humeris
951 2353 1172 2397 crucem
1203 2359 1357 2400 suam
1386 2347 1670 2417 bajulans;
1699 2360 1753 2404 et
1784 2362 1891 2420 quo
1912 2361 2047 2406 tem-

456 2440 590 2493 pore
620 2428 796 2483 Adam
829 2448 1025 2490 manus
1059 2439 1332 2506 protendit
1356 2441 1421 2495 ad
1448 2441 2045 2513 decerpendos‘fructus

456 2525 703 2587 negatos,
732 2522 923 2578 eodem
941 2524 1196 2583 Christus
1211 2545 1341 2586 suas
1360 2531 1621 2588 distendit
1638 2546 1799 2604 super
1816 2537 2043 2606 lignum.

459 2607 668 2667 Rursus
703 2624 735 2667 θ
765 2626 919 2669 sexta
952 2618 1023 2671 ad
1058 2635 1257 2676 nonam
1290 2624 1480 2679 horam
1510 2635 1710 2683 exutus
1744 2639 1831 2683 est
1870 2626 2040 2684 Adam

458 2715 556 2753 sua
582 2700 775 2771 gloria,
812 2720 1069 2777 rioxaeque
1096 2710 1334 2775 deditus,
1377 2714 1563 2785 itaque
1601 2727 1655 2772 et
1703 2720 1774 2774 ob
1825 2734 2042 2777 erucem

457 2790 685 2847 Christi.
737 2792 833 2849 Sol
867 2811 896 2850 a
930 2807 1083 2853 sexta
1114 2802 1180 2855 ad
1225 2817 1449 2868 nonam,
1489 2807 1694 2862 amisso
1760 2810 2046 2877 splendore

460 2880 788 2939 obscuratus
847 2895 953 2952 est,
1008 2900 1173 2959 atque
1200 2894 1451 2949 universa
1493 2907 1741 2953 creatura
1771 2900 1916 2957 luctu
1951 2916 2047 2957 co-

457 2981 700 3037 aperata,
714 2975 871 3043 quasi
904 2979 1157 3032 reiricata
1181 2982 1541 3050 pristiniAdae
1570 3001 1732 3042 casus
1758 2993 2043 3047 memoria.

458 3062 652 3130 Elapsa
686 3065 883 3122 deinde
910 3083 1060 3123 nona
1114 3073 1271 3140 hora,
1326 3075 1602 3146 dissipata:
1628 3088 1791 3150 atque
1836 3083 2044 3139 abactae

459 3161 589 3205 sunt
641 3156 908 3223 tenebrae;
963 3174 1072 3228 qua
1113 3177 1172 3215 re
1225 3164 1641 3230 significabatur
1696 3172 1872 3227 soluta
1932 3176 2045 3243 jam

455 3252 571 3298 tum
608 3262 728 3303 esse
765 3266 826 3305 ea
861 3253 1001 3305 mala
1034 3270 1155 3321 quae
1205 3272 1378 3327 genus
1406 3261 1708 3318 humanum
1737 3267 2046 3325 circumde-

460 3337 674 3404 derant,
738 3353 905 3413 atque
959 3361 1292 3418 occuparant
1339 3365 1560 3423 propter
1615 3357 1784 3428 legem
1829 3358 1923 3414 Dei
1978 3362 2046 3415 ab

461 3430 671 3485 Adamo
706 3433 986 3491 violatam.
1030 3438 1259 3509 Insuper
1297 3459 1407 3512 quo
1457 3455 1702 3516 tempore
1754 3451 2048 3507 confossus

460 3521 727 3581 Dominus
745 3540 929 3583 noster
956 3532 1164 3599 lancea,
1184 3538 1373 3590 eodem
1396 3554 1435 3593 a
1455 3541 1670 3596 Cheru‘b
1693 3546 1919 3599 custode
1954 3562 2049 3613 pa-

460 3618 627 3671 radisi
677 3629 731 3673 et
777 3623 1001 3678 arboris!
1043 3628 1165 3683 vita:
1200 3630 1377 3685 ablata
1422 3644 1503 3688 est
1536 3635 1744 3693 lancea.
1807 3638 2050 3709 Denique

461 3723 570 3775 qua
620 3710 751 3765 hora
794 3716 985 3784 pulsus
1011 3731 1093 3773 est
1125 3724 1383 3791 paradiso
1408 3725 1651 3783 Adamus
1687 3745 1715 3782 a
1767 3730 1896 3795 Deo,
1959 3748 2050 3788 ea-

462 3797 589 3852 dem
621 3816 846 3870 prorsus
873 3822 905 3861 a
952 3808 1172 3868 Christo
1205 3814 1454 3872 immissa
1513 3830 1598 3874 est
1642 3822 1693 3876 in
1734 3824 2045 3893 paradisum

458 3892 639 3984 anima
665 3894 893 3954 latronis
922 3901 1035 3974 ('29)
1070 3920 1083 3956 :
1110 3920 1174 3959 ac
1197 3908 1425 3975 proinde
1443 3926 1551 3980 quo
1576 3892 1821 3984 tempore
1837 3918 2048 3974 dzemon

456 3983 645 4039 videns
674 3989 908 4057 ejectum
938 3995 1195 4062 paradiso
1245 4001 1519 4057 Adamum
1562 3983 1784 4075 gavisus
1817 4021 1918 4076 est,
1956 4026 2051 4067 eo-

459 4076 584 4131 dem
621 4090 675 4133 et
708 4082 881 4137 doluit
912 4100 1037 4139 cum
1064 4102 1317 4148 cerneret
1339 4095 1573 4153 latronis
1606 4102 1843 4157 animam
1868 4104 1920 4157 in
1955 4120 2051 4175 pa-

462 4169 705 4224 radisum
737 4175 1041 4231 reductam.
1078 4177 1291 4251 Quippe
1346 4201 1481 4241 cum'
1523 4189 1728 4245 Christi
1778 4169 1969 4251 anima.
1992 4199 2046 4251 in

461 4275 624 4314 cruce
651 4274 795 4318 esset
820 4280 849 4318 a
893 4282 1119 4337 corpore
1162 4286 1434 4342 separata,
1479 4279 1595 4348 ipsa
1624 4284 1881 4341 divinitas
1912 4289 2049 4344 sim-

460 4350 695 4418 pliciter,
725 4369 904 4425 neque
946 4373 1149 4432 corpus
1185 4380 1359 4435 neque
1392 4370 1633 4425 animam
1663 4374 1924 4443 deseruit,
1955 4380 2048 4434 sed

460 4451 516 4496 et
542 4459 651 4498 una
687 4460 812 4501 cum
874 4460 1105 4521 corpore
1166 4459 1475 4527 sepulcrum
1533 4465 1739 4534 subiit;
1795 4474 1853 4524 et’
1885 4473 2048 4527 simul

459 4549 585 4590 cum
612 4538 794 4593 anima
837 4541 1040 4599 inferos
1085 4551 1341 4613 correxit,
1400 4563 1564 4623 atque
1594 4557 1661 4611 ad
1712 4572 1813 4614 eas
1839 4563 2052 4620 animas

461 4642 582 4696 qua:
627 4630 757 4685 inibi
806 4636 1136 4692 tenebantur
1174 4644 1496 4698 concionem
1555 4648 1748 4705 habuit
1800 4654 1943 4708 sicut
1977 4654 2055 4711 ait

462 4718 660 4777 Petrus
706 4727 987 4793 apostolus
1018 4731 1076 4783 in-
1121 4747 1219 4788 sua
1266 4738 1501 4807 epistola
1528 4741 1593 4793 ⁸ο.
1633 4740 1818 4813 Itaque
1871 4752 2053 4805 anima

459 4814 663 4869 Christi
701 4831 803 4873 eas-
827 4820 1039 4877 animas
1071 4840 1193 4894 quae
1228 4828 1281 4881 in
1330 4846 1389 4884 se
1415 4835 1731 4903 credebant,
1760 4838 1837 4893 ab
1863 4840 2052 4897 inferis

460 4907 705 4975 sustuiit,
753 4912 1127 4985 subvectaque
1160 4918 1387 4978 iuduxit‘
1430 4938 1553 4980 cum
1592 4929 1821 4985 latronis
1867 4935 2046 4990 anima

460 5011 515 5049 ιη
550 5000 863 5066 paradisum
900 5008 1043 5062 unde
1071 5012 1334 5079 expulsus
1362 5013 1538 5071 fuerat
1566 5019 1830 5078 A‘damus‘.

533 5091 1114 5155 Adamum'eodem-di'e
1147 5114 1380 5159 creatum
1420 5120 1467 5163 et
1498 5126 1526 5163 e
1553 5116 1804 5179 paradiso
1829 5116 2051 5186 eiectum

458 5196 562 5233 non
600 5183 787 5251 fuisse.
825 5216 897 5228 —-—
929 5191 1131 5247 Verum
1182 5203 1459 5255 sententia
1492 5204 1722 5260 aliorum
1765 5183 2049 5266 doctorum

458 5279 564 5335 est,
598 5290 942 5348 nequaquam
999 5299 1113 5339 uno
1143 5288 1231 5343 die
1258 5294 1438 5348 omnia
1494 5297 1586 5350 illa
1615 5308 1735 5353 esse
1782 5310 1998 5370 peracta
2036 5325 2050 5361 :

456 5382 564 5423 non
595 5371 722 5441 quia
739 5388 847 5428 non
867 5380 1102 5446 potuerit
1130 5380 1273 5439 Deus
1309 5394 1416 5441 tam
1443 5390 1588 5445 brevi
1609 5408 1669 5446 ca
1689 5397 1865 5464 spatio
1882 5400 2055 5451 conli-

524 5552 570 5584 ’°
596 5554 614 5608 l
640 5557 782 5612 Petr.
812 5574 892 5626 tu,
942 5562 1030 5619 i9.

2148 510 2240 564 sed
2262 510 2391 580 quia
2427 525 2535 564 non
2565 510 2699 565 satis
2724 518 3152 564 consentaneum
3179 509 3393 564 videtnr
3418 518 3480 565 ea
3510 510 3590 566 sic
3613 521 3733 565 acta

2148 613 2290 654 esse.
2349 596 2414 653 Et
2447 614 2576 654 vero
2606 599 2650 654 si
2685 599 2860 653 Adam
2892 598 3057 653 etiam
3107 606 3221 652 tum
3258 600 3465 653 nullum
3499 600 3736 669 paradisi

2152 688 2387 745 fructum
2415 698 2686 759 gustasset
2717 698 2909 760 praeter
2928 690 3156 744 vetitum
3190 691 3364 755 illum,
3396 706 3573 761 neque
3600 693 3739 747 satis

2155 783 2337 838 adhuc
2363 793 2458 838 aut
2489 783 2675 837 locum
2712 784 2909 853 ipsum,
2946 792 3038 837 aut
3060 782 3177 854 ejus
3204 784 3427 839 delicias
3456 782 3737 854 expertus,

2151 878 2326 930 solum
2372 875 2624 929 vertisset
2664 892 2679 929 :
2719 874 2811 945 qui
2856 876 3124 944 potuisset
3154 889 3251 944 per
3273 876 3737 945 comparationem

2151 983 2215 1021 ex
2235 968 2354 1039 ejus
2374 976 2534 1023 terra:
2558 967 2698 1021 unde
2715 967 2993 1021 exciderat
3010 964 3288 1032 felicitate,
3317 983 3463 1026 eam,
3492 969 3543 1021 in
3576 980 3738 1038 quam

2150 1058 2563 1122 detrudehatur,
2582 1056 2801 1121 duram,
2826 1057 3124 1124 horridam,
3151 1069 3315 1129 atque
3333 1058 3598 1113 infelicem
3623 1060 3742 1113 exi-

2153 1148 2411 1207 Stima‘re?
2441 1150 2543 1205 Sed
2583 1151 2733 1207 dices
2767 1168 2781 1205 :
2814 1150 3087 1205 Audivere
3127 1166 3312 1206 vocem
3363 1152 3452 1206 Dei
3484 1153 3744 1222 gradien-

2154 1242 2225 1297 tis
2260 1258 2356 1311 per
2387 1243 2699 1311 paradisum
2729 1244 2815 1298 die
2840 1245 2954 1314 jam
2989 1254 3099 1299 tum
3130 1244 3413 1311 inclinato,
3443 1245 3578 1314 pulsi
3608 1258 3739 1315 ergo

2155 1342 2282 1388 sunt
2307 1348 2373 1388 eo
2426 1333 2533 1387 die.
2570 1334 2737 1402 Atqui
2770 1335 3053 1405 Scriptura
3078 1349 3186 1389 non
3221 1337 3370 1400 dicit,
3405 1350 3528 1390 eum
3570 1336 3742 1392 fuisse

2156 1426 2298 1480 diem
2325 1441 2435 1496 quo
2466 1427 2723 1481 conditus
2758 1422 2937 1481 fuerat
2976 1428 3243 1485 Adamus.
3276 1430 3399 1483 Pari
3444 1444 3573 1499 ergo
3602 1445 3738 1483 con-

2156 1515 2351 1572 feceris
2384 1517 2615 1583 ratione,
2644 1521 2835 1574 eodem
2885 1520 2974 1575 die
3032 1519 3377 1576 etJoanncm
3437 1522 3737 1592 Baptistam

2156 1619 2211 1663 et
2233 1609 2511 1665 Christum
2536 1611 2773 1677 venisse,
2807 1613 3250 1682 quandoquidem
3274 1614 3512 1669 historiae
3546 1619 3741 1683 s’cries,

2158 1703 2238 1758 eis
2268 1704 2462 1758 diebus
2492 1704 2694 1773 quibus
2722 1707 2975 1775 apparuit
3001 1707 3110 1771 ille,
3136 1708 3297 1776 hujus
3327 1708 3468 1762 diem
3507 1711 3742 1779 subjun-

2152 1798 2248 1868 git.
2284 1797 2388 1853 Sed
2428 1815 2605 1870 neque
2637 1799 2770 1853 illud
2805 1801 2939 1855 satis
2970 1801 3187 1853 ﬁrmum
3212 1804 3296 1855 est
3332 1812 3739 1871 argumentum,

2154 1906 2254 1947 cur
2289 1906 2638 1964 praepropera
2697 1894 3053 1949 festinatione
3107 1894 3504 1950 conturhemus
3555 1910 3737 1950 rerum

2150 1999 2423 2055 gestarum
2448 1988 2671 2053 seriem,
2698 1998 2861 2057 atque
2903 1989 3069 2042 unius
3095 1986 3456 2057 ejusdemque
3484 1987 3589 2041 diei
3611 2004 3737 2057 spa-

2150 2078 2227 2131 tio
2267 2088 2376 2132 tam
2415 2081 2584 2135 multa
2623 2082 3043 2146 concludamus,
3092 2081 3238 2151 quod
3272 2081 3339 2136 de
3373 2076 3571 2136 Christi
3604 2099 3731 2137 cru-

2148 2169 2384 2224 ciatibus
2428 2172 2652 2226 allatum
2726 2180 2829 2229 est.
2883 2172 3019 2227 Nam
3073 2185 3133 2229 ut
3192 2174 3425 2231 libentes
3481 2175 3732 2240 fatemur,

2149 2260 2429 2315 Christum
2473 2263 2559 2317 die
2595 2273 2752 2319 sexto
2782 2265 3106 2320 emendasse
3141 2276 3306 2337 atque
3337 2268 3585 2336 expiasse
3616 2283 3738 2337 qua:

2149 2357 2218 2408 ab
2270 2353 2481 2410 Artamo
2534 2354 2777 2411 admissa
2863 2356 3101 2421 fuerant,
3180 2352 3256 2413 ita
3318 2355 3431 2413 ﬁeri
3496 2360 3742 2430 potuisse

2149 2447 2531 2503 contendimus
2568 2452 2629 2501 ut
2676 2446 2941 2516 Adamus,
3005 2464 3129 2504 cum
3185 2440 3275 2506 die
3334 2442 3539 2506 conditi
3592 2452 3743 2507 orbis

2149 2546 2301 2592 sexto
2352 2541 2501 2594 esset
2533 2547 2749 2595 creatus
2783 2540 2945 2611 atque
2978 2543 3169 2597 eodem
3214 2540 3375 2598 etiam
3397 2543 3740 2615 deliquisset.

2148 2631 2256 2685 alio
2306 2618 2394 2687 die
2430 2641 2613 2698 sexto,
2648 2642 2755 2706 pro‘
2786 2636 2849 2690 ea
2874 2635 3089 2691 diertim
3131 2636 3274 2691 serie
3316 2642 3429 2707 qua‘
3454 2654 3746 2693 recurren-

2150 2731 2234 2778 tes
2267 2732 2646 2789 recensentur,
2685 2708 2769 2780 sui
2811 2712 2997 2797 flagitii
3034 2728 3433 2783 condemnatus
3464 2744 3494 2783 a
3528 2729 3641 2783 Deo
3673 2730 3746 2784 sit

2150 2818 2316 2885 at’q‘ue
2369 2818 2687 2873 eiimirlatds
2724 2819 3000 2888 paradiso.
3035 2804 3327 2875 Enimvero
3381 2821 3505 2892 quis
3559 2823 3747 2877 credat

2152 2908 2298 2979 (cum
2347 2911 2753 2980 a'n‘tpli‘ssi‘mu'm
2798 2914 2947 2968 esset
3012 2914 3251 2983 paradisi
3279 2896 3288 2905 ’
3318 2915 3579 2984 spatium)
3634 2930 3746 2969 uno

2150 3000 2239 3057 die
2277 3001 2547 3057 Adamum'
2579 3006 2703 3058 esse
2726 3008 3003 3073 egressum
3030 3002 3101 3059 ad
3130 3000 3459 3074 imponenda
3490 3006 3747 3061 animan-

2151 3094 2297 3150 tibus
2336 3095 2584 3163 nornina,
2614 3085 2921 3165 eodemque
2972 3099 3263 3153 revertisse
3289 3098 3341 3151 in
3371 3099 3606 3153 medium
3642 3116 3743 3169 pa-

2154 3187 2419 3254 radiSum,
2453 3188 2556 3242 hoc
2579 3198 2683 3253 est,
2710 3190 3007 3244 multorum
3038 3190 3381 3248 dierumitcr
3402 3192 3743 3247 coiifecisse?

2151 3272 2354 3334 Eodem
2414 3282 2576 3334 etiam
2620 3289 2929 3351 exemptam
2974 3282 3078 3352 ipsi
3131 3290 3359 3352 costam;
3388 3300 3526 3349 esse,
3573 3294 3626 3337 et
3681 3285 3735 3339 in

2152 3373 2435 3428 mulierem
2480 3372 2953 3440 transformat’am,
3025 3377 3216 3431 eodem
3252 3377 3319 3431 de
3353 3377 3515 3431 vetita
3548 3377 3742 3434 arbore

2152 3466 2343 3521 ambos
2373 3466 2554 3521 edisse
2604 3468 2970 3538 paradis’oqu’e
3003 3484 3128 3524 esse
3172 3471 3461 3525 extrusos?
3494 3471 3657 3535 Sane,
3689 3480 3746 3525 et

2152 3560 2325 3623 exire,
2369 3568 2424 3613 et
2456 3559 2685 3626 reverti,
2717 3569 2775 3614 et
2806 3570 3067 3630 praeterea
3107 3562 3273 3617 tantis
3318 3563 3440 3618 aliis
3479 3563 3743 3617 interesse

2151 3652 2339 3713 rebus,
2371 3646 2517 3705 haud
2558 3659 2644 3706 est
2697 3668 2798 3722 pro
2835 3654 2997 3708 unius
3038 3646 3145 3709 diei
3184 3656 3389 3726 spatio;
3421 3665 3473 3708 et
3516 3655 3736 3723 quidem

2152 3758 2261 3798 non
2292 3742 2484 3811 integri
2517 3738 2617 3799 sed
2643 3759 2673 3797 a
2707 3740 2951 3801 diluculo
2974 3738 3051 3801 ad'
3091 3762 3293 3802 nonam
3331 3749 3591 3802 duntaxat
3634 3747 3739 3801 ho-

2152 3851 2271 3890 ram
2306 3852 2503 3907 usque,
2550 3846 2612 3892 ut
2669 3834 2747 3892 illi
2792 3840 2969 3895 aiunt.
3025 3840 3270 3911 Denique
3308 3842 3566 3907 dicimus,
3595 3839 3743 3895 haud

2151 3928 2447 3984 verisimile
2470 3928 2661 3996 videri,
2699 3932 2890 3986 eodem
2919 3924 3002 3987 die
3028 3942 3083 3987 et
3134 3936 3415 3988 conditum
3447 3950 3569 3991 esse
3600 3935 3745 3988 Ada-

2153 4038 2303 4076 mum
2330 4023 2767 4079 etanimantibus
2784 4041 2881 4080 sua
2897 4034 3021 4079 eum
3045 4028 3306 4083 indidisse
3335 4028 3575 4083 nomina.
3606 4027 3744 4081 Nam

2152 4114 2197 4169 si
2230 4129 2340 4184 quo
2365 4124 2611 4185 tempore
2635 4125 2761 4171 sunt
2791 4128 3072 4186 procreata
3118 4112 3395 4184 animalia,
3429 4120 3617 4174 eodem
3668 4119 3744 4173 si-

2155 4207 2269 4261 mul
2329 4218 2383 4262 et
2434 4210 2654 4262 nomina
2693 4209 2937 4266 Adamus
2997 4211 3286 4266 dedisset:
3326 4213 3569 4282 profecto
3630 4228 3742 4267 non

2156 4310 2494 4354 memoraret
2526 4299 2831 4371 Scriptura,
2865 4302 3032 4358 Deum
3062 4304 3148 4357 illa
3177 4306 3243 4359 ad
3262 4306 3533 4360 Adamum
3567 4307 3744 4360 addu-

2154 4392 2326 4446 xisse.
2389 4382 2575 4479 Neque
2603 4395 2749 4448 enim
2780 4404 2909 4451 ante
2940 4411 3063 4450 eum
3096 4397 3238 4451 diem
3269 4414 3381 4468 quo
3414 4407 3633 4454 creatus
3659 4411 3745 4455 est

2082 4482 2327 4559 DAdam
2362 4480 2451 4537 illa
2499 4480 2650 4540 fuere
2711 4494 2855 4552 orta,
2910 4482 3007 4543 sed
3039 4504 3104 4544 eo
3134 4492 3253 4562 ipso
3312 4508 3422 4561 quo
3476 4492 3743 4560 Adamus,

2151 4572 2315 4631 etiam
2344 4576 2435 4631 illa
2484 4586 2954 4648 s‘untprocreata;
2997 4598 3167 4650 quare
3196 4600 3390 4654 parum
3428 4601 3743 4655 congruen-

2154 4676 2236 4721 ter
2265 4668 2381 4738 ipsa
2412 4668 2665 4723 dicantur
2721 4672 2913 4725 eodem
2975 4688 3087 4727 uno
3131 4690 3253 4729 cum
3287 4662 3496 4731 Adamo
3541 4676 3629 4731 die
3683 4676 3742 4731 in

2153 4758 2365 4813 dissitis
2398 4760 2714 4829 regionibus
2743 4771 2883 4827 orla,
2912 4772 2965 4816 et
2996 4764 3159 4817 simul
3221 4756 3289 4818 ad
3321 4767 3586 4820 Adamum
3617 4778 3738 4821 aeta

2153 4866 2315 4916 esse;
2388 4852 2640 4920 quamvis
2700 4846 2763 4905 id.
2808 4853 2860 4906 in
2922 4856 3175 4911 volucres
3228 4858 3496 4926 quadrare
3544 4861 3741 4927 possit,

2156 4944 2356 5014 quippe
2415 4959 2533 5013 quae
2564 4946 2675 5014 jam
2724 4958 2849 5001 ante
2895 4949 3111 5003 fuerant
3158 4962 3352 5005 enatat.
3394 4952 3550 5017 Quod
3592 4954 3740 5008 enim

2160 5048 2531 5090 memorantur
2560 5038 2815 5092 animalia
2849 5041 2912 5093 ad
2933 5042 3195 5097 Adatnum
3229 5060 3257 5097 a
3294 5043 3400 5098 Deo
3430 5061 3550 5100 esse
3571 5046 3744 5100 addu-

2159 5136 2266 5189 cta,
2305 5127 2582 5195 signiﬁcat
2633 5129 2798 5184 variis
2852 5132 3055 5201 alioqui
3107 5135 3241 5189 locis
3295 5136 3385 5190 illa
3447 5148 3737 5205 procreata

2159 5217 2515 5288 dispersaque
2604 5221 2859 5289 agitasse.
2947 5223 3427 5283 Verumenimvéro
3505 5229 3753 5305 liberum

2161 5318 2277 5364 esto
2304 5310 2517 5375 lectori,
2562 5322 2738 5367 utram
2784 5316 2912 5370 velit
2952 5310 3147 5373 harum
3200 5322 3427 5375 duarum
3493 5322 3635 5377 inter
3679 5339 3742 5378 se

2164 5402 2603 5457 adversar-ierunt
2636 5406 2958 5475 opinionum
2997 5412 3248 5480 amplecti
3284 5423 3459 5485 atque
3482 5416 3741 5471 retinere.

529 5733 639 5805 (‘29)
665 5741 781 5803 Non
829 5747 885 5805 in
922 5758 1232 5810 terrestrem
1276 5756 1597 5849 paradisum
1644 5761 1891 5823 immissa
1939 5775 2020 5824 εει
2062 5766 2291 5833 latronis
2320 5773 2529 5843 anima,
2555 5777 2721 5834 srdin
2756 5778 3005 5850 gloriam.
