4086 6414
340 307 443 373 581

1480 308 1575 366 DE
1620 304 2027 366 PARADISO.
2070 329 2140 341 -
2177 304 2368 363 PARS
2410 305 2458 366 Ι.

3511 308 3622 369 552

340 427 477 484 Nam
507 434 654 481 certa
679 430 868 480 earum
916 438 1099 478 rerum
1136 421 1378 493 cognitio
1408 422 1461 476 in
1497 422 1682 475 futuro
1708 420 1931 475 demum
1961 423 2009 483 Α
2040 418 2094 471 in
2125 418 2380 487 paradiso
2428 424 2827 472 commoratum
2872 429 2995 471 esse
3041 416 3207 473 boras
3254 432 3364 473 non
3389 423 3624 491 amplius

340 520 546 577 saeculo
606 517 675 572 iis
722 516 973 570 absolute
1009 514 1311 583 continget,
1353 513 1445 582 qui
1501 519 1662 566 antea
1696 510 1927 571 ,virtutis

341 609 620 667 exercitiis
668 623 727 664 se
755 608 865 679 ipsi
910 607 998 663 hic
1026 622 1056 661 a
1090 604 1300 677 peccati
1343 604 1582 660 tenebris
1631 617 1931 673 perpurga-

339 705 540 759 verint.

411 797 627 862 Quanto
653 803 881 861 tcutpare
910 791 1082 845 Adam
1115 791 1303 845 vixerit
1335 792 1390 843 iu
1426 784 1929 858 paradiso.—Jam

337 904 472 944 vero
521 886 627 940 ltoc
685 901 908 954 quoque
972 883 1330 953 expediamus
1370 899 1385 936 :
1433 888 1638 950 quanto
1685 888 1930 947 tempore

337 981 604 1035 manserit
637 980 811 1032 Adam
840 978 897 1031 iu
922 978 1197 1047 paradiso.
1226 974 1327 1029 llic
1360 974 1583 1044 quidam
1614 972 1929 1027 existimant

338 1071 561 1141 triginta
593 1085 769 1124 annos
813 1069 946 1123 inibi
979 1067 1182 1133 fuisse,
1236 1081 1429 1135 nempe
1477 1054 1638 1134 quot.
1666 1062 1929 1118 Dominus

338 1174 522 1219 noster
545 1164 599 1217 in
636 1164 844 1217 mundo
890 1163 1000 1234 egit
1053 1178 1151 1232 pro
1176 1160 1449 1231 expiando
1489 1159 1637 1214 illius
1668 1158 1877 1214 scelere
1906 1171 1926 1212 :

337 1264 399 1309 ut
447 1254 692 1324 quandiu
751 1253 915 1323 primi
974 1252 1227 1307 homines
1256 1251 1660 1321 magnificentia
1689 1246 1929 1318 paradisi

336 1356 466 1401 sunt
496 1346 678 1415 potiti,
712 1344 897 1399 tandiu
952 1345 1054 1398 iste
1106 1343 1296 1398 mundi
1340 1342 1508 1413 hujus
1562 1341 1926 1395 humilitatem

337 1439 683 1493 toleraverit.
740 1438 851 1491 Alii
880 1448 1097 1505 putant,
1152 1436 1513 1507 quadraginta
1557 1435 1746 1489 diebus
1782 1434 1927 1487 Ada-

333 1543 486 1581 mum
535 1528 647 1583 illic
680 1527 943 1593 haesisse;
984 1541 1161 1589 eoque
1196 1527 1477 1582 Christum
1529 1526 1651 1581 dies
1701 1526 1926 1581 totidem

331 1620 602 1692 jejunium
663 1622 971 1687 duravisse,
1018 1620 1281 1675 nimirum
1341 1631 1399 1675 ut
1447 1620 1613 1689 hujus
1651 1618 1925 1688 jejunium

334 1715 587 1769 remedio
613 1723 756 1769 esset
790 1714 1009 1768 illorum
1051 1713 1309 1782 ingluviei
1338 1729 1437 1782 per
1462 1727 1625 1782 quam
1652 1712 1926 1767 admisere

2040 524 2171 574 sex;
2206 524 2235 562 a
2268 511 2426 564 tertia
2468 509 2700 572 scilicet,
2729 508 2797 562 ad
2857 523 3063 562 nonam
3088 524 3263 579 usque
3303 512 3406 567 diei
3439 517 3576 569 sexti
3603 533 3616 575 ;

2032 600 2199 670 idque
2261 601 2441 657 tribus
2498 600 2801 655 rationibus
2862 600 3248 655 demnstrare
3330 603 3624 662 nituntur:

2029 707 2267 761 quarum
2299 693 2475 761 prima
2508 700 2614 757 est,
2648 693 2777 763 quia
2811 694 2985 747 multo
3011 692 3224 747 facilius
3247 693 3419 765 decipi
3451 700 3626 766 potuit

2029 784 2275 840 Adamus
2309 787 2363 840 in
2400 786 2523 856 ipso
2551 786 2736 842 statim
2762 785 2921 841 initio
2939 801 3104 856 quam
3138 787 3180 841 si
3208 787 3459 857 longiore
3485 798 3626 844 ten-

2029 890 2161 946 pore
2212 877 2526 947 paradisum
2578 877 2939 943 incoluisset;
2996 877 3209 942 altera,
3255 881 3515 948 quoniam
3577 883 3622 935 .«i
3714 920 3719 925 .

2028 967 2239 1023 diutius
2277 971 2425 1039 apud
2454 970 2700 1024 animum
2735 984 2898 1024 suum
2929 969 3248 1024 meditando
3276 973 3625 1041 expendissu

2030 1060 2355 1129 imperatam
2427 1062 2533 1118 sibi
2612 1063 2824 1131 legem,
2871 1061 3089 1116 cautior
3134 1060 3316 1117 factus
3390 1063 3621 1128 fuisset;

2027 1167 2217 1207 verum
2249 1154 2469 1223 quando
2501 1154 2756 1219 exiguum
2782 1152 2871 1205 ille
2933 1152 3199 1221 temporis
3228 1152 3464 1221 spatium
3488 1155 3622 1222 egit,

2028 1243 2191 1299 simul
2220 1253 2278 1298 ut
2299 1244 2617 1298 mandatum
2645 1259 2677 1297 a
2699 1242 2809 1296 Deo
2839 1249 3145 1309 acceperat,
3173 1242 3420 1297 fraudem
3451 1245 3613 1297 etiam

2028 1336 2136 1391 sibi
2191 1334 2351 1390 facile
2403 1335 2520 1389 ﬁeri
2576 1348 2772 1405 passus
2801 1346 2906 1388 est.
2951 1333 3157 1401 Tertia,
3194 1334 3459 1389 credibile
3515 1345 3619 1399 est,

2028 1430 2243 1495 Deum,
2293 1444 2458 1499 quem
2518 1430 2778 1496 paradiso
2824 1427 3089 1496 pulsurus
3131 1434 3268 1485 erat,
3301 1441 3424 1480 eum
3478 1427 3620 1479 haud

2029 1522 2189 1594 longo
2223 1534 2465 1593 tempore
2512 1532 2662 1576 tanta
2692 1522 2957 1576 felicitate
2989 1518 3101 1574 frui
3125 1519 3323 1575 sivisse
3352 1534 3419 1573 ne
3451 1519 3621 1573 nimi-

2031 1629 2166 1671 rum
2216 1616 2669 1681 excruciaretur;
2722 1616 2813 1668 sed
2888 1612 3107 1667 mollius
3149 1612 3440 1681 minusque
3481 1626 3623 1681 aegre

2031 1704 2237 1769 ferret,
2297 1720 2358 1759 se
2440 1705 2606 1758 tantis
2664 1703 2874 1757 deliciis
2920 1701 3180 1771 spoliari;
3246 1701 3387 1753 solet
3448 1700 3595 1753 enim

338 1816 619 1875 peccatum
647 1806 699 1858 in
734 1806 1009 1873 paradiso.
1061 1781 1171 1860 Sed
1194 1781 1447 1859 dominus
1480 1781 1759 1871 Ephrem,
1796 1801 1921 1855 Phi-
1956 1781 1998 1835 Β
2030 1798 2173 1851 Deus
2201 1797 2501 1852 clementer
2525 1795 2942 1865 castigationem
2977 1807 3256 1848 exercere.
3302 1793 3482 1861 Atque
3531 1792 3621 1847 hic

344 1896 589 1971 insanus,
613 1907 669 1952 et
698 1897 761 1953 D.
787 1897 1033 1953 Jacobus
1069 1896 1401 1968 Sarugensis
1440 1898 1623 1963 aiunt,
1648 1894 1925 1949 Atlantem

2029 1892 2154 1947 linis
2188 1900 2306 1946 esto
2348 1890 2510 1963 primi
2545 1886 2949 1944 commentarii.

354 2085 3575 2114 ww

1412 2252 1708 2342 PARS
1780 2248 2509 2342 POSTERIOR.

930 2636 1351 2695 ΡιιουΕκιυΜ.

403 2756 523 2813 Col.
570 2754 879 2826 Superioris
910 2753 1337 2818 Commentarii,
1372 2752 1459 2820 pie
1500 2747 1696 2819 lgnat‘i‘,
1740 2750 1921 2821 primo

330 2849 529 2918 capite,
560 2847 878 2901 disserendo
909 2846 1284 2907 ostendimus,
1316 2843 1630 2910 paradisum
1683 2841 1919 2910 duplicis

327 2955 453 2995 esse
492 2939 850 3001 conditionis,
885 2952 1161 3006 corporea:
1215 2944 1271 2991 et
1309 2936 1604 3006 spiritalis;
1652 2943 1815 3005 atque
1849 2932 1923 2988 ad‘

328 3035 381 3089 id
405 3032 867 3104 ccutprobandum
890 3030 1219 3085 adduximus
1238 3039 1554 3099 argumenta
1575 3028 1917 3084 firmissima:

330 3126 544 3187 tamab
574 3125 690 3195 ipsa
719 3138 900 3177 rerum
940 3130 1131 3175 natura
1164 3119 1353 3190 petita,
1391 3130 1504 3174 tum
1533 3134 1727 3174 eorum
1768 3120 1916 3173 viro-

329 3232 452 3273 rum
488 3217 813 3270 auctoritate
841 3214 967 3268 nixa
1010 3214 1102 3283 qui
1130 3212 1288 3266 fidem
1318 3213 1370 3265 in
1401 3212 1468 3265 iis
1503 3211 1668 3265 rebus
1702 3224 1918 3263 meren-

330 3318 441 3364 tur.
474 3308 752 3364 Prosecuti
796 3323 957 3377 porro
985 3307 1093 3362 illic
1124 3322 1316 3361 sumus
1356 3313 1707 3374 corporatum
1757 3318 1918 3374 para-

328 3402 528 3464 disum,
560 3415 787 3470 quaeque
815 3414 881 3453 eo
907 3413 1031 3452 cum
1058 3405 1389 3465 spectarent,
1409 3403 1717 3448 memoratu
1750 3394 1915 3463 digna

325 3508 450 3547 esse
484 3494 811 3546 videbantur
842 3509 855 3545 :
892 3489 1251 3558 explicantes,
1302 3503 1412 3542 non
1456 3489 1618 3541 modo
1648 3502 1737 3541 res
1766 3486 1914 3556 ipsas

327 3586 422 3641 sed
463 3587 685 3638 nomina
719 3584 893 3637 etiam
916 3596 1120 3645 rerum,
1151 3595 1248 3650 pro
1282 3588 1469 3634 tenore
1500 3593 1687 3633 eorum
1723 3580 1917 3632 \erbo-

324 3692 447 3732 rum
498 3677 699 3743 quibus
750 3675 908 3729 divus
956 3672 1135 3728 Moses
1168 3673 1221 3725 in
1258 3671 1619 3726 describenda
1656 3670 1912 3739 paradiso

324 3785 462 3825 usus
504 3778 608 3825 est.
639 3768 756 3824 Jam
788 3784 924 3822 vero
979 3767 1035 3821 in
1086 3768 1190 3820 hoc
1239 3764 1480 3820 secundo
1508 3762 1912 3818 Commentario

321 3863 742 3925 constituimus,
796 3861 1091 3929 adjuvante
1137 3871 1358 3928 operam
1407 3866 1654 3910 nostram
1699 3853 1911 3924 Spiritu

322 3963 517 4008 sancto
544 3953 634 4022 qui
668 3953 852 4007 omnia
883 3957 1260 4020 perscrutatur
1290 3947 1453 4002 etiam
1503 3961 1703 4001 arcana
1744 3953 1911 4015 atque

323 4049 512 4104 intima
552 4046 664 4110 Dei,
690 4046 757 4100 de
783 4045 973 4099 eodem
1005 4044 1258 4113 paradiso
1288 4041 1560 4096 disserere
1576 4040 1909 4108 mystice,et,

320 4141 484 4195 utsic
518 4140 719 4202 dicam,
748 4137 1109 4207 spiritualiter
1140 4151 1155 4189 :
1190 4144 1247 4189 ut
1282 4134 1745 4205 quemadmodum
1790 4132 1907 4202 ipse

318 4232 612 4305 paradisus
671 4232 869 4298 duplex
926 4238 1032 4295 est,
1082 4230 1155 4283 ita
1190 4244 1217 4281 a
1276 4227 1434 4282 nobis
1483 4227 1688 4296 duplici
1740 4225 1904 4280 modo

317 4333 603 4379 tractetur.
646 4322 1085 4377 Consentaneum
1134 4334 1301 4391 porro
1347 4328 1470 4385 est,
1530 4328 1589 4373 ut
1638 4319 1703 4373 in-
1734 4318 1903 4385 hujus

2525 2634 2757 2691 CAPUT
2818 2636 3112 2692 PRIMUM.

2109 2750 2288 2805 Varia:
2321 2752 2594 2805 sententia:
2663 2751 2951 2805 Doctorum
3005 2752 3497 2808 Ecclesiasticorum
3552 2758 3618 2810 de

2024 2845 2282 2916 paradiso
2346 2846 2590 2915 mystico.
2647 2874 2718 2886 ——
2779 2845 3042 2900 Doctores
3112 2838 3371 2901 Ecclesiae
3422 2863 3615 2915 sacrm,

2023 2938 2117 3010 qui
2144 2937 2427 3008 praecipui,
2501 2939 2927 3007 certissiquue
2980 2939 3107 2992 fidei
3140 2938 3433 3005 habentur,
3470 2941 3610 2997 alias

2020 3039 2185 3101 atque
2217 3029 2355 3085 alias
2393 3030 2682 3096 opiniones
2713 3029 2957 3083 habuere
2976 3030 3044 3083 de
3070 3028 3323 3098 paradiso
3350 3030 3611 3099 mystico.

2319 3123 2466 3179 enim
2534 3123 2780 3193 ipsorum
2843 3132 3256 3176 sacrosanctam
3308 3120 3608 3178 Ecclesiam

2020 3219 2473 3273 existimaverunt
2514 3215 2804 3286 mysticum
2863 3215 3177 3284 paradisum
3201 3229 3371 3270 esse:
3431 3225 3599 3284 atque

2024 3312 2189 3381 hujus
2222 3310 2445 3380 ﬁguram
2506 3309 2797 3379 mysticam
2854 3308 3029 3362 fuisse
3087 3308 3219 3362 olim
3254 3318 3610 3377 corporatum

2023 3402 2177 3457 illum
2209 3402 2525 3472 paradisum
2562 3403 2613 3455 in
2654 3415 2771 3470 quo
2826 3410 2945 3454 erat
2977 3400 3243 3455 Adantus.
3294 3400 3401 3455 Alii
3448 3418 3611 3472 para-

2022 3497 2204 3551 disum
2243 3498 2535 3566 mysticum
2574 3493 2821 3550 fecerunt
2885 3509 3006 3549 eam
3060 3494 3271 3547 Christi
3324 3495 3610 3550 docrinam

2018 3606 2184 3659 quam
2215 3590 2527 3659 baptizatus
2558 3588 2908 3657 divulgabat,
2941 3589 3252 3657 cujnsmndi
3304 3600 3433 3644 sunt
3476 3590 3567 3643 illa
3595 3606 3611 3643 :

2014 3679 2093 3734 Ne.
2122 3681 2381 3736 irascaris
2412 3690 2506 3735 tuo
2533 3680 2701 3734 fra-triv
2724 3681 2966 3749 gratuito
3000 3696 3015 3733 :
3049 3679 3128 3733 Nc
3166 3681 3419 3735 iutucarc
3448 3679 3609 3735 femi-

2014 3774 2219 3826 minam
2256 3788 2351 3841 per
2381 3771 2690 3841 cupidinem
2728 3788 2741 3823 :
2779 3770 2843 3825 Si
2894 3773 3011 3839 quis
3046 3775 3372 3839 percusserit
3414 3773 3613 3827 maxil-

2012 3861 2121 3916 lam
2179 3872 2347 3926 tuam,
2410 3864 2689 3917 dexteram
2729 3863 2935 3917 obverle
2991 3864 3040 3917 ei
3092 3864 3319 3917 alteram
3357 3880 3606 3934 quoque:

2017 3955 2183 4019 Vade,
2214 3957 2377 4011 vende
2406 3956 2665 4026 quidquid
2692 3955 2874 4021 habes,
2897 3967 2948 4009 et
2970 3956 3099 4009 dato
3122 3956 3441 4026 pauperibus
3459 3958 3538 4020 ",
3555 3968 3609 4011 et

2010 4048 2173 4118 hujus
2202 4048 2419 4119 generis
2466 4048 2593 4102 alia.
2621 4048 2862 4102 Rursum
2915 4049 3005 4103 alii
3067 4057 3282 4118 putant,
3313 4053 3603 4119 mysticum

2006 4139 2320 4208 paradisum
2369 4154 2491 4195 esse
2541 4140 2740 4194 animae
2781 4148 2991 4210 typum,
3029 4142 3364 4211 arboresque
3405 4141 3458 4194 in
3512 4142 3609 4211 illo,

2007 4240 2176 4295 satas,
2230 4230 2426 4284 animae
2464 4228 2709 4284 facinora
2751 4245 2848 4299 per
2886 4230 3143 4285 virtutem
3199 4228 3340 4285 facta
3390 4231 3606 4302 signiti-

2004 4337 2166 4387 care;
2197 4322 2531 4392 hi,quatuor
2548 4320 2784 4391 paradisi
2805 4320 3031 4377 flumina
3051 4323 3118 4378 ad
3141 4332 3379 4392 quatuor
3406 4324 3605 4379 anima:

316 4430 541 4487 quoque
588 4415 813 4470 secundi
863 4416 1137 4470 sermonis
1196 4412 1486 4483 principio,
1523 4412 1641 4481 ipsa
1692 4422 1898 4482 septem
1936 4455 1979 4509 υ
2007 4415 2242 4469 virtutes
2288 4413 2615 4467 naturaliter
2640 4414 3083 4480 {accommodant
3113 4430 3128 4469 z
3163 4429 3358 4485 nempe
3390 4415 3455 4468 ad
3486 4430 3608 4470 eam

313 4511 495 4577 capita
524 4508 725 4577 quibus
761 4515 932 4561 totum
965 4522 1103 4576 opus
1132 4522 1162 4560 a
1198 4505 1356 4559 nobis
1386 4504 1715 4564 absolvetur,
1746 4517 1903 4558 sum-

314 4600 505 4652 matim
531 4614 921 4666 proponamus.
944 4597 1130 4651 Primo
1169 4598 1335 4666 igitur
1370 4596 1541 4666 capite
1571 4596 1901 4660 ostenditur,

313 4705 420 4760 qua
471 4690 684 4743 ratione
730 4690 935 4744 inducti
983 4689 1094 4744 sint
1127 4689 1381 4744 doctores
1415 4689 1693 4754 Ecclesiae,
1728 4695 1784 4742 ut
1835 4689 1903 4743 de

320 4781 575 4850 paradiso
618 4783 847 4852 mystice
881 4781 1271 4850 loquerentur;
1303 4791 1356 4835 et
1386 4781 1588 4850 quibus
1620 4781 1901 4836 vocabulis

323 4874 713 4943 appellaverint
746 4874 1037 4945 mysticum
1065 4876 1399 4945 paradisum.
1437 4873 1689 4929 Secundo
1724 4875 1901 4944 capite

318 4968 695 5036 explicabitur,
757 4968 892 5038 quid
940 4968 1010 5023 sit
1047 4967 1301 5037 pardisus
1350 4968 1634 5038 mySticus.
1686 4967 1896 5033 Tertio,

314 5075 564 5129 quasnam
594 5061 666 5116 sit
712 5071 856 5115 terra
897 5061 1148 5132 mystica.
1190 5058 1417 5128 Quarto,
1460 5062 1671 5132 quales
1697 5060 1899 5116 fuerint

315 5151 540 5204 arbores
595 5159 759 5222 atque
816 5150 1013 5220 planta;
1075 5151 1130 5204 in
1162 5150 1271 5205 hoc
1321 5151 1553 5222 mystico
1618 5152 1894 5221 paradiso.

316 5240 514 5306 Quinto
553 5260 677 5313 quae
722 5243 889 5298 fuerit
935 5241 1102 5297 arbor
1146 5243 1389 5298 scientia:
1425 5244 1550 5299 boni
1585 5252 1639 5299 et
1684 5244 1811 5298 mali
1846 5246 1898 5299 in

322 5331 423 5384 hoe,
451 5334 705 5402 paradiso
732 5333 958 5405 mystico
986 5342 1126 5389 sata.
1161 5334 1350 5400 Sexto,
1382 5350 1505 5404 quae
1536 5335 1701 5390 fuerit
1737 5338 1901 5390 arbor

310 5423 436 5478 vita:
474 5425 528 5478 in
559 5425 663 5479 boc
697 5425 951 5495 paradiso
980 5425 1229 5498 mystico.
1266 5424 1531 5496 Septimo,
1555 5437 1899 5496 exponentur

310 5518 541 5588 mystice
596 5520 761 5574 verba
810 5517 979 5575 Mosis
1007 5534 1129 5590 quae
1158 5518 1227 5575 de
1261 5520 1518 5590 paradiso
1552 5522 1758 5592 scripta
1806 5522 1897 5579 ille

309 5608 556 5680 reliquit.

381 5770 423 5803 ’ί
472 5769 662 5827 Mulli].
692 5786 745 5840 v,
774 5769 863 5839 η,
894 5770 987 5841 Q7,
1020 5769 1128 5841 '59;
1182 5785 1292 5840 “si
1326 5770 1419 5830 εί·

2010 4523 2131 4578 quas
2158 4505 2441 4561 rationalis
2464 4506 2639 4576 partis
2673 4505 2870 4560 animae
2897 4505 3118 4577 propria
3144 4515 3247 4567 est.
3274 4516 3330 4561 et
3362 4507 3608 4577 prudeno

2013 4601 2087 4655 tia
2144 4610 2396 4662 vocatur,
2454 4608 2510 4653 et
2553 4600 2618 4654 ad
2671 4599 3142 4668 temperantiam:
3181 4599 3310 4654 item
3360 4599 3427 4655 ad
3480 4614 3602 4653 eam

2008 4708 2130 4765 quae
2160 4693 2462 4748 animosam
2495 4691 2960 4747 siveirascibilem
2996 4700 3205 4760 partem
3240 4692 3436 4745 animae
3468 4706 3595 4760 spe-

2008 4794 2138 4852 ctat,
2167 4793 2334 4855 atque
2361 4799 2509 4838 nunc
2535 4782 2822 4849 fortitudo,
2856 4797 3002 4836 nunc
3031 4782 3231 4836 lenitas
3274 4794 3603 4835 mansuetu-

2009 4879 2149 4933 dove
2202 4876 2527 4948 appellatur,
2580 4875 2819 4945 denique
2862 4874 2928 4929 ad
2969 4873 3241 4944 justitiam
3276 4891 3288 4926 :
3321 4872 3404 4926 ba:
3449 4874 3597 4927 enim

2006 4980 2265 5043 quatuor,
2302 4980 2529 5026 caeteras
2558 4970 2754 5025 anima:
2784 4968 3015 5023 virtutes
3060 4983 3253 5021 omnes
3287 4965 3459 5019 veluti
3517 4966 3597 5020 ri~

2007 5077 2156 5136 gant,
2185 5063 2387 5128 fovent,
2409 5073 2630 5133 augent.
2668 5062 2809 5116 Sunt
2829 5072 3087 5132 praeterea
3119 5059 3212 5130 qui
3234 5059 3594 5125 arbitrentur,

2008 5159 2297 5229 mysticum
2336 5157 2659 5226 paradisum
2687 5170 2807 5211 esse
2838 5169 3034 5210 sensus
3079 5153 3345 5222 quosdam
3390 5150 3596 5222 ﬁgura-

2004 5260 2092 5305 tos
2126 5251 2241 5305 sive
2268 5249 2618 5320 parabolicos
2645 5249 2729 5319 (ut
2761 5247 3044 5315 vocamus)
3095 5253 3190 5300 aut
3228 5245 3591 5315 anagogicos:

2003 5355 2068 5395 ea
2091 5342 2236 5395 enim
2270 5356 2393 5411 quae
2421 5356 2451 5394 a
2480 5338 2627 5395 Mose
2658 5339 2724 5395 de
2750 5338 3006 5409 paradiso
3029 5337 3172 5393 dicta
3207 5348 3355 5401 sunt,
3394 5333 3588 5405 partim

2002 5433 2069 5488 de
2110 5435 2274 5488 rebus
2326 5433 2461 5504 ipsis
2498 5449 2621 5503 qua:
2652 5431 2938 5487 vocabulis
2971 5429 3233 5500 subjectae
3267 5437 3414 5491 sunt,
3447 5425 3592 5478 acri-

2000 5525 2199 5595 pienda
2252 5538 2375 5581 esse
2412 5541 2428 5578 :
2460 5525 2659 5596 partim
2707 5537 2839 5577 vero
2885 5536 2982 5591 per
3011 5517 3425 5574 similitudinem
3483 5515 3592 5568 alio

1998 5616 2485 5679 accommodanda.
2534 5614 2696 5673 Verbi
2734 5613 2932 5686 gratia,
2970 5609 3125 5683 quod
3172 5608 3249 5664 ait
3293 5605 3586 5662 Dominum
