4086 6472
413 335 519 401 583

1691 327 1924 390 MOSIS
1966 330 2119 390 ΒΑΗ
2158 328 2249 390 CE
2260 329 2404 390 PHA

3569 329 3681 392 584:

416 453 586 508 Deum
624 448 892 504 formasse
920 448 1216 510 Adamum,
1256 455 1314 503 et
1359 460 1483 516 quas
1515 453 1648 500 sunt
1690 445 1856 514 hujus
1900 461 1996 515 gea
2024 451 2072 510 Α
2102 456 2188 503 est
2234 444 2541 500 diﬂ'erentia
2576 463 2590 500 :
2626 444 2948 516 quantispcr
2987 459 3131 500 emm
3181 445 3296 500 haec
3341 444 3472 500 Athe
3511 442 3684 499 animi

416 541 588 604 netis,
610 540 679 594 de
705 539 870 594 rebus
903 538 1035 609 ipsis
1057 551 1181 592 esse
1214 534 1561 604 intelligenda
1594 534 1784 589 dicunt
1817 551 1831 588 :
1866 534 1999 590 illud

416 648 571 695 vero,
600 630 748 700 quod
790 628 1055 685 Dominus
1082 627 1224 682 Deus
1249 625 1561 682 conseverit
1594 626 1905 695 paradisum
1944 626 1999 680 in

418 724 570 779 Eden
602 725 671 777 ab
707 722 884 789 initio,
915 721 1024 775 alio
1059 734 1382 775 sensuesse
1415 718 1795 787 accipiendum
1836 733 1999 788 quam

422 817 589 873 verba
638 815 755 886 ipsa
792 814 1124 879 ostendunt;
1162 826 1361 881 nempe
1411 809 1582 865 Deum
1624 813 2004 881 comparuisse

420 908 764 978 spiritualem
795 906 1089 976 quamdam
1134 916 1299 973 atque
1334 904 1548 960 felicem
1580 905 1799 961 vivendi
1831 905 1998 959 ratio-

423 1014 573 1063 nem,
598 1008 702 1054 etc.
741 998 946 1052 Praeter
989 996 1090 1051 hos
1138 1002 1269 1050 sunt
1315 994 1409 1064 qui
1456 996 1627 1050 velint
1650 997 1682 1064 ,ξ
1716 996 2004 1067 mysticum

420 1089 738 1159 paradisum
768 1101 891 1141 esse
920 1086 1100 1155 ipsum
1133 1094 1479 1154 corporatum
1507 1086 1845 1155 paradisum,
1871 1085 2002 1140 dum

425 1194 552 1233 cum
599 1177 786 1232 animo
834 1176 1271 1245 contemplemur
1318 1176 1590 1245 spirituali
1630 1178 1866 1231 ratione.
1900 1175 2007 1231 Po-

426 1280 632 1325 stremo
689 1276 818 1324 sunt
872 1268 966 1332 alii
1012 1269 1266 1323 doctores
1296 1283 1531 1338 quorum
1567 1270 1857 1323 sententiae
1904 1284 2007 1325 nos

423 1378 644 1433 quoque
679 1361 1107 1425 subscribimus,
1136 1362 1229 1429 qui
1258 1362 1437 1432 ipsum
1486 1360 1797 1432 paradisum
1828 1363 2012 1433 dupli-

424 1457 506 1511 cis
540 1455 880 1512 couditionis
910 1471 1035 1511 esse
1083 1456 1241 1511 aiunt
1269 1497 1284 1523 ,
1323 1457 1520 1526 partim
1571 1458 1715 1512 enim
1746 1472 1814 1511 ex
1845 1456 2009 1512 rebus

426 1547 753 1612 corporalis,
808 1546 1007 1617 partim
1039 1563 1105 1601 ex
1143 1548 1522 1616 spiritualibus
1553 1559 1833 1615 constare;
1869 1548 2012 1604 sicut

424 1647 480 1691 et
530 1638 645 1707 ipse
689 1639 864 1694 Adam
905 1639 1065 1708 cujus
1110 1640 1285 1710 gratia
1337 1640 1426 1694 ille
1480 1641 1735 1695 conditus
1764 1651 1904 1706 erat,
1941 1654 2011 1694 ex

424 1742 655 1797 corpore
681 1736 736 1783 et
764 1729 945 1784 anima
985 1730 1101 1784 sive
1147 1729 1342 1798 spiritu
1392 1729 1572 1784 fuerat
1619 1730 1961 1801 compositus
1991 1767 2009 1795 ,

426 1829 856 1889 corporatasque
886 1820 1123 1888 paradisi
1149 1830 1328 1890 partes
1348 1836 1470 1877 esse
1498 1821 1750 1889 arbores,
1774 1822 2008 1890 plantas,
2045 1802 2088 1857 Β

427 1922 484 1968 et
532 1912 870 1982 ejuscemodi
921 1928 1010 1969 res
1061 1915 1196 1969 alias
1234 1953 1250 1977 ,
1283 1924 1468 1984 partes
1497 1930 1629 1969 vero
1673 1916 2013 1985 spirituales,

430 2004 596 2059 vitam
625 2003 836 2057 beatam
866 2012 1030 2072 atque
1053 2005 1352 2059 secundum
1374 2006 1623 2060 virtutem
1654 2014 1856 2070 actam,
1880 2014 2015 2075 etc.,

434 2096 579 2151 sicut
618 2093 818 2163 prioris
842 2092 1237 2149 Commentarii
1263 2095 1508 2150 secundo
1551 2096 1728 2167 capite
1777 2097 2019 2167 explica-

436 2187 638 2242 vimus.

1053 2256 1285 2313 CAPUT
1317 2256 1386 2312 ll.

507 2346 639 2412 Qua:
691 2363 771 2401 res
827 2349 895 2401 sit
947 2346 1235 2415 paradisus
1298 2348 1575 2418 mysticus.
1605 2378 1676 2390 —
1725 2348 2020 2425 Paradisus

434 2438 737 2507 spiritualis
788 2437 905 2493 sive
942 2440 1227 2509 mysticus,
1254 2439 1364 2495 vita
1414 2451 1500 2496 est
1560 2441 1866 2511 spiritualis
1897 2458 2021 2513 qua:

435 2532 620 2587 animo
647 2535 909 2604 agitatur,
947 2532 1115 2601 1plena
1162 2546 1390 2587 summa:
1430 2533 1802 2604 temperantia:
1854 2548 2020 2606 atque

435 2624 763 2689 sanctitatis,
802 2632 857 2677 et
908 2624 1183 2693 perpetuis
1218 2624 1666 2682 meditationibus
1714 2642 1894 2681 rerum
1941 2627 2024 2683 di-

433 2714 688 2768 vinarum
724 2729 1025 2785 earumque
1061 2730 1182 2785 quae
1211 2724 1340 2770 sunt
1372 2731 1401 2769 a
1435 2714 1543 2771 Deo
1577 2717 1832 2785 conditae,
1862 2718 2022 2774 addi-

436 2812 525 2858 cta
554 2844 570 2870 ,
603 2813 766 2873 atque
808 2791 1053 2896 ‘omuino
1092 2805 1200 2860 vita
1248 2804 1407 2861 beata
1439 2814 1493 2861 et
1526 2808 1795 2878 angelica,
1832 2807 2025 2876 procul

438 2893 509 2948 ab
538 2893 993 2948 omnibus'animi
1042 2894 1566 2964 perturbationibus,
1616 2896 2025 2964 anxietatibus,

438 2986 717 3054 suspiriis,
754 2988 901 3066 luctu
936 2996 1168 3051 remota,
1201 2995 1365 3057 atque
1393 3002 1518 3041 cum
1557 2988 1780 3058 gaudio,
1812 2988 2024 3057 latitia,

437 3077 803 3132 exsultatione
851 3077 1165 3146 conjuncta,
1217 3077 1400 3148 itaque
1456 3078 1668 3149 pollens
1718 3088 2025 3150 potensque

439 3175 502 3222 ut
550 3167 734 3222 radios
784 3176 949 3237 atque
995 3156 1342 3236 splendorem
1379 3167 1688 3224 divinarum
1731 3171 2022 3227 notionum

440 3257 733 3326 concipere
772 3267 938 3328 queat
966 3299 981 3323 ,
1017 3259 1219 3329 quippe
1250 3260 1343 3329 qui
1375 3259 1433 3313 in
1472 3261 1576 3315 hoc
1608 3262 1866 3331 paradiso
1899 3277 2025 3316 ver-

440 3359 656 3414 santur,
681 3351 736 3403 in
789 3342 1003 3404 summa
1042 3351 1233 3406 vivunt
1272 3350 1640 3418 beatitudine,
1668 3362 1833 3422 atque
1871 3369 2028 3410 crear

441 3454 614 3496 torem
648 3439 820 3496 Deum
852 3442 1084 3513 ejusque
1108 3453 1409 3508 creaturas,
1442 3453 1622 3499 mente
1650 3447 2031 3517 contemplan-

448 3542 531 3587 tes
582 3531 949 3588 obleclautur.
982 3531 1117 3586 Nam
1147 3544 1202 3589 et
1248 3549 1498 3604 superna:
1549 3535 1722 3605 copiae
1769 3540 2029 3609 angelica:

444 3621 557 3676 illic
590 3622 868 3688 habitant,
908 3632 962 3677 et
984 3624 1156 3678 Adam
1205 3625 1463 3695 Evaque,
1497 3634 1793 3696 antequam
1833 3630 2031 3687 adver-

446 3729 570 3769 sum
628 3713 721 3769 Dei
794 3716 1112 3770 tnandatum
1194 3715 1491 3787 fecissent,
1579 3719 1782 3776 ibidem
1845 3737 2031 3779 mora-

441 3806 670 3863 bantur.

1065 3877 1297 3936 CAPUT
1339 3880 1429 3937 ΙΙΙ.

514 4011 706 4079 Qualis
765 4015 927 4082 fuerit
978 4021 1120 4067 terra
1174 4014 1389 4084 mystici
1441 4015 1708 4085 paradisi.
1756 4044 1830 4058 -—
1865 4014 2033 4071 Terra

443 4106 659 4176 mystici
697 4105 932 4174 paradisi
968 4104 1071 4159 fuit
1116 4106 1335 4161 animus
1378 4114 1434 4161 et
1474 4121 1631 4162 mens
1669 4106 1885 4173 Adami,
1918 4107 2025 4164 hoc

443 4205 548 4263 est,
610 4197 849 4250 hominis
917 4196 1047 4251 inibi
1109 4197 1340 4267 agentis.
1397 4195 1533 4252 Nam
1584 4199 1711 4254 inde
1759 4201 2030 4269 pullulant

447 4294 612 4357 atque
639 4288 893 4341 oriuntur
923 4287 1317 4343 meditationes
1347 4303 1455 4343 non
1489 4290 1651 4346 modo
1697 4307 1879 4346 rerum
1909 4308 2032 4363 spe-

448 4380 755 4443 ctabilium,
783 4379 875 4433 sed
916 4387 971 4435 et
1005 4394 1196 4436 earum
1238 4396 1460 4452 quoque
1489 4398 1610 4454 qua:
1669 4384 1821 4439 nullo
1865 4400 2030 4442 sensu

449 4472 655 4542 percipi
694 4480 930 4542 queunt.

1048 4561 1279 4620 CAPUT
1330 4563 1423 4624 IV.

520 4673 711 4739 Quales
772 4674 987 4730 arbores
1036 4685 1086 4731 et
1145 4679 1346 4748 plantae
1390 4680 1445 4736 in
1470 4678 1841 4751 paradiso'.—-—
1870 4682 2039 4753 Igitur

451 4767 770 4837 hujusmodi
819 4771 1180 4841 cogitationes
1215 4772 1706 4844 meditationesque
1741 4790 1807 4830 ex
1839 4775 2039 4830 animis

442 4866 503 4927 let
539 4859 819 4914 hominum
845 4870 901 4915 et
933 4862 1273 4933 angelorum,
1309 4853 1467 4933 quasi
1513 4866 1743 4940 arbores
1791 4879 1824 4920 e
1871 4875 2038 4932 terra,

451 4961 773 5019 procreatae,
806 4952 1035 5009 arbores
1065 4961 1121 5008 et
1150 4952 1350 5025 plantae
1381 4955 1621 5026 paradisi
1649 4955 1866 5027 mystici
1891 4955 2037 5010 haud

450 5041 690 5096 absurde
725 5041 1004 5098 dicuntur.

1072 5136 1304 5194 CAPUT
1349 5135 1410 5192 V.

528 5223 602 5278 Dc
621 5225 808 5280 arbore
829 5228 1062 5281 scientias
1097 5229 1219 5283 boni
1235 5238 1284 5284 et
1303 5229 1433 5283 ntali
1456 5228 1512 5283 in
1530 5230 1778 5299 paradiso
1800 5233 2044 5302 mystico.

452 5347 521 5359 -
545 5318 774 5385 Quidam
806 5333 838 5373 e
868 5336 1097 5376 numero
1123 5321 1409 5376 doetorum
1432 5319 1691 5377 Ecclesiae
1714 5324 1921 5387 dicunt,
1955 5339 2037 5378 ar-

456 5412 643 5467 borem
667 5411 909 5466 scicntia:
941 5413 1070 5467 boni
1093 5420 1146 5468 et
1175 5414 1301 5467 mali
1335 5414 1619 5485 mysticam
1654 5413 1783 5470 etin
1805 5415 2038 5487 mystico

455 5503 706 5573 paradiso
757 5506 1052 5581 consitam,
1105 5520 1230 5560 esse
1278 5506 1449 5559 animi
1486 5515 1695 5560 motum
1726 5508 2036 5577 jquemdam

455 5613 565 5666 quo
596 5597 761 5652 homo
788 5613 889 5653 ceu
936 5599 1196 5675 peculiari
1224 5602 1433 5656 mentis
1492 5613 1609 5655 suae
1655 5597 1840 5654 indole
1876 5598 2038 5656 incli-

460 5700 635 5755 natur,
673 5705 736 5745 co
765 5693 906 5747 enim
933 5680 1147 5761 sentiri,
1179 5709 1301 5766 quae
1327 5693 1468 5751 inter
1506 5691 1709 5748 malum
1730 5691 2040 5766 bonumque

535 5798 580 5828 ’³
618 5797 803 5854 Matth.
838 5817 925 5867 ut,
958 5803 1014 5858 2.

2101 539 2185 596 vis
2214 538 2316 594 sibi
2347 539 2657 606 constabat,
2709 548 2818 594 tota
2853 540 2907 593 in
2935 554 3105 594 unum
3153 554 3315 595 suum
3365 539 3687 595 Creatorem

2101 632 2349 695 inventa,
2383 631 3106 703 jugiquejcontemplatione
3133 633 3183 687 ei
3222 633 3464 703 alligata,
3494 633 3691 687 tantis-

2102 738 2201 793 per
2233 724 2286 778 in
2315 725 2436 778 solo
2467 724 2613 778 bono
2653 724 2742 779 ille
2773 725 3118 789 versabatur,
3148 725 3312 794 idque
3343 742 3511 778 unum
3556 740 3693 779 sen-

2104 815 2271 870 tiebat
2300 855 2318 881 ,
2345 830 2533 870 verum
2575 825 2864 886 postquam
2894 814 2988 872 illa
3029 815 3159 872 inde
3198 825 3360 870 mota
3393 823 3500 879 est,
3539 830 3682 870 sese-

2104 923 2212 976 que
2249 907 2491 972 demisit,
2562 908 2736 964 sensit
2771 908 2938 963 etiam
2985 910 3219 965 alterum
3268 908 3401 962 illud
3429 945 3444 971 ,
3472 908 3524 963 id
3583 916 3691 970 est,

2105 1001 2284 1070 ipsum
2319 999 2546 1055 malum.
2587 1000 2695 1055 Alii
2721 1009 3007 1054 autumant
3056 1000 3297 1054 scientia:
3324 998 3451 1053 boni
3481 1009 3535 1053 et
3565 998 3694 1051 mali

2107 1092 2360 1147 arborem
2428 1092 2600 1148 fuisse
2653 1102 2842 1164 typum
2874 1093 3006 1163 legis
3044 1090 3299 1147 Mosaicae
3326 1134 3342 1156 ,
3374 1106 3433 1145 ut
3478 1102 3533 1144 et
3566 1088 3700 1144 reli-

2087 1168 2252 1254 quas
2284 1184 2523 1252 paradisi
2556 1184 2810 1247 arbores,
2855 1181 3196 1251 singulorum
3227 1183 3349 1247 ejus
3382 1179 3521 1248 legis
3552 1194 3699 1250 prte-

2108 1286 2390 1345 ceptorum
2428 1275 2652 1345 figuras,
2675 1289 2743 1329 eo
2778 1274 2924 1343 quod
2956 1274 3041 1328 lex
3060 1272 3295 1328 Mosaica
3323 1273 3464 1326 inter
3487 1272 3695 1326 bonum

2111 1367 2423 1437 malumque
2448 1365 2745 1436 dijudicet;
2776 1381 2980 1436 eosque
3013 1366 3108 1436 qui
3145 1364 3282 1419 bene
3298 1374 3488 1433 agunt,
3512 1364 3699 1431 bonis,

2111 1467 2166 1514 et
2195 1457 2287 1527 qui
2318 1458 2482 1523 male,
2517 1457 2678 1511 malis
2711 1455 2953 1522 adiciat;
2987 1467 3152 1525 atque
3186 1454 3312 1508 ideo
3359 1455 3503 1508 hanc
3536 1454 3701 1508 arbo-

2112 1562 2227 1603 rem
2250 1547 2403 1616 juxta
2430 1548 2552 1601 vita:
2589 1549 2841 1602 arborem
2896 1548 3055 1601 sitam
3090 1545 3267 1600 fuisse
3293 1583 3311 1612 ,
3344 1554 3405 1599 ut
3440 1544 3541 1599 nisi
3572 1546 3702 1614 quis

2113 1640 2287 1711 ipsam
2317 1639 2470 1709 prius
2496 1639 2666 1708 legem
2694 1637 2981 1701 coluisset,
3009 1636 3114 1691 hoc
3144 1647 3248 1698 est.
3280 1637 3413 1707 legis
3444 1639 3703 1711 mandata

2115 1709 2488 1793 observasset,
2512 1730 2577 1783 ad
2612 1731 2733 1783 vitae
2772 1729 3022 1783 arborem
3058 1730 3371 1797 pertingere
3428 1709 3703 1795 nequiret,

2117 1824 2171 1881 id
2194 1832 2279 1878 est
2320 1823 2388 1878 ad
2418 1836 2540 1877 eam
2575 1821 2884 1875 libertatem
2919 1834 3041 1890 qua
3082 1819 3227 1889 apud
3255 1818 3536 1873 Christum
3569 1826 3655 1871 est
3683 1856 3702 1883 ,

2116 1915 2337 1982 quando
2391 1914 2509 1983 ipse
2560 1914 2725 1966 etiam
2780 1911 3116 1981 Redemptor
3175 1920 3365 1966 noster
3419 1912 3690 1981 tantisper

2117 2009 2246 2063 dum
2283 2008 2455 2078 legem
2498 2007 2844 2071 observabat,
2871 2004 3179 2060 libertatem
3212 2019 3325 2058 sua:
3352 2004 3477 2057 vitae
3505 2018 3704 2071 genere

2118 2100 2340 2155 minime
2379 2114 2493 2170 prae
2521 2114 2582 2154 se
2618 2098 2846 2154 ferebat.
2873 2097 2942 2151 At
2973 2112 3075 2152 nos
3105 2096 3395 2150 delinimus
3449 2094 3698 2149 arborem

2119 2190 2367 2247 scientiae
2407 2191 2535 2244 boni
2563 2198 2619 2245 et
2653 2189 2781 2243 mali
2828 2188 3116 2259 mysticam
3180 2201 3304 2241 esse
3337 2187 3699 2254 cognitionem

2119 2290 2175 2339 et
2227 2282 2633 2337 meditationem
2665 2296 2789 2352 qua:
2820 2280 2968 2336 circa
3019 2279 3185 2333 Deum
3238 2294 3419 2334 rerum
3453 2277 3701 2332 omnium

2120 2375 2459 2430 conditorem
2490 2385 2742 2430 versatur
2768 2391 2785 2438 ;
2818 2371 3216 2440 scientiamque
3247 2370 3399 2437 boni,
3430 2386 3551 2425 esse
3581 2385 3704 2424 eazn

2119 2468 2488 2539 cognitionem
2510 2482 2631 2536 quae
2652 2480 2824 2522 unum
2854 2466 3032 2520 solum
3057 2463 3223 2518 Deum
3256 2463 3509 2532 agnoscit
3536 2473 3704 2528 atque

2124 2561 2455 2633 profitetur;
2496 2558 2624 2615 mali
2653 2574 2782 2614 vero
2810 2572 2933 2627 quae
2970 2558 3172 2611 multos
3218 2568 3338 2609 esse
3366 2554 3497 2609 deos
3532 2562 3709 2623 putat,

2125 2666 2291 2726 atque
2309 2656 2409 2709 hac
2426 2653 2695 2708 Adamum
2714 2652 2992 2722 Evamque
3009 2665 3107 2721 per
3119 2649 3386 2703 dat-monis
3410 2648 3708 2702 consilium

2125 2747 2301 2805 fuisse
2345 2746 2636 2802 distentos.
2700 2747 2929 2814 Insuper
2980 2744 3082 2796 hoc
3153 2755 3372 2810 quoque
3432 2741 3711 2806 dicimus,

2124 2854 2246 2896 eam
2313 2837 2827 2897 commentationem
2878 2850 2977 2906 pro
3029 2836 3101 2890 iis
3155 2836 3240 2902 (lui
3290 2832 3496 2902 pollent
3550 2841 3715 2902 atque

2125 2931 2415 2989 exercitati
2490 2940 2620 2985 sunt
2678 2928 3033 2983 meditatione
3099 2941 3282 2980 rerum
3341 2925 3708 2988 divinarum,

2128 3024 2417 3080 scientiam
2465 3022 2595 3078 boni
2639 3030 2695 3076 et
2737 3020 2925 3074 vocari
2951 3028 3004 3074 et
3035 3034 3176 3081 esse,
3210 3033 3307 3087 pro
3361 3018 3429 3071 iis
3460 3032 3588 3071 vero
3618 3017 3713 3087 qui

2053 3143 2096 3201 ο
2129 3129 2308 3185 neque
2345 3112 2479 3168 satis
2530 3110 2667 3166 firmi
2707 3118 2841 3166 sunt
2874 3124 3048 3179 neque
3100 3108 3404 3171 exercitati,
3433 3116 3490 3163 et
3529 3118 3712 3161 tamen

2134 3206 2338 3261 audent
2366 3205 2432 3258 de
2454 3202 2564 3258 Deo
2586 3202 2748 3257 altius
2779 3197 3159 3264 commentari,
3192 3198 3564 3270 appellandam
3595 3208 3715 3252 esse

2130 3297 2413 3355 scientiam
2449 3296 2599 3352 mali.

2759 3385 2991 3443 CAPUT
3037 3384 3123 3441 Vl.

2207 3481 2288 3536 De
2331 3481 2520 3536 arbore
2573 3481 2694 3536 vitta
2746 3480 2991 3550 mystica.
3020 3508 3090 3516 —
3117 3475 3257 3531 Sunt
3293 3474 3432 3529 inter
3469 3473 3720 3528 doctores

2132 3573 2415 3641 Ecclesiae,
2450 3574 2543 3644 qui
2615 3573 2868 3627 arborem
2919 3572 3040 3624 vitae
3096 3571 3323 3639 mystice
3368 3568 3549 3620 dicant
3598 3576 3722 3619 esse

2136 3666 2392 3722 humana:
2428 3665 2627 3721 mentis
2659 3664 3072 3735 proprietatem,
3101 3676 3222 3730 qua:
3252 3674 3373 3712 cum
3404 3657 3471 3710 iis
3508 3655 3718 3723 cogita-

2136 3760 2381 3815 tionibus
2414 3774 2534 3828 quae
2567 3757 2711 3813 circa
2745 3771 2914 3810 unum
2950 3769 3112 3810 suum
3144 3751 3455 3807 eﬂ‘ectorem
3488 3762 3716 3801 versan-

2137 3863 2251 3918 tur,
2294 3850 2517 3921 alligata
2545 3858 2649 3915 est,
2689 3864 2865 3918 neque
2914 3847 3023 3900 huc
3058 3846 3185 3899 illuc
3214 3838 3599 3909 circumagitur
3628 3849 3723 3892 aut

2139 3951 2195 4000 in
2224 3944 2360 3999 alias
2397 3960 2489 3999 res
2518 3944 2774 4012 requirit,
2818 3949 3184 4011 praeterquam
3218 3937 3271 3990 in
3311 3935 3490 3991 solum
3518 3930 3726 3987 Condi-

2138 4046 2317 4094 torem
2388 4051 2596 4100 suum,
2655 4032 2799 4089 sicut
2830 4033 2991 4085 etiam
3058 4029 3233 4087 sancti
3297 4025 3474 4096 angeli
3552 4024 3727 4079 solius

2136 4127 2415 4186 Creatoris
2453 4128 2539 4181 sui
2602 4123 3052 4179 meditationibus
3094 4120 3451 4175 distinentur.
3512 4116 3721 4171 Horum

2139 4221 2410 4274 sententia
2440 4226 2547 4279 est,
2590 4217 2883 4279 Adamum,
2933 4212 3096 4268 simul
3128 4223 3292 4281 atque
3325 4220 3542 4265 creatus
3580 4217 3728 4262 esset

2140 4309 2438 4379 ﬂetumque
2466 4299 2782 4364 Conditoris
2810 4308 2896 4361 sui
2926 4304 3231 4374 excepisset
3253 4345 3266 4366 ,
3301 4304 3367 4357 ad
3404 4302 3572 4357 Deum
3606 4301 3729 4369 rapi

2140 4407 2381 4477 ccepisse
2415 4421 2444 4459 a
2476 4390 2603 4473 quo.
2637 4402 2866 4456 elTectus
2906 4398 3103 4464 fuerat,
3146 4407 3310 4466 atque
3363 4396 3416 4449 in
3469 4395 3569 4448 hac
3620 4410 3725 4446 una

2145 4496 2608 4566 contemplatione
2664 4499 2837 4547 totum
2900 4489 3073 4545 fuisse
3119 4489 3497 4555 mansisseque
3558 4487 3724 4540 horas

2061 4565 2252 4643 l)non
2306 4565 2545 4654 amplius
2609 4594 2744 4647 tres,
2798 4580 3066 4647 tantisper
3115 4577 3322 4633 scilicet
3365 4576 3493 4630 dum
3553 4573 3727 4642 legem

2144 4683 2471 4751 imperatam
2522 4675 2848 4740 transiliret,
2905 4674 2983 4728 ita
3037 4680 3096 4724 ut
3147 4670 3353 4725 interea
3410 4668 3612 4721 nullam
3661 4666 3731 4720 de

2147 4773 2314 4828 rebus
2347 4768 2470 4824 aliis
2506 4767 2896 4837 c0gitationem
2942 4779 3065 4819 cum
3098 4762 3189 4816 illa
3224 4760 3525 4815 miscuerit.
3564 4757 3733 4828 Igitur

2145 4864 2199 4918 hi
2231 4859 2648 4916 meditationem
2698 4872 2817 4912 eam
2867 4854 3069 4911 mentis
3098 4869 3222 4925 quae
3260 4854 3327 4907 de
3354 4867 3462 4907 uno
3498 4865 3598 4906 suo
3626 4848 3734 4903 Pa-
3827 4860 3830 4862 ‘

2138 4964 2295 5010 rente
2340 4953 2451 5007 Deo
2477 4953 2739 5021 agitatur,
2799 4949 3189 5020 proprietatem
3251 4945 3451 5001 mentis
3506 4951 3726 4996 vocant.

2143 5050 2241 5105 Est
2287 5048 2472 5117 itaque
2504 5045 2589 5099 Itis
2624 5044 2791 5099 arbor
2822 5043 2946 5097 vitae
2977 5042 3234 5111 mystica,
3283 5052 3439 5093 sacer
3481 5036 3571 5089 ille
3600 5050 3727 5103 gra-

2147 5141 2251 5196 dus
2303 5140 2357 5193 in
2417 5151 2528 5207 quo
2570 5150 2668 5205 per
2711 5134 3042 5203 baptismum
3087 5131 3443 5211 collocantur,
3494 5137 3729 5182 matrem

2150 5233 2438 5305 mysticam
2470 5245 2578 5299 qua
2627 5229 2827 5283 iterum
2866 5225 3143 5298 gignimur
3172 5226 3237 5279 ad
3287 5223 3475 5278 vitam.
3507 5221 3612 5273 Alii
3647 5217 3732 5273 dic

2147 5334 2282 5382 cunt
2320 5326 2464 5379 hanc
2499 5321 2756 5377 arborem
2803 5319 2927 5374 vita:
2966 5315 3332 5389 spiritualem,
3369 5324 3729 5387 esse‘novum

2140 5412 2266 5467 vitae
2330 5424 2503 5481 genus
2564 5409 2712 5479 quod
2770 5405 3178 5477 repraesentavit
3237 5400 3503 5481 Dominus
3542 5408 3731 5455 noster

2142 5507 2267 5561 inde
2289 5476 2357 5560 ea
2384 5516 2497 5573 quo
2526 5476 2845 5571 baptizatus
2876 5499 2978 5553 fuit
3014 5511 3187 5566 usque
3218 5476 3348 5550 dmn
3382 5495 3534 5550 cruci
3579 5502 3731 5549 esset

2142 5597 2373 5663 allixus;
2407 5595 2474 5650 de
2507 5610 2619 5665 quo
2650 5607 2845 5665 genere
2872 5592 2993 5645 vitae
3040 5589 3248 5643 dictum
3279 5599 3364 5644 est
3403 5605 3417 5642 :
3457 5585 3733 5643 Converti-

2142 5691 2273 5746 mini
2324 5705 2416 5761 per
2458 5687 2843 5759 pwnitentiam,
2876 5683 3199 5756 propinquat
3254 5698 3469 5755 regnum
3518 5677 3729 5734 caeli".
