4086 6388
331 320 434 383 555

1457 328 1555 386 DE
1598 326 1999 387 PARADISO.
2039 351 2111 362 —-
2151 327 2345 386 PARS
2388 328 2433 386 I.

3478 333 3585 395 586

330 434 509 499 Atque
532 430 672 485 hanc
709 432 894 497 vitam,
934 431 1211 504 inquiunt,
1254 437 1464 507 agimus
1494 438 1778 507 postquam
1813 454 1906 507 per
1938 444 1983 499 Α
2014 436 2273 489 notionis.
2318 437 2451 491 Illud
2491 453 2621 491 vero
2656 438 2795 504 quod
2829 438 2906 492 ait
2937 455 2952 496 :
2991 440 3064 491 Ab
3100 441 3271 503 initio,
3308 450 3410 507 est,
3440 459 3503 498 ac
3539 441 3584 499 si

331 522 683 591 baptismum,
716 533 947 580 veterem
977 530 1231 583 exuimus
1263 531 1537 585 hominem
1566 546 1580 584 :
1611 542 1804 600 estque
1837 546 1900 585 ea

331 629 429 669 ceu
459 615 708 683 quaedam
755 616 925 688 ﬁgura
981 620 1099 687 ejus
1133 635 1289 675 nova:
1335 622 1456 676 vitae
1486 636 1605 691 qua:
1640 622 1693 675 in
1740 636 1907 692 regno

330 709 453 762 caeli
490 710 650 764 nobis
682 718 764 764 est
798 716 1088 779 promissa.
1139 714 1244 768 Alii
1287 730 1450 785 porro
1482 716 1603 770 vitae
1642 717 1897 771 arborem

331 797 616 867 mysticam
673 798 989 875 deliniunt,_
1037 802 1441 859 immunitatem
1495 804 1911 875 libertatemque

329 904 493 960 quam
554 889 706 945 dedit
755 892 915 949 nobis
959 891 1211 951 Christus
1259 910 1289 949 a
1341 897 1824 951 constitutionibus
1856 905 1912 951 et

329 984 508 1054 poenis
540 984 691 1056 legis.
727 985 835 1040 Lex
869 988 1011 1041 enim
1044 987 1492 1057 delinquentibus
1521 1002 1740 1058 poenam
1769 1004 1909 1059 pra:-

329 1076 600 1143 stituerat,
636 1092 666 1132 a
715 1093 819 1145 qua
859 1093 958 1132 nos
1008 1079 1240 1134 asseruit
1289 1078 1541 1134 Christus
1580 1079 1670 1149 qui
1710 1078 1777 1133 de
1807 1079 1911 1133 hac

331 1168 583 1225 libertate
634 1170 719 1226 his
774 1171 957 1225 verbis
1009 1181 1092 1228 est
1136 1172 1545 1228 concionatus:
1596 1171 1784 1225 Redite
1815 1188 1910 1241 per

329 1264 713 1332 pwnitentiam,
742 1266 1063 1333 propinquat
1099 1280 1314 1332 regnum
1352 1263 1488 1318 caeli.
1542 1266 1783 1319 Rursum
1817 1264 1908 1317 alii

331 1356 506 1417 aiunt,
540 1355 792 1409 arborem
824 1360 945 1411 vita:
976 1372 1099 1411 esse
1143 1358 1421 1412 hominem
1452 1373 1651 1411 novum
1685 1357 1777 1427 qui
1813 1372 1910 1426 per

330 1447 665 1516 baptismum
690 1456 851 1502 natus
880 1457 986 1503 est.
1008 1446 1138 1512 Alii,
1160 1448 1435 1504 hominem
1452 1465 1651 1504 novum
1671 1449 1786 1518 qui,
1808 1444 1878 1503 ob
1894 1478 1906 1489 -

329 1536 562 1591 servatis
590 1535 683 1590 Dei
712 1536 910 1604 jussis,
938 1538 1087 1592 exuit
1117 1538 1247 1592 vitia
1292 1554 1413 1609 qua:
1457 1546 1725 1594 vocantur
1754 1547 1909 1594 vetus

331 1629 516 1692 homo,
551 1626 833 1697 iuduitque
865 1629 1092 1686 virtutes
1137 1646 1259 1700 quae
1301 1646 1477 1686 novus
1510 1631 1675 1687 homo
1716 1631 1910 1702 appel-

2016 525 2165 580 dicat
2195 542 2313 581 eam
2347 530 2511 583 vitam
2557 530 2894 599 spiritualem
2932 539 3095 601 atque
3131 536 3339 586 beatam
3370 538 3438 588 ab
3469 538 3591 605 ipso

2016 617 2129 673 Deo
2160 618 2463 675 institutam
2510 621 2679 676 fuisse
2718 631 2845 676 ante
2890 624 3168 677 conditum
3213 624 3360 680 hunc
3391 642 3587 697 corpo~

2014 716 2191 761 ratum
2224 708 2514 773 mundum,
2545 711 2647 765 hoc
2675 718 2780 780 est,
2814 724 2941 765 ante
2970 726 3090 765 eam
3124 713 3434 767 machinam
3467 705 3591 783 qua:

2011 812 2075 852 ex
2108 797 2248 852 coelo
2284 808 2534 869 terraque
2562 811 2616 854 et
2659 801 2727 855 iis
2755 816 2877 871 qua:
2906 802 3047 856 inter
3080 802 3194 857 haec
3227 803 3403 859 media
3437 816 3586 870 sunt,

2012 895 2254 954 constat;
2304 897 2463 959 atque
2512 890 2565 944 in
2607 906 2669 946 ea
2722 893 2830 946 vita
2881 904 3128 949 versatos
3183 894 3594 966 obl-:etatosque

2012 976 2185 1033 fuisse
2236 983 2457 1052 angelos
2502 994 2630 1038 ante
2679 984 2819 1039 hanc
2866 988 3052 1041 tuundi
3101 990 3489 1057 aspectabileut
3540 1001 3596 1043 et

2011 1076 2608 1141 corporatam‘molem
2666 1086 2879 1132 creatos
2927 1078 3119 1148 fuisse,
3171 1081 3272 1135 etsi
3327 1080 3451 1153 Syri
3491 1082 3596 1138 hoc

2014 1174 2210 1230 negent
2246 1162 2664 1234 (50).Caaterum
2703 1168 2754 1224 in
2788 1169 3142 1245 translatione
3182 1170 3376 1225 LXXII
3422 1173 3595 1226 Inter-

2012 1264 2224 1324 pretum
2272 1258 2542 1313 habentur
2588 1260 2680 1316 illa
2723 1260 2886 1316 verba
2924 1262 2989 1316 ad
3032 1263 3178 1319 hunc
3214 1265 3435 1321 modum
3473 1285 3487 1322 :
3520 1267 3593 1323 Et

2012 1348 2339 1417 plautaverat
2392 1351 2648 1406 Dominus
2702 1352 2844 1407 Deus
2884 1357 3199 1423 paradisum
3231 1359 3283 1411 in
3322 1356 3474 1414 Eden
3528 1361 3596 1413 ab

2014 1440 2249 1506 oriente;
2291 1441 2405 1506 ubi,
2458 1458 2556 1512 per
2608 1443 2898 1510 orientem,
2954 1446 3131 1501 lucem
3183 1463 3304 1503 eam
3359 1451 3595 1520 accipias

2015 1531 2143 1587 licet
2197 1550 2318 1602 quae
2376 1536 2587 1590 ratione
2645 1536 2760 1591 sola
2818 1538 3157 1608 intelligitur,
3211 1540 3514 1609 proculque
3565 1557 3596 1593 a

2016 1623 2182 1680 rebus
2227 1627 2534 1692 corporatis
2582 1636 2790 1682 semota
2843 1636 2947 1683 est.
2999 1626 3093 1683 lla:
3143 1629 3288 1684 enim
3340 1630 3398 1685 in
3448 1628 3599 1683 ccci-

333 1717 532 1772 lantur.
566 1719 694 1785 Alii,
729 1728 964 1774 mortem
1006 1736 1128 1776 esse
1171 1721 1359 1776 volunt
1405 1721 1743 1791 spiritualem
1793 1735 1915 1791 quae
1956 1790 1961 1791 ί
2018 1714 2217 1779 dente,
2275 1717 2379 1771 hoc
2439 1727 2562 1783 est,
2616 1718 2848 1789 caligine
2916 1730 3222 1776 versantur.
3276 1720 3372 1776 Est
3435 1721 3600 1790 igitur

337 1810 580 1863 naSeitur
609 1825 677 1864 ex
727 1811 1023 1866 securitate
1049 1851 1065 1877 ,
1107 1790 1471 1869 observandis
1503 1811 1600 1867 Dei
1637 1790 1913 1867 mandatis
1948 1790 1988 1842 Β
2017 1822 2204 1862 eorum
2262 1810 2553 1865 verborum
2613 1811 2729 1866 haec
2798 1813 3066 1867 sententia

341 1909 667 1968 comparata.
709 1900 816 1954 Alii
858 1902 1267 1959 meditationem
1315 1919 1439 1974 qua:
1468 1903 1674 1960 Christi
1716 1920 1910 1976 perso-

339 1990 461 2043 nam
519 1996 964 2061 contemplatur,
1027 1995 1156 2065 quia
1210 2010 1305 2065 per
1362 2012 1426 2051 ea
1487 1997 1720 2051 conditae
1786 2007 1914 2053 sunt

332 2096 522 2138 omnes
556 2093 765 2139 naturae
794 2085 1086 2154 participes
1133 2087 1257 2142 vitae
1302 2097 1468 2159 atque
1523 2088 1774 2143 rationis.
1808 2090 1909 2142 Alii

331 2189 547 2229 crucem
604 2174 806 2231 Christi
865 2185 1056 2246 putant
1124 2179 1372 2235 arborem
1421 2180 1547 2235 vita:
1616 2180 1720 2236 dici
1785 2181 1912 2251 quia

331 2282 394 2320 ex
434 2283 498 2321 ea
532 2278 858 2338 promanant
901 2270 1086 2325 omnia
1136 2272 1280 2326 bona
1314 2271 1644 2342 spiritualia,
1702 2273 1908 2327 abolito

332 2371 558 2431 peccato
601 2369 765 2429 atque
796 2362 1198 2417 exsecratione.
1246 2362 1357 2417 Alii
1393 2378 1609 2418 sacram
1657 2378 1810 2418 aram
1856 2364 1909 2416 in

332 2467 439 2521 qua
472 2450 922 2507 administrantur
976 2453 1159 2510 divina
1205 2464 1574 2510 sacramenta.
1623 2455 1727 2509 Alii
1760 2456 1913 2510 deuio

332 2559 464 2613 que,
500 2559 698 2613 corpus
730 2554 785 2600 et
818 2544 1141 2615 sanguinem
1170 2546 1375 2601 Christi
1422 2545 1517 2602 Dei
1549 2548 1722 2603 nostri
1750 2548 1913 2603 arbo-

334 2652 450 2691 rem
486 2638 609 2691 vitae
638 2638 822 2692 vocari
854 2646 1067 2706 putant.
1106 2637 1213 2693 Sed
1258 2640 1404 2694 enim
1436 2654 1545 2695 non
1580 2648 1704 2711 post
1734 2641 1832 2695 has
1860 2651 1916 2694 et

332 2727 475 2782 inter
501 2729 602 2782 has
631 2732 952 2797 sententias,
995 2740 1240 2786 nostram
1284 2747 1505 2802 quoque
1543 2732 1909 2802 proferentes,

334 2820 627 2876 statuimus
670 2822 923 2875 arborem
961 2823 1082 2877 vitae
1118 2823 1405 2895 mysticam
1438 2838 1563 2879 esse
1600 2823 1914 2878 meditatio-

333 2926 457 2966 nem
487 2923 651 2982 atque
701 2914 1068 2985 cognitionem
1118 2930 1228 2987 qua
1274 2915 1594 2986 proﬁtemur
1626 2929 1913 2972 sacrosan-

332 3013 479 3059 ctam
528 3004 873 3071 Trinitatem,
936 3009 1043 3064 boc
1070 3018 1177 3074 est,
1225 3025 1396 3063 unum
1447 3024 1569 3065 esse
1630 3008 1824 3077 Deum,
1860 3017 1914 3064 et

3134 1829 3149 1866 ι
3208 1811 3380 1867 Deum
3434 1815 3598 1868 vitam

2016 1901 2228 1957 felicem
2278 1910 2443 1974 atque
2492 1903 2793 1974 angelicam
2846 1918 3070 1974 parasse
3118 1903 3173 1958 in
3222 1904 3343 1960 luce
3389 1905 3602 1974 agitati-

2016 1994 2165 2059 dam,
2201 2011 2325 2065 quae
2364 1995 2459 2050 lux
2489 1996 2606 2051 sola
2654 2004 2835 2051 mente
2866 1995 3128 2051 cernitur.
3165 1994 3234 2050 Et
3268 1997 3444 2066 posuit
3489 1996 3605 2051 illic

2016 2086 2282 2141 Adamum
2331 2104 2483 2158 quem
2536 2088 2786 2157 ﬁnxerat.
2842 2089 3177 2158 Postquam,
3230 2089 3442 2158 inquit,
3497 2090 3602 2143 tin-

2016 2180 2189 2236 xisset
2218 2180 2513 2247 Adamum,
2545 2180 2762 2235 induxit
2798 2180 2975 2251 ipsum
3013 2180 3067 2235 in
3100 2195 3220 2235 eam
3260 2180 3597 2250 spiritualern

2016 2284 2081 2325 ac
2131 2269 2341 2325 felicem
2379 2270 2567 2335 vitam,
2607 2271 2787 2325 laatum
2822 2279 2876 2325 et
2925 2271 3156 2325 mirilica
3204 2269 3457 2327 allectum
3509 2287 3604 2327 vo-

2015 2361 2263 2433 luptate,
2335 2377 2430 2431 per
2497 2362 2880 2419 meditationes
2933 2363 3410 2435 cogitationesque
3467 2365 3601 2420 nulli

2014 2454 2414 2526 perturbationi
2464 2463 2561 2511 aut
2610 2455 2871 2511 anxietati
2923 2456 3234 2520 obnoxias,
3287 2458 3341 2511 in
3393 2473 3601 2513 morem

2015 2546 2337 2617 angelorum
2392 2556 2448 2604 et
2498 2547 2868 2621 spiritualium
2934 2549 3263 2619 copiarum,
3326 2550 3606 2620 recipien-

2015 2645 2236 2709 temque
2294 2639 2478 2696 radios
2544 2639 2851 2694 divinarum
2908 2640 3196 2696 notionum
3268 2656 3378 2695 non
3446 2642 3605 2699 aliter

2015 2731 2180 2800 atque
2232 2730 2425 2800 angeli
2473 2730 2718 2801 capiunt.
2774 2730 2843 2785 Et
2896 2732 3015 2800 fecit
3070 2732 3330 2787 Dominus
3384 2733 3524 2788 Deus
3576 2753 3607 2789 e

2017 2830 2159 2877 terra
2197 2836 2401 2874 omnem
2447 2818 2689 2874 arborem
2734 2820 3012 2889 pulchram
3046 2819 3115 2873 ad
3157 2821 3523 2889 spectandum,
3553 2831 3606 2874 et

2015 2911 2358 2982 expetendam
2390 2914 2459 2967 ad
2487 2913 2818 2968 vescendum.
2852 2910 2968 2968 lloc
2998 2923 3080 2967 est
3111 2929 3125 2965 :
3158 2910 3237 2966 Ita
3269 2913 3608 2982 comparavit

2016 2998 2159 3055 Deus
2212 3001 2343 3054 Adae
2379 3002 2594 3066 mentis
2647 3016 2912 3067 sensum,
2966 3010 3027 3056 ut
3080 3008 3393 3073 procrearet
3444 3012 3609 3072 atque

334 3105 448 3152 tres
485 3112 751 3166 personas
776 3108 1018 3163 sanctas,
1065 3100 1184 3155 sive
1236 3100 1499 3154 unitatem
1537 3099 1590 3153 in
1624 3098 1913 3165 Trinitate,
1941 3129 1989 3193 ο
2019 3092 2359 3163 expullulat‘e
2403 3091 2611 3150 faceret
2641 3093 2841 3150 'omnis
2894 3094 3107 3167 generis
3146 3095 3349 3165 probas
3396 3096 3608 3165 cogita-

333 3197 389 3242 et
413 3185 738 3245 Trinitatem
770 3190 824 3244 in
857 3191 1086 3246 unitate.
1125 3191 1201 3247 De
1236 3190 1341 3247 hac
1381 3206 1547 3260 porro
1587 3193 1783 3248 arbore
1804 3208 1913 3247 non

334 3283 695 3339 comederunt
728 3284 894 3338 Adam
923 3294 979 3339 et
1019 3283 1155 3352 Eva,
1197 3300 1375 3355 neque
1404 3286 1471 3340 ad
1502 3300 1622 3340 eam
1655 3286 1919 3341 accedere

335 3380 455 3435 sive
501 3379 569 3434 de
605 3395 664 3434 ea
703 3379 948 3449 cogitare
1004 3379 1325 3449 quiverunt,
1364 3387 1424 3434 ut
1456 3378 1551 3449 qui
1583 3379 1765 3434 adhuc
1805 3395 1915 3433 non

335 3470 473 3526 satis
494 3468 789 3539 pollebant,
812 3478 1173 3540 potentesque
1197 3470 1262 3523 ad
1285 3468 1339 3523 id
1364 3485 1474 3525 non
1496 3477 1652 3525 erant
1687 3486 1701 3523 :
1738 3477 1793 3524 at
1817 3484 1918 3523 nos

334 3561 653 3627 Christiani,
688 3577 798 3617 non
825 3562 1045 3632 quidem
1072 3563 1175 3633 ipsi
1212 3564 1347 3620 satis
1377 3564 1665 3633 pollentes,
1695 3565 1791 3620 sed
1822 3579 1919 3632 per

332 3652 637 3718 Christum,
668 3652 1002 3709 illustratum
1027 3653 1132 3709 hoc
1164 3668 1427 3709 arcanum
1452 3663 1506 3709 et
1531 3654 1917 3725 amplectimur

332 3744 753 3813 ctprolitemur.
804 3742 1076 3799 Caeterum
1127 3741 1562 3798 existimandum
1600 3750 1687 3797 est
1733 3742 1919 3796 multi-

337 3835 581 3889 tudinem
628 3834 1255 3903 dissimilitudinemque
1308 3833 1503 3887 harum
1554 3832 1697 3886 inter
1739 3847 1799 3887 se
1839 3831 1919 3884 in-

333 3926 783 3994 terpretationum
833 3942 970 3998 quas
1017 3927 1085 3982 de
1124 3926 1325 3981 arbore
1385 3924 1507 3979 vitae
1562 3923 1913 3989 adduximus,

333 4027 663 4088 argumento
700 4033 821 4076 esse
866 4035 1030 4089 quam
1060 4020 1135 4075 sit
1170 4033 1258 4074 res
1308 4019 1427 4088 ipsa
1461 4017 1740 4087 explicato
1779 4016 1919 4071 ditii-

335 4112 461 4168 cilis
495 4128 512 4166 :
546 4112 919 4182 alioquienim
948 4122 1055 4167 tam
1096 4113 1284 4168 multis
1313 4112 1596 4182 variisque
1630 4110 1815 4167 verbis
1848 4111 1916 4164 ad

335 4218 462 4260 eam
494 4205 887 4261 enucleandam
920 4205 1146 4260 minime
1172 4220 1312 4275 Opus
1343 4204 1556 4260 luisset.

938 4296 1167 4353 CAPUT
1208 4295 1320 4353 VII.

406 4389 785 4459 Complectitur
814 4390 1301 4459 interpretationem
1330 4390 1614 4461 mysticam
1642 4388 1918 4444 verborum

2020 3186 2198 3240 tiones
2242 3185 2739 3256 meditationesque
2770 3194 2880 3241 tam
2910 3187 2978 3241 de
3023 3186 3188 3243 rebus
3231 3202 3356 3257 qua:
3390 3187 3607 3243 videndi

2019 3292 2189 3333 sensu
2227 3285 2462 3347 possunt
2492 3277 2700 3349 percipi
2746 3294 2912 3348 quam
2953 3278 3023 3334 iis
3057 3294 3177 3350 qua:
3212 3294 3338 3334 eum
3382 3294 3607 3336 sensum

2018 3367 2307 3439 ellugiunt.
2346 3367 2418 3423 Et
2464 3369 2708 3424 arborem
2758 3371 2881 3425 vita:
2929 3371 2983 3425 in
3036 3371 3208 3425 medio
3255 3371 3531 3441 paradiso,
3560 3383 3611 3428 et

2020 3460 2263 3514 arborem
2316 3460 2550 3515 scientia
2600 3460 2723 3515 boni
2770 3471 2819 3515 et
2873 3462 3022 3517 ntali.
3074 3462 3169 3517 Ila!
3219 3465 3340 3518 duae
3389 3464 3614 3519 arbores

2023 3551 2246 3621 quando
2275 3551 2550 3622 spirituali
2580 3554 2743 3609 modo
2770 3562 3114 3625 spectantur,
3141 3555 3316 3611 ambae
3343 3557 3398 3611 in
3431 3558 3615 3613 medio

2023 3643 2276 3714 paradiso
2326 3645 2635 3701 consistere
2687 3655 2933 3716 queunt;
2991 3647 3096 3702 hoc
3146 3657 3264 3716 est,
3318 3648 3375 3704 in
3428 3652 3615 3705 medio

2022 3735 2195 3789 animi
2228 3735 2346 3792 sive
2383 3738 2609 3801 mentis,
2643 3747 2699 3792 ut
2730 3739 2899 3793 altera
2929 3738 3154 3793 alteram
3184 3754 3295 3794 non
3327 3748 3492 3811 angat
3520 3753 3615 3797 aut

2024 3825 2227 3891 trudat,
2258 3826 2403 3882 sicut
2431 3825 2509 3881 ait
2542 3824 2840 3898 Gregorius
2884 3826 3188 3899 Nyssenus.
3238 3828 3346 3886 Sed
3386 3828 3551 3900 supra
3583 3846 3614 3885 a

2023 3916 2224 3981 nobis,
2276 3916 2405 3970 dum
2458 3916 2686 3988 mystice
2741 3918 3106 3987 accipiuntur,
3162 3919 3252 3974 ubi
3308 3920 3613 3975 multorum

2022 4005 2324 4062 sententias
2370 4008 2423 4061 in
2461 4007 2700 4061 medium
2738 4007 3093 4064 adduximus.
3132 4008 3201 4062 Et
3241 4010 3435 4078 ﬂuvius
3469 4026 3617 4082 egre-

2021 4098 2267 4153 diebatur
2316 4114 2382 4153 ea:
2432 4098 2583 4153 Eden
2632 4108 2690 4153 ut
2740 4100 2937 4169 rigaret
2986 4102 3323 4170 paradisum,
3372 4110 3423 4157 et
3466 4103 3617 4157 illine

2022 4190 2378 4258 dividebatur,
2424 4199 2475 4245 et
2517 4191 2768 4246 evadebat
2817 4192 2873 4245 in
2918 4202 3146 4263 quatuor
3195 4197 3395 4263 capita.
3430 4192 3619 4250 Prius-

2023 4297 2189 4352 quam
2219 4282 2484 4338 violasset
2509 4282 2755 4339 Adamus
2786 4284 2981 4354 legem,
3005 4285 3365 4355 promanabat
3395 4285 3618 4353 ﬂuvius,

2026 4374 2133 4429 hoc
2176 4383 2282 4440 est,
2328 4373 2541 4430 delicia:
2590 4390 2659 4430 ex
2707 4376 3067 4431 meditatione
3117 4392 3302 4433 rerum
3346 4379 3624 4448 spectabi-

340 4481 507 4538 Hosis
557 4481 623 4536 de
670 4482 944 4551 paradiso.
1000 4510 1068 4522 -
1123 4481 1359 4551 Scripsit
1412 4482 1574 4537 divus
1622 4479 1805 4537 Moses
1856 4481 1923 4537 de
1955 4477 2000 4534 ι)
2027 4465 2162 4521 lium
2205 4475 2261 4522 et
2303 4480 2413 4522 non
2459 4467 2876 4538 aspectabilium
2912 4476 3053 4524 nate
3086 4485 3101 4523 :
3137 4470 3482 4541 rigabatque,
3519 4472 3624 4527 hoc

338 4575 594 4646 paradiso
644 4575 700 4629 in
758 4575 872 4629 haec
922 4574 1086 4628 verba
1144 4591 1159 4629 :
1214 4573 1283 4627 Et
1346 4573 1608 4644 plantavit
1662 4574 1922 4629 Dominus

341 4665 483 4722 Deus
522 4668 837 4737 paradisum
883 4670 938 4721 in
974 4665 1143 4734 Eden,
1176 4667 1239 4720 ab
1275 4668 1452 4721 initio.
1488 4664 1547 4721 In
1583 4666 1667 4722 bis
1720 4666 1924 4746 verbis,

344 4760 597 4825 paradiso
631 4756 917 4820 vocabulo,
957 4756 1063 4811 vita
1103 4757 1444 4827 significatur
1477 4755 1801 4824 spiritualis,
1821 4757 1925 4812 hoc

350 4859 452 4909 est,
478 4863 596 4916 quae
621 4849 923 4904 secundum
956 4848 1196 4902 animam
1232 4846 1432 4918 agitur.
1465 4854 1521 4902 et
1549 4844 1731 4902 beata.
1762 4844 1927 4900 Plan-

349 4946 464 4992 tare
508 4954 637 4995 vero
686 4938 828 4995 idem
879 4947 963 4994 est
1007 4940 1153 5008 quod
1200 4938 1402 5003 Iacere,
1453 4939 1567 4994 sive
1613 4938 1926 4995 instituere.

345 5028 459 5086 Hoc
488 5032 671 5102 itaque
699 5032 836 5087 dicit
866 5030 1067 5097 Moses,
1104 5033 1396 5085 Dominum
1432 5033 1599 5087 Deum
1637 5047 1926 5102 compara—

341 5122 491 5177 visse
537 5124 754 5179 vivendi
808 5123 1027 5177 modum
1076 5124 1377 5178 secundum
1425 5123 1705 5194 Spiritum,
1756 5123 1830 5177 ita
1871 5133 1929 5178 ut

340 5228 408 5268 ea
444 5214 553 5268 vita
584 5227 733 5271 esset
777 5214 936 5283 plena
982 5215 1291 5269 sanctitatis
1319 5223 1374 5269 et
1417 5214 1792 5271 meditationis
1840 5229 1931 5270 re-

343 5320 470 5360 rum
513 5306 823 5362 divinarum
850 5315 906 5363 et
931 5320 1121 5361 earum
1153 5321 1275 5373 qua:
1303 5320 1332 5358 a
1366 5304 1487 5360 Deo-
1508 5306 1744 5363 conditae
1775 5315 1934 5371 sunt,

346 5396 476 5452 felix
517 5408 572 5452 et
610 5399 681 5455 ab
718 5399 977 5455 omnibus
1010 5398 1181 5454 animi
1215 5397 1715 5469 perturbationibus
1745 5400 1928 5455 anxie-

347 5489 665 5560 tatibusque
707 5499 940 5557 remota,
983 5506 1149 5563 quam
1202 5490 1537 5546 comitentur
1586 5491 1847 5561 gaudium
1882 5504 1937 5547 et

348 5581 684 5649 exsultatio,
739 5599 973 5655 quaeque
1042 5598 1215 5654 capax
1269 5583 1341 5639 sit
1398 5582 1680 5638 radiorum
1738 5582 1937 5639 divina:

2028 4565 2144 4624 est,
2191 4556 2500 4615 oblectabat
2551 4559 2869 4637 universum
2921 4560 3172 4631 corporis
3224 4569 3626 4631 temperamen-

2029 4658 2172 4716 tum,
2205 4648 2352 4721 qnod
2391 4664 2460 4704 ex
2487 4658 2725 4719 quatuor
2759 4658 2977 4707 constat
3008 4651 3355 4718 humoribus,
3388 4665 3456 4706 ex
3492 4665 3625 4707 san-

2038 4741 2225 4815 guine,
2256 4740 2449 4812 pituita
2480 4749 2646 4812 atque
2675 4749 2909 4813 utraque
2936 4742 3065 4797 bile.
3093 4740 3230 4797 Nam
3270 4751 3327 4797 ct
3356 4758 3423 4797 ex
3475 4743 3625 4799 illius

2035 4832 2182 4888 modi
2230 4831 2702 4902 meditationibus,
2739 4847 2848 4888 non
2884 4832 3066 4889 minus
3096 4848 3262 4904 quam
3309 4832 3379 4889 de
3426 4848 3623 4903 corpo-

2036 4924 2172 4980 ratis
2194 4923 2434 4994 paradisi
2460 4922 2755 4979 arboribus
2776 4924 3127 4979 recreabatur
3146 4924 3391 4981 Adamns
3412 4926 3622 4982 animo.

2037 5013 2177 5070 Sunt
2198 5015 2293 5085 qui
2320 5015 2427 5070 hoc
2449 5030 2669 5086 quoque
2694 5015 2857 5073 modo
2882 5018 3310 5087 interpretentur
3328 5034 3392 5077 ea
3412 5020 3578 5076 verba
3605 5038 3621 5074 :

2036 5103 2401 5158 Promanabat
2430 5105 2646 5173 ﬂuvius,
2681 5106 2786 5163 hoc
2813 5116 2919 5175 est,
2948 5107 3159 5166 delicia:
3192 5124 3260 5165 ex
3298 5110 3461 5167 rebus
3492 5126 3626 5167 con-

2034 5196 2188 5261 ditis,
2240 5196 2307 5251 iis
2357 5212 2479 5266 qua:
2529 5198 2764 5268 spectari
2810 5209 3016 5269 queunt
3060 5210 3114 5256 et
3164 5201 3233 5257 iis
3280 5217 3404 5273 quae
3454 5203 3627 5258 videri

2041 5298 2344 5356 nequeunt,
2392 5296 2441 5341 et
2493 5288 2724 5359 rigabat,
2772 5290 2826 5345 id
2871 5299 2980 5358 est,
3030 5293 3339 5350 oblectabat
3387 5300 3628 5365 quatuor

2044 5377 2242 5431 animae
2294 5376 2545 5443 virtutes,
2597 5393 2719 5434 eam
2774 5395 2897 5450 quae
2947 5382 3149 5439 rationi
3202 5382 3423 5454 praprie
3471 5382 3630 5437 attri-

2046 5467 2254 5532 buitur,
2302 5466 2409 5523 hoc
2457 5476 2562 5535 est,
2609 5468 2981 5540 prudentiam,
3015 5480 3133 5533 tum
3184 5472 3629 5541 temperantiam,

2047 5561 2543 5635 fortitudinemque
2584 5572 2641 5620 et
2696 5563 3002 5636 justitiam;
3039 5580 3105 5622 ac
3137 5566 3367 5638 proinde
3398 5566 3631 5622 virtutes

427 5745 543 5817 (30)
571 5745 744 5801 Caute
774 5746 917 5814 lege,
945 5756 997 5801 et
1024 5748 1147 5803 vide
1177 5761 1359 5802 notam
1395 5748 1461 5803 ad
1491 5765 1502 5802 l
1540 5748 1633 5803 lib.
1664 5748 1725 5821 in
1740 5745 2083 5817 "examen,
2117 5748 2176 5806 S.
2210 5749 2753 5826 Anastasiiﬁinaita.

686 5840 957 5901 PATROL.
1006 5841 1125 5902 Gn.
1177 5842 1336 5904 CXI.

3246 5841 3315 5906 19
