4086 6404
459 351 572 414 587

1748 342 1973 402 MOSlS
2019 342 2161 400 [Mil
2199 339 2391 399 Cili‘ll
2408 339 2446 395 Α

3619 331 3726 393 ἶιῖῖ

459 464 657 518 animae
697 468 923 515 cteteras
971 470 1191 528 quoque
1231 454 1445 529 foyebat
1498 455 1861 525 augebatque.
1904 453 2043 509 Sunt
2068 458 2121 518 Α
2148 452 2253 517 sui,
2283 465 2452 519 seque
2485 426 2553 506 eo
2574 465 2682 504 uno
2700 450 3018 505 oblectaret.
3051 448 3118 502 Et
3172 446 3439 501 mandavit
3474 446 3728 500 Dominus

372 612 373 619 η
460 560 767 622 praeterea,
823 549 916 619 qui
974 548 1095 615 sic,
1162 554 1221 601 ut
1284 561 1378 616 per
1433 545 1656 599 fluvium
1714 545 2047 615 intelligatur

457 642 712 695 Christus
741 639 833 711 qui
871 655 968 695 sua
1003 638 1250 693 doctrina
1306 635 1606 691 Ecclesium
1656 635 1897 707 rigabat;
1933 635 2047 690 col-

462 733 666 804 legium
693 732 817 786 dico
844 732 1205 803 apostolicqu
1232 733 1376 800 quod
1402 740 1520 783 erat
1543 729 1707 783 veluti
1738 729 2042 800 paradisus,

461 825 661 881 deinde
688 824 956 878 evadebat
985 834 1166 878 sectus
1196 822 1252 877 in
1282 832 1521 893 quatuor
1548 822 1895 891 capita,.hoc
1937 829 2043 882 est,

453 915 614 986 ipsos
646 926 882 986 quatuor
927 916 1311 986 evangelistas,
1361 915 1681 970 Matthaeum
1701 926 1735 980 ,'
1766 913 2008 969 Marcum
2028 950 2044 975 ,

450 1005 707 1070 Lucam,
764 1003 1075 1071 Joannem,
1140 1013 1306 1076 atque
1357 1006 1412 1060 hi
1466 1006 1665 1061 deinde
1722 1006 2043 1075 universum

462 1099 651 1153 orbem
688 1097 1038 1152 habitabilem
1074 1099 1422 1168 proluebant.
1475 1097 1681 1153 Nomen
1719 1099 1878 1151 unius
1914 1096 2045 1150 Plii-

459 1205 578 1253 son,
626 1190 670 1243 is
709 1198 786 1242 est
830 1190 921 1258 qui
967 1190 1158 1243 circuit
1196 1190 1497 1245 unirersam
1544 1199 1740 1243 terram
1778 1187 1990 1243 Hacine
2024 1204 2043 1242 :

455 1291 509 1333 et
542 1280 616 1333 ibi
651 1291 727 1334 est
770 1296 1003 1345 aurum;
1037 1289 1087 1335 et
1122 1297 1314 1335 aurum
1355 1281 1469 1349 ejus
1509 1289 1663 1335 tet-rte
1709 1283 1899 1334 bonum
1928 1291 2043 1346 est;

458 1373 536 1424 ibi
563 1370 778 1435 bdellia,
808 1385 857 1426 et
886 1372 1085 1442 lapides
1117 1372 1321 1444 berylli.

534 1463 730 1519 Phison
757 1466 978 1535 mystice
1006 1466 1157 1535 quid.
1201 1495 1271 1505 —-
1326 1464 1429 1520 Per
1471 1465 1763 1520 Phisonem
1814 1464 2043 1520 fluvium

465 1557 689 1627 intelligi
722 1567 908 1628 potest
953 1557 1091 1613 flava
1140 1559 1265 1614 bilis
1290 1560 1395 1630 fqui
1433 1560 1629 1614 humor
1682 1559 1736 1613 in
1796 1560 2044 1630 corporis

458 1647 686 1702 humani
732 1649 1126 1705 constitutione
1176 1652 1467 1706 laudabilis
1518 1661 1620 1706 est.
1667 1651 1802 1706 Nam
1855 1653 1948 1723 qui
1979 1667 2044 1707 eo

457 1738 677 1809 largius,
708 1740 925 1810 praediti
976 1752 1126 1802 sunt.
1185 1742 1404 1813 ingenio
1447 1742 1652 1811 pollent
1706 1744 1819 1797 acri
1878 1753 2044 1813 atque

2150 543 2291 597 Deus
2325 543 2552 610 Adamo,
2585 542 2826 612 dixitque
2857 543 2961 612 ipsi
2992 556 3012 595 :
3034 540 3112 596 De
3141 542 3387 595 omnibus
3423 541 3725 601 arboribus.

2148 651 2267 706 qua
2287 646 2409 690 sunt
2445 637 2501 690 in
2547 635 2823 706 paradiso,
2877 634 3078 688 edendo
3106 634 3226 689 edes
3252 649 3272 688 :
3299 642 3353 686 at
3385 635 3450 687 de
3480 635 3594 700 ipsa
3637 650 3733 686 ar-

2150 733 2272 783 b‘ore
2300 730 2529 785 scientia:
2553 731 2675 783 boni
2703 740 2753 783 et
2787 729 2936 793 mali,
2982 744 3045 782 ne
3076 726 3223 793 edas,
3268 728 3368 781 hoc
3401 736 3504 792 est,
3534 739 3735 779 exerce

2150 827 2202 875 te
2231 821 2653 890 c0gitationibus
2685 823 2768 890 ;de
2805 821 2973 875 rebus
3020 819 3282 875 omnibus
3333 827 3449 873 tum
3480 826 3734 888 aspecta-

2148 911 2351 969 bilihus
2379 952 2392 974 ,
2452 920 2563 967 tum
2613 929 2735 983 quae
2776 913 2890 967 sola
2934 911 3134 966 mentis
3175 908 3528 981 intelligentia
3556 909 3736 980 perci-

2148 1004 2371 1072 piuntur
2397 1021 2413 1072 ;
2441 1005 2692 1074 apudque
2727 1013 2879 1059 tuum
2904 1004 3149 1058 animum
3178 1002 3440 1056 meditare
3470 1001 3729 1072 quisnam

2148 1095 2221 1149 sit
2258 1095 2472 1149 illarum
2497 1095 2719 1152 effector
2747 1105 2798 1151 et
2831 1110 3046 1166 parens,
3080 1102 3133 1150 et
3156 1092 3432 1163 quomodo
3459 1092 3570 1147 sint
3585 1106 3731 1148 con-

2148 1186 2309 1251 ditae;
2348 1196 2606 1256 totusque
2639 1196 2758 1243 esto
2790 1186 2844 1241 in
2889 1185 3201 1241 meditando
3238 1199 3300 1238 ea
3329 1199 3450 1254 quae
3482 1180 3584 1238 sibi
3622 1183 3736 1237 illis

2152 1280 2381 1350 mystice
2411 1280 2582 1333 latent
2608 1295 2625 1345 ;
2670 1294 2908 1349 cumque
2936 1294 3001 1333 ex
3040 1293 3222 1332 rerum
3250 1278 3465 1332 illarum
3490 1276 3738 1346 pulchri-

2150 1370 2339 1423 tudine
2379 1381 2566 1438 raptus
2609 1369 2779 1425 fueris
2825 1370 2883 1424 in
2925 1369 3339 1425 admirationem
3368 1408 3384 1433 ,
3416 1377 3545 1421 tunc
3584 1368 3735 1434 ipsa-

2148 1476 2266 1515 rum
2295 1461 2577 1517 Conditori
2602 1464 2803 1532 gratias
2820 1462 2982 1533 agita,
2998 1476 3233 1531 eumque
3251 1460 3503 1515 laudibus
3521 1459 3639 1514 ειῐει
3653 1466 3739 1515 ιο.

2148 1550 2306 1617 Quod
2336 1567 2504 1622 porro
2548 1553 2820 1623 sequitur,
2870 1554 2941 1608 ab
2987 1552 3182 1608 arbore
3219 1551 3463 1607 scientia:
3498 1550 3627 1607 boni
3679 1561 3737 1605 et

2147 1645 2274 1699 mali
2325 1644 2708 1700 abstinendum
2753 1660 2896 1710 esse,
2943 1644 3214 1715 signiﬁcat
3249 1644 3401 1698 illum
3457 1641 3735 1698 Clll‘lOsiUS

2150 1736 2428 1806 inquirere
2456 1752 2563 1791 non
2589 1737 2845 1793 debuisse
2887 1738 2941 1791 in
2978 1737 3145 1791 Deum
3182 1737 3387 1806 ipsum,
3422 1735 3553 1806 quid
3584 1745 3735 1790 esset

457 1844 788 1884 arcanorum
832 1828 928 1885 Dei
978 1832 1337 1904 mysticorum
1371 1832 1705 1904 cognitione,
1756 1842 1810 1888 et
1855 1850 2038 1890 rerum
2074 1831 2116 1886 Β
2147 1838 2203 1882 ει
2235 1829 2510 1898 quomodo
2530 1830 2838 1897 exsisteret,
2869 1839 2925 1885 et
2950 1831 3213 1886 unicusne
3238 1846 3305 1885 an
3334 1831 3522 1900 plures
3542 1840 3735 1885 essent

454 1924 805 2007 conditarum
838 1927 1108 1996 scientia;
1155 1929 1258 1983 hoc
1291 1936 1396 1994 est,
1430 1930 1738 1985 divinarum
1764 1938 1817 1984 et
1845 1929 2041 1984 huma-

450 2030 653 2069 narum
690 2030 875 2070 rerum
913 2032 1150 2087 capace;
1179 2020 1323 2088 quod
1356 2020 1597 2089 profecto
1621 2020 1792 2075 multo
1823 2035 1960 2075 auro
1988 2030 2041 2077 et

458 2104 818 2174 margaritis,
873 2106 1257 2178 lapidibusque
1312 2109 1563 2178 pretiosis
1625 2108 2037 2165 anteferendum

432 2204 566 2260 ~est,
592 2197 733 2251 sicut
758 2198 837 2252 ait
861 2196 1070 2254 Psaltes
1102 2199 1268 2256 David
1308 2219 1324 2256 :
1361 2201 1645 2274 PrOpterea
1681 2205 1854 2258 amari
1888 2219 2039 2257 man-

428 2287 588 2341 .data
643 2297 737 2341 tua
792 2288 1018 2343 multum
1064 2307 1225 2359 supra
1271 2309 1484 2358 aurum,
1516 2303 1567 2349 et
1611 2294 1835 2348 multum
1873 2311 2040 2365 supra

432 2380 671 2449 Japides
721 2383 977 2450 pretiosos
1026 2383 1092 2437 ⁸³.
1131 2383 1316 2465 Pqtest
1363 2386 1527 2441 etiam
1582 2402 1678 2456 per
1743 2385 2036 2442 Phisonem

455 2473 632 2540 accipi
669 2487 732 2526 ea
776 2476 950 2529 virtus
999 2476 1167 2531 animi
1220 2491 1340 2546 quae
1362 2479 1590 2534 rationis
1640 2480 1858 2549 propria
1911 2489 2036 2545 est;

459 2564 806 2633 prudentiam
857 2565 1003 2621 dico.
1044 2565 1229 2623 Potest
1268 2584 1487 2639 quoque
1545 2571 1760 2627 Marcus
1804 2586 2041 2641 evangee

419 2690 429 2697 .
457 2652 583 2705 lista
621 2653 879 2708 Phisonis
910 2655 1129 2710 nomine
1174 2657 1421 2727 signatus
1459 2659 1707 2730 intelligi,
1739 2670 1796 2714 nt
1842 2661 1895 2714 in
1924 2675 2037 2732 quo

418 2762 427 2783 ς
459 2740 631 2795 robur
665 2740 1042 2812 fortitudoqne
1074 2746 1271 2801 enituit
1311 2741 1397 2803 res
1434 2764 1664 2820 superas
1705 2746 2034 2821 explicandi.

455 2828 527 2883 Et
574 2847 761 2885 nomen
809 2833 962 2902 ﬂuuii
1010 2836 1247 2902 secundi,
1306 2837 1501 2906 (ii/ton,
1533 2842 1576 2894 is
1618 2850 1695 2895 est
1727 2843 1815 2906 qui
1845 2844 2032 2897 circuit

412 2954 424 2961 -›
456 2928 897 2978 omnem'terrnm
924 2925 1066 2980 (Ilius
1100 2942 1118 2979 :
1151 2937 1199 2981 et
1226 2945 1413 2983 nomen
1438 2933 1587 3000 fluvii
1618 2935 1796 2998 tertii,
1832 2932 2034 3001 Diltlat,

424 3010 549 3081 ,qni
604 3013 645 3065 it
692 3015 942 3071 adversus
1004 3020 1169 3073 Assur
1226 3036 1246 3072 :
1304 3032 1352 3075 et
1405 3024 1599 3091 ﬂuvius
1665 3036 1885 3095 quartus
1933 3038 2034 3094 est,

421 3136 428 3143 .
458 3100 679 3159 l’eratlt.
718 3105 986 3163 Gihonetn
1021 3121 1198 3176 vocat,
1230 3118 1519 3169 humorem
1551 3134 1675 3171 eum
1709 3134 1871 3187 quem
1908 3136 2036 3176 san-

2148 1919 2260 1988 dii;
2296 1920 2401 1975 huc
2426 1921 2569 1974 enim
2609 1921 2828 1990 penitus
2860 1924 3262 1992 procedendum
3294 1921 3368 1976 illi
3399 1935 3508 1976 non
3537 1920 3728 1984 fuisse,

2148 2021 2436 2082 propterea
2466 2013 2609 2083 quod
2655 2016 2836 2071 adhuc
2870 2017 2935 2071 ad
2970 2016 3119 2071 illius
3147 2015 3291 2069 modi
3322 2030 3410 2070 res
3436 2014 3732 2084 capiendas

2148 2117 2258 2155 non
2284 2103 2416 2157 satis
2445 2103 2672 2172 polleret
2691 2105 2839 2160 illius
2856 2092 3044 2161 'mens.
3088 2105 3224 2171 Quia
3251 2121 3353 2176 quo
3376 2104 3465 2158 die
3490 2104 3726 2157 comedes

2147 2191 2213 2245 de
2238 2208 2321 2256 ea,
2351 2204 2520 2247 morte
2551 2195 2838 2260 morieris;
2872 2210 2937 2250 ac
2966 2195 3012 2251 si
3047 2196 3196 2250 dicat
3228 2212 3242 2249 :
3284 2193 3404 2261 Quo
3430 2195 3518 2248 die
3548 2202 3729 2247 tecum

2147 2284 2423 2355 ambigere
2447 2286 2681 2355 coeperis
2715 2302 2926 2342 unusne
2954 2286 3094 2343 Deus
3125 2287 3197 2342 sit
3224 2302 3294 2340 an
3324 2289 3529 2355 plures,
3563 2294 3730 2355 atque

2148 2376 2202 2431 in
2239 2377 2555 2447 opinionem
2609 2376 2847 2446 plurium
2893 2378 3175 2445 incideris,
3209 2387 3437 2432 mortetn
3485 2386 3731 2447 oppetes,

2146 2478 2200 2521 et
2231 2469 2504 2536 peccando
2531 2480 2585 2523 et
2618 2479 2689 2533 te,
2723 2483 2752 2520 a
2777 2484 2883 2534 me,
2914 2469 3273 2524 subducendo
3297 2468 3728 2537 alienandoque,

2147 2558 2241 2627 qui
2272 2574 2395 2614 sum
2432 2574 2595 2614 verus
2614 2560 2779 2615 Deus.
2809 2560 3019 2630 Quippe
3051 2561 3101 2615 id
3130 2561 3206 2615 illi
3238 2561 3441 2627 evenit,
3469 2575 3578 2615 una
3603 2576 3730 2615 cum

2151 2662 2320 2703 uxore
2350 2645 2461 2703 Eva
2491 2650 2695 2704 diaboli
2730 2649 2922 2705 fraude
2949 2651 3179 2706 seducto
3216 2669 3231 2705 :
3281 2640 3528 2721 qui‘non
3563 2651 3731 2706 modo

2146 2748 2288 2791 esca;
2331 2736 2602 2793 illecebris
2641 2738 2790 2808 ipsos
2839 2737 3050 2803 fefellit,
3106 2739 3202 2795 sed
3234 2739 3510 2809 persuasit
3562 2741 3728 2794 etiam

2146 2828 2332 2899 plures
2371 2844 2494 2886 esse
2522 2832 2679 2896 deos,
2718 2832 2850 2887 dum
2894 2832 3099 2888 diceret
3137 2849 3152 2886 :
3208 2831 3269 2887 Si
3299 2832 3635 2893 eomederitis
3662 2832 3731 2887 de

2104 2978 2117 2985 ,
2145 2937 2207 2976 ea
2239 2922 2447 2988 arbore,
2495 2924 2646 2978 eritis
2693 2925 2827 2979 sicut
2880 2926 2978 2981 dii.
3019 2924 3119 2980 Hic
3152 2926 3285 2980 illud
3318 2927 3483 2979 etiam
3538 2924 3735 2981 obser-

2145 3015 2384 3070 vandum
2445 3025 2531 3069 est
2577 3034 2591 3070 :
2644 3016 2776 3071 Adae
2830 3026 2994 3086 atque
3037 3017 3218 3081 uxori,
3276 3017 3475 3072 arbore
3510 3027 3727 3072 tantum

2146 3107 2390 3162 scientiae
2437 3108 2789 3163 interdictum
2829 3124 3049 3165 essene
3088 3110 3157 3165 ad
3209 3124 3331 3165 eam
3381 3113 3727 3178 accederent,

420 3244 421 3247 η
456 3190 678 3258 guinem
728 3194 994 3262 dicimus;
1032 3198 1228 3264 D.klat,
1273 3218 1398 3256 eum
1440 3220 1599 3273 quem
1638 3184 1886 3276 pituitam
1924 3224 2026 3264 νο·
2063 3184 2106 3241 (εἶ
2144 3215 2342 3270 nempe
2392 3202 2524 3269 quia
2577 3202 2821 3255 nomium
2875 3201 2997 3271 ejus
3027 3214 3259 3270 capaces
3307 3212 3507 3269 eral“;
3540 3212 3609 3257 θι
3656 3205 3724 3257 αθ

411 3294 682 3348 νεεηιιιε;
730 3283 968 3356 denique
1015 3288 1240 3355 Perath,
1283 3295 1435 3348 illum
1479 3312 1640 3367 quem
1690 3300 2029 3369 appellamus

417 3400 427 3413 -
456 3369 856 3440 bileruatnam,
891 3388 969 3432 .ut
998 3380 1073 3433 ait
1107 3380 1168 3434 D.
1205 3382 1443 3439 lacobus
1482 3390 1794 3445 Orrohaita.
1825 3393 2033 3447 Possu-

420 3472 585 3513 .mus
610 3475 838 3531 quoque
886 3480 982 3534 per
1012 3468 1278 3526 Gihoncm
1327 3475 1624 3546 intelligere
1666 3494 1785 3532 eam
1837 3482 2036 3536 animae

426 3548 713 3606 tvirtutetn
746 3569 869 3621 qua:
896 3563 1250 3627 temperantia
1280 3563 1520 3633 dicitur;
1556 3583 1654 3638 per
1684 3568 1881 3633 Diklat,
1913 3586 2034 3625 eam

423 3656 582 3711 gqutu
615 3643 683 3698 ad
720 3659 928 3716 partem
972 3652 1167 3706 animae
1209 3655 1535 3711 it‘ascihilem
1572 3660 1688 3714 sive
1728 3663 2033 3718 animosam

424 3734 729 3826 pertinet;
764 3740 863 3794 hoc
885 3754 987 3807 est,
1036 3742 1435 3815 fortitudinem,
1485 3763 1538 3806 et
1581 3752 1894 3821 lenitatem;
1943 3771 2039 3826 per

428 3823 659 3917 {eratin
707 3829 940 3901 denique
969 3874 985 3898 ,
1031 3835 1322 3905 justitiam.
1376 3840 1586 3898 llursus
1637 3845 1813 3900 Gihon
1854 3823 2036 3917 potest

382 3984 388 3989 θ
456 3914 774 4012 ἓιειιιιωιιιῐι
805 3923 1112 3993 signiﬁcare
1134 3932 1545 4002 evangelistam;
1574 3935 1768 4001 lelat,
1794 3914 2044 4012 Lucamj;

364 4016 374 4024 ‘
429 4004 660 4063 .Perath
690 4009 987 4071 Joannem.
1030 4016 1109 4071 Et
1160 4025 1361 4091 accepit
1415 4026 1670 4081 Dominus
1713 4030 1851 4085 Deus
1888 4004 2040 4088 Αάάέ

459 4116 623 4196 suum,
655 4114 705 4196 et
750 4109 924 4174 posuit
952 4113 1121 4179 ipsum
1143 4116 1207 4168 in
1239 4122 1495 4185 paradiso
1522 4119 1695 4185 Eden.
1739 4124 2034 4196 Postquam

458 4195 794 4252 condidisset
819 4200 961 4257 Deus
988 4205 1280 4275 Adamum,
1313 4213 1535 4266 sustulit
1562 4215 1739 4283 ipsqu
1768 4217 1916 4273 illinc
1942 4220 2035 4275 ubi

460 4292 682 4377 creatus
712 4287 911 4357 fuerat,
948 4301 1004 4346 et
1038 4296 1278 4351 traduxit
1312 4300 1364 4352 in
1399 4304 1712 4371 paradisum
1775 4308 2039 4377 spiritua-

458 4374 589 4441 lem,
615 4377 717 4433 hoc
761 4390 866 4447 est,
918 4382 971 4436 in
1003 4386 1167 4441 vitam
1201 4389 1438 4458 felicem,
1482 4404 1539 4449 ut
1586 4374 1916 4468 voluptatem
1949 4418 2042 4458 ca-

442 4477 614 4565 per-ct
654 4484 741 4525 ex'
764 4473 1116 4533 meditatione
1158 4496 1345 4537 rerum
1379 4488 1745 4554 conditarum,
1776 4504 1940 4565 atque
1970 4511 2036 4551 ex

436 4555 661 4615 .divina
690 4565 928 4622 notionis
958 4570 1124 4626 radiis
1164 4574 1365 4642 quibus
1397 4578 1571 4648 ipsius
1603 4598 1757 4639 mens
1791 4555 2035 4643 illustra-

438 4649 624 4704 Jtatur
675 4657 996 4726 angelorum
1043 4677 1196 4720 more
1226 4705 1243 4732 ,
1298 4674 1755 4739 quemadmodum
1808 4678 1860 4732 in
1919 4680 2040 4749 ipso

2076 4539 2120 4596 D

2147 3296 2344 3350 arbore
2372 3296 2494 3351 vitae
2523 3295 2659 3350 nihil
2683 3310 2807 3351 esse
2832 3306 3161 3367 praeceptum
3192 3296 3413 3366 quidem
3448 3297 3582 3368 lege,
3622 3300 3715 3352 sed

2147 3402 2250 3457 pro
2282 3388 2531 3443 custodia
2560 3388 2677 3456 ejus
2722 3392 2956 3458 positum
2985 3390 3206 3444 Cherub
3238 3398 3295 3444 et
3323 3393 3497 3447 aciem
3533 3392 3727 3463 gladii,

2152 3478 2408 3532 nimirum
2454 3488 2513 3533 ut
2554 3493 2617 3533 ea
2648 3494 2707 3533 re
2737 3479 3095 3549 significetur,
3143 3495 3240 3534 eos
3278 3482 3535 3536 mortales
3588 3484 3730 3552 (sive

2150 3569 2369 3639 pristini
2403 3570 2551 3624 illius
2603 3573 2721 3624 sive
2754 3571 2914 3639 hujus
2967 3572 3248 3642 temporis,
3291 3575 3379 3641 qui
3433 3588 3541 3627 non
3585 3575 3724 3629 satis

2153 3664 2291 3716 ιιι·ιηί
2331 3674 2457 3716 sunt
2486 3665 2552 3716 ad
2582 3663 3000 3719 commentanda
3042 3681 3119 3720 ~ea
3169 3680 3289 3735 qua:
3324 3665 3388 3719 ad
3426 3680 3722 3721 sacrosan—

2152 3766 2295 3810 ctam
2349 3756 2669 3811 Trinitatem
2738 3765 3028 3826 spectant;
3106 3772 3276 3811 unum
3348 3758 3556 3813 scitir-et
3599 3772 3726 3814 esse

2156 3845 2350 3914 Deum,
2408 3862 2670 3917 personas
2721 3863 2851 3903 vero
2895 3858 3026 3914 tres,
3075 3857 3243 3918 atque
3291 3849 3363 3904 ita
3398 3847 3727 3905 Trinitatem

2152 3954 2274 3994 esse
2310 3941 2363 3993 in
2422 3943 2651 4008 unitate,
2698 3950 2753 3996 et
2798 3955 3018 3995 rursum
3066 3943 3330 3995 unitatem
3374 3942 3427 3996 in
3461 3941 3737 3998 Trinitate

2157 4032 2322 4104 (hanc
2360 4035 2503 4086 enim
2543 4050 2664 4088 esse
2711 4034 2962 4089 arborem
2995 4035 3144 4100 vitai,
3183 4049 3353 4105 supra
3396 4041 3737 4090 memoravi-

2156 4126 2302 4193 mus)
2332 4139 2346 4176 :
2381 4126 2424 4179 si
2455 4133 2722 4178 conentur
2765 4139 2860 4194 per
2891 4125 3250 4179 temeritatem
3294 4126 3390 4182 illo
3420 4138 3732 4196 penetrare.

2155 4215 2331 4283 deque
2378 4217 2592 4271 arcanis
2641 4215 2746 4270 illis
2781 4224 2837 4269 et
2890 4216 3130 4285 cogitare
3156 4225 3211 4270 et
3243 4216 3435 4286 loqui:
3490 4234 3610 4281 eos,
3645 4221 3734 4273 in-

2155 4324 2343 4379 quam,
2378 4310 2618 4364 coerceri
2668 4310 2966 4378 repellique
3008 4312 3164 4378 quasi
3195 4326 3224 4363 a
3251 4310 3479 4365 custode
3512 4310 3730 4366 Chernb

2154 4412 2209 4458 et
2228 4405 2419 4458 lancea
2442 4404 2676 4473 quadam
2706 4406 2859 4473 ignea
2879 4405 3183 4475 fulgoribus
3215 4403 3453 4458 micante
3478 4403 3733 4472 ipsosque

2152 4494 2461 4549 deterrente
2509 4504 2671 4564 atque
2711 4510 2939 4551 accessu
2978 4496 3322 4561 prohibente.
3377 4492 3446 4546 Et
3482 4493 3732 4563 formarit

2157 4586 2410 4643 Dominus
2468 4586 2605 4640 Deus
2672 4605 2698 4640 e
2750 4596 2891 4640 terra
2941 4601 3147 4641 onmem
3204 4586 3429 4641 bestiam
3482 4586 3637 4656 agri,
3681 4592 3735 4637 et

2149 4696 2359 4734 omnem
2394 4680 2652 4733 uolucrem
2685 4681 2820 4734 coeli.
2864 4677 2988 4734 Haec
3017 4679 3203 4742 verba,
3224 4687 3387 4748 atque
3411 4678 3525 4732 haec
3553 4676 3735 4731 oratio

428 4755 677 4840 “lloqui?
742 4763 1034 4819 corPorato
1110 4760 1367 4827 paradiso
1430 4765 1827 4824 oblectabatur.
1901 4772 2039 4827 Cum
2140 4773 2208 4827 de
2238 4772 2405 4826 rebus
2452 4772 2587 4840 ipsis
2619 4771 2889 4825 duntaxat
2931 4770 3283 4839 interpretari
3331 4776 3583 4839 possunt,
3622 4782 3734 4822 non

441 4836 601 4891 .etrim
634 4838 869 4935 duplicis
899 4858 1046 4903 esset
1092 4854 1428 4913 conditionis
1476 4861 1804 4929 paradisus;
1849 4874 2040 4935 quate—
2138 4864 2386 4919 etiamad
2405 4836 2656 4932 spiritum
2680 4861 3291 4933 accommodari.lgitur
3310 4876 3432 4932 quae
3448 4874 3738 4916 commen-

432 4936 562 4977 -nus
591 4927 890 4995 spiritualis
938 4948 1072 5003 erat,
1117 4941 1423 5000 delectabat
1468 4927 1597 5004 Adae
1625 4927 2034 5010 animutn'con—

2141 4961 2284 5012 tario
2302 4958 2585 5028 superiore
2607 4956 2673 5012 de
2696 4956 2832 5026 ipsis
2853 4964 2983 5010 sunt
3006 4971 3036 5009 a
3066 4955 3223 5010 nobis
3255 4955 3418 5020 dicta,
3442 4952 3740 5010 sulliciant.

443 5017 940 5121 ίῗξηνῆιίθηξρυες
981 5043 1254 5099 quatenus
1292 5053 1422 5093 vero
1473 5055 1818 5111 corporatus,
1862 5048 2031 5102 arbo—
2146 5017 2463 5121 Eqimmisit
2497 5017 2751 5101 Dominus
2773 5047 2909 5101 Deus
2936 5048 3159 5117 quietem
3175 5048 3315 5119 (aut.
3339 5056 3397 5100 ut
3428 5045 3590 5098 habet
3632 5043 3743 5099 lle-

452 5107 606 5200 ribus
632 5108 1029 5189 fructibusque,
1058 5124 1203 5182 illius
1233 5143 1432 5200 corpus
1458 5107 1762 5190 recreabat.
1805 5107 1888 5192 IUt
1908 5155 2028 5193 eum

437 5199 647 5293 soleret
671 5214 721 5258 et
756 5212 1063 5268 custodiret.
1102 5214 1308 5276 Idcirco
1345 5223 1564 5293 (inquit)
1602 5228 1843 5284 traduxit
1874 5230 2026 5286 illum

443 5288 512 5391 in
549 5307 674 5348 eum
720 5300 1059 5368 spiritualetn
1093 5319 1146 5365 et
1184 5288 1406 5370 beatum
1440 5288 1656 5375 vivendi
1690 5324 1937 5391 modum,
1976 5335 2036 5379 ut

447 5382 665 5463 iu'ipso
693 5408 815 5455 sese
868 5412 1149 5459 exerceret
1176 5420 1274 5475 per
1317 5409 1520 5477 probas
1567 5382 1935 5482 cogitationes
1985 5426 2042 5471 et

451 5497 638 5541 rectas
674 5488 1059 5549 meditationes
1082 5509 1206 5566 quae
1231 5498 1376 5555 circa
1408 5515 1496 5557 res
1525 5503 1781 5575 conditas
1810 5522 2041 5564 versen-

450 5584 569 5645 tur,
621 5581 911 5655 ipsumque
958 5588 1282 5647 observaret
1325 5595 1475 5650 omni
1539 5599 1822 5667 proposito
1876 5597 2045 5656 animi

522 5734 578 5765 ·⁹³
600 5734 753 5796 Psal.
789 5759 976 5814 cxvltt,
1009 5748 1097 5806 7‘2.

2145 5144 2376 5206 brazum,
2396 5143 2657 5207 somnum)
2676 5141 2730 5193 in
2751 5141 3035 5204 Adamum,
3056 5151 3105 5194 et
3135 5140 3383 5193 dormivit
3403 5153 3424 5191 :
3446 5146 3497 5191 et
3522 5135 3743 5191 sustulit

2135 5250 2297 5288 unam
2323 5250 2351 5287 e
2383 5235 2542 5286 costis
2573 5234 2764 5301 ipsius,
2795 5233 3089 5302 clausitque
3121 5247 3278 5285 carne
3307 5230 3421 5299 ejus
3447 5231 3644 5295 locum,
3684 5228 3740 5281 ει

2141 5327 2471 5382 concinnavit
2505 5325 2759 5379 Dominus
2808 5325 2944 5377 Deus
2986 5338 3052 5378 ex
3075 5332 3222 5376 costa
3262 5337 3422 5392 quam
3441 5328 3741 5388 sumpserat

2146 5435 2212 5474 ea:
2260 5419 2488 5483 Adamo,
2517 5420 2789 5488 feminam.
2810 5417 2965 5483 Quod
3001 5432 3065 5471 ex
3087 5416 3296 5469 Adamo
3325 5429 3525 5483 sopore
3541 5415 3742 5470 obruto

2151 5521 2367 5581 sumpta
2393 5520 2477 5565 est
2507 5521 2680 5574 costa,
2731 5520 2893 5577 atque
2931 5523 2994 5562 ex
3048 5507 3150 5560 hac
3184 5507 3326 5562 facta
3372 5504 3481 5560 Eva
3506 5543 3523 5572 ,
3557 5519 3742 5561 sacra.

2150 5612 2401 5659 euentum
2447 5611 2532 5657 est
2585 5602 2868 5673 sanguinis
2920 5609 2977 5655 et
3021 5614 3177 5669 aqua:
3215 5616 3279 5656 ex
3313 5599 3520 5656 Christi
3570 5600 3740 5655 latere
