4086 6400
394 327 497 392 589

1518 338 1612 397 DE
1655 338 2052 399 PARADISO.
2094 362 2162 374 -
2197 339 2390 398 PARS
2431 339 2511 397 II.

3544 337 3650 400 ξω

396 438 808 507 proﬁuentium,
867 453 1156 515 postquam
1216 445 1271 502 iu
1311 463 1477 505 cruce
1515 451 1969 516 obdormivisscl;
2002 464 2044 522 Α
2077 460 2160 506 ret
2195 451 2405 506 hortata
2436 460 2541 518 est,
2578 452 2624 505 is
2653 465 2782 504 vero
2814 449 3000 505 uxoris
3033 449 3194 505 dictis
3236 460 3321 506 est
3363 465 3642 514 assensus,

392 531 594 600 quibus
626 535 924 610 constituta
972 547 1054 593 est
1095 553 1445 597 sacrosancta
1488 542 1729 600 Ecclesia
1768 562 1780 597 :
1816 553 1953 610 tum,

390 622 534 708 quod
568 638 634 676 ex
679 624 845 682 latere
882 628 1072 684 Adami
1104 632 1474 700 excipiebatur
1503 635 1638 700 Eva,
1661 645 1820 708 typus
1856 635 1960 690 fuit

394 707 630 764 fodiendi
662 714 791 768 olim
839 715 1024 773 lateris
1074 720 1300 790 Christi,
1332 740 1398 780 ex
1448 740 1557 795 quo
1588 707 1773 782 essent
1803 726 1960 780 efﬂu-

391 813 540 854 xuraa
590 817 744 872 aqua:
787 806 908 863 vitae
955 818 1009 864 et
1062 812 1255 868 vitales
1315 815 1740 888 salutaresque;
1779 835 1957 888 aqua).

392 890 638 962 inquam,
672 899 810 952 sacri
845 900 1096 967 baptismi
1128 907 1220 973 qui
1271 915 1356 961 est
1400 919 1572 962 mater
1612 911 1865 980 mystica,
1895 927 1958 965 ex

391 995 498 1049 qua
527 999 631 1037 una
662 999 1019 1054 procreantur
1044 994 1136 1048 lilii
1169 997 1291 1048 novi
1330 999 1396 1052 ad
1430 1001 1590 1053 vitam
1624 1002 1960 1070 spiritualem

393 1083 556 1142 atque
599 1078 982 1146 sempiternam
1040 1103 1055 1140 :
1115 1088 1258 1142 sicut
1316 1089 1420 1144 Eva
1477 1107 1693 1162 quoque
1736 1108 1857 1161 quae
1896 1109 1962 1149 ex

395 1163 593 1220 Adami
648 1168 819 1225 latere
873 1174 1095 1242 prodiit,
1148 1188 1323 1234 mater
1377 1181 1560 1237 omnis
1605 1183 1838 1238 viventis
1882 1194 1966 1238 est

393 1258 684 1326 appellata.
735 1261 800 1316 Et
853 1282 1064 1336 serpens
1127 1273 1356 1326 astutior
1383 1283 1500 1328 erat
1547 1274 1788 1330 omnibus
1841 1279 1963 1330 ani-

392 1349 618 1404 malibus
663 1355 802 1423 agri,
858 1373 974 1426 qua:
1005 1360 1202 1428 fecerat
1237 1361 1492 1418 Dominus
1529 1364 1688 1420 Deus.
1734 1367 1968 1436 Serpen.

391 1449 497 1494 tem
529 1453 688 1498 vocat
721 1446 1036 1518 diabolum;
1077 1454 1226 1508 illum
1262 1457 1370 1510 Deo
1393 1460 1670 1524 rebellem,
1700 1462 1966 1517 mendacii

396 1541 628 1602 patrem,
666 1536 916 1594 humanae
959 1553 1165 1600 naturae
1196 1547 1589 1618 impostorcm;
1639 1568 1764 1607 nam
1803 1553 1968 1608 etiam

392 1623 517 1678 alibi
551 1625 605 1680 in
635 1631 806 1686 sacris
831 1631 1068 1698 Litteris,
1097 1637 1188 1692 ille
1208 1654 1432 1709 serpens
1455 1645 1756 1713 appellatur
1782 1664 1796 1699 :
1823 1646 1966 1714 Feci,

395 1714 571 1786 inquit
601 1716 884 1782 Dominus.
916 1726 1057 1781 vobis
1085 1739 1391 1797 potestatem
1419 1733 1662 1790 calcandi
1705 1747 1968 1803 serpentes

395 1815 445 1860 et
493 1812 811 1914 scorpiones.
840 1815 908 1871 ⁸⁸.
969 1816 1033 1872 Et
1083 1821 1213 1878 alibi
1267 1825 1530 1894 scriptum
1577 1837 1663 1883 est
1711 1813 1971 1883 {Occidit
2003 1860 2044 1914 Β

401 1914 584 1953 manus
643 1904 810 1971 ipsius
872 1920 1158 1977 serpentem
1210 1917 1566 1988 transfugam.
1630 1920 1738 1974 sive
1787 1921 1973 1988 fugitio

402 2003 519 2040 unm
553 1991 622 2048 ⁸⁸.
653 1993 923 2062 Αιιεειίεω
963 2014 1090 2053 vero
1123 2001 1348 2058 virtutes
1397 2007 1737 2074 appellantur
1763 2008 1974 2062 anima-

395 2077 486 2142 lia,
507 2096 616 2149 quo
640 2084 858 2140 nomine
886 2087 1005 2143 illas
1036 2088 1351 2161 Scripturas
1389 2096 1532 2162 apud
1561 2096 1901 2152 Ezechielem
1927 2099 1973 2132 "

391 2186 613 2242 quoque
642 2186 800 2232 vocat
834 2178 887 2234 in
914 2191 1130 2238 ostento
1160 2185 1274 2241 illo.
1309 2187 1517 2243 Dicitur
1545 2199 1724 2245 autem
1752 2207 1975 2260 serpens

395 2266 630 2345 astutior
650 2270 903 2326 omnibus
927 2273 1277 2341 animalibus,
1299 2278 1428 2348 quia
1460 2280 1720 2349 angelicae
1747 2281 1974 2337 virtutes

395 2371 625 2425 prorsus
651 2359 718 2413 ab
751 2364 898 2417 omni
937 2365 1138 2421 malitia
1167 2377 1328 2438 atque
1353 2379 1474 2425 astu
1504 2386 1690 2426 vacuae
1720 2381 1886 2436 sunt;
1919 2381 1975 2426 at

394 2448 645 2505 diabolus
668 2451 816 2506 vafer
844 2463 929 2510 est
957 2464 1010 2510 et
1050 2458 1332 2528 improbus
1363 2475 1591 2529 prorsus
1625 2479 1639 2516 :
1666 2461 1738 2517 Et
1765 2463 1841 2517 ait
1861 2480 1976 2518 ser-

392 2553 519 2603 pens
558 2542 628 2594 ad
654 2543 925 2599 mulierem
952 2562 972 2600 :
1017 2547 1144 2603 Vere
1171 2550 1308 2603 dixit
1346 2551 1504 2618 Deus,
1539 2569 1602 2607 ne
1634 2554 1972 2609 comederetis

395 2630 460 2684 de
484 2633 724 2687 omnibus
760 2637 1037 2692 arboribus
1064 2641 1327 2707 paradisi,
1371 2643 1475 2698 hoc
1511 2651 1616 2709 est,
1649 2643 1808 2710 plane
1837 2644 1975 2698 dixit

393 2723 550 2778 vobis
603 2723 746 2781 Deus
793 2745 810 2782 :
851 2727 1036 2784 Nolite
1068 2733 1732 2804 meditando‘expendere
1787 2751 1971 2790 rerum

394 2816 784 2882 conditionem,
832 2822 944 2876 sive
992 2824 1431 2892 aspectabilium,
1480 2826 1594 2882 sive
1633 2841 1822 2882 earum
1853 2843 1974 2898 qua:

395 2907 449 2960 in
481 2921 675 2963 sensus
701 2925 807 2965 non
835 2913 1056 2968 cadunt.
1110 2913 1177 2967 Et
1203 2917 1278 2969 ait
1322 2917 1511 2970 mulier
1539 2918 1608 2971 ad
1636 2927 1923 2987 serpentem
1953 2935 1973 2974 :

397 2995 474 3052 De
501 3000 761 3069 fructibus
801 3005 1050 3060 arborum
1081 3006 1320 3073 paradisi
1349 3010 1580 3064 omnium
1605 3011 1973 3077 comedenms;

395 3092 458 3144 de
523 3093 782 3162 fructibus
836 3095 1066 3162 arboris,
1124 3115 1242 3168 qua:
1295 3107 1371 3154 est
1413 3102 1466 3154 in
1521 3102 1694 3156 medio
1727 3103 1970 3172 paradisi

2071 555 2234 614 atque
2283 547 2334 597 in
2391 544 2607 599 easdem
2665 543 3022 614 cogitationes
3073 544 3322 598 incubuit
3383 562 3397 597 :
3461 545 3649 613 Aperti

2066 644 2187 688 sunt
2233 636 2374 689 oculi
2420 637 2693 690 amborum
2730 645 2779 690 et
2823 647 3173 704 cognoverunt
3225 636 3365 704 quod
3409 637 3652 689 nudies-

2066 735 2200 779 sent.
2273 726 2543 795 Evestigio
2598 727 2798 782 violata
2867 726 2982 796 lege
3037 725 3153 788 Dei,
3215 725 3469 794 patefacti
3521 736 3650 781 sunt

2069 816 2312 886 ipsorum
2345 819 2491 872 oculi
2525 835 2538 872 :
2581 834 2689 872 non
2734 819 2878 887 quod
2909 818 2962 872 in
2992 817 3123 872 deos
3151 817 3265 886 jam
3301 827 3411 872 tum
3443 817 3649 872 evasis-

2069 918 2207 969 sent,
2231 910 2282 962 in
2306 924 2466 976 quam
2498 923 2648 975 spem
2678 909 2825 978 ipsos
2845 909 3145 963 adduxerat
3167 909 3402 973 daemon,
3436 907 3529 962 sed
3553 908 3649 968 ita.

2073 1007 2130 1052 ut
2182 1001 2671 1056 animadverterent
2708 1016 2859 1056 suam
2896 1001 3230 1072 nuditatem;
3260 1001 3366 1056 hoc
3424 1012 3526 1064 est,
3557 1000 3636 1054 ad:

2071 1099 2244 1160 empta
2271 1101 2355 1147 est
2385 1092 2518 1161 ipsis
2546 1093 2692 1162 prior
2728 1093 2818 1146 illa
2846 1093 3101 1149 cernendi
3133 1075 3362 1147 facultas
3389 1091 3647 1162 spiritua-

2073 1181 2139 1236 lis
2155 1188 2320 1252 atque
2341 1184 2582 1254 angelica
2609 1200 2715 1252 qua
2742 1184 2962 1239 fuerant
2986 1183 3218 1253 praediti,
3245 1183 3477 1238 intellem
3498 1191 3644 1237 runt-

2072 1288 2197 1340 que,
2230 1273 2418 1343 sejam
2450 1274 2588 1328 felici
2629 1275 2718 1329 illa
2753 1275 2844 1330 Dei
2886 1277 3059 1345 gratia
3095 1289 3219 1330 esse
3245 1276 3506 1344 spoliatos
3537 1289 3645 1342 qua

2073 1374 2364 1435 antequam
2394 1367 2659 1422 adversus
2703 1367 2878 1437 legem
2928 1367 3210 1429 fecissent,
3256 1381 3355 1421 sua
3402 1367 3647 1434 ipsorum

2073 1473 2300 1526 corpora
2355 1460 2516 1514 veluti
2549 1461 2722 1515 velata
2771 1461 3004 1515 fuerant.
3050 1459 3120 1513 Et
3163 1459 3651 1528 conglutinaverunt

2075 1550 2204 1620 folia
2248 1551 2496 1620 ﬁculnea,
2544 1553 2876 1622 feceruntque
2924 1553 3026 1606 sibi
3080 1551 3435 1620 subligaculo.
3497 1549 3650 1603 Folia

2076 1641 2305 1697 ﬁculnea
2362 1653 2518 1697 vocat
2580 1644 2824 1712 ipsorum
2904 1659 3139 1706 manus;
3204 1643 3443 1696 referunt
3503 1641 3650 1695 enim

2078 1748 2281 1786 manus
2320 1747 2506 1788 eorum
2541 1733 2796 1788 foliorum
2839 1735 3091 1803 ﬁguram.
3137 1732 3301 1798 Quasi
3334 1733 3494 1792 dicat,
3525 1745 3649 1785 cum

2073 1837 2132 1878 se
2162 1823 2341 1878 nudos
2369 1838 2490 1878 esse
2529 1823 3058 1885 animadverterent,
3095 1823 3345 1877 manibus
3389 1837 3487 1876 sua
3523 1837 3654 1875 con-

2077 1923 2258 1968 texere
2296 1913 2585 1984 pudenda;
2641 1923 2808 1984 atque
2856 1915 2930 1968 ita
2980 1913 3143 1969 etiam
3191 1928 3340 1968 nunc
3373 1928 3432 1967 se
3473 1926 3654 1966 mores

2077 2003 2390 2059 mortalium
2455 2005 2678 2060 habent.
2727 2003 2914 2072 Neque
2955 2005 3100 2059 enim
3134 2014 3228 2057 aut
3258 2005 3522 2057 amictum
3554 2011 3649 2054 aut

2077 2095 2320 2160 tunicas,
2363 2094 2466 2149 sibi
2517 2095 2668 2165 ipsos
2717 2094 2912 2150 fecisse
2959 2094 3111 2158 dicit,
3150 2095 3244 2149 sed
3293 2093 3650 2163 perizomala.

2075 2189 2182 2244 hoc
2214 2195 2341 2252 est,
2384 2202 2505 2256 quae
2567 2188 2680 2241 sola
2756 2187 3007 2257 genitalia
3083 2187 3328 2240 membra
3384 2197 3651 2253 tegerent.

2077 2278 2146 2332 Et
2179 2280 2458 2333 audierunt
2492 2295 2664 2333 vocem
2695 2279 2908 2332 Domini
2950 2279 3044 2332 Dei
3077 2280 3369 2348 gradientis
3405 2279 3458 2330 in
3484 2293 3650 2345 para-

2074 2369 2210 2432 diso.
2243 2371 2312 2424 ad
2361 2359 2757 2424 inclinationem
2803 2371 2931 2424 diei.
2980 2369 3268 2425 Inclinatio
3301 2368 3408 2423 diei
3443 2383 3648 2422 moram

2077 2461 2338 2532 temporis
2377 2461 2683 2532 signiﬁcat;
2734 2461 2889 2530 quasi
2935 2460 3102 2523 dicat,
3149 2477 3254 2514 non
3289 2459 3450 2512 simul
3483 2467 3652 2526 atque

2075 2553 2392 2608 mandatum
2460 2553 2886 2608 transilivissent
2956 2552 3422 2622 deliquissentque
3481 2565 3652 2619 appa-

2074 2643 2254 2698 ruisse
2281 2643 2415 2712 ipsis
2442 2642 2649 2697 Deum‘:
2685 2641 2782 2697 sed
2819 2641 3106 2710 interjecto
3146 2641 3407 2709 temporis
3442 2637 3645 2708 spatio.

2077 2733 2336 2787 nimirum
2369 2749 2480 2803 quo
2525 2733 2646 2804 ipso
2707 2733 2850 2801 apud
2896 2733 3139 2786 animum
3190 2747 3348 2786 suum
3387 2730 3488 2785 sibi
3525 2745 3654 2784 col:-

2074 2825 2221 2879 scios
2247 2823 2473 2894 puderet
2504 2824 2744 2889 interim,
2771 2823 3164 2892 poeniterctque
3193 2819 3417 2874 admissi
3443 2817 3651 2886 ﬂagitii.

2073 2913 2244 2970 Porro
2287 2915 2584 2970 descensus
2635 2925 2690 2968 et
2741 2915 3006 2969 adventus
3059 2913 3151 2966 Dei
3204 2913 3256 2965 in
3306 2909 3650 2981 paradisum.

2075 3007 2245 3076 figura
2275 3014 2392 3061 erat
2423 3021 2546 3075 quae
2575 3006 2964 3060 descensurum
2995 3013 3163 3074 atque
3197 3012 3489 3057 venturum
3521 3000 3652 3054 olim

2076 3099 2128 3154 in
2163 3099 2425 3154 mundum
2467 3097 2560 3152 Dei
2589 3096 2826 3154 Verbum
2867 3096 3227 3167 signiﬁcabat.
3272 3092 3650 3148 Dieiinclina-

397 3183 537 3236 dixit
561 3183 723 3250 Deus,
754 3203 815 3241 ne
856 3189 1026 3243 edatis
1059 3189 1123 3244 de
1166 3207 1228 3245 ea
1261 3209 1424 3262 neque
1463 3194 1697 3264 tangatis
1738 3210 1878 3259 eam,
1905 3211 1968 3248 ne
1995 3176 2038 3233 (ἶ
2073 3191 2220 3247 tione
2267 3206 2394 3246 vero
2437 3189 2664 3261 mystice
2717 3189 3110 3244 ostendebatur
3157 3186 3274 3240 fore
3311 3193 3370 3239 ut
3406 3185 3507 3238 hoc
3556 3181 3651 3236 Dei

397 3277 723 3334 moriamini.
755 3278 928 3335 Jussit
965 3282 1181 3350 quidem
1217 3283 1360 3340 Deus
1407 3294 1465 3340 ut
1502 3301 1686 3341 rerum
1720 3287 1968 3342 omnium

398 3378 506 3421 tam
538 3383 660 3438 qua:
704 3371 851 3424 cerni
900 3388 1006 3426 non
1062 3383 1294 3442 possunt
1338 3391 1500 3446 quam
1545 3393 1666 3446 quae
1719 3388 1954 3448 possunt

396 3460 857 3529 contemplatione
888 3478 991 3516 nos
1037 3479 1414 3531 exerceamus,
1459 3475 1622 3536 atque
1654 3483 1716 3523 ea
1750 3479 1969 3524 nosmet

397 3550 763 3618 oblectemus;
821 3563 876 3608 at
927 3556 979 3609 in
1007 3571 1065 3611 se
1123 3557 1227 3627 (est
1276 3559 1419 3614 enim
1467 3560 1600 3629 ipse,
1663 3561 1831 3616 arbor
1880 3562 1968 3615 illa

398 3642 722 3715 spiritualis)
761 3645 934 3701 noluit
965 3661 1066 3702 nos
1097 3648 1264 3704 altius
1290 3651 1675 3721 curiosiusque
1697 3651 1970 3721 inquirere

399 3734 666 3790 unicusne
709 3735 780 3791 sit
833 3737 972 3794 Deus
1004 3754 1069 3793 an
1124 3741 1330 3809 plures,
1371 3757 1438 3796 ne
1483 3742 1610 3796 dum
1649 3721 1716 3796 ad
1761 3743 1972 3812 ejusce-

403 3825 552 3880 modi
603 3826 1005 3895 indagationem
1059 3847 1214 3886 mens
1268 3840 1453 3886 nostra
1508 3849 1702 3902 parum
1759 3835 1970 3903 pollens

396 3927 703 3988 potensque
750 3929 854 3983 est,
899 3935 996 3990 per
1046 3931 1328 3986 peceatum
1381 3923 1721 3978 occidamus.
1784 3923 1852 3976 Et
1894 3925 1971 3977 ait

397 4021 604 4075 serpens
661 4004 729 4059 ad
773 4007 1046 4062 mulierem
1091 4025 1111 4064 .'
1159 4009 1280 4063 Non
1332 4023 1501 4065 morte
1533 4015 1780 4067 morituri
1824 4015 1969 4068 estis.

395 4095 476 4149 En
512 4105 572 4151 ut
599 4099 735 4152 nihil
781 4100 947 4167 pudet
993 4101 1296 4156 daemonem
1333 4103 1492 4172 plane
1538 4103 1648 4158 Deo
1694 4105 1974 4160 contradi-

395 4201 520 4243 cere
547 4208 561 4245 :
593 4191 682 4244 ille
707 4198 934 4246 mortem
965 4192 1253 4247 obnuntiat
1285 4195 1329 4246 si
1362 4196 1486 4264 quis
1509 4195 1674 4251 altius
1715 4197 1768 4251 in
1794 4197 1969 4266 ipsum

396 4281 668 4350 inqmrat;
697 4282 787 4337 hic
815 4299 1041 4352 prorsus
1080 4285 1274 4341 mortis
1307 4301 1532 4341 securos
1573 4287 1702 4341 facit
1741 4301 1836 4341 eos
1878 4287 1973 4356 qui

403 4381 604 4422 arcana
638 4368 730 4422 Dei
762 4369 1001 4424 audeant
1028 4373 1284 4426 scrutari.
1336 4373 1404 4427 Et
1441 4375 1568 4428 vidit
1610 4375 1799 4428 mulier
1837 4375 1974 4446 quod

399 4458 624 4525 pulchra
669 4471 800 4514 esset
852 4461 1014 4514 arbor
1055 4463 1124 4516 ad
1177 4465 1485 4518 vescendum
1515 4505 1530 4530 ,
1574 4475 1623 4519 et
1673 4467 1974 4535 expetibilis

401 4550 567 4604 oculis
595 4591 610 4615 ,
658 4561 814 4622 atque
858 4553 1232 4609 desiderabilis
1286 4556 1446 4610 arbor
1501 4533 1758 4627 spectata;
1817 4558 1972 4625 Quod
2009 4533 2052 4586 θ

399 4643 684 4699 mulierem
721 4645 854 4700 dicit
883 4646 1087 4701 vidisse
1143 4648 1420 4714 arborem,
1451 4665 1560 4705 non
1592 4651 1666 4705 ita
1702 4651 1975 4720 accipien-

405 4735 534 4790 dum
562 4745 645 4791 est
673 4739 830 4808 quasi
875 4737 1043 4793 Deum
1083 4740 1172 4795 illa
1203 4741 1396 4796 viderit
1426 4757 1584 4811 quem
1617 4743 1847 4812 mystice
1881 4758 1975 4812 per

408 4841 524 4882 eam
554 4830 800 4884 arborem
837 4830 1203 4898 signiﬁcatum
1226 4848 1346 4889 esse
1368 4834 1639 4901 diximus;
1667 4836 1763 4892 sed
1800 4837 1972 4906 ipsam

413 4921 747 4978 auseultasse
780 4923 1007 4979 censilio
1049 4924 1348 4989 daemonis,
1383 4925 1611 4996 ejusque
1636 4927 1818 4982 verbis
1848 4942 1972 4998 per-

406 5025 622 5069 suasam
657 5015 936 5069 curiosius
967 5015 1021 5068 in
1051 5013 1220 5070 Deum
1255 5017 1532 5087 inquirere
1569 5026 1822 5073 conatam
1850 5034 1974 5074 esse

401 5104 692 5172 signiﬁcat.
729 5105 793 5160 Et
825 5108 1025 5176 accepit
1061 5108 1127 5161 de
1164 5107 1420 5177 fructibus
1458 5110 1624 5179 ipsius
1650 5118 1699 5163 et
1727 5109 1859 5175 edit,
1881 5110 1975 5164 de-

403 5197 583 5267 ditque
602 5197 763 5251 etiam
815 5197 976 5253 simul
1016 5198 1126 5251 uiro
1181 5214 1298 5262 suo,
1335 5207 1385 5252 et
1416 5201 1661 5254 comedit.
1703 5198 1819 5270 Ipsa
1849 5215 1974 5256 cum

404 5289 592 5344 animo
626 5304 726 5346 suo
755 5299 1012 5360 reputare
1046 5297 1209 5359 atque
1239 5291 1543 5360 disquirere
1569 5291 1737 5362 coepit
1766 5294 1833 5348 de
1870 5291 1978 5347 Deo

405 5397 620 5436 unusne
672 5390 821 5438 esset
853 5396 921 5435 an
974 5381 1180 5452 plures,
1224 5391 1461 5452 etquam
1489 5384 1560 5438 ob
1599 5399 1822 5439 causam
1876 5383 1979 5438 sibi

407 5474 717 5544 maritoque
751 5489 854 5530 suo
879 5472 1253 5529 interdixisset
1278 5489 1462 5528 escam
1494 5475 1704 5530 arboris
1742 5475 1982 5532 scientia

350 5552 357 5559 ’
407 5575 574 5637 atque
597 5566 761 5622 simul
787 5567 1054 5622 Adamum
1093 5566 1348 5623 maritum
1374 5581 1535 5622 suum
1568 5577 1626 5622 ut
1653 5568 1796 5624 idem
1833 5569 1982 5623 face-

481 5733 531 5768 ”
572 5733 704 5790 Luc.
738 5747 793 5801 ι,
821 5733 906 5789 19.
983 5734 1028 5767 ’⁵
1067 5735 1236 5802 Apoc.
1262 5747 1351 5795 xx,
1423 5731 1479 5787 2.
1556 5733 1601 5766 ’⁸
1637 5733 1831 5789 Ezech.
1872 5747 1908 5796 ι,
1944 5731 1994 5785 5.

2078 3282 2308 3338 Verbum
2342 3283 2395 3337 in
2435 3283 2541 3339 ﬁne
2577 3291 2880 3351 temporum
2927 3296 3147 3335 carnem
3199 3279 3468 3341 indueret,
3507 3276 3646 3333 sicut

2073 3374 2147 3427 ait
2179 3372 2380 3427 Paulus
2411 3390 2425 3425 :
2459 3371 2590 3426 Cum
2615 3373 2834 3448 renisset
2867 3371 2990 3440 ﬁnis
3033 3369 3302 3438 temporis,
3337 3367 3478 3420 misit
3511 3365 3650 3418 Dens

2079 3465 2281 3520 Filium
2311 3475 2549 3528 suum,et
2579 3465 2751 3532 [actus
2782 3476 2856 3518 est
2883 3480 2948 3518 ex
2978 3463 3192 3516 muliere
3207 3460 3275 3513 θ’.
3301 3457 3502 3513 Deinde
3531 3471 3657 3529 gra-

2073 3555 2272 3610 dientis
2303 3555 2398 3609 Dei
2425 3555 2607 3608 audita
2653 3569 2744 3624 per
2789 3553 3102 3622 paradisum
3153 3567 3254 3606 vox
3295 3547 3658 3620 portendebat

2074 3645 2309 3701 Verbum
2356 3644 2446 3700 Dei
2482 3644 2777 3714 aliquando
2806 3646 2943 3711 apud
2996 3659 3094 3699 nos
3122 3640 3175 3696 in
3211 3655 3373 3694 carne
3404 3646 3655 3694 versatu-

2081 3754 2202 3792 rnrn
2231 3737 2768 3804 ambulatummque,
2799 3735 3250 3804 quemadmodum
3281 3733 3348 3786 de
3369 3732 3484 3800 ipso
3521 3745 3658 3798 pne-

2077 3829 2214 3883 dixit
2245 3840 2392 3883 vates
2424 3846 2435 3881 :
2478 3827 2545 3880 Et
2573 3842 2728 3896 super
2757 3837 2955 3880 terram
2992 3827 3135 3880 visus
3167 3835 3266 3889 est,
3297 3831 3346 3876 et
3384 3821 3526 3890 apud
3555 3821 3655 3873 bo-

2076 3919 2242 3973 mines
2269 3927 2502 3972 uersatus
2536 3928 2610 3971 est
2641 3918 2712 3971 ".
2773 3916 2839 3970 Et
2875 3916 3132 3969 abdebant
3156 3931 3210 3968 se
3235 3916 3404 3966 Adam
3442 3920 3494 3965 et
3523 3925 3658 3964 uxor

2080 4012 2249 4080 ipsius
2281 4029 2312 4064 a
2348 4020 2626 4079 conspectu
2659 4009 2868 4063 Domini
2918 4008 3034 4072 Dei,
3068 4009 3202 4060 inter
3241 4005 3454 4059 arbores
3485 4017 3654 4065 para-

2083 4104 2210 4157 disi.
2247 4102 2531 4158 Abdebant
2572 4102 2794 4170 quidem
2846 4101 2987 4156 inter
3033 4101 3256 4154 arbores
3286 4095 3525 4166 paradisi
3557 4109 3655 4148 sua

2077 4211 2357 4266 corpora;
2414 4209 2600 4250 verum
2660 4194 3052 4249 conscientiam
3107 4191 3333 4246 admissi
3397 4185 3658 4243 facinoris

2077 4298 2260 4360 tegere
2299 4307 2326 4342 a
2358 4296 2652 4356 conspectu
2687 4286 2903 4341 Domini
2929 4292 3094 4355 atque
3123 4281 3497 4344 dissimulare,
3533 4278 3651 4348 ipse

2078 4381 2398 4449 prohibebat
2422 4379 2618 4448 pudor.
2637 4377 2822 4432 Vocem
2846 4387 2991 4432 tuam
3015 4376 3194 4431 audivi
3221 4376 3275 4428 in
3305 4373 3580 4444 paradiso,
3603 4381 3654 4424 et

2079 4475 2184 4527 vidi
2209 4472 2347 4542 quod
2389 4473 2561 4527 nudus
2605 4488 2794 4534 esscin,
2825 4481 2874 4525 et
2913 4470 3095 4524 abdidi
3130 4484 3229 4525 me.
3286 4465 3352 4521 Et
3385 4465 3536 4535 quia.
3574 4463 3657 4517 in-

2082 4567 2221 4636 quit,
2261 4579 2446 4618 vocem
2478 4573 2625 4618 tuam
2656 4563 2953 4633 gradientis
2984 4576 3079 4631 per
3100 4558 3413 4629 paradisum
3447 4554 3655 4618 audivi,

2083 4665 2136 4709 et
2159 4655 2286 4726 quia
2310 4653 2516 4708 nudum
2545 4668 2633 4707 me
2653 4669 2778 4708 esse
2803 4652 3162 4706 animadverti
3190 4666 3206 4713 ;
3234 4649 3302 4703 ab
3321 4663 3384 4702 ea
3418 4648 3655 4701 maxima

2083 4757 2246 4816 atque
2283 4743 2640 4800 saluberrima
2667 4743 2838 4812 gratia
2867 4758 2972 4812 qua
3007 4751 3132 4794 ante
3171 4740 3377 4794 fueram
3406 4738 3654 4798 indutus,

2082 4839 2153 4892 ob
2183 4837 2279 4892 has
2313 4851 2413 4906 ego
2444 4835 2580 4889 duas
2617 4849 2812 4889 causas
2852 4841 2996 4886 metu
3031 4832 3319 4901 perculsus
3357 4843 3443 4883 me
3471 4828 3657 4883 occul-

2082 4930 2212 4994 tavi,
2247 4929 2348 4983 hoc
2374 4937 2456 4982 est
2488 4941 2603 4981 rem
2631 4927 2804 4996 ipsam
2833 4925 3204 4986 commissam,
3237 4921 3378 4990 apud
3410 4919 3654 4974 animum

2083 5035 2263 5074 meum
2290 5017 2601 5088 expendens
2639 5017 2795 5070 timui
2829 5033 2843 5070 :
2875 5014 2942 5068 Et
2967 5015 3045 5068 ait
3072 5015 3143 5068 ad
3176 5013 3329 5067 illum
3355 5011 3606 5066 Dominus
3635 5025 3653 5063 :

2085 5111 2220 5176 Quis
2251 5111 2563 5181 signiﬁcavit
2597 5109 2693 5162 tibi
2715 5108 2855 5179 quod
2883 5108 3057 5162 nudus
3087 5123 3222 5161 esses
3247 5106 3274 5160 .9
3322 5121 3444 5160 num
3475 5104 3540 5158 de
3561 5119 3656 5157 ar-

2083 5206 2205 5258 bore
2239 5205 2303 5257 de
2325 5220 2429 5277 qua
2442 5203 2584 5270 jussi
2609 5217 2671 5256 ne
2695 5203 2898 5266 ederes,
2928 5199 3086 5254 edisti
3113 5201 3138 5256 ?
3179 5198 3256 5254 Ac
3286 5198 3332 5253 si
3359 5198 3504 5253 dicat
3529 5215 3544 5251 :
3576 5193 3654 5248 En

2085 5299 2188 5352 mei
2223 5295 2646 5366 cogitationibus
2695 5302 2816 5348 tete.
2845 5293 3147 5362 ocrupasti.
3189 5291 3446 5361 qualibus
3484 5287 3657 5344 absti-

2085 5403 2214 5442 nere
2248 5396 2299 5440 te
2330 5387 2626 5454 iusseram.
2660 5384 2732 5438 Et
2768 5385 2848 5438 ait
2890 5385 3062 5439 Adam
3096 5400 3114 5438 :
3146 5381 3342 5437 Mulier
3369 5395 3528 5451 quam
3574 5387 3662 5432 at-

2087 5477 2322 5532 tribuisti
2368 5477 2518 5539 mihi,
2551 5478 2666 5545 ipsa
2710 5475 2856 5530 dedit
2891 5477 3040 5540 mihi,
3073 5485 3121 5530 et
3167 5475 3388 5528 comedi.
3440 5470 3654 5534 Mulier,

2087 5569 2284 5636 inquit,
2315 5582 2478 5637 quam
2512 5567 2643 5620 mihi
2673 5567 2881 5620 sociam
2919 5565 3120 5630 fecisti,
3159 5579 3222 5618 ea
3269 5562 3398 5616 mihi
3431 5559 3659 5616 medita-

2071 5728 2116 5762 ’⁷
2153 5729 2330 5785 Galat.
2367 5747 2437 5796 tv,
2470 5730 2521 5783 4.
2597 5731 2641 5763 ³⁸
2683 5727 2917 5783 Baruch.
2959 5741 3039 5790 ut,
3069 5724 3158 5779 38.
