4086 6472
332 366 455 429 ὧῡὶ

1626 365 1855 427 MOSIS
1896 366 2045 427 ΒΔΗ
2087 356 2335 430 CEPIIA

3499 357 3608 423 592

352 477 528 532 tionis
558 478 706 532 tle-'te
738 474 1099 533 instituendas
1125 489 1296 532 causa
1342 475 1462 531 fuit.
1493 475 1763 532 Nimirum
1808 475 1940 532 facit
1964 478 2016 539 Α
2042 479 2095 531 in
2125 473 2410 543 Trinitate,
2452 488 2507 534 et
2549 478 2873 533 Trinitatem
2922 475 2975 531 itt
3017 476 3270 540 unitate;
3305 482 3359 527 ct
3388 481 3447 526 ttt
3482 471 3608 527 Ven.

353 568 528 622 Adam
579 565 727 637 quod
785 568 1046 624 mortales
1087 581 1277 623 omnes
1329 567 1507 624 solent
1554 584 1571 624 :
1620 567 1667 623 si
1716 569 1937 638 quando

350 659 508 714 enim
545 651 735 715 errant
760 667 924 729 atque
953 667 1180 729 peccant
1210 658 1688 726 bomines,eausas
1708 657 1935 728 quasvis

337 747 637 819 -arripiunt
662 747 857 818 quibus
894 762 927 801 a
972 746 1131 818 culpa
1157 762 1216 803 se
1238 755 1293 803 et
1318 762 1478 818 pruna
1518 747 1814 803 vindicent.
1856 745 1930 800 Et

344 839 441 892 ait
484 838 738 892 Dominus
770 838 839 893 ad
862 846 1149 906 serpentem
1172 854 1191 893 .'
1232 838 1373 904 Quia
1406 839 1579 908 fecisti
1623 840 1743 905 hoc,
1770 838 1940 892 male-

336 931 538 984 »dictus
577 946 631 985 es
675 946 788 1001 pra:
820 931 973 984 omni
1044 930 1291 995 animali,
1334 939 1384 985 et
1432 929 1598 985 bestia
1636 931 1772 1000 agri.
1826 930 1941 985 Hoc

367 1020 499 1076 dicit
550 1020 617 1075 ad
675 1019 934 1078 Satanam
1002 1018 1268 1076 Dominus
1321 1036 1335 1074 :
1386 1019 1515 1090 quia
1561 1019 1833 1075 Adamum
1887 1028 1942 1074 et

347 1127 595 1166 uxorem
619 1112 791 1181 ipsius
823 1110 1109 1174 seduxisti,
1163 1111 1412 1180 jumenta
1458 1111 1678 1181 quidem
1710 1111 1940 1166 bestias-

342 1217 477 1277 ;que
523 1215 745 1259 caeteras
794 1202 1063 1273 dignabor
1106 1217 1226 1258 mea
1250 1217 1406 1269 cura,
1441 1203 1491 1257 id
1534 1209 1642 1268 est,
1673 1201 1940 1257 sulIiciam

368 1294 503 1362 ipsis
539 1294 721 1348 cibum
765 1294 819 1348 in
862 1303 1108 1363 tempore
1139 1310 1152 1347 :
1195 1302 1252 1348 at
1280 1302 1338 1348 ιιι
1366 1307 1486 1347 mea
1519 1308 1648 1348 cura
1685 1294 1944 1362 indignus

350 1383 681 1441 habeberis.
711 1381 779 1436 Et
806 1398 962 1451 super
992 1391 1216 1438 ventrem
1246 1392 1402 1436 tuum
1424 1382 1705 1452 gradieris.
1743 1381 1942 1438 Extor-

371 1474 447 1528 ris
475 1474 621 1530 enim
667 1489 698 1529 a
731 1475 941 1530 ctelesti
979 1474 1279 1545 republica,
1309 1487 1465 1544 repes
1505 1474 1660 1530 humi
1695 1483 1859 1544 atque
1887 1473 1940 1528 in

320 1634 323 1637 _
371 1568 603 1622 terrenis
644 1568 813 1623 rebus
873 1567 1231 1622 volutaberis.
1280 1564 1349 1620 Et
1402 1565 1665 1634 pulverem
1709 1566 1942 1621 comedes

350 1658 613 1713 «amnibus
639 1658 822 1713 diebus
852 1661 969 1713 vita:
999 1668 1105 1712 tute
1134 1676 1150 1712 :
1185 1659 1434 1714 homines
1459 1660 1640 1728 perire
1665 1656 1834 1729 (quod
1860 1665 1946 1713 est

2042 568 2172 624 bum
2204 569 2323 636 Dei,
2366 571 2496 625 olim
2531 585 2752 625 carnem
2793 583 2917 624 esse
2957 576 3367 635 assumpturum
3416 574 3613 617 nostra.-

2041 659 2233 715 salutis
2276 664 2338 715 'et
2379 659 2766 730 redemptionis
2817 658 2994 730 gratia
3025 699 3040 724 ,
3081 657 3466 727 prospiceret:
3507 666 3619 706 non

2042 752 2197 815 satis,
2232 751 2485 821 inquam,
2513 752 2749 819 pollebat
2777 749 2976 805 deinde
3005 763 3179 818 genus
3210 748 3513 800 humanum
3551 743 3621 798 ad

2048 842 2369 912 huiusmodi
2400 843 2666 898 sublimes
2696 840 3079 897 meditationes
3109 837 3466 896 exercendas.
3494 843 3621 888 tan-

2043 935 2216 1005 tisper
2246 933 2376 988 dum
2412 934 2677 1004 ﬂagitium
2705 935 2837 989 illud
2862 942 2918 988 et
2952 933 3201 1003 pravitas
3232 944 3330 1000 per
3356 927 3621 982 Satanam

2044 1028 2150 1082 sub
2212 1027 2486 1097 serpentis
2527 1028 2708 1095 specie
2760 1025 2892 1094 (quo
2948 1023 3207 1079 utebatur
3263 1036 3359 1075 ceu
3412 1020 3625 1074 instru-

2044 1119 2251 1183 mento)
2288 1118 2488 1187 injecta
2518 1117 2833 1172 delerentur
2875 1128 3040 1185 atque
3087 1113 3435 1168 abolerentur
3472 1111 3622 1179 peni-

2045 1220 2155 1266 tus.
2193 1210 2263 1264 Et
2296 1211 2438 1264 misit
2466 1211 2641 1280 ipsum
2674 1209 2931 1262 Dominus
2965 1205 3102 1260 Deus
3130 1196 3279 1258 extra
3315 1202 3629 1273 paradisum

2048 1300 2219 1365 Eden,
2248 1309 2306 1355 ut
2344 1301 2534 1356 coleret
2563 1312 2782 1359 terram.
2814 1315 2878 1354 ea:
2906 1314 3011 1368 qua
3055 1304 3294 1364 sumptus
3324 1294 3520 1363 fuerat.
3562 1289 3631 1344 Et

2045 1394 2341 1449 eliminavit
2388 1395 2564 1463 ipsum
2613 1392 2868 1445 Dominus
2907 1390 3064 1442 Deus.
3107 1387 3335 1455 Propter
3364 1383 3624 1437 violatam

2046 1486 2216 1557 legem
2252 1484 2510 1539 multavit
2533 1482 2801 1537 Adamum
2833 1480 2976 1535 Deus
3031 1477 3351 1533 felicissima
3397 1475 3493 1553 illa
3527 1474 3635 1527 vita

2047 1579 2235 1648 inqua
2301 1586 2535 1632 mentem
2597 1590 2752 1632 suam
2801 1574 2891 1628 ille
2940 1586 3155 1626 omnem
3201 1576 3468 1638 perpetua
3502 1581 3635 1620 con—

2055 1670 2407 1740 templatione
2438 1682 2620 1723 rerum
2651 1675 2708 1721 et
2730 1681 2853 1735 qua!
2880 1661 3098 1718 videndi
3138 1658 3324 1716 sensui
3358 1656 3553 1727 subjici
3580 1666 3636 1711 et

373 1750 537 1805 veluti
568 1749 623 1805 in
654 1750 932 1821 pulverem
968 1749 1195 1818 reverti)
1232 1759 1287 1805 tu
1322 1750 1422 1804 tibi
1452 1763 1549 1818 pro
1577 1762 1703 1804 esca
1729 1756 1786 1802 et
1816 1749 1943 1803 cibo

376 1840 539 1862 .1-----
591 1849 808 1862 ---Α-λ..
833 1855 1103 1862 ---..__.---_.
1131 1848 1281 1862 an“...
1315 1840 1571 1862 -.Ι-.,...----
1596 1839 1715 1862 211..-
1743 1839 1922 1862 -AL.--

2067 1774 2175 1829 tua;
2202 1774 2311 1814 non
2335 1757 2531 1825 subjici
2568 1763 2833 1826 possunt,
2867 1762 2997 1807 ante
3037 1747 3425 1820 pertractabat.
3457 1748 3636 1814 Atque

2067 1856 2068 1859 η
2426 1849 2461 1862 .-
2594 1847 2625 1862 κ.
2780 1861 2785 1862 ,
3001 1838 3280 1862 _._.-12L--:.
3314 1854 3329 1862 -
3372 1838 3442 1862 ,ει
3494 1839 3636 1862 -_:...

354 1840 564 1905 «luces,
591 1849 808 1910 propter
831 1855 1108 1896 summum
1131 1848 1286 1896 tuum
1313 1840 1574 1894 adversus
1596 1839 1718 1895 illos
1739 1839 1947 1894 odium.

378 1929 448 1985 Et
479 1931 787 1986 inimicitias
819 1947 1009 1997 ponam
1039 1931 1179 1986 inter
1223 1941 1293 1991 te.
1326 1940 1378 1985 et
1408 1930 1701 1995 mulierem,
1724 1939 1776 1984 et
1811 1929 1951 1983 inter

367 2039 551 2077 semen
606 2030 754 2076 tuum
806 2031 856 2077 et
912 2037 1089 2077 semen
1156 2020 1324 2076 illius.
1377 2019 1435 2075 id
1479 2022 1708 2087 odium,
1752 2018 1951 2088 inquit,

372 2129 486 2184 quo
526 2123 582 2168 tu
614 2115 839 2184 gaudes,
868 2128 1064 2184 ponam
1096 2127 1199 2183 ego
1231 2114 1373 2167 inter
1403 2120 1456 2168 te
1484 2119 1538 2167 et
1565 2112 1711 2176 illos,
1734 2119 1789 2166 et
1814 2111 1953 2167 inter

378 2220 566 2261 semen
636 2206 940 2261 humanum
1005 2213 1171 2275 atque
1220 2204 1448 2261 rebelles
1504 2204 1784 2263 daemonas
1834 2214 1957 2259 tuos

374 2296 582 2351 socios.
629 2294 697 2351 Et
724 2296 839 2367 ipsa
866 2303 1094 2351 conteret
1141 2306 1298 2365 caput
1330 2304 1500 2361 tuum,
1557 2296 1661 2350 hoc
1693 2302 1797 2358 est,
1829 2293 1957 2348 irri-

379 2394 498 2440 tum
529 2384 691 2440 faciet
724 2394 939 2441 tuarum
972 2387 1297 2441 astutiarum
1335 2386 1574 2441 initium.
1630 2383 1698 2439 Et
1730 2394 1787 2440 tu
1824 2383 1959 2439 illud

381 2478 540 2546 feries
583 2479 638 2532 in
677 2478 823 2532 calre
854 2478 1045 2548 ipsius,
1109 2478 1212 2532 hoc
1243 2486 1347 2544 est,
1401 2490 1456 2532 tu
1499 2478 1707 2545 peccati
1764 2476 1959 2532 vulnus

381 2569 486 2637 ipsi
532 2568 770 2639 indiges,
794 2580 851 2624 ut
876 2569 1102 2639 perdere
1132 2568 1310 2638 possis
1342 2568 1670 2624 in'extremo
1692 2567 1961 2638 ejuslvitat

381 2671 531 2715 actu.
583 2663 655 2715 Et
693 2659 761 2714 ad
793 2661 1067 2717 mulierem
1097 2660 1174 2713 ait
1210 2675 1229 2715 :
1266 2657 1676 2729 Multiplicando
1703 2660 1964 2731 multipli-

380 2750 514 2805 cabo
542 2751 751 2807 dolores
795 2763 910 2807 tuos
938 2760 988 2805 et
1022 2760 1298 2820 conceptus
1341 2759 1480 2806 tuos.
1516 2750 1641 2806 llaec
1669 2754 1960 2824 mysticum

384 2856 606 2898 sensum
644 2860 755 2900 non
781 2845 1115 2915 admittunt;
1147 2858 1406 2906 cmter’um
1442 2867 1554 2907 rem
1592 2851 1762 2921 ipsam
1795 2868 1962 2923 supra

384 2938 858 3003 pertractavimus.
895 2939 961 2994 Et
1018 2942 1139 3012 fecit
1186 2942 1445 2998 Dominus
1474 2943 1616 2998 Deus
1660 2944 1886 3010 Adamn,
1915 2953 1966 3000 et

366 3026 541 3079 κακονὲ
571 3026 736 3096 ipsius
760 3031 966 3086 tunicas
1000 3033 1268 3102 pelliceas.
1313 3045 1362 3088 et
1396 3036 1602 3090 vestivit
1632 3036 1795 3106 ipsos.
1826 3036 1963 3092 Cum

2054 1851 2279 1921 insuper
2316 1866 2345 1903 a
2389 1849 2515 1903 vitae
2555 1847 2722 1903 etiam
2768 1845 2965 1899 arbore
3001 1838 3280 1911 prohibuit
3314 1854 3331 1905 ;
3370 1838 3446 1892 ait
3492 1839 3640 1892 enim

2057 1941 2237 1997 Moses
2272 1958 2285 1995 :
2330 1940 2398 1994 Et
2422 1940 2623 1995 versari
2658 1938 2780 2007 fecit
2807 1937 2878 1991 ad
2909 1936 3163 1989 orientem
3187 1929 3433 2003 paradisi
3464 1927 3642 1993 Eden,

2053 2034 2227 2100 ipsum
2254 2030 2457 2086 Clterub
2481 2041 2527 2085 et
2557 2031 2723 2084 aciem
2744 2026 2908 2099 gladii
2937 2024 3225 2089 versatilis,
3249 2022 3318 2076 ad
3348 2021 3649 2076 custodien-
3714 2076 3721 2082 _

2054 2125 2185 2179 dum
2214 2126 2314 2179 iter
2362 2123 2569 2177 arboris
2597 2125 2736 2177 vita.
2782 2120 2864 2175 Ad
2891 2116 3215 2173 orientalem
3239 2121 3448 2184 partem
3480 2125 3645 2181 para-

2056 2214 2160 2270 disi
2216 2215 2414 2276 solam.
2462 2228 2572 2268 non
2621 2212 2785 2266 etiam
2833 2208 2901 2263 ad
2955 2205 3197 2274 reliquas
3249 2201 3513 2258 collocata
3564 2206 3650 2254 est

2057 2304 2327 2365 custodia.
2356 2303 2486 2374 quia
2534 2301 2781 2358 Orientis
2836 2300 2986 2369 regio
3043 2294 3352 2366 praestituta
3412 2297 3530 2346 erat
3589 2297 3653 2344 ut

2056 2403 2205 2452 esset
2256 2395 2385 2467 olim
2428 2396 2582 2449 locus
2623 2391 2892 2448 adorandi
2938 2387 3056 2443 Dei.
3115 2387 3289 2439 Porro
3336 2381 3561 2439 Cherub
3593 2390 3650 2435 et

2059 2486 2273 2558 gladius
2297 2487 2488 2556 igneus
2518 2484 2923 2552 terriﬁcusque,
2976 2476 3239 2534 custodiae
3269 2488 3435 2530 causa
3485 2470 3651 2541 positi

2063 2586 2194 2635 sunt
2241 2578 2385 2633 inter
2433 2577 2564 2632 Adae
2596 2573 2800 2647 ingenii
2852 2579 3071 2640 captum
3131 2575 3186 2623 et
3234 2567 3408 2635 ipsam
3461 2566 3651 2619 sacro-

2062 2666 2697 2724 sanctam.Tt-initatem
2744 2681 2760 2721 :
2821 2678 2891 2718 ne
2942 2658 3151 2715 scilicet
3199 2670 3356 2711 meus
3407 2655 3653 2708 humana

2063 2760 2226 2816 altius
2255 2755 2957 2829 curiosiusqueinquireret
2991 2751 3182 2806 intres
3217 2760 3482 2819 personas
3503 2744 3657 2799 Divi-

2069 2852 2261 2919 nit.atis
2309 2866 2432 2921 quae
2471 2863 2701 2921 prorsus
2739 2855 2824 2902 est
2854 2837 3450 2912 incomprehensibilis.
3509 2835 3657 2889 Sunt

2067 2956 2251 3000 autem
2288 2960 2413 3015 quae
2447 2944 2535 2999 hic
2560 2957 2590 2997 a
2620 2940 2772 2997 Moss
2799 2938 3143 2999 scribuntur,
3175 2947 3277 3004 pro
3299 2929 3506 2985 nostris
3541 2941 3661 2981 mo-

2070 3037 2230 3096 ribus
2251 3038 2424 3098 dicta.
2463 3036 2572 3093 Nos
2615 3037 2788 3092 enim.
2839 3030 2886 3086 si
2917 3043 3083 3099 quam
3110 3041 3226 3081 rem
3256 3026 3465 3083 salvam
3501 3021 3663 3091 cupi-

386 3118 586 3188 inquit,
646 3121 899 3193 adempta
949 3125 1057 3182 illis
1111 3136 1257 3183 esset
1306 3127 1414 3182 vita
1464 3126 1556 3182 illa
1612 3128 1958 3198 spiritualis:

2081 3152 2229 3200 mus,
2256 3134 2307 3189 ei
2339 3129 2624 3187 custodem
2658 3124 2981 3189 sollicitum,
3016 3119 3294 3183 sedulum,
3335 3116 3659 3187 prudentem

365 3208 569 3278 abeata,
597 3213 888 3285 gaudiique
918 3216 1097 3287 plena,
1131 3228 1352 3290 propter
1376 3233 1478 3275 sua
1509 3219 1754 3289 ipsorum
1783 3228 1967 3275 errata

374 3302 599 3360 .inducti
635 3315 766 3362 sunt
802 3307 854 3363 in
892 3309 1056 3365 vitam
1099 3310 1241 3366 hanc
1284 3324 1642 3381 corpoream;
1697 3328 1972 3367 aerumno-

367 3408 510 3450 ‘sam
550 3403 717 3465 atque
748 3397 926 3454 anxiis
958 3400 1121 3456 rebus
1148 3400 1431 3457 refertam.
1463 3402 1733 3457 Caeterum
1767 3402 1972 3458 tunicis

369 3486 659 3555 «pelliceis,
691 3492 930 3545 maxima
964 3491 1088 3547 vitae
1118 3494 1475 3548 commutatio
1519 3508 1641 3563 quae
1674 3493 1807 3563 ipsis
1847 3494 1967 3548 vio-

377 3577 505 3633 data
531 3578 650 3651 lege
687 3580 909 3645 accidit,
944 3581 1307 3652 signiticatur.
1338 3582 1568 3653 Propter
1593 3596 1692 3638 sua
1725 3583 1970 3652 ipsorum

393 3672 561 3743 igitur
589 3682 811 3744 peccata
840 3690 934 3732 eas
968 3691 1160 3747 poenas
1207 3677 1496 3744 dederunt,
1540 3686 1598 3733 ut
1626 3677 1967 3748 spiritualem

375 3780 520 3822 ~cum
549 3781 832 3838 corporea,
871 3768 974 3824 hoc
1004 3776 1106 3836 est,
1137 3768 1507 3825 felicissimam
1556 3784 1681 3825 cum
1711 3767 1974 3825 infeliciso

397 3858 539 3914 sima
572 3859 680 3915 vita
713 3869 1016 3917 mutarent.
1044 3860 1112 3917 Et
1141 3863 1219 3918 ait
1243 3845 1511 3917 Dominus
1538 3877 1554 3917 :
1578 3860 1661 3915 En
1690 3859 1859 3915 Adam
1886 3862 1979 3929 fa-

380 3958 513 4003 ustus
545 3959 620 4005 est
645 3950 820 4021 qualis
856 3967 994 4007 unus
1020 3960 1263 4008 nostrum
1292 3955 1346 4008 in
1377 3953 1731 4025 cognoscendo
1764 3951 1899 4007 bono
1929 3960 1980 4006 et

399 4040 564 4096 malo.
619 4039 748 4098 Haec
790 4058 956 4114 supra
1015 4045 1232 4101 abunde
1278 4046 1698 4116 explicavimus.
1748 4043 1869 4099 Iam
1918 4058 1983 4099 ne

384 4133 646 4201 [ortassis
675 4135 925 4190 extendat
967 4150 1185 4191 manum
1218 4153 1396 4201 suam,
1421 4146 1470 4192 et
1499 4145 1678 4190 sumat
1706 4134 1772 4189 de
1797 4133 1984 4190 arbore

400 4227 544 4290 vita,
573 4235 624 4281 et
650 4227 794 4293 edat,
830 4244 894 4281 ac
934 4231 1071 4283 vivat
1097 4230 1154 4283 in
1184 4237 1461 4284 wternum.
1484 4227 1845 4299 Posteaquam
1884 4226 1984 4282 ad-

402 4317 581 4371 misso
611 4316 819 4388 ﬂagitio
866 4320 1160 4376 excidisset
1203 4336 1378 4390 genus
1423 4320 1723 4375 humanum
1774 4320 1869 4374 illo
1898 4334 1986 4376 se-

392 4409 644 4465 cundum
681 4412 931 4467 animum
964 4412 1181 4469 vivendi
1223 4413 1390 4469 modo
1434 4412 1640 4483 illaque
1686 4412 1794 4467 vita
1826 4412 1984 4469 beata

2079 3227 2410 3301 praeﬁcimus
2451 3218 2680 3276 terribili
2731 3216 2911 3284 aliqua
2953 3214 3141 3268 lancea
3199 3209 3472 3265 munitum
3502 3248 3517 3273 ,
3554 3204 3649 3273 qui

2076 3306 2264 3390 procul
2327 3320 2510 3368 arceat
2590 3308 2931 3365 accedentes.
2994 3304 3113 3359 Huc
3171 3301 3420 3356 animum
3476 3303 3659 3350 atten-

2077 3412 2208 3467 dant
2253 3410 2500 3477 quoquot
2551 3409 2647 3456 aut
2696 3416 2802 3456 non
2849 3394 3189 3466 satistﬂrmi
3234 3407 3360 3449 cum
3408 3391 3536 3451 sint.
3569 3393 3663 3441 aut

2081 3514 2189 3555 non
2250 3496 2385 3554 satis
2451 3490 2737 3548 exercitati
2792 3500 2956 3559 atque
3004 3484 3227 3550 eruditi,
3291 3491 3387 3537 aut
3427 3477 3667 3546 denique

2083 3592 2296 3649 nullum
2324 3587 2545 3643 virtutis
2571 3599 2696 3640 cum
2731 3582 2968 3637 habeant
3000 3592 3160 3635 usum
3201 3598 3214 3632 :
3251 3573 3455 3630 audent
3480 3581 3661 3625 tamen

2084 3699 2182 3756 per
2209 3681 2572 3738 temeritatem
2606 3675 2787 3732 subito
2828 3673 3085 3744 prosilire
3118 3671 3172 3724 in
3211 3666 3448 3756 medium
3487 3672 3658 3756 atque

2088 3752 2266 3845 loqui,
2330 3772 2753 3841 disceptareque
2804 3766 2872 3821 de
2960 3767 3329 3819 sacrosanctae
3374 3752 3666 3835 Tripitatis

2090 3866 2344 3941 personis
2385 3881 2399 3918 :
2440 3872 2495 3919 et
2538 3862 2625 3917 his
2674 3858 2840 3914 Mosis
2863 3856 3027 3913 dictis
3050 3861 3259 3909 tantam
3301 3865 3453 3941 suam
3489 3846 3667 3941 aud-a-

2088 3937 2233 4017 ciam
2287 3955 2571 4013 refrenare
2617 3953 2854 4012 discant,
2911 3957 3076 4019 atque
3131 3947 3206 3999 ita
3240 3957 3300 4000 se
3339 3943 3393 3996 in
3429 3940 3531 3995 hac
3556 3937 3667 3992 vita

2086 4055 2390 4119 expurgent
2434 4042 2801 4101 observandis
2841 4038 2935 4096 Dei
2985 4035 3161 4107 jussis
3192 4042 3253 4088 ut
3282 4033 3338 4087 in
3366 4032 3537 4086 altera
3570 4029 3665 4084 illa

2091 4140 2472 4198 iuturisaaculi
2525 4137 2800 4193 donentur
2856 4129 3167 4201 cognitione
3209 4124 3674 4190 meditationeque

2092 4248 2274 4289 rerum
2329 4246 2361 4286 a
2439 4229 2551 4284 Deo
2605 4226 2953 4282 conditarum
3038 4230 3201 4288 atque
3261 4217 3438 4287 ipsius
3508 4214 3669 4269 etiam

2091 4336 2322 4380 summae
2352 4317 2662 4382 Trinitatis,
2701 4323 2972 4385 quatenus
3020 4318 3166 4366 certe
3188 4307 3330 4362 hanc
3358 4320 3446 4360 res
3480 4309 3672 4359 creata:

2092 4422 2259 4484 atque
2289 4418 2535 4466 externa:
2565 4421 2663 4478 per
2682 4406 2938 4461 virtutem
2973 4398 3364 4470 omnipotentis
3396 4395 3491 4449 Dei
3521 4405 3673 4484 eom-

393 4497 761 4574 et'angelica,
814 4504 1097 4578 indignum
1146 4506 1261 4577 jam
1309 4481 1562 4563 evaserat
1601 4516 1765 4578 atque
1819 4507 1984 4563 etiam
2017 4489 2061 4545 ί)
2092 4481 2428 4574 prehendere
2478 4504 2754 4571 poterunt.
2791 4493 2881 4550 Et»
2912 4492 3002 4550 hic
3041 4492 3166 4547 linis
3238 4497 3356 4544 esto
3406 4481 3672 4542 sermonis

408 4591 707 4652 invalidum
750 4603 814 4651 ut
853 4597 1188 4668 cogitatione
1220 4608 1614 4669 assequentur
1641 4606 1989 4669 agnosceret-

396 4699 518 4753 que
550 4700 721 4742 unum
754 4685 924 4745 Deum
970 4698 1027 4746 et
1067 4700 1180 4748 tres
1205 4704 1489 4763 personas,
1526 4701 1690 4763 atque
1721 4692 1985 4747 unitatem

412 4840 2289 4872 *δῇ-Μ

2097 4594 2348 4651 secundi.

2292 4831 3613 4867 _________________._________._

1612 4969 1900 5060 rans
1989 4968 2480 5117 TER'I’lA.

972 5281 1402 5370 PROOEMIUM.

2106 5296 2175 5337 ac
2221 5278 2384 5336 simul
2418 5272 2711 5333 nonnullas
2758 5270 3095 5341 quaestiones
3138 5282 3171 5324 a
3209 5264 3539 5338 quibusdam
3564 5254 3688 5316 aliis

488 5394 788 5466 Superiora
853 5395 1102 5465 proxima
1157 5396 1409 5452 oratione
1437 5434 1453 5461 ,
1507 5409 1542 5453 ο
1596 5393 1686 5466 pie
1718 5402 1776 5450 et
1834 5406 1964 5449 vene

2102 5372 2237 5430 viris
2268 5370 2526 5443 quaesitas
2555 5365 2971 5440 explicabimus.

421 5488 591 5544 rande
654 5487 822 5544 frater
868 5494 1113 5555 noster,
1148 5486 1371 5544 domine
1425 5483 1622 5557 ignati,
1668 5485 1883 5555 egimus
1932 5484 2002 5542 de

422 5580 681 5651 paradiso
723 5590 778 5636 et
830 5580 1124 5643 arboribus
1165 5580 1435 5652 mysticis,
1497 5593 1598 5649 pro
1648 5579 1792 5634 serie
1830 5587 1998 5648 atque

425 5680 615 5726 tenore
647 5671 942 5742 Scriptura:
992 5690 1008 5729 :
1044 5682 1099 5728 at
1150 5674 1408 5743 praesenti
1442 5687 1694 5729 sermone
1721 5672 2004 5729 dissolve-

430 5772 578 5821 mtw.
624 5759 736 5816 Deo
778 5778 1004 5818 manum
1051 5764 1213 5820 nobis
1238 5764 1577 5835 porrigente,
1623 5748 2004 5820 haereticorum

431 5845 736 5905 calumnias
773 5866 914 5920 quas
948 5854 1239 5912 adversum
1276 5864 1464 5912 nostra
1512 5856 1656 5912 dicta
1694 5855 2009 5925 proferunt;

2734 5478 2963 5540 CAPUT
3000 5477 3045 5532 ι.

2109 5604 2308 5660 Contra
2343 5601 2640 5658 calumnias
2683 5596 2915 5653 Simonis
2948 5593 3130 5661 Magi,
3161 5595 3229 5645 de
3259 5591 3422 5660 primi
3453 5591 3687 5656 parentis

2845 5681 2901 5718 cc
2940 5673 3012 5717 to.

2181 5763 2383 5832 Olrjicit
2426 5761 2616 5817 Simon
2663 5681 2873 5829 Magftes,
2903 5682 3177 5825 ainquiens
3212 5768 3234 5823 p:
3275 5750 3418 5806 Deus
3464 5745 3555 5801 ille
3588 5742 3686 5832 qui

2116 5831 2386 5912 Adamum
2417 5850 2683 5919 condidit,
2716 5847 2988 5918 impotens
3021 5849 3143 5901 erat
3172 5849 3336 5912 atque
3367 5831 3684 5894 imbecillis:
