4086 6410
396 425 503 490 593

1527 431 1623 490 DE
1665 430 2060 492 PARADISO.
2103 455 2167 470 --
2206 430 2401 493 PARS
2444 433 2565 494 ΠΙ.

3554 436 3668 502 5Ῡῦ

396 556 572 611 neque
622 543 768 597 enim
804 543 1027 623 efficere
1076 545 1250 615 potuit
1298 554 1355 602 ut
1407 558 1654 603 maneret
1699 549 2043 614 Adamus,A
2138 549 2195 603 Si
2254 560 2560 620 propterea,
2606 548 2795 604 Simon
2874 550 3051 620 Mage,
3127 553 3296 609 Deum
3354 556 3651 612 invalidum
3714 608 3719 615 _

393 631 610 702 qualem
659 647 779 687 esse
810 632 1042 690 volebat.
1075 636 1153 689 Ad
1195 636 1310 691 haec
1362 638 1773 706 respondemus,
1814 653 1969 692 man-

395 723 537 778 sisset
601 723 870 778 Adamum
922 727 1134 794 qualem
1187 727 1364 796 ipsum
1401 736 1454 781 et
1491 742 1614 783 esse
1651 739 1705 782 et
1752 744 1972 783 manere

394 813 611 867 volebat
652 812 793 867 Deus
829 817 1081 871 conditor
1128 817 1460 888 cﬂ'ectorque
1508 819 1718 888 ipsius;
1756 820 1972 875 volebat

396 907 541 962 enim
594 906 737 962 Deus
783 909 957 977 ipsmn
1008 910 1213 978 pollere
1262 919 1457 979 suopte
1501 913 1761 979 arbitrio,
1809 920 1971 983 atque

400 999 629 1053 liberum
671 1013 816 1061 esse,
852 1016 956 1054 non
994 1012 1173 1055 autem
1215 1014 1465 1057 naturam
1504 1004 1700 1058 habere
1735 1002 1970 1058 vinctam

394 1099 451 1145 et
474 1091 789 1158 obnoxiam,
815 1092 1029 1161 qualem
1064 1092 1263 1147 habent
1295 1094 1451 1148 bruta
1486 1095 1785 1149 animantia
1813 1104 1867 1149 et
1892 1108 1971 1149 ea:

394 1196 486 1236 res
524 1197 645 1250 quae
683 1182 878 1237 anima;
923 1193 1173 1252 expertes
1222 1192 1371 1239 sunt.
1422 1185 1586 1254 Atqui
1640 1185 1886 1254 profecto
1923 1184 1969 1239 si

396 1271 664 1326 voluisset
719 1272 859 1327 Deus
912 1272 1118 1326 Adamo
1167 1272 1415 1327 liberum!
1448 1289 1570 1328 esse
1620 1290 1778 1328 suum
1821 1274 1971 1328 arbi-

397 1362 586 1426 trium,
624 1362 711 1417 hic
738 1378 869 1418 vero
901 1378 1007 1417 non
1037 1363 1363 1420 obtinuisset
1390 1365 1677 1419 arbitrium
1716 1366 1967 1430 liberum,

397 1466 573 1522 neque
622 1448 668 1505 is
718 1449 913 1506 fuisset
964 1466 1123 1521 quem
1172 1467 1296 1508 esse
1344 1453 1559 1507 Volebat
1605 1453 1726 1521 ejus
1776 1469 1971 1522 parens

395 1540 560 1608 Deus,
607 1542 702 1597 sed
746 1557 972 1610 prorsus
1022 1540 1185 1605 alius,
1216 1557 1281 1599 ac
1329 1551 1442 1597 tum
1491 1544 1709 1599 demum
1748 1545 1837 1600 isti
1874 1561 1969 1600 ca-

393 1635 615 1689 lumniae
667 1634 819 1689 locus
869 1634 1083 1688 fuisset.
1141 1634 1243 1690 Sed
1301 1636 1470 1690 instat
1519 1634 1706 1691 Simon
1764 1656 1776 1691 :
1826 1637 1971 1692 Deus

398 1727 619 1781 volebat
647 1742 714 1780 ne
731 1726 913 1780 ederet
947 1727 1189 1783 Adamus
1216 1728 1281 1782 de
1311 1727 1398 1782 illa
1430 1728 1662 1793 arbore;
1691 1730 1811 1797 atgis
1837 1729 1970 1797 edit,

397 1834 502 1873 non
548 1833 678 1885 ergo
729 1818 931 1873 mansit
978 1818 1194 1887 qualem
1254 1834 1478 1874 manere
1527 1818 1743 1873 volebat
1788 1820 1967 1888 Deus;

398 1911 684 1965 coniicitur
717 1926 845 1980 ergo
879 1926 1070 1979 parum
1112 1919 1383 1980 potentem
1420 1911 1592 1966 fuisse
1636 1911 1768 1966 Adae
1807 1914 1972 1967 Crea-

403 2012 591 2058 torem.
642 2003 755 2077 lmo
807 2017 935 2057 vero
968 2003 1019 2057 id
1065 2003 1241 2070 ipsum
1288 2004 1433 2073 quod
1483 2004 1595 2058 edit
1641 2005 1708 2058 de
1754 2006 1968 2071 arbore,

314 2112 324 2120 ·
396 2105 721 2161 argumento
755 2103 839 2150 est
875 2094 1144 2149 mansisse
1175 2095 1392 2165 qualem
1428 2095 1644 2151 volebat
1677 2094 1821 2153 Deus
1851 2112 1971 2152 ma-

394 2202 525 2241 nere
564 2204 577 2240 :
621 2202 683 2241 ea
736 2188 882 2240 enim
935 2195 1055 2240 erat
1107 2187 1198 2241 Dei
1251 2188 1524 2249 voluntas,
1574 2198 1633 2241 ut
1677 2196 1969 2253 constaret,

392 2278 662 2332 Adamum
708 2292 829 2333 esse
876 2276 1108 2332 liberum
1157 2286 1320 2347 atque
1364 2294 1486 2333 cum
1526 2279 1698 2334 libero
1745 2280 1971 2335 arbitrio

396 2369 723 2435 conditum;
764 2368 924 2438 idque
957 2379 1107 2424 certo
1151 2369 1224 2424 ita
1261 2385 1319 2424 se
1352 2370 1551 2426 habere
1591 2372 1714 2425 inde
1746 2372 1971 2441 potissi-

395 2476 544 2515 mum
595 2461 721 2517 sciri
776 2460 954 2531 potuit
1000 2461 1144 2531 quod
1194 2471 1479 2532 appareret
1533 2463 1586 2516 in
1627 2464 1799 2533 ipsius
1847 2478 1968 2518 esse

392 2554 627 2622 positum
677 2552 934 2608 facultate
985 2562 1038 2608 et
1088 2553 1252 2608 edere
1297 2563 1350 2608 et
1400 2568 1509 2607 non
1560 2554 1723 2609 edere
1769 2557 1835 2609 de
1879 2555 1968 2609 illa

395 2648 621 2714 arbore;
653 2649 934 2718 legemque
960 2647 1042 2701 vel
1071 2646 1364 2701 observare
1392 2647 1471 2702 vel
1502 2632 1722 2701 violare.
1748 2645 1971 2701 Postea-

394 2752 557 2806 quam
593 2738 753 2806 igitur
798 2736 987 2807 jussus
1032 2737 1305 2793 abstinere
1336 2754 1443 2794 non
1479 2738 1769 2805 abstinuit,
1804 2738 1970 2793 libero

395 2844 622 2899 prorsus
654 2831 882 2885 arbitrio
909 2846 968 2885 se
995 2831 1230 2885 ostendit
1262 2831 1547 2900 praeditum
1577 2847 1719 2897 esse,
1752 2831 1969 2901 qualem

394 2921 568 2989 ipsius
613 2923 831 2977 effector
878 2922 1021 2978 Deus
1059 2931 1112 2978 et
1158 2938 1282 2978 esse
1332 2932 1385 2977 et
1433 2939 1652 2979 manere
1700 2924 1967 2979 voluerat.

396 3011 581 3081 Neque
632 3026 760 3065 vero
808 3012 1050 3067 Adamus
1099 3013 1423 3069 vescebatur
1469 3030 1532 3068 ea
1576 3017 1793 3079 arbore,
1828 3019 1970 3071 vieta

396 3113 762 3175 superataque
792 3106 1104 3163 Conditoris
1134 3105 1229 3161 Dei
1254 3106 1559 3172 voluntate;
1592 3107 1684 3163 sed
1712 3108 1970 3162 Creatorc

2074 655 2238 695 vocas
2269 641 2397 709 quia
2449 642 2715 695 Adamum
2768 657 2890 697 cum
2947 643 3119 699 libero
3156 645 3382 700 arbitrio
3428 650 3653 713 creatit,

2074 749 2185 801 quo
2232 734 2322 787 illc
2372 732 2651 802 praeditus,
2702 735 2964 791 adversus
3010 737 3187 793 edicta
3236 737 3512 795 Creatoris
3566 742 3651 796 sui

2074 821 2256 878 facere
2301 832 2506 892 posset,
2557 832 2618 878 ut
2665 824 2828 879 etiam
2884 825 3045 881 hodie
3094 827 3427 882 imbecillum
3479 829 3649 885 Deum

2073 927 2198 968 esse
2233 915 2406 977 dicas,
2457 930 2681 971 necesse
2728 915 2925 985 fuerit;
2975 919 3142 986 jussit
3183 920 3325 975 enim
3360 936 3429 975 ne
3474 922 3648 976 homio

2074 1006 2235 1069 eidia,
2264 1006 2600 1060 adulteriave
2635 1009 3033 1064 committerent
3079 1012 3359 1079 mortales,
3390 1020 3444 1066 et
3470 1021 3651 1068 tamen

2075 1096 2189 1150 haec
2222 1106 2387 1166 atque
2430 1098 2533 1151 alia
2580 1099 2872 1155 adversum
2913 1102 3084 1173 legem
3123 1104 3215 1159 Dei
3262 1115 3500 1176 patraut.
3549 1106 3652 1162 Sed

2074 1186 2219 1240 enim
2254 1193 2408 1241 utare
2442 1197 2499 1242 ut
2535 1188 2665 1243 libet
2697 1204 2764 1245 eo
2810 1199 2903 1246 tuo
2938 1205 3285 1263 argumento,
3334 1194 3560 1263 Simon;
3598 1206 3667 1251 at»

2075 1275 2293 1330 interim
2326 1276 2499 1347 luobis
2546 1280 2871 1348 respondeto
2904 1297 2932 1354 ξ
2984 1282 3266 1339 volentene
3306 1285 3415 1338 Deo
3448 1285 3661 1339 faciunt

2076 1365 2329 1423 homines
2365 1369 2628 1425 adversus
2668 1370 2838 1441 legem
2889 1372 3080 1442 ipsius,
3111 1390 3179 1429 an
3224 1376 3483 1430 nolente?
3514 1377 3657 1430 Sane

2074 1458 2121 1513 si
2171 1459 2409 1525 nolente,
2447 1476 2786 1531 consequens
2824 1475 2929 1531 est,
2980 1465 3267 1521 imbecillis
3316 1481 3440 1522 eum
3487 1470 3666 1521 ctiam-

2077 1566 2224 1606 nunc
2257 1553 2465 1609 virihus
2496 1569 2650 1620 esse;
2699 1556 2903 1627 quippe
2947 1572 3057 1626 quo
3094 1559 3332 1625 nolente,
3366 1575 3488 1628 quae
3517 1575 3653 1629 prae-

2074 1640 2295 1709 scripsit
2341 1642 2637 1700 violantur.
2680 1643 2776 1699 Sin
2827 1647 3064 1709 volente,
3100 1647 3203 1701 erit
3248 1648 3363 1718 ipse
3407 1649 3507 1702 sibi
3556 1649 3651 1702 ad-

2076 1748 2268 1789 versus
2318 1743 2377 1789 ut
2423 1735 2516 1804 qui
2561 1751 2621 1789 ea
2676 1726 2858 1791 verbis
2887 1737 3111 1806 jusserit
3158 1753 3280 1807 qua:
3327 1740 3505 1808 reipsa
3539 1740 3655 1793 fieri

2078 1826 2338 1889 noluerit,
2370 1836 2426 1882 et
2460 1827 2720 1884 mortales
2769 1829 3037 1883 voluntati
3092 1830 3238 1884 illius
3286 1832 3536 1900 paruisse
3572 1831 3658 1885 di-

2076 1925 2271 1972 centur
2300 1917 2395 1987 qui
2424 1927 2614 1973 contra
2648 1919 2901 1974 mandata
2933 1919 3196 1984 fecerint,
3227 1922 3372 1991 quod
3410 1921 3653 1990 profecto

2073 2007 2371 2077 absurdum
2418 2017 2527 2064 est.
2573 2007 2811 2078 Rursus,
2868 2010 3144 2067 libentene
3191 2027 3260 2067 an
3324 2012 3495 2067 invito
3544 2013 3659 2069 Deo

2073 2109 2294 2171 patrant
2335 2100 2589 2159 homines
2637 2120 2757 2174 quae
2805 2105 3051 2174 improha
3100 2106 3267 2160 sunt?
3318 2107 3373 2160 Si
3430 2106 3653 2169 libente,

2071 2194 2180 2249 erit
2225 2194 2342 2264 ipse
2391 2211 2609 2265 quoque
2662 2197 2942 2267 improbus
2992 2197 3083 2266 qui
3138 2198 3285 2253 vitiis
3320 2199 3667 2266 delectetur;

2074 2286 2158 2340 sin
2206 2285 2400 2351 invito,
2446 2300 2546 2342 cur
2585 2302 2690 2340 non
2742 2287 3009 2356 impedit?
3040 2287 3109 2341 At
3154 2287 3200 2343 si
3242 2302 3498 2343 coercere
3530 2289 3665 2344 illos~

2077 2378 2147 2432 ab
2190 2393 2258 2433 eo
2302 2380 2447 2447 quod
2484 2394 2712 2448 pravum
2760 2388 2869 2446 est,
2913 2379 3249 2450 designando
3294 2394 3401 2435 non
3454 2389 3660 2450 potest,

2073 2469 2357 2525 conticitur
2407 2480 2584 2533 certe,
2636 2468 2843 2523 viribus
2892 2468 3070 2538 ipsum
3122 2470 3287 2523 etiam
3342 2486 3489 2523 nunc
3546 2485 3660 2523 non

2072 2560 2275 2630 pollere
2319 2576 2334 2613 :
2378 2561 2458 2613 vel
2490 2560 2534 2614 si
2580 2575 2687 2613 non
2721 2560 2855 2623 vult,
2891 2575 3105 2614 rursum
3152 2574 3358 2629 pravus
3392 2569 3453 2616 ut
3484 2562 3656 2630 ipsius

2071 2652 2142 2707 sit
2188 2653 2566 2729 consequitur,
2612 2652 2704 2720 qui
2754 2666 2921 2720 prava
2966 2651 3296 2705 dissimulet.
3348 2651 3441 2705 Est
3486 2667 3651 2719 porro

2074 2742 2239 2797 etiam
2275 2742 2425 2795 aliud
2473 2741 2714 2796 Simonis
2750 2740 2885 2805 Magi
2926 2749 3304 2808 argumentum
3344 2756 3451 2809 quo
3485 2739 3657 2794 Deum

2073 2834 2268 2889 Adami
2327 2832 2701 2897 conditorem,
2770 2830 3135 2900 improbitatis
3201 2838 3365 2897 atque
3429 2830 3656 2884 invidias

2075 2940 2350 2981 arcessere
2393 2924 2607 2979 nititur.
2647 2922 2781 2977 Nam
2838 2921 3140 2987 interdixit,
3185 2921 3378 2991 inquit,
3421 2922 3652 2983 Adamn.

2075 3020 2273 3071 arbore
2308 3016 2549 3070 scientia:
2579 3014 2701 3069 boni
2734 3023 2787 3069 et
2817 3013 2967 3076 tuali,
2999 3028 3105 3083 qua
3137 3021 3351 3083 gustata
3389 3014 3659 3079 potuisset

2075 3110 2164 3165 ille
2200 3110 2342 3163 inter
2374 3108 2573 3161 bonum
2619 3106 2933 3175 malumque
2973 3105 3294 3175 dijudicare,
3334 3114 3496 3175 atque
3548 3106 3651 3158 hoc

396 3197 497 3265 ipsi
550 3199 935 3265 permittente,
1008 3205 1068 3251 ut
1114 3196 1260 3266 quod
1328 3198 1534 3252 arbitrii
1581 3198 1701 3267 ejus
1753 3199 2044 3267 libertasc
2078 3203 2289 3271 fugere,
2341 3200 2473 3253 illud
2525 3200 2801 3268 persequi.
2854 3198 2959 3251 Sed
3011 3198 3427 3266 respondemus,
3480 3196 3653 3250 Deum

395 3285 625 3342 dictaret
670 3288 720 3342 id
769 3302 931 3356 porro
983 3297 1187 3357 ageret,
1236 3286 1459 3355 faceret,
1509 3298 1766 3358 patraret.
1817 3289 1965 3342 Prm-

398 3391 566 3445 terea,
612 3378 717 3434 nisi
760 3380 911 3435 liberi
963 3377 1174 3434 arbitrii
1222 3380 1351 3435 Adze
1391 3379 1701 3435 facultatem
1748 3379 1971 3434 rebellio

399 3472 493 3524 illa
545 3471 891 3540 prodidisset,
945 3486 1116 3542 quare
1166 3472 1379 3527 tandem
1420 3472 1651 3541 perspici
1709 3471 1972 3541 potuisset

397 3564 635 3620 maxima
676 3563 989 3635 praestantia
1029 3564 1274 3631 obsequii
1319 3564 1461 3633 quod
1510 3573 1695 3633 postea
1726 3564 1815 3617 iile
1852 3579 1972 3617 am-

398 3658 592 3728 plexus
620 3670 756 3723 erat,
783 3669 838 3712 et
868 3671 963 3727 per
996 3656 1046 3711 id
1081 3656 1358 3712 rediturus
1386 3658 1451 3711 ad
1482 3655 1774 3724 pristinum
1810 3670 1969 3710 suum

399 3748 671 3814 ordinem,
725 3747 1102 3817 gradumque?
1153 3746 1355 3816 quippe
1403 3761 1524 3800 eum
1574 3755 1720 3800 esset
1768 3746 1972 3799 bonum

396 3836 543 3905 quod
581 3836 707 3905 ipse
739 3846 998 3905 patraret,
1035 3850 1139 3889 non
1189 3836 1366 3889 solum
1411 3835 1688 3890 Creatoris
1734 3834 1816 3888 sui
1860 3851 1977 3887 mu-

399 3943 537 3991 nus,
587 3941 775 3982 verum
826 3928 989 3981 etiam
1041 3928 1213 3996 ipsius
1266 3928 1547 3996 proprium
1599 3942 1756 3996 opus.
1808 3926 1976 3981 Porro

399 4022 636 4089 amplius
666 4020 828 4074 etiam
875 4030 1028 4090 urget
1061 4020 1270 4083 Simon,
1300 4021 1486 4090 aitque
1519 4036 1532 4074 :
1568 4020 1793 4075 Volebat
1834 4022 1978 4075 Deus

401 4112 672 4166 Adamum
704 4127 929 4167 manere
979 4114 1032 4167 in
1082 4113 1372 4181 paradiso;
1427 4120 1480 4166 at
1527 4112 1641 4181 ipse
1688 4128 1781 4182 per
1817 4128 1974 4166 suum

401 4202 663 4273 ﬂagitium
715 4203 841 4258 inde
890 4204 1128 4271 excidit;
1179 4214 1298 4259 erat
1345 4220 1477 4273 ergo
1528 4204 1800 4274 impotens
1848 4205 1979 4259 Adae

399 4294 623 4350 effector
670 4293 811 4352 Deus
860 4305 918 4351 ut
957 4296 1049 4366 qui
1099 4310 1199 4365 pro
1242 4311 1340 4351 sua
1391 4297 1672 4351 voluntate
1721 4296 1873 4349 illum
1924 4296 1977 4349 in

402 4386 658 4455 paradiso
708 4387 1334 4458 retiuereuequiverit.
1387 4388 1492 4443 Sed
1587 4387 1980 4458 respondemus

405 4476 599 4545 Deum,
629 4479 721 4533 ubi
766 4479 1031 4547 Adamum
1068 4481 1400 4536 condidisset
1446 4479 1695 4549 atquein
1730 4479 1982 4547 paradiso

2074 3292 2217 3346 haud
2257 3291 2376 3345 ideo
2419 3290 2657 3355 vetuisse
2703 3288 2973 3344 Adamum
3020 3289 3164 3343 vesci
3215 3289 3393 3343 fructu
3442 3287 3659 3341 arboris

2077 3382 2321 3438 scientiae
2367 3397 2434 3435 ne
2481 3381 2683 3436 bonum
2734 3381 3174 3450 amplecteretur,
3222 3379 3529 3451 malumque
3570 3379 3648 3432 vi-

2075 3484 2228 3540 taret,
2276 3484 2333 3529 ut
2367 3474 2733 3528 calumniatur
2787 3474 3018 3538 Simon;
3068 3472 3183 3542 ipsa
3232 3476 3378 3526 enim
3433 3487 3519 3527 res
3569 3471 3659 3524 Si-

2078 3565 2259 3618 monis
2289 3564 2455 3619 verba
2492 3563 2771 3634 redarguit
2797 3563 3090 3626 mendacii,
3124 3578 3249 3616 nam
3293 3564 3405 3617 edit
3436 3563 3659 3631 quidem

2074 3654 2142 3708 de
2180 3657 2377 3710 arbore
2421 3655 2666 3710 scientiae
2700 3655 2941 3710 Adamus
2972 3670 2988 3708 :
3019 3662 3072 3708 et
3104 3655 3232 3723 quid
3267 3655 3493 3717 bonum,
3529 3654 3667 3722 quid;

2076 3747 2279 3801 malum
2312 3756 2477 3810 esset,
2518 3746 2660 3801 facto
2700 3745 2941 3815 periculo
2972 3746 3163 3800 didicit
3197 3761 3213 3798 :
3248 3755 3301 3799 et
3333 3752 3510 3798 tamen
3546 3760 3657 3798 non

2077 3839 2237 3891 modo
2283 3836 2432 3890 nullo
2482 3836 2609 3891 inde
2644 3837 2933 3890 commodo
2978 3835 3279 3891 utilitateve
3325 3843 3519 3888 auctus
3552 3845 3655 3897 est,

2076 3927 2170 3983 sed
2229 3928 2392 3982 etiam
2452 3942 2650 3995 magno
2699 3926 2899 3980 damno
2952 3926 3250 3991 multatus,
3304 3926 3504 3995 quippe
3565 3926 3658 3994 qui

2076 4018 2273 4073 acerba
2321 4033 2481 4088 poena
2515 4029 2598 4073 est
2637 4017 3054 4072 condemnatus.
3102 4016 3207 4070 Sed
3242 4015 3416 4086 pergit
3459 4015 3659 4083 impius

2078 4115 2167 4169 ille
2220 4112 2407 4183 Magns
2460 4130 2473 4165 :
2528 4113 2595 4165 At
2648 4110 2751 4164 nisi
2784 4148 2797 4172 ,
2853 4108 3073 4179 inquit,
3122 4106 3348 4163 Crealor
3394 4107 3483 4161 ille
3532 4106 3662 4161 Ada:

2078 4206 2340 4262 edixisset
2372 4220 2439 4258 ne
2468 4203 2556 4257 ille
2586 4203 2769 4256 ederet
2798 4202 2865 4256 de
2892 4216 2953 4255 ea
2986 4200 3202 4266 arbore,
3234 4198 3661 4269 haudquaquam

2073 4298 2342 4369 judicium
2377 4296 2481 4350 hoc
2506 4308 2835 4364 poenamque
2866 4292 3198 4356 subivisset;
3234 4290 3356 4345 inde
3381 4289 3525 4345 enim
3559 4288 3663 4342 hoc

2081 4392 2283 4446 malum
2310 4387 2458 4460 quod
2505 4395 2697 4443 contra
2731 4385 2823 4440 Dei
2857 4385 3095 4439 edictum
3127 4383 3220 4437 ille
3249 4381 3486 4447 fecerat;
3521 4379 3663 4435 Deus

2083 4486 2227 4539 enim
2264 4484 2507 4553 jusscrat
2554 4495 2623 4536 ne
2670 4479 2875 4546 ederet,
2926 4478 3045 4547 ipse
3093 4490 3221 4531 vero
3250 4475 3381 4530 edit.
3422 4473 3527 4527 Sed
3575 4486 3663 4528 re-

405 4569 696 4637 posuisset.
730 4586 958 4641 prorsus
1005 4571 1235 4626 liberum
1283 4571 1386 4640 ipsi
1433 4571 1627 4626 fecisse
1670 4579 1728 4624 ut
1764 4570 1844 4625 vel
1879 4569 1979 4624 ob-
2007 4560 2058 4621 D
2087 4575 2419 4645 spondemus
2469 4572 2639 4627 Deum
2693 4584 2869 4639 neque
2896 4567 3140 4624 voluisse
3179 4574 3239 4619 ut
3276 4566 3364 4619 ille
3389 4564 3573 4620 ederet
3600 4566 3666 4618 de

404 4669 619 4715 servata
651 4662 767 4732 lege
811 4663 941 4715 inibi
980 4671 1244 4727 maneret,
1279 4663 1360 4717 vel
1406 4661 1579 4716 fracta
1629 4662 1752 4715 imle
1782 4662 1972 4715 exiret.

404 4751 572 4821 Igitur
617 4768 739 4807 cum
782 4768 844 4807 ea
891 4752 968 4806 illi
1011 4754 1267 4807 voluntas
1317 4752 1511 4807 fuisset.
1557 4761 1614 4805 ut
1661 4753 1978 4820 ἰιιιρριειιειιιι

402 4842 572 4911 legem
607 4832 931 4919 transiliret,
981 4845 1175 4899 merito
1209 4854 1469 4899 extrusus
1516 4851 1601 4898 est
1647 4843 1899 4913 paradiso
1927 4847 1982 4894 et

346 4988 349 4989 ν
407 4943 581 4988 morte
603 4935 767 4988 etiam
793 4934 1100 5001 damnatus,
1127 4946 1349 5005 propter
1369 4935 1667 4990 admissum
1695 4943 1979 5003 peccatum

408 5025 652 5093 scilicet;
686 5034 742 5081 et
780 5026 946 5081 simul
980 5042 1048 5082 ne
1087 5027 1259 5096 ipsius
1300 5027 1540 5095 pravitas
1578 5025 1721 5080 foret
1755 5026 1983 5080 immor-

407 5119 553 5183 talis,
575 5120 752 5188 qualis
772 5129 857 5174 est
883 5120 1107 5174 diaboli.
1131 5120 1355 5175 Accedit
1378 5120 1508 5187 huc,
1531 5128 1591 5174 ut
1617 5127 1761 5174 metu
1792 5120 1984 5173 mortis

314 5234 319 5241 ο
410 5212 570 5282 cujus
618 5227 715 5282 per
764 5211 1089 5268 sententiam
1138 5225 1265 5264 reus
1311 5219 1460 5273 erat,
1519 5224 1741 5264 causam
1792 5208 1984 5263 mortis

417 5312 695 5372 peccatum
720 5306 937 5369 vitaret,
964 5313 1020 5357 et
1044 5302 1171 5356 huic
1199 5305 1487 5357 contrariae
1512 5302 1740 5370 iustitia:
1762 5315 1982 5369 operam

419 5398 568 5450 daret
597 5416 611 5453 ε
641 5397 875 5466 denique
909 5411 1034 5451 cum
1077 5394 1204 5454 olim
1235 5409 1301 5449 ex
1337 5392 1871 5463 ipsius'posteritate
1903 5390 1987 5446 fu-

417 5488 524 5543 turi
550 5498 737 5545 essent
765 5497 1049 5558 martyres,
1084 5486 1189 5540 lata
1214 5494 1297 5540 est
1324 5484 1585 5545 adversus
1619 5484 1766 5538 illum
1794 5484 1987 5540 mortis

413 5582 709 5647 sententia,
740 5589 800 5635 ut
836 5580 891 5634 hi
926 5596 1023 5651 per
1056 5586 1287 5633 mortem
1319 5592 1418 5642 pro
1450 5591 1550 5632 sua
1582 5576 1636 5631 in
1671 5576 1841 5632 Deum
1874 5580 1989 5647 pie-

414 5679 527 5725 tate
585 5680 752 5739 atque
813 5669 1114 5725 reverentia
1178 5667 1423 5729 obitam.
1475 5680 1710 5722 coronas
1763 5666 1987 5737 adipisci

415 5769 645 5830 possent
668 5759 914 5829 justitiaz.
976 5757 1081 5815 Sed
1142 5759 1511 5830 revertamurg
1538 5760 1985 5828 unde.paululum

426 5852 654 5919 digressi
693 5865 904 5907 sumus.

2083 4682 2142 4721 ea
2190 4666 2404 4719 arbore.
2454 4662 2588 4717 Nam
2636 4662 2681 4716 si
2728 4659 2989 4715 voluisset
3034 4664 3095 4711 ut
3140 4654 3351 4716 ederet.
3397 4655 3506 4707 duo
3549 4652 3667 4715 haec

2083 4757 2322 4812 absurda
2358 4755 2760 4809 conficerentur
2792 4768 2805 4805 :
2837 4750 3093 4810 alterum,
3126 4745 3297 4799 Deum
3331 4744 3663 4797 verbotenus

2086 4847 2372 4901 mandasse
2423 4844 2565 4912 quod
2622 4842 2797 4910 reipsa
2844 4838 2958 4893 ﬁeri
3027 4835 3328 4895 noluisset.
3395 4833 3667 4896 alterum,

2085 4953 2209 4993 eum
2247 4937 2341 5006 qui
2380 4936 2645 4990 adversus
2692 4928 3007 4987 Conditoris
3055 4927 3141 4983 sui
3187 4926 3342 4996 jussa
3389 4922 3662 4994 propalam

2086 5028 2302 5098 agebat,
2338 5026 2602 5082 voluntati
2653 5024 2826 5093 ipsius
2864 5020 3061 5075 fecisse
3107 5016 3263 5083 satis,
3313 5015 3664 5086 quantumvis

2086 5119 2331 5172 nescium
2404 5127 2567 5185 atque
2640 5114 3068 5184 imprudentem.
3145 5108 3241 5162 Sin
3304 5107 3569 5163 voluisset
3599 5122 3667 5161 ne

2086 5211 2290 5272 ederet,
2327 5210 2497 5263 videri
2539 5215 2754 5278 poterat
2787 5204 3092 5260 imbecillus
3120 5218 3135 5257 :
3168 5212 3229 5256 ut
3258 5200 3418 5271 cujus
3467 5199 3665 5253 volun.

2088 5300 2188 5353 tati
2219 5298 2465 5353 Adamus
2497 5310 2797 5367 repugnare
2824 5292 3063 5363 potuerit
3091 5308 3105 5346 :
3130 5290 3223 5347 sed
3254 5290 3363 5344 huc
3392 5297 3667 5359 spectasse

2091 5391 2264 5444 Deum
2283 5391 2411 5444 dum
2436 5390 2605 5459 legem
2628 5386 2835 5441 Adamo
2856 5383 3254 5454 prmseriheret,
3274 5380 3665 5435 observaretne

2088 5498 2157 5538 an
2182 5482 2410 5535 violaret
2435 5480 2522 5534 ille
2541 5494 2685 5544 eam,
2709 5492 2817 5531 non
2844 5484 3025 5530 autem
3050 5473 3232 5528 ederet
3255 5486 3322 5524 an
3350 5484 3455 5523 non
3482 5470 3667 5522 ederet

2058 5559 2156 5629 'de
2196 5573 2288 5627 illa
2330 5572 2547 5632 arbore,
2588 5580 2753 5639 atque
2803 5568 2927 5623 ideo
2971 5579 3191 5634 quoque
3230 5560 3297 5616 de
3339 5559 3549 5615 duabus
3585 5557 3663 5610 illi

2093 5664 2524 5720 habitationibus
2573 5661 2895 5732 providisse,
2942 5665 3003 5711 ut
3046 5655 3271 5709 alteram
3320 5650 3366 5705 si
3414 5648 3517 5719 legi
3567 5663 3662 5717 pa-

2092 5755 2315 5817 ruisset,
2342 5755 2570 5811 alteram
2602 5755 2647 5807 si
2682 5766 2789 5806 non
2829 5748 3093 5817 paruisset
3123 5743 3364 5799 haberet.
3401 5739 3565 5810 quue
3591 5738 3662 5792 ita

2093 5861 2214 5902 esse
2260 5845 2342 5900 vel
2394 5846 2520 5901 hinc
2558 5842 2878 5900 ostendatur
2926 5835 3069 5907 quod
3116 5834 3222 5891 duo
3268 5832 3382 5888 1133c
3424 5831 3561 5886 inter
3604 5841 3663 5883 se
