4086 6396
439 415 550 477 595

1719 422 1950 485 MOSIS
1988 421 2143 483 ΒΑΗ
2180 421 2431 485 CEPHA

3591 416 3695 479 596

440 532 596 596 paria
640 535 770 585 sunt
798 544 814 584 :
846 531 1022 584 Deum
1072 529 1307 601 jussisse
1354 540 1416 588 ut
1459 533 1668 600 ederet,
1705 537 1855 591 illum
1891 549 2022 590 vero
2050 535 2097 593 Α
2126 533 2300 603 ipsius
2329 532 2536 587 malitia
2567 545 2674 587 una
2704 544 2828 587 cum
2856 530 2976 603 ipso
3010 531 3356 596 immortalis,
3386 526 3696 602 cujnsmodi

444 636 556 681 non
581 621 802 688 edisse;
833 629 887 676 et
919 622 1089 677 Deum
1124 624 1361 679 vetuisse
1392 639 1461 677 ne
1486 628 1689 693 ederet,
1717 628 1810 682 sed
1839 636 2020 683 tamen

443 713 599 767 illum
650 712 867 777 edisse;
929 728 1026 783 par
1092 713 1236 768 enim
1302 715 1513 771 violatae
1577 718 1709 787 legis
1757 721 1914 789 culpa
1967 721 2023 776 in

446 804 660 861 utrovis
689 804 871 859 futura
917 815 1051 859 erat.
1102 804 1276 874 igitur
1324 820 1430 860 non
1462 821 1528 863 eo
1554 811 1833 879 spectabat
1880 811 2023 870 Deus

447 896 577 951 dum
624 897 800 967 legem
833 897 1122 958 conderet,
1167 898 1426 953 ederetne
1470 900 1559 956 ille
1603 917 1785 959 annon
1840 905 2025 960 ederet

444 1003 612 1057 quem
655 987 866 1045 arbitrii
896 987 1143 1042 libertate
1174 988 1425 1056 donarat,
1451 993 1555 1053 sed.
1574 995 1905 1059 observaret,
1929 1011 2025 1051 an-

447 1096 562 1135 non
610 1079 925 1136 observaret
988 1079 1158 1149 legem
1211 1096 1374 1150 quam
1429 1082 1586 1139 liberi
1645 1079 1766 1156 ejus
1813 1089 2023 1144 arbitrii

447 1170 731 1226 materiem
782 1182 905 1224 esse
936 1169 1201 1225 voluerat.
1243 1170 1526 1243 Simulque
1556 1190 1623 1229 eo
1648 1178 1811 1233 etiam
1854 1180 2025 1249 perti-

448 1258 614 1313 nebat
658 1257 792 1329 legis
832 1260 1172 1324 constitutio,
1218 1269 1276 1315 ut
1318 1262 1646 1334 intelligeret
1688 1269 1929 1325 Adamus
1969 1284 2028 1327 se

449 1349 519 1403 ab
549 1348 660 1403 alio
689 1349 994 1415 conditum,
1024 1351 1182 1421 eique
1223 1367 1321 1409 suo
1351 1353 1653 1420 Conditori,
1687 1368 1746 1413 ut
1773 1358 2024 1426 Domino,

446 1440 759 1509 subjectum
800 1456 859 1496 se
897 1455 1038 1497 esse.
1081 1444 1185 1500 Sed
1235 1460 1399 1515 supra
1448 1462 1478 1502 a
1528 1449 1709 1515 nobis,
1753 1452 1836 1508 lite
1867 1460 2030 1524 atque

445 1531 568 1611 alia!
593 1531 828 1588 ferendae.
853 1534 986 1603 legis
1010 1549 1190 1590 causae
1215 1537 1349 1594 satis
1376 1547 1618 1596 tractatae
1639 1543 2031 1616 explicataeque

445 1633 600 1681 sunt.
637 1623 720 1678 Ad
765 1624 890 1688 hoc,
931 1626 1025 1695 qui
1075 1638 1248 1695 potest
1274 1632 1585 1688 verosimile
1627 1635 1818 1701 videri,
1859 1637 2027 1695 Deum

449 1716 663 1770 Adamo
694 1731 822 1772 esca
860 1716 949 1771 illa
988 1718 1337 1775 interdixisse
1370 1738 1438 1777 ne
1474 1725 1599 1779 inde
1628 1726 1756 1781 boni
1794 1729 2031 1800 malique

447 1807 633 1863 sciens
664 1808 814 1862 tieret
851 1825 865 1861 :
898 1807 1243 1879 alterumque
1270 1813 1544 1882 amplecti,
1576 1815 1764 1885 fugere
1797 1820 2027 1875 alterum

447 1907 656 1966 nosset,
688 1900 908 1968 quando
956 1900 1103 1956 nttlla
1132 1901 1180 1957 ei
1207 1881 1390 1959 arbori
1421 1906 1500 1961 vis
1540 1881 1718 1964 inerat
1752 1926 1874 1981 quas
1904 1913 2029 1968 boni
2066 1881 2107 1934 Β

449 1985 693 2058 malique
737 1988 1068 2055 diiudicandi
1118 1990 1346 2048 scientia
1395 1994 1621 2052 edentes
1663 1998 2028 2056 informat-et:

450 2077 565 2131 imo
594 2093 725 2133 vero
767 2079 880 2148 jam
920 2090 1034 2137 tum
1065 2082 1188 2152 ejus
1232 2083 1427 2153 judicii
1477 2101 1674 2166 expers
1716 2090 1886 2146 Adam
1929 2095 2032 2149 mi-

452 2168 603 2223 nime
653 2181 803 2226 esset
850 2172 1074 2243 (quippe
1117 2174 1205 2229 lex
1257 2176 1324 2232 iis
1371 2193 1478 2232 non
1528 2183 1901 2261 praescribitur
1936 2186 2032 2257 qui

451 2258 659 2313 malum
693 2275 724 2315 a
759 2261 905 2316 bono
935 2278 1224 2320 secernere
1258 2282 1367 2322 non
1401 2281 1627 2340 queunt,
1660 2258 1879 2346 sed‘qui
1909 2287 2035 2334 ante

450 2350 612 2419 probi
684 2352 1074 2425 improbique,
1142 2359 1486 2418 discernendi
1554 2365 1764 2436 judicio
1828 2371 2035 2438 praediti

451 2441 601 2511 sunt)
649 2442 795 2498 sicut
842 2446 1058 2513 oculus,
1092 2450 1344 2517 quamvis
1397 2466 1504 2508 non
1555 2470 1656 2511 usu
1706 2466 1869 2527 atque
1907 2459 2034 2515 futt-

451 2532 658 2597 ctione,
711 2550 770 2589 re
818 2545 998 2591 tamen
1050 2538 1204 2609 ipsa,
1253 2549 1367 2595 tum
1418 2543 1651 2612 visione,
1705 2557 1819 2604 tum
1871 2548 2036 2608 rebus

453 2625 886 2693 aspectabilibus
913 2630 1064 2699 prior
1087 2641 1171 2687 est
1199 2650 1213 2687 :
1242 2647 1364 2704 qua:
1385 2650 1551 2706 supra
1576 2655 1795 2710 quoque
1820 2657 1851 2697 a
1879 2644 2037 2701 nobis

452 2724 584 2774 su’nt
628 2728 881 2777 tractata.
926 2725 994 2779 At
1025 2740 1155 2782 vero
1182 2727 1304 2784 ideo
1349 2730 1501 2786 illum
1548 2734 1714 2804 jussit
1744 2738 1813 2793 ab
1841 2740 2040 2797 arbore

450 2811 730 2868 abstinere
771 2826 832 2870 ut
863 2820 1119 2874 evaderet
1161 2819 1508 2889 immortalis,
1543 2838 1838 2899 ageretque
1869 2834 2037 2888 vitam

453 2916 772 2975 perpetuam
803 2927 818 2964 :
852 2910 955 2965 hoc
985 2913 1130 2968 enim
1167 2914 1371 2971 donum
1409 2932 1439 2973 a
1467 2920 1648 2977 divina
1688 2924 2037 2993 gratia‘retu-

452 2993 632 3051 iisset.
665 2997 735 3051 At
768 2998 914 3054 enim
963 3001 1131 3057 Deum
1164 3019 1272 3059 non
1314 3006 1621 3076 improbum
1661 3026 1760 3080 pro
1795 3013 2039 3071 Simonis

451 3086 769 3154 calumniis,
814 3090 909 3145 sed
960 3091 1161 3148 bonum
1201 3094 1608 3170 benignumqne
1654 3111 1849 3157 natura
1895 3119 2038 3171 esse,

2122 632 2206 678 est
2236 623 2435 679 diaboli
2485 623 2746 693 pravitas.
2796 623 2973 691 Atque
3019 621 3121 677 hoc
3155 622 3227 676 ita
3263 636 3323 677 se
3364 621 3569 676 habere
3616 620 3702 674 vel

2123 717 2251 773 inde
2282 727 2490 773 certum
2523 722 2628 782 est,
2663 713 2807 785 quod
2842 714 2970 768 olim
3019 728 3381 769 concessurus
3414 721 3498 767 est
3544 712 3703 793 nobis

2123 806 2289 861 vitam
2336 817 2658 877 perpetuam
2698 806 2748 859 in
2790 805 2973 860 futuro
3002 805 3225 867 steculo,
3262 805 3426 859 nullis
3461 804 3702 873 peccatis

2124 908 2217 953 aut
2255 899 2464 954 delictis
2503 896 2819 961 obnoxiam,
2849 895 2945 950 sed
2984 895 3330 965 sempiternis
3398 904 3562 964 atque
3597 895 3702 948 im-

2124 990 2447 1046 mortalibus
2477 988 2686 1059 deliciis
2711 988 2947 1058 plenam.
2978 985 3193 1041 Rursus
3216 987 3298 1042 sic
3323 987 3503 1055 arguit
3531 985 3701 1039 Deum

2126 1081 2268 1136 idem
2316 1080 2507 1135 Simon
2557 1079 2766 1149 Magus.
2797 1079 2913 1146 Qua
2959 1081 3179 1134 tandem
3227 1078 3461 1139 ratione,
3505 1079 3702 1146 inquit,

2125 1182 2438 1228 exsecratus
2491 1180 2575 1227 est
2635 1173 2778 1226 Deus
2844 1181 3149 1240 serpentem
3194 1172 3217 1225 ?
3250 1170 3382 1224 Nam
3414 1171 3457 1225 si
3488 1180 3547 1224 ut
3577 1185 3703 1225 eum

2126 1266 2220 1335 qui
2262 1264 2522 1319 damnum
2570 1264 2815 1329 dederat,
2860 1281 2959 1319 cur
2995 1280 3100 1319 non
3138 1264 3383 1319 coercuit
3420 1278 3488 1319 ne
3527 1263 3701 1329 daret,

2130 1359 2233 1412 hoc
2259 1365 2364 1424 est,
2395 1372 2463 1412 ne
2511 1357 2792 1412 seduceret
2835 1356 3148 1410 Adamum?
3185 1356 3240 1410 Si
3289 1370 3419 1410 vero
3449 1369 3548 1410 eru
3579 1369 3704 1408 eum

2128 1449 2223 1520 qui
2271 1449 2557 1504 utilitatem
2593 1447 2870 1511 attulerat,
2902 1448 3101 1517 quippe
3143 1446 3232 1517 qui
3274 1445 3483 1501 Adamo
3515 1457 3706 1501 auctor

2131 1539 2309 1595 fuerat
2340 1548 2398 1593 ιιι
2421 1537 2489 1592 de
2517 1537 2654 1593 bona
2691 1537 2782 1593 illa
2809 1538 3004 1593 arbore
3034 1538 3371 1606 cderet,sane
3399 1537 3707 1608 improbum

2129 1642 2292 1702 atque
2344 1630 2585 1684 invidum
2637 1629 2806 1684 fuisse
2854 1628 3007 1683 illum
3043 1643 3265 1684 necesse
3311 1639 3430 1696 est;
3476 1628 3713 1697 denique

2131 1738 2254 1780 cum
2303 1732 2544 1776 neutram
2576 1720 2772 1774 harum
2819 1736 3106 1778 causarum
3158 1720 3405 1780 haberet.
3440 1720 3590 1774 illum
3626 1728 3709 1775 est

2133 1812 2459 1875 detestatus,
2498 1824 2561 1864 ac
2616 1809 2842 1879 proinde
2893 1824 3028 1865 sane
3073 1810 3359 1880 imperitia:
3405 1819 3569 1880 atque
3614 1822 3711 1862 ve-

2135 1904 2334 1960 cordiae
2385 1907 2578 1957 merito
2619 1905 2944 1957 accusetur!
2995 1902 3075 1956 Ad
3125 1902 3240 1958 hmc
3287 1901 3711 1972 respondemus,

2137 1995 2305 2051 Deum
2356 2005 2703 2050 exsecratum
2773 2008 2896 2049 esse
2958 2003 3266 2065 serpentem
3319 2003 3376 2048 ut
3429 1993 3504 2048 rei
3560 1991 3717 2046 maiae

2135 2096 2436 2150 auctorem,
2471 2093 2525 2140 et
2559 2095 2737 2140 tamen
2774 2100 2880 2140 non
2927 2086 3238 2141 coercuisse
3284 2084 3709 2148 machinantem,

2137 2180 2233 2251 qui
2263 2194 2322 2235 se
2348 2179 2556 2248 alioqui
2588 2179 2679 2250 qui
2725 2195 2834 2233 non
2873 2178 3097 2243 latebat,
3133 2179 3321 2233 eadem
3371 2159 3713 2246 ratione'qua

2138 2286 2313 2341 neque
2342 2270 2503 2326 hodie
2536 2284 2633 2325 eos
2665 2270 2883 2325 cohibet
2908 2269 3000 2340 qui
3035 2269 3299 2339 improbis
3329 2271 3491 2324 rebus
3521 2268 3714 2323 intenti

2138 2370 2288 2430 sunt,
2323 2377 2390 2418 ne
2436 2377 2530 2419 eas
2560 2369 2809 2432 patrent;
2850 2372 2962 2417 tum
2994 2362 3183 2427 etiam,
3229 2377 3297 2416 ne
3326 2376 3388 2417 ea
3427 2376 3484 2415 re
3515 2360 3719 2415 diaboli

2143 2454 2452 2510 libertatem
2487 2452 2797 2524 impediret,
2832 2454 2923 2524 qui
2961 2469 3055 2524 per
3086 2463 3393 2525 serpentem
3433 2454 3594 2508 verba
3631 2453 3717 2507 la-

2138 2545 2348 2610 ciebat;
2394 2545 2629 2614 denique
2675 2553 2735 2597 ut
2766 2545 3066 2614 periculum
3102 2543 3252 2597 ﬁeret
3282 2543 3350 2597 de
3391 2542 3600 2595 Adamn
3633 2540 3720 2610 ip-

2138 2637 2362 2707 siusque
2396 2636 2567 2690 libero
2601 2636 2854 2700 arbitrio,
2887 2651 2949 2691 ca
3000 2650 3178 2703 pugna
3221 2644 3383 2705 atque
3426 2632 3723 2688 certamine
3816 2676 3819 2679 .

2138 2730 2193 2784 in
2224 2745 2335 2798 quo
2380 2729 2489 2784 illic
2539 2729 2885 2784 versabatur.
2916 2728 3200 2784 Posttemo
3236 2726 3281 2781 si
3318 2725 3592 2796 serpentis
3626 2739 3724 2779 cn-

2140 2828 2328 2876 natnm
2367 2822 2741 2892 impedivisset
2778 2821 2941 2882 Deus,
2977 2822 3103 2876 data
3152 2820 3346 2876 fuisset
3397 2818 3724 2874 mortalibus

2140 2915 2417 2984 quaerendi
2450 2930 2616 2983 ansa;
2644 2915 2910 2970 dixissent
2934 2915 3082 2970 enim
3139 2913 3309 2968 Deum
3338 2928 3436 2983 per
3462 2912 3718 2966 invidiam

2141 3005 2475 3060 abstinuisse
2494 3006 2767 3061 Adamum
2792 3021 2821 3059 a
2844 3006 3023 3060 brevis
3046 3005 3359 3061 tentationis
3384 3002 3725 3074 periculique

2142 3107 2440 3164 momento,
2474 3113 2542 3152 ne
2568 3113 2634 3153 eo
2664 3107 2923 3168 superato
2950 3098 3116 3153 vitam
3148 3097 3547 3167 adipisceretur
3575 3110 3719 3151 sem-

456 3178 544 3233 itis
569 3178 845 3250 colligitur
877 3186 1251 3282 argumentis;
1292 3189 1536 3245 condidit
1567 3192 1711 3247 enim
1743 3195 2035 3265 Adamum,
2065 3224 2111 3282 ο
2142 3194 2449 3261 pitcrnam;
2500 3208 2675 3263 ncqtte
2708 3194 2853 3247 enim
2907 3192 3081 3263 ipsum
3137 3192 3408 3264 serpentis
3442 3190 3638 3253 verbis,
3673 3190 3723 3245 si

453 3280 584 3319 cum
617 3275 745 3321 ante
777 3284 956 3339 neque
1001 3272 1094 3328 ille
1126 3276 1441 3346 exsisteret,
1487 3296 1664 3351 neque
1708 3284 1851 3340 alius
1883 3263 2037 3355 quis.
2067 3263 2111 3285 "
2145 3280 2363 3337 fallendi
2396 3297 2619 3336 causam
2670 3282 2822 3337 illum
2860 3283 3087 3338 adortus
3133 3291 3299 3349 esset,
3331 3294 3719 3338 concessurum

455 3355 626 3424 piam,
655 3357 750 3428 qui
794 3361 974 3429 ipsum
1016 3363 1084 3416 ad
1127 3364 1279 3420 illum
1311 3369 1677 3438 condendum,
1707 3375 1794 3430 vel
1820 3375 2037 3434 hortatu

458 3448 546 3500 vti
585 3449 837 3518 precibus
872 3463 1148 3522 movcrrt;
1182 3457 1359 3514 adhoc
1387 3463 1622 3518 contulit
1650 3463 1724 3518 illi
1754 3465 2038 3537 imperium

460 3542 514 3594 in
569 3541 745 3610 pisces
796 3546 962 3600 maris
1011 3555 1067 3600 et
1117 3548 1364 3606 volucres
1417 3553 1581 3619 caeli;
1630 3554 1856 3627 insuper
1903 3560 2043 3615 bene

458 3638 840 3701 precatus‘cst
887 3637 1012 3705 ipsi,
1065 3648 1123 3693 ut
1166 3653 1439 3698 cresceret
1487 3660 1824 3717 numeroque
1875 3665 2041 3720 auge-

458 3736 661 3782 sceret.
704 3726 972 3784 Praeterea
1015 3731 1161 3786 dedit
1210 3733 1285 3788 illi
1323 3750 1541 3792 onmem
1593 3738 1818 3805 herbam
1861 3742 2044 3813 profe-

458 3829 668 3874 rentem
699 3835 911 3886 semen,
937 3832 992 3878 et
1016 3839 1236 3879 omnem
1264 3829 1516 3884 arborem
1548 3829 1910 3900 fructiferam,
1942 3851 2043 3906 pro

458 3910 607 3967 cibo.
634 3910 879 3984 Denique
906 3930 1008 3971 nos
1042 3917 1188 3988 ipsos
1216 3921 1382 3975 etiam
1424 3938 1571 3979 nttnc
1598 3933 1652 3980 et
1681 3926 1725 3981 si
1755 3941 2044 3997 peccemus

458 4011 626 4075 atque
659 4007 951 4064 adversum
1003 4010 1178 4080 ipsius
1226 4014 1482 4069 mandata
1532 4015 1822 4086 faciamus,
1860 4027 2043 4077 tamen

456 4112 570 4153 non
617 4101 780 4155 modo
835 4103 1069 4158 sustinet
1117 4120 1296 4175 neque
1345 4107 1518 4163 nostri
1552 4109 1915 4179 obliviscitur,
1950 4113 2043 4168 sed

459 4189 627 4244 etiam
652 4201 960 4257 conservat,
990 4195 1181 4262 pascit,
1212 4196 1504 4263 gubernat,
1532 4210 1585 4254 et
1614 4201 1840 4256 omnino
1873 4204 2043 4258 nostri

459 4297 653 4338 curant
681 4286 842 4351 gerit.
874 4282 1018 4340 Sunt
1042 4302 1209 4356 porro
1235 4289 1341 4343 alia
1375 4289 1607 4359 plurima
1635 4306 1758 4362 quae
1783 4301 2046 4348 testentur

459 4377 637 4431 Deum
683 4385 877 4431 natura
930 4376 1134 4431 bonum
1182 4393 1324 4445 esse,
1375 4389 1539 4450 atque
1575 4396 1641 4436 ex
1671 4373 1827 4438 ‘mera
1873 4385 2044 4455 gratia

460 4468 731 4522 Adamum
780 4477 1119 4544 ceterasque
1164 4485 1252 4525 res
1299 4470 1565 4527 effecisse.
1616 4471 1829 4549 Pugnat
1878 4490 2043 4546 porro

2141 3370 2333 3428 fuisse.
2385 3373 2555 3429 Porro
2596 3373 2665 3429 de
2714 3373 2938 3430 Simone
2990 3374 3143 3446 Mago
3178 3374 3311 3429 illud
3357 3374 3505 3430 scire
3547 3386 3723 3444 opera:

2142 3466 2378 3536 pretium
2424 3474 2530 3531 est,
2580 3481 2702 3523 esse
2749 3468 2843 3537 qui
2895 3467 3103 3532 dicant,
3158 3468 3332 3537 ipsum
3382 3466 3436 3521 in
3490 3465 3727 3535 speciem

2143 3556 2364 3627 quidem
2402 3556 2707 3613 assensisse
2754 3556 2920 3612 Mosis
2957 3557 3082 3628 legi,
3133 3559 3226 3612 sed
3279 3557 3460 3625 plures
3508 3553 3727 3609 interim

2144 3649 2275 3703 deos
2308 3649 2579 3717 posuisse,
2632 3663 2865 3719 quorum
2903 3664 3047 3704 unus
3095 3648 3166 3704 sit
3212 3645 3512 3702 imbecillus
3560 3655 3727 3713 atque

2144 3738 2447 3808 impotens,
2497 3740 2544 3796 is
2596 3741 2689 3811 qui
2736 3741 3003 3795 Adamutn
3058 3740 3216 3795 ﬁnxit
3265 3738 3535 3821 iecitque;
3589 3738 3727 3791 alter

2143 3847 2275 3887 vero
2325 3832 2429 3889 hoc
2475 3839 2747 3904 superior,
2788 3833 3312 3903 major,.potentior.
3349 3831 3499 3885 Alios
3543 3839 3728 3884 autem

2144 3933 2337 3993 putare
2367 3922 2610 3980 Simonis
2642 3923 2781 3996 Magi
2813 3925 3142 3981 sententiam
3174 3922 3367 3987 fuisse,
3402 3922 3666 3976 mundum
3699 3932 3733 3974 a

2144 4015 2284 4069 maia
2311 4030 2477 4070 causa
2502 4024 2683 4071 ortum
2708 4031 2862 4084 esse;
2893 4028 3057 4086 atque
3082 4016 3204 4070 ideo
3232 4014 3386 4069 illum
3414 4011 3733 4084 hujusmodi

2145 4105 2379 4161 absurda
2434 4107 2721 4178 turpiaque
2762 4108 2912 4162 dictu
2963 4106 3289 4177 collegisse,
3338 4105 3540 4176 quibus
3586 4100 3731 4173 apud

2146 4208 2240 4248 eos
2292 4195 2384 4264 qui
2437 4195 2491 4248 in
2542 4210 2669 4250 vera
2726 4194 2829 4250 lide
2878 4196 3162 4260 durarent,
3214 4192 3405 4248 mundi
3450 4204 3730 4246 auctorem

2146 4286 2318 4343 Deum
2363 4286 2702 4357 suggillaret.
2736 4286 3032 4356 Propterea
3064 4299 3355 4355 corporum
3392 4297 3610 4353 quoque
3639 4295 3728 4336 re.-

2146 4380 2540 4435 surrectioncm
2599 4379 2804 4448 perﬁde
2856 4378 3008 4433 iilunt
3067 4391 3315 4443 negasse.
3364 4375 3566 4432 Verum
3617 4374 3733 4427 lucc

2147 4473 2331 4527 omnia
2356 4484 2422 4526 ex
2451 4485 2517 4525 eo
2546 4470 2696 4525 libro
2729 4471 2984 4542 cognosci
3017 4478 3270 4540 possunt,
3299 4483 3461 4539 quem
3489 4467 3559 4521 de
3588 4465 3732 4520 mul-

460 4556 651 4614 Simon
688 4557 878 4630 Magus
910 4564 1175 4617 adversus
1212 4560 1404 4626 Deum.
1434 4563 1599 4618 etiam
1636 4563 1739 4619 hac
1772 4565 1857 4619 via
1894 4583 1908 4619 :
1943 4564 2045 4620 Per
2075 4571 2119 4625 D
2148 4567 2380 4622 titudine
2409 4563 2824 4633 diﬂ'erentiaque
2853 4570 3125 4617 sectarum
3158 4559 3610 4631 conscripsimus.

461 4649 746 4716 invidiam,
774 4651 970 4721 inquit,
1000 4652 1280 4721 prohibuit
1306 4653 1575 4709 Adamum
1605 4655 1674 4711 ab
1701 4657 1899 4711 arbore
1924 4657 2048 4712 vitae

460 4742 751 4811 gustanda,
799 4756 993 4812 nempe
1024 4758 1092 4798 ne
1139 4744 1468 4806 immortalis
1503 4746 1679 4805 ﬁeret.
1714 4748 1875 4817 Atqui
1908 4748 1951 4802 si
1982 4762 2045 4803 ea

460 4831 663 4886 invidia
727 4832 1033 4901 laborasset
1086 4832 1232 4889 Deus
1275 4849 1505 4904 prorsus
1571 4840 1642 4892 ab
1697 4839 1878 4904 initio,
1936 4853 2044 4893 non

462 4925 764 4978 creavisset
793 4924 1088 4979 Adamum.
1136 4923 1324 4995 Neque
1356 4927 1503 4980 enim
1539 4926 1648 4982 ulla
1682 4943 1809 4982 eum
1854 4928 1936 4984 vis
1979 4927 2047 4982 ad

462 5014 758 5067 creandum
798 5016 948 5070 illum
1002 5016 1241 5087 impulit,
1287 5017 1383 5073 sed
1427 5033 1527 5073 sua
1574 5020 1874 5085 voluntate,
1923 5035 2048 5089 gra-

463 5104 608 5161 tuito
635 5107 785 5161 illum
811 5110 1087 5174 condidit;
1113 5110 1314 5177 adhoc,
1340 5112 1656 5180 paradisum
1687 5112 1832 5166 illius
1859 5127 2048 5180 causa,

358 5233 366 5243 ι
462 5199 573 5252 hoc
618 5208 734 5263 est,
784 5207 844 5252 ut
891 5203 942 5253 in
994 5214 1060 5255 eo
1112 5200 1202 5256 ille
1248 5210 1303 5256 et
1353 5203 1625 5257 habitaret
1671 5212 1727 5258 et
1775 5204 2051 5273 voluptate

466 5289 764 5356 frueretur,
815 5305 922 5345 non
976 5290 1195 5348 fecisset
1243 5294 1290 5348 si
1346 5293 1654 5361 invidisset,
1711 5304 1805 5348 aut
1852 5296 2048 5349 saltem

467 5382 644 5453 ipsam
671 5381 797 5436 vitm
828 5384 1079 5438 arborem
1126 5400 1288 5454 quam
1322 5385 1399 5439 illi
1431 5387 1736 5451 invidisset,
1771 5401 1877 5440 non
1924 5402 2051 5457 pro.

468 5483 711 5531 creasset
739 5475 793 5528 in
824 5475 1112 5545 paradiso;
1152 5490 1326 5545 neque
1352 5484 1507 5532 tanto
1536 5478 1698 5533 etiam
1731 5479 1965 5548 imperio
1996 5479 2050 5532 in

466 5567 674 5634 pisces,
698 5567 968 5632 volucres,
996 5567 1263 5635 iumenta,
1287 5568 1431 5624 feras
1456 5569 1606 5624 illum
1631 5570 2049 5640 ampliﬁcasset;

460 5656 713 5739 .denique
754 5674 860 5713 non
893 5658 1231 5714 condidisset
1269 5660 1422 5715 illum
1468 5661 1535 5715 ad
1571 5675 1726 5716 suam
1760 5663 2048 5733 imaginem

478 5750 529 5795 et
562 5743 966 5803 similitudinem
1002 5767 1016 5803 :
1050 5751 1143 5805 sed
1177 5765 1241 5805 ea
1283 5751 1352 5806 de
1394 5766 1560 5807 causa
1591 5754 1660 5808 ab
1692 5757 1887 5810 arbore
1933 5755 2054 5811 vita:

484 5832 748 5899 coercuit,
774 5852 841 5893 ne
874 5850 1134 5909 perpetuo
1171 5844 1374 5898 viveret
1410 5845 1462 5898 in
1511 5856 1755 5914 peccato,
1801 5857 2053 5918 essetque

2772 4674 3003 4754 CAPUT
3043 4695 3111 4753 ii.

2155 4833 2487 4904 Objectiones
2522 4833 2672 4902 impii
2712 4831 2963 4895 Manetis,
3008 4842 3061 4886 et
3088 4830 3203 4901 ejus
3248 4838 3404 4885 sectae
3436 4827 3732 4883 hominum.

2222 4924 2408 4978 Manes
2446 4923 2612 4977 homo
2648 4921 3117 4992 improbissimus,
3145 4930 3201 4976 et
3229 4920 3320 4991 qui
3354 4934 3478 4974 eum
3513 4926 3735 4973 sectan-

2153 5023 2265 5081 tur,
2289 5015 2482 5069 dicunt
2508 5016 2681 5084 legem
2710 5014 2920 5068 Adamo
2944 5012 3265 5082 imperatam
3295 5010 3545 5081 plurimis
3571 5012 3735 5064 rebus

2151 5106 2406 5163 absurdis
2463 5106 2677 5177 plenam
2712 5120 2855 5171 esse,
2890 5114 3053 5176 atque
3098 5105 3225 5160 inde
3268 5104 3437 5159 multa
3471 5100 3733 5171 suppedi-

2152 5198 2314 5254 ditari
2383 5206 2702 5269 argumenta
2756 5198 2957 5267 quibus
3024 5197 3219 5252 merito
3267 5202 3558 5252 accusetur
3620 5194 3737 5262 ipse

2153 5292 2455 5362 iegislator.
2505 5290 2668 5346 Verbi
2717 5291 2913 5362 gratia,
2942 5291 3109 5361 jussit
3153 5289 3422 5342 Adamum
3458 5286 3737 5340 abstinere

2156 5386 2225 5439 ab
2265 5383 2461 5439 arbore
2496 5384 2737 5439 scientiae
2782 5382 2912 5438 boni
2940 5390 2996 5436 et
3027 5381 3176 5445 mali,
3207 5381 3447 5434 minatus
3498 5388 3735 5432 mortem

2155 5489 2265 5545 quo
2312 5477 2402 5531 die
2448 5475 2595 5531 illius
2642 5475 2820 5530 fructu
2869 5480 3221 5536 vesceretur;
3272 5469 3416 5540 quod
3467 5469 3733 5533 edictum,

2157 5567 2352 5621 harum
2396 5581 2578 5623 rerum
2622 5566 2867 5620 omnium
2912 5561 3092 5631 arguit
3137 5559 3305 5616 Deum
3354 5578 3367 5615 :
3408 5559 3732 5622 inscientiae,

2155 5658 2495 5724 Iracundia,
2556 5656 2929 5728 paenitentiae,
2987 5653 3258 5707 mendacii
3325 5651 3581 5721 denique.
3641 5648 3734 5703 in-

2156 5751 2398 5808 scientia:
2440 5750 2700 5820 quidem,
2749 5748 2891 5818 quod
2944 5745 3116 5817 legem
3169 5744 3515 5817 imperaverit
3565 5758 3727 5813 quam

2158 5846 2365 5917 putarit
2411 5841 2833 5907 observandam,
2882 5855 2944 5895 ca
2981 5854 3110 5894 vero
3145 5841 3433 5894 observata
3482 5852 3587 5892 non
3637 5836 3727 5890 sit.
