4086 6402
408 386 511 451 597

1508 383 1606 444 DE
1647 379 2048 444 PARADISO.
2094 406 2161 415 -
2209 383 2402 443 PARS
2443 382 2561 443 11f.

3582 394 3687 458 528

407 497 734 563 Iracundia,
770 499 918 569 quod
967 512 1091 554 eum
1126 498 1222 567 qui
1267 502 1456 553 contra
1508 511 1664 552 suain
1700 496 1872 567 legem
1912 495 1992 551 fe-
2018 498 2069 559 Α
2095 490 2217 548 Non
2246 494 2413 565 igitur
2432 493 2604 547 latam
2620 508 2730 551 a-se
2752 498 3077 554 sententiain
3101 500 3364 559 adversus
3387 506 3678 573 Adamum,

410 593 600 657 cisset,
632 603 733 661 per
772 590 911 645 iram
961 588 1433 645 condemnaverit.
1471 587 1834 654 Paenitentiae,
1863 589 1991 658 quia

407 684 576 740 latam
616 682 966 746 sententiam,
1017 695 1115 751 per
1147 679 1583 736 misericordiam
1634 681 1718 750 (ut
1766 694 1864 735 vos
1909 680 1996 735 di-

405 774 567 839 citis,
622 773 835 844 inquit,
889 771 1109 839 Manes)
1158 772 1371 827 irritam
1424 771 1698 827 habuerit.
1754 772 1997 842 Denique

409 866 721 932 mendacii,
769 866 899 937 quia
945 873 1179 921 mortem
1226 879 1339 920 non
1383 864 1706 935 oppetiverit
1754 864 2001 922 Adamus

405 974 520 1029 quo
549 959 640 1015 die
667 959 782 1014 edit
810 958 879 1014 de
905 957 997 1013 illa
1022 958 1240 1014 arbore.
1269 957 1579 1015 Adversum
1624 959 1740 1015 haec
1767 974 2003 1028 respon-

409 1049 627 1117 demus,
662 1047 835 1105 Deum
868 1049 1173 1105 inscientiae
1198 1049 1410 1120 culpari
1442 1064 1551 1105 non
1588 1064 1770 1118 posse,
1801 1052 1899 1124 qui
1931 1052 2001 1107 ab

404 1150 616 1197 aeterno
658 1140 842 1197 omnia
877 1141 1030 1196 novit
1062 1141 1216 1212 prius
1245 1156 1410 1212 quam
1455 1141 1622 1208 flant;
1667 1156 1732 1197 ac
1766 1144 2000 1211 proinde

405 1232 543 1288 illud
593 1232 762 1289 etiam
814 1233 957 1289 clare
1005 1234 1306 1305 praescivit,
1352 1233 1661 1298 Adamum,
1712 1251 1840 1307 quae
1886 1238 2001 1307 ipse

405 1323 777 1394 imperaturus
819 1334 983 1389 esset,
1042 1340 1105 1380 ea
1157 1339 1268 1380 non
1305 1325 1603 1381 facturum.
1648 1325 1766 1405 μεθ
1817 1337 1999 1385 tamen

405 1416 531 1470 ideo
572 1431 682 1470 non
712 1415 1018 1485 imperavit,
1050 1416 1180 1487 quia
1208 1416 1364 1471 illum
1395 1417 1703 1487 pariturn’in
1737 1435 1846 1475 non
1877 1435 2000 1477 esse

404 1506 722 1575 praescivit;
778 1518 1209 1564 consentaneum
1263 1507 1406 1563 enim
1465 1514 1623 1579 erat,
1679 1519 1741 1566 ut
1795 1511 1997 1566 nihilo-

409 1597 601 1653 minus
665 1597 745 1653 illi
801 1598 1179 1668 praescriberet
1244 1598 1463 1669 legem,
1531 1610 1585 1657 et
1637 1601 1857 1672 quidem
1927 1601 1998 1657 ob

407 1688 610 1744 inultas
646 1703 866 1745 causas.
907 1689 1149 1745 Primum
1197 1702 1255 1746 ut
1296 1700 1580 1749 constaret
1620 1710 1741 1751 esse
1771 1697 1866 1766 qui
1901 1697 1998 1751 do-

408 1780 708 1838 minatione
748 1789 1127 1853 potestateque
1160 1798 1345 1839 rerum
1393 1782 1665 1855 petiretur
1707 1785 1816 1858 (est
1848 1790 1993 1844 enim

2100 588 2266 658 quasi
2312 588 2432 657 ejus
2458 587 2798 657 paenituerit,
2827 584 3098 659 dissolvit,
3129 593 3226 649 sed
3260 610 3354 665 per
3386 614 3538 654 suam
3573 616 3682 655 mi-

2105 677 2463 733 sericordiam
2492 686 2655 746 atque
2677 678 3045 746 clementiam,
3069 684 3392 755 qua:_ipsius
3423 675 3679 758 virtutes,

2107 785 2172 825 ea
2200 786 2257 824 re
2286 779 2414 826 sunt
2448 770 2749 826 luculenter
2782 772 3089 842 patefactae.
3121 775 3254 831 Nam
3284 779 3486 850 alioqui
3515 783 3680 839 etiam

2104 862 2321 934 quoties
2359 863 2549 918 relicta
2595 863 2873 934 impietate
2905 867 3064 929 redit,
3093 884 3220 924 eum
3251 873 3486 942 excipit;
3520 887 3683 947 atque

2103 970 2226 1026 qua:
2271 955 2535 1011 adversus
2581 955 2732 1011 illum
2782 958 3133 1025 decreverat,
3187 972 3382 1032 mutat,
3426 967 3504 1021 ait
3549 983 3681 1039 pro-

2102 1045 2267 1115 pheta
2318 1043 2677 1101 Jcremias”.
2720 1046 2789 1100 Et
2830 1043 3102 1104 Ninivitas
3148 1050 3317 1107 exitio
3371 1055 3682 1126 damnatos,

2103 1146 2226 1208 post
2272 1152 2436 1208 quam
2486 1149 2893 1197 commutarunt
2939 1144 3155 1209 vitam,
3200 1146 3469 1216 supplicio
3497 1152 3681 1206 exsol-

2112 1231 2188 1285 vit
2219 1231 2257 1287 ³.
2313 1228 2500 1303 Neque
2532 1231 2822 1289 Ezecliiam
2853 1235 2921 1292 de
2953 1238 3193 1295 admisso
3231 1252 3456 1311 peccato
3490 1246 3681 1302 dolen-

2102 1331 2234 1388 tem,
2278 1334 2478 1389 morte,
2521 1332 2582 1380 ut
2611 1326 2977 1383 comminatus
3011 1329 3211 1397 fuerat,
3250 1336 3516 1393 multavit.
3542 1339 3687 1394 lino

2101 1430 2230 1471 vero
2266 1417 2516 1487 quotidie
2562 1418 2751 1475 videre
2782 1430 2888 1486 est,
2935 1422 3087 1478 illum
3134 1441 3244 1481 non
3292 1430 3561 1498 perditum
3598 1434 3681 1488 ire

2098 1522 2195 1565 eos
2223 1510 2320 1581 qui
2364 1512 2485 1568 suis
2516 1514 2788 1571 mandatis
2824 1529 2933 1571 non
2980 1529 3198 1587 parent,
3237 1522 3330 1577 sed
3362 1534 3683 1594 exspectare

2101 1608 2162 1655 ut
2190 1603 2542 1673 resipiscant.
2592 1603 2877 1662 Postremo
2924 1609 2991 1663 ad
3039 1611 3307 1669 mendacii
3352 1614 3684 1673 calumniam.

2099 1694 2520 1763 respondemus,
2552 1697 2711 1767 plane
2734 1697 2902 1753 Deum
2930 1702 3220 1757 mentitum
3246 1718 3354 1760 non
3385 1720 3527 1772 esse,
3554 1722 3676 1764 cum

2097 1784 2293 1852 Adam,
2341 1801 2452 1857 quo
2494 1787 2584 1843 die
2626 1788 2694 1844 de
2739 1790 2902 1845 vetita
2943 1791 3136 1848 arbore
3178 1794 3310 1860 edit,
3345 1811 3413 1852 eo
3448 1808 3679 1854 mortem

404 1870 774 1941 dominorum,
827 1874 975 1945 leges
1023 1876 1290 1946 statuere)
1337 1876 1619 1948 sciretque
1665 1880 1911 1936 Adamus
1942 1891 1997 1937 et
2026 1860 2069 1915 Β
2095 1891 2316 1962 quoque
2359 1880 2428 1948 (si
2480 1880 2729 1935 animum
2774 1884 3013 1952 spectes)
3054 1884 3297 1964 ‘obierit;
3344 1890 3545 1960 quippe
3586 1893 3681 1960 qui

413 1972 621 2018 caetera
674 1980 761 2020 res
790 1967 1042 2033 conditae,
1088 1982 1149 2023 se
1194 1978 1480 2025 creaturas
1526 1985 1649 2027 esse
1689 1979 1745 2027 et
1787 1987 1992 2042 servos,

407 2055 609 2124 quibus
638 2056 817 2113 solent
866 2057 1014 2131 leges
1059 2060 1201 2116 dari.
1249 2061 1335 2117 Ad
1386 2064 1513 2128 hoc,
1558 2065 1681 2119 data
1732 2067 1847 2137 lege
1879 2083 1996 2122 cer-

406 2146 604 2202 tiorem
635 2149 872 2204 reddidit
899 2149 1046 2208 Deus
1073 2152 1347 2207 Adamuin
1375 2163 1431 2211 et
1458 2154 1704 2225 reliquos
1734 2159 1995 2214 mortales

408 2240 623 2296 ratione
655 2243 935 2310 praeditos,
964 2259 1022 2299 se
1052 2244 1269 2300 arbitrii
1297 2246 1554 2303 libertate
1578 2249 1727 2318 ipsos
1758 2251 1996 2306 donasse

406 2329 540 2385 dum
578 2331 858 2400 conderet,
889 2348 998 2403 qua
1031 2330 1167 2390 freti
1190 2346 1419 2405 possent
1465 2338 1546 2392 vel
1592 2338 1885 2394 observare
1912 2340 1995 2396 vel

411 2419 689 2477 transilire
718 2422 890 2496 legem
922 2426 1317 2495 praescriptam.
1350 2423 1489 2481 Nam
1521 2427 1569 2483 si
1597 2428 1766 2496 legem
1812 2430 1991 2498 tollas,

409 2514 548 2568 nihil
577 2517 682 2571 erit
710 2518 854 2573 unde
891 2534 1009 2574 eam
1050 2520 1384 2585 libertatein,
1420 2536 1698 2576 summum
1751 2522 1996 2590 profecto

412 2604 508 2659 Dei
536 2610 762 2672 donum,
792 2625 1118 2679 cognoscas.
1147 2611 1382 2680 Insuper
1414 2611 1521 2678 lex,
1548 2621 1602 2667 et
1624 2613 1668 2666 si
1694 2615 1764 2668 ab
1786 2614 1997 2670 Adamo

408 2696 664 2753 violanda
704 2710 856 2765 erat,
906 2711 1085 2757 tamen
1131 2703 1282 2758 utilis
1318 2703 1423 2758 fuit
1463 2706 1529 2758 ad
1564 2706 1878 2775 probandos
1907 2722 1997 2762 se-

409 2793 825 2864 gregandosque
892 2797 1196 2868 morigeros
1250 2815 1279 2853 a
1336 2797 1668 2865 rebellibus,
1730 2800 1907 2857 bonos
1964 2818 1996 2857 a

412 2882 595 2947 malis,
639 2885 846 2942 amicos
893 2888 963 2942 ab
1014 2888 1290 2954 hostibus,
1343 2889 1693 2962 aliorumque
1738 2893 1996 2948 virtutem

411 2975 482 3030 ab
512 2975 745 3033 aliorum
782 2981 1049 3048 pravitate
1094 3001 1110 3035 :
1149 2998 1384 3051 quorum
1420 2984 1558 3038 nihil
1609 2986 1823 3039 sublata
1855 2986 1995 3057 lege,

412 3071 673 3138 cognosci
724 3072 1123 3145 dijudicarique
1167 3092 1197 3131 a
1250 3077 1411 3133 nobis
1445 3088 1649 3147 posset.
1698 3077 1818 3133 Jani
1868 3096 1998 3136 vero

411 3164 505 3228 qui
532 3172 814 3219 constaret
838 3167 986 3236 juste
1009 3167 1134 3223 aliis
1161 3170 1447 3238 praemium
1478 3184 1508 3223 a
1537 3168 1649 3224 Deo
1673 3171 1791 3224 dari
1821 3172 1996 3240 ipsum

411 3253 635 3310 cteleste
688 3271 960 3329 regnum,
1029 3261 1124 3329 qui
1173 3260 1495 3331 obsequiosi
1550 3262 1817 3317 servanda
1880 3263 1997 3334 lege

412 3342 651 3399 cilicium
702 3347 928 3414 colunt,
997 3350 1124 3405 aliis
1176 3351 1520 3407 calamitates
1573 3354 1767 3408 merito
1826 3353 1919 3407 inll
1943 3355 1995 3424 gi

412 3436 507 3505 qui
535 3435 659 3492 lata:
686 3438 787 3510 legi
820 3456 929 3496 non
966 3452 1180 3512 parent,
1211 3444 1319 3499 nisi
1350 3443 1434 3498 lex
1465 3455 1618 3500 esset
1655 3445 1810 3499 lata?
1840 3445 1997 3514 Quod

409 3526 462 3583 si
492 3544 621 3584 vero
650 3529 773 3587 ideo
818 3531 949 3589 ferri
998 3550 1109 3590 non
1151 3535 1341 3590 debuit
1384 3536 1517 3606 quia
1563 3550 1682 3590 eam
1718 3536 1996 3596 fracturus

412 3630 532 3675 erat
554 3621 792 3678 Adamus
812 3640 938 3681 cum
964 3641 1155 3693 uxore,
1178 3627 1324 3683 haud
1348 3642 1483 3682 sane
1504 3636 1656 3684 recte
1680 3631 1997 3702 praescripta

406 3709 524 3780 iam
553 3711 718 3769 fuerit
748 3715 1073 3772 mortalibus
1103 3716 1227 3772 fidei
1257 3731 1473 3782 norma,
1505 3720 1725 3787 quando
1756 3721 1994 3775 maxima

417 3818 546 3871 pars
572 3805 854 3863 hominum
879 3825 1000 3865 eam
1029 3826 1139 3865 non
1164 3809 1313 3866 colit.
1340 3808 1647 3875 Postremo,
1677 3812 1996 3881 pneseripla

417 3889 536 3960 lege
582 3908 870 3951 monemur
901 3898 1134 3954 alterum
1167 3912 1292 3953 esse
1336 3898 1598 3953 saeculum
1643 3898 1698 3952 in
1748 3915 1856 3969 quo
1898 3916 1995 3957 sua

417 3983 662 4049 praimia,
694 3995 751 4040 et
780 3986 849 4041 iis
876 3988 971 4058 qui
1003 3987 1399 4058 obtemperant,
1428 3995 1482 4042 et
1510 3987 1576 4042 iis
1605 3987 1700 4058 qui
1732 3987 1997 4044 rebellant

415 4071 530 4127 sint
576 4078 869 4145 praestituta
909 4094 925 4132 :
962 4078 1148 4134 alteris
1197 4086 1474 4148 perpetuae
1528 4077 1759 4140 deliciae,
1808 4077 1996 4133 alteris

420 4165 699 4223 cruciatus
752 4169 1094 4239 sempiterni.
1147 4167 1260 4223 Lex
1314 4167 1463 4223 enim
1516 4169 1717 4233 omnis,
1766 4174 1824 4222 et
1872 4182 1998 4236 pro-

420 4258 587 4312 missa
626 4266 680 4314 et
720 4261 898 4316 minas
945 4276 1130 4317 secum
1180 4257 1380 4314 all‘ert:
1414 4270 1473 4313 ut
1505 4258 1615 4325 illa,
1648 4259 1693 4313 si
1728 4268 1992 4325 servetur,

421 4347 528 4415 hae,
568 4348 614 4406 si
656 4348 957 4422 frangatur,
990 4360 1189 4422 praesto
1230 4349 1361 4405 sint.
1406 4349 1564 4416 Quod
1597 4365 1762 4416 porro
1791 4354 1857 4405 ad
1890 4352 1999 4407 ira-

412 4442 680 4497 cundiam
731 4452 979 4513 spectat,
1036 4442 1434 4513 respondemus
1522 4440 1692 4496 Deum
1745 4457 1851 4497 non
1901 4458 1998 4512 per

2097 1969 2442 2026 abalienatus
2472 1970 2602 2027 sita
2632 1970 2762 2038 Deo,
2793 1975 2888 2044 qui
2925 1989 3068 2047 unus
3101 1975 3211 2031 vita
3243 1992 3391 2043 vera,
3425 1989 3683 2052 certaque

2097 2067 2217 2125 est;
2250 2068 2364 2115 rata
2393 2061 2557 2131 igitur
2586 2062 2688 2117 fuit
2717 2063 2833 2130 Dei,
2861 2079 2928 2133 eo
2957 2065 3069 2132 die,
3096 2066 3363 2125 adversus
3391 2070 3541 2127 illum
3572 2072 3680 2128 lata

2098 2153 2392 2207 sententia.
2422 2152 2487 2207 Et
2510 2167 2638 2207 vero
2672 2152 2791 2221 ipso
2816 2154 2980 2209 etiam
3012 2168 3266 2226 corpore,
3291 2158 3383 2213 illo
3417 2160 3506 2215 die
3534 2177 3681 2217 mor-

2100 2251 2226 2298 tuus
2254 2252 2339 2297 est
2367 2245 2601 2313 quadam
2636 2245 2929 2300 aﬂ‘ectione
2987 2247 3300 2304 turbulenta
3337 2266 3459 2320 quae
3489 2255 3684 2311 mortis

2097 2344 2244 2390 esset
2273 2334 2514 2397 efficiens
2543 2352 2557 2390 :
2589 2346 2648 2390 ut
2676 2352 2706 2391 a
2737 2352 2848 2407 quo
2878 2339 3042 2395 simul
3077 2355 3301 2409 prorsus
3333 2343 3683 2400 auferebatur

2098 2425 2528 2484 immortalitatis
2566 2430 2762 2499 gratia,
2815 2444 2881 2485 ac
2928 2431 3158 2500 proinde
3209 2434 3378 2489 morti
3403 2433 3515 2506 iam
3569 2446 3683 2492 tum

2102 2514 2264 2570 fiebat
2293 2516 2585 2584 obnoxius,
2618 2528 2674 2573 et
2723 2520 2951 2576 omnino
2998 2522 3265 2579 mortalis.
3305 2523 3385 2579 Ex
3434 2526 3521 2580 bis
3550 2542 3683 2596 ergo

2098 2606 2355 2663 omnibus
2389 2600 2704 2676 centicitur,
2744 2610 3012 2705 Mane-tem
3060 2621 3117 2668 et
3161 2614 3402 2685 reliquos
3444 2616 3565 2687 ejus
3600 2620 3684 2674 fa-

2097 2699 2296 2754 ctionis
2346 2699 2598 2757 homines
2650 2699 2903 2772 improbe
2968 2703 3135 2760 Deum
3186 2707 3446 2777 sugillare
3493 2725 3683 2767 eorum

2098 2786 2389 2843 criminum
2415 2829 2431 2856 ,
2472 2805 2595 2861 quae
2628 2792 2742 2861 jain
2782 2794 3045 2853 vidimus.

2170 2878 2381 2937 Rursus
2408 2881 2564 2936 aiunt
2594 2883 2754 2938 iidem
2784 2884 3010 2959 Manetis
3037 2902 3357 2946 assensores
3386 2908 3401 2946 :
3432 2889 3689 2959 Quanam.

2099 2972 2415 3040 prohibitus
2474 2987 2561 3030 est
2605 2974 2850 3033 Adamus
2895 2992 3063 3034 causa
3097 2980 3167 3036 ab
3201 2983 3395 3038 arbore
3438 2985 3684 3042 scientiae.

2099 3066 2410 3133 gustanda?
2456 3081 2525 3121 an
2561 3068 2691 3137 quia
2725 3069 2868 3124 mala
2898 3084 2961 3126 ea
2991 3083 3177 3138 esset,
3225 3089 3292 3130 an
3335 3077 3462 3146 quia
3499 3077 3687 3133 bona?

2104 3152 2163 3208 Si
2196 3157 2324 3224 quia
2356 3158 2534 3224 mala;
2558 3174 2626 3212 an
2660 3159 2801 3215 mala
2829 3162 2993 3216 arbor
3017 3173 3133 3219 sata
3166 3167 3364 3220 eratin
3390 3167 3683 3236 paradiso?

2104 3244 2201 3300 Sin
2229 3246 2359 3317 quia
2389 3248 2529 3303 bona
2553 3264 2567 3315 ;
2592 3265 2689 3319 per
2715 3252 2975 3308 invidiam
3001 3256 3310 3323 prohibitus
3336 3260 3452 3313 est!
3478 3257 3681 3316 contra

2098 3336 2215 3393 haec
2262 3339 2520 3406 dicimus,
2552 3355 2671 3396 eam
2718 3343 2971 3399 arborem
3020 3356 3214 3418 suapte
3267 3360 3462 3405 natura
3508 3368 3685 3424 neque

2100 3428 2296 3484 bonam
2325 3446 2503 3502 neque
2533 3433 2732 3489 malam
2765 3436 2956 3503 fuisse,
2986 3437 3081 3494 sed
3114 3440 3339 3509 perinde
3367 3453 3532 3513 atque
3565 3446 3687 3514 ipsa»

2099 3519 2222 3589 quis
2245 3529 2486 3577 uteretur
2509 3524 2914 3582 abutereturve.
2942 3525 3112 3584 Usum
3163 3539 3343 3586 autem
3395 3541 3553 3603 atque
3582 3535 3684 3589 ab-

2098 3625 2259 3666 usum
2281 3651 2296 3678 ,
2317 3613 2370 3667 in
2401 3613 2575 3671 libero
2607 3619 2907 3686 primorum
2940 3630 3227 3689 parentum
3260 3622 3435 3679 fuisse
3455 3624 3693 3680 arbitrio

2096 3706 2336 3775 positum
2365 3746 2379 3769 ,
2419 3716 2477 3761 ut
2520 3707 2635 3776 jam
2669 3723 2780 3764 non
2810 3724 2879 3764 ex
2920 3710 3037 3778 ipsa
3069 3712 3266 3767 arbore
3307 3713 3509 3767 malum
3537 3752 3553 3778 ,
3586 3716 3696 3770 sed-

2097 3810 2164 3850 ex
2186 3796 2402 3852 arboris
2425 3797 2601 3853 abusu
2629 3800 2950 3866 provenisse
2971 3802 3399 3858 existimandum
3417 3804 3509 3860 sit.
3534 3802 3701 3860 Idem;

2052 3908 2063 3913 ·
2096 3889 2165 3944 de
2195 3890 2341 3944 bono
2369 3890 2662 3945 dicendum
2696 3890 2932 3957 fuisset,
2965 3892 3010 3946 si
3041 3892 3214 3948 Adam
3246 3895 3521 3951 mandatis
3552 3912 3679 3966 qua:

2097 3980 2166 4035 de
2204 3995 2267 4035 ea
2309 3981 2505 4036 arbore
2546 3994 2833 4052 acceperat
2863 3983 3136 4052 paruisset
3171 4002 3185 4039 :
3219 3986 3681 4083 quemadmodum

2098 4070 2255 4127 cibus
2275 4086 2384 4142 qua
2409 4071 2564 4128 cibus
2581 4082 2687 4138 est,
2715 4073 2848 4128 nihil
2873 4074 3017 4130 ullus
3033 4070 3451 4145 ab-alio‘dill‘ert,
3470 4079 3562 4135 sed
3584 4094 3685 4149 pro

2096 4171 2258 4218 aetate
2304 4174 2469 4233 atque
2503 4164 2712 4220 viribus
2742 4166 3081 4221 vescentium
3118 4169 3380 4225 maxime.
3420 4167 3556 4224 Nam
3588 4175 3689 4241 qui

2101 4256 2370 4312 vescentis
2403 4256 2614 4311 viribus
2639 4257 2937 4327 respondet
2965 4267 3134 4329 atque
3164 4276 3406 4332 congruo
3441 4270 3685 4330 tempore

2100 4346 2360 4411 sumitur,
2385 4347 2596 4413 bonus;
2630 4351 2726 4418 qui
2763 4367 2891 4405 vero
2927 4351 3072 4407 vires
3104 4361 3325 4422 superat
3357 4363 3453 4408 aut
3486 4356 3711 4409 nonin-

2103 4446 2344 4507 tempore
2371 4441 2608 4510 capitur,
2643 4442 2820 4497 malus
2852 4443 3084 4498 habetur
3116 4460 3131 4496 :
3161 4450 3241 4499 sic
3275 4459 3409 4501 usus
3436 4446 3569 4500 Adae
3598 4460 3685 4501 at-

419 4533 560 4591 iram
602 4538 990 4606 pronuntiasse
1018 4526 1286 4592 adversus
1330 4534 1597 4590 Adamum
1640 4533 1789 4589 illam
1835 4536 1995 4590 talem
2031 4544 2074 4599 ι)
2107 4546 2212 4599 que
2245 4532 2431 4587 uxoris
2460 4534 2516 4585 in
2561 4537 2828 4601 permissa
2859 4534 3081 4604 quidem
3113 4537 3309 4591 arbore
3333 4575 3350 4602 ,
3384 4539 3598 4605 bonus;
3632 4549 3687 4594 at

422 4632 774 4695 sententiam,
814 4631 910 4686 sed
959 4646 1054 4701 per
1099 4645 1303 4686 meram
1334 4628 1815 4698 ;misericordiam;
1850 4629 1994 4698 quod

423 4723 550 4778 hinc
583 4725 953 4795 cognoscitur,
990 4723 1118 4793 quia
1152 4722 1576 4793 haudquaquam
1623 4722 1716 4776 illo
1744 4721 1834 4776 die
1862 4721 1998 4775 obiit

424 4824 655 4872 mortem
698 4832 808 4887 quo
854 4815 1064 4870 facinus
1099 4815 1252 4881 fecit,
1294 4830 1395 4885 pro
1437 4813 1727 4868 sententia:
1765 4813 1946 4867 verbis
1982 4829 1996 4866 :

424 4908 685 4964 nimirum
718 4907 884 4963 verba
919 4922 986 4963 eo
1015 4905 1219 4962 fecerat
1255 4906 1402 4961 Deus
1440 4903 1724 4975 rigidiora,
1757 4918 1869 4973 quo
1899 4918 1998 4973 po-

422 5003 721 5071 steritatem
747 5010 1118 5071 venturosque
1147 5006 1397 5070 nepotes,
1423 5013 1519 5069 per
1541 5006 1769 5060 metum,
1792 5013 1822 5051 a
1846 4995 1998 5051 frau-

422 5070 613 5166 gendis
661 5091 871 5164 legibus
921 5070 1343 5161 rebellandoque
1404 5089 1734 5145 contineret.
1788 5087 1998 5142 Rursus

418 5188 491 5242 de
515 5184 856 5258 paenitentia,
882 5183 1041 5252 cujus
1077 5190 1301 5239 accusat
1329 5178 1499 5234 Deum
1529 5176 1735 5241 Manes,
1762 5175 1999 5231 dicimus

420 5280 644 5336 illorum
685 5291 806 5333 esse
834 5275 1024 5331 dolore
1066 5280 1232 5341 atque
1260 5271 1523 5340 poenitere
1567 5270 1662 5339 qui
1710 5269 1883 5325 nescii
1911 5284 2000 5323 re-

425 5388 548 5427 rum
575 5379 832 5436 eventus,
864 5384 929 5424 ea
969 5366 1178 5422 faciunt
1207 5378 1442 5435 quorum
1471 5363 1652 5417 exitus
1693 5376 1883 5431 parum
1912 5377 1999 5416 rc-

424 5469 692 5537 spondeat
729 5464 972 5535 ipsorum
1003 5455 1343 5521 commodis;
1383 5462 1438 5508 at
1481 5452 1674 5518 Deum,
1706 5468 1829 5506 cum
1862 5467 1999 5523 prie-

426 5559 569 5616 sciat
616 5556 798 5612 omnia
849 5568 1010 5624 quem
1060 5550 1172 5606 sint
1218 5559 1448 5616 quaeque
1496 5542 1747 5598 habitura
1801 5544 1997 5609 linem,

426 5663 659 5720 prorsus
695 5646 960 5725 pcenitere
1010 5642 1175 5698 ullius
1251 5653 1359 5694 non
1406 5650 1587 5707 posse,
1651 5644 1746 5690 aut
1793 5635 1994 5706 pigere.

501 5813 546 5845 "
573 5809 775 5866 .Iercni.
807 5820 824 5861 ι
852 5812 908 5862 et
934 5818 1083 5860 xviii.
1168 5799 1183 5830 ⁸
1214 5797 1370 5854 Joan.
1403 5810 1486 5879 iii,
1525 5794 1545 5851 l
1582 5809 1733 5864 seqq.

2102 4623 2156 4676 in
2189 4623 2352 4678 vetita
2375 4661 2393 4686 ,
2428 4623 2607 4677 malus
2631 4631 2771 4678 erat.
2820 4622 3010 4694 Neque
3037 4627 3183 4681 enim
3232 4618 3309 4681 iu‘
3339 4628 3459 4698 ipsa
3488 4630 3705 4684 arbore.

2104 4713 2235 4768 boui
2276 4714 2470 4769 malive
2516 4713 2807 4770 eliicientia
2854 4716 3067 4781 inerat,
3116 4717 3212 4771 sed
3260 4717 3440 4787 ipsum
3477 4721 3686 4774 violare

2108 4805 2199 4860 Dei
2231 4804 2440 4875 legem;
2472 4804 2527 4858 id
2552 4818 2684 4859 vero
2730 4816 2849 4859 erat
2892 4806 3042 4875 quod
3078 4807 3349 4861 Adamum
3379 4809 3715 4877 occidebat,”

2105 4912 2213 4951 non
2237 4897 2424 4952 arbor.
2461 4895 2632 4951 Veluti
2670 4896 3127 4952 contumeliosum
3159 4899 3212 4952 in
3246 4910 3499 4968 parentes
3522 4943 3537 4966 ,
3573 4918 3682 4957 non

2106 4989 2225 5057 ipsa
2249 4986 2586 5043 contumelia
2607 4987 2800 5042 multat
2822 4998 3020 5053 morte,
3041 4990 3136 5043 sed
3164 4989 3337 5044 fracta
3364 4992 3451 5047 lex
3472 5008 3489 5059 ;
3510 5008 3686 5063 neque

2108 5095 2267 5135 mons
2317 5078 2471 5135 Sinai
2501 5096 2597 5136 eos
2629 5079 2996 5135 interficiebat
3040 5082 3134 5150 qui
3180 5096 3239 5135 se
3291 5084 3686 5154 contingebant

2106 5185 2219 5242 quo
2245 5181 2490 5242 tempore
2524 5170 2659 5227 certi
2690 5170 2825 5227 lines
2846 5171 3153 5242 praescripti
3189 5170 3349 5227 fuere
3374 5174 3511 5228 ultra
3545 5189 3684 5242 quos

2107 5281 2270 5321 nemo
2301 5266 2604 5329 accederet,
2640 5263 2737 5320 sed
2769 5263 2857 5319 lex
2880 5263 3104 5320 violata.
3132 5261 3253 5317 Non
3281 5263 3442 5333 igitur
3474 5264 3564 5317 illa
3591 5278 3681 5317 ar.-

2107 5357 2208 5410 hor
2238 5356 2449 5411 Adamo
2491 5357 2707 5411 malum.
2726 5357 2871 5411 dedit
2892 5395 2913 5429 ,Ἴ
2959 5355 3053 5411 sed
3084 5355 3285 5410 amissa
3327 5369 3424 5424 per
3452 5354 3679 5409 fractam

2108 5450 2278 5519 legem
2331 5463 2509 5515 noxa;
2541 5450 2820 5503 enimvero
2853 5463 2949 5517 per
2975 5446 3235 5502 invidiam
3263 5460 3371 5500 non
3399 5460 3522 5500 esse
3553 5459 3681 5513 pro-

2109 5542 2337 5597 hibitum
2385 5541 2654 5595 Adainuni
2692 5540 2761 5593 ab
2799 5555 2905 5595 una
2957 5552 3022 5595 ea
3070 5538 3265 5594 arbore
3297 5537 3430 5593 satis
3478 5536 3681 5606 arguit,

2106 5634 2254 5704 quod
2281 5642 2490 5691 caetera
2518 5647 2712 5689 omnes
2753 5632 2855 5702 ipsi
2898 5631 3021 5688 usui
3051 5631 3329 5703 permissa:
3355 5627 3528 5686 fuere.
3573 5624 3690 5681 Sed.
