4086 6414
428 387 532 451 599

1705 385 1930 446 MOSIS
1973 386 2119 445 ΒΑΗ
2159 384 2408 444 CEPIIA

3571 393 3679 456 600

421 513 490 552 eo
519 495 800 568 spectabat
827 496 1142 552 mandatum
1171 535 1186 560 ,
1216 501 1276 551 ttt
1305 495 1370 551 de
1398 495 1529 552 Adae
1572 496 1836 566 obsequio
1861 496 2005 568 peri—
2034 505 2079 561 Α
2108 510 2270 566 quem
2289 495 2994 567 praesciebatpeccaturum.
3012 498 3443 570 Respondemus,
3463 483 3689 563 minime

427 588 614 643 culum
639 589 696 643 in
720 603 826 643 una
850 588 1048 644 arbore
1078 587 1263 655 ﬁeret;
1287 601 1459 658 eoque
1486 588 1533 643 si
1561 588 2012 660 obtemperasset,

428 694 710 736 summum
746 679 982 750 pretium
1017 678 1267 747 referret,
1306 694 1502 748 nempe
1529 690 1590 734 ut
1627 691 1816 750 posset
1841 681 2010 751 {vesci

439 771 638 826 arbore
665 771 795 826 vitae
818 811 833 838 ,
863 780 1028 842 atque
1056 771 1384 827 immortalis
1415 771 1553 826 ﬁeri.
1594 771 1700 828 Sed
1732 773 1855 828 aliis
1879 788 2017 842 prae-

431 871 583 917 terea
635 861 944 918 rationibus
989 875 1158 932 supra
1209 861 1591 928 ostendimus,
1646 863 1782 918 nihil
1818 863 2016 918 horum

432 968 532 1024 per
562 953 821 1008 invidiam
850 968 880 1008 a
914 951 1026 1007 Deo
1051 961 1268 1021 gestum
1295 967 1439 1008 esse.
1641 991 1654 1018 ι
1736 1010 1743 1022 ι

505 1044 711 1101 lterum
767 1045 933 1100 instat
995 1045 1222 1100 Manetis
1289 1054 1472 1111 secta,
1530 1045 1783 1117 inquiens
1839 1062 1854 1100 :
1908 1045 2019 1102 Aut

431 1136 758 1205 praesciebat
809 1135 956 1190 Deus
1010 1134 1282 1190 Adamum
1335 1151 1444 1192 non
1489 1137 2019 1208 obtemperaturum,

431 1234 529 1279 attt
559 1239 667 1278 non
710 1222 1033 1293 praesciebat
1067 1238 1190 1278 cum
1242 1224 1414 1292 legem
1453 1223 1642 1280 ferret.
1682 1223 1740 1279 Si
1792 1225 1896 1280 hoc
1925 1225 2017 1280 de-

430 1315 578 1371 deris
613 1331 631 1382 ;
661 1314 960 1370 absurdum
997 1324 1081 1370 est
1124 1332 1140 1370 :
1184 1313 1270 1370 sin
1310 1315 1442 1370 illud
1464 1354 1480 1381 ,
1510 1315 1780 1371 vecordiae
1821 1325 1906 1372 est
1933 1331 2019 1371 ar-

430 1406 680 1475 guendos
710 1405 875 1461 Deus.
909 1403 1022 1462 Nos
1056 1420 1187 1461 vero
1212 1407 1608 1478 respondemus
1632 1410 1777 1478 quod
1809 1423 2016 1479 nuper:

435 1495 781 1565 prtescivisse
835 1495 1060 1566 quidem
1109 1495 1320 1562 Deum,
1379 1511 1492 1553 non
1545 1498 1895 1554 observatum
1949 1497 2018 1553 iri

437 1583 758 1638 mandatum
789 1583 856 1638 ab
879 1583 1094 1639 Adamo
1115 1623 1130 1650 ,
1164 1584 1218 1639 id
1242 1589 1430 1642 tamen
1455 1602 1555 1642 cur
1577 1587 1758 1644 minus
1794 1586 2022 1643 manda-

445 1682 551 1740 ret,
576 1675 711 1729 nihil
735 1675 1034 1731 obstitisse.
1061 1675 1196 1742 Quis
1221 1678 1367 1732 enim
1396 1679 1624 1734 stultum
1649 1689 1806 1734 vocet
1824 1679 2019 1745 Deum,

435 1768 569 1834 quia
626 1766 838 1836 legibus
892 1767 1069 1822 vetuit
1102 1782 1352 1837 peccare,
1398 1784 1519 1824 cum
1567 1770 1730 1825 sciret
1757 1770 2022 1839 plurimos

2117 587 2396 642 conditum
2419 601 2450 641 a
2477 587 2584 642 Deo
2605 602 2727 643 esse
2747 589 3014 643 Adamum
3040 600 3097 645 ut
3125 600 3374 661 peccaret
3395 593 3477 648 vel
3498 603 3558 648 ut
3581 610 3689 650 non

2115 689 2386 749 peccaret,
2411 679 2527 734 sive
2549 679 2800 748 utjustus
2825 692 2992 747 esset,
3009 693 3104 737 aut
3127 695 3184 738 ut
3206 684 3465 754 injustus,
3485 688 3576 741 sed
3599 702 3698 743 ne-

2116 784 2224 840 que
2254 778 2312 825 ut
2342 770 2514 841 legem
2537 772 2852 827 observaret
2875 773 2958 827 vel
2987 785 3173 828 utnon
3197 777 3536 842 observaret,
3564 792 3691 832 nam

2117 858 2166 915 si
2192 860 2390 915 horum
2425 861 2660 932 alicujus
2689 863 2860 934 gratia
2905 863 3062 919 illum
3111 865 3467 935 condidisset,
3496 882 3694 939 magna

2134 963 2268 1006 sane
2305 965 2471 1007 causa
2524 952 2629 1008 hoc
2663 952 2734 1007 ab
2778 953 2887 1009 illis
2914 965 3273 1025 quaereretur.
3320 958 3415 1012 sed
3456 973 3554 1029 pro
3592 975 3692 1016 sua

2119 1041 2388 1107 bonitate,
2439 1046 2723 1115 gratiaque
2778 1047 2925 1102 m'era
2979 1048 3129 1104 illum
3197 1049 3418 1115 effecit,
3469 1052 3694 1124 haecque

2118 1136 2296 1207 prima
2330 1138 2440 1192 Deo
2471 1137 2620 1194 illius
2649 1139 2870 1195 creandi
2906 1154 3072 1196 causa
3127 1139 3228 1196 fuit
3261 1151 3495 1197 :caetera
3527 1157 3694 1213 porro

2121 1228 2232 1292 illa,
2272 1228 2595 1284 secundaria
2627 1231 2985 1287 existimanda
3013 1240 3163 1298 sunt,
3193 1240 3253 1286 ttt
3284 1249 3406 1304 quae
3432 1248 3500 1289 ex
3523 1236 3698 1304 ipsius

2118 1319 2248 1375 Adae
2283 1321 2513 1376 arbitrio
2546 1323 2942 1392 pependerint,
2975 1339 3098 1380 cum
3150 1326 3254 1381 hoc
3309 1341 3479 1397 penes
3516 1327 3691 1382 solum

2119 1411 2433 1468 Creatorem
2456 1424 2619 1470 esset.
2651 1415 2993 1486 Quapropter
3015 1416 3199 1486 potius
3227 1418 3307 1474 sic
3341 1419 3416 1472 illi
3440 1432 3688 1489 quaerere

2119 1503 2462 1572 debuerunt,
2497 1519 2598 1561 cur
2628 1507 2898 1562 creaverit
2943 1509 3213 1563 Adamum
3244 1508 3412 1578 Deus,
3447 1511 3518 1565 ita
3548 1511 3695 1566 enim

2120 1608 2445 1664 responsum
2484 1596 2736 1652 tulissent
2771 1613 2787 1652 :
2827 1608 3046 1668 propter
3077 1613 3229 1654 suam
3260 1600 3432 1669 ipsius
3457 1602 3700 1671 probita-

2122 1692 2253 1742 tem.
2285 1685 2419 1740 Nam
2455 1687 2663 1758 reliqua
2693 1687 2785 1743 illa
2825 1704 3057 1759 peccare
3096 1699 3190 1745 aut
3221 1706 3325 1745 non
3362 1705 3611 1761 peccare,
3643 1700 3701 1747 et

2121 1793 2243 1848 quae
2280 1777 2620 1834 addebantur
2656 1789 2890 1849 caetera;
2925 1795 2994 1836 ex
3034 1781 3162 1837 Adae
3192 1782 3362 1838 libera
3391 1783 3698 1854 pendebant

435 1858 558 1911 fore
590 1856 684 1926 qui
715 1866 900 1912 essent
931 1858 1243 1927 peccaturi?
1268 1857 1413 1915 Sane
1443 1861 1488 1914 si
1519 1860 1701 1916 nullas
1730 1861 1876 1930 leges
1896 1875 2026 1916 con-
2057 1879 2101 1935 Β
2128 1870 2424 1926 voluntate.
2485 1869 2603 1928 ﬂuc
2651 1873 2902 1930 addimus
2935 1875 3096 1930 etiam
3155 1875 3288 1931 illud
3338 1891 3353 1930 :
3400 1877 3603 1946 Deum,
3640 1886 3699 1933 ut

433 1948 685 2012 didisset,
728 1957 824 2002 aut
848 1949 982 2003 nihil
1014 1950 1389 2020 imperavisset
1413 1994 1428 2018 ,
1463 1967 1640 2023 neque
1666 1969 1834 2024 penes
1868 1954 2018 2010 illum

433 2038 887 2104 dominationem,
921 2026 1100 2107 neque
1133 2054 1296 2109 penes
1326 2057 1427 2098 nos
1463 2043 1674 2098 arbitrii
1713 2044 2018 2102 libertatem

433 2144 596 2193 esse,
659 2128 919 2185 rescitum
991 2140 1158 2188 esset.
1217 2131 1695 2190 Verumenimvero
1748 2137 1840 2192 ille
1896 2153 2020 2194 cum

431 2216 712 2285 prmsciret
753 2225 953 2272 cuncta
988 2234 1110 2288 quae
1141 2230 1401 2275 eventura
1432 2232 1640 2288 essent,
1681 2221 1826 2305 leges
1861 2216 2021 2280 nobis

437 2309 585 2363 dedit
617 2323 715 2363 ceu
751 2307 938 2365 liberis
963 2319 1017 2365 et
1038 2309 1212 2386 libero
1239 2312 1465 2367 arbitrio
1494 2313 1734 2383 praeditis
1752 2356 1768 2380 ,
1794 2324 1850 2370 ut
1873 2315 2020 2386 quod

434 2400 628 2454 liberet
663 2399 718 2454 id
748 2414 1056 2470 ageremus.
1087 2399 1198 2457 Nos
1228 2417 1357 2458 vero
1387 2417 1488 2473 pro
1523 2419 1619 2459 sua
1654 2407 1889 2475 quisque
1921 2420 2016 2461 vo-

435 2492 645 2546 luntate
675 2501 730 2545 et
759 2491 970 2546 arbitrii
1010 2492 1261 2548 libertate
1285 2531 1302 2559 ,
1337 2510 1463 2564 erga
1493 2495 1640 2565 leges
1664 2536 1680 2562 ,
1707 2506 1802 2551 aut
1833 2498 2022 2554 obser-

375 2607 380 2611 -
438 2582 618 2636 rando
656 2598 750 2639 eas
780 2593 875 2638 aut
922 2585 1223 2654 frangendo
1248 2625 1264 2652 ,
1299 2599 1512 2643 nosmet
1541 2588 1801 2659 gerimus.
1833 2588 2018 2662 Neque

428 2673 589 2729 aliter
615 2690 833 2746 quoque
879 2691 1004 2731 cum
1039 2678 1247 2731 Adamo
1279 2686 1462 2734 actum
1496 2689 1617 2748 est;
1655 2696 1821 2750 penes
1860 2683 2014 2738 illum

429 2766 576 2819 enim
609 2775 727 2820 erat
771 2775 826 2820 et
853 2768 1015 2822 edere
1054 2779 1108 2823 et
1149 2785 1254 2822 non
1291 2770 1452 2825 edere
1484 2772 1552 2827 de
1590 2773 1786 2829 arbore
1814 2775 2012 2841 vetita;

433 2866 599 2925 atque
627 2855 672 2911 si
699 2873 804 2912 non
829 2858 1052 2927 edisset,
1078 2875 1142 2914 ex
1169 2861 1341 2930 gratia
1365 2863 1690 2921 immortalis
1719 2865 2012 2933 evasisset;

427 2958 784 3018 posteaquam
832 2965 962 3004 vero
991 2952 1124 3018 edit,
1160 2946 1412 3009 mortuus
1455 2964 1558 3010 est.
1589 2955 1686 3011 llis
1719 2959 1903 3029 itaque
1927 2975 2017 3014 ar-

427 3037 715 3104 gumentis
743 3039 994 3108 colligere
1017 3052 1121 3109 est,
1155 3058 1332 3113 neque
1363 3046 1502 3102 male
1529 3056 1701 3102 satam
1732 3047 1904 3106 fuisse
1928 3066 2019 3106 ar-

2122 1963 2397 2032 prtescivit
2438 1975 2788 2032 peccaturum
2817 1965 3085 2021 Adantum
3118 1967 3507 2039 lapsurumque
3544 1971 3696 2039 prius

2122 2070 2286 2126 quam
2333 2057 2624 2124 conderet;
2666 2058 2740 2112 ita
2799 2061 3141 2128 praescivisse
3183 2075 3403 2132 quoque
3457 2076 3517 2117 se
3565 2063 3695 2117 olim

2122 2156 2439 2214 venturum,
2461 2148 2979 2220 redempturumqtie
3002 2151 3152 2206 illum
3179 2167 3206 2206 a
3230 2163 3452 2222 peccato
3475 2153 3530 2207 in
3546 2153 3694 2223 quod

2121 2232 2426 2301 incidisset,
2457 2236 2745 2307 ipsiusque
2772 2248 3098 2295 vetustatem
3125 2242 3585 2308 instauraturum,
3613 2252 3695 2296 at.

2119 2341 2226 2396 que
2275 2328 2579 2398 collapsum
2613 2329 3059 2399 sublevaturum;
3093 2345 3150 2389 ut
3178 2349 3244 2388 eo
3281 2337 3462 2392 minus
3495 2335 3696 2392 mirum

2120 2417 2290 2474 videri
2310 2419 2559 2492 'dcbeatl,
2590 2422 2636 2476 si
2669 2424 2876 2478 creavit
2905 2439 3067 2494 quem
3104 2427 3267 2497 paulo
3292 2437 3413 2498 post
3441 2439 3699 2499 peccatu-

2119 2523 2241 2563 rum
2293 2514 2596 2579 praesciret.
2652 2514 2857 2571 Adhaec
2921 2517 3027 2572 nisi
3090 2526 3336 2575 creasset
3389 2519 3534 2589 quod
3589 2535 3697 2577 non

2118 2601 2402 2656 nesciebat
2485 2614 2807 2673 peccaturos
2841 2645 2857 2671 ,
2909 2605 3114 2663 frustra
3184 2610 3407 2666 creandi
3473 2627 3695 2683 operam

2118 2693 2484 2761 sumpsisset;
2526 2696 2729 2765 quippe
2759 2697 2854 2767 qui
2886 2712 2987 2752 nec
3015 2698 3392 2770 blasphemnm
3427 2701 3480 2757 in
3511 2713 3700 2759 ventre

2119 2783 2311 2839 matris
2344 2799 2458 2839 sua:
2499 2785 2746 2842 ﬁnxisset
2767 2826 2782 2850 ,
2815 2803 2994 2860 neque
3028 2791 3330 2861 hypocrita:
3359 2795 3699 2864 permisisset

2120 2885 2182 2930 ut
2205 2878 2481 2947 aspiceret
2515 2878 2722 2936 lumen.
2769 2879 3014 2953 Denique
3041 2899 3108 2940 eo
3147 2885 3584 2943 luculentissima
3601 2889 3698 2947 Dei

2117 2966 2364 3032 probitas
2395 2977 2448 3022 et
2473 2971 2645 3038 gratia
2671 2979 2892 3039 apparet
2918 3010 2934 3036 ,
2967 2974 3108 3042 quod
3139 2989 3278 3044 quos
3307 2976 3411 3031 sibi
3453 2993 3564 3032 non
3599 2979 3700 3034 ob-

2119 3065 2530 3129 temperaturos
2545 3062 2716 3125 novit,
2737 3076 2830 3117 eos
2850 3064 3176 3134 progignere
3204 3081 3311 3121 non
3345 3069 3692 3140 dedignatur.

426 3132 617 3181 liorem
678 3130 924 3185 scientia:
956 3131 1024 3186 ab
1073 3133 1246 3201 initio,
1280 3151 1455 3206 neque
1491 3137 1701 3196 Adamo
1747 3141 2015 3199 invidiose
2115 3147 2252 3203 Nam
2295 3151 2443 3206 solos
2475 3153 2778 3224 morigeros
2802 3195 2818 3218 ,
2850 3130 3179 3226 sua‘causa,
3212 3159 3316 3213 hoc
3343 3170 3426 3215 est
3449 3130 3556 3227 ,vut
3581 3179 3692 3219 sum

428 3216 518 3323 illa
552 3217 904 3275 interdictum
937 3237 1058 3323 esse
1092 3241 1105 3276 :
1141 3241 1210 3281 ne
1242 3227 1338 3281 illo
1380 3229 1598 3285 mittant
1635 3231 1844 3302 linguas
1885 3250 2015 3290 suas
2041 3223 2084 3283 ο
2118 3241 2382 3297 voluntati
2407 3216 2748 3314 imperioque
2769 3216 3228 3316 obsecundarent,
3255 3259 3308 3304 et
3337 3216 3683 3323 sibi'gratum

430 3305 665 3364 Manetis
691 3311 934 3376 asseclze,
961 3311 1052 3368 Dei
1081 3315 1286 3386 hostes,
1317 3319 1446 3374 dum
1475 3336 1572 3390 pro
1595 3323 1805 3380 duabus
1827 3340 2011 3380 rerum

430 3399 618 3452 causis
638 3403 949 3458 astruendis
971 3407 1360 3465 contendentes
1382 3410 1637 3483 (quarum
1663 3415 1829 3471 altera
1850 3419 2014 3486 bona,

439 3489 581 3542 mala
617 3495 782 3546 altera
833 3492 926 3563 sit)
977 3494 1285 3553 istiusmodi
1320 3504 1661 3570 argumentis
1709 3521 1811 3562 nos
1843 3508 2014 3564 laces-

429 3587 591 3646 sunt,
642 3582 734 3651 qui
775 3599 942 3639 unum
978 3585 1152 3642 Deum
1187 3590 1510 3659 profitemur
1541 3613 1553 3649 :
1588 3597 1657 3661 si,
1688 3598 2014 3667 inquientes,

429 3670 568 3724 mala
599 3682 718 3728 crat
765 3675 947 3741 arbor,
984 3691 1085 3731 cur
1120 3693 1239 3734 eam
1281 3683 1418 3738 sevit
1457 3683 1600 3741 Deus
1635 3689 1688 3742 in
1733 3691 2008 3759 paradiso,

431 3777 554 3830 quae
586 3764 796 3820 Adamo
829 3767 1046 3822 ruinam
1079 3779 1225 3826 esset
1255 3772 1505 3832 illatura?
1537 3779 1632 3832 Sin
1663 3781 1828 3848 bona,
1857 3799 2013 3850 pror-

429 3867 526 3908 sus
551 3869 648 3922 per
673 3856 933 3912 invidiam
957 3861 1302 3928 prohibuerit
1331 3865 1481 3922 illum
1510 3885 1731 3928 necesse
1763 3886 1868 3929 est.

983 3972 1258 4028 CAPUT
1315 3977 1426 4033 Ill.

423 4056 622 4112 Contra
647 4061 858 4116 ,Ιαιὲαηὶ
884 4066 1184 4133 Αροδιαιιε,
1213 4070 1279 4122 de
1300 4076 1487 4127 arbore
1520 4076 1658 4140 ritw,
1689 4078 2008 4137 calumnias.

499 4148 684 4204 Satius
719 4153 910 4208 fuisset
937 4195 951 4220 ,
981 4158 1056 4210 ait
1103 4157 1355 4216 Julianus
1377 4201 1392 4226 ,
1422 4165 1672 4221 arborem
1701 4169 1845 4223 illam
1872 4174 2010 4226 veti-

424 4252 531 4294 tatn
554 4279 570 4305 ,
603 4243 781 4297 autin
816 4248 1015 4314 angulo
1049 4251 1286 4318 paradisi
1318 4263 1414 4308 aut
1443 4257 1560 4310 loco
1592 4259 1780 4328 aliquo
1806 4263 2010 4318 obscu-

426 4331 574 4386 riore
617 4343 870 4401 exstare;
923 4343 991 4393 ne
1020 4339 1148 4393 dum
1202 4354 1465 4414 perpetuo
1509 4348 1579 4402 ob
1609 4351 1798 4413 oculos
1829 4363 2008 4422 esset,

431 4422 661 4478 nimium
691 4426 775 4479 sui
801 4426 1136 4484 desiderium
1166 4434 1220 4486 in
1247 4436 1445 4491 animis
1477 4452 1764 4508 parentum
1797 4454 2011 4502 nostro-

426 4530 547 4568 rum
579 4517 865 4574 excitaret.
896 4518 1035 4576 Huic
1067 4526 1356 4594 respondet
1388 4527 1451 4583 ί).
1480 4531 1734 4601 Cyrillus,
1759 4539 2008 4594 oratione

2118 3332 2380 3401 facerent,
2397 3335 2653 3405 genuisse
2674 3337 2841 3393 videri
2861 3349 3072 3408 poterat
3094 3357 3107 3394 :
3130 3348 3185 3394 at
3209 3343 3431 3410 quando
3451 3346 3561 3414 jam
3589 3361 3686 3415 pro

2117 3441 2216 3481 sua
2242 3426 2503 3491 bonitate,
2535 3437 2588 3482 et
2614 3427 2788 3484 bonos
2813 3439 2955 3484 creat
2991 3441 3046 3486 et
3075 3433 3269 3499 malos,
3305 3449 3411 3490 non
3442 3435 3691 3506 ignarus,

2115 3517 2316 3573 alteros
2339 3532 2433 3586 per
2455 3518 2730 3587 virtutem,
2761 3533 2856 3590 per
2887 3521 3313 3594 improbitatem,
3342 3525 3540 3583 alteros
3561 3538 3696 3583 aeta-

2117 3618 2224 3665 tem
2255 3617 2475 3665 acturos
2507 3611 2984 3681 (quemadmodum
3015 3615 3178 3670 etiam
3213 3617 3342 3671 solis
3365 3619 3449 3671 sui
3479 3618 3686 3684 lumen,

2111 3702 2266 3772 juxta
2330 3703 2488 3758 bonis
2533 3712 2585 3758 et
2637 3705 2798 3760 malis
2845 3706 3110 3776 impertit,
3131 3716 3186 3763 et
3235 3709 3470 3779 pluviam
3520 3711 3687 3780 justis

2117 3794 2442 3865 injustisque
2465 3795 2508 3866 ¹)
2536 3794 2839 3852 clarissima
2870 3797 3118 3869 profecto
3145 3802 3324 3857 evadit
3350 3801 3522 3872 ipsius
3557 3818 3686 3873 pro-

2115 3885 2257 3940 bitas
2303 3897 2467 3956 atque
2516 3887 2823 3957 benignitas
2856 3904 2977 3960 quae
3004 3890 3227 3961 profuse
3255 3893 3521 3960 defluens,
3566 3895 3690 3948 titti-

2115 3993 2272 4034 versa
2296 3981 2664 4049 amplectitur.
2698 3980 2898 4037 Verum
2927 3984 3069 4040 hanc
3097 3987 3452 4056 quaestionem
3483 3989 3685 4043 dissol-

2113 4069 2290 4124 vimus
2324 4086 2543 4141 quoque
2590 4073 2644 4126 in
2692 4083 2880 4129 nostra
2931 4075 3382 4146 interpretatione
3434 4096 3594 4150 quam
3630 4081 3684 4135 in

2112 4159 2221 4215 divi
2262 4160 2500 4218 Mattltaei
2537 4161 2884 4235 Evangelium
2922 4165 3173 4224 fecimus.

2671 4252 2951 4309 CAPUT
3006 4253 3073 4311 V.

2267 4343 2507 4397 Mortalis
2533 4359 2600 4398 an
2633 4345 2956 4400 immortalis
2990 4357 3198 4402 creatus
3229 4351 3298 4404 sit
3327 4351 3524 4407 Adam.

2183 4434 2444 4500 Quaerunt
2471 4436 2586 4498 alii,
2609 4437 2966 4494 mortalemne
2991 4448 3209 4508 natura,
3231 4457 3297 4496 an
3323 4444 3685 4501 immortalem

2109 4528 2362 4598 genuerit
2399 4526 2542 4582 Deus
2574 4528 2865 4584 Adamum.
2913 4529 3018 4587 Sed
3050 4533 3320 4601 principio
3373 4537 3687 4606 expenden-

421 4609 582 4665 tertia
612 4626 776 4681 quam
804 4615 1066 4673 adversus
1090 4635 1214 4673 eum
1245 4625 1592 4695 conscripsit,
1622 4628 1677 4684 in
1705 4631 1847 4687 hanc
1870 4649 1998 4688 sen-
2034 4604 2079 4659 D
2109 4621 2235 4672 dum
2269 4618 2354 4673 hic
2379 4627 2484 4696 βεεν
2525 4619 2656 4688 quid
2696 4619 2797 4674 είίιί
2830 4619 2962 4674 “IN
2999 4623 3145 4690 νείίῑ,
3189 4624 3457 4679 Adam!!!“
3492 4635 3684 4680 natura

417 4702 642 4758 tentiam
679 4723 694 4759 :
730 4704 926 4762 Studio
951 4708 1229 4768 Creatoris
1269 4714 1469 4770 factum
1497 4728 1599 4782 est,
1627 4736 1696 4776 ne
1721 4724 1887 4780 arbor
1911 4725 2003 4780 illa

419 4790 472 4842 in
511 4793 726 4848 occulto
760 4795 1088 4867 haberetur;
1138 4807 1566 4863 consentaneum
1608 4812 1756 4866 enim
1801 4815 1906 4869 fuit
1944 4823 2005 4870 ut

417 4891 774 4952 spectatores,
803 4888 920 4957 ipsa
952 4892 1164 4948 arboris
1196 4899 1530 4966 aspectione,
1560 4905 1873 4961 mandatum
1904 4907 1999 4964 Dei

413 4982 576 5042 atque
627 4975 799 5046 legem
851 4979 905 5032 in
943 4983 1262 5038 memoriam
1317 5002 1680 5060 revocarent,
1729 5003 1785 5050 et
1837 4998 2002 5053 simul

387 5095 390 5098 ~
416 5064 633 5119 Domini
668 5068 755 5122 sui
785 5071 879 5138 qui
908 5072 1077 5142 legem
1113 5075 1330 5143 tulerat,
1361 5083 1780 5142 recordarentur
1822 5109 1834 5144 :
1863 5105 2000 5158 quo-

319 5147 326 5154 ’
411 5170 532 5208 rum
583 5172 764 5213 rerum
811 5160 1010 5218 oblivio
1047 5165 1180 5234 ipsis
1230 5166 1391 5226 facile
1430 5176 1696 5241 potuisset
1731 5147 1997 5252 obrepere

411 5246 458 5303 si
492 5245 544 5299 in
577 5248 781 5317 angulo
810 5254 1068 5322 quopiam
1095 5259 1334 5326 paradisi
1369 5262 1460 5317 illa
1491 5275 1612 5322 sata
1636 5266 1852 5326 fuisset.

982 5368 1266 5425 CAPUT
1325 5373 1429 5428 IV.

409 5448 710 5535 Sequuntur
743 5456 1094 5539 quaestiones,
1128 5477 1246 5529 qua:
1275 5479 1306 5515 a
1347 5467 1528 5520 multis
1575 5473 1747 5539 quazri
1777 5475 1986 5531 solent:

481 5537 543 5572 ac
597 5525 848 5616 primum,
901 5525 1181 5616 rurDeas
1232 5541 1482 5589 creaverit
1531 5525 1821 5611 Adamunt,

481 5601 818 5653 peccatorum
846 5598 1178 5665 prwsciebat.

484 5677 748 5738 Quaerunt
782 5688 1048 5751 nonnulli,
1085 5704 1179 5744 cur
1205 5697 1473 5751 creaverit
1507 5700 1774 5759 Adamum
1810 5704 1950 5764 Deus
1972 5750 1984 5771 .

484 5768 504 5796 ι
528 5765 717 5828 Μειιιὶι.
753 5792 804 5842 v,
835 5779 922 5832 45.

2103 4707 2391 4763 mortalem
2427 4723 2554 4764 esse
2589 4718 2768 4762 ortum
2795 4726 2808 4775 ;
2840 4719 3118 4780 spcctetne
3147 4714 3213 4767 ad
3253 4716 3566 4769 universam
3600 4717 3686 4783 ip-

2103 4800 2218 4857 sius
2269 4801 2726 4868 compositionem
2770 4818 2785 4856 :
2831 4804 2988 4870 quasi
3045 4803 3237 4868 dicas,
3292 4813 3499 4859 naturae
3554 4807 3686 4860 Adae

2107 4891 2342 4946 inditum
2375 4891 2545 4948 fuisse
2571 4901 2632 4947 ut
2661 4893 2843 4948 anima
2873 4895 3203 4950 dissocietur
3233 4911 3263 4950 a
3289 4911 3538 4966 corpore,
3564 4914 3686 4967 quae

2101 4981 2396 5052 disjunctio
2435 4997 2584 5038 mors
2627 4985 2698 5038 sit
2729 5000 2744 5039 :
2781 5001 2848 5039 an
2881 5000 3012 5040 vero
3043 4987 3350 5042 mortalitas
3381 4989 3447 5043 ad
3480 5004 3682 5058 corpus

2099 5077 2278 5130 solum
2320 5075 2614 5139 referatur,
2645 5084 2703 5128 ut
2731 5075 2859 5130 huic
2889 5077 3138 5132 naturale
3169 5079 3346 5134 fuisse
3381 5088 3678 5148 statuatur,

2099 5167 2325 5222 interire
2378 5175 2543 5235 atque
2594 5166 2864 5221 occidere.
2898 5166 3317 5237 Respondemus
3363 5170 3545 5244 igitur,
3579 5187 3680 5227 nos

2097 5273 2300 5328 corpus
2358 5258 2537 5312 solum
2578 5267 2824 5326 spectare
2849 5298 2864 5324 ,
2901 5273 3027 5314 cum
3082 5261 3317 5315 dicimus
3343 5299 3356 5325 ,
3405 5263 3676 5317 Adamum

2100 5360 2295 5404 natura
2352 5350 2638 5405 mortalem
2695 5348 2866 5406 fuisse
2914 5361 3159 5406 creatum
3202 5371 3215 5408 :
3251 5354 3356 5409 hoc
3411 5356 3556 5410 enim
3605 5358 3678 5411 ita

2099 5442 2463 5511 compositum
2498 5439 2619 5507 fuit,
2651 5450 2712 5496 ut
2760 5450 2953 5511 suapte
3000 5453 3216 5510 natura,
3251 5446 3515 5514 passioni,
3549 5463 3677 5503 cor-

2097 5533 2359 5602 ruptioni,
2396 5534 2557 5588 morti
2587 5533 2823 5603 denique
2855 5544 3000 5588 esset
3033 5536 3343 5605 subjectum
3375 5546 3541 5608 atque
3573 5554 3674 5608 op-

2095 5633 2414 5692 portunum.
2456 5626 2677 5681 Interim
2710 5640 2741 5679 a
2787 5641 3014 5696 corpore
3041 5628 3108 5683 ad
3155 5637 3331 5685 totum
3362 5630 3464 5686 hoc
3498 5643 3679 5685 trans-

2093 5713 2304 5780 fertur,
2357 5717 2702 5785 dieimusque
2776 5715 3050 5772 hominem
3124 5729 3315 5774 natura
3389 5719 3673 5775 mortalem
