4086 6396
342 382 444 449 (illi

1476 383 1573 444 DE
1614 378 2016 443 PARADISO.
2055 404 2114 418 -
2168 378 2363 439 PARS
2398 377 2513 438 III.

3495 361 3618 440 ’σοι

346 517 472 559 esse
534 507 763 565 natum;
801 511 927 555 nam
982 495 1036 551 in
1090 493 1255 551 rebus
1302 492 1624 564 compositis
1679 492 1753 547 ita
1810 491 1927 546 lleri
1957 497 2002 552 Α
2033 499 2206 547 stunt.
2243 489 2435 554 Nono,
2472 505 2501 543 a
2541 488 2701 545 nobis
2748 495 2898 546 stant
2941 489 3195 547 doctores
3224 492 3461 556 classici,
3493 510 3620 563 pro-

350 593 556 649 assolet
586 600 646 644 ut
689 589 836 660 quod
872 586 1045 658 partis
1075 596 1163 643 est
1195 585 1361 640 unius
1385 624 1401 651 ,
1441 583 1541 637 toti
1574 582 1926 637 attribuatur.

351 685 495 740 Sunt
528 691 709 737 tamen
739 681 831 751 qui
862 688 1084 750 negent,
1119 677 1391 732 Adamum
1419 682 1611 730 natura
1641 672 1927 727 mortalem

351 780 475 831 esse
522 782 909 844 procreatum;
943 780 1071 827 sunt
1096 770 1263 826 etiam
1295 769 1388 839 qui
1422 767 1709 822 mortalem
1739 775 1792 819 et
1828 765 1932 818 im-

351 867 637 924 mortalem
670 871 865 921 natt'tra
895 864 1144 920 effectum
1168 878 1289 918 esse
1318 862 1522 928 velint;
1552 868 1682 915 sunt
1698 858 1934 927 denique

353 959 450 1028 qui
510 970 687 1028 neque
748 956 1036 1010 mortalem
1090 968 1264 1024 neque
1316 951 1682 1007 immortalem
1739 960 1929 1003 natura

355 1050 635 1106 conditum
674 1046 967 1104 aflirment.
1013 1046 1118 1113 Qui
1163 1052 1363 1117 negant
1410 1042 1691 1098 mortalem
1738 1050 1933 1096 natura

350 1149 598 1197 creatum
633 1156 661 1194 a
693 1139 802 1195 Deo
829 1154 951 1196 esse
976 1178 993 1207 ,
1022 1139 1233 1202 dicunt,
1268 1135 1431 1191 morti
1462 1135 1759 1190 obnoxium
1809 1147 1932 1189 esse

355 1229 560 1289 facium
616 1247 712 1302 per
758 1232 997 1286 divinam
1045 1230 1371 1286 sententiam
1408 1242 1518 1298 qua
1549 1229 1617 1281 ob
1652 1236 1931 1295 peccatum

358 1334 447 1382 est
479 1332 654 1380 morte
677 1328 967 1380 damnatus
993 1340 1009 1379 :
1037 1332 1199 1394 atque
1231 1322 1282 1376 id
1308 1330 1591 1391 peccatum
1627 1318 1705 1373 illi
1738 1318 1930 1372 mortis

352 1428 579 1474 causam
624 1417 796 1473 fuisse
842 1416 1145 1471 secundum
1180 1414 1269 1470 illa
1313 1412 1406 1468 Dei
1438 1412 1601 1467 verba
1640 1428 1655 1465 :
1690 1408 1806 1475 Quo
1844 1409 1930 1463 die

353 1511 525 1566 ederis
553 1511 620 1565 de
652 1509 749 1564 illa
781 1508 969 1563 arbore
990 1550 1005 1575 ,
1037 1517 1205 1562 morte
1248 1505 1514 1560 morieris.
1547 1502 1715 1559 Alteri
1743 1543 1758 1569 ,
1793 1517 1933 1572 quos

356 1602 599 1657 diximus
632 1601 918 1656 mortalem
954 1611 1118 1670 atque
1148 1598 1513 1654 immortalem
1551 1606 1747 1651 natura
1778 1596 1930 1650 illum

356 1694 540 1749 facere
568 1709 586 1747 :
616 1695 721 1749 hoc
751 1694 817 1749 ad
845 1692 1110 1756 animum,
1144 1692 1286 1747 istud
1318 1692 1385 1746 ad
1434 1706 1635 1760 corpus
1665 1692 1928 1745 referunt.

361 1784 530 1841 Tertii
559 1784 794 1854 denique
818 1784 911 1853 qui
955 1793 1208 1854 utraque,
1238 1791 1293 1838 et
1324 1783 1709 1837 mortalitatem
1740 1790 1789 1835 et
1826 1781 1927 1834 im-

2035 591 2280 655 bateque
2319 584 2466 640 fidei.
2494 583 2633 639 Nam
2688 583 2947 641 dominus
2977 583 3237 649 Joannes,
3272 602 3335 642 ea
3369 589 3616 645 oratione

2039 690 2205 745 quam
2269 677 2334 730 ad
2400 675 2674 745 Stagrium
2715 676 3046 731 monachum
3103 677 3320 746 scripsit
3363 677 3501 750 (5|),
3537 680 3618 735 sic

2034 765 2200 821 habet
2233 784 2247 821 :
2281 767 2540 821 Nondum
2573 776 2776 823 certam
2803 766 3033 821 habebat
3054 768 3296 823 Adamus
3327 768 3614 823 immorta-

2035 857 2202 915 litatis
2256 875 2431 929 spem.
2464 860 2530 914 Et
2577 874 2774 915 rursus
2816 860 3064 914 oratione
3110 876 3271 929 quam
3312 862 3379 916 de
3425 862 3620 918 arbore

2038 947 2286 1003 scientia:
2317 949 2443 1003 boni
2489 959 2545 1003 et
2574 949 2700 1002 mali
2734 947 3043 1016 composuit
3072 966 3088 1005 :
3117 950 3311 1003 Anima
3337 989 3354 1016 ,
3395 950 3610 1021 inquit,

2036 1048 2232 1093 natura
2281 1040 2608 1093 immortalis
2636 1049 2719 1094 est
2744 1078 2760 1104 ,
2798 1049 2853 1093 at
2890 1039 3119 1095 mortale
3156 1050 3352 1095 natura
3384 1057 3608 1113 corpus.

2037 1131 2122 1185 Ad
2154 1131 2247 1186 ubi
2278 1132 2380 1186 tria
2416 1131 2581 1186 verba
2613 1132 2847 1201 explicat
2891 1134 2985 1201 qui
3023 1134 3075 1185 in
3108 1133 3247 1187 libro
3275 1131 3379 1187 Job
3403 1135 3605 1203 scripta

2035 1230 2253 1276 exstant
2281 1240 2295 1276 :
2328 1222 2431 1287 Qui
2456 1238 2634 1277 servits
2676 1233 2751 1276 est
2785 1238 2886 1277 non
2922 1222 3095 1292 ﬁdelis
3121 1224 3256 1293 ('52),
3294 1224 3373 1279 sic
3399 1225 3475 1279 ait
3507 1240 3523 1279 :
3556 1223 3615 1281 Si

2038 1315 2201 1369 homo
2227 1330 2351 1369 cum
2379 1314 2841 1370 immortalitatem
2868 1326 3060 1385 suapte
3090 1326 3282 1370 natura
3315 1331 3421 1370 non
3449 1317 3616 1371 habe-

2036 1415 2119 1461 ret
2148 1448 2164 1473 ,
2215 1406 2457 1461 cervices
2490 1406 2719 1475 jactavit
2742 1446 2756 1471 ,
2790 1408 2917 1477 quid
2950 1424 3056 1461 non
3100 1408 3337 1473 fecisset,
3374 1408 3419 1464 si
3464 1409 3611 1462 illam

2039 1498 2353 1555 habuisset?
2400 1499 2733 1553 Athanasius
2770 1513 3026 1570 quoque,
3079 1500 3325 1554 oratione
3362 1499 3430 1554 de
3479 1511 3604 1554 or:u

2035 1593 2328 1663 corporali,
2350 1593 2544 1648 scribit
2574 1591 2749 1648 fuisse
2769 1592 3046 1646 hominem
3077 1601 3274 1647 natura
3304 1592 3615 1659 mortalem,

2036 1686 2221 1756 utqui
2278 1700 2345 1739 ex
2386 1684 2549 1739 rebus
2598 1682 2762 1740 ﬂuxis
2808 1690 2952 1738 esset
3007 1683 3314 1752 colligatus.
3368 1682 3615 1753 Denique

2036 1776 2294 1847 Cyrillus.
2334 1776 2582 1831 oratione
2624 1786 2817 1829 octava
2868 1774 3127 1828 adversus
3184 1775 3410 1842 impium
3438 1774 3617 1829 Julia-

367 1850 751 1931 mortalitatem
778 1913 793 1940 ,
829 1850 1022 1929 natura
1050 1913 1065 1937 ,
1097 1850 1177 1928 illi
1212 1874 1451 1943 ingenita
1489 1873 1661 1928 fuisse
1708 1879 1928 1941 negant,
1963 1850 2006 1905 Β
2041 1884 2195 1931 num,
2223 1867 2276 1921 in
2305 1867 2451 1921 hunc
2484 1865 2705 1919 modum
2739 1864 3025 1934 loquitur:
3059 1863 3196 1919 Cum
3225 1864 3397 1918 Adam
3426 1873 3618 1920 contra

367 1970 698 2024 arbitrantur
736 1967 913 2022 media
962 1966 1279 2022 conditione
1310 1976 1489 2022 ortum
1536 1964 1705 2020 fuisse
1730 2004 1746 2031 ,
1793 1973 1853 2019 ut
1890 1963 1937 2019 si

364 2057 577 2126 corpori
618 2055 833 2110 deditus
877 2054 1041 2109 vitam
1076 2054 1346 2123 agitaret,
1383 2051 1636 2107 mortalis
1668 2069 1681 2106 ε
1712 2052 1796 2106 sin
1825 2052 1941 2105 ani-

362 2162 466 2202 mat
493 2162 606 2203 suae
635 2145 893 2216 praeclara
928 2143 1110 2200 studia
1135 2152 1437 2200 sectaretur
1460 2141 1799 2211 coleretque,
1832 2142 1939 2195 im-

362 2238 612 2294 mortalis
656 2237 928 2292 evaderet.
973 2236 1084 2292 Nos
1132 2250 1261 2291 vero
1299 2235 1627 2299 statuimus,
1669 2234 1938 2288 Adamum

361 2338 559 2384 natura
588 2327 870 2383 mortalem
898 2342 1020 2383 esse
1051 2326 1394 2397 progenitum
1418 2365 1432 2389 ,
1464 2325 1627 2395 idque
1656 2325 1739 2380 bis
1776 2324 1936 2378 colli-

362 2422 545 2492 gimus
585 2420 945 2491 argumentis.
975 2417 1197 2484 Primo,
1235 2416 1571 2485 compositus
1601 2423 1685 2470 est
1715 2430 1778 2469 cx
1813 2415 1935 2484 pul-

361 2529 489 2569 vere
519 2522 580 2568 ut
614 2513 872 2578 materia;
908 2511 959 2566 id
994 2525 1124 2566 vero
1157 2509 1304 2580 quod
1334 2523 1400 2564 ex
1449 2509 1674 2579 pulvere
1720 2508 1941 2563 confor-

363 2612 573 2659 matum
617 2604 917 2672 fictumque
942 2611 1027 2657 est
1058 2600 1289 2656 mortale
1325 2615 1447 2655 esse
1480 2608 1673 2668 suapte
1718 2608 1939 2661 natura,

364 2706 573 2752 certum
608 2703 713 2750 est.
742 2693 1017 2759 Secundo,
1046 2693 1172 2763 quia
1204 2705 1328 2747 cum
1358 2691 1530 2745 virilis
1565 2704 1630 2743 ac
1660 2690 1941 2743 muliebris

367 2797 533 2837 sexus
571 2781 889 2836 discrimine
927 2778 1180 2834 conditus
1231 2785 1315 2832 est
1363 2793 1379 2830 :
1429 2774 1575 2845 quod
1617 2774 1941 2829 mortalibus

366 2872 621 2945 congruit
643 2914 660 2939 ,
700 2871 1103 2927 immortalibus
1143 2884 1515 2941 nequaquam.
1549 2866 1738 2922 Tertio
1763 2908 1778 2933 ,
1810 2866 1939 2936 quia

366 2981 687 3037 procreatus
715 2974 800 3021 est
822 2980 945 3020 cum
981 2965 1157 3018 oculis
1190 2964 1281 3032 qui
1317 2976 1499 3016 est-am
1533 2966 1867 3028 appeterent,
1890 2965 1943 3011 ct

369 3060 621 3114 manibus
662 3072 801 3128 quas
840 3057 990 3111 illius
1042 3055 1293 3111 sumendi
1348 3053 1522 3123 gratia
1572 3051 1938 3121 protenderet,

366 3149 599 3219 denique
621 3163 744 3203 cum
772 3150 916 3202 vasis
940 3162 1061 3216 qua:
1088 3146 1403 3200 alimentum
1430 3145 1740 3213 exciperent
1765 3140 1941 3195 conti-

369 3248 666 3308 nereutque
700 3255 714 3291 :
748 3239 864 3293 hate
913 3238 1059 3292 enim
1112 3237 1176 3291 iis
1225 3236 1388 3289 modo
1435 3233 1635 3303 quibus
1690 3230 1940 3285 mortalis

368 3340 563 3387 natura
605 3331 837 3401 obtigit,
900 3330 1022 3385 usui
1069 3344 1191 3384 esse
1242 3337 1492 3397 possunt,
1534 3324 1937 3379 immortalibus

381 3423 583 3477 frustra
630 3422 849 3476 dentur.
894 3418 1123 3486 Quarto,
1171 3426 1381 3473 exterae
1428 3432 1515 3469 res
1557 3430 1694 3484 quas
1743 3412 1939 3467 Adami

372 3514 544 3583 gratia
593 3512 838 3567 condidit
880 3511 1060 3575 Deus,
1096 3510 1231 3565 satis
1267 3517 1502 3579 arguunt
1548 3505 1703 3559 illum
1743 3513 1939 3559 natura

374 3604 652 3659 mortalem
673 3619 791 3659 esse
808 3602 1031 3657 factum.
1048 3600 1318 3668 Quorsum
1337 3600 1638 3654 enimterra
1654 3613 1789 3668 opus
1801 3598 1943 3653 erat?

383 3712 647 3766 quorsum
685 3695 1026 3749 firmamento
1049 3702 1129 3753 (ut
1146 3692 1400 3761 vocant)?
1420 3706 1682 3761 quorsum
1706 3689 1941 3744 lucenti-

372 3789 472 3843 bus
504 3789 556 3841 in
592 3789 695 3842 hoc
739 3786 948 3841 stellis?
972 3800 1231 3855 quorsum
1252 3783 1492 3853 piscibus
1520 3781 1948 3851 volueribusquo

374 3895 491 3949 qua:
515 3879 848 3933 maCtantur?
866 3892 1127 3947 quorsum
1143 3876 1425 3945 jumentis,
1444 3872 1671 3941 aliisque
1690 3873 1941 3926 animan-

374 3972 517 4026 tibus
541 3985 659 4039 quae
685 3969 878 4037 partim
905 3968 1168 4031 serviunt,
1193 3966 1299 4020 alia
1328 3964 1595 4019 eduntur?
1628 3966 1772 4017 Sane
1793 3964 1943 4017 hisce

372 4060 629 4113 omnibus
664 4074 771 4113 non
797 4067 1025 4111 utuntur
1057 4056 1147 4126 qui
1176 4055 1283 4109 vita
1311 4053 1568 4121 fruuntur
1594 4051 1888 4107 immortali
1923 4068 1936 4104 :

373 4151 467 4204 sed
513 4150 587 4203 illi
623 4150 723 4204 soli
766 4151 856 4220 qni
907 4148 1109 4203 ﬂuxam
1156 4130 1318 4218 atque
1352 4147 1613 4201 caducam
1646 4144 1940 4200 sustinent.

375 4242 598 4308 Quinto,
626 4257 691 4295 ex
724 4241 838 4310 lege
865 4257 982 4310 qua:
1006 4240 1215 4294 Adamo
1241 4247 1323 4292 est
1343 4253 1372 4291 a
1405 4237 1647 4307 genitore
1674 4235 1783 4289 Deo
1808 4249 1947 4303 prac-

375 4332 575 4401 seripta
598 4370 612 4396 ,
650 4331 937 4385 conficitur
968 4330 1119 4382 illum
1150 4327 1367 4383 mortali
1402 4327 1717 4381 conditione
1764 4332 1944 4378 ortum

375 4439 495 4480 esse
529 4444 542 4479 :
577 4423 721 4478 vesci
774 4423 917 4477 enim
955 4437 1017 4476 ac
1075 4438 1182 4476 non
1216 4421 1361 4475 vesci
1413 4420 1514 4473 hac
1578 4428 1671 4472 aut
1722 4417 1810 4471 illa
1868 4431 1946 4481 re,

2044 1956 2136 2010 Dei
2182 1956 2355 2026 legem
2410 1955 2673 2023 fecisset,
2708 1962 2887 2009 morte
2923 1963 3011 2009 est
3057 1954 3389 2020 damnatus,
3419 1970 3527 2025 qua
3564 1971 3623 2009 re

2041 2047 2189 2118 quod
2236 2059 2431 2102 natura
2463 2048 2711 2102 mortalis
2738 2055 2905 2110 esset,
2943 2046 3294 2116 arguebatur.
3331 2046 3621 2110 Caeterum,

2041 2139 2300 2195 dominus
2325 2137 2569 2195 Iacobus
2608 2138 2960 2210 Sarugensis,
2995 2152 3057 2192 ea
3091 2139 3341 2193 oratione
3369 2154 3475 2208 qua
3508 2138 3624 2192 dis-

2042 2231 2196 2295 serit,
2229 2230 2464 2285 fueritne
2495 2231 2666 2285 Adam
2694 2230 2947 2285 mortalis
2995 2229 3247 2285 conditus
3286 2244 3353 2282 an
3390 2230 3621 2283 immor-

2044 2324 2169 2380 talis
2197 2364 2215 2392 ,
2248 2324 2459 2386 scribit,
2503 2324 2773 2378 Adamum
2823 2323 3106 2378 mortalem
3150 2332 3204 2377 et
3257 2322 3619 2378 immortalem

2044 2416 2213 2472 fuisse
2254 2417 2571 2482 conditum,
2621 2432 2747 2470 eum
2790 2416 2961 2486 ipsius
3018 2416 3189 2470 libero
3222 2417 3461 2470 arbitrio
3493 2432 3620 2483 per-

2044 2510 2351 2563 mitteretur
2380 2524 2411 2562 a
2450 2508 2558 2563 Deo
2594 2516 2657 2562 ut
2703 2508 2785 2562 vel
2820 2508 3109 2563 observata
3150 2506 3265 2578 lege
3301 2508 3625 2565 immortalis

2042 2613 2218 2667 esset,
2252 2601 2334 2655 vel
2368 2601 2540 2655 fracta
2594 2610 2921 2655 moreretur.
2955 2600 3025 2654 At
3055 2600 3387 2655 Philohenus
3415 2641 3429 2663 ,
3462 2600 3626 2671 Capi-

2046 2695 2179 2749 tulis
2210 2709 2333 2763 quae
2385 2693 2648 2747 adversus
2692 2691 2994 2746 Diodorum
3039 2692 3349 2761 composuit
3383 2711 3396 2746 :
3429 2691 3625 2746 Teme-

2044 2780 2222 2844 raria,
2254 2779 2470 2849 inquit,
2516 2778 2744 2833 audacia
2796 2790 2900 2843 est,
2933 2781 3203 2834 Adamum
3257 2781 3622 2835 immortalem

2042 2872 2225 2926 dicere
2272 2880 2465 2941 suapte
2513 2879 2745 2934 natura,
2783 2874 2898 2926 sive
2930 2882 3045 2925 tttm
3101 2887 3225 2926 cum
3274 2872 3621 2942 gignebatur,

2043 2962 2157 3017 sive
2206 2971 2492 3032 postquam
2541 2964 2924 3017 resurrexerit.
2976 2962 3080 3028 Qui
3132 2972 3312 3032 potest
3363 2965 3507 3017 enim
3560 2982 3622 3017 ea

2045 3063 2241 3108 natura
2288 3054 2612 3109 immortalis
2658 3054 2850 3109 haberi
2899 3070 3021 3124 qua:
3058 3070 3121 3109 ex
3172 3055 3344 3109 nihilo
3372 3063 3624 3115 creatur,

2048 3146 2440 3215 perficiturque
2462 3146 2689 3201 alterius
2713 3146 2912 3215 iussu?
2934 3144 3068 3199 Nam
3110 3147 3273 3200 etiam
3316 3148 3358 3201 si
3390 3147 3628 3216 gratuito

2048 3238 2151 3307 ipsi
2191 3252 2512 3293 concessum
2544 3238 2757 3303 fuisset,
2784 3250 2843 3292 ut
2875 3239 3041 3293 vitam
3077 3239 3461 3308 sempiternam
3498 3256 3626 3308 agt--

2049 3338 2153 3391 ret,
2201 3343 2310 3383 non
2363 3328 2484 3383 ideo
2523 3329 2847 3383 immortalis
2906 3338 3101 3383 natura
3160 3329 3427 3383 dicendus
3464 3337 3625 3383 erat:

2048 3422 2245 3492 quippe
2282 3421 2440 3491 cujus
2475 3422 2581 3474 vita
2619 3422 2671 3474 in
2706 3420 2931 3475 alterius
2970 3431 3114 3474 esset
3158 3429 3446 3489 potestate.
3517 3419 3624 3488 lgi-

2048 3524 2139 3569 tur
2171 3524 2225 3568 et
2259 3515 2304 3567 si
2346 3514 2399 3568 in
2442 3523 2703 3567 aternum
2742 3528 2855 3567 -non
2895 3512 3089 3567 fuisset
3127 3514 3445 3579 moriturus,
3478 3527 3632 3565 mor-

2050 3606 2175 3662 talis
2224 3616 2402 3660 tamen
2454 3617 2601 3670 erat;
2640 3620 2833 3672 nempe
2891 3604 3274 3658 immortalitas
3328 3604 3393 3657 ad
3451 3604 3628 3657 solum

2050 3700 2219 3753 Deum
2248 3708 2455 3769 spectat
2480 3716 2494 3761 ;
2523 3707 2576 3752 et
2604 3699 2649 3752 si
2670 3699 2776 3752 ulla
2812 3698 2882 3750 sit
2915 3708 3109 3751 natura
3139 3714 3260 3766 qua
3287 3713 3392 3750 non
3428 3696 3629 3752 dissol-

2049 3794 2194 3846 vitur
2224 3806 2325 3845 nec
2359 3791 2468 3844 ullo
2502 3791 2693 3842 mortis
2738 3789 2849 3841 fato
2898 3789 3205 3856 perimitur,
3262 3789 3312 3840 id
3348 3804 3412 3841 ex
3456 3789 3628 3856 gratia

2052 3883 2313 3937 donatum
2346 3881 2446 3933 sibi
2495 3881 2563 3933 ab
2591 3881 2682 3934 illo
2716 3880 2914 3945 habet;
2948 3879 3092 3948 quod
3123 3891 3301 3933 autem
3339 3880 3493 3933 alteri
3535 3897 3629 3936 ae.-

2054 3985 2270 4044 eeptum
2322 3972 2514 4033 fertur,
2550 3972 2601 4025 id
2651 3988 2843 4026 rursus
2874 3986 2973 4039 pro
3005 3972 3150 4025 illius
3197 3972 3423 4026 arbitrio
3464 3971 3632 4025 adimi

2052 4073 2254 4131 potest.
2286 4064 2557 4119 Cmterum
2587 4066 2654 4118 de
2679 4062 2891 4118 Adamo
2916 4063 3124 4117 clarum
3158 4073 3260 4127 est,
3297 4064 3343 4118 si
3372 4064 3631 4118 mandato

2054 4151 2562 4221 obtemperavisset,
2596 4151 2839 4206 futurum
2872 4152 3041 4207 fuisse
3066 4160 3126 4206 ut
3149 4167 3254 4206 non
3282 4153 3457 4206 obiret
3486 4168 3633 4206 mor-

2056 4254 2198 4310 tem;
2236 4258 2342 4296 non
2373 4242 2515 4311 quod
2566 4243 2658 4297 tali
2714 4243 3026 4297 conditione
3066 4250 3211 4297 esset
3241 4246 3496 4313 genitus,
3538 4244 3633 4298 sed

2058 4352 2158 4407 pro
2197 4333 2484 4389 Ell'ectoris
2530 4334 2613 4389 sui
2648 4349 2797 4388 mera
2847 4334 3218 4403 benignitate,
3255 4350 3449 4389 rursus
3478 4344 3634 4404 post-

2062 4444 2226 4499 quam
2262 4430 2585 4491 resurrexit,
2614 4428 2872 4496 dcineeps
2904 4442 3124 4496 quoque
3148 4442 3254 4480 non
3282 4428 3633 4493 moriturum,

380 4517 642 4573 mortales
667 4516 968 4587 jubentur,
1002 4530 1107 4569 non
1164 4511 1521 4567 immortales.
1565 4508 1752 4571 Sexto,
1804 4508 1943 4562 idem
1980 4523 2028 4582 ι)
2055 4524 2149 4578 sed
2190 4531 2243 4576 ει
2281 4522 2330 4576 id
2383 4536 2600 4591 quoque
2640 4536 2737 4589 per
2771 4520 3000 4589 gratiam
3047 4520 3257 4589 opiﬁcis
3292 4520 3410 4575 Dei.
3449 4521 3635 4593 Neque

376 4610 648 4681 colligitur
673 4624 739 4663 ex
761 4608 939 4663 verbis
967 4605 1055 4660 Dei
1080 4621 1200 4676 quae
1229 4615 1353 4658 ante
1382 4605 1694 4656 mandatum
1719 4600 1784 4655 ad
1807 4599 1949 4653 Ada-

379 4719 526 4758 mum
557 4702 791 4757 faciebat
821 4700 1071 4769 inquiens
1101 4716 1114 4753 :
1160 4696 1388 4753 Crescite
1412 4707 1457 4750 et
1490 4693 1945 4764 multiplicamini,

374 4806 422 4848 et
442 4794 788 4847 dominamini
812 4792 1039 4862 piscibus
1067 4791 1235 4843 maris
1279 4798 1325 4843 et
1351 4787 1645 4843 volucribus
1676 4786 1790 4840 caeli
1812 4828 1826 4851 ,
1856 4793 1943 4839 et:

383 4887 511 4942 Dedi
549 4887 691 4940 vobis
740 4902 890 4940 omne
937 4900 1112 4938 semen
1151 4884 1292 4953 quod
1337 4882 1650 4945 seminatur,
1684 4890 1733 4933 et
1774 4879 1945 4931 omnis

376 4978 536 5032 arbor
552 4978 649 5030 erit
680 4975 824 5031 vobis
850 4991 944 5045 pro
967 4976 1102 5026 cibo.
1132 4972 1401 5042 Septimo,
1428 4971 1532 5024 nisi
1562 4969 1777 5023 mortali
1803 4978 1947 5022 statu

380 5068 610 5124 effectus
644 5068 839 5121 fuisset
896 5067 1059 5119 etiam
1092 5074 1152 5118 ut
1191 5064 1360 5134 legem
1409 5061 1661 5132 fregisset
1706 5074 1812 5113 non
1850 5060 1949 5112 ob-

377 5161 565 5216 ivisset
588 5170 841 5221 mortem,
861 5168 918 5212 ut
932 5158 1087 5221 obiit;
1108 5171 1282 5225 neque
1301 5155 1450 5209 enim
1469 5153 1741 5215 diabolus,
1765 5167 1952 5220 quam-

379 5255 459 5307 vis
478 5254 741 5323 peccavit,
768 5247 1227 5305 immortalitatem
1252 5245 1613 5314 amisitquam
1630 5244 1682 5297 in
1705 5260 1806 5298 suo
1825 5252 1947 5297 ortu

376 5353 684 5415 acceperat.
720 5344 927 5400 Octavo
949 5381 965 5407 ,
1004 5339 1342 5410 compositus
1372 5346 1457 5392 est
1485 5340 1655 5391 Adam
1686 5350 1751 5389 ex
1782 5336 1949 5389 rebus

377 5424 648 5505 diversis;
676 5436 727 5492 id
755 5452 883 5491 vero
908 5433 1231 5503 compositis
1260 5429 1514 5486 omnibus
1538 5426 1817 5497 peculiare
1839 5433 1946 5488 est,

377 5538 438 5583 ut
466 5531 518 5583 in
550 5544 615 5584 ea
660 5526 1001 5584 dissolubilia
1033 5526 1143 5581 sint
1180 5539 1244 5579 ex
1277 5521 1479 5591 quibus
1512 5519 1761 5587 colligata
1795 5520 1946 5571 exsi-

449 5635 561 5751 (δέ)
584 5666 772 5751 Esstat
797 5667 953 5723 locus
974 5666 1064 5722 hic
1096 5665 1237 5736 apud
1270 5663 1742 5732 Chrysostomum,
1769 5656 1864 5712 lib.
1889 5670 1951 5720 ll,

374 5736 454 5792 De
482 5738 693 5791 Prouid.

447 5809 557 5879 ὦζε)
594 5798 685 5863 Dei
717 5808 785 5862 ad
820 5806 1091 5878 Stagrium
1116 5805 1279 5861 Forte
1307 5804 1376 5858 ibi
1405 5819 1582 5858 seruus
1618 5799 1748 5856 liber
1794 5816 1824 5853 a
1849 5796 1955 5852 Da-

2055 4614 2200 4667 enim
2237 4614 2445 4682 absque
2489 4613 2751 4681 periculo,
2786 4620 2878 4664 aut
2901 4621 3011 4664 tum
3059 4627 3181 4665 cum
3220 4614 3486 4681 gigneret,
3538 4624 3635 4667 aut

2055 4720 2177 4759 cum
2222 4704 2504 4758 suscitabit
2535 4719 2563 4757 a
2591 4705 2842 4767 mortuis,
2874 4703 3059 4757 fecerit
3112 4714 3303 4756 natura
3328 4704 3630 4759 immorta-

2056 4798 2188 4851 lem.
2232 4795 2307 4849 Ex
2338 4797 2421 4851 his
2456 4796 2711 4850 omnibus
2741 4796 3052 4860 coniicitur,
3083 4795 3354 4849 Adamum
3404 4797 3628 4850 mortali

2056 4887 2367 4941 conditione
2400 4894 2740 4955 procreatum
2773 4901 2915 4941 esse.
2952 4884 3171 4939 Interim
3222 4884 3479 4949 fatemur,
3524 4888 3631 4940 im~

2060 4980 2389 5033 mortalitate
2427 4978 2737 5031 donandam
2776 4993 2806 5032 a
2848 4993 2948 5032 suo
2981 4978 3237 5033 Genitore
3287 4978 3490 5043 fuisse,
3524 4995 3630 5033 non

2055 5071 2273 5140 quidem
2313 5069 2573 5135 naturali,
2610 5070 2704 5123 sed
2747 5071 2983 5139 gratuita
3017 5070 3062 5124 si
3100 5064 3201 5141 legi
3233 5072 3531 5140 paruisset.

2603 5218 2881 5275 CAPUT
2940 5217 3057 5273 Vl.

2055 5334 2290 5405 Objectio
2320 5333 2530 5389 Iuliani
2578 5333 2978 5386 Halicarnassei
3004 5332 3117 5402 ('53)
3145 5375 3155 5394 ,
3179 5341 3227 5385 et
3258 5331 3371 5401 ejus
3406 5339 3634 5383 assecta-

2605 5406 2760 5457 tionis
2790 5406 3078 5457 hominum.

2115 5518 2366 5575 Julianus
2397 5518 2881 5582 Halicarnasseus,
2930 5525 2984 5570 et
3017 5513 3110 5584 qui
3138 5512 3258 5582 eius
3293 5523 3454 5566 secta:
3483 5521 3632 5579 sunt,

2058 5657 2321 5731 ruinosae
2349 5657 2578 5731 (J‘ob‘tu,
2612 5655 2750 5731 l_$i.)__
3131 5720 3181 5731 η
3251 5719 3282 5731 ,,
3332 5718 3342 5729 ,

2054 5728 2247 5852 Γλὲὄὸ)
2286 5719 2362 5783 De
2387 5719 2605 5783 Juliauo
2634 5719 3057 5782 Halicarnassco
3095 5720 3216 5776 vide
3250 5719 3473 5774 Suidam
3508 5734 3606 5788 pro

2079 5813 2091 5850 l
2168 5837 2181 5851 .
