4086 6470
462 416 570 477 603

1738 414 1966 477 MOSIS
2007 417 2160 509 nan
2196 415 2443 479 cerua

3612 413 3718 476 (ili

456 526 647 582 dicunt
681 527 853 582 Adam
887 535 1081 583 natura
1137 527 1418 582 conditum
1463 541 1586 582 esse
1631 523 1999 582 immortalem
2029 546 2043 582 :
2076 541 2123 592 Α
2149 545 2212 585 ea
2237 530 2558 586 dissolubile
2588 544 2654 583 cx
2685 527 2884 598 quibus
2911 526 3089 582 fuerat
3117 526 3502 597 coniunctum;
3535 543 3722 581 verum

464 619 607 674 sicut
647 619 832 674 anima
857 635 980 674 cum
1015 618 1253 674 naturali
1288 617 1699 672 immortalitate
1727 627 1907 672 creata
1941 626 2042 682 est,

461 723 569 762 non
613 717 794 763 autem
829 710 1104 780 gratuita;
1139 718 1195 764 et
1223 709 1330 765 nisi
1369 718 1687 778 peccasset,
1722 723 2044 763 mansurum

463 797 634 854 fuisse
656 838 671 862 ,
705 800 1011 868 passionis,
1048 799 1460 868 corruptionis,
1504 799 1698 854 mortis
1722 806 1996 852 exsortem
2027 813 2042 852 :

462 897 516 943 et
544 888 761 958 quidem
795 889 911 944 haec
936 889 1120 942 omnia
1146 903 1214 944 ex
1245 897 1437 959 suapte
1468 898 1662 944 natura
1685 930 1698 954 ,
1727 888 1929 959 quippe
1952 888 2046 958 qui

468 981 520 1033 in
563 994 625 1034 ea
660 996 854 1036 rursus
893 978 1234 1036 dissolubilis
1268 995 1375 1035 non
1414 980 1582 1035 fuerit
1613 997 1680 1035 ex
1709 980 1908 1050 quibus
1933 988 2050 1034 erat

465 1078 896 1139 coagmentatus.
934 1069 1106 1125 Porro
1139 1071 1270 1140 quia
1305 1071 1566 1126 adversus
1595 1070 1763 1141 legem
1796 1069 1889 1123 Dei
1923 1068 2050 1124 fecit

468 1169 635 1232 atque
683 1161 947 1232 deliquit,
991 1162 1114 1218 ideo
1173 1162 1465 1217 multatum
1519 1179 1640 1218 esse
1691 1171 1806 1218 tum
1856 1165 2051 1217 animae

471 1263 642 1308 morte
683 1269 804 1323 qua:
850 1266 933 1310 est
980 1255 1312 1310 abalienatio
1356 1271 1388 1310 a
1434 1254 1546 1310 Deo
1580 1271 1675 1325 per
1717 1265 2046 1325 peccatum:

471 1354 582 1396 tum
615 1343 894 1413 corpdris,
931 1360 1054 1414 quae
1081 1353 1168 1400 est
1198 1344 1522 1399 dissociatio
1559 1345 1626 1398 ab
1659 1345 1758 1400 hac
1785 1345 1892 1398 vita
1925 1360 2049 1414 quae

467 1434 600 1503 ipsis
629 1435 908 1502 corporeis
942 1435 1200 1492 sensibus
1226 1437 1544 1506 percipitur.
1570 1434 1666 1492 llis
1697 1451 1798 1491 nos
1821 1451 2052 1506 respon-

467 1526 660 1580 demus
697 1543 710 1580 :
747 1526 804 1579 Si
862 1537 1120 1581 naturam
1181 1529 1427 1583 Adamus
1477 1543 1598 1582 cum
1646 1537 2050 1597 procrearetur,

470 1618 771 1685 accepisset
799 1617 1167 1672 immortalem
1205 1627 1265 1672 ut
1291 1633 1388 1673 vos
1411 1618 1590 1674 dicitis
1619 1634 1634 1674 :
1663 1633 1726 1672 ea
1752 1633 1882 1672 sane
1908 1618 2052 1672 haud

475 1716 683 1760 mutata
712 1721 859 1762 esset
905 1708 957 1760 in
990 1708 1275 1762 mortalem
1323 1724 1421 1778 per
1449 1718 1756 1778 peccatum,
1793 1719 1851 1762 ut
1877 1723 2054 1777 neque

475 1797 692 1853 Satanae
728 1799 1114 1854 immortalitas
1146 1800 1436 1864 naturalis,
1463 1815 1586 1853 cum
1616 1799 1948 1854 mortalitate
1973 1807 2057 1853 est

474 1899 805 1943 commutata
834 1899 1125 1960 postquam
1155 1891 1421 1945 adversus
1445 1889 1612 1944 Deum
1640 1890 1888 1959 deliquit.
1918 1890 2057 1944 [iur-

473 1994 568 2033 sus
597 1980 682 2033 :si
708 1988 767 2032 ut
798 1983 976 2033 anima
1003 1979 1170 2050 (quod
1203 1995 1299 2036 vos
1331 1979 1658 2048 aﬂirmatis),
1681 1980 1752 2033 ita
1783 1989 1838 2034 et
1861 1994 2060 2050 corpus

476 2075 674 2121 natura
728 2069 1036 2124 immortale
1082 2082 1427 2140 procreatum
1480 2070 1621 2134 fuit,
1660 2079 1822 2139 atque
1876 2071 2057 2140 ipsum

475 2161 677 2216 violare
710 2163 904 2232 legem,
934 2178 1044 2217 nou
1071 2163 1236 2218 modo
1265 2165 1502 2232 corpori,
1531 2165 1624 2219 sed
1663 2164 1836 2233 magis
1866 2163 2061 2217 animae

475 2251 632 2320 cujus
690 2254 921 2323 imperio
971 2255 1104 2310 illud
1149 2257 1438 2325 regebatur
1469 2256 1848 2326 imputandum
1909 2253 2059 2309 fuit:

480 2363 581 2402 cur
627 2359 848 2415 patrato
880 2347 1105 2419 ﬂagitio,
1135 2365 1334 2418 corpus
1367 2350 1588 2420 quidem
1643 2351 1926 2404 mortalem
1962 2363 2061 2402 na-

480 2449 661 2493 turam
700 2439 897 2505 induit,
922 2441 1106 2494 anima
1137 2456 1267 2495 vero
1295 2457 1448 2495 suam
1486 2441 1587 2495 sibi
1625 2449 1819 2494 natura
1844 2441 2062 2493 insitam

479 2531 944 2586 immortalitatem
998 2531 1259 2587 retinuit?
1287 2532 1388 2586 Sed
1412 2532 1604 2586 dicetis
1643 2531 1803 2585 etiam
1827 2530 2063 2583 animam

481 2639 575 2691 per
617 2633 900 2692 peccatum
935 2624 1140 2679 obiisse
1190 2627 1451 2687 mortem!
1492 2623 1597 2678 Sed
1639 2622 1772 2693 quid
1822 2623 2066 2691 corpus?

478 2729 661 2769 annon
702 2715 880 2784 ipsum
915 2731 1136 2784 quoque
1184 2731 1282 2786 per
1325 2725 1606 2786 peccatum
1641 2715 1815 2769 obiit?
1865 2715 1922 2769 Si
1967 2730 2062 2769 ne-

482 2807 643 2876 gatis,
670 2805 794 2862 falsi
823 2808 990 2872 estis;
1016 2807 1099 2861 sin
1127 2806 1398 2873 fatemini,
1417 2823 1517 2861 cur
1535 2823 1660 2870 eum
1684 2807 1887 2876 pariter
1905 2806 2066 2860 ambo

481 2906 675 2952 natura
697 2907 882 2952 eSSent
904 2898 1238 2953 immortalia
1287 2900 1605 2968 pariterque
1628 2900 1924 2968 peccarint,
1947 2914 2068 2954 cor-

480 3004 586 3059 pus
615 2990 818 3059 duplici
874 2998 1051 3046 morte
1095 2990 1348 3045 alIectum
1385 3001 1510 3045 est:
1553 2992 1792 3044 animam
1837 3004 1970 3044 vero
2001 3003 2066 3042 ea

481 3082 598 3138 sola
638 3097 760 3152 quae.
816 3083 1026 3151 peccati
1074 3097 1220 3136 mors
1265 3083 1486 3148 dicitur,
1540 3082 1775 3138 invasit?
1813 3080 2066 3136 Profecto

483 3175 618 3228 nihil
643 3175 733 3229 hic
777 3175 882 3229 illis
910 3175 1106 3245 reliqui
1129 3184 1214 3231 est
1236 3176 1383 3245 quod
1411 3173 1779 3244 respondeant
1808 3192 1822 3228 :
1853 3189 2068 3229 verum-

490 3268 640 3320 enim
678 3283 809 3322 vero
844 3268 1121 3330 coniicite,
1158 3280 1251 3322 aut
1278 3269 1346 3323 ab
1376 3268 1494 3336 ipsa
1519 3277 1748 3331 natura,
1785 3274 1878 3321 aut
1906 3283 1935 3319 a
1980 3281 2070 3321 ra-

495 3358 643 3412 tione
691 3358 870 3425 petitis
915 3358 1291 3427 argumentis,
1332 3367 1428 3413 aut
1471 3359 1707 3427 denique
1755 3368 2069 3413 sanctorum

485 3449 712 3526 Patrum
745 3449 1100 3515 testimoniis,
1130 3449 1238 3504 nisi
1276 3465 1478 3520 corpus
1511 3466 1610 3505 sua
1645 3459 1838 3505 natura
1866 3450 2066 3504 factum

487 3557 610 3597 esse
640 3541 945 3597 immortale
967 3541 1123 3611 juxta
1147 3556 1211 3596 ac
1230 3542 1490 3608 aliimam,
1518 3557 1696 3612 neque
1721 3543 1772 3595 in
1806 3557 1868 3595 ea
1897 3543 2070 3597 disso-

487 3633 652 3688 lubile
668 3647 789 3688 esse
804 3648 866 3688 ex
888 3633 1086 3702 quibus
1108 3633 1416 3704 colligatum
1444 3643 1548 3698 est,
1576 3644 1629 3688 et
1655 3633 2071 3689 subscribemus

489 3723 720 3779 libentes
751 3732 944 3779 vestra:
980 3724 1264 3779 sententiae
1299 3738 1476 3792 neque
1515 3722 1911 3778 contendemus
1949 3736 2072 3775 am-

494 3815 640 3884 plius
671 3815 910 3883 gratuita
943 3814 1358 3868 immortalitate
1385 3814 1696 3868 donandum
1725 3813 1894 3868 fuisse
1915 3827 1946 3866 a
1973 3826 2072 3867 suo

486 3904 769 3975 Genitore,
804 3908 850 3963 si
888 3907 1160 3977 praecepto
1189 3905 1483 3976 paruisset.

557 3999 774 4054 Audent
796 4000 940 4054 idem
966 3999 1174 4053 lanista:
1195 3999 1459 4053 lacessere
1486 4011 1581 4052 eos
1601 3997 1692 4065 qui
1709 4012 1789 4052 cax
1806 4012 1931 4063 nem.
1946 4011 2072 4051 cor-

491 4091 804 4161 ruptibilem
831 4099 1027 4144 natura
1057 4090 1268 4154 dicunt,
1293 4089 1448 4158 quasi
1480 4089 1534 4142 hi
1563 4099 1619 4143 et
1649 4088 1822 4157 ipsam
1854 4103 2071 4142 carnem

494 4183 690 4236 malam
749 4195 802 4236 et
843 4184 1038 4238 carnis
1077 4183 1240 4237 simul
1285 4181 1545 4252 Opiﬁcem
1595 4182 1799 4235 malum
1851 4183 2072 4237 faciant.

491 4275 605 4330 Nos
636 4291 765 4330 vero
787 4277 1049 4331 adversus
1077 4277 1180 4331 ista
1209 4275 1564 4344 producimus
1596 4277 1851 4329 ἀοι-ιονοε
1886 4275 2072 4330 Eccle-

494 4368 591 4424 sia:
617 4370 828 4437 priscos
859 4369 1031 4438 gloria
1058 4380 1111 4423 et
1138 4370 1293 4422 laude
1313 4369 1507 4438 dignos
1535 4386 1548 4422 :
1578 4369 1670 4438 qui
1698 4379 1751 4422 et
1782 4369 1825 4423 si
1855 4384 2071 4422 carnem

2149 624 2296 678 nulla
2327 631 2446 677 erat
2491 621 2684 677 mortis
2715 620 2769 676 in
2807 621 2925 690 ipso
2974 617 3309 685 efficientia;
3349 633 3526 687 neque
3575 619 3721 672 enim

2151 725 2214 766 ut
2265 713 2457 768 mortis
2513 711 2720 782 laqueis
2789 709 3176 780 subigeretur,
3239 709 3494 763 conditus
3544 709 3726 762 fuerat

2153 801 2320 857 homo
2353 802 2422 856 ab
2457 801 2632 868 initio,
2682 800 2776 856 sed
2811 815 2985 868 neque
3033 814 3226 854 rursus
3263 806 3324 852 ut
3366 806 3576 853 naturae
3605 814 3724 853 sor-

2153 901 2262 948 tem
2305 902 2588 963 superaret
2621 901 2880 962 essetque
2924 889 3277 954 immortalis,
3333 887 3426 944 sed
3461 903 3556 958 per
3599 905 3726 958 gra-

2151 984 2281 1038 tiam
2317 993 2484 1054 atque
2512 984 2901 1052 benignitatem
2935 979 3240 1036 voluntatis
3289 978 3488 1033 divinae
3543 993 3730 1034 serva-

2153 1076 2314 1131 batur
2395 1074 2463 1129 ad
2532 1077 2700 1129 vitam
2766 1074 3150 1144 sempiternam
3209 1081 3265 1127 et
3319 1071 3726 1138 immortalem,

2151 1167 2420 1222 voluntati
2468 1177 2651 1221 autem
2691 1165 2925 1232 divinae,
2977 1174 3170 1219 natura
3226 1178 3406 1217 rerum
3463 1163 3731 1217 obsistere

2154 1259 2364 1328 nequit.
2395 1257 2563 1327 Igitur
2582 1265 2635 1312 et
2662 1258 2935 1313 sitnatura
2971 1256 3083 1325 ipsa
3113 1255 3256 1324 quod
3288 1262 3730 1324 coagmentatum

2155 1361 2260 1415 est.
2301 1365 2496 1408 rursus
2541 1353 2843 1408 dissolvere
2892 1352 3096 1421 cupiat,
3149 1360 3328 1404 tamen
3388 1350 3441 1404 in
3488 1350 3728 1411 homine,

2155 1442 2259 1498 hoc
2292 1442 2495 1496 malum
2533 1442 2758 1496 minime
2786 1441 3053 1511 quivisset
3083 1439 3324 1502 efficere,
3350 1437 3608 1507 impedita
3634 1454 3731 1507 per

2155 1533 2394 1588 divinam
2442 1533 2774 1587 voluntatem
2842 1539 3005 1600 atque
3069 1527 3338 1600 gratiam;
3401 1528 3517 1597 ipsa
3585 1529 3730 1581 enim

2157 1623 2467 1679 mortalitas
2525 1624 2784 1692 absorpta
2842 1622 3037 1676 fuisset
3091 1635 3121 1674 a
3171 1619 3322 1686 vita,
3375 1627 3428 1673 et
3483 1626 3731 1672 naturam

2155 1715 2486 1771 refrenasset
2514 1714 2697 1767 divina
2730 1712 2926 1783 gratia.
2955 1713 3024 1763 At
3060 1724 3190 1764 vero
3227 1709 3572 1762 mortalitatis
3607 1723 3733 1762 cor-

2164 1805 2426 1876 ruptricis
2477 1805 2749 1874 corporis,
2779 1819 2904 1873 qua:
2938 1801 3242 1856 efficienter
3293 1809 3378 1853 est
3413 1808 3734 1860 consecuta,

2161 1897 2286 1953 fons
2317 1907 2370 1954 et
2405 1898 2559 1968 origo
2594 1898 2698 1951 fuit
2723 1905 3008 1967 peccatum
3053 1903 3216 1963 atque
3263 1892 3528 1946 adversus
3559 1891 3734 1960 legem

2161 1991 2464 2045 admissum
2505 1989 2740 2044 facinus.
2795 1987 2950 2042 Tunc
2993 1988 3138 2042 enim
3191 1985 3401 2053 occepit
3447 1997 3596 2037 mors
3647 1997 3734 2046 ea,

2163 2097 2287 2150 qua:
2339 2079 2484 2150 quod
2533 2081 2898 2150 compositum
2957 2086 3038 2133 est
3094 2076 3365 2139 dissolvit,
3417 2075 3522 2127 vim
3579 2088 3734 2128 suam

2163 2182 2328 2242 atque
2377 2173 2757 2227 efficacitatem
2812 2172 2864 2225 in
2917 2170 3141 2224 homine
3187 2185 3244 2222 re
3290 2168 3406 2236 ipsa
3456 2179 3735 2227 exercere,

2163 2262 2388 2331 quando
2423 2264 2605 2317 anima
2633 2277 2727 2332 per
2758 2261 2988 2316 fractam
3032 2261 3202 2325 legem
3243 2259 3554 2312 necessario
3594 2266 3672 2311 est
3707 2274 3739 2311 a

2165 2353 2276 2409 Deo
2311 2354 2616 2408 abalienata
2661 2362 2824 2422 atque
2862 2351 3372 2423 perturbationibus
3403 2348 3573 2403 variis
3605 2347 3737 2400 aﬂ‘e-

2164 2455 2252 2499 cta
2299 2438 2730 2515 inipiicataque:
2765 2460 2828 2499 ex
2865 2445 3066 2514 quibus
3115 2449 3324 2496 natura:
3372 2438 3740 2509 perturbatio-

2165 2537 2350 2601 nibus,
2387 2537 2568 2606 ipsum
2619 2539 2783 2590 etiam
2830 2552 3030 2606 corpus
3065 2535 3211 2603 (nam
3247 2541 3298 2588 et
3339 2534 3393 2586 in
3442 2533 3534 2586 illo
3562 2539 3740 2585 enata:

2166 2635 2328 2696 atque
2359 2626 2564 2682 eli‘ecta:
2612 2626 2762 2697 sunt)
2795 2625 3151 2695 corruptibile
3193 2639 3314 2679 esse
3355 2622 3738 2690 intelligimus,

2167 2728 2220 2772 et
2257 2720 2704 2786 pronuntiamus.
2740 2718 3135 2772 Concludimus
3169 2731 3322 2785 ergo,
3379 2717 3574 2769 mortis
3615 2727 3740 2767 cor-

2167 2811 2550 2878 ruptionlsque
2584 2809 2830 2864 debitum
2869 2825 2937 2863 ex
2969 2810 3167 2862 violata
3205 2809 3322 2876 lege
3361 2817 3548 2860 natum
3579 2815 3743 2874 atque

2166 2910 2510 2956 contractum
2565 2917 2718 2969 esse;
2773 2918 2882 2956 non
2935 2910 3119 2955 autem
3176 2900 3324 2965 inde,
3361 2899 3505 2969 quod
3543 2912 3742 2966 corpus

2169 2993 2300 3047 Adat
2326 3003 2470 3050 esset
2527 2994 2910 3063 compositum,
2969 3001 3130 3062 atque
3198 2993 3252 3046 in
3301 3006 3366 3046 ea
3423 3006 3488 3043 ex
3545 2988 3744 3060 quibus

2167 3085 2477 3151 constabat,
2534 3085 2878 3140 dissolubile.
2919 3085 3103 3153 Neque
3152 3083 3297 3138 enim
3345 3080 3571 3136 difficile
3623 3090 3743 3134 erat

2171 3177 2418 3231 omnium
2472 3191 2654 3230 rerum
2691 3175 2900 3245 parenti
2941 3176 3069 3239 Deo,
3119 3176 3239 3243 ejus
3271 3173 3364 3240 qui
3401 3171 3738 3239 corruptioui

2172 3271 2458 3340 subjectus
2490 3268 2593 3322 fuit
2628 3283 2727 3338 pro
2775 3277 2985 3321 natura:
3031 3281 3143 3320 sua:
3196 3262 3528 3325 conditione,
3572 3261 3736 3314 vitam

2171 3360 2545 3431 corruptionis
2589 3359 2698 3414 fato
2745 3357 3007 3419 eximere.
3063 3363 3228 3424 atque
3291 3352 3484 3407 invita
3539 3349 3740 3418 sempi-

2173 3463 2331 3508 terna
2373 3451 2511 3506 tueri
2547 3464 3010 3517 conservareque.
3037 3447 3118 3502 Ad
3151 3447 3299 3501 hunc
3327 3445 3494 3515 igitur
3523 3443 3744 3497 modum

2175 3543 2431 3598 doctores
2472 3555 2693 3596 carnem
2725 3540 2948 3610 quidem
2991 3547 3183 3608 suapte
3231 3545 3423 3591 natura
3453 3532 3753 3589 dissolubi-

2173 3635 2280 3690 lem
2318 3634 2490 3689 fuisse
2538 3634 2750 3697 dicunt,
2786 3647 2886 3686 nec
2938 3640 3121 3686 tamen
3149 3628 3377 3700 proinde
3430 3634 3526 3680 aut
3569 3625 3747 3693 ipsam

2178 3739 2272 3783 aut
2302 3743 2504 3799 corpus
2539 3743 2569 3782 a
2611 3727 2758 3782 malo
2790 3724 3048 3781 eifectore
3083 3729 3426 3794 procreatum
3459 3731 3599 3773 esse.

2769 3859 3000 3917 CAPUT
3047 3859 3156 3914 VII.

2565 3979 2690 4032 Alia
2713 3975 2932 4045 objectt'o
2954 3973 3166 4027 Iuliani
3192 3971 3360 4038 impii.

2252 4092 2487 4146 Ridebat
2537 4091 2758 4160 quidem
2811 4089 3008 4158 impius
3045 4085 3296 4140 Julianus
3329 4081 3473 4150 quod
3527 4077 3752 4141 Mosen],

2182 4184 2440 4240 Ecclesiae
2473 4183 2731 4237 doctores
2783 4180 3030 4234 dicerent
3089 4176 3363 4230 hominem
3413 4169 3752 4239 corruptibili

2183 4286 2381 4330 natura
2434 4283 2762 4344 prognatum
2812 4270 3001 4336 fuisse,
3064 4277 3118 4322 et
3174 4279 3356 4321 tamen
3420 4279 3528 4317 non
3584 4261 3755 4314 fuisse

2183 4377 2486 4432 mortuum,
2527 4366 2602 4420 ita
2665 4364 2881 4419 volente
2913 4362 3046 4415 Deo.
3082 4358 3188 4413 Sed
3227 4359 3274 4413 ei
3323 4353 3615 4424 respondet
3644 4350 3750 4420 Cy-

493 4472 615 4513 esse
637 4465 830 4512 natura
858 4459 1270 4524 corruptibilem
1298 4460 1505 4522 dixere,
1531 4474 1637 4512 non
1664 4468 1843 4512 tamen
1871 4459 2072 4514 idcirco
2107 4468 2149 4524 ι)
2179 4461 2336 4516 rillus
2373 4476 2386 4512 :
2424 4456 2661 4521 Platoni,
2707 4454 2908 4524 inquit,
2953 4463 3045 4506 tuo
3093 4452 3218 4505 licet
3254 4448 3435 4504 dicere
3481 4444 3636 4514 quasi
3687 4457 3752 4496 ex

500 4549 699 4604 malam
731 4564 850 4604 esse
876 4549 1108 4619 professi
1139 4561 1287 4604 sunt.
1314 4549 1608 4618 Gregorius
1637 4551 1803 4613 enim,
1833 4551 2077 4605 oratione

493 4656 658 4712 quam
693 4640 760 4696 de
786 4640 980 4695 virtute
1006 4641 1249 4711 scripsit,
1277 4641 1343 4695 ad
1369 4641 1516 4695 hunc
1542 4641 1782 4711 loquitur
1815 4642 2033 4695 modum
2059 4659 2072 4695 :

495 4733 711 4801 Corpus
769 4733 916 4796 omni
974 4747 1039 4786 ex
1101 4741 1252 4801 parte
1320 4731 1682 4800 compositmn
1746 4740 1865 4793 est,
1924 4733 2069 4800 quod

496 4831 678 4878 autem
714 4827 1075 4893 compositum
1111 4834 1216 4890 est,
1261 4825 1317 4878 id’
1345 4839 1506 4878 nemo
1535 4823 1918 4878 indissolubile
1949 4839 2074 4878 esse

498 4918 742 4982 dixerit;
777 4929 832 4972 at
859 4921 1005 4988 quod
1041 4917 1262 4972 dissolvi
1305 4927 1504 4986 potest,
1550 4917 1823 4984 corrumpi
1859 4925 2074 4982 potest;

498 5019 584 5064 est
625 5011 788 5080 igitur
837 5025 966 5064 caro
1011 5009 1350 5077 corruptioni
1402 5008 1673 5076 subjecta.
1721 5008 1936 5061 Rursus
1967 4993 2075 5076 Cy:-

501 5103 680 5164 rilius,
737 5111 884 5156 tomo
924 5103 1085 5156 tertio
1135 5099 1526 5155 Commentarii
1575 5099 1627 5152 in
1677 5098 1974 5168 Epistulam
2009 5097 2076 5151 ad

502 5194 838 5248 Corinthios.
869 5193 965 5248 Est
994 5193 1237 5262 quidem,
1285 5194 1383 5257 ait,
1427 5207 1556 5246 caro
1597 5200 1791 5245 natura
1827 5206 1927 5244 sua
1956 5205 2077 5244 cor-

433 5341 442 5346 ,
503 5286 746 5356 ruptioni
791 5286 1025 5339 obnoxia
1062 5302 1078 5342 :
1116 5286 1209 5338 sed
1239 5294 1420 5340 tamen
1461 5299 1553 5353 per
1579 5285 1832 5337 virtutem
1867 5281 1962 5336 Dei
1989 5281 2076 5335 cui

503 5381 664 5450 plane
699 5377 831 5431 nihil
873 5381 956 5431 est
987 5376 1221 5444 dillicile,
1271 5377 1444 5446 ipsam
1477 5384 1791 5444 superasset
1827 5383 2073 5428 naturam

504 5483 668 5543 atque
697 5471 753 5526 in
789 5472 895 5526 vita
944 5473 1274 5541 sempiterna
1307 5469 1499 5524 fuisset
1551 5478 1904 5523 conservatus
1936 5467 2080 5521 Ada-

505 5583 651 5627 mus,
686 5567 732 5622 si
767 5566 935 5635 legem
966 5565 1131 5633 impie
1173 5579 1284 5616 non
1319 5563 1597 5617 violasset.
1630 5563 1893 5614 Dominus
1919 5560 2082 5614 Seve-

508 5671 602 5708 rus
644 5657 794 5718 item,
847 5655 1097 5708 oratione
1147 5669 1309 5722 quam
1361 5653 1622 5707 adversus
1679 5651 2079 5706 Felicissimum

445 5745 452 5758 '
511 5746 767 5812 seripsit,
821 5747 936 5799 haec
981 5746 1296 5799 summatim
1353 5745 1564 5798 habet:
1601 5744 1804 5814 Suapte
1859 5742 2078 5812 quidem

510 5845 704 5888 natura
739 5837 967 5890 mortale
999 5846 1050 5890 ct
1072 5836 1421 5902 corruptibilc
1451 5846 1562 5893 erat
1588 5852 1812 5906 corpus,
1845 5843 2006 5903 atque
2029 5833 2078 5886 in

2187 4550 2281 4604 Dei
2314 4562 2572 4619 persona,
2603 4548 2667 4600 ad
2720 4547 2914 4611 solem,
2946 4545 3128 4598 lunam
3163 4549 3498 4606 caeterasque
3527 4533 3752 4588 stellas:

2180 4639 2452 4706 Quoniam
2481 4637 2585 4692 orti
2615 4635 2768 4701 estis,
2804 4633 3141 4688 immortales
3173 4645 3270 4684 vos
3302 4627 3520 4696 quidem
3553 4638 3674 4677 esse
3703 4629 3757 4675 et

2182 4730 2602 4786 indissolubiles
2679 4743 2785 4782 non
2859 4725 3124 4794 potestis,
3195 4720 3510 4788 neutiquam
3573 4724 3751 4768 tamen

2180 4819 2579 4885 dissolvemini,
2621 4832 2722 4872 nec
2761 4830 2859 4870 vos
2907 4814 3017 4868 ulla
3070 4810 3263 4865 mortis
3302 4809 3410 4862 fata
3463 4804 3756 4874 periment,

2182 4922 2404 4981 propter
2433 4910 2730 4964 consilium
2769 4915 3020 4960 nostrum
3055 4902 3203 4973 quod
3235 4899 3413 4965 majus
3446 4906 3530 4949 est
3565 4894 3756 4946 vincu-

2183 5005 2294 5058 lum
2328 5017 2494 5072 quam
2538 5002 2619 5055 vis
2671 5000 2781 5053 ulla
2833 5012 2956 5066 qua:
2994 4996 3151 5050 vobis
3189 4991 3420 5048 accidat.
3457 4986 3538 5041 Tu
3579 4985 3762 5040 Plato-

2185 5111 2306 5149 nem
2337 5095 2421 5149 vis
2471 5107 2600 5147 vera
2635 5091 2838 5152 dicere,
2871 5097 2926 5144 et
2973 5103 3075 5142 nos
3106 5085 3243 5140 Mosi
3292 5097 3399 5136 non
3450 5077 3760 5138 credemus,

2182 5185 2274 5254 qui
2329 5184 2408 5237 ait
2463 5183 2742 5237 hominem
2800 5192 2910 5232 non
2966 5176 3140 5230 fuisse
3191 5167 3622 5230 dissolvendum,
3658 5163 3762 5254 ita

2183 5253 2401 5331 volente
2435 5273 2588 5328 Deo?
2630 5270 2884 5327 Profecto
2919 5268 3344 5337 haudquaquam
3390 5257 3612 5315 dillieile
3652 5253 3763 5309 Deo

2185 5369 2402 5435 fuisset,
2435 5383 2560 5422 eum
2595 5367 2741 5436 quia
2774 5362 3130 5431 corruptione
3159 5354 3554 5424 occupabatur,
3582 5363 3763 5418 quan-

2186 5474 2300 5518 tum
2358 5462 2422 5515 ad
2454 5462 2625 5530 ipsam
2657 5458 2777 5526 ejus
2829 5464 3082 5509 naturam
3132 5447 3435 5519 spectabat,
3470 5457 3701 5513 prorsus
3731 5455 3762 5493 a

2184 5555 2538 5622 corruptione
2561 5551 2841 5605 vindicare
2871 5545 3034 5614 atque
3057 5554 3304 5598 asserere
3340 5539 3394 5591 in
3416 5538 3582 5590 vitam
3613 5547 3764 5587 sem—

2186 5649 2479 5716 piternam.
2534 5643 2708 5712 Igitur
2754 5640 2860 5694 nisi
2897 5639 2963 5692 de
3013 5635 3211 5689 arbore
3262 5630 3491 5693 edisset,
3529 5632 3760 5679 mortem

2190 5754 2294 5792 non
2345 5735 2608 5789 ohirisset
2641 5732 2931 5795 Adamus;
2967 5737 3020 5782 et
3064 5726 3192 5796 quia
3241 5724 3373 5786 edit,
3405 5721 3558 5776 obiit.
3592 5717 3765 5772 (latte-

2192 5846 2311 5886 rum
2349 5828 2501 5885 Plato
2549 5827 2692 5880 haud
2745 5832 2890 5878 recte
2929 5822 3024 5885 ait,
3080 5819 3274 5882 solem,
3320 5816 3525 5882 lunam,
3578 5809 3764 5864 stellas
