4086 6424
342 412 449 480 815

1454 422 1551 484 DE
1590 423 1997 485 PARADISO.
2034 447 2103 459 -
2143 422 2334 484 PARS
2377 422 2494 494 III,

3499 422 3599 487 606

347 538 576 586 exteras
620 512 962 590 immortales
1004 544 1150 599 esse,
1183 534 1384 607 quippe
1413 550 1534 605 qua:
1565 535 1749 591 anima
1783 534 1921 588 vita-
1950 540 1994 596 Α
2027 543 2191 603 atque
2240 534 2407 604 hujus
2461 535 2678 605 generis
2713 532 2840 598 alia,
2890 534 3166 589 diversum
3220 537 3351 606 quid
3408 538 3478 592 ab
3534 554 3599 592 eo

346 635 458 691 que
492 629 755 676 careant;
1354 656 1365 659 -

931 712 1161 770 CAPUT
1200 712 1340 770 VIII.

346 801 590 871 Objectio
642 801 903 860 Theodori
940 813 991 860 et
1024 804 1285 930 Ιὶξειονίἰ,
1331 814 1487 878 atque
1521 807 1633 874 ejus
1672 806 1921 875 factionis

1007 891 1039 929 a
1064 893 1082 930 ι
1121 892 1259 930 rum.

423 985 593 1041 Aiunt
629 982 953 1043 Theodorus
1001 996 1057 1042 et
1106 985 1392 1043 Nestorius
1433 986 1636 1057 aliique
1681 987 1772 1057 qui
1822 986 1923 1041 hos

343 1085 678 1147 sequuntur,
713 1085 944 1133 mortem
986 1093 1097 1133 non
1121 1078 1193 1134 ob
1220 1089 1503 1148 peccatum
1540 1081 1784 1149 legemve
1818 1079 1914 1135 Dei

341 1165 633 1231 violatam,
676 1166 947 1222 invasisse
981 1181 1154 1239 genus
1192 1167 1518 1233 humanum,
1554 1169 1647 1225 sed
1699 1169 1921 1224 mortali

345 1270 449 1312 ros
488 1257 810 1314 conditione
849 1273 879 1312 a
918 1258 1032 1314 Deo
1072 1259 1286 1331 genitos
1318 1275 1477 1326 esse;
1515 1275 1691 1331 neque
1725 1276 1922 1331 quem-

242 1353 259 1365 '
342 1366 511 1421 quam
571 1350 680 1403 ulla
747 1351 959 1406 ratione
1006 1350 1201 1407 mortis
1256 1352 1548 1406 terminum
1603 1367 1766 1423 quem
1831 1353 1922 1409 ille

346 1453 541 1499 nostro
602 1443 791 1511 generi
849 1452 1167 1514 naturaeque
1220 1447 1629 1516 praestituerat,
1687 1447 1921 1502 vivendo

346 1549 822 1607 transgressurum
873 1535 1085 1603 fuisse,
1145 1538 1310 1593 etiam
1372 1539 1418 1594 si
1505 1537 1746 1595 Adamus
1809 1555 1917 1594 non

343 1626 671 1696 deliquisset
704 1643 718 1680 :
753 1627 923 1681 multa
949 1627 1092 1681 enim
1124 1627 1361 1682 absurda
1396 1628 1684 1698 consequi,
1719 1628 1825 1683 nisi
1865 1628 1918 1684 id

349 1720 424 1775 ita
459 1734 580 1775 esse
616 1728 945 1774 statuamus.
977 1716 1080 1785 Qui
1114 1718 1283 1781 enim,
1319 1716 1596 1787 inquiunt,
1635 1718 1922 1773 conveniet

351 1814 551 1880 dicere,
601 1813 794 1878 Deum,
854 1808 1011 1878 cujus
1059 1810 1343 1865 consilium
1390 1820 1510 1865 erat
1549 1825 1653 1865 nos
1701 1809 1921 1865 efﬁcere

2024 624 2334 693 signiﬁcare
2359 626 2504 694 quod
2535 625 2701 681 verba
2725 625 2927 681 audita'
2951 641 3063 696 pra!
3093 641 3152 681 se
3175 626 3379 681 ferunt.
3412 629 3600 699 Itaque

2024 731 2122 783 per
2144 724 2364 783 tropum
2403 716 2657 772 similiter
2697 716 3010 785 accipienda
3041 732 3163 771 esse
3197 733 3257 771 ea
3288 719 3452 773 verba
3481 734 3600 788 quae

2026 806 2188 862 nobis
2231 807 2501 861 Adamum
2555 822 2583 861 a
2620 805 2732 861 Deo
2777 808 3062 862 mortalem
3096 816 3290 862 natura
3342 825 3572 879 prorrea

2025 905 2141 951 tum
2191 908 2519 963 memorant,
2565 913 2631 953 ac
2679 898 2878 953 deinde
2912 899 3081 967 legem
3136 900 3238 970 ipsi
3287 902 3599 971 impositam

2023 989 2220 1055 fuisse,
2272 1001 2331 1045 ut
2374 993 2419 1046 si
2473 991 2657 1046 ederet
2699 992 2767 1047 de
2816 991 3025 1046 arbore
3075 992 3189 1055 illa,
3248 1001 3601 1052 moreretur:

2021 1097 2219 1151 nempe
2269 1088 2328 1134 ut
2377 1096 2504 1137 cum
2568 1082 2783 1137 audiret
2828 1082 3069 1136 Adamus
3120 1097 3179 1137 se
3218 1083 3290 1136 ob
3341 1083 3600 1139 violatam

2026 1171 2199 1242 legem
2243 1182 2410 1242 atque
2457 1172 2809 1228 rebellionem
2849 1173 3101 1241 paradiso
3135 1172 3355 1241 pulsum
3406 1178 3602 1230 morti-

2024 1275 2130 1331 que
2157 1260 2403 1316 deditum
2434 1276 2576 1327 esse,
2607 1261 2736 1316 odio
2774 1260 2999 1316 haberet
3028 1261 3343 1332 fugeretque
3389 1279 3598 1332 pecea—

2026 1362 2142 1406 tum
2195 1352 2682 1421 rebellionemque.
2734 1350 2841 1406 Sed
2892 1367 2992 1408 nos
3043 1353 3108 1407 ad
3148 1353 3262 1407 hac
3309 1357 3602 1420 responde-

2024 1457 2149 1499 mus
2199 1461 2213 1496 :
2259 1441 2377 1497 Non
2435 1445 2507 1497 ita
2561 1442 2853 1512 profecto,
2909 1444 3055 1507 viri,
3115 1459 3271 1499 sacra
3314 1443 3597 1515 Scriptura

2022 1538 2263 1607 loquitur
2292 1548 2355 1593 ut
2385 1553 2484 1594 vos
2515 1539 2869 1604 existimatis,
2904 1539 3108 1610 quippe
3139 1532 3302 1611 quam
3343 1541 3600 1596 omnibus

2028 1631 2167 1686 locis
2192 1631 2397 1686 diserte
2430 1632 2870 1699 pronuntiantem
2919 1631 3272 1697 offendimus,
3309 1641 3596 1702 peccatum

2022 1722 2215 1778 Adami
2272 1739 2497 1780 causam
2535 1725 2706 1780 fuisse
2749 1725 2962 1790 mortis,
3011 1740 3135 1779 eum
3186 1726 3261 1780 illi
3307 1727 3434 1795 ipsi,
3480 1737 3594 1781 tum

2024 1816 2298 1869 universae
2350 1816 2700 1884 posteritati,
2754 1817 3056 1870 secundum
3108 1817 3290 1871 illud:
3342 1817 3458 1883 Quo
3511 1818 3600 1871 die

355 1904 712 1967 immortales,
767 1912 992 1974 propter
1041 1911 1322 1972 peceatum
1375 1901 1572 1958 fecisse
1628 1903 1925 1958 mortales?
1952 1880 1995 1939 Β
2024 1906 2313 1959 comederis
2347 1906 2412 1959 de
2452 1905 2662 1971 arbore,
2715 1915 2939 1960 mortem
2967 1915 3198 1975 appetes.
3249 1905 3317 1960 Et
3357 1922 3597 1963 rursus:

354 1994 545 2051 deinde
575 1996 620 2050 si
661 2006 885 2066 propter
915 1995 1045 2048 Adze
1081 2002 1363 2063 peccatum
1394 2009 1494 2048 nos
1527 1993 1727 2048 occidit
1753 1992 1916 2059 Deus,

348 2085 659 2150 Conﬁcitur,
693 2095 746 2140 et
774 2088 956 2155 justus
991 2099 1114 2139 eum
1157 2085 1425 2139 OCt'IlIISSC
1473 2091 1696 2153 propter
1723 2096 1920 2153 pecca-

345 2187 516 2243 tores,
559 2190 615 2235 et
668 2190 885 2250 patrum
938 2178 1204 2248 supplicia
1266 2176 1334 2231 ad
1388 2176 1530 2230 ﬁlios
1587 2173 1917 2237 extendisse,

344 2285 581 2342 quorum
621 2278 913 2337 utrumque
945 2269 1254 2339 improbum
1287 2276 1406 2334 est;
1444 2267 1519 2322 ait
1549 2267 1695 2322 enim
1743 2280 1920 2335 neque

345 2369 530 2431 patres
561 2361 858 2416 morituros
897 2374 997 2430 pro
1043 2358 1194 2424 ﬁliis,
1239 2374 1418 2428 neque
1450 2357 1590 2413 ﬁlios
1622 2370 1723 2427 pro
1749 2356 1919 2425 patri-

348 2453 473 2508 bus.
518 2450 657 2507 Tum
707 2461 766 2506 ut
827 2454 1020 2509 demus
1073 2452 1345 2506 Adamum
1407 2450 1627 2522 obiisse,
1678 2451 1804 2518 quia
1853 2449 1920 2504 de

346 2545 546 2607 arbore
599 2544 858 2614 gustavit,
907 2561 1072 2616 quam
1115 2545 1388 2609 dicemus,
1439 2541 1575 2607 Noe,
1630 2541 1916 2597 Melchise-

347 2638 484 2692 deco
509 2677 525 2702 ,
570 2637 887 2693 Abrahamo
931 2638 1125 2692 mortis
1164 2636 1339 2692 fuisse
1375 2651 1620 2701 causam,
1675 2632 1920 2704 profecto

349 2731 510 2786 hodie
546 2731 755 2785 nullum
785 2740 871 2787 est
891 2731 1090 2799 scelus,
1111 2738 1205 2784 aut
1238 2729 1440 2801 grande
1472 2735 1565 2782 aut
1602 2730 1740 2792 leve,
1769 2726 1915 2796 quod

349 2836 378 2875 a
421 2822 669 2891 patribus
705 2821 1006 2876 admissum
1037 2821 1092 2875 in
1132 2820 1256 2875 ﬁliis
1300 2819 1574 2873 vindicat:
1599 2818 1720 2887 quis
1753 2817 1919 2887 igitur

347 2910 624 2968 existimet
666 2911 736 2966 ob
780 2912 897 2965 leve
945 2909 1262 2971 illudAdae
1303 2917 1613 2979 peccatum,
1671 2908 1799 2976 quia
1853 2907 1920 2961 de

349 3001 532 3057 fructu
569 3001 737 3055 vetito
785 3001 1141 3071 gustavisset,
1185 3000 1493 3055 universam
1541 2998 1918 3069 posteritatem

349 3101 528 3146 morte
558 3091 819 3145 multari?
855 3090 922 3145 Et
950 3106 1079 3145 vero
1128 3092 1174 3146 is
1210 3089 1322 3145 Deo
1367 3105 1488 3146 mos
1537 3097 1623 3144 est
1668 3099 1727 3145 ut
1761 3088 1920 3144 malis

350 3184 602 3254 ignoscat
628 3182 899 3238 bonorum
953 3185 1148 3252 gratia,
1204 3198 1314 3237 nou
1373 3194 1552 3236 autem
1613 3192 1672 3235 ut
1720 3182 1921 3252 probos

352 3272 736 3343 improborum
772 3288 940 3328 causa
965 3275 1174 3343 perdat,
1209 3282 1374 3344 atque
1410 3283 1470 3329 ut
1503 3290 1602 3345 pro
1628 3290 1728 3330 sua
1756 3274 1920 3329 mise-

351 3365 616 3433 ricordia,
651 3365 938 3436 grandium
966 3365 1297 3435 flagitiorum
1331 3366 1566 3437 gratiam
1612 3367 1927 3422 hominibus

352 3457 540 3525 faciat,
576 3468 788 3514 tantum
817 3459 998 3525 abest,
1049 3469 1110 3515 ut
1132 3460 1250 3516 leve
1301 3460 1572 3530 piaculum
1605 3460 1927 3534 gravissima

349 3563 513 3619 pinna
541 3549 805 3604 vindicet.
838 3549 1061 3615 Adbaae,
1092 3550 1136 3605 si
1166 3559 1389 3620 pr0pter
1416 3558 1703 3621 peccatum
1734 3564 1927 3603 aman-

350 3641 463 3697 dati
493 3656 685 3698 sumus
708 3641 761 3697 iu
804 3642 952 3698 hunc
985 3646 1247 3698 mundum
1277 3642 1679 3709 dissolubilcm,
1710 3655 1923 3709 magnae

355 3731 607 3805 profecto
625 3733 814 3805 gratiae
832 3734 1139 3789 debeantur
1165 3744 1411 3803 peccato,
1433 3744 1492 3788 ut
1511 3735 1659 3804 quod
1679 3733 1929 3788 ereandae

355 3824 526 3896 hujus
569 3825 817 3881 mortalis
845 3827 1111 3881 machinae
1145 3841 1312 3881 causa
1344 3826 1528 3880 fuerit.
1578 3824 1846 3880 Praeterea
1878 3828 1924 3880 si

352 3916 600 3973 Adamus
645 3916 867 3981 occidit,
903 3917 996 3986 qui
1027 3917 1292 3987 peccavit,
1325 3932 1426 3971 cur
1463 3931 1571 3971 non
1607 3916 1929 3971 occiderunt

354 4007 632 4063 daemones
658 4007 820 4078 longe
859 4008 1086 4078 majoris
1122 4007 1308 4076 ﬂagitii
1340 4008 1466 4061 rei?
1509 4006 1564 4061 Si
1606 4008 1747 4063 dicat
1780 4008 1925 4077 quis,

352 4097 484 4163 bos,
515 4096 701 4151 animo
749 4096 1020 4152 occidisse
1051 4113 1068 4152 :
1099 4097 1251 4166 atqui
1307 4111 1406 4151 cur
1464 4094 1710 4149 Atlamus
1764 4096 1927 4149 etiam

353 4188 628 4258 corpore?
674 4188 740 4243 Et
767 4189 853 4245 his
887 4186 1190 4243 confecisse
1218 4195 1436 4258 putant,
1479 4187 1771 4249 Adamum,
1814 4188 1929 4241 sive

355 4279 724 4334 abstinuisset
753 4278 822 4333 ab
846 4278 1043 4332 arbore
1069 4292 1175 4348 qua
1208 4277 1310 4332 sibi
1343 4278 1520 4331 fuerat
1552 4275 1926 4340 interdictum,

352 4373 472 4428 sive
510 4388 619 4427 non
684 4369 1043 4427 abstinuisset
1072 4385 1300 4440 prorsus
1353 4370 1705 4453 moriturum‘
1732 4368 1926 4432 fuisse,

348 4481 475 4522 cum
529 4472 679 4519 esset
718 4472 915 4518 natura
963 4462 1181 4516 mortali
1237 4461 1509 4515 conditus.
1554 4459 1824 4514 Caeterum
1874 4457 1928 4510 in

2027 1997 2166 2063 Quia
2215 1997 2534 2052 auscultasti
2585 2000 2699 2052 voci
2751 2000 2935 2052 uxoris
2989 2007 3095 2052 tua:
3134 2006 3291 2067 atque
3329 1998 3487 2052 edisti
3537 1999 3599 2055 de

2021 2090 2208 2144 arbore
2247 2107 2352 2161 qua
2394 2089 2489 2144 tibi
2538 2091 2939 2157 intewixerum,
2987 2091 3273 2145 maledicta
3321 2100 3428 2144 esto
3459 2101 3603 2145 terra

2020 2193 2234 2254 propter
2266 2194 2331 2236 te.
2373 2181 2438 2236 Et
2478 2182 2622 2253 apud
2658 2182 2841 2236 divum
2875 2181 3104 2236 Paulum
3140 2183 3413 2253 legimus:
3449 2181 3603 2237 Sicut

2019 2291 2111 2345 per
2132 2291 2293 2329 unum
2318 2274 2576 2328 hominem
2600 2285 2869 2343 peccatum
2898 2275 3133 2328 introivit
3167 2275 3220 2328 iu
3248 2279 3519 2334 mundum,
3550 2285 3601 2327 et

2020 2383 2112 2437 per
2146 2377 2417 2437 peccatum
2466 2381 2606 2419 mors
2633 2367 2676 2428 ⁸,
2728 2374 2833 2421 etc.
2887 2364 2952 2420 Et
2994 2365 3123 2420 alibi
3159 2383 3173 2420 :
3208 2362 3352 2418 Nam
3409 2370 3602 2436 absque

2021 2457 2129 2527 lege
2185 2468 2457 2527 peccatum
2505 2464 2624 2510 erat
2679 2465 2986 2521 mortuum;
3045 2472 3136 2526 ego
3190 2471 3311 2509 vero
3370 2455 3602 2509 vivebam

2021 2549 2289 2620 quondam
2335 2546 2530 2616 absque
2580 2546 2692 2617 lege
2735 2547 2863 2616 (hoc
2896 2555 3001 2610 est,
3037 2562 3160 2601 eum
3202 2546 3335 2600 nihil
3373 2547 3604 2602 mortale

2021 2640 2364 2709 cogitarem),
2415 2654 2573 2707 porro
2609 2654 2746 2692 eum
2802 2639 3026 2693 uenisset
3082 2641 3400 2692 mandatum
3460 2639 3605 2708 (ipso

2021 2730 2231 2787 scilicet
2262 2731 2488 2797 violato)
2526 2729 2717 2783 revixit
2754 2740 3051 2798 peceatum,
3084 2747 3179 2800 ego
3210 2746 3330 2784 vero
3362 2740 3602 2784 mortuus

2022 2837 2159 2885 sum,
2200 2830 2248 2874 et
2278 2822 2544 2875 iuventua:
2582 2828 2659 2874 est
2689 2822 3001 2874 mandatum
3035 2822 3174 2891 quod
3208 2829 3265 2875 ut
3303 2824 3412 2875 vita
3446 2830 3600 2888 esset,

2025 2913 2214 2966 datum
2259 2912 2435 2981 fuerat
2469 2912 2541 2974 (ei
2575 2911 2667 2981 qui
2697 2911 2797 2982 ipsi
2831 2913 3102 2984 parceret)
3134 2912 3267 2966 mihi
3296 2912 3410 2982 (qui
3445 2911 3603 2985 fregi)

2022 3017 2242 3063 mortem
2293 3008 2546 3077 aﬂ'erre’.
2614 3006 2735 3062 Alia
2795 3018 3059 3076 praeterea
3142 3008 3377 3078 plurima
3434 3022 3606 3064 sacra:

2026 3099 2328 3171 Scriptura:
2359 3102 2476 3155 loca
2510 3100 2664 3154 facile
2710 3100 2978 3166 invenias,
3018 3114 3143 3171 quas
3183 3115 3308 3155 cum
3350 3099 3442 3155 bis
3473 3115 3608 3156 cono

1951 3211 1993 3268 ο
2029 3200 2249 3261 gruant,
2288 3201 2454 3262 atque
2495 3192 2701 3261 diserte
2753 3199 2982 3245 mortem
3038 3206 3133 3261 per
3167 3198 3449 3261 peccatum
3504 3206 3605 3246 nos

2029 3281 2297 3336 invasisse
2329 3289 2622 3336 testentur.
2669 3281 2737 3334 At
2778 3280 2824 3335 si
2870 3280 2986 3335 haec
3031 3295 3140 3335 non
3172 3280 3441 3349 recipitis,
3475 3295 3603 3350 pro-

2027 3370 2164 3426 ferte
2194 3370 2353 3426 nobis
2384 3388 2550 3425 unum
2591 3370 2826 3440 aliquem
2859 3369 3042 3425 locum
3064 3371 3145 3425 .in
3169 3385 3280 3440 quo
3321 3369 3604 3439 Scriptura

2028 3460 2194 3526 dirat,
2245 3476 2345 3514 nos
2400 3476 2507 3514 non
2565 3462 2704 3515 mori
2755 3470 2976 3530 prapter
3030 3448 3349 3530 peccatum,
3415 3476 3603 3514 verum

2031 3550 2254 3618 quando
2314 3549 2617 3604 illiusmodi
2670 3549 2824 3604 locus
2874 3563 3146 3619 nusquam
3198 3557 3303 3614 est,
3371 3548 3606 3602 alterum

2031 3640 2166 3695 illud
2204 3655 2391 3703 verum
2424 3640 2496 3694 sit
2525 3654 2749 3695 necesse
2779 3650 2884 3696 est.
2915 3638 3104 3710 Neque
3136 3639 3281 3693 enim
3317 3649 3610 3694 consenta-

2029 3747 2195 3786 neum
2251 3744 2340 3787 est
2393 3743 2452 3786 ut
2502 3748 2570 3787 eo
2624 3732 2913 3801 repudiato
2964 3731 3113 3801 quod
3164 3730 3340 3787 sacris
3383 3729 3609 3786 Litteris

2030 3822 2307 3893 proditum
2347 3824 2679 3885 invenimus,
2738 3823 2789 3876 id
2845 3823 3244 3891 amplectamur
3271 3821 3420 3892 quod
3472 3836 3608 3875 nus-

2035 3930 2202 3985 quam
2241 3916 2505 3984 scriptum
2554 3922 2755 3969 exstat.
2803 3911 2940 3968 Nam
2991 3914 3056 3967 ad
3105 3928 3168 3969 ea
3214 3912 3326 3967 duo
3359 3928 3481 3982 quae
3509 3926 3610 3965 vos

2030 4013 2131 4061 eeu
2167 4005 2405 4060 absurda
2452 4022 2516 4060 ex
2561 4016 2754 4060 nostra
2795 4006 2887 4059 illa
2936 4005 3206 4060 sententia
3244 4004 3609 4075 colligebatis,

2031 4114 2225 4168 nempe
2267 4097 2435 4152 Deum
2483 4097 2732 4152 occidere
2775 4096 2957 4167 iustos
2988 4105 3213 4167 pr0pter
3258 4094 3513 4166 iniustos,
3548 4103 3605 4149 et

2031 4200 2251 4261 patrum
2297 4189 2504 4244 scelera
2553 4190 2748 4258 punire
2801 4188 2856 4242 in
2889 4189 3040 4252 filiis,
3082 4188 3322 4243 dicimus
3373 4202 3437 4241 ea
3464 4188 3609 4242 haud

2032 4286 2161 4340 inde
2214 4284 2471 4352 consequi
2505 4301 2519 4337 :
2553 4298 2731 4353 neque
2781 4282 2925 4337 enim
2978 4282 3147 4336 Deum
3206 4291 3427 4352 propter
3479 4278 3608 4335 Αάιξ

2032 4376 2370 4444 impietatem
2419 4362 2674 4429 occidere
2725 4373 2899 4441 ipsius
2947 4381 3205 4442 posteros
3253 4370 3369 4425 sive
3404 4369 3611 4439 probos

2035 4469 2149 4520 sive
2195 4463 2500 4533 improbos,
2549 4473 2609 4517 ut
2657 4476 2836 4531 neque
2874 4461 3019 4516 ﬁlios
3050 4462 3123 4515 ob
3155 4476 3218 4514 ea
3262 4475 3385 4530 quae
3427 4466 3611 4527 patres

350 4556 472 4627 ejus
503 4554 801 4626 Seripturae
828 4553 1014 4609 verbis
1046 4563 1263 4622 tropum
1297 4567 1443 4617 esse,
1490 4567 1611 4620 quze
1643 4551 1716 4603 ita
1753 4549 1930 4618 loqui-
1953 4551 2009 4609 I)
2037 4566 2322 4626 patravere
2361 4554 2564 4625 ﬂagitia
2598 4571 2615 4608 :
2650 4555 2743 4608 sed
2777 4552 2957 4608 fuerat
2992 4552 3235 4607 Adamus
3267 4559 3462 4606 natura
3487 4550 3612 4619 qui-

351 4656 445 4702 tur
480 4662 546 4702 ac
579 4647 626 4702 si
667 4645 838 4700 Adam
877 4652 1098 4715 propter
1129 4637 1416 4713 peceatum
1466 4642 1734 4696 obivisset
1784 4656 1927 4694 mor-

354 4750 487 4808 tem,
533 4739 794 4795 nimirum
848 4746 908 4791 ut
941 4752 1066 4791 eum
1103 4736 1193 4790 ille
1223 4736 1441 4790 audiret
1494 4745 1778 4803 peceatum
1818 4732 1920 4787 sibi

356 4833 551 4887 mortis
609 4844 835 4886 causam
891 4830 1085 4894 fuisse,
1146 4827 1274 4882 odio
1328 4826 1571 4891 haberet,
1621 4827 1923 4892 vitaretque

351 4933 638 4993 peceatum
670 4940 683 4975 :
716 4920 1177 4992 quemadmodum
1205 4918 1395 4972 multis
1431 4916 1554 4970 aliis
1595 4917 1731 4969 locis
1767 4926 1924 4984 tropo

351 5027 456 5067 usa
508 5021 593 5068 est
637 5004 964 5079 Scriptura,
1021 5018 1081 5063 ut
1126 5024 1248 5063 cum
1308 5006 1475 5061 habet
1524 5026 1537 5061 :
1581 5005 1648 5059 Et
1704 5007 1923 5059 tentavit

350 5105 611 5163 Dominus
634 5082 1025 5159 'Abrahamum
1056 5102 1120 5169 ³;
1152 5117 1332 5170 neque
1363 5102 1508 5157 enim
1559 5100 1728 5156 Deum
1779 5100 1926 5155 facto

352 5197 593 5267 periculo
644 5212 784 5265 opus
830 5195 1051 5249 habere.
1097 5180 1452 5248 Rursus'ubi
1482 5193 1580 5256 ait,
1610 5189 1780 5247 Deum
1831 5208 1926 5246 vo-

352 5287 526 5343 luisse
585 5286 895 5342 inte’rﬁcere
956 5282 1206 5347 Mosem,
1263 5283 1453 5337 uxoris
1521 5292 1699 5336 tamen
1760 5298 1927 5352 opera

352 5380 632 5450 placatum
717 5376 1000 5434 dimisisse
1079 5374 1233 5430 illum
1304 5373 1580 5443 impunem
1602 5374 1646 5429 ⁸.
1687 5371 1751 5427 Et
1802 5388 1927 5427 cum

351 5478 568 5535 narrat,
627 5468 912 5525 Christum
959 5465 1145 5522 Jesum
1199 5464 1326 5520 inde
1389 5478 1420 5519 a
1468 5478 1628 5517 mane
1675 5462 1928 5533 jejunum

249 5607 260 5616 .
352 5572 520 5631 atque
578 5561 889 5618 famelicum
943 5557 1247 5616 accessisse
1295 5556 1362 5610 ad
1419 5555 1580 5610 ﬁcum
1638 5554 1927 5621 arborem,

352 5639 538 5708 alieno
589 5669 620 5708 a
677 5652 797 5709 ﬁcis
858 5653 1150 5709 nascendis
1201 5659 1446 5719 tempore
1470 5649 1513 5704 '.
1570 5646 1694 5702 Hme
1742 5648 1928 5712 enim,

427 5824 603 5886 ἀνα.
639 5843 772 5890 uti,
804 5828 853 5883 1,
930 5826 1139 5882 ‘Exol.
1177 5843 1247 5892 tv,
1277 5824 1368 5878 21.
1442 5823 1462 5854 ⁸
1487 5821 1651 5878 Marc.
1686 5836 1760 5889 st,
1794 5821 1878 5877 l5.

1956 5821 1975 5854 ‘
2000 5823 2156 5877 llum.
2194 5841 2244 5889 ν,
2289 5823 2370 5880 12.

2032 4650 2156 4705 dem
2214 4647 2465 4701 mortalis
2521 4646 2777 4714 genitus,
2827 4644 3260 4697 ronservahatur
3320 4652 3501 4695 tamen
3556 4640 3611 4693 in

2030 4739 2441 4796 immortalitate
2493 4752 2587 4806 per
2639 4735 2922 4789 Eﬁectoris
2971 4732 3059 4788 sui
3118 4733 3505 4802 benignitatem
3558 4742 3614 4784 et

2031 4832 2301 4900 gratiam;
2355 4831 2446 4884 sed
2497 4830 2586 4882 ubi
2622 4829 2792 4893 legem
2829 4825 3088 4879 violasset
3138 4832 3303 4893 atque
3341 4821 3607 4889 deliquis-

2033 4930 2134 4983 set,
2185 4920 2422 4975 removit
2474 4919 2543 4972 ab
2599 4918 2717 4985 ipso
2774 4913 2918 4968 Deus
2965 4926 3119 4966 suam
3180 4909 3606 4965 immortalitatis

2031 5012 2281 5083 gratiam,
2322 5021 2484 5079 atque
2517 5017 2629 5061 tum
2665 5009 2752 5062 ille
2779 5008 2904 5062 talis
2939 5005 3142 5059 mansit
3174 5001 3354 5071 qualis
3386 4990 3605 5071 alioqui
3661 5035 3677 5045 -

2033 5114 2229 5158 natura
2280 5100 2495 5166 fuerat;
2557 5101 2660 5154 hoc
2713 5109 2818 5165 est,
2883 5096 3147 5151 mortalis.
3205 5093 3314 5148 Sed
3364 5091 3511 5148 enim
3553 5094 3601 5146 si

2034 5201 2163 5248 ante
2226 5193 2490 5246 amissam
2553 5189 2980 5246 immortalitatis
3030 5187 3260 5258 gratiam
3318 5184 3409 5239 ille
3467 5182 3609 5238 ﬁlios

2035 5293 2402 5357 procreasset,
2460 5293 2573 5337 tum
2630 5298 2762 5337 vero
2817 5281 2924 5337 dici
2972 5280 3264 5351 potuisset,
3314 5290 3410 5332 eos
3458 5274 3609 5330 illius

2033 5377 2178 5433 ﬁlios
2228 5377 2321 5446 qui
2375 5376 2512 5430 nihil
2558 5383 2905 5444 peccassent,
2960 5369 3388 5428 immortalitatis
3432 5365 3606 5432 gratia

2033 5469 2235 5525 merito
2278 5467 2659 5522 destituendos
2712 5482 2822 5521 non
2877 5465 3068 5519 fuisse.
3130 5462 3329 5516 Verum
3387 5457 3609 5527 quando

2033 5572 2156 5630 post
2188 5561 2440 5631 adeptam
2487 5558 2592 5614 sibi
2634 5560 2851 5612 demum
2897 5553 3326 5612 immortalitatis
3373 5550 3606 5621 gratiam

2035 5653 2242 5722 prolem
2279 5651 2502 5721 gignere
2527 5648 2714 5716 coepit,
2756 5648 2809 5703 id
2836 5647 2983 5719 quod
3014 5646 3185 5716 ipsius
3207 5653 3402 5700 natura
3435 5640 3608 5697 habe-

2449 5829 2465 5858 τ
2492 5824 2646 5880 Ιὶυιιι.
2685 5841 2780 5884 vn.
2812 5823 2865 5880 8.
2899 5822 2954 5877 9.
