4086 6410
409 463 424 468 ἱ
500 374 608 440 607

1705 376 1981 436 THEOD.
2051 377 2575 440 DAPHNOPATA.
2625 410 2630 415 α

3650 383 3756 445 608

501 491 596 544 bat
620 529 636 555 ,
691 485 1098 542 transmittehat
1157 487 1213 544 in
1251 488 1393 544 ﬁlios
1427 507 1441 544 :
1478 489 1533 544 id
1583 503 1714 544 vero
1755 490 1904 561 quod
1955 499 2085 547 ante
2111 510 2160 558 Α
2189 512 2298 550 non
2326 495 2674 560 deliciarum,
2701 502 2763 550 ut
2788 509 2886 552 vos
2905 494 3251 553 existimatis.
3278 495 3523 567 Denique
3548 501 3695 568 quod
3727 517 3758 554 a

500 585 766 638 amiserat
799 597 977 652 neque
997 584 1109 651 jam
1143 592 1258 639 tum
1297 583 1553 651 habebat,
1597 583 1852 640 conferre
1884 586 1938 640 in
1975 585 2079 642 hos

502 688 610 727 non
647 674 847 740 potuit.
899 673 1148 730 Mortalis
1195 675 1379 745 itaque
1428 675 1686 730 mortales
1727 678 2073 746 procreavit;

501 774 666 834 atque
699 764 830 820 hinc
863 766 1111 819 omnium
1159 776 1417 834 nepotum
1452 782 1604 821 mors
1635 778 1935 823 consecuta
1967 781 2075 834 est.

498 870 608 911 non
645 865 827 910 autem
875 872 938 911 ex
988 857 1136 912 illius
1165 857 1388 912 delicto.
1424 857 1538 912 lmo
1570 873 1700 913 vero
1731 859 1778 914 si
1827 870 2080 916 accurate

497 961 688 1001 sacras
734 945 972 1002 Litteras
1027 948 1391 1018 perlustretis.
1437 951 1568 1010 erit.
1619 950 1708 1003 ubi
1761 962 1816 1004 et
1855 953 2077 1022 quando

502 1036 670 1092 Deum
708 1039 1008 1107 peremisse
1052 1040 1190 1094 filius
1225 1055 1322 1109 per
1373 1051 1588 1110 patrum
1641 1060 1867 1100 causam
1921 1045 2074 1099 inve-

499 1129 686 1183 niatis.
729 1129 865 1185 Nam
921 1132 1063 1200 apud
1098 1130 1408 1186 Samuelem
1463 1135 1724 1204 scriptum
1767 1144 1897 1190 est:
1933 1134 2076 1200 Quia

496 1220 744 1272 recordor
787 1219 902 1287 ejus
955 1221 1094 1289 quod
1145 1222 1361 1275 Amalec
1419 1222 1542 1291 fecit
1602 1221 1800 1278 Israeli
1861 1223 2074 1277 exeunti

491 1307 746 1379 ngypto,
772 1311 899 1364 rade
923 1319 1002 1375 tu,
1029 1309 1184 1378 Saul,
1205 1323 1255 1366 et
1273 1323 1506 1383 pugnata
1533 1314 1782 1368 adversus
1805 1314 1953 1386 Agag
1980 1330 2074 1383 po-

493 1401 778 1470 pulumque
819 1403 984 1471 ipsius
1007 1403 1052 1468 3,
1105 1413 1213 1458 etc.
1267 1404 1334 1459 Et
1381 1405 1512 1460 alibi
1560 1409 1824 1477 scriptum
1873 1415 2070 1471 exstat,

493 1501 716 1561 prepter
766 1492 988 1548 Davidis
1034 1503 1317 1563 peccatum
1370 1510 1569 1552 uxores
1613 1498 1786 1565 ipsius
1845 1507 2072 1552 constu-

490 1584 734 1653 prandas
765 1598 886 1639 esse
901 1585 946 1639 ’.
988 1584 1054 1638 Et
1083 1600 1278 1642 rursus
1318 1587 1373 1642 in
1403 1587 1830 1644 Gabaonitarum
1863 1591 2070 1660 gratia-

494 1691 615 1729 rum
677 1687 988 1746 peremptos
1047 1693 1172 1733 esse
1228 1681 1525 1750 suspendio
1577 1697 1607 1736 a
1669 1682 1874 1737 Davide
1928 1682 2071 1738 ﬁlios

491 1765 719 1837 Rephae,
772 1768 896 1838 [ilige
941 1769 1168 1837 Aize“;
1202 1786 1368 1839 porro
1418 1773 1564 1842 quod
1612 1787 1711 1828 ceu
1764 1773 2065 1829 absurdum

2182 585 2525 640 daamonibus
2562 585 2862 658 collegistis
2898 597 3307 659 argumentum,
3332 589 3426 658 qui
3469 590 3572 644 etsi
3614 590 3758 645 deli-

2181 690 2421 746 querunt
2467 679 2634 734 etiam
2681 680 2930 748 gravius,
2986 695 3096 736 non
3145 691 3328 735 tamen
3395 689 3526 737 sunt
3581 691 3759 737 morte

2181 765 2437 831 multati,
2506 767 2588 821 sie
2637 767 2994 822 dissolvimus
3048 767 3394 831 :daamonas,
3455 769 3585 838 quia
3633 784 3759 824 sese

2180 856 2508 911 extulissent
2544 866 2708 926 atque
2756 873 2852 927 per
2902 859 3221 928 superbiam
3262 858 3588 928 iactassent,
3630 861 3756 916 ideo

2179 943 2495 1000 deturbatos
2551 960 2719 1000 esse:
2758 960 2865 999 non
2912 955 3095 1000 autem
3162 945 3233 1000 ob
3272 958 3551 1015 peccatum
3607 963 3760 1002 mor-

2178 1048 2323 1100 tuos,
2357 1037 2486 1107 quia
2519 1052 2549 1091 a
2580 1052 2763 1092 rerum
2792 1036 3026 1092 Parente
3059 1039 3188 1104 Deo,
3223 1049 3416 1093 natura
3452 1039 3756 1095 immortali

2178 1127 2396 1182 fuerant
2424 1127 2636 1196 praediti
2665 1136 2777 1182 tum
2806 1143 2931 1182 cum
2965 1128 3350 1199 gignebantur,
3379 1129 3531 1199 prius
3559 1144 3757 1199 nempe

2176 1234 2340 1288 quam
2388 1228 2704 1289 peccassent
2737 1237 2752 1273 :
2785 1220 3055 1274 Adamum
3105 1236 3236 1274 vero
3285 1231 3561 1276 mortuum
3607 1237 3754 1290 esse,

2175 1308 2304 1378 quia
2349 1310 2602 1378 adempta
2650 1308 2752 1378 ipsi
2803 1316 2923 1363 erat
2975 1308 3408 1365 immortalitatis
3456 1309 3627 1379 gratia
3679 1311 3752 1365 ob

2175 1399 2476 1453 admissum
2522 1413 2828 1470 peccatum.
2869 1398 3057 1470 Neque
3084 1416 3215 1456 vero
3255 1401 3451 1456 iisdem
3488 1402 3752 1457 omnibus

2174 1492 2341 1547 rebus
2373 1490 2585 1561 praediti
2622 1506 2814 1547 sumus
2847 1506 2968 1557 nos,
3002 1492 3421 1560 daamouesque;
3453 1507 3557 1547 nos
3593 1494 3750 1547 enim

2172 1599 2268 1639 sua
2298 1583 2444 1638 Deus
2475 1585 2647 1654 gratia
2681 1583 2954 1654 dignatur,
2997 1584 3115 1640 illos
3151 1598 3281 1639 vero
3308 1585 3556 1650 minime,
3608 1594 3754 1639 tam-

2171 1676 2274 1728 etsi
2315 1672 2548 1744 plurirna
2609 1673 2820 1727 ratione
2866 1673 3124 1742 polleant.
3159 1673 3330 1743 igitur
3359 1688 3426 1727 ex
3460 1673 3546 1729 his
3573 1674 3754 1728 omni-

2173 1767 2276 1822 bus
2324 1766 2563 1822 dilucide
2614 1765 2927 1828 coniicitur,
2981 1782 3081 1820 nos
3127 1765 3197 1821 ob
3247 1775 3531 1836 peccatum
3583 1768 3750 1825 mori.

491 1858 772 1928 colligitis,
807 1869 1116 1928 peccatum,
1156 1861 1378 1916 creandi
1410 1840 1574 1931 hujus
1616 1864 1804 1918 mundi
1838 1879 2065 1918 causam
2101 1840 2144 1895 Β
2178 1856 2656 1911 Verulnellillwel'o
2716 1857 2762 1911 εἰ
2806 1865 3093 1926 Propterea
3153 1857 3400 1926 τεεῐιδνίῐ
3456 1856 3509 1909 in
3561 1867 3750 1911 ηοειη

491 1946 664 2002 fuisse
711 1949 1128 2018 respondemus,
1157 1951 1210 2006 id
1241 1967 1470 2023 prorsus
1503 1952 1704 2007 falsum
1756 1968 1878 2010 esse
1907 1965 2070 2024 atque

492 2040 942 2095 abominandum.
1017 2041 1238 2098 Interim
1295 2044 1400 2100 hoc
1478 2045 1711 2100 libenter
1789 2044 2066 2110 fatemur,

497 2132 763 2186 mundum
800 2147 924 2187 esse
950 2133 1189 2189 hominis
1217 2115 1522 2204 peccatoris
1551 2151 1718 2191 causa
1746 2137 2065 2203 conditum;

487 2221 653 2292 idque
715 2223 817 2277 hac
857 2224 1069 2278 ratione
1121 2242 1139 2280 :
1187 2241 1312 2280 nam
1364 2227 1538 2282 Adam
1584 2227 1917 2297 simulatque
1949 2229 2066 2284 for-

489 2324 683 2368 matus-
724 2323 866 2380 erat,
914 2317 1202 2373 traductus
1246 2327 1332 2375 est
1366 2320 1420 2373 in
1450 2320 1791 2390 paradisum,
1828 2336 1929 2376 ceu
1979 2322 2062 2376 lo-

489 2420 615 2460 cum
651 2407 915 2474 medium,
949 2417 1010 2461 ut
1043 2410 1087 2462 si
1117 2418 1335 2478 pareret
1366 2411 1469 2481 legi
1501 2411 1557 2466 in
1583 2412 1807 2468 caeleste
1832 2427 2060 2482 regnum

487 2496 904 2565 subveheretur,
960 2499 1044 2554 sin
1087 2502 1271 2556 minus
1313 2512 1530 2570 pareret
1572 2504 1956 2558 detruderetur
2007 2505 2063 2559 in

489 2585 636 2640 hunc
668 2588 956 2654 mundum,
992 2590 1044 2643 id
1067 2591 1212 2660 quod
1251 2591 1380 2647 alibi
1428 2601 1514 2647 est
1543 2608 1575 2648 a
1621 2593 1782 2648 nobis
1821 2594 2064 2662 explica-

490 2690 626 2735 tum.
682 2682 778 2736 Est
833 2683 998 2753 igitur
1045 2685 1286 2741 hominis
1343 2688 1649 2755 peccatoris
1699 2687 1903 2756 gratia,
1951 2701 2060 2740 non

487 2783 669 2828 autem
703 2776 932 2843 peccati,
964 2774 1195 2832 eﬂ‘ectus
1223 2777 1328 2832 iste
1358 2779 1598 2834 mundus
1624 2797 1640 2845 ;
1677 2779 1838 2833 vallis
1862 2793 2060 2847 nempe

488 2862 856 2933 Iacrymarutn
907 2875 960 2920 et
995 2866 1152 2923 locus
1178 2868 1432 2924 dolorum
1493 2871 1812 2940 umbraeque
1862 2863 2064 2926 mortis

2175 1958 2371 2004 natura
2412 1957 2718 2018 peccatum,
2777 1950 2904 2019 quia
2974 1947 3149 2003 Adam
3211 1948 3602 2018 prmvarieatus
3666 1959 3754 2004 cst

2177 2049 2369 2096 contra
2407 2039 2578 2108 legem
2629 2039 2749 2104 Dei,
2779 2048 2987 2105 quanto
3018 2038 3192 2108 magis
3228 2038 3660 2108 justiticabimur
3697 2048 3755 2094 et

2177 2132 2524 2189 servabimur
2554 2146 2650 2202 per
2676 2131 2844 2186 vitam
2893 2129 3125 2195 Christi,
3162 2129 3253 2200 qui
3285 2141 3339 2186 et
3383 2139 3612 2186 mortem
3650 2146 3750 2186 su-

2173 2225 2387 2296 peravit
2425 2232 2477 2279 et
2507 2230 2759 2276 naturam
2812 2230 3060 2277 nostram
3093 2221 3248 2286 vicit,
3286 2221 3547 2292 viamque
3582 2221 3751 2279 nobis

2173 2319 2388 2389 aperuit
2434 2315 2629 2373 salutis
2661 2331 2789 2371 cum
2828 2313 2896 2370 de
2939 2315 3083 2369 caelo
3116 2313 3184 2368 ad
3235 2329 3335 2369 nos
3365 2313 3747 2381 descenderet,

2173 2426 2280 2481 qua
2315 2419 2599 2479 pergentes
2634 2406 3046 2477 perveniremus
3077 2404 3131 2459 iu
3158 2406 3348 2460 beatas
3378 2405 3750 2462 habitationes

2166 2503 2364 2557 domus
2409 2499 2588 2554 Patris
2643 2498 2791 2553 illius
2835 2497 2979 2566 :qui
3032 2509 3155 2550 cum
3212 2495 3373 2550 Patre
3432 2503 3488 2550 et
3537 2496 3747 2566 Spiritu

2167 2603 2359 2650 sancto
2412 2593 2685 2654 laudetur,
2738 2588 2976 2660 gloriose
3013 2585 3344 2657 praedicetur
3389 2595 3445 2641 et
3485 2587 3749 2644 adoretur

2166 2701 2268 2756 pro
2300 2686 2471 2740 tantis
2505 2682 2792 2740 beneﬁciis
2815 2696 2938 2751 qum
2968 2681 3022 2734 in
3057 2679 3362 2734 humanum
3398 2694 3574 2750 genus
3601 2695 3744 2736 con-

2166 2778 2312 2845 tulit,
2365 2777 2495 2832 hinc
2547 2789 2719 2846 usque
2764 2772 2822 2827 in
2870 2771 3260 2844 generationes
3304 2771 3746 2842 generationum.

2161 2871 2358 2924 Amen.

552 3031 615 3085 ⁸1
645 3034 782 3108 Reg.
817 3054 906 3105 xv,
937 3039 991 3094 2.
1068 3042 1089 3073 ’
1117 3040 1157 3093 Il
1181 3041 1314 3113 Iicg.
1345 3059 1442 3106 xu,
1482 3043 1568 3096 ii.
1647 3044 1691 3075 ‘°
1717 3042 1752 3096 Il
1791 3044 1926 3114 Reg.
1958 3059 2073 3109 xxt,
2101 3042 2155 3107 8,
2185 3041 2239 3096 9.

491 3219 3733 3252 Μ

1773 3401 1942 3448 ANNO
1989 3402 2214 3449 DOMINI
2259 3404 2454 3451 CMLVI

615 3582 1950 3766 THEODORUS
2078 3508 3589 3767 DAPHNOPATA

1863 4061 2409 4151 ΝΟΤΙΤΙᾹ.

1485 4277 1667 4334 (Oudin
1700 4277 1768 4323 De
1807 4273 1979 4335 script.
2005 4274 2208 4334 eccles.,
2241 4279 2358 4324 tom.
2389 4274 2449 4332 ll,
2478 4291 2524 4336 p.
2569 4277 2696 4336 H8.)

553 4423 876 4478 Theodorus
910 4422 1284 4492 Daphnopata,
1329 4423 1538 4492 primus
1571 4437 1599 4474 a
1630 4424 1856 4476 secretis
1896 4431 2060 4490 atque
2113 4421 2380 4492 patricius
2412 4421 2557 4492 apud
2588 4422 3141 4496 Constantinopolim,
3176 4429 3376 4484 claruit
3406 4445 3547 4485 anno
3584 4431 3725 4496 956;

477 4513 635 4581 cujus
692 4511 1020 4564 mentionem
1080 4509 1289 4565 faciunt
1341 4509 1579 4564 Joannes
1639 4511 1898 4579 Scylitzes
1943 4525 2006 4563 ac
2057 4509 2324 4576 Georgius
2377 4508 2677 4587 Cedrenus,
2711 4520 2939 4580 uterque
2993 4515 3047 4568 in
3102 4514 3466 4572 Historiarum
3496 4533 3722 4572 suarum

479 4598 774 4664 prooemiis,
819 4607 984 4666 atque
1021 4598 1160 4650 inter
1189 4613 1284 4652 eos
1313 4599 1404 4667 qui
1438 4595 1734 4651 Historiam
1770 4597 2122 4668 Byzantinam
2148 4598 2264 4652 sive
2291 4597 2951 4667 Constantinopolitanam
2987 4602 3342 4671 scripserunt,
3387 4587 3724 4675 praacipuum

480 4685 552 4738 ibi
595 4687 770 4740 locum
804 4687 1033 4741 obtinet.
1070 4684 1305 4740 Etatem
1341 4701 1448 4755 qua
1482 4687 1616 4740 vixit
1649 4687 1849 4741 iudicat
1899 4686 2074 4740 oratio
2109 4683 2281 4753 ipsius
2328 4686 2381 4736 in
2439 4700 2652 4737 manuni
2688 4683 2744 4739 S.
2783 4684 3136 4742 Prwcursoris
3167 4689 3452 4758 Baptista,
3489 4709 3610 4762 quae
3634 4694 3726 4749 diu

471 4789 778 4843 magnaque
841 4790 994 4838 cura,
1029 4774 1204 4843 inquit
1257 4775 1435 4829 Cavus
1471 4784 1616 4828 toruo
1647 4775 1711 4838 ll,
1749 4790 1842 4829 seu
1908 4784 2060 4843 parte
2090 4787 2127 4824 ιι
2196 4770 2453 4825 Historia:
2511 4771 2807 4837 litterariae,
2835 4775 2900 4828 ad
2951 4791 3154 4830 annum
3186 4779 3314 4855 956,
3338 4779 3642 4836 Antiochiae
3671 4783 3725 4836 in

471 4860 670 4929 templo
716 4861 777 4914 Ι).
816 4860 957 4914 Petri
1016 4861 1283 4915 custodita
1334 4859 1532 4925 fuerat,
1573 4877 1735 4930 quam
1795 4863 2011 4915 tandem
2050 4861 2187 4914 ciant
2251 4861 2516 4929 surripuit
2543 4861 2716 4916 Jobus
2743 4864 2964 4929 quidam
3006 4864 3274 4921 diaconus
3312 4869 3713 4946 Antiochenus,

470 4955 524 4999 et
556 4948 686 5000 urbe
723 4957 885 5001 noctu
918 4963 1192 5023 egressus,
1222 4947 1618 5004 Chalcedonem
1655 4949 1866 5022 detulit,
1899 4947 1990 5001 ubi
2022 4948 2384 5015 imperatoria:
2417 4948 2625 5001 triremi
2663 4949 2726 5001 ad
2765 4949 2866 5002 hoc
2927 4951 3102 5018 ipsum
3150 4953 3362 5008 emissa:
3401 4955 3714 5026 impositam

469 5033 794 5088 illustriores
843 5045 1124 5089 senatores
1159 5037 1511 5103 procedentes
1544 5037 1782 5102 obviam,
1832 5051 1955 5089 cum
1989 5033 2282 5102 Polyeucto
2314 5034 2624 5101 patriarcha
2675 5043 2731 5087 et
2775 5035 3029 5090 universo
3055 5038 3200 5092 clero
3237 5049 3291 5094 et
3333 5043 3551 5111 populo.
3587 5061 3711 5100 cum

470 5121 667 5186 cereis,
698 5121 903 5176 lacibus
961 5131 1016 5175 et
1073 5122 1364 5189 suﬂitibus,
1400 5139 1519 5177 eam
1579 5124 1632 5176 in
1693 5123 1952 5192 palatium
2007 5123 2370 5184 deduxerunt,
2421 5137 2560 5174 anno
2590 5122 2805 5176 circrter
2851 5123 2977 5189 956,
3016 5123 3288 5181 referente
3321 5129 3435 5184 haec
3466 5130 3714 5188 Cedreno

472 5207 729 5262 Historiae
760 5207 1178 5264 Grazco-Latiuw
1217 5226 1338 5279 pag.
1367 5212 1490 5266 GiO.
1529 5211 1647 5264 Mox
1679 5212 1989 5265 institutum
2029 5209 2194 5278 hujus
2232 5208 2624 5263 Translationis
2654 5209 2876 5275 festum,
2914 5221 2967 5265 et
3000 5212 3100 5268 hac
3126 5217 3414 5271 occasione
3446 5235 3592 5275 anno
3631 5238 3718 5276 se-

469 5295 680 5366 quenti.
713 5311 836 5348 cum
864 5297 1237 5351 anniversaria
1273 5297 1431 5354 istius
1465 5299 1587 5353 festi
1636 5300 1835 5352 rediret
1868 5299 2210 5361 solemnitas,
2245 5299 2384 5352 hanc
2437 5301 2738 5353 orationem
2791 5299 3115 5355 Theodorus
3161 5305 3368 5371 habuit,
3399 5308 3478 5361 uti
3519 5325 3712 5366 nume-

472 5386 550 5438 ris
580 5381 724 5449 XVI,
755 5382 920 5447 XVII,
954 5382 1121 5438 XVIII
1150 5393 1204 5439 et
1237 5384 1380 5454 XIX,
1412 5387 1528 5456 ipse
1553 5388 1757 5456 prolixe
1789 5394 1998 5441 narrat.
2037 5385 2175 5440 IIine
2209 5386 2328 5455 ejus
2360 5397 2492 5442 aetas
2515 5388 2758 5458 alioquin
2790 5391 2924 5444 satis
2963 5397 3196 5445 obscura
3232 5393 3379 5448 clare
3405 5395 3716 5466 deprehen-

468 5471 636 5526 ditur.
659 5470 781 5525 ΗΜ)
805 5485 868 5524 ex
900 5469 1195 5526 Laurentio
1228 5474 1390 5528 Surio
1417 5476 1596 5529 Cavus
1628 5475 1744 5529 loco
1774 5475 2025 5544 allegato.
2054 5473 2286 5544 Scripsit
2313 5491 2531 5546 quoque
2555 5475 2853 5531 Historiam
2878 5480 2989 5533 sive
3013 5480 3308 5535 Chronicon
3329 5481 3709 5555 Byzantinum,

471 5561 615 5627 quod
648 5558 877 5628 posteris
905 5559 1095 5644 invidit
1126 5561 1310 5630 lapsus
1344 5563 1603 5631 temporis
1634 5561 1878 5615 omnium
1911 5562 2114 5617 edacis.
2158 5566 2226 5616 At
2263 5565 2367 5618 alia
2411 5565 2569 5620 nobis
2619 5577 2915 5634 supersunt
2966 5568 3088 5635 ejus
3132 5584 3320 5638 opera,
3349 5590 3472 5644 qua:
3506 5576 3709 5638 famam

471 5647 743 5701 Theodori
774 5649 1005 5714 posteris
1037 5658 1311 5720 utcunque
1340 5660 1579 5705 servant.
1615 5650 1839 5706 Exstant
1869 5651 2113 5720 ejusdem
2142 5653 2550 5719 Apantltismata
2587 5655 2703 5707 sive
2735 5651 2976 5707 Flosculi
3003 5671 3066 5707 ea:
3109 5659 3267 5711 rariis
3293 5663 3464 5716 sancti
3484 5661 3712 5720 Joannis

472 5732 834 5796 Chrysostomi
893 5739 1129 5802 operibus
1187 5741 1416 5806 cxcerpti
1472 5739 1613 5795 inter
1662 5756 1792 5795 mss.
1823 5741 2039 5794 codices
2092 5738 2436 5793 bibliotheca:
2487 5740 2792 5793 Bodleianm
2821 5741 3150 5797 codd.§.’5H
3204 5755 3258 5800 et
3287 5747 3452 5814 2545,
3484 5751 3537 5804 in
3576 5769 3710 5807 mss.

477 5813 702 5870 Tnonne
739 5817 941 5877 Bodlcii
975 5824 1133 5880 codd.
1159 5825 1265 5880 25L
1291 5836 1342 5882 ct
1366 5826 1490 5893 9.55,
1525 5843 1753 5896 quorum
1785 5829 1995 5899 primus
2027 5831 2265 5888 continet
2298 5831 2563 5902 ejusmodi
2616 5829 2936 5901 Eclngarum
2980 5851 3261 5894 sermones
3306 5839 3394 5908 32,
3436 5813 3712 5898 Secundus
