4086 6420
308 357 416 419 601)
1463 355 1474 360 ”
1782 350 1921 410 ΝΟἸ

1945 352 2031 410 ITI
2043 353 2112 408 A-
3456 351 3515 414 (ii
3532 353 3558 410 μ’)

308 473 484 526 codex
511 481 790 524 sermones
826 466 893 519 li
927 453 1405 535 cx‘Cbrysostomo
1435 472 1722 532 excerptas
1775 477 1869 531 per
1899 461 1921 516 Ἰ

1949 464 2247 518 heudoruin
2292 461 2610 530 magistrum
2641 462 2844 518 Graece.
2875 464 3041 519 Iidem
3071 473 3125 518 ct
3149 464 3203 518 in
3247 466 3562 534 Augustanu

308 559 637 613 bibliotheca
665 555 852 609 codice
892 554 960 608 68
994 553 1046 607 in
1079 568 1364 607 sermones
1395 552 1464 607 56
1499 551 1931 614 distribuuntur,
1961 559 2068 604 etc.
2119 548 2183 602 Et
2217 551 2269 602 in
2311 549 2381 603 55
2415 550 2592 618 capita
2635 549 2818 610 divisi,
2848 568 2979 606 mss.
3014 552 3236 621 quidem
3271 553 3324 605 in
3359 553 3560 606 hiblio~

311 647 469 699 theca
527 643 773 697 Czcsarea
823 639 1256 703 Vindobonensi,
1284 641 1566 694 codicibus
1630 654 1763 693 mss.
1823 638 2148 705 theologicis
2204 636 2410 690 Gl‘lBCIS
2467 636 2624 690 CLIII
2661 647 2714 690 et
2745 637 2928 703 CLIV,
2954 648 3013 693 ut
3042 640 3206 693 habet
3239 641 3564 696 Lambecius

308 744 460 787 lomo
496 731 584 786 IV.
617 730 1153 783 Commentariorum
1195 729 1359 796 hujus
1395 727 1756 800 bibliothecae,
1793 742 1912 796 pag.
1953 725 2051 778 l57
2080 735 2131 777 et
2165 724 2284 791 159,
2311 726 2374 778 ad
2404 724 2575 778 dictos
2604 726 2822 779 codices
2867 729 2948 781 his
2981 729 3161 782 verbis
3197 745 3208 780 :
3249 745 3266 778 ι
3307 726 3566 780 Theodori

307 821 675 889 Daphnopatw
706 817 1112 886 Apanthistnata
1161 818 1268 870 sive
1297 815 1528 884 ﬂosculi,
1569 829 1634 868 ea:
1658 815 1819 867 variis
1855 814 2024 866 sancti
2062 811 2288 865 Joannis
2320 811 2680 884 Cltrysostomi
2723 815 2965 882 operibus
3004 815 3253 880 decerpti,
3293 826 3346 868 et
3394 818 3444 868 in
3477 833 3570 869 ca-

310 911 422 978 pita
460 909 530 962 55
562 906 748 972 divisi,
791 908 907 974 ipsa
958 905 1092 958 tituli
1143 903 1321 957 Οτιοοί
1366 905 1527 956 verba
1585 913 1734 961 sunt.
1781 903 1921 954 Ἀπα

1952 902 2200 971 ιθίσματα
2239 901 2335 953 τοῦ
2376 903 2435 954 ἓν
2473 902 2652 970 ἁγίοις
2706 903 2918 970 Πατρὶς
2966 904 3125 972 ἡμῶν
3179 903 3430 956 Ἰωάννου
3471 904 3565 956 τοῦ

306 995 725 1068 Χρυσοστόμου,
756 991 1186 1061 ὰναθροισθέντα
1222 991 1372 1060 παρὰ
1403 990 1574 1061 κυροῦ
1610 989 1891 1061 Θεοδώρου

1952 989 2017 1040 κοῦ
2055 991 2463 1057 Δαφνοπὰτους.
2494 991 2720 1043 Exstant
2743 991 2962 1058 quidem
3003 993 3118 1044 haec
3150 992 3565 1060 Apantbismata

307 1085 363 1138 in
394 1097 622 1153 operum
686 1081 861 1135 sancti
915 1077 1143 1134 Joannis
1194 1079 1576 1148 Chrysostomi
1632 1079 1874 1131 editione
1924 1075 2112 1131 Graeca
2145 1075 2418 1129 Saviliana
2462 1084 2608 1128 tonio
2647 1074 2758 1140 VII,
2793 1092 2915 1143 pag.
2950 1077 3076 1140 665,
3110 1087 3160 1131 et
3219 1080 3272 1132 in
3326 1080 3570 1132 editione

306 1168 734 1227 Graeco-Latina
760 1167 1128 1222 Frontoniana
1169 1177 1315 1220 tumo
1351 1165 1436 1228 VI,
1467 1183 1586 1233 pag.
1621 1166 1756 1230 665;
1790 1166 1882 1219 sed
1910 1167 2045 1218 ordo
2085 1175 2137 1218 et
2168 1181 2431 1220 numerus
2481 1169 2771 1234 utrobique
2826 1169 3101 1236 discrepat
3151 1169 3220 1222 ab
3255 1170 3356 1222 hoc
3384 1171 3570 1223 codice

305 1261 580 1321 Caesareo,
610 1269 668 1310 ut
700 1255 1003 1310 conferenti
1034 1255 1165 1307 mihi
1196 1256 1388 1322 patuit.
1440 1255 1736 1324 Insignilur
1766 1265 1955 1307 auctor
1992 1252 2149 1304 titulo
2190 1255 2618 1319 protosccretarii
2649 1270 2712 1306 ac
2760 1255 3002 1321 patricii,
3033 1263 3086 1307 et
3123 1256 3240 1308 sine
3280 1255 3447 1308 dubio
3480 1256 3569 1308 ille

306 1349 424 1418 ipse
459 1356 563 1406 est,
600 1347 627 1398 ὁ
660 1343 1023 1411 Δαφνοπὰτης
1052 1341 1350 1411 Θεόδωρος,
1378 1343 1470 1410 qui
1527 1357 1555 1394 a
1611 1339 1819 1394 Joanne
1871 1340 1919 1392 SI

1954 1342 2105 1409 ylitza
2143 1349 2196 1392 et
2227 1339 2463 1407 Georgio
2513 1339 2760 1394 Cedreno
2820 1343 2872 1394 in
2935 1358 3160 1396 suarum
3202 1340 3567 1396 Ilistoriarum

309 1436 589 1490 Prooemiis
622 1433 843 1491 citatur,
880 1438 930 1484 et
966 1432 1104 1483 inter
1132 1445 1227 1482 eos
1257 1431 1349 1497 qui
1394 1427 1688 1482 Historiam
1737 1427 2092 1498 Byzantinam
2144 1429 2257 1482 sive
2297 1426 2402 1481 ΟΡ.
2438 1429 2806 1496 particulatim
2841 1430 3198 1496 scripserunt,
3234 1432 3567 1501 principuum

306 1523 382 1578 ibi
416 1523 595 1576 locum
629 1520 857 1572 obtinet.
897 1519 1088 1571 Exstat
1119 1532 1336 1586 quoque
1387 1517 1441 1568 in
1501 1516 1688 1568 eadem
1739 1516 2066 1568 bibliotheca
2097 1513 2368 1576 C:es:trca,
2405 1525 2463 1568 ut
2499 1527 2730 1570 testatur
2763 1518 2902 1570 idem
2959 1517 3280 1571 Lambecius
3324 1531 3471 1572 lomo
3497 1516 3570 1572 IV

305 1611 549 1680 ejusdem
581 1606 948 1669 Bibliotheca,
981 1619 1105 1674 pag.
1141 1604 1233 1669 60,
1271 1605 1324 1657 in
1362 1601 1554 1656 codice
1583 1619 1686 1656 ms.
1712 1599 2046 1670 Theologico
2085 1601 2275 1655 Graeco
2300 1602 2435 1663 CXI,
2472 1620 2625 1658 num.
2659 1605 2712 1668 5,
2739 1615 2794 1659 et
2818 1607 3035 1674 quidem
3069 1621 3097 1659 a
3127 1605 3220 1659 I‘ol.
3247 1606 3338 1670 87,
3367 1622 3490 1677 pag.
3522 1609 3570 1672 l,

305 1715 480 1770 usque
513 1695 579 1750 ad
613 1695 707 1748 fol.
741 1695 830 1757 98,
861 1708 982 1763 pag.
1018 1692 1073 1752 2,
1108 1689 1372 1746 Theodori
1408 1690 1569 1760 primi
1601 1707 1633 1743 a
1671 1691 1890 1742 secretis
1921 1700 1969 1742 et
1998 1688 2244 1753 Patricii,
2279 1703 2620 1758 cognomento
2653 1692 3042 1761 Daphnopatw,
3083 1697 3256 1747 oratio
3302 1696 3364 1748 de
3411 1710 3572 1748 manu

309 1785 369 1842 S.
399 1784 624 1839 Joannis
663 1781 947 1850 Baptista,
976 1779 1262 1832 Antiochia
1288 1775 1814 1846 Constantinopolim
1843 1778 2132 1853 translata,
2169 1778 2328 1844 cujus
2362 1779 2554 1831 titulus
2597 1790 2650 1833 et
2704 1781 3058 1849 principium,
3093 1781 3374 1850 Θεοδώρου
3421 1800 3574 1851 πρω-

309 1873 686 1942 τοασηκρήτου
719 1869 814 1922 καὶ
847 1867 1166 1936 πατρικίου,
1192 1865 1288 1919 τοῦ
1329 1864 1711 1933 Δαφνοπάτου,
1753 1864 1911 1931 λόγος
1942 1865 2022 1924 εἰς
2057 1864 2159 1933 τὴν
2204 1865 2263 1930 ἐξ
2296 1863 2632 1936 Ἀντιοχείας
2676 1868 3020 1938 ἀνακομιδὴν
3071 1870 3172 1939 τῆς
3223 1871 3430 1940 σεμνῆς
3477 1871 3573 1922 καὶ
3631 1894 3647 1909 ι

310 1960 499 2024 τιμίας
525 1957 707 2029 χειρὸς
742 1957 840 2008 τοῦ
885 1953 1046 2022 ἁγίου
1100 1952 1376 2018 Ἰωάννου,
1403 1951 1498 2004 τοῦ
1535 1950 1856 2021 Προδρόμου
1905 1953 2001 2004 καὶ.
2038 1952 2373 2009 Βαπτιστοῦ.
2415 1952 2656 2024 Incipit;
2704 1955 2836 2008 Ίδου
2868 1958 2964 2010 καὶ
3000 1957 3166 2010 πάλιν
3198 1960 3332 2026 ἡμῖν
3373 1962 3398 2012 ό
3429 1959 3576 2028 ίερδς

310 2049 404 2101 τοῦ
434 2046 670 2118 Χριστοῦ
703 2042 1025 2115 ἐπεδήμησε
1074 2042 1414 2113 Πρόδρομος,
1451 2039 1562 2092 τῶν
1606 2039 1775 2092 αὐτοῦ
1830 2039 2075 2110 χαρίτων
2111 2042 2398 2105 ἀναδιδοὺς
2453 2044 2704 2110 ἀφθόνως
2747 2043 2817 2097 τὰ
2855 2033 3097 2112 νάματα.
3135 2047 3323 2100 Exstat
3352 2047 3573 2114 quidem

309 2136 424 2191 haec
452 2135 630 2189 oratio
680 2133 822 2202 apud
881 2130 1238 2185 Laurentium
1277 2128 1500 2183 Surium
1561 2137 1708 2181 tumo
1750 2125 1817 2180 IV
1851 2126 1927 2180 De
1993 2129 2230 2196 probatis
2287 2129 2390 2185 SS.
2446 2133 2708 2186 Historiis
2743 2134 2830 2187 die
2863 2134 2934 2188 29
2963 2136 3217 2204 Augusti,
3254 2138 3344 2190 sed
3379 2135 3574 2189 Latine

305 2234 519 2280 tantum
554 2233 609 2278 et
651 2222 860 2291 absque
914 2218 1135 2273 nomine
1191 2219 1431 2271 auctoris
1461 2216 1548 2270 sui
1581 2213 1844 2268 Theodori
1896 2215 2281 2286 Daphnopalw,
2323 2219 2622 2290 incipitque
2653 2226 2723 2276 ab
2789 2222 2874 2276 his
2908 2225 3088 2278 verbis
3122 2243 3134 2277 :
3171 2223 3306 2277 Ecce
3345 2225 3414 2277 ad
3474 2241 3572 2279 nos

307 2327 497 2366 rursus
530 2310 667 2365 venit
695 2317 1072 2364 sacrosanctus
1107 2303 1307 2360 Christi
1337 2303 1668 2366 Pra’cursor,
1712 2302 1918 2356 abunde
1955 2305 2158 2374 ﬂuenta
2207 2308 2449 2360 emittens
2519 2325 2742 2362 suarum
2791 2311 3114 2379 gratiarum.
3159 2311 3414 2381 Ejusdem
3448 2329 3574 2366 ora-

307 2400 476 2455 tionis
495 2397 562 2453 de
579 2398 940 2452 translatione
971 2410 1166 2448 manus
1187 2392 1246 2447 S.
1263 2393 1490 2446 Joannis
1516 2391 1789 2460 Baptistae,
1811 2393 2056 2445 meminit
2077 2395 2242 2447 etiam
2268 2392 2376 2447 Leo
2404 2395 2634 2448 Allatius
2658 2397 2710 2448 in
2735 2395 2975 2449 Diatribu
3000 2397 3073 2450 De
3095 2397 3412 2468 Synteonum
3438 2399 3577 2450 scri-

308 2489 436 2557 ptis,
465 2501 586 2555 pag.
618 2484 708 2551 96,
743 2485 1050 2552 ibidemque
1081 2498 1141 2536 ea
1174 2481 1362 2534 itidem
1398 2488 1457 2533 ut
1488 2482 1541 2532 in
1571 2480 1677 2532 hoc
1711 2480 1900 2534 codice
1941 2495 2040 2534 ms.
2069 2481 2342 2545 Caesareo,
2363 2483 2683 2537 attribuitur
2706 2481 2979 2537 Theodoro
3017 2484 3400 2552 Daphnopala’.
3429 2485 3573 2540 Idem

307 2575 539 2629 Allatius
568 2573 764 2628 ibidem
789 2587 911 2642 pag.
930 2569 1000 2623 87
1019 2570 1179 2622 aliam
1213 2569 1513 2623 orationem
1539 2564 1812 2620 Theodori
1859 2565 2226 2636 DaphnOpata:
2272 2569 2476 2638 profert
2510 2568 2576 2622 In
2598 2635 2601 2639 1
2622 2569 2971 2625 Nativitatem
3008 2572 3386 2637 Prwcursoris,
3409 2573 3490 2634 et;
3516 2574 3578 2626 τὸ

308 2666 554 2734 γενέσιον
580 2663 672 2716 τοῦ
698 2661 885 2731 τιμίου
911 2660 1248 2730 Προδρόμου,
1273 2674 1396 2729 quae
1424 2658 1614 2727 incipit
1647 2659 1708 2710 EI
1742 2660 1842 2728 μὲν
1869 2660 1898 2709 ό

1965 2654 2024 2710 οῦ
2057 2658 2233 2722 Λόγου
2267 2655 2446 2724 κήρυξ
2476 2659 2569 2710 καὶ
2593 2659 2922 2728 πρόδρομος,
2945 2669 3108 2726 atque
3141 2663 3194 2712 in
3224 2663 3409 2714 codice
3439 2661 3576 2716 1074

310 2750 579 2806 Vaticano
612 2751 873 2804 tribuitur
899 2748 1238 2805 Theodoreti)
1267 2746 1392 2815 tlyri
1430 2746 1708 2815 episcopo,
1750 2745 1923 2814 Θεοδογ

1956 2744 2070 2797 ίτου
2123 2744 2428 2795 ἐπισκόπου
2476 2744 2684 2815 Κύρου,
2715 2747 2875 2812 cujus
2907 2748 3054 2800 inter
3093 2751 3265 2814 Opera
3299 2750 3567 2817 impressa

310 2838 498 2894 Gratce
547 2845 601 2892 et
645 2835 840 2890 Latine
885 2835 1182 2888 invenitur.
1233 2833 1312 2886 Ad
1362 2834 1617 2887 eumdem
1664 2831 2013 2886 Theodorum
2059 2831 2471 2900 Daphnopatam
2521 2835 2776 2901 pertinet,
2819 2833 3132 2886 Encomium
3183 2837 3357 2888 sancti
3407 2834 3575 2889 Pauli

311 2925 538 2996 apostoli
566 2939 630 2976 ea;
658 2923 878 2976 diversis
911 2921 1211 2986 collectum,
1256 2920 1415 2989 cujus
1445 2921 1692 2973 meminit
1717 2919 1826 2974 Leo
1857 2920 2090 2974 Allatius
2127 2921 2188 2972 in'
2216 2922 2454 2974 Diatriba
2495 2920 2570 2974 De
2601 2920 2949 2991 ngeonibus
2978 2937 3099 2991 pag.
3128 2939 3208 2977 Ill.
3255 2924 3571 2992 Ἐγκώμιον

309 3017 424 3070 ἀπὸ
458 3015 735 3083 διαφόρων
781 3011 956 3079 λόγων
987 3010 1080 3063 τοῦ
1114 3010 1527 3080 Χρυσοστόμυυ,
1561 3011 1642 3072 είς
1686 3009 1778 3062 τὸν
1824 3011 1922 3076 ἅγιε

1962 3027 1978 3062 δ
2027 3007 2329 3061 ἀπόστολον
2361 3008 2571 3062 Παῦλον
2616 3012 2718 3062 sub
2751 3014 2972 3062 nomine
3012 3009 3274 3064 Theodori
3307 3013 3575 3078 magistri,

309 3113 365 3158 et
392 3104 603 3174 ijtcipit,
635 3103 745 3170 Τῆς
780 3100 878 3170 μὲν
904 3097 1224 3168 ἐπιγραφῆς
1254 3097 1364 3150 τῶν
1396 3097 1777 3150 ἀποστολικῶν
1810 3097 1922 3167 πρά

1955 3114 2088 3156 βων.
2112 3095 2245 3148 Nam
2280 3107 2336 3148 ut
2366 3107 2518 3151 notat
2562 3097 2802 3151 Savilius
2835 3101 2900 3150 ad
2937 3099 3346 3164 Apantltismata
3377 3101 3568 3164 citata,

310 3191 525 3246 illorum
560 3200 750 3242 auctor
777 3188 831 3241 in
863 3201 999 3240 mss.
1030 3187 1313 3239 codicibus
1340 3183 1603 3240 Vaticano
1637 3193 1690 3238 et
1726 3184 1996 3249 Palatino,
2019 3185 2193 3240 fertur
2228 3183 2534 3238 Theodorus
2562 3186 2836 3254 magister,
2867 3188 2962 3255 qui
2997 3188 3050 3240 in
3081 3188 3332 3241 Caesareo
3359 3189 3566 3242 diserte

309 3279 663 3347 Daphnopata
702 3277 1025 3345 appellatur.
1067 3276 1244 3343 Atque
1267 3275 1429 3326 etiam
1461 3275 1564 3327 hoc
1595 3271 1911 3326 Encomium
1941 3274 2210 3343 reperitur
2243 3275 2383 3326 inter
2434 3274 2844 3341 Apantltismata
2896 3280 3045 3330 varia
3095 3277 3258 3345 hujus
3293 3277 3574 3332 'I'heodori

315 3379 372 3428 in
400 3367 640 3422 editione
671 3365 972 3427 Saviliana,
1000 3362 1236 3432 Operam
1264 3362 1373 3416 divi
1405 3362 1798 3432 Chrysostouii.
1827 3361 1888 3415 In
1926 3360 2317 3415 Dissertatione
2351 3361 2422 3414 De
2450 3361 2710 3429 Operibus
2752 3365 2926 3415 sancti
2961 3362 3188 3418 Joannis
3219 3363 3580 3436 Cltrysostomi

309 3456 627 3522 editis,cap.
656 3451 709 3518 9,
741 3452 977 3505 Savilius
1033 3451 1200 3506 rel'ert
1258 3449 1562 3518 Florigeria
1596 3447 1789 3502 ΧΧΧΙ
1844 3463 1910 3502 ea:
1943 3447 2197 3503 Homiliis
2249 3451 2424 3502 sancti
2487 3449 2710 3502 Joannis
2768 3449 3139 3522 Cltrysostomi
3197 3455 3441 3523 decerpta
3487 3469 3582 3523 per

315 3541 644 3596 Theodorum
668 3541 984 3609 magistrum
1016 3538 1083 3592 de
1113 3553 1222 3608 quo
1263 3538 1562 3606 loquimur,
1598 3554 1721 3607 qum
1771 3538 1932 3592 habet
1971 3537 2151 3592 dictus
2195 3535 2434 3591 Savilius
2470 3547 2618 3590 lomo
2647 3535 2755 3602 VII,
2789 3555 2910 3608 pug.
2947 3540 3053 3593 665
3086 3541 3346 3595 editionis
3376 3542 3580 3596 Graeca:

312 3630 602 3684 Etonensis
641 3642 812 3696 usque
840 3627 906 3681 ad
950 3624 1242 3696 Florilegia
1266 3623 1535 3692 XLVIII,
1562 3625 1769 3680 additis
1814 3640 1925 3678 nen

1963 3638 2011 3677 te
2039 3623 2095 3689 5,
2126 3624 2180 3688 9,
2222 3623 2308 3686 ll,
2338 3622 2430 3682 22.
2462 3624 2555 3688 28,
2606 3623 2698 3688 52,
2743 3625 2831 3683 55,
2868 3624 2958 3687 59,
2992 3626 3084 3690 40,
3113 3627 3206 3690 il,
3239 3627 3329 3690 42,
3362 3627 3451 3689 45,
3485 3627 3576 3688 44.

307 3717 403 3794 45,
432 3715 522 3781 46,
558 3715 624 3770 47
663 3725 717 3770 et
739 3713 830 3768 48.
868 3713 1065 3768 Verum
1107 3728 1174 3767 ex
1207 3713 1293 3768 his
1336 3729 1495 3781 quam
1537 3713 1768 3782 plurima
1815 3722 2187 3780 excerpuntur
2224 3727 2288 3765 ex
2315 3711 2424 3765 illis
2467 3713 2709 3766 homiliis
2739 3728 2861 3780 qua:
2885 3724 3203 3781 supersunt,
3239 3723 3405 3783 atque
3442 3717 3581 3768 adeo

312 3805 440 3861 alibi
468 3805 758 3859 habentur.
798 3803 870 3857 De
906 3803 992 3856 his
1023 3809 1205 3855 autem
1234 3802 1307 3856 ita
1343 3799 1582 3856 Savilius
1620 3801 1673 3854 in
1706 3801 1851 3856 notis
1897 3802 1963 3854 ad
2011 3809 2220 3854 tomum
2261 3798 2371 3861 VII,
2402 3804 2508 3854 col.
2547 3799 2650 3855 919
2686 3802 2947 3854 editionis
2978 3818 3090 3856 suae
3121 3801 3326 3857 Graeca:
3351 3822 3365 3856 :
3390 3805 3580 3872 Apon-

321 3894 630 3946 thismatum
660 3906 908 3943 numerus
969 3890 1023 3941 in
1075 3888 1453 3958 manuscriptis
1488 3887 1596 3956 fere
1644 3887 1734 3951 52,
1771 3889 1838 3941 55
1869 3887 1945 3940 vel
1974 3888 2065 3952 54,
2096 3886 2290 3957 quibus
2320 3888 2366 3940 si
2396 3890 2577 3941 demas
2619 3887 2674 3951 9,
2719 3888 2805 3951 Η,
2835 3901 2881 3942 et
2915 3889 3008 3953 28,
3046 3901 3328 3958 supersunt
3372 3901 3579 3946 tantum

315 3982 497 4050 capita
519 3980 622 4044 51,
647 3976 970 4046 Eclogarum
997 3977 1206 4030 nomine
1223 3975 1351 4045 jure
1387 3975 1667 4029 censenda.
1707 3974 1872 4029 Plura
1903 3977 1971 4030 de
1996 3977 2082 4030 his
2123 3977 2178 4029 in
2206 3974 2605 4031 Dissertatione
2639 3975 2713 4029 De
2756 3978 3016 4045 Uperibus
3067 3975 3578 4050 Chrysostomiunis,

314 4081 436 4137 cap.
470 4065 526 4142 9,
557 4065 624 4119 ad
655 4064 799 4134 quod
856 4063 1116 4118 lectorem
1170 4063 1464 4126 mittimus,
1488 4063 1747 4116 omnibus
1797 4076 1866 4117 ex
1924 4060 2132 4116 Savilio
2164 4065 2424 4132 acceptis.
2464 4063 2562 4118 llic
2594 4062 2918 4119 Theodorus
2955 4075 3144 4120 noster
3180 4068 3566 4135 Daphuopatu,

312 4155 661 4226 postmodum
713 4153 837 4208 aula
908 4151 1259 4220 imperatoris
1316 4151 1594 4218 derelicta,
1643 4165 1740 4216 pro
1782 4166 1935 4204 more
1993 4149 2312 4205 Graecorum
2363 4151 2688 4216 multorum,
2722 4152 2957 4222 elegisse
3009 4156 3366 4209 monasticam
3408 4158 3574 4208 vitam

314 4243 551 4307 videtur,
575 4250 738 4310 atque
770 4238 1058 4308 scripsisse
1088 4237 1404 4291 Encomium
1438 4239 1494 4291 in
1522 4247 1770 4291 sanctum
1791 4235 2104 4309 Gregorium
2140 4236 2552 4292 Nazianzenum
2581 4249 2630 4293 et
2665 4239 3196 4308 Constantinopoleos
3227 4243 3585 4312 archiepiscov

313 4347 459 4401 pum,
493 4329 569 4384 uti
601 4329 763 4383 habet
783 4325 978 4382 Petrus
1012 4324 1342 4381 Lambecius
1375 4327 1513 4381 libro
1541 4339 1593 4381 vr
1625 4326 2160 4381 Commentariorum
2203 4325 2559 4383 Bibliotheca
2586 4327 2853 4384 Caesareae
2881 4329 3514 4400 Vindobonensis,parte
3537 4347 3580 4397 ι,

314 4419 382 4474 ad
407 4418 648 4474 codiceni
682 4433 786 4472 ms.
811 4415 1106 4486 juridicuni
1138 4413 1389 4470 Graecum
1417 4429 1569 4469 num.
1610 4415 1701 4490 10,
1731 4430 1854 4485 pag.
1874 4413 1942 4468 56
1967 4414 2054 4469 his
2089 4414 2310 4470 verbis:

395 4551 414 4584 ι
446 4531 668 4594 Decimo
700 4539 756 4587 et
781 4530 998 4600 quidem
1028 4545 1059 4584 a
1088 4529 1217 4584 I‘olio
1242 4529 1372 4592 22l,
1397 4544 1519 4600 pag.
1558 4531 1612 4594 I,
1652 4543 1828 4599 usque
1875 4528 1944 4582 ad
1993 4527 2184 4582 lolium
2226 4525 2355 4588 292,
2386 4541 2510 4598 pag.
2547 4527 2607 4595 2,
2645 4530 2901 4584 Theodori
2932 4531 3182 4602 Magistri
3215 4536 3390 4588 oratio
3426 4553 3584 4590 enco-

317 4620 561 4675 miastica
595 4620 651 4674 in
698 4627 943 4672 sanctum
975 4613 1288 4685 Gregorium
1340 4614 1776 4680 Nazianzenum,
1811 4616 1930 4686 cuju

1968 4635 1970 4664 ι
2023 4615 2218 4670 titulus
2261 4624 2316 4669 et
2349 4615 2678 4685 principium
2713 4634 2727 4670 :
2757 4619 2932 4685 Λόγος
2966 4621 3413 4688 ἐγκωμιαστικδς
3443 4622 3581 4692 πρὸς

315 4710 411 4762 τὸν
439 4711 498 4762 ἐν
533 4706 710 4775 ἁγίοις
740 4706 963 4775 Πατέρα
996 4704 1153 4775 ἡμῶν
1189 4705 1625 4775 ἀρχιεπίσκοπον
1671 4703 2307 4766 Κωνσταντινουπόλεως
2353 4704 2448 4756 καὶ
2490 4705 2875 4774 οἰκουμενικδν
2921 4705 3246 4759 διδάσκαλον
3273 4707 3580 4777 Γρηγόριον

314 4799 408 4849 τὸν
442 4795 730 4862 Θεολόγον,
773 4794 1116 4862 συγγραφεὶς
1140 4793 1295 4862 παρὰ
1324 4791 1419 4845 τοῦ
1438 4791 1778 4860 τιμιωτάτου
1808 4794 1867 4844 ἐν
1900 4796 2182 4864 μοναχοῖς,
2212 4794 2534 4862 σοφωτάτου
2583 4795 2678 4845 καὶ⁵
2725 4793 3067 4862 λογιωτάτου
3103 4796 3271 4864 κυροῦ
3301 4794 3580 4864 Θεοδώρου

315 4884 412 4939 τοῦ
456 4883 787 4955 μαγίστρου.
811 4881 925 4953 Οὐχ
950 4882 1098 4944 ὅπως
1121 4880 1232 4934 οὐδ’
1264 4879 1332 4934 ἂν
1368 4875 1448 4942 εἷς
1483 4873 1640 4949 οἶμαι
1667 4881 1780 4934 τῶν
1812 4881 2054 4944 πάντων,
2089 4880 2200 4932 οὐδ’
2229 4880 2379 4942 ὅπως
2420 4897 2474 4933 τι
2517 4876 2612 4934 οὖν
2652 4883 2779 4951 ἐμοὶ
2813 4884 3142 4950 νεμεσήσαι,
3172 4883 3282 4935 οὐδ’
3321 4883 3582 4945 ἀπονοίας

312 4969 534 5045 ἧστινος
567 4965 662 5024 οὖν
691 4969 827 5033 ἕλοι.
853 4971 948 5022 καὶ
974 4967 1232 5039 θράσους,
1257 4969 1306 5020 sl
1327 4967 1492 5038 μηδὲν
1527 4969 1668 5037 μήτε
1689 4968 1750 5021 τὸ
1780 4969 2010 5038 μέγεθος
2043 4968 2510 5039 ὑπολογισάμενος
2545 4969 2639 5023 τοῦ
2673 4970 2940 5040 παρόντος
2971 4971 3334 5040 ἀγῶνος,οῦδ⁹
3362 4969 3438 5035 ὡς
3471 4979 3577 5026 etc.

320 5061 471 5118 Idem
498 5069 681 5118 autem
713 5057 1039 5117 Lambecius
1069 5057 1211 5112 libro
1237 5073 1269 5111 ν
1295 5057 1825 5116 Commentariorum
1860 5058 2019 5114 dictae
2060 5056 2410 5113 Bibliotheca:
2445 5056 2636 5113 codice
2669 5057 2797 5126 266,
2830 5075 2984 5115 num.
3034 5059 3120 5121 15,
3154 5060 3485 5130 aseripserat
3513 5074 3582 5114 ex

316 5147 652 5220 conjecturis
703 5146 846 5202 idem
901 5145 1225 5202 Encomium
1276 5146 1492 5200 cuidam
1525 5144 1784 5216 Symeoni
1825 5143 2016 5209 Setho,
2051 5160 2174 5215 pag.
2205 5143 2339 5210 201,
2370 5144 2456 5200 his
2484 5145 2687 5200 verbis.
2727 5144 2947 5201 Decimo
2988 5147 3154 5200 tertio
3183 5155 3239 5200 et
3295 5147 3516 5218 quidem
3549 5161 3578 5200 a

324 5232 754 5307 folio167,pag.
818 5235 874 5300 1,
933 5248 1107 5302 usque
1165 5234 1231 5288 ad
1284 5232 1474 5288 lolium
1515 5234 1643 5299 252,
1710 5250 1833 5305 pag.
1885 5233 1942 5288 2.
1983 5233 2248 5303 Anonymi
2294 5232 2573 5302 cujusdam
2636 5233 2887 5307 Magistri
2945 5236 3039 5306 qui
3088 5235 3324 5307 Symeon
3382 5236 3583 5293 Sethus
3632 5234 3638 5238 ’

323 5335 451 5378 esse
503 5321 716 5380 videtur
772 5321 935 5394 (solet
974 5321 1121 5380 enim
1175 5321 1253 5376 illi
1281 5322 1447 5376 etiam
1502 5323 1556 5378 in
1602 5323 1727 5379 aliis
1781 5321 2059 5377 nonnullis
2107 5335 2244 5375 mss.
2293 5319 2578 5375 codicibus
2615 5319 2846 5389 Graecis,
2895 5323 3090 5378 titulus
3123 5323 3451 5395 Μαγίστρου
3484 5326 3584 5378 καὶ

333 5407 592 5480 Ῥήτορος
612 5411 1050 5466 antonomaSLice
1079 5408 1331 5478 attribui)
1358 5407 1546 5464 Oratio
1575 5411 1954 5466 encomiastica
1990 5413 2046 5463 in
2100 5416 2346 5463 sanctum
2381 5405 2696 5478 Gregorium
2745 5408 3156 5466 Nazianzenum
3197 5411 3580 5467 Patriarcham

322 5495 993 5566 Constamtttopolitauum,
1037 5496 1198 5566 cujus
1229 5495 1418 5552 titulus
1445 5506 1500 5553 et
1537 5497 1866 5566 principium
1909 5515 1924 5552 :

1969 5488 2078 5552 Τοῦ
2105 5497 2420 5565 σοφωτάτου
2460 5496 2553 5549 καὶ
2578 5498 3024 5570 ρητορικωτάτου
3052 5485 3374 5572 Μαγίστρου
3417 5499 3578 5569 λόγος

315 5585 767 5656 ἑγκωμιαστικὺς
789 5584 940 5656 ,πρὸς
975 5584 1067 5636 τὸν
1102 5586 1162 5636 ὲν
1200 5582 1380 5653 ἁγίοις
1412 5585 1635 5656 Πατέρα
1664 5584 1846 5658 ἡμῶν,
1881 5585 1980 5641 καὶ
2009 5585 2395 5653 οίκουμενικδν
2421 5583 2768 5656 διδάσκαλον,
2809 5589 3252 5660 ἀρχιεπίσκοπον
3293 5590 3582 5643 Κωνσταν-

311 5670 706 5737 τινουπόλεως,
745 5671 1054 5743 Γρηγόριον
1085 5671 1177 5723 τὸν
1231 5671 1518 5741 Θεολόγον.
1559 5675 1674 5744 Οὐχ
1721 5675 1868 5738 ὅπως
1903 5674 2015 5727 οὐδ’
2067 5674 2134 5729 ἂν
2166 5669 2247 5737 εἷς
2278 5669 2433 5743 οἶμαι
2473 5673 2584 5726 τῶν
2639 5674 2880 5741 πάντων,
2910 5677 3022 5730 o-Ja‘
3051 5679 3202 5741 ὅπως
3231 5695 3286 5731 τι
3321 5673 3417 5730 οὖν
3455 5677 3582 5747 ἐμοὶ

306 5755 642 5832 νεμεσήσαι,
669 5757 783 5812 οὐδ’
815 5758 1099 5829 ἀπονοίας,
1124 5776 1143 5810 ι
1183 5768 1288 5816 etc.
1320 5759 1561 5832 Denique
1593 5763 1645 5817 in
1675 5761 1919 5819 bibliotht

1966 5776 2003 5818 ta
2037 5760 2545 5835 Lugdune-Batava
2581 5772 2769 5819 nostra
2805 5763 2859 5831 in
2868 5780 3023 5829 mss.
3057 5765 3340 5822 cbdicibus
3370 5765 3579 5823 Graecis
