4086 6392
534 329 596 390 Gl
615 329 635 390 l
1736 329 1835 388 ΤΗ
1851 331 2014 388 ΕΟΙ).
2063 331 2154 388 ΒΑ
2167 327 2584 389 ΡΗΝΟΡᾹΤίΕ
3682 329 3788 392 612

531 437 703 494 lsaaci
747 435 949 499 Vussii,
985 437 1173 493 codice
1198 437 1387 492 Graeco
1413 439 1536 504 1M,
1582 437 1700 494 Vita
1729 444 1900 495 sancti
1931 441 2138 498 Theodo

2177 444 2193 494 i
2228 443 2480 506 Studitaz,
2507 440 2602 494 τοῦ
2646 441 2754 494 τῶν
2783 439 3053 494 Στουδίων
3087 439 3420 512 ἡγουμένου,
3451 457 3483 496 a
3515 440 3790 498 Theodoro

533 527 810 595 magistro.
835 525 927 595 qui
955 525 1108 594 vulgo
1139 527 1502 596 Δαφνοπάτης
1553 529 1772 590 dicitur,
1810 533 2144 600 conscripta.
2187 531 2254 586 Et
2298 533 2350 585 in
2387 531 2703 600 Augustana
2737 527 3063 584 bibliotheca
3121 531 3308 584 codice
3367 530 3455 594 68,
3493 531 3596 585 sub
3626 531 3788 587 ﬁnem

530 611 760 676 codicis,
795 622 852 666 ut
879 628 943 666 ex
975 611 1503 682 Catalogoconstat.
1549 613 1742 671 Petrus
1773 615 2098 672 Lambecius
2122 619 2262 674 libro
2295 635 2347 674 iv
2375 617 2907 673 Commentariorum
2961 617 3307 672 bibliothecae
3340 617 3788 678 Vindobonensis

530 699 720 753 codice
745 699 867 762 i65,
904 716 1025 772 pag.
1058 701 1183 766 160,
1213 711 1460 757 recenset
1499 712 1600 758 hoc
1625 704 1813 758 codice
1843 706 2112 760 contineri
2147 705 2543 774 Expositionem
2584 705 2842 760 Theodori
2894 706 3204 760 Autioclteni
3247 707 3301 759 in
3344 705 3623 760 duodecim
3661 725 3788 776 pro-

531 785 713 853 phetas
752 787 1000 849 minores,
1033 803 1194 855 quem
1230 786 1426 843 Petrus
1460 789 1788 846 Lambecius
1822 790 1990 846 fuisse
2021 792 2370 862 Mopsuestia:
2398 793 2451 846 in
2478 792 2667 847 Cilicia
2708 794 3023 861 episcopum
3055 800 3226 860 putat,
3255 795 3346 862 qui
3380 807 3524 847 anno
3566 794 3672 847 450
3699 795 3787 850 vel

533 872 698 938 paulo
757 880 880 926 ante
928 873 1149 927 oliierit.
1189 872 1362 942 Hujus
1417 875 1610 930 titulus
1671 886 1724 930 et
1777 878 2130 947 principium,

2173 879 2454 951 Θεοδώρου
2517 881 2837 950 Ἀντιοχέως
2887 881 3152 950 ἑρμηνεία
3187 880 3266 942 εἰς
3313 879 3439 941 τοὺς
3470 882 3786 950 προφήτας.

545 956 846 1027 Ἐρμηνεία.
886 959 1045 1030 Ὠσηὲ
1084 960 1178 1013 τοῦ
1213 962 1529 1032 Προφήτου,
1566 963 1647 1026 εἰς
1675 963 1896 1034 ἔλεγχον
1927 965 2034 1017 τῶν
2069 966 2452 1032 ἁόασανίστως
2475 969 2788 1022 ἐπιϐάλλειν
2813 970 2934 1032 ταῖς
2969 969 3338 1038 προῳητικαῖς
3364 967 3792 1037 ἐπιχειρούντων

531 1047 756 1112 φωναῖς.
791 1051 952 1104 Putat
1004 1055 1185 1100 autem
1231 1046 1556 1104 Lambecius
1603 1066 1670 1105 ex
1701 1051 1875 1106 Photii
1911 1050 2144 1107 Biblioth

2174 1072 2264 1117 'ca,
2300 1057 2486 1112 codice
2511 1057 2602 1121 58,
2636 1059 2725 1111 ubi
2781 1066 3112 1111 memoratur
3141 1054 3418 1124 Θεοδώρου
3459 1053 3787 1125 Ἀντιοχέως

529 1129 623 1183 τοῦ
647 1131 1027 1201 Μοψουεσῖίας
1058 1135 1327 1206 ἑρμηνεία
1352 1137 1452 1206 τῆς
1489 1137 1745 1203 κτίσεως,
1779 1139 1880 1194 hoc
1909 1154 2047 1208 opus
2081 1143 2142 1197 ad

2199 1159 2323 1197 eum
2373 1155 2621 1214 spectare
2653 1161 2666 1197 :
2705 1160 2806 1214 ego
2833 1154 3013 1198 autem
3047 1145 3206 1213 longe
3244 1142 3562 1197 recentioris
3590 1145 3791 1204 aetatis.

527 1233 591 1272 ex
628 1221 744 1288 ipso
799 1223 946 1278 illius
983 1222 1138 1278 initio
1172 1225 1316 1279 lnmc
1372 1229 1826 1282 commentarium
1885 1245 2005 1285 esse
2043 1231 2283 1285 arbitror
2332 1239 2496 1300 atque
2543 1235 2814 1300 pertinere
2868 1232 2934 1286 ad
2989 1230 3336 1296 Theodorum
3374 1229 3790 1299 Daphnopatam

530 1307 952 1371 Antioclienuut.
991 1311 1085 1379 qui
1113 1329 1176 1366 ex
1212 1312 1321 1366 divi
1376 1313 1757 1387 Chrysostomi
1809 1318 2136 1373 Antiocheni
2175 1320 2434 1388 operibus
2478 1320 2888 1387 Apanthismata
2936 1319 3229 1388 excerpsit.
3255 1315 3592 1371 Sententiam
3629 1317 3760 1371 Lam
3785 1345 3798 1356 -

532 1394 666 1448 bccii
701 1405 921 1451 secutus
956 1408 1040 1452 est
1065 1398 1377 1455 Bcrnardus
1408 1402 1474 1456 de
1522 1402 1904 1469 Montiaucou,
1937 1407 2246 1461 monachus
2288 1406 2676 1462 Benedictinus
2725 1408 3174 1476 congregationes
3216 1405 3272 1460 S.
3311 1404 3480 1459 Mauri
3512 1406 3566 1459 in
3601 1403 3780 1460 Gallia

529 1481 582 1534 in
617 1483 796 1538 Diario
828 1485 1210 1550 ltalico,edito
1237 1488 1464 1544 Parisiis
1494 1491 1546 1545 in
1575 1494 1629 1556 4,
1664 1509 1809 1546 anno
1861 1494 2020 1556 1702,
2061 1495 2202 1560 apud
2242 1495 2508 1549 Joannem
2565 1496 2825 1562 Anisson,
2863 1495 2955 1548 ubi
2985 1495 3052 1548 de
3098 1493 3314 1547 duobus
3346 1492 3466 1546 aliis
3498 1492 3795 1546 Comvnea-
3835 1505 3844 1508 '

529 1571 646 1624 tarii
680 1573 841 1640 hujus
889 1575 941 1628 in
975 1575 1122 1629 Italia
1161 1593 1294 1632 mss.
1323 1579 1606 1633 codicibus
1637 1580 1878 1646 loquitur
1907 1581 1991 1634 his
2015 1584 2196 1636 verbis
2234 1598 2357 1652 cap.
2395 1584 2450 1647 5,
2483 1583 2572 1636 ubi
2597 1583 2664 1636 de
2695 1598 2827 1635 mss.
2861 1581 3141 1635 codicibus
3170 1579 3359 1634 mustei
3397 1577 3639 1633 Grimani
3663 1581 3780 1649 agit
3889 1639 3892 1642 ,

527 1673 650 1728 pag.
701 1661 768 1716 59
805 1681 819 1716 :
860 1683 877 1715 ε
921 1665 1175 1718 Theodori
1209 1667 1517 1720 Autiocheui
1554 1669 1606 1720 in
1642 1669 1930 1724 duodecim
1967 1673 2139 1740 proph

2170 1681 2281 1734 :tas,
2310 1671 2468 1738 cujus
2527 1672 2709 1740 operis
2745 1671 2959 1724 initium
2996 1670 3087 1724 Ei:
3117 1669 3335 1736 ἔλεγχον
3376 1667 3486 1719 τῶν
3514 1667 3783 1719 ἁδασανξ-

525 1763 689 1813 στως,
710 1758 818 1803 etc.
839 1748 1000 1804 Liber
1016 1753 1254 1806 nondum
1279 1754 1458 1807 editus
1486 1755 1717 1822 videtur,
1747 1767 1927 1811 exstat
1956 1774 2170 1826 quoque
2194 1758 2249 1812 in
2282 1759 2610 1813 bibliotheca
2640 1758 2885 1812 Caesarea
2904 1753 3308 1810 Vindobonensi
3344 1763 3398 1808 et
3421 1753 3477 1806 in
3504 1753 3792 1808 Vaticana.

525 1832 718 1890 Nesrio
740 1840 895 1906 cujus
925 1837 1194 1894 Theodori
1226 1843 1318 1902 sit,
1339 1855 1406 1894 an
1438 1841 1783 1906 Antiocheni,
1809 1859 1876 1898 an
1907 1845 2257 1910 Heracleoue,
2285 1861 2353 1899 an
2381 1845 2604 1900 alterius
2625 1845 2872 1913 ejusdem
2908 1843 3166 1919 nominis,
3191 1843 3283 1910 qui
3311 1842 3446 1894 bene
3487 1839 3640 1893 multi
3670 1839 3797 1896 fue-

525 1932 670 1977 runt.
700 1924 824 1979 Haec
863 1926 1263 1981 Commentaria
1303 1929 1460 1982 bonae
1490 1937 1632 1984 notae
1658 1941 1805 1994 sunt,
1831 1932 2002 1986 codex
2040 1949 2252 1988 recens.
2296 1951 2314 1984 ι
2359 1933 2419 1986 Ει
2446 1949 2566 2003 pag.
2589 1933 2682 1996 46,
2716 1933 2804 1986 ubi
2829 1932 2895 1984 de
2920 1931 3246 1985 bibliotheca
3285 1927 3480 1982 Meletii
3511 1926 3779 1995 Typaldi;

523 2013 920 2084 archiepisc0pi
949 2015 1353 2085 Philadelphiaa,
1374 2015 1685 2072 Graecorum
1714 2020 2025 2074 antistitis.»
2048 2019 2103 2073 ln
2135 2021 2240 2078 alio
2268 2023 2454 2077 codice
2488 2022 2745 2076 Theodori
2773 2019 3152 2074 Antiocheuiin
3181 2017 3456 2070 duodecim
3487 2018 3796 2081 prophetas,

527 2099 670 2154 ideo
701 2116 860 2171 opus,
887 2102 953 2156 de
986 2120 1094 2170 quo
1135 2119 1300 2172 supra
1335 2106 1388 2159 in
1414 2105 1620 2160 aedibus
1642 2104 1919 2161 Grimanis
1948 2108 2146 2178 agitur.
2179 2109 2236 2164 In
2269 2111 2481 2165 monito
2509 2110 2576 2164 ad
2608 2108 3069 2164 Comtncntarium
3123 2105 3297 2170 Oscae,
3338 2105 3426 2158 bic
3469 2103 3798 2157 Theodorus

524 2189 657 2242 citat
683 2205 842 2244 suum
877 2191 1073 2246 librum
1115 2193 1168 2246 in
1201 2192 1465 2247 Psalmoa.
1505 2191 1766 2247 Litteram
1825 2195 1988 2264 vulgo
2042 2197 2295 2265 explicat.
2351 2197 2787 2252 Commentarius
2813 2196 2966 2250 bonae
2994 2202 3150 2246 nota.
3182 2190 3299 2244 Non
3332 2190 3552 2244 memini
3578 2207 3646 2245 an
3680 2207 3794 2245 vox

551 2279 852 2346 Αντιοχὲως
883 2279 1196 2334 Amice/teni
1226 2280 1278 2334 in
1316 2283 1503 2335 codice
1532 2281 1760 2350 legatur,
1790 2297 1859 2335 an
1920 2298 1949 2336 a
2006 2299 2091 2337 me
2116 2300 2182 2338 ex
2212 2285 2469 2354 opinione
2503 2284 2707 2352 adjecta
2743 2281 2831 2336 sit.
2873 2300 2890 2332 (
2931 2279 3052 2334 [Lee
3090 2294 3188 2347 ego
3229 2277 3394 2332 habui
3445 2278 3672 2332 dicenda
3718 2279 3792 2333 de

542 2364 800 2420 'IteOdOro
841 2366 1219 2438 Daplmopata,
1249 2385 1372 2438 quae
1400 2369 1786 2438 supeditarunt
1835 2368 2112 2425 Gerardus
2137 2371 2379 2426 Joannes
2408 2371 2635 2424 Vossius
2672 2369 2768 2424 lib.
2820 2384 2902 2423 ιιι.
2954 2366 3027 2420 De
3075 2366 3343 2419 historicis
3403 2362 3626 2427 ercis,
3661 2381 3792 2435 pag.

534 2454 660 2508 mihi
720 2456 863 2520 418;
909 2457 1016 2510 Leo
1064 2457 1297 2512 Allalius
1347 2457 1401 2511 in
1443 2456 1680 2511 Diatriba
1735 2457 1810 2511 De
1867 2456 2223 2520 Simcouibus,
2253 2474 2377 2529 pag.
2409 2457 2498 2516 96.
2549 2457 2618 2511 97
2665 2465 2719 2510 et
2761 2455 2885 2516 111,
2915 2452 3108 2507 Petrus
3139 2450 3487 2514 Lambecius,
3525 2451 3664 2505 libro
3711 2467 3788 2504 Iv.

528 2539 1050 2597 Commentariorum
1077 2543 1424 2599 Bibliotheca:
1448 2545 1707 2600 Cresarcaa
1726 2544 2183 2611 Vindobonensis,
2209 2561 2328 2615 pag.
2353 2546 2445 2606 60,
2475 2544 2576 2598 157
2603 2555 2655 2599 et
2682 2541 2782 2597 159
2806 2559 2819 2604 ;
2859 2539 3178 2595 Guillelmus
3207 2535 3388 2592 Cavus
3418 2546 3565 2593 tomo
3598 2536 3662 2602 ll,
3691 2552 3794 2593 seu

527 2639 677 2699 parte
713 2645 748 2683 ιι
773 2631 1019 2684 Historitc
1046 2631 1346 2696 litterariw,
1375 2631 1440 2685 ad
1477 2647 1676 2684 annum
1705 2631 1830 2696 956,
1857 2649 1966 2702 quo
1999 2634 2140 2686 illum

773 2631 1019 2684 Historitc
1046 2631 1346 2696 litterariw,
1375 2631 1440 2685 ad
1477 2647 1676 2684 annum
1705 2631 1830 2696 956,
1857 2649 1966 2702 quo
1999 2634 2146 2686 illum
2184 2633 2373 2688 afﬁvit.

533 2849 761 2864 -..ἠ-,-

1246 3017 1974 3130 THEODORI
2071 3010 3072 3128 DAPHNOPATIE

1953 3238 2376 3300 ENCOMIUM

1287 3445 1698 3534 SANCTI
1778 3443 2291 3533 JOANNIS
2367 3443 3022 3530 BAPTISTAE.

1016 3639 1229 3700 Exstat
1265 3639 1432 3699 inter
1467 3653 1659 3716 Opera
1702 3633 2112 3696 Theodoreti.
2162 3631 2318 3694 Vide
2378 3639 2530 3694 tom.
2609 3634 2936 3706 LXXXIV,
2999 3633 3123 3694 col.
3192 3634 3287 3695 33.

1554 3867 1880 3877 w—
1891 3864 2421 3876 ...ῤ’-,φὴ
2442 3867 3101 3876 ...ψη-ι...-
3121 3868 3167 3876 -ι-

2138 3864 2421 3876 ——.-~—.
2442 3867 3101 3876 ...ψη-ιφ..-
3121 3865 3386 3877 "—0—
3405 3861 3751 3877 -..υ-ῌ

1247 4032 1985 4158 TH-EODORI
2077 4029 3076 4143 DAPHNOPATXE

1921 4293 2383 4384 ORATIO

735 4494 804 4550 ιΝ
863 4489 1450 4551 TRANSLATIONEM
1484 4487 1719 4543 MANUS
1758 4487 1816 4542 S.
1870 4485 2384 4542 PRAECURSORIS
2419 4483 2788 4540 ANTIOCHIA
2821 4483 3531 4544 CONSTANTINOPOLIN.

983 3865 1290 3882 w—

1653 4665 1817 4732 (Apud
1847 4665 2050 4714 Surium
2079 4666 2137 4714 ad
2161 4665 2294 4714 diem
2321 4664 2383 4713 29
2410 4661 2666 4726 Augusti.)

2149 4841 2219 4854 ..-

609 5008 650 5063 1.
682 5005 819 5061 Ecce
875 5004 940 5057 ad
974 5016 1074 5058 nos
1112 5015 1303 5055 rursus
1333 5000 1481 5053 venit
1529 5003 1918 5053 sacrosanctus
1955 4991 2124 5048 Chri-
2151 4999 2192 5055 Α
2224 5008 2384 5048 suum
2417 4995 2611 5048 festum
2643 4991 2945 5047 lmtiﬁeans.
2971 4989 3134 5046 Venit
3185 5001 3364 5047 autem
3406 5005 3514 5045 non
3548 4999 3608 5045 ut
3641 4993 3795 5063 prius

541 5099 611 5155 sti
649 5097 986 5158 Praecursor,
1041 5094 1259 5148 abunde
1320 5091 1523 5145 ﬂuenta
1576 5089 1831 5142 emittens
1889 5099 2113 5140 suarum
2217 5101 2311 5155 per
2351 5099 2506 5140 suam
2541 5084 2896 5147 nativitatem,
2927 5098 3103 5152 neque
3128 5092 3188 5137 ut
3225 5082 3442 5146 deinde,
3473 5083 3540 5138 ab
3581 5082 3796 5140 Herode

542 5193 840 5263 gratiarum
876 5207 889 5242 :
924 5198 978 5242 et
1018 5203 1214 5242 rursus
1244 5185 1360 5239 dies
1396 5184 1540 5237 alius
1572 5181 1802 5236 celebris
1849 5179 2115 5241 redditur,
2219 5173 2605 5244 factamipsius
2623 5173 2816 5242 capitis
2842 5174 3288 5241 amputationem,
3311 5187 3489 5242 neque
3512 5182 3797 5244 utpostea.

541 5287 636 5356 qui
673 5283 879 5352 majora
925 5290 980 5335 et
1011 5279 1316 5350 potentiora
1350 5278 1454 5330 alia
1486 5274 1724 5330 ostendit
1773 5280 2116 5342 argumenta,
2165 5313 2178 5318 ..
2219 5283 2314 5337 per
2341 5282 2595 5321 arcanam
2637 5266 2878 5337 ejusdem
2914 5264 3128 5356 miriﬁci
3158 5265 3351 5356 capitis
3382 5266 3798 5356 revelationem,

543 5353 711 5452 quam
746 5393 868 5448 qua:
899 5383 1030 5430 sunt
1061 5373 1116 5427 in
1170 5371 1294 5425 aliis
1348 5369 1470 5437 eius
1525 5367 1680 5421 festis
1708 5383 1722 5431 ;
1748 5375 1804 5418 et
1854 5379 1976 5427 eos,
2027 5360 2120 5431 qui
2223 5358 2316 5452 sed
2354 5372 2447 5426 per
2482 5354 3120 5452 manumnquae-fuit-vel
3163 5353 3294 5423 ipsis
3325 5353 3530 5424 angelis
3563 5370 3798 5452 venera-

545 5443 699 5528 festis
737 5443 1099 5530 delectantur,
1140 5465 1322 5520 evehit
1344 5464 1410 5517 ad
1439 5459 1793 5515 excelsiorem
1826 5456 2122 5510 miraculo-
2224 5450 2370 5510 bilis.
2408 5463 2528 5518 qua:
2553 5445 2758 5502 cmlcsti
2787 5445 2991 5498 lumine
3022 5443 3344 5506 illustralur.
3383 5444 3635 5498 0183M“
3667 5444 3798 5512 δρία

546 5577 668 5616 rum
700 5559 1215 5614 considerationem.
1249 5552 1387 5606 Ecce
1411 5549 1554 5604 Solis
1580 5545 1814 5618 justitia:
1858 5544 2039 5598 clarus
2067 5553 2121 5596 et
2229 5542 2369 5598 ritus
2393 5538 2566 5611 gratia
2599 5537 2973 5600 adunbratur;
3012 5549 3133 5604 quae
3179 5533 3442 5603 quidquid
3491 5543 3611 5588 erat
3661 5537 3788 5604 qui-

549 5653 699 5706 omni
751 5665 818 5704 ex
869 5656 1025 5717 parte
1084 5643 1294 5700 lucidus
1353 5641 1544 5696 lucifer
1597 5638 1956 5708 rcsplenduit,
2008 5637 2124 5691 suis
2219 5636 2341 5690 dem
2363 5646 2522 5702 grave
2549 5639 2602 5684 et
2656 5637 2952 5690 terrenum.
3014 5626 3067 5679 in
3119 5633 3262 5717 te"?
3314 5624 3592 5717 δεροευξιν
3627 5633 3680 5680 ei
3719 5625 3788 5680 ³ίῖ

553 5743 723 5795 radiis
746 5715 1034 5812 illustrans
1071 5746 1237 5793 totam
1289 5733 1543 5790 Ecclesia:
1599 5730 2012 5801 plenitudinem,
2072 5739 2124 5783 ct
2225 5723 2686 5792 incorruptionem
2707 5719 3052 5773 traductacst
3073 5730 3165 5788 per
3188 5715 3358 5772 vitam
3396 5715 3786 5773 continentem.
