4086 6412
477 355 581 416 (315

1643 354 1745 414 ΤΗ
1755 355 1917 415 EOD.
1972 353 2066 411 DA
2079 348 2494 410 ΡΙῘΝΟΡΛῚῚΞ

3627 339 3734 402 616

481 481 631 524 retur
658 471 1008 526 al’ihidinosis
1034 480 1087 526 et
1117 473 1496 545 voluptuariis.
1525 471 1858 540 essetmajor
1880 468 2052 522 fomes
2081 477 2127 532 Α
2157 486 2346 539 perare
2375 461 2694 531 sceleribus,
2718 476 2772 522 et
2799 479 3013 528 eorum,
3045 463 3136 529 qui
3157 476 3256 530 pro
3289 460 3511 516 Christo
3543 457 3736 511 decer-

388 575 392 582 '
481 563 720 624 invidia),
735 573 785 615 et
804 561 1028 632 majoris
1050 563 1277 618 sceleris
1297 563 1523 616 materia
1543 560 2052 629 intemperantibus.

483 655 576 709 Sic
601 671 732 722 ergo
793 668 994 724 corpus
1053 654 1270 720 quidem
1331 653 1599 721 sepultum
1656 653 2054 717 occultabatur,

481 762 606 801 eum
639 762 818 815 neque
861 746 1149 813 quisquam
1195 743 1327 797 illud
1375 752 1506 798 tunc
1561 745 1896 812 perscrutari
1935 753 2058 798 stu-

483 839 711 901 (luisset,
737 853 912 907 neque
939 839 1054 905 ipse
1077 835 1509 890 manifestasset.
1546 833 1653 889 Sed
1689 837 1910 904 quando
1938 836 2063 905 qui-

485 930 608 984 dem
643 930 706 981 ad
731 931 875 982 hunc
899 930 1074 981 locqu
1103 927 1346 995 perveni,
1375 926 1500 979 volo
1531 927 1594 979 de
1618 927 1720 980 hoc
1739 927 2059 995 prophetico

487 1020 860 1082 tabernaculo,
892 1029 946 1073 et
982 1019 1050 1072 de
1093 1034 1280 1080 manu,
1307 1033 1429 1087 quae
1467 1019 1515 1071 ei
1553 1019 1848 1080 coaluerat.
1904 1020 2061 1088 quid-

484 1112 636 1172 dam,
664 1112 807 1180 quod
842 1128 871 1165 e
903 1111 1073 1165 veteri
1107 1113 1303 1180 pendet
1339 1112 1676 1175 narratione,
1737 1113 1868 1167 huic
1902 1127 2058 1166 sacro

485 1204 695 1257 tbi-atro
730 1204 1042 1272 explanare,
1075 1211 1129 1258 et
1152 1220 1274 1272 quae
1306 1203 1372 1258 de
1406 1205 1490 1258 his
1516 1205 1826 1260 audivimus
1865 1214 1919 1258 et
1961 1220 2056 1258 co-

484 1296 794 1362 gnmimus.
828 1306 882 1349 et
911 1311 1030 1362 quae
1059 1303 1270 1348 veteres
1323 1295 1542 1348 tradunt
1592 1295 1854 1358 liistorize,
1885 1293 2060 1362 expli-

484 1403 606 1442 care
635 1388 830 1452 fusius,
892 1398 946 1441 et
974 1387 1247 1442 undenam
1279 1387 1458 1441 divina
1511 1389 1621 1442 haec
1661 1389 1835 1458 gratia
1885 1396 2063 1440 trans-

484 1476 588 1529 lata
651 1487 734 1529 est
789 1475 1161 1538 Antiochiam,
1236 1484 1299 1529 et
1349 1474 1570 1529 ubinam
1625 1473 1727 1527 fuit
1767 1475 2058 1541 repositum

487 1555 811 1622 translatum
865 1569 1242 1636 propheticum
1302 1568 1435 1621 illud
1514 1567 1956 1626 tabernaculum,
2008 1576 2062 1618 et

485 1658 733 1727 quisnam
766 1659 928 1711 fuerit
957 1660 1174 1727 quidem
1217 1660 1411 1713 modus
1448 1659 1610 1727 hujus
1668 1659 2059 1722 translationis,

483 1759 537 1804 et
569 1750 690 1815 quis
724 1766 916 1804 rursus
947 1752 1235 1805 ablationis
1274 1761 1326 1809 et
1363 1751 1774 1816 exportationis.

2167 571 2370 625 larunt,
2402 575 2738 630 quaecunque
2791 560 2956 611 erant
3003 555 3265 624 reliquiae,
3321 560 3412 606 aut
3460 552 3733 620 integrum

2159 654 2591 716 tabernaculum,
2623 660 2720 707 aut
2775 649 2980 720 aliquid
3021 648 3168 702 aliud
3199 662 3262 700 ex
3301 645 3389 704 iis,
3413 651 3568 714 'qua:
3604 650 3738 697 sunt

2159 763 2306 818 purae
2338 756 2537 802 nostrae
2562 745 2685 800 fidei
2722 747 2898 810 signa,
2936 757 2998 795 ea
3023 739 3209 793 omnia
3270 735 3379 805 igni
3438 733 3740 788 mandabat

2157 851 2210 896 et
2240 841 2406 896 cineri
2432 859 2446 904 ;
2476 852 2674 906 magno
2693 835 2946 901 deinceps
2973 829 3155 885 studio
3181 827 3329 880 venit
3358 822 3732 885 Antiochiam,

2158 934 2318 988 simul
2353 933 2569 1001 quidem
2611 927 2887 982 immunda
2923 930 3244 990 peracturus
3275 916 3531 987 mysteria
3565 915 3618 967 in
3641 929 3734 967 ara

2160 1026 2595 1083 simulacrorum,
2613 1038 2731 1090 qua:
2743 1021 2843 1074 sita
2857 1028 2937 1072 est
2953 1015 3018 1070 ad
3037 1014 3311 1082 Daphnen,
3329 1019 3383 1062 et
3399 1007 3559 1063 simul
3573 1006 3735 1060 etiam

2161 1127 2620 1189 perscrutaturus,
2682 1124 2735 1167 et
2767 1114 2810 1167 si
2837 1120 3148 1165 sanctorum
3177 1103 3380 1174 aliquid
3407 1103 3460 1155 in
3491 1117 3553 1155 ea
3586 1102 3740 1154 inve-

2161 1211 2329 1264 nisset
2362 1208 2682 1278 repositum,
2743 1206 2794 1258 id
2839 1203 2947 1274 igni
3003 1199 3385 1254 mandaturus.
3441 1195 3577 1249 Cum
3635 1194 3741 1247 hoc

2160 1318 2288 1370 ergo
2318 1315 2520 1356 savum
2557 1298 2928 1353 renuntiatum
2963 1303 3106 1349 esset
3152 1292 3272 1362 ejus
3304 1290 3606 1349 decretum,
3641 1284 3739 1354 qui

2161 1405 2315 1450 erant
2335 1395 2769 1450 Christianarum
2805 1391 3062 1460 partium,
3097 1399 3310 1441 sacram
3345 1396 3568 1436 manum
3595 1377 3742 1432 Prte-

2162 1488 2404 1544 eursoris
2427 1487 2565 1540 clam
2610 1485 2662 1538 in
2692 1483 2924 1554 quadam
2961 1491 3110 1534 turre
3140 1475 3398 1537 civitatis,
3431 1489 3554 1542 qua:
3577 1485 3741 1526 voca-

2165 1591 2253 1635 tur
2293 1581 2474 1650 gonia,
2503 1581 2554 1634 id
2581 1589 2684 1640 est,
2709 1576 2964 1645 angulus,
2999 1566 3645 1629 studueruntincludere,
3669 1579 3740 1618 ne

2163 1673 2280 1742 capi
2320 1682 2502 1742 posset
2523 1673 2591 1726 ab
2630 1670 2942 1725 idololatra.
2971 1667 3074 1734 Qui
3135 1674 3314 1720 autem
3370 1657 3737 1730 pontificalem

2167 1767 2348 1820 sedem
2381 1766 2600 1820 tenebat
2629 1761 3036 1831 Hierosolymis,
3082 1773 3206 1814 eum
3266 1755 3545 1810 auditione
3577 1764 3739 1805 acce-

555 1837 674 1894 Vll.
711 1842 951 1896 Herodes
977 1845 1070 1910 qui
1109 1841 1343 1896 infantes
1378 1842 1673 1906 occiderat,
1709 1857 1833 1894 cum
1873 1839 2064 1894 Judai-
2094 1811 2138 1871 Β
2171 1858 2337 1928 ρίεεει
2365 1856 2757 1912 exsecrandum
2816 1811 3111 1916 degrewm’
3139 1865 3239 1904 nec
3272 1859 3562 1920 tyrannum
3615 1858 3739 1898 om.

487 1947 610 1988 cunt
648 1935 941 1986 multorum
968 1933 1330 2002 principatum
1357 1932 1694 1986 traduxisset
1717 1932 1783 1986 ad
1813 1947 2062 2001 regnum,

489 2019 712 2092 parebat
740 2026 958 2094 quidem
993 2011 1274 2080 Romanis.
1310 2026 1445 2078 Cum
1492 2025 1678 2078 multis
1708 2034 1888 2078 autem
1949 2038 2068 2079 mo-

488 2118 570 2170 dis
600 2129 888 2186 quazreret,
921 2129 977 2172 ut
1036 2121 1115 2172 eis
1144 2119 1419 2172 videretur
1449 2118 1745 2172 benevolus
1775 2127 1828 2172 et
1871 2117 2063 2183 fidelis,

485 2209 667 2264 effecit
703 2211 944 2280 quidem,
977 2222 1034 2264 ut
1061 2210 1289 2265 Romani
1324 2227 1447 2266 eum
1483 2211 1731 2281 benignis
1763 2211 2068 2279 aspicerent

488 2283 685 2363 oculis,
727 2313 781 2356 et
815 2318 914 2356 nec
957 2301 1094 2366 fore,
1124 2312 1181 2355 ut
1211 2302 1278 2356 ab
1327 2303 1408 2357 eis
1449 2303 1725 2368 deliceret,
1768 2303 1932 2355 ullam
1967 2301 2067 2354 ha-

488 2392 679 2447 berent
714 2394 1107 2462 suspicionem.
1147 2393 1218 2457 Is,
1250 2405 1306 2447 ut
1340 2395 1540 2447 clarior
1571 2404 1714 2447 esset
1765 2409 1862 2448 sua
1893 2395 1945 2446 in
1973 2407 2068 2448 eos

491 2486 889 2550 benevolentia,
945 2488 1086 2540 inter
1120 2487 1224 2540 alia
1265 2486 1514 2542 condidit
1569 2485 2066 2549 etiam-civitatem,

495 2579 654 2632 sitam
690 2595 794 2632 non
833 2580 1020 2647 procul
1072 2580 1140 2633 ab
1174 2578 1586 2649 Hierosolymis.
1629 2577 1722 2632 sed
1775 2577 2067 2630 distantem

493 2680 702 2724 tantum
763 2672 959 2725 itinere
1017 2671 1182 2726 unius
1231 2671 1361 2734 diei,
1388 2686 1505 2724 eam
1549 2685 1749 2724 vocans
1787 2669 2070 2733 Sebasten,

492 2761 682 2817 Latine
715 2763 1038 2832 Augustam,
1072 2776 1128 2817 ιιι
1167 2763 1393 2833 Augusti
1429 2763 1660 2817 Caesaris
1693 2761 2061 2832 appellatione

493 2854 825 2922 signiﬁcaret
858 2871 1013 2908 suam
1047 2855 1101 2908 in
1135 2871 1260 2909 eum
1293 2853 1725 2909 benevolentiam
1753 2862 1806 2909 et
1835 2853 2073 2908 servitu-

494 2957 619 3000 tetn.
657 2945 712 2999 In
739 2963 825 3012 ea,
853 2947 944 3015 qui
993 2953 1116 3017 post
1169 2946 1321 3000 illum
1387 2945 1624 2999 obtinuit
1681 2943 2071 3014 principatum,

496 3040 773 3094 tetrarcha‘
801 3038 1184 3096 llerodestixit
1223 3039 1452 3108 regiam,
1495 3037 1549 3092 in
1601 3053 1707 3107 qua
1759 3039 1920 3092 etiam
1973 3036 2075 3091 fuit

2167 1952 2298 2004 nino
2329 1958 2689 2012 moraturum,
2718 1948 2848 2016 quin
2869 1945 2934 1999 ad
2966 1959 3118 2001 sacra
3171 1941 3288 1995 loca
3318 1937 3659 2000 ascenderet,
3686 1946 3744 1991 et

2167 2059 2287 2114 qua:
2317 2044 2372 2097 in
2402 2043 2482 2097 eis
2506 2050 2658 2095 erant
2684 2037 3082 2110 pretiosissima
3109 2049 3364 2103 corpora,
3396 2031 3504 2100 igni
3535 2044 3743 2084 consu-

2169 2137 2362 2190 menda
2393 2135 2697 2193 mandaret,
2746 2132 2848 2184 hoc
2875 2129 3166 2198 diligenter
3196 2132 3374 2190 curat,
3407 2133 3460 2177 et
3486 2136 3741 2190 magnum

2169 2228 2386 2282 adhibet
2431 2225 2694 2288 studium,
2729 2231 2782 2276 ut
2813 2236 2842 2274 e
2871 2220 3052 2274 loculo
3078 2217 3350 2272 sublatum
3383 2211 3746 2268 Praeeursoris

2170 2317 2605 2380 tabernaculum,
2649 2313 3045 2368 transmitteret
3073 2306 3403 2364 servandqu
3429 2305 3482 2360 in
3517 2305 3746 2359 civitate

2170 2407 2558 2472 Alexandrina,
2593 2405 2700 2459 alio
2731 2402 2966 2473 quodam
2997 2398 3274 2456 communi
3305 2411 3536 2467 corpore
3557 2410 3655 2466 pro
3676 2409 3748 2449 eo

2170 2501 2372 2569 repleta
2395 2496 2760 2567 depositione.
3197 2503 3200 2506 '

2246 2585 2317 2644 Χζ
2350 2590 2642 2656 Postquam
2687 2593 2870 2640 autem
2921 2581 3226 2638 Antiochiae
3279 2579 3460 2634 omnia
3491 2593 3750 2648 perscru-

2174 2691 2320 2737 tatus
2354 2682 2440 2735 ille
2471 2678 2692 2748 impius,
2726 2692 2788 2730 ea
2821 2687 2905 2731 est
2939 2689 3263 2745 aggressus,
3307 2686 3428 2740 qum
3481 2669 3594 2724 fieri
3639 2684 3748 2724 non

2175 2778 2444 2841 poterant,
2492 2782 2615 2822 cum
2667 2766 2937 2820 absconsa
2987 2778 3184 2817 manus
3217 2774 3490 2829 nusquam
3523 2771 3753 2828 compa-

2174 2872 2340 2924 reret,
2371 2873 2437 2914 eo
2469 2859 2558 2912 ille
2588 2856 2888 2912 sceleratus
2929 2853 3201 2908 desiderio
3236 2851 3550 2914 frustratus,
3605 2857 3661 2903 et
3693 2848 3749 2902 in

2177 2953 2444 3021 reliquum
2489 2947 2863 3020 propheticum
2891 2959 3090 3014 corpus
3125 2942 3309 2997 furore
3357 2941 3620 3011 percitus,
3657 2939 3754 3010 qui

2176 3043 2230 3098 id
2252 3050 2644 3104 scrutarentur,
2677 3039 2861 3093 statim
2885 3037 3033 3091 misit
3054 3049 3230 3103 usque
3246 3033 3312 3088 ad
3350 3032 3752 3103 Hierosolyma,

495 3128 626 3183 illud
659 3130 994 3192 convivium,
1028 3145 1137 3198 quo
1163 3129 1424 3198 propheta
1462 3127 1568 3182 fuit
1589 3129 1825 3189 occisus,
1850 3137 1902 3182 et
1922 3127 2070 3194 juxta
2099 3156 2142 3214 ϐ
2177 3145 2236 3190 ut
2275 3133 2634 3188 Ρι-αεουηοιοίε
2657 3129 2766 3200 igni
2797 3125 3574 3182 mandarenttabernaculum.
3594 3121 3752 3189 Quod

497 3235 660 3290 quam
697 3219 872 3274 fuerat
899 3221 954 3274 in
980 3220 1216 3275 vinculis
1248 3221 1335 3274 hic
1359 3234 1512 3272 sacer
1539 3219 1802 3289 propheta
1843 3221 1895 3273 in
1930 3233 2069 3288 quo-

495 3309 620 3363 dam
656 3310 944 3364 tenebroso
980 3325 1198 3363 reorum
1235 3309 1537 3363 domicilio.
1591 3309 1764 3378 Cujus
1793 3327 1859 3364 ex
1891 3319 2074 3364 trans-

498 3417 658 3457 verso
705 3401 949 3456 referunt
1013 3402 1284 3471 sepultum
1350 3399 1522 3455 fuisse
1551 3417 1752 3471 corpus
1805 3404 2072 3472 praeconis

497 3493 761 3548 veritatis.
780 3491 900 3558 Q‘uo
923 3493 1088 3547 etiam
1119 3493 1171 3546 in
1199 3491 1322 3546 loco
1339 3492 1530 3547 dicunt
1553 3493 1704 3562 prius
1735 3493 1904 3549 fuisse
1931 3496 2069 3549 alte-

495 3600 618 3641 rum
649 3588 958 3656 sepulcrum
996 3587 1278 3656 propheta:
1300 3586 1500 3650 Elisazi,
1527 3585 1664 3641 adeo
1685 3599 1745 3640 ut
1773 3585 1883 3640 duo
1910 3585 2072 3641 loculi

498 3679 814 3735 viderentur
846 3679 1009 3735 simul
1050 3681 1294 3749 jacentes
1357 3680 1410 3734 in
1466 3696 1575 3734 uno
1601 3691 1654 3735 et
1684 3681 1874 3736 eodem
1932 3680 2070 3736 loco.

499 3771 580 3826 lbi
648 3786 898 3842 quoque;
934 3773 1190 3841 templum
1223 3773 1519 3827 maximum
1549 3773 1677 3828 olim
1733 3783 2070 3828 exstructum

497 3862 694 3929 fuerat,
727 3863 872 3931 quod
910 3873 1134 3932 propter
1162 3879 1224 3918 ea
1259 3880 1380 3933 qua:
1407 3865 1460 3918 in
1500 3866 1618 3935 ipso
1648 3865 1869 3927 flebant,
1907 3865 2074 3919 mira-

496 3953 617 4007 cula
645 3963 695 4007 et
727 3954 1214 4022 pulchritudinem,
1245 3953 1420 4009 fuerat
1456 3955 1901 4024 incomparabile.
1934 3955 2072 4011 Cum

495 4043 617 4112 ejus
667 4055 847 4098 autem
884 4053 1081 4100 tectum
1122 4051 1368 4114 tempore
1429 4046 1766 4113 deduxisset,
1829 4047 1930 4103 sub
1983 4047 2072 4102 dio

497 4135 685 4189 relicta
712 4147 839 4188 sunt
875 4137 995 4204 ejus
1037 4135 1290 4200 aedilicia,
1345 4138 1481 4191 adeo
1509 4146 1567 4191 ut
1602 4153 1708 4192 una
1751 4139 1865 4192 sola
1905 4138 2070 4192 illaesa

495 4228 820 4281 remanserit
859 4228 1211 4292 domuncula,
1271 4243 1394 4298 qua:
1442 4229 1736 4284 vocabatur
1785 4243 2070 4286 sacrorum

495 4332 754 4372 vasorum
790 4318 1038 4371 custodia
1073 4319 1127 4371 in
1157 4332 1264 4386 qua
1296 4319 1460 4373 etiam
1495 4320 1690 4374 inclusi
1744 4319 1906 4374 loculi
1948 4335 2074 4390 pro-

493 4409 779 4479 phetarum
814 4408 1283 4462 conservabantur
1312 4411 1516 4480 absque
1565 4411 1674 4465 ullo
1719 4413 2069 4467 detrimento.

2176 3242 2300 3280 cum
2330 3225 2394 3280 ad
2431 3224 2588 3278 linem
2627 3232 2772 3277 esset
2824 3221 3141 3284 deductum,
3165 3228 3220 3273 et
3243 3232 3552 3280 commune,
3604 3216 3748 3284 quod

2174 3333 2274 3388 pro
2306 3316 2399 3372 illo
2431 3317 2704 3384 sepultum
2757 3313 2954 3376 fuerat,
2987 3325 3188 3380 corpus
3243 3311 3313 3364 ab
3340 3311 3410 3364 iis
3454 3309 3546 3378 qui
3591 3305 3746 3361 missi

2173 3409 2392 3464 fuerant
2424 3408 2477 3462 in
2525 3407 2764 3461 cinerem
2819 3414 2964 3459 esset
2991 3403 3294 3467 redactum,
3346 3399 3494 3455 illinc
3533 3399 3751 3454 solvens

2172 3497 2630 3553 duxitexercitum
2645 3494 2711 3548 ad
2727 3493 3076 3548 obsidendam
3097 3492 3376 3553 Edessam,
3399 3499 3588 3559 utpote
3604 3486 3752 3558 quod

2171 3591 2264 3660 qui
2284 3592 2336 3644 in
2357 3604 2420 3643 ea
2444 3586 2782 3652 habitabant,
2803 3585 3021 3654 planum
3048 3592 3198 3638 esset
3225 3595 3319 3638 eos
3345 3591 3492 3636 stare
3519 3595 3549 3634 a
3582 3579 3755 3648 parti-

2174 3684 2275 3736 bus
2302 3680 2759 3736 Christianorum.
2787 3677 2957 3732 Aiunt
3007 3685 3189 3731 autem
3217 3672 3502 3740 quemdam
3539 3686 3604 3726 ex
3629 3670 3748 3725 suis

2173 3774 2414 3837 famulis,
2439 3772 2532 3842 qui
2551 3771 2720 3826 libere
2731 3783 2857 3824 cum
2874 3782 2940 3823 eo
2963 3767 3310 3838 loquebatur,
3326 3771 3512 3820 et-erat
3524 3763 3572 3816 ei
3592 3762 3748 3816 valde

2171 3867 2520 3936 conjunetus,
2553 3880 2619 3918 ex
2651 3862 2836 3917 animo
2869 3843 3118 3916 vero'res
3140 3857 3582 3914 Christianorum
3601 3854 3751 3911 cole-

2173 3961 2266 4014 bat
2293 3969 2348 4012 et
2375 3956 2704 4019 honorabat,
2737 3969 2860 4009 eum
2901 3969 2931 4008 a
2963 3963 3146 4022 empto
3188 3949 3560 4021 prohibuisse,
3593 3956 3648 4004 et
3679 3949 3750 4003 ad

2174 4049 2370 4104 bellum
2421 4046 2687 4102 adversus
2720 4045 2916 4100 Persas
2945 4043 3240 4115 gerendum
3281 4041 3564 4105 incitasse,
3613 4041 3754 4095 civi-

2173 4150 2336 4196 tatem
2363 4154 2486 4194 cum
2517 4138 2696 4200 vellet,
2735 4137 2788 4190 in
2824 4144 3144 4206 potestatein
3171 4135 3292 4203 ejus
3316 4141 3597 4188 venturam
3630 4131 3752 4200 pol-

2173 4233 2364 4287 licens.
2397 4230 2465 4286 Et
2491 4229 2574 4284 sic
2617 4229 2850 4284 consilio
2895 4229 3303 4297 obtemperans,
3353 4223 3629 4295 profectus
3666 4231 3756 4279 est

2173 4325 2242 4379 ad
2272 4322 2474 4378 bellum
2525 4330 2713 4376 contra
2755 4319 2952 4375 Persas
2984 4319 3303 4389 gerendum.
3340 4317 3395 4370 In
3429 4330 3540 4385 quo
3595 4314 3754 4384 plaga

2175 4411 2436 4467 divinitus
2469 4410 2712 4468 immissa
2742 4423 3060 4480 percussus,
3092 4411 3257 4462 vitam
3300 4406 3443 4462 ﬁniit
3463 4403 3759 4461 miserabi-

567 4498 700 4552 Vlll.
717 4499 852 4554 Cum
885 4513 1064 4557 autem
1085 4501 1264 4558 Lucas
1285 4504 1616 4573 evangelista
1635 4505 2065 4571 circumquaque
2093 4492 2146 4553 Ι)
2171 4503 2313 4559 liter.

492 4605 688 4648 omnes
716 4593 892 4646 obiret
915 4595 1188 4662 regiones,
1219 4595 1309 4649 ubi
1327 4597 1487 4650 etiam
1513 4595 1767 4649 obeundo
1800 4596 1948 4649 venit
1967 4595 2068 4648 Se-

491 4684 706 4750 basten,
723 4685 1026 4742 Antiochiae
1049 4697 1226 4742 tactus
1245 4687 1538 4751 desiderio,
1561 4696 1621 4740 ut
1638 4687 1728 4756 qui
1757 4687 1811 4740 in
1840 4701 1903 4740 ea
1924 4694 2069 4740 esset

491 4788 674 4842 natus,
703 4793 902 4848 magno
929 4778 1150 4847 quidem
1175 4781 1459 4834 tenebatur
1489 4779 1668 4834 studio
1698 4793 1914 4832 sacrum
1935 4775 2068 4830 illud

489 4866 858 4925 Praeeursoris
889 4884 1088 4939 corpus
1118 4870 1342 4924 tollendi
1373 4870 1668 4940 integrum.
1697 4869 1835 4924 Cum
1883 4876 2066 4922 autem

489 4975 598 5016 non
635 4971 841 5031 posset,
891 4963 1152 5032 quoniam
1197 4963 1488 5033 diligenter
1517 4960 1857 5026 servabatur,
1889 4960 2067 5014 ablata

490 5069 656 5108 manu
684 5058 927 5116 dextera,
951 5071 1072 5112 eam
1098 5056 1334 5126 portavit
1364 5057 1416 5110 in
1438 5071 1592 5110 suam
1627 5055 1925 5117 civitatem,
1947 5054 2067 5108 loco

490 5145 722 5214 alicujus
755 5147 976 5203 alterius
1008 5148 1280 5211 beneficii,
1307 5156 1362 5202 et
1401 5147 1632 5201 aliarum
1657 5145 1970 5200 divitiarum
1993 5143 2064 5210 ei,

489 5253 612 5310 qua:
638 5238 814 5308 ipsum
848 5239 1077 5304 aluerat,
1109 5240 1252 5295 banc
1277 5238 1510 5294 reddens
1534 5237 1840 5292 mercedem
1867 5238 2067 5292 educa-

487 5331 676 5387 tionis.
713 5333 795 5386 Ab
858 5332 950 5386 illo
1011 5347 1143 5402 ergo
1177 5341 1422 5400 tempore
1461 5333 1562 5385 sita
1587 5339 1708 5385 erat
1744 5346 1942 5386 manus
1975 5331 2065 5385 illa

486 5423 629 5493 apud
657 5423 1049 5486 Antiochenos,
1080 5423 1344 5492 inmagno
1369 5422 1576 5476 honore
1601 5422 1806 5482 habita.
1833 5421 2064 5492 etjugis,

485 5531 609 5587 qua:
645 5515 698 5570 in
738 5529 802 5571 ea
851 5515 1082 5580 habitat,
1119 5515 1308 5585 gratia
1333 5514 1490 5569 tidem
1525 5514 1732 5570 faciens
1760 5515 2062 5570 miraculis.

558 5602 648 5658 IX.
684 5603 820 5659 Cum
859 5615 1042 5659 autem
1097 5603 1348 5659 Julianus
1375 5604 1655 5678 tyrannice
1683 5605 1897 5659 clavum
1926 5605 2066 5660 arri-

488 5694 699 5758 puisset
729 5694 964 5764 imperii,
997 5695 1257 5765 quoniam
1281 5712 1394 5760 eos,
1433 5699 1523 5766 qui
1551 5699 1726 5769 ipsum
1773 5713 2065 5766 praecesse-

492 5790 634 5846 rant,
690 5797 1067 5851 persecutores
1094 5797 1147 5843 et
1180 5787 1272 5844 Dei
1327 5789 1512 5846 hostes
1555 5789 1915 5846 contendebat
1972 5806 2062 5846 su-

2243 4595 2335 4650 Xl.
2371 4597 2663 4668 Postquam
2701 4605 2880 4651 autem
2906 4594 2972 4649 ad
2992 4593 3177 4649 ﬁdeles
3199 4593 3556 4661 imperatores
3574 4588 3757 4644 redie-

2169 4699 2297 4746 runt
2319 4702 2529 4760 sceptra
2548 4691 2999 4752 Romanorum,et
3017 4687 3218 4742 reddita
3239 4685 3339 4740 fuit
3361 4682 3756 4738 libertasChrt-

2171 4783 2384 4850 stianis,
2421 4784 2766 4839 nesciebatur
2795 4781 3038 4853 quidem,
3070 4779 3290 4834 ubinam
3321 4786 3469 4833 esset
3517 4776 3755 4845 pretiosa

2170 4891 2389 4942 manus,
2420 4877 2488 4931 ab
2517 4875 2690 4946 iisqui
2709 4875 3100 4929 Antiochenam
3125 4869 3752 4927 habitabantcivitatem.

2171 4966 2277 5023 Sed
2307 4969 2449 5023 haud
2483 4969 2556 5022 ita
2591 4968 2682 5022 diu
2706 4978 2829 5038 post
2857 4982 2952 5036 per
2969 4966 3293 5020 diviniorem
3330 4962 3625 5017 revelatum
3651 4959 3756 5014 fuit

2171 5059 2435 5114 visionem
2468 5059 2688 5114 ubinam
2727 5068 2873 5113 esset
2925 5058 3211 5112 absconsa.
3245 5055 3418 5120 Quam
3450 5067 3578 5108 cum
3619 5051 3753 5105 lide-

2168 5149 2291 5203 liter
2322 5165 2391 5204 ex
2416 5164 2483 5203 eo
2506 5149 2629 5204 loco
2652 5149 3027 5215 sustulissent,
3067 5147 3122 5202 in
3155 5160 3218 5200 ea
3245 5143 3568 5198 honoranda
3597 5145 3753 5195 erant

2170 5237 2531 5294 insatiabiles.
2593 5237 2727 5293 Cum
2777 5247 2959 5293 autem
3018 5253 3126 5291 non
3204 5248 3395 5306 parum
3456 5231 3756 5287 efﬂuxisset
3819 5222 3830 5230 ’

2171 5332 2456 5400 temporis,
2489 5332 2790 5402 imperator
2814 5330 3160 5386 Justinianus
3195 5329 3339 5382 inter
3366 5324 3496 5390 alia,
3517 5339 3639 5394 quae
3665 5324 3758 5392 pie

2169 5423 2360 5494 gessit,
2391 5423 2520 5478 fecit
2545 5425 2712 5479 etiam
2751 5424 2856 5477 tale
2883 5422 3037 5489 quid.
3079 5421 3228 5474 Hanc
3279 5418 3421 5471 enim
3458 5411 3755 5470 miraculo-

2167 5529 2289 5570 rum
2314 5515 2642 5570 eﬂectricein
2669 5514 3036 5569 Prtecursoris
3093 5509 3398 5573 dexteram,
3446 5521 3513 5561 ex
3565 5503 3756 5559 Antio-

2165 5609 2313 5673 cbia,
2343 5616 2398 5663 et
2423 5606 2636 5662 Domini
2666 5618 2722 5662 et
2759 5605 2851 5661 Dei
2887 5603 3060 5661 nostri
3090 5603 3356 5666 tunicam,
3375 5613 3496 5670 quae
3527 5604 3666 5660 erat,
3692 5595 3751 5650 in

2165 5703 2384 5757 civitate
2408 5701 2813 5763 Maratsemerc,
2834 5707 2888 5754 et
2922 5696 3159 5751 maxime
3180 5691 3544 5748 venerandum
3562 5693 3750 5756 caput,

2165 5808 2230 5848 ex
2263 5792 2452 5848 Emesa
2481 5791 2758 5849 transtulit
2781 5791 2847 5847 ad
2876 5790 3081 5861 regiam
3112 5786 3410 5851 civitatein,
3436 5797 3452 5837 :
3483 5794 3606 5854 qua
3625 5778 3756 5849 qui-
