4086 6408
285 296 380 362 617

1371 298 1467 359 DE
1508 295 1721 362 MANU
1760 299 1819 361 S.
1859 292 2432 363 PRECURSORIS.

3476 295 3536 365 ιι

286 421 402 469 σιιοιιι
436 414 865 468 ostendeltantnr
897 410 1179 481 obsignata
1209 414 1492 480 signaculo
1535 414 1709 468 sancti
1759 413 1854 467 im-
1881 420 1928 476 Α
1959 412 2011 464 in
2041 413 2272 465 mediam
2313 412 2493 482 gulam
2526 411 2823 480 jaculatus,
2852 404 2969 481 ejus
2999 409 3146 479 jaetu
3191 411 3369 464 statim
3402 423 3536 477 qua.

287 507 552 576 portitoris
580 504 951 566 Constantini,
982 505 1048 558 ad
1087 506 1209 569 hoc,
1238 516 1296 559 ut
1344 521 1453 560 non
1497 506 1731 576 amplius
1782 520 1848 558 ex

282 599 358 655 eis
388 599 713 653 arelleretur
738 597 901 652 abiis
952 599 1044 666 qui
1101 601 1587 667 amplecterentur.
1640 598 1851 652 Ablatis

281 704 409 758 ergo
445 689 771 753 signaculis,
803 703 926 757 cum
958 687 1216 756 templum
1251 688 1640 749 Praecursoris,
1704 686 1850 756 quod

283 781 332 834 in
358 779 639 833 Hebdomo
663 787 746 832 est
771 779 841 831 ab
866 792 933 832 eo
961 778 1312 852 aediﬁcatum,
1344 794 1439 847 per
1473 779 1683 833 Domini
1708 778 1855 833 Iuni-

282 885 398 923 eam
448 874 504 923 et
534 867 804 938 ejusmodi
861 883 1050 922 sacras
1111 870 1515 924 sanctiﬁcasset
1566 868 1851 937 reliquias,

281 974 473 1015 rursus
493 959 703 1014 remisit
730 959 847 1014 suis
895 960 1211 1030 obsignatas
1260 960 1559 1029 signaculis
1585 975 1672 1023 eo,
1707 960 1854 1013 unde

281 1059 559 1125 venerant,
593 1050 767 1104 solam
792 1051 1071 1105 dexteram
1106 1051 1477 1121 propheticam
1534 1050 1851 1120 relinquens

281 1157 387 1195 non
406 1142 703 1211 signatam,
724 1132 785 1195 ut
815 1156 937 1210 quae
965 1150 1264 1211 angeretur
1299 1141 1615 1211 unguentis,
1650 1152 1705 1197 et
1728 1158 1853 1197 sus-

258 1233 557 1299 tolleretur
585 1232 641 1287 in
677 1232 817 1287 festo
842 1231 1219 1289 Exaltationis.

224 5182 250 5305 l

345 1320 461 1376 ΧΗ.
500 1322 564 1375 Et
587 1323 666 1376 sic
690 1323 910 1391 quidem
944 1323 1012 1377 de
1037 1324 1120 1379 bis
1138 1325 1367 1380 relatum
1395 1332 1477 1381 est
1501 1340 1530 1379 a
1554 1325 1851 1386 veteribus,

277 1415 398 1467 aliis
428 1413 531 1466 alia
588 1413 658 1468 de
714 1428 877 1468 manu
920 1416 1301 1489 narrantibus,
1366 1419 1628 1471 conclusa
1671 1426 1851 1477 tamen

278 1506 329 1559 in
358 1521 522 1560 unam
577 1514 631 1560 ct
682 1507 925 1561 eamdem
962 1508 1085 1563 ﬁdei
1134 1511 1433 1576 notionem,
1458 1518 1511 1564 et
1533 1510 1854 1579 expellentia

277 1611 493 1650 omnem
527 1596 986 1660 incredulitatem,
1049 1599 1340 1654 aberrante
1374 1601 1579 1655 nemini
1604 1602 1791 1669 procul
1824 1618 1851 1654 a

278 1688 528 1743 veritate.
569 1687 724 1754 Quod
749 1689 795 1744 si
828 1699 1045 1759 oportet
1076 1692 1239 1745 etiam
1275 1691 1507 1762 alicujus
1538 1693 1854 1746 meminisse

1954 516 2060 570 que
2082 510 2311 554 mortem
2339 501 2387 554 ei
2422 500 2623 554 attulit.

2026 590 2166 647 XIV.
2193 591 2285 647 His
2307 592 2384 647 sic
2409 590 2595 661 gestis,
2622 600 2776 661 pater
2796 588 3015 659 quidem
3042 589 3216 643 vivam
3251 590 3410 643 ﬁliam
3438 590 3537 644 ds-

1955 701 2105 741 mum
2138 686 2367 748 reducit,
2398 695 2449 739 et
2471 681 2726 755 lacrymis
2750 682 2912 739 simul
2938 692 2990 736 et
3008 682 3206 751 gaudio
3231 682 3418 751 plenus
3441 725 3455 747 ,
3480 688 3536 735 et

1955 777 2354 840 admirabilem,
2408 786 2463 830 et
2511 791 2631 845 quae
2661 783 2855 845 praeter
2888 774 3201 842 opinionem
3231 773 3531 833 acciderat,

1954 870 2076 923 lilia:
2101 885 2329 923 narrans
2354 869 2803 938 redemptionem.
2832 867 2933 933 Qui
2957 875 3135 920 autem
3163 865 3537 920 etrcumsistb

1965 962 2057 1016 bat
2121 964 2382 1031 ροιιιιιιιε,
2437 962 2637 1031 insigni
2670 960 2935 1015 miraculo
2979 957 3421 1028 obstupefactus,
3452 958 3540 1013 in-

1960 1065 2146 1119 gentes
2198 1053 2304 1108 Deo
2362 1055 2554 1125 agebat
2605 1053 2828 1124 gratias.
2891 1053 3010 1118 Quo
3061 1051 3260 1106 factum
3325 1060 3436 1117 est,
3479 1060 3539 1105 nt

1955 1142 2283 1199 Prtecursori
2321 1146 2585 1216 templum
2630 1146 2738 1200 illic
2768 1152 3170 1207 construerent,
3212 1145 3302 1199 ubl
3334 1144 3535 1199 factum

1959 1235 2137 1290 fuerat
2167 1237 2510 1301 miraculum,
2535 1237 2679 1306 quod
2721 1238 3072 1291 nominarunt
3118 1236 3454 1305 κρεμαστὸν,
3483 1234 3536 1292 id

1958 1336 2059 1391 (σει,
2109 1344 2460 1396 suspensum,
2504 1330 2618 1382 sive
2674 1337 2995 1398 propterea,
3031 1329 3177 1396 quod
3228 1343 3388 1395 supra
3429 1328 3541 1381 tero'

1959 1432 2073 1470 ram
2108 1416 2178 1470 sit
2238 1417 2414 1471 solum
2467 1418 2648 1486 templi
2676 1418 2971 1481 eleratnnt,
3000 1416 3114 1471 sive
3144 1416 3286 1485 quod
3320 1414 3387 1469 ad
3420 1428 3541 1469 tan-

1957 1513 2065 1557 tam
2138 1506 2490 1559 aediﬁciorum
2573 1505 2959 1559 sublimitatem
3021 1505 3142 1575 ejus
3198 1505 3268 1557 sit
3315 1512 3538 1558 extensa

1958 1595 2205 1652 latitudo.
2238 1606 2297 1649 ut
2331 1596 2797 1664 conspicientibus
2833 1611 2999 1666 prope
3024 1593 3272 1651 videatur
3302 1596 3540 1664 pendere

1956 1685 2009 1739 in
2069 1700 2213 1741 aere.
2269 1687 2325 1741 In
2381 1701 2645 1755 quocum
2719 1687 2866 1741 hunc
2916 1702 3130 1741 sacrum
3155 1696 3210 1741 et
3249 1675 3538 1740 miriﬁcum

279 1781 556 1845 miraculi,
589 1781 873 1837 Attti0ehia
922 1784 1207 1839 nobiscum
1252 1785 1325 1851 ei,
1379 1787 1523 1854 quod
1582 1785 1849 1847 dicemus,

1955 1776 2182 1847 digitum
2227 1779 2636 1847 deposuissent,
2682 1793 2805 1832 eum
2848 1777 3002 1833 festis
3061 1778 3334 1834 honorant
3386 1777 3542 1831 anni-

283 1876 418 1929 feret
439 1874 814 1930 testimonium
849 1892 863 1929 :
896 1877 1041 1945 quod
1067 1877 1284 1946 quidem
1311 1878 1587 1934 auditione
1638 1892 1667 1931 a
1692 1877 1852 1932 nobis

287 1974 559 2034 acceptum
585 1977 668 2020 est
698 1980 761 2020 ex
803 1966 1153 2035 quibusdam,
1187 1968 1279 2036 qui
1304 1969 1418 2022 illic
1442 1977 1572 2022 sunt
1626 1966 1851 2022 versati.

286 2051 337 2103 In
367 2068 597 2106 caverna
628 2053 984 2108 delitescebat
1015 2055 1234 2123 quidam
1270 2055 1440 2110 draco
1483 2056 1535 2109 in
1576 2055 1696 2125 ejus
1739 2055 1856 2109 ﬁni-

279 2142 401 2203 bus,
435 2156 619 2220 quem,
653 2144 743 2213 qui
791 2145 1109 2201 habitabant
1133 2147 1433 2212 civitatem,
1457 2148 1510 2202 in
1539 2149 1671 2203 deos
1709 2147 1850 2202 refe-

278 2246 480 2298 rentes,
516 2237 893 2292 anniversario
925 2238 1568 2295 honorabantsacriﬁcio.
1595 2238 1650 2292 ld
1671 2249 1849 2292 autem

276 2340 393 2381 erat
419 2329 597 2398 puella
634 2330 805 2399 virgo,
855 2346 978 2399 quae
1034 2331 1198 2401 paulo
1245 2341 1376 2385 ante
1410 2339 1733 2401 pervenerat
1783 2331 1853 2386 ad

276 2420 645 2488 pubertatem,
675 2430 729 2476 et
751 2435 973 2492 propter
1003 2438 1108 2477 non
1136 2423 1400 2492 pollutam
1454 2425 1849 2494 virginitatem,

276 2514 706 2569 conservabatur
730 2515 955 2571 draconi
986 2517 1339 2571 sacriﬁcium.
1367 2517 1501 2583 Quis
1521 2526 1646 2575 erat
1668 2530 1850 2573 autem

276 2604 473 2657 modus
498 2606 754 2660 sacriﬁcii

346 2692 491 2749 Xlll.
531 2695 586 2748 ln
623 2712 688 2751 eo
717 2697 836 2767 ipso
862 2699 1005 2762 loco,
1047 2700 1099 2754 in
1128 2716 1237 2770 quo
1264 2712 1381 2756 erat
1434 2717 1663 2758 caverna
1720 2704 1849 2758 dra-

275 2786 450 2853 conis,
479 2789 809 2845 Antiocheni
842 2792 1057 2862 publice
1106 2792 1465 2859 conﬂuentes,
1510 2805 1564 2850 et
1591 2796 1850 2866 frequens

274 2878 452 2934 eﬁ‘ecti
504 2881 801 2949 theatrum,
859 2900 983 2938 cunt
1042 2886 1279 2955 puellam
1337 2887 1848 2955 circumduxissent,

273 2970 591 3039 prabebant
621 2974 988 3030 devorandam
1010 2977 1255 3032 draconi.
1291 2978 1342 3034 ls
1369 2994 1496 3033 vero
1522 2994 1850 3050 proserpens

272 3077 303 3115 e
330 3078 589 3129 caverna,
632 3075 688 3119 et
717 3066 1055 3136 insperatum
1109 3079 1165 3124 et
1210 3071 1534 3127 incredibile
1578 3088 1849 3141 apparens

274 3156 622 3218 miraculum,
654 3173 883 3233 serpens
939 3170 995 3217 et
1056 3178 1252 3232 repens
1315 3166 1431 3219 suis
1494 3166 1743 3239 pedibus,
1794 3174 1850 3220 et

274 3246 644 3316 naturali,qui
677 3259 763 3303 est
798 3250 966 3316 intus,
1005 3254 1199 3322 spiritu
1227 3255 1570 3321 incurvatus,
1599 3257 1849 3312 etinstar

273 3339 434 3393 unda:
474 3348 588 3394 tum
651 3340 854 3407 factus,
910 3345 1081 3399 hianti
1122 3362 1219 3401 ore
1240 3357 1292 3401 et
1341 3348 1569 3403 dilatato
1625 3348 1850 3404 thorace

271 3430 572 3499 accipiebat
602 3433 962 3497 sacriﬁcium,
995 3447 1050 3489 et
1081 3437 1355 3493 lacerabat
1406 3440 1685 3495 dentibus.
1742 3441 1849 3495 Pro

273 3536 424 3574 more
456 3532 636 3576 autem
701 3539 824 3579 sors
852 3525 1121 3595 obtigerat
1151 3530 1366 3583 cuidam
1421 3531 1753 3592 Christiano.
1789 3543 1850 3586 ut

271 3624 426 3664 suam
456 3613 613 3665 daret
650 3612 812 3667 ﬁliam
875 3615 1102 3669 draconi
1154 3618 1590 3683 sacriﬁcandam,
1622 3619 1713 3688 qui
1745 3619 1849 3672 sti-

272 3702 439 3756 mulis
463 3704 744 3760 sauciatus
799 3709 1167 3773 naturalibus,
1207 3724 1275 3762 ex
1324 3712 1493 3765 corde
1538 3711 1850 3779 suspirabat

270 3793 341 3847 ad
378 3796 674 3850 maximum
735 3796 1158 3855 Praecursorem.
1230 3801 1294 3854 Et
1332 3808 1392 3854 ut
1449 3802 1554 3854 lilia
1590 3817 1620 3855 a
1676 3810 1849 3856 morte

272 3888 481 3942 servari
514 3890 708 3957 possit,
745 3891 852 3946 tale
897 3892 1027 3960 quid
1082 3894 1394 3960 excogitat:
1423 3892 1560 3947 Cum
1596 3908 1848 3962 magnam

270 3977 383 4032 vim
414 3980 534 4032 auri
566 3980 705 4047 apud
739 3996 798 4035 se
815 3982 1211 4045 abscondisset,
1244 3983 1380 4049 petit
1411 3992 1471 4036 ut
1496 3982 1597 4036 sibi
1636 3983 1852 4052 permit-

268 4074 482 4120 teretur
534 4067 765 4123 adorare
819 4085 1037 4122 manum
1064 4079 1311 4124 sanctam
1365 4070 1435 4123 ab
1469 4085 1554 4131 eo,
1580 4070 1671 4137 qui
1700 4070 1846 4124 illam

268 4155 548 4210 servabat.
582 4157 632 4211 ls
666 4168 848 4212 autem
874 4160 1144 4214 concessit
1171 4161 1519 4228 postulatum.
1557 4159 1693 4215 Cum
1721 4148 1849 4215 vero

269 4246 318 4299 is
344 4246 397 4300 in
443 4245 528 4301 his
559 4259 727 4314 esset,
763 4259 817 4304 et
844 4252 988 4320 quod
1022 4251 1284 4306 aﬁ‘erebat
1334 4268 1528 4307 aurum
1595 4253 1844 4318 latenter,

266 4343 533 4407 tanquam
564 4342 665 4394 sub
691 4352 952 4408 praetextu
992 4344 1284 4409 adorandi,
1331 4345 1481 4398 humi
1538 4345 1847 4409 eﬂ‘udisset,

1956 1869 2236 1930 versariis,
2303 1870 2665 1933 miraculum,
2727 1873 2870 1939 quod
2929 1869 3132 1923 factum
3182 1865 3393 1931 fuerat,
3445 1880 3543 1938 per

1955 1962 2541 2015 commemorationem
2624 1960 3054 2015 transmittentes
3142 1958 3212 2013 ad
3271 1970 3541 2029 posteros.

1956 2051 2169 2106 Dicitur
2191 2052 2355 2107 etiam
2382 2054 2527 2109 aliud
2560 2068 2776 2124 quoque
2802 2054 2998 2107 mirum
3031 2051 3135 2108 tale
3164 2052 3278 2106 ﬁeri
3297 2049 3538 2122 signum.

1955 2142 2132 2211 Hujus
2188 2145 2398 2200 scilicet
2451 2152 2653 2201 sanetae
2719 2144 3268 2219 manusraliquando
3317 2144 3537 2213 quidem

1952 2236 2174 2291 extendi
2223 2236 2447 2303 digitos,
2472 2238 2769 2307 aliquando
2812 2252 2944 2292 vero
2995 2237 3267 2304 contrahi,
3307 2253 3539 2305 quorum

1951 2328 2270 2383 extensione
2296 2328 2514 2399 quidem
2538 2330 2833 2399 signiﬁcari
2861 2328 3197 2386 fertilitatem
3236 2330 3534 2400 fructuum.

1952 2422 2325 2475 contractione
2349 2429 2529 2475 autem
2562 2421 2799 2491 in0piam
2830 2432 2885 2476 et
2916 2422 3218 2490 penuriam.

2032 2509 2148 2566 XV.
2199 2512 2334 2566 Cum
2390 2521 2572 2567 autem
2618 2514 2795 2577 multi,
2839 2513 2929 2583 qui
2980 2524 3106 2569 ante
3159 2528 3258 2569 nos
3295 2515 3535 2579 fuerunt,

1957 2602 2317 2671 imperatores
2374 2602 2517 2657 hanc
2593 2618 2815 2658 manum
2882 2604 3287 2661 desiderasseat
3342 2608 3537 2676 quovis

1955 2696 2120 2749 modo
2180 2695 2492 2764 possidere,
2545 2711 2646 2751 nec
2703 2697 2923 2760 sinere,
2983 2708 3039 2751 ut
3082 2707 3296 2753 tantum
3329 2701 3532 2755 bonum

1952 2794 2195 2840 maneret
2247 2786 2388 2855 apud
2438 2786 2700 2841 barbaras
2758 2796 2969 2857 gentes.
3033 2805 3152 2857 quae
3180 2800 3363 2859 partes
3417 2792 3536 2847 illas

1951 2886 2305 2946 occuparant,
2371 2879 2680 2947 captivum;
2748 2880 3047 2948 augebatur
3087 2881 3329 2950 quidem,
3354 2898 3422 2938 ac
3450 2886 3536 2936 vi-

1950 2970 2106 3039 gebat
2137 2968 2258 3035 ejus
2288 2968 2364 3023 rei
2396 2968 2727 3023 desiderium
2749 3010 2763 3030 ,
2795 2969 2889 3025 sed
2934 2971 3145 3036 modus,
3179 2988 3287 3041 quo
3322 2974 3373 3029 id
3404 2989 3535 3043 pos-

1956 3061 2221 3124 siderent,
2253 3061 2403 3115 nnllo
2442 3062 2601 3115 modo
2633 3061 2860 3116 inveniri
2893 3071 3121 3131 poterat.
3182 3064 3248 3117 Et
3292 3080 3415 3119 cum
3455 3068 3537 3120 eis

1953 3152 2244 3221 aliquando
2292 3154 2467 3207 visum
2519 3162 2684 3218 esset,
2748 3154 2928 3208 dando
2992 3156 3313 3225 pecuniam,
3372 3158 3534 3211 talem

1952 3262 2278 3316 comparare
2332 3250 2673 3307 thesaurum,
2706 3264 2910 3308 aerem,
2942 3258 3001 3303 ut
3028 3259 3111 3304 est
3134 3250 3187 3304 in
3221 3251 3533 3320 proverbio.

1951 3342 2146 3409 pugnis
2183 3339 2481 3393 caedebant.
2529 3339 2952 3394 Desiderahatur
2998 3358 3125 3413 ergo
3158 3343 3227 3397 ab
3260 3344 3532 3405 omnibus.

1949 3446 1980 3485 a
2006 3432 2205 3501 quibus
2244 3447 2439 3486 nomen
2470 3432 2672 3487 Christi
2694 3443 2772 3488 est
2808 3434 3116 3489 invocatum
3146 3452 3161 3489 :
3197 3445 3250 3489 et
3296 3436 3533 3505 quicun-

1949 3540 2056 3594 que
2087 3525 2139 3578 in
2168 3524 2289 3593 ejus
2314 3525 2391 3578 rei
2420 3526 2741 3581 versabatur
2768 3528 3116 3598 cogitatione,
3148 3526 3314 3582 Deum
3370 3520 3534 3598 roga?

1956 3615 2050 3668 bat
2101 3614 2396 3684 gemitibus
2454 3616 2934 3679 inenarrabilibus,
2970 3626 3030 3671 ut
3069 3616 3318 3685 benignis
3362 3618 3537 3671 oculis

1956 3717 2118 3757 ειιιιιιι
2183 3703 2451 3772 aspiceret
2498 3705 2774 3773 populum,
2840 3715 2893 3758 et
2948 3706 3065 3773 ejus
3123 3720 3249 3759 eum
3296 3704 3537 3759 efﬁceret

1958 3809 2333 3861 possessorem
2352 3804 2405 3848 et
2426 3805 2807 3859 spectatorem.
2833 3794 3102 3861 Quoniam
3125 3806 3304 3849 autem
3338 3796 3536 3850 divinre

1950 3887 2315 3943 Providentia:
2354 3900 2486 3944 sunt
2542 3890 2724 3944 omnia
2792 3880 3081 3960 praeﬁnita.
3121 3890 3171 3945 ei
3216 3890 3308 3959 qui
3350 3892 3534 3944 omnia

1950 3982 2223 4051 prtescivit
2298 3992 2424 4035 ante
2490 3981 2755 4035 mundum
2834 3982 3153 4045 conditum,
3213 3980 3533 4049 despicienti

1950 4084 2189 4145 tempora
2225 4083 2426 4129 nostra:
2464 4074 2782 4137 inscientia,
2818 4075 3019 4145 placuit
3059 4089 3153 4143 per
3190 4074 3387 4129 multas
3408 4088 3537 4127 snas

1950 4167 2359 4229 miserationes,
2413 4176 2473 4221 ut
2504 4166 2560 4220 in
2593 4167 2697 4221 hac
2735 4181 2957 4236 quoque
2989 4166 3339 4231 generatione
3381 4182 3534 4219 reve-

1954 4257 2160 4311 laretur
2201 4258 2304 4312 hoc
2341 4272 2599 4327 magnum
2626 4266 2679 4311 et
2705 4258 2917 4325 insigne
2948 4258 3296 4321 miraculum,
3342 4258 3395 4311 in
3426 4274 3533 4330 qua

1947 4348 2348 4403 Constantinus
2383 4357 2438 4402 et
2479 4347 2777 4411 Romanus,
2822 4349 2915 4419 qui
2965 4348 3113 4420 digiti
3152 4359 3293 4403 sunt
3324 4355 3538 4419 magnis

265 4441 415 4483 recta
446 4431 708 4499 processit
753 4435 818 4487 ad
855 4434 1210 4489 adorandum.
1244 4436 1500 4492 Edituus
1524 4448 1728 4501 autem,
1787 4445 1847 4492 nt
1878 4440 1923 4495 D
1954 4440 2225 4503 laudibus,
2278 4440 2345 4494 ab
2393 4439 2512 4508 ipso
2542 4449 2680 4494 ortu-
2723 4442 3017 4509 purpureis
3062 4440 3248 4497 fasciis
3283 4443 3536 4503 involuti.

264 4521 362 4587 qui
413 4524 589 4579 avidis
633 4526 805 4580 oculis
847 4526 912 4580 ad
974 4542 1167 4582 aurum
1197 4532 1481 4597 aspiceret,
1513 4532 1756 4586 cucurrit
1777 4530 1842 4584 ad

216 4610 219 4611 ⁷
264 4612 403 4667 illud
456 4615 839 4685 colligendum.
895 4619 987 4673 llle
1015 4630 1218 4684 autem,
1249 4622 1341 4690 qui
1369 4623 1632 4691 petierat,
1658 4632 1715 4677 ut
1740 4623 1846 4677 sibi

263 4705 459 4760 liceret
503 4709 750 4775 adorare,
803 4726 927 4766 cum
973 4728 1031 4767 se
1086 4713 1448 4780 incuri-asset,
1502 4724 1555 4769 et
1589 4725 1760 4771 totum
1789 4731 1847 4771 se

262 4799 322 4850 in
360 4798 598 4854 loculum
638 4802 991 4869 inclinasset,
1025 4804 1211 4859 divino
1248 4806 1527 4863 sauciatus
1556 4808 1844 4872 desiderio,

261 4903 402 4942 cum
462 4893 778 4948 venerandae
818 4895 1052 4949 dextera:
1110 4896 1361 4965 pollicem
1422 4897 1744 4961 osculando,
1792 4907 1849 4952 et

257 4979 426 5032 labra
490 4982 831 5038 admovendo
888 4986 1164 5042 mordicus
1212 4988 1465 5044 dentibus
1502 4990 1846 5053 abscidisset.

262 5080 322 5124 οἰ
388 5075 741 5139 occultasset,
810 5079 1070 5146 atemplo
1125 5095 1285 5147 qnam
1312 5081 1548 5150 primum
1600 5084 1847 5137 recessit.

261 5162 405 5216 Cum
451 5176 630 5221 autem
679 5169 790 5238 jam
833 5170 947 5224 dies
995 5171 1342 5227 adventasset
1374 5174 1650 5238 sacriﬁcii,
1693 5185 1746 5228 et
1768 5175 1850 5229 ci-

1955 4529 2215 4597 regcbant
2253 4528 2491 4583 habenas
2520 4528 2753 4598 imperii.
2786 4526 2842 4584 Id
2895 4539 3075 4585 autem
3105 4539 3189 4586 est
3217 4531 3542 4588 veneranda!

1954 4618 2319 4675 Prmcursoris
2344 4636 2538 4676 manus
2564 4623 2889 4691 exportatio,
2921 4632 2975 4677 et
3004 4625 3300 4679 revocatio.

2023 4714 2163 4769 XVI.
2214 4714 2403 4769 Modus
2454 4715 3036 4781 autemrevscationis,
3078 4726 3165 4771 est
3184 4716 3342 4771 valde
3368 4718 3533 4771 mira-

1958 4807 2085 4860 bilis
2154 4816 2208 4859 et
2262 4815 2457 4876 prater
2498 4806 2834 4874 opinionem.
2884 4805 3019 4861 Nam
3055 4808 3138 4861 vir
3163 4808 3408 4878 quidam,
3442 4796 3539 4878 qui

1954 4907 2066 4947 erat
2094 4895 2295 4948 relatus
2324 4894 2378 4949 in
2436 4903 2638 4949 sortem
2671 4894 3022 4949 diaconorum
3075 4896 3375 4951 Antiochia:
3401 4897 3534 4950 civi-

1957 4986 2102 5049 tatis,
2153 4984 2255 5039 Job
2281 4986 2526 5049 nomine,
2579 5001 2814 5056 superne
2881 4987 3201 5057 inspiratus,
3240 4996 3297 5042 et
3349 4988 3538 5051 divino

1957 5081 2073 5132 zelo
2103 5078 2363 5147 repletus,
2394 5077 2537 5146 apud
2570 5092 2629 5132 se
2675 5078 2968 5147 cogitabat,
2998 5088 3251 5148 possetne
3295 5078 3539 5136 Prwcur-

1957 5170 2101 5224 soris
2125 5167 2426 5223 suﬂ‘uratus
2453 5169 2754 5233 dexteram,
2785 5184 2904 5224 eam
2934 5170 3140 5225 donum
3169 5171 3540 5227 desideratum

275 5254 421 5309 vium
474 5273 794 5329 eorumque,
844 5260 937 5329 qui
982 5261 1531 5330 circumhabitabant,
1560 5261 1921 5320 collectum‘s
1959 5263 2143 5333 largiri
2185 5261 2555 5327 Christianis;
2611 5272 2774 5333 atque
2804 5261 2940 5317 adeo
2988 5262 3054 5315 ad
3082 5261 3243 5316 talem
3266 5263 3533 5330 processit

267 5356 418 5402 esset
451 5350 745 5418 theatrum,
770 5352 983 5408 accedit
1015 5363 1165 5422 pater
1198 5354 1429 5423 puellam
1483 5356 1755 5410 adducens
1782 5355 1847 5411 ad

262 5440 631 5495 sacriﬁcium.
692 5442 903 5499 Etcum
955 5444 1142 5500 fuisset
1197 5461 1363 5517 prope
1405 5448 1731 5513 draconem,
1798 5459 1852 5503 et

261 5546 401 5583 enim
427 5532 650 5587 vidisset
684 5545 839 5588 vasto
869 5552 963 5588 ore
1001 5537 1260 5597 hiantem,
1296 5547 1350 5592 et
1396 5538 1685 5595 horrendis
1714 5540 1854 5594 sibi-

268 5622 351 5676 lis
409 5635 528 5686 eos,
582 5626 674 5694 qui
708 5627 1022 5688 audiebant,
1062 5637 1373 5692 terrentem.
1429 5639 1480 5684 et
1525 5631 1850 5686 sacriﬁcium

263 5714 701 5781 desiderantem,
729 5732 940 5772 sacrum
969 5719 1120 5773 illum
1143 5728 1197 5775 et
1227 5722 1591 5779 venerandum
1624 5722 1851 5796 digitum

591 5813 856 5873 Parnm.
900 5814 991 5874 Gtt
1053 5814 1201 5876 CXI.

1958 5354 2379 5422 experientiam.
2438 5354 2731 5409 Pulchrum
2764 5356 3021 5423 templum
3044 5361 3099 5407 et
3128 5354 3400 5408 excelsum
3429 5354 3531 5406 sub

1962 5447 2183 5501 nomine
2236 5445 2378 5502 Petri
2432 5446 2803 5515 apostolorum
2851 5446 3117 5514 principis
3176 5446 3416 5515 positum
3457 5442 3540 5500 est

1964 5540 2018 5595 in
2070 5553 2133 5592 ea
2176 5538 2414 5593 civitate.
2478 5537 2537 5593 In
2600 5538 2765 5607 hujus
2819 5539 3084 5594 vestibulo
3124 5553 3246 5592 cum
3298 5551 3451 5591 suam
3494 5537 3542 5589 is

1962 5630 2183 5686 fecisset
2233 5631 2647 5695 habitationem,
2717 5646 2842 5685 cum
2908 5645 3193 5687 sacrorum
3221 5669 3237 5697 ,
3272 5645 3393 5700 quae
3431 5628 3541 5682 illic

1961 5732 2141 5793 erant,
2195 5738 2446 5783 vasorum
2498 5722 2726 5781 custode
2782 5723 2903 5781 iniit
2932 5725 3247 5788 amicitiam,
3301 5732 3440 5777 utea
3474 5722 3542 5773 de

3060 5813 3135 5877 ει)
3408 5830 3443 5847 ⁸
