4086 6396
517 307 632 372 ‘619

1157 303 1436 365 THEOD.
1481 296 2000 360 DAPHNOPATE
2033 296 2130 355 DE
2159 294 2374 355 MANU
2405 294 2465 353 S.
2503 291 3075 354 PRAiCURSOllIS.

3675 287 3784 352 6‘20

533 437 698 478 causa
775 427 1007 475 tentaret
1065 432 1188 472 cum
1250 418 1369 488 ipso
1422 425 1532 470 tota
1586 424 1742 469 nocte
1787 412 2107 468 venerandae
2135 411 2556 500 Adirigentem.
2603 409 2773 464 Porro
2837 416 3021 462 autem
3071 405 3274 476 aliquid
3324 418 3542 475 quoque
3585 403 3786 459 accidit

532 527 726 568 manus
775 511 1014 566 assidere
1085 509 1280 564 loculo.
1308 507 1600 575 Postquam
1635 515 1814 559 autem
1865 503 2108 573 petitioni

533 615 640 652 non
697 599 980 664 auuuitis,
1043 596 1128 652 cui
1164 597 1372 651 credita
1425 595 1603 650 fuerat
1631 595 1898 656 custodia,
1932 594 2108 659 inopi-

533 699 719 746 natum
774 692 902 761 quid
959 691 1224 761 cogitans,
1250 687 1314 741 ad
1339 689 1500 741 aliam
1538 686 2110 741 transitmachiuatio-

533 799 675 837 nent.
698 783 830 837 Cum
853 794 1166 849 sumptuosa
1185 790 1236 834 et
1258 781 1402 833 lauta
1434 794 1618 833 mensa
1655 795 1776 832 eum
1809 778 2114 831 exhilaras-

535 884 640 934 set,
691 882 742 923 et
769 875 940 926 amice
966 887 1088 924 eum
1125 871 1190 922 ad
1226 870 1512 922 bibendum
1548 868 1845 932 invitando,
1885 867 1951 921 ad
1989 881 2114 935 pro-

541 963 768 1015 fundum
809 973 860 1013 et
893 960 1049 1013 morti
1081 960 1310 1013 similem
1365 973 1618 1012 somnum
1667 959 2016 1021 deduxisset;
2059 964 2114 1010 et

537 1068 630 1118 per
660 1054 946 1119 quamdam
977 1053 1264 1103 l‘enestrant
1329 1047 1649 1115 intempesta
1729 1055 1891 1100 nocte
1943 1061 2002 1101 se
2057 1047 2110 1100 in

539 1143 794 1209 templum
821 1141 1146 1204 demisisset,
1182 1140 1384 1194 sensim
1405 1147 1459 1192 et
1497 1140 1615 1192 sine
1645 1139 1895 1205 strepitu,
1953 1151 2112 1192 sacro

538 1239 722 1299 aperto
750 1231 924 1283 loculo
953 1231 1008 1298 (ο
1035 1243 1146 1281 rem
1177 1235 1226 1280 et
1259 1225 1403 1278 factu
1439 1233 1493 1278 et
1541 1225 1724 1277 auditu
1759 1223 2113 1290 terribilem!)

539 1320 734 1388 accipit
791 1320 1102 1386 pretiosam,
1131 1332 1252 1386 quae
1275 1316 1704 1380 desiderabatur,
1750 1315 2025 1369 dexteram
2061 1323 2116 1368 et

539 1428 756 1466 summo
814 1413 1031 1465 silentio
1083 1425 1356 1471 reversus,
1416 1409 1702 1477 diligenter
1730 1408 1946 1476 quidem
1971 1407 2113 1476 apud

538 1517 598 1555 se
625 1511 823 1566 servat,
853 1503 992 1572 quod
1016 1500 1226 1556 furatus
1256 1500 1454 1562 fuerat,
1509 1516 1576 1553 ne
1601 1512 2019 1569 cOguosceretnr
2047 1498 2115 1551 ab

537 1594 722 1661 aliquo
749 1594 1126 1647 barbarorum.

611 1685 775 1738 XVII.
809 1684 945 1738 lliuc
970 1688 1243 1755 egreditur
1273 1689 1586 1748 Antiochia,
1621 1693 1676 1740 et
1715 1686 1816 1738 iter
1851 1685 1969 1738 iniit
2001 1699 2117 1736 ma-

2213 502 2335 554 aliis
2373 501 2546 569 magis
2579 498 2917 564 admirabile,
2944 507 2997 553 et
3023 500 3245 564 dignum
3273 511 3432 550 manu
3475 495 3787 550 veneranda
3819 507 3824 512 '

2213 591 2596 647 Praecursoris.
2645 593 2846 645 Aderat
2891 591 3038 644 enim
3090 589 3208 644 dies
3257 587 3435 643 festus
3467 596 3789 643 sanctorum

2213 682 2531 745 Lumiuum,
2570 683 2622 735 in
2658 696 2768 751 quo
2820 695 2946 736 vera
2975 681 3063 734 illa
3127 679 3264 742 Lux,
3287 677 3544 734 Iordanis
3584 677 3789 733 ﬂuenta

2213 773 2606 842 complectens,
2657 775 2908 826 humana:
2959 779 3167 825 natura:
3199 769 3583 824 contritionem
3614 767 3788 824 refor-

2215 867 2402 920 mavit.
2465 865 2530 919 Et
2580 866 2837 934 quoniam
2884 865 3227 934 praecedente
3275 862 3367 917 die
3394 861 3602 931 jejunio
3649 875 3793 931 prae.

2214 973 2532 1029 purgamur,
2591 958 2790 1011 accidit
2845 966 2902 1010 ut
2960 956 3014 1009 in
3050 955 3164 1025 ipsa
3191 953 3325 1008 hora
3371 953 3700 1022 vespertina,
3733 953 3791 1010 in

2213 1070 2320 1123 qua
2356 1069 2473 1107 mos
2520 1062 2606 1108 est
2629 1049 2958 1107 Christianis
2989 1064 3249 1119 peragere
3277 1047 3792 1110 sanctiticationem,

2215 1146 2397 1200 divina
2426 1160 2619 1198 manus
2651 1142 2930 1197 advenerit
2970 1157 2987 1196 :
3015 1155 3177 1211 quam
3203 1154 3328 1194 cum
3365 1136 3572 1192 Christi
3603 1152 3797 1192 aman—

2218 1237 2469 1292 tissimus
2531 1237 2846 1304 imperator,
2913 1243 3172 1302 tanquam
3219 1232 3446 1286 caeleste
3490 1230 3697 1284 donum
3738 1238 3810 1284 et'

2215 1331 2284 1383 ab
2319 1330 2535 1383 interitu
2566 1330 2804 1382 alienum
2828 1327 3180 1394 suscepisset,
3225 1335 3297 1377 er
3315 1322 3598 1391 amplexus
3625 1328 3794 1382 esset.

2216 1421 2592 1488 desideriique
2659 1430 2712 1470 et
2768 1417 2888 1472 tidei
2940 1417 3203 1485 lacrymas
3232 1413 3542 1478 effudisset,
3583 1414 3799 1482 reponit

2218 1512 2270 1566 in
2299 1514 2476 1564 medio
2525 1511 2846 1578 temphirum
2889 1508 3174 1572 regalium,
3207 1507 3344 1560 adeo
3369 1515 3428 1558 ut
3455 1519 3646 1558 omnes
3673 1519 3799 1560 cre-

2220 1606 2415 1658 derent
2467 1605 2617 1655 illum
2687 1603 2866 1670 ipsum
2916 1602 3109 1654 adesse
3166 1597 3488 1666 Baptistam,
3531 1597 3632 1650 etsi
3689 1599 3798 1650 sub

2218 1703 2496 1762 aspectum
2561 1709 2667 1746 non
2727 1693 2963 1750 caderet.
3025 1701 3079 1744 et
3136 1687 3446 1758 propositas
3504 1702 3798 1756 aquassua

545 1791 651 1844 εςηο
702 1784 846 1829 metu
883 1777 1135 1838 allectus,
1170 1794 1234 1832 ne
1263 1795 1348 1832 res
1379 1782 1526 1832 lieret
1551 1775 1832 1829 manifesta
1857 1774 2112 1836 inimicis,

2224 1784 2557 1839 sanetilicare
2627 1784 2867 1836 dextera.
2918 1778 3054 1833 Hinc
3110 1778 3448 1834 canebantur
3488 1776 3796 1847 hymnodiai

541 1869 608 1922 ad
663 1870 1068 1938 exsequendum
1123 1874 1458 1941 propositum
1515 1871 1699 1923 multis
1769 1884 1908 1936 smpe
1954 1877 2113 1920 utens

543 1959 814 2027 precibus.
871 1961 1075 2016 Locum
1108 1973 1290 2014 autem
1328 1963 1465 2025 loco,
1513 1971 1567 2014 ct
1591 1960 1861 2014 civitatem
1897 1959 2116 2011 civitate

541 2059 908 2115 commutatis,
974 2051 1266 2106 feStinabat
1309 2053 1372 2104 ad
1402 2054 1628 2106 exitum.
1677 2049 1923 2118 Cumque
1950 2049 2114 2102 lethi-

542 2139 688 2192 I'eras
735 2140 855 2192 illas
913 2141 1029 2194 vias
1073 2141 1150 2195 sic
1211 2141 1556 2208 pervasisset,
1605 2139 1850 2208 pervenit
1883 2139 1947 2190 ad
1978 2136 2114 2190 fines

543 2231 841 2296 Romanos,
873 2248 1126 2301 magnum
1150 2235 1364 2301 quidem
1396 2233 1545 2286 illum
1583 2241 1784 2286 metum
1810 2230 2113 2294 excutiens,

544 2321 802 2378 audacius
841 2333 1020 2377 autem
1062 2337 1112 2377 et
1141 2325 1499 2378 confidentius
1518 2322 1786 2379 festinans
1815 2321 1882 2374 ad
1911 2321 2113 2391 regiam

547 2417 848 2471 civitatem.
905 2416 1202 2484 Postquam
1267 2431 1394 2469 vero
1451 2416 1620 2468 Ildelis
1668 2416 1960 2481 imperator
1998 2411 2117 2480 ejus

544 2509 767 2563 rescivit
820 2508 1133 2573 adventum,
1164 2517 1217 2562 et
1258 2524 1314 2561 re
1336 2507 1638 2576 admirabili
1671 2506 1773 2559 fuit
1800 2505 2118 2574 obstupefa-

547 2609 689 2663 ctus,
739 2599 956 2654 Christo
983 2601 1201 2668 quidem
1237 2616 1341 2653 non
1373 2608 1580 2668 poterat
1617 2613 1774 2668 agere
1800 2597 2000 2666 gratias
2025 2610 2122 2664 pro

543 2693 828 2763 dignitate,
855 2703 1088 2762 utqnem
1118 2695 1445 2760 insperatum
1484 2691 1769 2760 impediret
1812 2688 2066 2758 gaudium
2105 2705 2119 2742 :

543 2799 640 2838 eos
673 2795 876 2848 autem,
907 2783 998 2852 qui
1046 2784 1148 2836 hoc
1175 2792 1421 2836 sanctum
1467 2797 1592 2835 cum
1634 2781 1870 2851 hymnis,
1912 2778 2125 2846 lampa-

545 2875 704 2929 dibus
738 2885 792 2928 ct
820 2875 1111 2944 unguentis
1137 2883 1326 2929 essent
1379 2873 1706 2943 suscepturi,
1737 2883 1790 2926 et
1837 2872 1901 2924 ad
1946 2871 2123 2940 ipsum

547 2965 790 3031 altaturi,
814 2967 994 3020 emisit
1027 2984 1042 3019 :
1069 2974 1126 3018 ut
1153 2970 1294 3019 sicut
1356 2966 1471 3035 ipse
1499 2980 1596 3018 vox
1629 2962 1917 3019 clamantis
1948 2963 2000 3015 iu
2027 2962 2126 3016 de-

549 3068 694 3110 serto
723 3073 913 3126 parare
943 3060 1056 3113 vias
1089 3056 1324 3123 Domini,
1368 3066 1421 3110 et
1448 3057 1670 3110 semitas
1697 3065 1870 3110 rectas
1926 3053 2121 3115 facere,

2218 1877 2465 1945 spiritus,
2491 1875 2638 1928 illata
2697 1872 2902 1927 Iumina
2939 1871 3199 1940 templqu
3236 1869 3636 1932 illuminabant,
3676 1883 3796 1922 om-

2219 1969 2369 2023 nium
2423 1966 2566 2021 oculi
2625 1965 2690 2020 ad
2752 1979 2964 2019 sacram
3015 1977 3234 2032 capsam
3297 1970 3456 2016 erant
3501 1959 3798 2028 aperti,et

2219 2066 2440 2126 aspectu
2474 2055 2797 2110 hanricbaut
2825 2052 3334 2108 sanctilicationem.

2293 2146 2434 2202 XIX.
2475 2146 2568 2202 Sic
2616 2147 2834 2217 quidem
2884 2160 3007 2198 cum
3033 2143 3230 2198 festum
3269 2151 3586 2197 sanctorum
3619 2139 3803 2196 Theo-

2222 2241 2575 2311 phaniormn,
2633 2246 2689 2292 et
2746 2237 2826 2291 sic
2884 2237 3048 2290 etiam
3071 2249 3329 2304 sequens,
3394 2232 3448 2287 in
3515 2248 3626 2303 quo
3653 2235 3800 2288 sacri

2220 2331 2585 2385 Prtecursoris
2617 2326 2878 2382 memoria
2907 2336 2990 2380 est
3007 2327 3170 2380 altius
3187 2325 3342 2378 nobis
3359 2324 3578 2387 tradita,
3600 2324 3803 2393 quippe

2220 2425 2312 2493 qui
2338 2424 2506 2476 divini
2552 2413 2890 2487 baptismatis
2919 2419 3176 2488 mysterio
3219 2415 3805 2485 iuservierit,peregis-

2221 2527 2407 2567 semus
2459 2521 2512 2566 et
2551 2509 3066 2571 celebrnvissemus,
3129 2505 3498 2575 jndieavimus
3553 2519 3650 2574 par
3677 2520 3805 2560 esse

2223 2620 2418 2660 manus
2443 2618 2662 2674 quoque
2690 2603 2958 2655 honorare
2981 2598 3375 2668 depositiouem
3407 2597 3561 2651 festis
3577 2599 3802 2662 annuis,

2225 2699 2328 2752 hac
2373 2711 2591 2767 quoque
2628 2701 3018 2748 connumerata
3067 2691 3188 2744 aliis
3244 2689 3363 2759 ejus
3392 2689 3567 2752 festis,
3607 2698 3668 2744 ut
3731 2703 3800 2745 ex

2226 2791 2390 2845 rebus
2442 2789 2587 2842 illius
2626 2786 2760 2840 nihil
2795 2786 2865 2840 sit
2893 2798 3001 2838 non
3033 2782 3330 2851 gloriosum
3369 2790 3424 2836 et
3457 2781 3803 2836 admirabile.

2223 2879 2292 2934 Et
2345 2894 2492 2933 nunc
2518 2893 2644 2932 ecce
2689 2877 2847 2932 adest
2875 2877 2976 2930 hoc
3025 2875 3221 2928 festum
3252 2876 3454 2927 clarum
3501 2882 3556 2928 et
3591 2874 3806 2944 insigne

2226 2981 2353 3042 post
2401 2970 2726 3026 circularem
2782 2969 2910 3022 anni
2974 2967 3260 3030 ambitum,
3311 2965 3585 3020 distillans
3647 2967 3806 3020 nobis

2230 3065 2430 3118 imbres
2482 3062 2896 3125 miraculorum,
2947 3068 3001 3113 et
3027 3074 3089 3114 ea
3121 3057 3374 3121 aﬂ‘erens,
3410 3073 3531 3127 qua:
3569 3067 3698 3112 sunt
3721 3056 3805 3111 fu-

548 3153 738 3216 jussus
793 3159 949 3215 erat;
1010 3149 1080 3203 ita
1109 3150 1267 3204 etiam
1297 3149 1394 3216 ipsi
1423 3148 1790 3202 Christianam
1812 3145 2120 3213 ingredienti

2234 3166 2352 3211 tura
2410 3154 2607 3210 animis
2653 3153 2859 3207 nostris
2915 3150 3300 3206 conducibilia.
3338 3148 3436 3202 Est
3477 3163 3607 3218 ergo
3647 3149 3806 3203 nobis

549 3243 850 3305 civitatem,
897 3252 951 3296 et
983 3257 1014 3295 a
1074 3257 1180 3311 qua
1211 3242 1329 3311 ejus
1359 3241 1525 3310 gratia
1569 3256 1674 3293 non
1707 3242 1864 3308 longe
1917 3240 2125 3300 aberat,

553 3343 875 3401 pararentur
918 3334 1126 3388 honesti
1168 3344 1221 3388 et
1260 3334 1443 3388 decori
1495 3334 1796 3402 ingressus.
1839 3332 1974 3385 Cum
2000 3345 2130 3399 ergo

553 3425 1015 3494 appropinquaret
1053 3422 1472 3486 Chalcedonem,
1504 3423 1656 3476 navis
1689 3422 1907 3491 quidem
1933 3421 2132 3475 emissa

555 3525 639 3567 est
685 3516 1056 3584 imperatoria,
1108 3525 1162 3570 et
1205 3514 1447 3585 pontifex
1482 3529 1604 3568 cum
1644 3512 2037 3576 sacerdotibus,
2078 3521 2132 3566 et

554 3607 870 3674 quicunque
898 3622 960 3660 ex
995 3615 1188 3660 senatu
1223 3616 1381 3660 erant
1430 3606 1561 3660 clari
1583 3615 1636 3658 ct
1685 3605 1922 3658 illustres
1946 3605 2129 3669 simul,

556 3702 615 3744 ut
665 3708 882 3746 sacrum
938 3694 1088 3748 illum
1155 3695 1469 3750 thesaurum
1527 3695 1786 3749 inferrent
1819 3693 1872 3748 in
1904 3693 2131 3763 regiam,

555 3800 679 3838 cum
747 3786 944 3856 quibus
1014 3787 1252 3840 ﬁdelium
1350 3801 1567 3856 quoque
1649 3785 1936 3840 multitudo
1999 3786 2134 3838 urbe

543 3891 794 3945 egressa,
846 3880 981 3933 mari
1039 3880 1088 3934 ei
1151 3879 1470 3949 navigarunt
1522 3880 1759 3945 obviam,
1789 3888 1848 3933 ut
1891 3893 2017 3934 eum
2039 3879 2136 3933 de-

555 3967 840 4025 ducerent.

635 4060 824 4116 XVIII.
855 4061 1146 4132 Postquam
1179 4073 1360 4118 autem
1414 4063 1817 4133 fuitsusceptus
1849 4064 1904 4116 in
1937 4077 2135 4117 manus

561 4154 854 4223 pontificis,
885 4163 939 4208 et
965 4156 1083 4223 ejus
1109 4155 1381 4210 ferebatur
1408 4156 1573 4218 ulnis,
1601 4164 1653 4210 et
1686 4157 1737 4208 in
1767 4171 1915 4209 mare
1945 4171 2136 4211 ascen-

561 4246 675 4312 dit,
731 4245 925 4300 licebat
969 4249 1152 4302 videre
1191 4247 1365 4315 ipsam
1425 4261 1643 4316 quoque
1695 4262 1849 4316 aqua:
1887 4257 2135 4301 naturam

560 4340 826 4408 placidam
890 4350 944 4393 et
997 4341 1380 4409 tranquillam,
1418 4341 1671 4394 mollibus
1728 4340 1984 4394 fluctibus
2013 4351 2138 4394 ante

560 4447 752 4486 navem
785 4432 1142 4500 cxsilicutcm,
1170 4441 1222 4488 ct
1260 4434 1325 4488 ad
1364 4433 1715 4502 iitqicratores
1744 4433 1862 4502 ejus
1911 4447 2136 4488 cursum

2233 3247 2508 3316 proposita
2562 3244 2712 3298 omni
2768 3259 2837 3297 ex
2887 3250 3042 3312 parte
3117 3241 3352 3309 gloriosa
3391 3250 3445 3294 et
3496 3239 3806 3293 veneranda

2235 3353 2428 3391 manus
2482 3336 2735 3405 Baptista:
2783 3344 2838 3389 et
2885 3335 3266 3395 I’razcursoris,
3327 3332 3659 3400 incorpore-is
3693 3331 3804 3385 cir—

2233 3431 2484 3484 eunidata
2543 3429 2858 3489 virtutibus,
2916 3441 3038 3496 quae
3091 3426 3432 3480 admirantur
3471 3425 3643 3481 sancti
3677 3422 3804 3492 Spi-

2235 3524 2372 3576 ritus
2421 3522 2677 3574 virtutem
2735 3533 2858 3588 qua:
2888 3519 2941 3571 in
2988 3533 3050 3571 ea
3077 3517 3309 3571 habitat.
3345 3517 3630 3580 Quodnam
3683 3531 3812 3583 ergo

2233 3621 2318 3666 est
2351 3613 2454 3666 hoc
2511 3608 2772 3678 templum
2823 3609 2982 3662 hodie
3009 3603 3325 3676 pulchrius?
3362 3604 3625 3668 Quaenam
3665 3603 3814 3657 aedes

2235 3703 2418 3756 divina
2480 3701 2840 3754 venerabilior
2890 3709 2944 3752 et
2986 3695 3418 3764 magniﬁcentior
3463 3694 3586 3750 hac.
3624 3693 3810 3760 inqua

2236 3795 2326 3848 hic
2371 3807 2530 3846 sacer
2554 3801 2610 3846 et
2634 3791 2854 3846 divinus
2902 3789 3196 3844 thesaurus
3242 3786 3527 3856 repositus,
3558 3784 3813 3836 innume-

2237 3884 2494 3938 rabilium
2550 3884 2818 3937 luminum
2882 3881 3172 3950 splendore
3193 3894 3318 3933 cum
3342 3877 3656 3942 ccclestibus
3679 3888 3814 3928 con-

2236 3976 2409 4030 tendit
2438 3973 2808 4044 spi-ctaculis?
2836 3971 2948 4027 Sub
2965 3973 3168 4042 quibus
3184 3987 3306 4040 quae
3329 3983 3566 4039 superne
3587 3969 3815 4022 descen-

2235 4068 2370 4122 dunt
2397 4068 2584 4137 gratia:
2606 4067 2780 4123 sancti
2814 4065 3069 4134 Spiritus,
3104 4063 3494 4132 dispensantur
3527 4076 3624 4127 pro
3650 4059 3814 4112 modo

2238 4157 2666 4224 uniuscujusque
2717 4154 2862 4218 Iidei,
2910 4169 3121 4217 eorum,
3181 4151 3275 4221 qui
3327 4152 3550 4204 laudant
3595 4158 3650 4202 et
3672 4148 3817 4202 cele-

2239 4251 2418 4314 brant,
2481 4249 2768 4302 animabus
2802 4265 2814 4301 :
2843 4247 2894 4300 in
2920 4248 3138 4301 Christo
3182 4245 3309 4300 Jesu
3344 4245 3573 4316 Domino
3600 4252 3812 4302 nostro,

2237 4343 2326 4396 cui
2399 4342 2566 4411 gloria
2634 4350 2688 4395 et
2770 4342 3009 4410 potentia
3069 4341 3124 4392 in
3170 4338 3403 4407 Isaecula
3463 4333 3808 4390 sat-culorum.

2240 4434 2431 4488 Amen.
