4086 6392
2975 263 3024 270 ηρ

1712 442 1883 488 ANNO
1918 441 2141 487 D0)!!!"
2188 440 2309 484 CIL

396 650 1584 837 NICEPHOBI
1764 610 3137 820 PRESBYTER]
3293 634 3627 811 GP.

1158 968 1526 1086 VlTA
1605 963 1728 1077 S.
1824 955 2447 1076 ANDREIE
2529 952 2887 1071 SALI.

2004 1208 2078 1227 ’-

634 1361 1592 1460 COMMENTARIUS
1678 1357 2238 1449 PRJEVIUS
2307 1350 2666 1446 CONR.
2739 1336 3410 1439 JANNINCHI

1930 1548 1995 1607 S.

2048 1548 2102 1606 Ι.

1468 1716 1609 1778 (Acta
1633 1713 1721 1762 SS.
1760 1707 2007 1769 Bolland.,
2044 1707 2153 1759 Maii
2188 1711 2269 1758 die
2302 1708 2381 1769 28,
2408 1719 2441 1757 ι.
2475 1704 2581 1763 VH

2018 1888 2081 1899 u-

413 2032 489 2089 υτ
514 2032 574 2087 3.
617 2032 839 2085 Δηώ-σιτ
888 2026 1274 2099 Ῑαηιὶιίατῶιιε,
1332 2022 1858 2099 ιςρξρΙιαηίοηροειτα
1912 2014 2244 2099 palriarrhn.
2278 2026 2333 2099 θ’(
2386 2013 2702 2096 Nicephuro,
2757 2018 3009 2084 scriptore
3053 2017 3330 2079 Actorum,
3374 2019 3662 2088 [torumque

1560 2086 1722 2162 style,
1752 2100 1800 2142 et
1835 2100 1989 2142 etate
2027 2104 2088 2139 ac
2115 2087 2256 2139 cultu
2293 2086 2499 2140 Sancti.

494 2261 548 2314 l.
582 2256 861 2325 Sapientis
884 2257 1127 2322 proferto
1154 2249 1397 2304 stultitiae
1419 2257 1657 2302 actorem
1685 2244 1738 2299 in
1771 2259 1987 2300 scenam
2020 2253 2066 2303 Α
2095 2253 2207 2294 tum
2234 2239 2649 2305 fuerit,diﬂicile
2670 2251 2753 2295 est
2782 2240 3062 2295 divinare:
3092 2256 3160 2295 eo
3176 2243 3316 2310 quod
3338 2246 3661 2308 monachus,

414 2349 769 2421 producimus
828 2356 1077 2401 sanctum
1132 2342 1431 2401 Andream,
1494 2340 1579 2393 cui
1635 2338 1703 2391 ah
1732 2352 1793 2391 ea
1824 2352 1986 2405 quam

412 2441 521 2508 egit
567 2451 823 2508 persona,
884 2432 1208 2500 vivendique
1266 2430 1404 2484 inter
1448 2426 1695 2482 homines
1759 2425 1987 2489 ratione,

414 2531 642 2587 adhaesit
673 2534 1093 2597 cognomentum
1116 2521 1273 2577 Salus
1297 2538 1393 2578 seu
1426 2518 1655 2575 Stultus.
1693 2516 1988 2570 Theatrum

419 2622 611 2676 habuit
639 2620 1037 2689 amplissimum
1089 2611 1617 2679 Constantinopolim
1661 2610 1992 2668 universam,

416 2714 784 2782 spectaculum
816 2710 987 2764 iactus
1017 2708 1148 2771 Deo,
1183 2705 1388 2775 angelis
1420 2711 1475 2756 et
1512 2700 1847 2761 hominibus,
1898 2699 1992 2753 sed

418 2806 524 2859 alio
550 2815 710 2873 atque
739 2804 846 2856 alio
901 2800 1063 2855 modo
1100 2816 1113 2853 :
1148 2796 1258 2849 Deo
1307 2794 1526 2863 quidem
1569 2800 1624 2845 et
1670 2789 1875 2858 angelis
1909 2803 1996 2841 sa-

421 2893 775 2965 pientissimi,
808 2891 1121 2946 hominibus
1166 2903 1296 2941 vero
1333 2883 1666 2939 stolidissimi
1706 2895 1994 2951 personam

421 2987 695 3043 sustinere
724 2986 897 3041 visus.
930 2978 1119 3053 Neque
1149 2992 1325 3035 tamen
1359 2978 1616 3032 omnibus
1640 2975 1863 3031 omnino
1893 2973 2035 3037 ho-,

423 3077 664 3132 minibus
691 3078 761 3131 ita
789 3076 939 3130 visus
964 3083 1048 3128 est
1073 3090 1087 3127 :
1110 3073 1258 3127 fuere
1278 3085 1421 3125 unus
1463 3078 1517 3121 et
1543 3067 1678 3121 alter
1708 3064 1997 3135 praecipue,
2028 3114 2037 3117 -

424 3170 623 3237 quibus
652 3169 964 3222 institutum
999 3166 1174 3236 ipsius
1237 3164 1553 3216 innotuerat
1579 3175 1595 3225 ;
1625 3156 1875 3211 videlicet
1913 3154 2003 3208 ille

426 3263 563 3332 ipse,
593 3261 683 3330 qui
723 3258 899 3314 Vitam
960 3255 1286 3324 conscripsit
1326 3249 1684 3319 Nicephorus,
1750 3244 2005 3300 Ecclesia:

429 3352 732 3422 S.Sophia:
774 3351 1095 3420 presbyter;
1144 3355 1197 3400 et
1229 3342 1424 3397 nobilis
1485 3337 1702 3410 juvenis
1764 3335 2002 3405 Epipha-

428 3446 575 3506 nius,
606 3454 790 3513 postea
822 3441 1145 3502 monachus,
1170 3437 1495 3503 ἀλλαγέντος
1513 3431 1606 3484 καὶ
1630 3428 1723 3482 τοῦ
1741 3429 2007 3498 ὀνόματος

430 3538 489 3589 ὲν
510 3536 774 3605 σχήματι,
800 3533 1080 3588 utdicitur
1113 3546 1264 3585 num.
1303 3528 1396 3589 ΞΔ,
1431 3532 1639 3579 mutato
1688 3536 1809 3576 cum
1856 3527 2007 3573 veste

432 3629 672 3693 nomine,
693 3636 746 3680 et
772 3642 839 3678 ex
879 3623 1147 3678 monacho
1186 3617 1494 3690 patriarcha
1548 3611 2007 3677 Constantinopo-

431 3720 635 3774 litanus
666 3735 680 3782 ;
724 3730 954 3787 uterque
984 3716 1212 3768 Andreae
1242 3722 1392 3765 arcto
1439 3702 1854 3762 necessitudinis
1885 3700 2004 3753 via-

431 3814 557 3870 culo
607 3811 957 3879 coniunctus.
1028 3805 1092 3857 Et
1153 3801 1490 3870 Nicephorus
1543 3796 1764 3866 quidem
1821 3801 2009 3845 auctor

435 3905 536 3956 fuit
562 3902 789 3956 Andreae
824 3892 1125 3951 istiusmodi
1164 3893 1289 3945 vitae
1323 3889 1585 3942 rationem
1626 3882 2006 3953 amplectendi,

434 3998 660 4062 ejusque
686 3993 739 4045 in
780 3989 1035 4043 omnibus
1068 3983 1416 4041 consiliarius
1449 3989 1504 4033 et
1552 3978 1888 4039 moderator;
1917 3973 2009 4041 qui

437 4084 665 4153 proinde
694 4092 1019 4134 arcanorum
1045 4073 1319 4135 conscius,
1370 4069 1445 4122 nil
1481 4068 1679 4120 mirum
1729 4073 1834 4128 est,
1866 4064 2010 4133 quod

436 4191 549 4232 tam
584 4173 860 4228 mirabiles
903 4168 1025 4237 ejus
1053 4166 1293 4220 visiones
1322 4169 1376 4215 et
1412 4167 1658 4214 exstases
1683 4156 1886 4210 rescire
1910 4170 2011 4223 po-

439 4270 603 4324 tuerit
638 4281 703 4319 ac
762 4261 959 4316 litteris
990 4257 1273 4312 mandare.
1309 4250 1648 4323 Epiphanius
1694 4262 1844 4311 vero,
1878 4246 2013 4300 ado-

442 4362 650 4413 lescens
687 4354 978 4426 praeclarus
1011 4350 1063 4404 in
1096 4348 1309 4418 primis,
1340 4342 1585 4398 notitiam
1614 4340 1843 4395 Andreae
1876 4337 2015 4391 divi-

444 4452 588 4504 nitus
639 4455 944 4508 assecutus,
999 4440 1175 4510 primo
1227 4437 1412 4491 statim
1462 4445 1758 4501 congressu
1792 4445 1859 4484 ex
1895 4428 2015 4497 ipso

442 4540 659 4603 didicit,
698 4535 1013 4592 cathedram
1055 4531 1159 4586 sibi
1189 4522 1850 4592 Constantiuopolitanam
1898 4534 2018 4573 ma-

444 4650 604 4699 nere;
641 4633 695 4685 in
720 4644 896 4698 eaque
927 4623 1195 4681 sententia
1224 4620 1418 4675 deinde
1440 4634 1470 4671 a
1508 4617 1775 4671 morituro
1824 4626 2019 4682 prope-

444 4730 585 4782 diem
639 4726 997 4778 contirmatus
1051 4725 1154 4771 est.
1186 4712 1290 4779 Qui
1320 4721 1374 4765 et
1401 4718 1576 4763 totum
1622 4705 1799 4760 eidem
1825 4705 2021 4757 animae

448 4837 560 4875 sua:
613 4828 812 4872 statum
876 4814 1155 4880 detegens,
1213 4805 1266 4858 in
1315 4802 1494 4857 dubiis
1549 4794 2021 4859 consiliarium,in

2094 2332 2169 2386 uti
2220 2333 2424 2387 dictum
2453 2341 2558 2393 est,
2591 2331 2791 2397 factus,
2827 2332 3054 2386 dimisso
3105 2332 3391 2404 Epiphanii
3423 2340 3665 2402 nomine.

2093 2427 2451 2493 assumpserit
2503 2423 2668 2487 aliud,
2722 2425 2875 2491 juxta
2961 2425 3134 2477 sancti
3224 2428 3664 2495 praedictionem;

2093 2518 2252 2585 quale
2280 2526 2459 2570 autem
2500 2515 2859 2583 assumpserit
2893 2530 3163 2584 nusquam
3194 2517 3283 2571 hic
3306 2523 3665 2588 exprimatur.

2098 2605 2383 2678 Videamus
2430 2618 2632 2674 tamen,
2690 2622 2818 2661 num
2848 2621 2955 2675 qua
2987 2606 3072 2661 via
3127 2609 3401 2676 possimus
3434 2624 3501 2664 eo
3541 2626 3669 2681 per-

2098 2698 2325 2768 tingere,
2385 2702 2559 2767 ipsum
2612 2714 2720 2767 quo
2772 2698 3020 2751 Andreas
3078 2697 3213 2752 vixit
3271 2709 3484 2770 tempus
3518 2702 3672 2756 inda-

2102 2790 2298 2859 gando.
2348 2791 2551 2845 Dicitur
2583 2791 2672 2846 hic
2719 2807 2749 2844 a
2780 2789 3128 2877 'yteognosto
3165 2790 3427 2859 quodam,
3479 2792 3673 2846 Orieno

2103 2880 2224 2933 talis
2270 2881 2474 2934 militiae
2524 2880 2684 2944 duce,
2750 2881 2803 2934 in
2843 2881 3158 2934 servitutem
3208 2891 3426 2949 emptus
3455 2896 3668 2946 servus,

2104 2989 2123 3021 ς
2164 2970 2447 3037 imperium
2492 2974 2805 3024 moderante
2855 2969 3054 3024 Christi
3091 2971 3469 3033 amantissimo
3497 2971 3674 3040 impe-

2102 3072 2281 3115 ratore
2325 3060 2525 3135 Leone,
2580 3070 2634 3114 et
2666 3060 2884 3115 additur
2928 3060 3022 3114 τοῦ
3080 3062 3356 3130 Μεγάλου,
3397 3070 3458 3115 ut
3498 3062 3672 3131 prima

2105 3154 2283 3210 fronte
2343 3154 2512 3209 videri
2562 3154 2735 3224 possit
2782 3154 2899 3224 ejus
2930 3156 3170 3211 nominis
3199 3158 3429 3225 primus,
3491 3158 3676 3226 appel-

2106 3248 2269 3311 latus,
2304 3246 2505 3314 passim
2530 3261 2561 3299 a
2607 3246 2990 3314 scriptoribus,
3018 3244 3267 3316 Magnus,
3299 3245 3395 3314 qui
3428 3246 3676 3316 regnarit

2107 3340 2176 3393 ab
2198 3353 2341 3392 anno
2392 3337 2499 3392 457
2561 3338 2627 3392 ad
2660 3333 2727 3391 74
2760 3353 2774 3389 :
2818 3338 2978 3392 annis
2998 3346 3178 3391 autem
3213 3336 3282 3391 45
3307 3345 3427 3406 post
3476 3335 3676 3391 Leonis

2109 3431 2269 3485 istius
2335 3430 2569 3493 obitum,
2617 3428 2798 3483 lactus
2827 3441 2912 3482 est
2966 3429 3273 3497 patriarcha
3301 3438 3525 3483 sanctus
3546 3427 3679 3497 Epi-

2109 3523 2366 3592 phanius,
2396 3522 2469 3575 9.5
2522 3522 2753 3591 Augusti
2814 3521 3157 3584 recolendas,
3200 3519 3471 3579 etsedem
3502 3520 3677 3572 tenuit

2110 3615 2269 3668 annis
2299 3614 2386 3669 l6.
2424 3613 2612 3681 itaque
2641 3614 2755 3667 haec
2806 3627 2912 3666 non
2945 3611 3083 3665 male
3107 3611 3399 3667 convenire
3424 3609 3680 3677 judicans

2110 3704 2342 3772 scriptor
2390 3704 2639 3767 alterius,
2690 3717 2813 3756 cum
2844 3717 2953 3770 quo
2985 3699 3163 3753 Vitam
3209 3699 3562 3759 contulimus.
3593 3715 3682 3752 eo-

2110 3798 2267 3859 dicis,
2336 3795 2477 3848 inter
2534 3795 2638 3847 alia
2678 3809 2799 3862 quae
2847 3791 3212 3845 abhreviaudo
3258 3790 3465 3854 omisit,
3516 3791 3680 3844 etiam

2111 3887 2179 3939 de
2208 3886 2505 3939 mutatione
2524 3884 2759 3937 nominis
2786 3882 2976 3937 tacuit.
3008 3880 3115 3935 Sed
3154 3890 3511 3950 praeterquam
3536 3882 3685 3949 quod

2116 3978 2250 4030 Vitae
2270 3986 2459 4029 auctor
2517 3975 2853 4043 Nicephorus
2876 3988 2942 4027 eo
2973 3982 3156 4027 utatur
3199 3973 3362 4042 stylo,
3403 3974 3496 4040 qui
3525 3972 3687 4042 longe

2114 4068 2469 4140 posteriorem
2499 4075 2712 4121 atatem
2747 4066 2954 4134 sapiat;
3008 4064 3210 4118 dicitur
3236 4064 3502 4128 Andreas,
3529 4078 3684 4115 nntn.

2116 4160 2206 4222 15,
2240 4158 2478 4214 illusisse
2527 4158 2754 4221 mundo,
2805 4175 2824 4208 ε
2893 4154 3352 4225 quemadmodum
3408 4155 3499 4209 ille
3556 4154 3687 4208 olim

2116 4250 2459 4306 admirabilis
2528 4250 2800 4321 Symeon,
2861 4267 2881 4300 ι
2926 4249 3115 4318 utique
3163 4257 3218 4303 et
3262 4250 3377 4317 ipse
3404 4266 3424 4299 α
3468 4257 3691 4315 propter

2094 4342 2394 4397 'Christum
2429 4341 2580 4397 stulti
2614 4342 2833 4410 sapiens
2858 4341 3123 4414 imitator,
3151 4358 3171 4391 ι
3204 4343 3298 4409 qui
3321 4340 3562 4395 colitur!
3591 4328 3696 4392 ιιιιέ

2120 4436 2228 4489 lii:
2264 4434 2354 4488 hic
2396 4443 2577 4489 autem
2636 4434 2925 4488 stultitiam
2993 4433 3255 4487 simulare
3309 4432 3474 4501 coepit
3517 4430 3694 4498 imped-

2124 4535 2276 4581 rante
2312 4525 2605 4582 Mauritio:
2639 4525 2798 4580 annis
2839 4536 2900 4579 ut
2953 4525 3238 4579 minimum
3304 4514 3695 4592 quinquaginta

2124 4626 2247 4687 post
2278 4616 2560 4687 Epiphanii
2592 4617 2914 4685 patriarchae
2954 4624 3206 4670 mortem.

2196 4711 2250 4763 '5.
2311 4708 2649 4774 Quan'endus
2703 4723 2834 4778 ergo
2866 4707 3027 4762 nobis
3070 4715 3153 4760 est
3176 4705 3317 4759 alius
3342 4703 3483 4767 Leo,
3526 4702 3699 4755 idem-

2128 4815 2236 4871 quo
2288 4799 2715 4853 Amantissimus
2737 4798 2966 4861 Christi,
2999 4806 3166 4865 atque
3210 4794 3281 4850 ob
3322 4809 3409 4848 res
3438 4794 3700 4863 pmclara

451 4910 710 4982 periculis
741 4906 1044 4974 atljulorem
1081 4898 1291 4952 habuit.
1319 4890 1623 4960 Colloquia,
1650 4889 1790 4942 inter
1812 4896 2010 4941 utrum

2113 4895 2314 4961 'gestas
2371 4890 2599 4959 Magnus
2649 4888 3024 4958 coguominari
3076 4887 3296 4956 dignus.
3324 4883 3474 4939 Talis
3515 4896 3698 4937 autem

453 4976 559 5069 que
601 5002 804 5059 habita,
843 4998 1141 5048 occurrunt
1169 4988 1484 5055 frequenter
1522 4980 1814 5035 admodum
1844 4994 1861 5042 ;
1894 4976 2027 5028 alia-

451 5108 555 5163 que
578 5089 795 5143 eximia:
823 5084 1041 5139 virtutis
1074 5081 1344 5148 exempla,
1377 5075 1443 5129 ad
1476 5069 1836 5141 Epiphaniam
1890 5081 2029 5136 prae-

451 5159 607 5254 cipue
629 5182 957 5252 spectantia,
996 5177 1250 5244 leguntur
1282 5180 1391 5223 tam
1418 5166 1611 5227 multa,
1646 5172 1725 5224 ut,
1771 5161 1818 5215 si
1854 5159 2024 5214 ascri-

452 5288 575 5345 ptus
606 5274 810 5331 sanctis
856 5274 1016 5334 foret,
1045 5276 1100 5320 et
1143 5273 1290 5319 certo
1317 5267 1592 5315 constaret
1651 5271 1761 5323 quo
1803 5254 2025 5309 nomine

460 5372 632 5424 dictus
658 5363 971 5438 patriarcha
1004 5358 1187 5424 fuerit,
1228 5368 1336 5408 non
1361 5349 1573 5405 modica
1594 5347 1739 5402 illius
1766 5347 1874 5400 vita
1900 5345 2028 5399 inde

461 5461 634 5528 tolligi
662 5467 867 5529 posset.

528 5553 582 5612 2.
649 5552 840 5609 Verum
884 5546 1107 5619 quando
1142 5544 1189 5599 is
1227 5545 1540 5607 assumptus
1577 5551 1642 5590 au
1689 5530 2029 5605 patriarcha-

1940 5745 2089 5776 ,αηλ

2132 4986 2290 5039 istius
2324 4984 2562 5037 nominis
2607 4981 2788 5036 nullus
2822 4979 2923 5034 luit
2952 4991 3076 5034 ante
3107 4993 3256 5045 eum,
3286 4992 3447 5049 quem
3479 4976 3571 5030 alii
3600 4976 3704 5029 Sa-

2138 5076 2400 5152 pientem,
2423 5074 2517 5128 alii
2539 5072 2928 5141 Philosophum
2969 5070 3243 5140 appellare
3288 5071 3487 5132 solent,
3519 5067 3703 5122 Basilii

2142 5166 2456 5222 Macedonis
2506 5166 2698 5220 lilium.
2752 5164 2886 5217 Nam
2945 5161 3054 5216 Leo
3102 5160 3415 5226 Isauricus,
3479 5161 3708 5227 ejusque

2134 5274 2303 5328 nepos
2327 5258 2660 5329 Copronymi
2700 5257 2841 5312 tilios
2873 5256 3015 5317 Leo,
3044 5253 3329 5309 Cbazarus
3386 5268 3416 5305 a
3465 5261 3709 5307 materno

2132 5366 2332 5422 genere
2388 5353 2589 5415 dictus,
2636 5363 2701 5402 ac
2756 5350 2993 5418 denique
3021 5348 3130 5401 Leo
3185 5347 3478 5407 Armenes,
3521 5343 3711 5398 lcono-

2134 5444 2316 5498 machi
2373 5456 2587 5506 omnes,
2654 5454 2765 5495 non
2818 5450 3097 5494 merentur
3142 5436 3232 5490 hic
3266 5437 3708 5488 commemorari.

2155 5532 2419 5604 Regnatit
2448 5540 2630 5585 autem
2665 5529 2775 5585 Leo
2807 5529 3170 5596 Philosophus
3197 5526 3266 5578 ab
3300 5538 3444 5577 anno
3488 5522 3595 5577 886
3643 5526 3712 5579 ad
