4086 6390
391 272 528 335 (62³

1482 255 1769 319 NICEPH
1780 252 1913 317 0R1
1956 251 2428 317 PRESBYTERI
2466 250 2575 314 (ΣΡ.

3566 240 3690 308 ομ

418 391 549 445 9H.
608 386 812 442 Demus
864 382 1029 452 igitur
1087 390 1273 437 natum
1335 376 1605 432 Andream
1657 376 1759 431 sub
1805 389 2005 429 annum
2037 372 2293 443 Aplures
2359 372 2411 425 in
2446 366 2778 424 monasterio
2830 378 3000 421 annos
3048 364 3347 431 traductos,
3381 361 3580 420 factum
3607 367 3693 416 vi-

418 482 548 544 880,
575 488 817 547 emptum
850 477 901 530 in
926 473 1245 531 servitutem
1282 469 1453 525 fuisse
1484 485 1574 523 an.
1607 469 1825 523 circiter
1871 466 1999 532 898,

420 574 656 644 cmpisse
691 570 974 626 stultitiam
1004 566 1263 620 simulare
1297 578 1441 616 anno
1471 562 1583 617 fere
1634 560 1762 624 9IO,
1812 560 2007 614 amici-

421 667 553 720 tiam
581 674 763 718 autem
788 661 1010 715 inivisse
1040 673 1162 712 cum
1202 655 1505 724 Epiphanio
1537 668 1709 707 annos
1766 652 1998 706 necdum

429 754 623 825 viginti
665 762 795 806 nato
830 751 933 804 sub
976 762 1177 800 annum
1212 742 1352 806 930;
1399 740 1597 795 obierit
1622 741 1756 807 ipse,
1787 748 2003 791 sextum

424 860 593 915 supra
626 841 1025 911 sexagesimum
1057 836 1233 890 aetatis
1279 848 1480 886 annum
1509 846 1696 900 agens,
1723 844 1812 882 an.
1847 826 2006 879 Chri-

420 940 491 992 sti
519 938 737 992 circiter
756 935 880 998 946,
900 932 1080 986 sedem
1107 924 1767 993 Conslantinopolitanam
1790 929 2006 973 tenente

420 1028 854 1097 'lllieOphylacto,
916 1021 1147 1075 Romani
1211 1018 1561 1087 imperatoris
1596 1015 1741 1074 filio;
1783 1013 1868 1064 cui
1901 1010 2005 1062 sub

418 1138 511 1177 an.
551 1119 657 1174 962
698 1120 808 1169 vita
847 1114 1055 1175 functo,
1120 1109 1449 1163 successerit
1508 1106 1597 1158 hic
1637 1112 1823 1157 noster
1877 1098 2005 1169 Epi-

417 1212 669 1285 phanius,
702 1221 864 1268 novo,
905 1218 1066 1272 quem
1108 1217 1231 1255 cum
1270 1199 1455 1252 habitu
1492 1201 1866 1260 assumpserat
1896 1208 1999 1245 no-

418 1283 585 1365 mine,
610 1301 791 1353 dictus
828 1294 1159 1363 Polyeuctus
1192 1308 1205 1345 :
1239 1291 1305 1344 de
1344 1302 1453 1357 quo
1484 1286 1716 1341 Cedreni
1756 1283 2005 1353 Epitome

424 1396 508 1450 sic
542 1395 747 1446 habet:
784 1406 805 1440 ι
867 1386 1153 1443 Εκειὶηςω
1206 1380 1685 1449 TheOphylacto...
1741 1376 2005 1431 sulIicitur

414 1487 739 1557 Polyeucttts
781 1480 1106 1542 monachus,
1151 1470 1818 1540 Constantinopolitanus,
1880 1466 2003 1518 lon-

413 1593 595 1650 goque
619 1587 862 1644 tempore
889 1571 1191 1626 monastica
1212 1567 1317 1621 vita
1332 1581 1454 1619 cum
1489 1563 1650 1616 laude
1674 1562 1936 1614 functus:
1978 1575 1996 1608 ι

412 1674 543 1727 llaec
569 1671 753 1724 omnia
780 1674 971 1721 nostro
989 1672 1115 1716 ante
1137 1659 1520 1712 tuonachatum
1552 1651 1851 1722 Epiphanio
1869 1662 2004 1718 qua-

2113 466 2254 519 derit
2293 461 2680 534 patriarcham.
2747 457 3088 529 QuaprOpter
3150 472 3341 514 vereor
3378 472 3466 523 ne,
3498 466 3557 512 ut
3585 458 3692 511 alia

2108 556 2378 623 quaedam,
2416 555 2499 607 sic
2558 552 2721 607 etiam
2782 550 2935 606 locus
2976 549 3096 613 iste,
3126 549 3221 619 qui
3259 549 3476 603 videtur
3498 548 3691 603 memi-

2111 647 2260 702 nisse
2292 647 2588 716 prophetia:
2613 645 2866 715 impleue,
2899 643 2967 699 sit
2994 642 3375 711 interpolatae.
3399 641 3471 698 Ut
3509 652 3692 695 autem

2114 742 2218 793 hoc
2269 754 2484 803 verear,
2536 736 2665 790 facit
2715 737 2932 805 primo,
2990 735 3137 803 quod
3193 734 3336 788 nulla
3374 734 3586 787 ratione
3621 732 3697 788 sit

2113 829 2447 892 verosimile,
2476 829 2697 882 dilatam
2733 828 2902 882 fuisse
2936 839 3043 881 tam
3098 827 3367 881 mirabilis
3415 828 3537 880 vita:
3558 828 3696 881 scri-

2066 904 2075 917 ’
2111 927 2354 993 ptioncm
2412 924 2571 977 annis
2629 932 2735 975 tam
2801 922 3008 985 multis,
3045 930 3099 974 ct
3152 936 3258 974 non
3286 920 3468 989 pmius
3500 936 3694 973 exara-

2112 1027 2221 1069 tam
2268 1032 2389 1069 esse
2447 1014 2647 1069 recenti
2708 1014 2886 1067 adhuc
2940 1017 3224 1081 utriusque
3270 1023 3377 1065 tam
3406 1011 3696 1081 Nicephori

2106 1124 2271 1179 quam
2335 1108 2621 1177 Epiphauii
2672 1112 2951 1161 memoria.
2987 1107 3239 1161 Secundo
3274 1108 3417 1176 quod
3449 1107 3535 1160 vix
3570 1123 3695 1162 cre-

2105 1202 2268 1255 dibile
2290 1201 2383 1264 sit,
2408 1200 2541 1252 adeo
2567 1198 2807 1267 jejunam
2836 1201 3166 1253 mentionem
3194 1196 3497 1252 faciendam
3529 1199 3699 1254 fuisse

2107 1291 2344 1358 suscepti
2405 1291 2473 1344 ab
2533 1290 2837 1359 Epiphanio
2864 1307 2928 1343 ex
2956 1290 3142 1344 Sancti
3198 1290 3551 1360 praedictione
3578 1305 3697 1345 mo-

2108 1383 2396 1445 nachatus,
2424 1398 2487 1435 ac
2509 1381 2705 1435 deinde
2727 1381 3168 1450 patriarcbatus;
3199 1392 3253 1436 et
3280 1383 3412 1437 illud
3462 1384 3606 1451 quod
3646 1383 3694 1437 is

2106 1485 2233 1528 tunc
2279 1474 2447 1542 gessit
2491 1488 2686 1527 nomen
2740 1474 2961 1527 silentio
2985 1475 3444 1542 praatereundum,
3481 1475 3525 1528 si
3543 1475 3695 1543 prius

2105 1581 2269 1634 quam
2344 1569 2448 1621 iSta
2481 1566 2694 1634 fierent,
2760 1564 2882 1621 Vita
2945 1583 3052 1621 non
3101 1567 3297 1622 fuisset
3356 1567 3693 1636 conscripta.

2106 1660 2374 1725 Quoniam
2403 1672 2584 1714 autem
2614 1671 2908 1730 utrumque
2940 1677 3043 1716 ms.
3092 1661 3145 1715 in
3177 1660 3423 1715 eamdem
3462 1675 3697 1713 consen-

414 1766 611 1827 dranl;
650 1762 727 1816 υιῖ
758 1761 921 1812 ﬁliam
971 1753 1117 1825 (ιυυιι
1155 1754 1294 1806 idem
1349 1748 1675 1817 POISCWWS
1714 1744 1882 1795 "3"“5
1912 1756 2002 1794 ου’
2028 1736 2075 1795 Β
2107 1758 2167 1808 tit
2198 1755 2464 1824 phrasim,
2491 1755 2782 1807 dicendum
2819 1763 2984 1817 esset,
3016 1754 3160 1822 quod
3190 1756 3241 1807 in
3288 1754 3407 1822 ipso
3442 1754 3695 1823 originali

415 1851 731 1909 casionibus
761 1848 1155 1915 imperatorum
1194 1838 1622 1908 indignationem
1685 1830 2000 1893 incurrerit,

418 1959 520 2015 pro
550 1941 767 2014 publico
818 1940 962 1992 bono
992 1935 1075 1988 vel
1135 1931 1347 2002 legibus
1376 1925 1763 1983 ecclesiasticis
1814 1923 2005 2015 decer-

419 2011 576 2099 tans';
619 2031 765 2102 quod
827 2028 992 2083 etiam
1036 2024 1292 2079 convenit
1324 2019 1454 2090 ~jam
1503 2019 1653 2071 dicto
1693 2024 1847 2067 antea
1876 2011 2004 2080 Epi-

418 2129 641 2199 phanio,
674 2138 836 2194 quem
898 2120 955 2173 S.
988 2119 1234 2172 Andreas
1263 2110 1666 2182 praenuntiavit,
1694 2122 1845 2160 num.
1873 2105 2003 2167 235i,

420 2236 527 2273 non
558 2221 735 2273 solum
773 2212 1163 2283 patriarcham,
1220 2206 1315 2262 sed
1370 2217 1424 2259 et
1464 2200 1840 2257 confessorem
1905 2212 2005 2267 pro

403 2313 625 2367 -Christi
674 2308 895 2363 nomine
920 2305 1185 2358 futurum.
1239 2299 1350 2354 Nec
1388 2298 1569 2353 obstat
1606 2294 1750 2363 quod
1784 2291 2009 2359 l’olyeu-

420 2415 569 2457 ctum
612 2401 894 2455 Cedrenus
951 2395 1097 2448 dicat
1149 2391 1323 2444 fuisse
1372 2404 1405 2442 a
1440 2385 1753 2457 parentibus
1803 2393 2008 2435 castra-

422 2510 561 2559 tum,
594 2502 781 2547 nOster
842 2503 971 2542 vero
997 2483 1336 2554 Epiphanius
1361 2481 1573 2549 legatur
1604 2489 1799 2546 graves
1825 2474 2006 2527 carnis

420 2586 751 2640 tentationes
791 2578 1133 2651 passuszab
1179 2574 1266 2629 his
1316 2574 1462 2627 enim
1524 2570 1726 2622 liberos
1760 2582 1865 2619 nun
1887 2578 2007 2618 esse

421 2682 706 2734 eunuchos
750 2684 1006 2746 (quorum
1071 2668 1237 2724 etiam
1298 2666 1440 2719 inter
1490 2664 1798 2732 principum
1865 2660 2006 2712 lilios

416 2774 492 2826 ab
513 2771 641 2824 olim
679 2760 1150 2829 Constantinopoli
1177 2760 1338 2811 nimis
1363 2770 1526 2825 quam
1574 2753 1727 2805 multi
1761 2750 2005 2815 fuerunt)

422 2870 621 2921 docere
654 2874 755 2914 nos
798 2859 999 2928 poterit
1048 2863 1269 2908 sanctus
1299 2846 1539 2902 Joannes
1582 2845 2006 2911 Chrysostomns

420 2961 577 3011 Itoni.
612 2954 680 3007 63
714 2954 769 3005 in
824 2949 1135 3002 Matthacum
1186 2955 1459 3002 asserens,
1500 2952 1593 2990 eos
1627 2936 1719 3004 qui
1783 2932 2005 2987 eastrati

416 3065 533 3103 non
593 3055 720 3100 sunt
757 3062 775 3095 ι
829 3042 973 3095 haud
1008 3042 1079 3092 ita
1150 3034 1459 3103 ingentibus
1523 3026 2004 3096 conscupiscentiae

422 3138 681 3196 ﬂuctibus
708 3134 929 3205 jactari,
971 3151 989 3183 ι
1017 3144 1178 3198 quam
1206 3126 1297 3195 qui
1335 3141 1353 3175 t
1393 3131 1485 3175 aut
1522 3137 1551 3173 a
1587 3130 1778 3174 natura
1823 3133 2002 3172 eunu-

423 3237 562 3287 chus
594 3241 697 3295 est,
727 3239 819 3282 aut
843 3229 911 3279 ab
943 3224 1258 3279 hominibus
1295 3234 1413 3272 eam
1448 3215 1700 3283 injuriam
1729 3227 1943 3281 passus.
1980 3227 1999 3261 ι

426 3327 582 3381 Sedit
619 3332 797 3376 autem
823 3317 1172 3388 Polyeuctus,
1215 3313 1354 3365 inter
1378 3307 1575 3362 multas
1609 3319 1748 3375 quas
1790 3303 2004 3356 fortiter

426 3415 686 3470 sustinuit
739 3409 1005 3479 procellas
1063 3406 1324 3458 llomante
1359 3398 1615 3453 Ecclesia:
1649 3396 1887 3462 .lirmiter
1918 3395 2005 3446 iit-

428 3512 660 3570 lnerens,
691 3519 846 3573 atque
874 3518 935 3554 ac
963 3500 1047 3555 sui
1070 3500 1257 3553 eodem
1281 3494 1477 3548 saeculo
1522 3494 1841 3544 decessores
1882 3501 2008 3541 suc-

426 3613 807 3666 cessoresque,
838 3610 1012 3663 usque
1065 3592 1133 3646 ad
1162 3604 1365 3644 annum
1400 3587 1469 3639 ab
1494 3583 1873 3639 [incarnatione
1905 3579 2009 3634 Do-

404 3691 561 3746 .ntini
592 3690 696 3742 980
733 3696 787 3741 et
808 3689 972 3739 ultra.

499 3871 553 3923 4.
588 3868 759 3921 Porro
788 3861 1115 3933 completam
1152 3859 1321 3914 fuisse
1354 3858 1530 3913 sancti
1566 3857 1633 3911 de
1672 3854 1859 3910 futuro
1886 3854 2006 3923 ejus

404 3960 800 4030 spatriarchatu
833 3955 1201 4025 prophetiam,
1227 3950 1445 4020 quando
1472 3947 1812 4002 scribebatur
1862 3944 2005 4008 Vita,

427 4055 646 4109 videtur
701 4051 941 4105 iudicare
998 4054 1214 4110 auctor,
1246 4045 1327 4097 sic
1384 4043 1614 4096 finiens:
1647 4059 1665 4093 ς
1696 4040 2006 4107 Conscripsi

407 4143 735 4198 auirabilem
791 4139 931 4191 hanc
975 4147 1030 4190 et
1056 4134 1424 4188 celebritama
1468 4133 1793 4200 vulgandam
1825 4127 2005 4182 Vitam

414 4231 832 4304 religiosissimi
885 4226 1328 4295 sanctissimique
1398 4225 1575 4278 Patris
1626 4222 1888 4284 Andreae,
1945 4236 2008 4275 ea

409 4329 489 4381 vin
525 4332 845 4394 praesentem
884 4321 1337 4375 commentarium
1369 4320 1640 4383 referens,
1665 4334 1783 4387 qu:e
1812 4316 2007 4387 partim

432 4421 605 4473 oculis
632 4417 768 4470 meis
799 4415 929 4478 vidi,
964 4413 1158 4481 partim
1192 4412 1354 4465 didici
1408 4426 1474 4465 ex
1507 4411 1831 4479 Epiphanio,
1866 4411 2007 4463 l'acto

421 4511 526 4565 vhic
551 4509 745 4563 deinde
768 4504 1228 4559 reverendissimo
1251 4504 1689 4573 archiepiscopo,
1707 4502 2006 4555 secundum

434 4601 609 4670 ipsius
638 4600 822 4651 Sancti
850 4596 1275 4666 praedictionem.
1317 4612 1337 4646 ι
1371 4596 1440 4648 At
1494 4597 1650 4662 cujus
1678 4595 1851 4647 aetatis
1883 4604 2011 4647 tunc

428 4696 603 4747 fuerit
633 4700 843 4751 auctor,
882 4704 1042 4757 quem
1064 4688 1175 4755 jam
1218 4688 1343 4740 inde
1371 4703 1399 4739 a
1431 4686 1696 4755 principio
1744 4684 2011 4737 simulan-

440 4794 521 4840 tfae
548 4784 799 4839 stultitia:
835 4783 1083 4835 Andreas
1120 4781 1310 4834 habuit
1363 4780 1625 4832 arbitrum
1663 4776 2013 4831 ειιιιερὶθηιίω

438 4893 570 4941 suat,
604 4887 766 4944 atque
792 4878 923 4927 adeo
948 4873 1091 4926 haud
1122 4874 1292 4924 multo
1330 4870 1543 4923 minore
1585 4868 2013 4937 quadragenario

443 4966 685 5032 reperit?
739 4962 959 5015 Fuisset
1009 4962 1056 5013 is
1087 4960 1327 5028 preteeto
1352 4960 1465 5026 jam
1504 4961 1613 5010 fere
1642 4956 2010 5015 centenarias,

432 5057 661 5125 quando
708 5057 753 5108 is
814 5055 881 5106 de
928 5068 1033 5121 quo
1064 5053 1241 5119 agitur
1290 5052 1633 5119 patriarcha,
1689 5061 2014 5115 quocunque

440 5150 681 5219 appelles
717 5148 956 5210 nomine,
983 5146 1166 5199 sedem
1207 5144 1545 5198 conscendit.
1598 5140 2013 5205 Quomodocun-

440 5257 552 5311 que
581 5243 727 5295 enim
758 5238 1164 5307 chronologiam
1199 5237 1436 5298 ordines,
1472 5236 1726 5298 manebit,
1748 5232 1889 5300 quod
1926 5229 2012 5281 Ni-

386 5366 389 5369 -
428 5332 719 5401 .eephorus
742 5332 976 5396 scriptor
1032 5327 1162 5397 (qui
1193 5328 1451 5380 sacerdos
1484 5332 1618 5387 erat,
1665 5322 1883 5390 quando
1905 5322 2017 5371 Au-

442 5430 603 5481 tlreas
626 5410 806 5479 adhuc
834 5424 1052 5493 juvenis
1096 5423 1322 5474 stultum
1367 5434 1529 5487 agere
1564 5416 1767 5485 cmpit;
1810 5414 2015 5467 cidem-

429 5534 550 5585 .que
600 5517 863 5569 defuncto
921 5523 1043 5582 pust
1095 5528 1267 5564 annos
1311 5514 1486 5564 aetatis
1557 5507 1624 5560 66
1696 5506 2015 5575 supervixit)

446 5608 735 5661 admodum
800 5609 1120 5672 grandaevus
1173 5617 1293 5657 esse
1342 5600 1609 5666 debuerit,
1643 5600 1732 5667 qui
1780 5599 2017 5666 lupipha-

446 5701 620 5756 nimn,
677 5699 943 5751 moriente
971 5696 1206 5761 Andrea,
1243 5710 1348 5750 non
1380 5696 1531 5748 valde
1564 5708 1858 5761 annosum,
1894 5698 2018 5761 post

2108 1846 2284 1915 primo
2323 1845 2461 1900 facta
2517 1846 2865 1915 iitterpnlatio
2915 1846 3007 1912 sit,
3033 1861 3155 1900 cum
3181 1843 3303 1899 Vita
3355 1846 3444 1899 illa
3475 1846 3694 1901 essetin

2122 1938 2297 1991 lucem
2334 1939 2606 1993 elferenda
2636 1939 2728 1993 diu
2757 1947 2881 2008 post
2907 1948 3133 1992 mortem
3171 1938 3446 1992 Auctoris.

2178 2073 2230 2126 5.
2274 2073 2385 2126 Hoc
2419 2082 2600 2127 tamen
2628 2074 2803 2142 posito
2830 2074 3009 2128 minus
3052 2084 3260 2129 certum
3312 2086 3517 2141 manet,
3548 2076 3693 2144 quod

2108 2166 2284 2220 dictus
2340 2167 2393 2219 in
2469 2167 2557 2220 illa
2596 2166 2717 2219 Vita
2776 2166 3132 2236 Epiphanius,
3184 2169 3349 2221 fuerit
3402 2172 3453 2223 in
3502 2170 3695 2223 ordine

2107 2258 2545 2327 patriarcharum
2642 2267 2988 2327 nuncupatus
3072 2257 3438 2328 Polyeuctus,
3515 2261 3695 2328 petitis

2109 2369 2271 2422 quam
2317 2352 2623 2416 Atitonius;
2676 2353 2767 2421 qui
2804 2360 2927 2421 post
2964 2352 3313 2422 Polyeuctum
3350 2365 3402 2405 et
3435 2353 3691 2405 Basilium

2111 2446 2465 2512 (monachum
2522 2444 2739 2512 quidem
2793 2453 2845 2497 et
2874 2444 3074 2513 ipsum,
3119 2446 3211 2497 sed
3246 2445 3603 2498 Scamaitdria
3638 2445 3692 2498 in

2108 2538 2236 2590 Asia
2288 2535 2484 2589 Minori
2564 2535 2881 2605 oriundum)
2948 2552 3013 2589 ex
3088 2522 3696 2605 Constantinopolitano

2112 2624 2288 2679 Studii
2318 2626 2649 2679 monasterio
2676 2636 3013 2695 assumptus,
3047 2631 3194 2681 circa
3231 2643 3320 2681 an.
3348 2628 3475 2689 980,
3498 2629 3696 2681 deinde

2110 2729 2231 2788 post
2255 2727 2463 2772 Sextum
2489 2720 2571 2771 sui
2607 2718 3011 2786 patriarchatus
3049 2734 3275 2783 annum,
3334 2735 3436 2773 suo
3469 2735 3694 2772 munere

2111 2811 2396 2875 ahdicarit,
2421 2811 2609 2864 Sc'ero
2644 2810 2838 2873 Barda,
2862 2812 3000 2865 duce
3033 2814 3327 2871 exercitus.
3380 2812 3694 2879 insui-gente

2110 2913 2299 2955 contra
2349 2902 2707 2971 imperatores
2768 2901 3025 2956 Basihum
3052 2913 3104 2957 et
3158 2903 3606 2969 Constantinum,
3642 2914 3695 2958 et

2113 2996 2274 3063 paulo
2322 3005 2441 3063 post
2502 2995 2653 3047 obiit.
2679 2994 2793 3048 Tali
2821 3010 2949 3048 vero
2982 3009 3112 3048 casu
3138 2998 3312 3050 solum
3368 3011 3504 3064 Opus
3527 3006 3694 3060 esset,

2029 3092 2072 3149 ο
2108 3085 2209 3137 sub
2259 3095 2533 3137 extremos
2563 3083 2760 3137 Leonis
2813 3084 3085 3152 Sapientis
3103 3101 3275 3139 annos
3305 3098 3545 3153 emptum
3581 3088 3693 3137 An-

2114 3176 2322 3236 dream,
2378 3175 2611 3242 cwpisse
2653 3175 2944 3227 stultitiam
2989 3176 3247 3229 simulare
3285 3178 3430 3231 circa
3487 3192 3687 3230 annum

2112 3265 2239 3328 920,
2272 3267 2476 3321 obiisse
2508 3282 2633 3320 vero
2666 3268 2809 3319 circa
2848 3266 2990 3332 956;
3023 3283 3146 3321 cum
3190 3266 3525 3338 Nicephorus
3569 3269 3688 3337 qui-

2113 3356 2233 3410 dem
2260 3356 2369 3426 jam
2410 3366 2554 3412 esset
2597 3360 3049 3426 septuagcnarius
3083 3368 3174 3412 aut
3203 3376 3267 3413 eo
3313 3362 3515 3431 major;
3569 3361 3692 3429 Lpi-

2113 3450 2343 3516 phanins
2406 3464 2568 3515 vero,
2612 3459 2739 3503 tunc
2821 3452 3456 3521 necdumjtricenarins
3535 3454 3693 3507 annis

2114 3551 2301 3611 postea
2330 3550 2387 3595 ut
2434 3543 2713 3596 minimum
2744 3544 2812 3599 20
2849 3546 2899 3598 in
2935 3546 3264 3599 monasterio
3300 3545 3511 3609 vixerit,
3538 3556 3695 3598 ante-

2115 3648 2277 3702 quam
2309 3636 2459 3687 lierct
2479 3635 2828 3702 patriarcha;
2868 3637 2920 3689 in
2951 3652 3082 3705 quo,
3115 3639 3160 3691 si
3204 3638 3315 3706 ipse
3363 3637 3689 3703 Polveuctus

2114 3734 2280 3791 esset,
2313 3726 2488 3778 solum
2513 3726 2717 3780 vixisse
2747 3728 3018 3797 potuisset
3062 3728 3220 3783 annis
3252 3730 3317 3781 l2
3344 3730 3422 3782 vel
3458 3729 3543 3783 l4.

2183 3860 2236 3916 6.
2293 3861 2557 3917 Caeterum
2606 3879 2669 3918 ex
2707 3872 2953 3934 tempore
2982 3864 3087 3920 hoc
3142 3864 3224 3918 vel
3257 3865 3373 3929 illo,
3412 3880 3521 3934 quo
3544 3864 3690 3917 dixi-

2114 3969 2236 4008 mus
2257 3956 2459 4009 obiisse
2484 3954 2748 4009 Sanctqu
2775 3995 2790 4019 ,
2839 3958 2996 4011 facile
3022 3969 3105 4011 est
3138 3958 3401 4011 rationem
3444 3959 3693 4020 reddere.

2114 4060 2215 4098 cur
2245 4043 2633 4100 iuGraecnrum
2667 4046 2883 4101 Menazis
2903 4062 2966 4101 ac
3020 4049 3362 4118 Synaxariis,
3412 4049 3549 4101 adeo
3603 4048 3694 4100 ille

2116 4136 2329 4207 ignotus
2352 4138 2442 4201 sit,
2471 4150 2527 4190 ut
2558 4137 2610 4190 in
2652 4141 2814 4191 unico
2843 4140 3126 4202 duntaxat,
3173 4155 3347 4207 eoque
3401 4140 3693 4191 recentiori

2119 4227 2453 4292 Divioucnsi,
2506 4230 2770 4285 hactenus
2829 4242 3078 4300 repertus
3148 4232 3305 4285 fuerit
3357 4246 3386 4284 a
3422 4234 3693 4301 magistris

2115 4324 2253 4375 meis
2287 4321 2627 4377 llenscheuio
2656 4332 2711 4376 et
2738 4322 3129 4392 Papebrochio.
3179 4324 3390 4378 Etenim
3437 4338 3693 4392 qtnecnn-

2038 4450 2086 4505 ο
2116 4430 2222 4481 que
2256 4415 2330 4468 illi
2365 4414 2617 4469 viderunt
2644 4421 2695 4469 itt
2731 4418 3065 4471 membranis
3097 4430 3338 4484 exarata,
3382 4419 3687 4485 antiquiora

2112 4506 2223 4560 fere
2277 4516 2424 4572 sunt,
2478 4517 2574 4561 aut
2635 4509 2823 4563 saltem
2860 4525 2923 4564 ex
2962 4511 3364 4579 antiquioribus
3395 4510 3688 4577 desciipta,

2110 4612 2212 4650 nec
2267 4597 2403 4650 ullos
2455 4598 2656 4651 habent
2712 4600 2857 4653 illius
2924 4600 3023 4653 aevi
3082 4609 3304 4653 sanctos
3338 4601 3419 4654 :si
3485 4610 3690 4660 tamen,

2112 4696 2305 4755 praeter
2362 4688 2506 4742 hunc
2565 4690 2844 4742 occultum
2910 4691 3137 4753 mundo,
3182 4692 3424 4759 insignes
3481 4691 3694 4759 aliquos

2112 4792 2337 4834 sanctos
2384 4781 2577 4833 habuit
2622 4782 2855 4846 Graecia,
2912 4782 3180 4835 l‘hotiano
3257 4783 3550 4836 schismate
3596 4782 3692 4835 ditt

2112 4872 2363 4930 abjuncta
2413 4871 2481 4921 ab
2543 4871 2746 4925 unione
2803 4872 3091 4935 catholica,
3132 4884 3186 4926 et
3233 4884 3359 4927 tunc
3383 4872 3599 4939 quidem
3625 4874 3692 4924 ad

2114 4962 2260 5012 illaut
2300 4976 2548 5029 regressa
2610 4977 2710 5031 pro
2767 4972 3028 5029 tempore,
3063 4979 3167 5017 non
3195 4973 3373 5017 tamen
3414 4968 3479 5016 ad
3513 4965 3696 5031 pristi-

2113 5068 2243 5104 num
2298 5051 2577 5121 religionis
2622 5052 2929 5117 fervorem;
2996 5055 3138 5107 unde
3211 5068 3330 5107 eam
3396 5054 3577 5106 denuo
3635 5054 3688 5104 in

2114 5144 2254 5196 idem
2298 5144 2539 5198 schtstna
2588 5144 2753 5197 relabi
2808 5145 3056 5213 contigit,
3121 5144 3292 5197 mttlto
3345 5159 3508 5212 quam
3569 5155 3692 5196 ante

2114 5237 2378 5299 deterius,
2444 5245 2665 5289 auctore
2703 5235 2915 5304 Sergio,
2958 5236 3061 5289 sub
3094 5250 3296 5289 annum
3339 5235 3692 5287 millesimum

2116 5328 2258 5383 faeto
2286 5329 2618 5396 patriarcha,
2643 5343 2708 5381 ex
2766 5344 2965 5395 genere
2989 5327 3294 5395 itnpiissiini
3330 5326 3529 5381 Photii.
3557 5324 3691 5380 Illud

2117 5431 2297 5471 autem
2322 5419 2373 5471 in
2408 5422 2597 5471 charta
2650 5417 2792 5470 linea
2831 5418 3096 5485 scriptum
3128 5417 3515 5487 Synaxarium,
3548 5418 3692 5487 quod

2117 5511 2516 5565 Cltillletianuin
2574 5524 2716 5579 sape
2767 5511 3131 5574 nominamus,
3191 5513 3256 5562 ad
3302 5513 3440 5564 hanc
3473 5510 3695 5565 98Maii

2120 5608 2199 5657 sic
2230 5605 2386 5655 habet
2418 5620 2431 5655 ι
2469 5601 2527 5653 ’0
2550 5599 2701 5667 ἅγιος
2722 5600 2993 5667 Ἀνδρέας.
3020 5601 3046 5650 ὁ
3074 5600 3161 5651 διὰ
3210 5601 3446 5668 Χριστὸν
3509 5600 3695 5665 σαλός,

2121 5700 2177 5748 ἐν
2210 5698 2400 5766 εἰρήνῃ
2420 5693 2717 5745 τελειοῦται
2755 5731 2767 5746 .
2794 5691 2851 5745 S.
2891 5691 3146 5760 Andreas,
3185 5696 3272 5764 qui
3298 5706 3507 5763 propter
3536 5691 3700 5749 Citri-
