4086 6400
407 447 516 508 625

1588 438 1767 498 Vl'l'A
1814 437 1874 495 ὃ.
1920 432 2249 494 ANDRE/E
2291 428 2485 490 SALI‘.

406 569 550 619 {tum
598 556 792 608 uultus
846 555 970 623 fuit,
1028 554 1079 606 in
1120 567 1246 622 pare
1302 551 1460 605 vitam
1493 552 1633 619 ﬁnit.
1666 549 1803 604 Tum
1833 561 1983 602 more
2010 550 2056 619 Α
2083 546 2270 616 phoro,
2300 557 2504 613 magna
2523 540 2972 606 sanctissimeque
3003 534 3362 623 ὓεὶΕσςΙρεῑφ
3379 538 3677 607 μετενόουν.

410 650 526 701 fere
555 660 657 700 suo
693 648 797 699 huc
819 644 1040 712 subjicit
1064 640 1335 697 distichon
1371 659 1385 694 :

477 776 696 831 Παύλου
733 779 791 829 τὸ
824 776 998 844 ῥῆμα,
1032 775 1126 827 καὶ
1149 774 1424 845 μεταστὰς
1458 772 1767 845 Ἀνδρέᾳιςμ

491 847 683 917 Ἦμεῑέ
714 847 800 899 διὰ
831 847 1071 915 Χριστόν
1093 862 1156 914 γε
1188 846 1385 914 μωροὶ,
1418 844 1743 914 κραυγάζει.

482 982 638 1047 Quod
657 981 858 1036 Paulus
896 982 1021 1034 olim
1050 981 1269 1044 cecinit;
1303 980 1423 1031 hinc
1447 976 1674 1031 Sanctus
1730 976 1983 1045 migrans,

481 1051 599 1107 Nos
638 1055 788 1106 stulti
817 1068 994 1106 amore
1026 1050 1243 1115 Christi,
1275 1060 1323 1103 et
1342 1049 1578 1102 Andreus
1604 1049 1774 1100 canit.

481 1190 539 1245 7.
606 1186 887 1241 Praedicta:
951 1199 1116 1253 porro
1180 1181 1535 1238 obscuritatis
1566 1180 1705 1247 apud
1744 1186 1988 1247 posteros

406 1288 587 1352 potest
609 1278 772 1332 etiam
805 1276 910 1329 alia
936 1274 1130 1343 duplex
1163 1287 1325 1326 causa
1362 1270 1625 1340 assignari
1662 1277 1813 1320 :tum
1843 1265 1987 1335 quod

409 1374 532 1442 ipso
562 1372 774 1423 vivente
797 1365 1165 1437 paucissimis,
1193 1367 1267 1418 uti
1288 1363 1491 1418 dictum
1524 1371 1628 1425 est,
1652 1360 1770 1428 ejus
1796 1359 1990 1429 agendi

405 1462 604 1517 modus
652 1471 706 1515 ct
741 1460 956 1513 occulta
996 1458 1260 1512 sanctitas
1296 1453 1610 1517 innotuerit,
1643 1468 1673 1508 a
1720 1453 1993 1520 plerisque

406 1568 507 1624 pro
562 1552 728 1607 stulto
766 1559 821 1605 et
866 1549 1205 1603 daamoniaco
1249 1545 1417 1600 habiti
1454 1563 1467 1600 :
1532 1553 1647 1599 tum
1699 1544 1844 1613 quod
1873 1551 1995 1611 post

404 1651 663 1706 mortem,
696 1640 881 1695 ablato
916 1640 1177 1693 divinitus
1207 1650 1459 1706 corpore,
1491 1636 1653 1689 nullae
1690 1635 1808 1705 ejus
1872 1634 1996 1687 reli—

404 1736 549 1805 quite
605 1731 997 1802 superfuerint,
1058 1729 1134 1784 Ex
1188 1731 1369 1799 priore
1394 1729 1596 1783 factum
1637 1736 1745 1792 est,
1789 1734 1848 1781 ut
1905 1741 1997 1779 ne-

412 1828 565 1893 mini,
593 1836 951 1897 praeterquam
996 1823 1358 1878 familiaribus
1380 1822 1497 1877 suis
1543 1822 1593 1874 in
1630 1820 1996 1875 aestimatione

2084 635 2276 688 Exstat
2323 633 2509 686 eadem
2573 627 2692 682 Vita
2747 644 2851 682 ms.
2883 628 2934 679 in
2979 625 3303 679 bibliotheca
3352 622 3665 686 Viennensi,

2086 734 2145 779 ut
2184 725 2361 793 legere
2396 732 2479 778 est
2510 721 2560 775 in
2596 720 2936 774 BibliOtheca
2965 715 3188 771 Gesneri
3220 725 3381 770 aucta
3404 717 3685 786 impressa.

2086 815 2273 883 Tiguri
2339 830 2479 868 anno
2546 813 2707 875 l585,
2747 812 2832 866 his
2888 809 3067 864 verbis
3100 827 3114 863 :
3151 826 3173 862 ‹
3213 808 3576 877 Nicephorus,
3602 810 3669 862 de

2089 905 2209 960 Vita
2259 907 2510 973 Andreae,
2554 905 2695 959 liber
2730 914 2886 959 vetus
2946 901 2999 956 in
3030 910 3223 972 quarto
3258 916 3361 955 ms.
3393 899 3505 954 bib.
3536 899 3695 969 ltnp..

2092 998 2333 1053 Viennm.
2372 1017 2391 1050 ι

2161 1092 2214 1146 9.
2247 1091 2378 1160 Ego,
2417 1089 2667 1143 Patribus
2696 1087 3040 1143 Hensebenio
3072 1095 3125 1141 et
3177 1085 3550 1153 Papebrochio
3602 1100 3699 1139 an;

2092 1196 2308 1252 tempus
2366 1183 2585 1251 aliquod
2658 1182 2819 1236 datus
2898 1182 3150 1249 adjutor,
3211 1179 3669 1251 quemadmoduut

2097 1275 2271 1329 Vitam
2310 1275 2478 1329 sancti
2510 1275 2795 1343 Symeonis
2824 1272 3032 1342 Stylitaa
3089 1274 3141 1326 in
3205 1282 3388 1325 monte
3441 1272 3672 1326 Mirabilt

2094 1368 2321 1437 ejusque
2376 1366 2567 1421 matris
2625 1376 2831 1420 sanctae
2866 1364 3091 1420 Marthae
3138 1365 3349 1436 primus
3383 1363 3678 1421 Latinitate

2099 1459 2332 1525 donavi;
2398 1461 2472 1513 ita
2511 1468 2564 1512 et
2617 1459 2756 1513 hanc
2788 1450 2957 1512 sancti
2986 1458 3215 1511 Andreas
3247 1455 3493 1511 Latinam
3523 1457 3624 1513 feci
3661 1474 3676 1510 :

2095 1552 2188 1605 sed
2232 1566 2339 1606 non
2376 1551 2563 1605 eadem
2597 1566 2718 1605 cum
2754 1550 3038 1604 facilitate.
3069 1548 3159 1603 Illa
3185 1550 3333 1603 enim
3389 1548 3681 1619 Symeonis

2098 1641 2219 1697 Vita
2250 1642 2461 1707 Grzeca,
2493 1642 2567 1696 uti
2598 1642 2800 1711 liquida
2827 1643 3149 1712 usitatisque
3206 1643 3408 1712 passim
3453 1643 3680 1697 vocibus

2097 1744 2153 1789 et
2228 1736 2726 1789 constructionibus
2794 1734 3107 1802 conscripta
3181 1744 3301 1790 erat
3381 1737 3583 1790 sacculo
3626 1752 3681 1790 γι

2103 1836 2356 1890 exeunte,
2390 1826 2462 1880 ita
2493 1827 2732 1880 suaviter
2763 1826 2828 1880 ad
2860 1826 3065 1881 exitum
3110 1824 3341 1880 deducta
3370 1828 3548 1881 versio
3576 1835 3677 1881 est.

413 1891 556 1974 εδεειγ
579 1891 876 1986 {adeoque
903 1915 1004 1972 soli
1030 1914 1361 1985 Nicephoro,
1404 1913 1670 1985 Spirituali
1718 1911 1837 1981 ejus
1891 1910 1994 1964 Pa-
2030 1891 2073 1950 Β
2104 1914 2229 1969 llaec
2264 1930 2394 1969 vero
2433 1914 2684 1980 Andreae,
2708 1913 2993 1969 deﬁciente
3016 1914 3127 1983 jam
3184 1913 3298 1968 fere
3334 1928 3457 1968 cum
3509 1913 3683 1983 maje-

409 2012 501 2075 tri,
549 2026 695 2065 cura:
749 2008 1052 2079 fueritejus
1108 2008 1372 2062 adnotare
1394 2014 1545 2076 gesta
1586 2019 1706 2073 qua:
1745 2012 1990 2067 noverat,

406 2118 534 2156 cum
566 2102 775 2155 infinita
812 2116 935 2155 eum
969 2102 1216 2162 laterent,
1238 2114 1335 2153 nec
1359 2113 1484 2152 raro
1517 2096 1663 2159 talia,
1716 2104 1770 2148 ut
1796 2095 1847 2148 in
1897 2095 1993 2147 ad-

407 2196 747 2249 mirationem
810 2203 1067 2262 raperent
1123 2200 1496 2262 spectatores;
1554 2191 1646 2244 sed
1730 2188 1875 2258 quod
1923 2186 1994 2241 ab

407 2286 625 2340 homine
681 2285 1015 2339 dmmoniaco
1038 2282 1305 2353 proficisci
1336 2280 1683 2350 putabantur,
1730 2277 1994 2333 daemonis

407 2378 590 2445 potius
641 2392 805 2445 quam
863 2376 1061 2430 divina:
1096 2374 1514 2429 ascribebantnr
1548 2371 1758 2426 virtuti.
1792 2369 1869 2423 Ex
1895 2384 1994 2440 po-

413 2470 648 2524 steriore
689 2478 856 2539 patet,
903 2468 1111 2523 nullum
1167 2465 1536 2521 sacrosanctis
1590 2464 1710 2534 ejus
1751 2462 1994 2532 reliquiis

404 2561 605 2615 deferri
660 2562 865 2615 cultum
910 2577 972 2615 ac
1032 2560 1463 2624 venerationem,
1490 2558 1635 2610 nulla
1672 2558 1855 2610 adeas
1897 2571 1995 2624 pa-

410 2654 540 2707 trari
567 2652 851 2717 miracula,
880 2667 979 2708 nec
1018 2652 1310 2707 admodum
1337 2654 1427 2706 diu
1460 2637 1648 2705 earum
1676 2650 1994 2703 memoriam

410 2747 466 2799 in
499 2747 696 2800 animis
726 2747 1004 2799 hominum
1057 2746 1296 2800 residere
1353 2744 1595 2812 potuisse
1626 2760 1639 2796 :
1676 2743 1721 2797 si
1774 2742 1993 2811 quidem

421 2851 544 2905 qua:
573 2837 818 2905 procula
859 2845 1152 2906 conspectu
1205 2844 1417 2897 nostro,
1460 2834 1623 2889 etiam
1676 2835 1996 2903 plerumque

412 2928 603 2997 procul
630 2928 701 2982 ab
729 2927 911 2980 animo
936 2936 1140 2980 remota
1173 2935 1324 2981 sunt.
1357 2924 1601 2980 Relictus
1623 2926 1843 2993 quidem
1874 2931 1999 2994 post

418 3029 633 3087 raptum
667 3017 912 3086 corporis
939 3017 1111 3072 sancti
1146 3016 1361 3071 divinus
1392 3017 1548 3081 odor,
1581 3016 1817 3085 primum
1866 3029 1997 3084 pau-

414 3109 650 3178 percula;
699 3110 918 3163 cuidam
983 3109 1223 3172 mulieri,
1290 3117 1405 3161 tum
1451 3107 1577 3160 aliis
1634 3106 1888 3175 plurimis
1930 3120 1996 3158 eo

412 3203 855 3264 accurrentibus,
882 3202 1250 3255 testimonium
1286 3200 1558 3267 praebebat
1582 3209 1811 3254 eatenus
1843 3200 1996 3264 igno-

413 3304 543 3346 rata:
583 3294 817 3347 hominis
848 3294 1144 3348 Sanctitati.
1178 3290 1355 3346 Vitam
1406 3300 1605 3356 tamen,
1640 3291 1768 3344 licet
1811 3291 1994 3344 statim

413 3402 445 3438 a
496 3394 670 3438 morte
723 3385 1008 3453 scriptam,
1070 3384 1395 3438 crediderim
1462 3384 1529 3438 de
1568 3381 1833 3436 industria
1867 3396 1999 3449 sup-

421 3491 667 3546 pressam
696 3475 886 3540 fuisse,
914 3486 967 3529 et
1000 3477 1067 3529 ab
1100 3476 1404 3545 Epiphanio
1452 3483 1831 3544 asservatam;
1863 3488 2000 3543 quio-

412 3571 661 3636 nquue
696 3569 779 3621 hic
809 3567 981 3622 factus
1019 3568 1327 3637 patriarcha
1377 3567 1783 3637 praedictionem
1816 3565 1998 3619 Sancti

416 3663 485 3717 de
540 3679 599 3718 se
651 3661 849 3716 factam
893 3662 1155 3731 implevit.
1193 3659 1330 3714 Tum
1362 3676 1513 3725 vero,
1538 3670 1752 3713 mortuo
1792 3659 2000 3713 verosi-

419 3756 623 3809 miltter
675 3755 788 3824 jam
854 3754 1065 3823 pridem
1137 3764 1377 3817 auclore,
1431 3753 1555 3805 data
1591 3752 1643 3805 in
1681 3752 1854 3805 lucem
1896 3750 1994 3813 sit;

418 3848 728 3916 patriarcha
761 3847 877 3915 ipso
907 3845 1207 3899 alﬁrmante
1236 3858 1384 3907 vera,
1442 3845 1653 3912 sibiqua
1700 3852 1848 3897 certo
1902 3855 1999 3895 co-

420 3942 572 4009 guita
627 3939 836 4006 fuisse,
901 3952 1243 4008 quaecunque
1298 3932 1635 4005 Ntccpltorus
1660 3934 1996 4001 scripserat;

420 4035 609 4103 itaque
671 4033 887 4086 initium
940 4028 1163 4097 aliquod
1196 4029 1380 4082 datum
1413 4027 1610 4089 cultui,
1642 4042 1737 4095 per
1764 4025 2000 4079 nominis

421 4124 829 4194 inscriptionem
879 4122 932 4176 in
987 4120 1308 4191 Synaxariis
1354 4120 1713 4188 quibusdam;
1748 4118 1890 4187 quod
1924 4127 2003 4170 ta-

420 4233 546 4272 men
603 4217 893 4287 plerosque
963 4214 1388 4285 Synaxariorum
1454 4213 1873 4280 transcriptores
1921 4211 2003 4263 fu-

424 4315 586 4384 gerit.

498 4408 553 4460 8.
586 4405 665 4459 Ad
729 4403 903 4459 Vitam
951 4403 1122 4472 ipsam
1154 4404 1299 4471 quod
1354 4401 1568 4465 attinet,
1599 4400 1800 4469 duplex
1856 4399 2004 4454 illius

424 4498 567 4552 nacti
619 4513 812 4551 sumus
884 4500 1182 4563 exemplar,
1234 4508 1464 4561 quorum
1512 4492 1741 4545 alterum
1801 4490 2006 4545 descri-

2102 2014 2242 2063 state
2302 2006 2513 2076 imperii
2567 2006 2729 2059 etiam
2794 2006 2993 2076 linguae
3028 2006 3265 2067 cultura,
3328 2004 3575 2059 barbaris
3626 2015 3685 2059 ut

2102 2098 2373 2163 moribus,
2403 2098 2484 2152 sic
2515 2097 2793 2153 vocabulis
2842 2097 3120 2152 turmatim
3146 2098 3682 2168 Constantinopolim

2104 2207 2164 2249 se
2224 2192 2605 2260 intereuntibus,
2662 2192 2862 2247 sarculo
2909 2193 3120 2247 decimo
3146 2201 3366 2248 exarata
3414 2192 3498 2263 (ea
3548 2208 3685 2263 prm-

2103 2285 2290 2339 sertim
2321 2301 2440 2355 quae
2475 2300 2504 2338 e
2564 2283 2889 2339 bibliotheca
2941 2281 3196 2339 Vaticana
3252 2284 3522 2354 descripta
3554 2286 3682 2354 est),

2104 2393 2211 2431 non
2256 2378 2418 2432 modo
2449 2377 2749 2447 peregrinis
2780 2388 2833 2431 et
2858 2394 2888 2431 a
2937 2391 3179 2431 veterum
3238 2377 3551 2433 Graecorum
3582 2393 3682 2431 usu

2106 2471 2329 2525 remotis
2379 2471 2602 2524 vocibus
2657 2484 2820 2538 quam
2896 2470 3145 2538 plurimis
3221 2480 3429 2537 scatet;
3492 2486 3680 2524 verum

2103 2563 2268 2616 ctiam
2302 2576 2394 2631 per
2423 2562 2751 2626 socordiam,
2790 2563 2870 2617 vel
2908 2563 3116 2617 librarii
3165 2564 3363 2629 nostri,
3398 2562 3478 2616 vel
3537 2562 3685 2617 illius

2103 2655 2196 2722 qui
2256 2641 2577 2708 Vaticanum
2629 2654 2906 2722 exemplar
2931 2654 3170 2714 curavit.
3226 2653 3686 2724 frequentissimis

2105 2745 2280 2798 obsita
2337 2755 2421 2798 est
2463 2745 2776 2813 scriptionis
2837 2747 3072 2811 mendis,
3129 2748 3305 2815 iisque
3371 2763 3514 2815 saepe
3574 2757 3681 2804 tam

2103 2835 2347 2899 absonis,
2382 2843 2440 2888 ut
2468 2849 2690 2889 sensum
2724 2835 3020 2889 difficulter
3060 2851 3275 2904 possem
3321 2837 3686 2906 conjectaudo

2104 2927 2350 2996 assequi,
2405 2928 2548 2981 unde
2579 2927 2928 2994 interpretari
2980 2929 3221 2997 cupienti
3249 2944 3355 2981 non
3391 2930 3523 2984 levis
3552 2946 3684 2985 sane

2105 3020 2353 3073 molestia
2382 3028 2436 3074 et
2470 3034 2621 3073 mora
2657 3018 2866 3073 diutina
2902 3019 3100 3088 injecta
3133 3033 3234 3076 eat.
3278 3019 3343 3075 Ut
3380 3031 3558 3075 autem
3619 3038 3705 3075 eo.

2107 3122 2351 3181 tempore
2390 3112 2623 3166 multum
2666 3128 2696 3166 a
2751 3114 2919 3167 veteri
2947 3112 3245 3169 Grzecisnlo
3274 3116 3549 3169 defecerat
3579 3114 3696 3170 Ro-
3756 3135 3763 3144 '

2054 3253 2066 3269 ,
2106 3219 2288 3268 mana,
2337 3219 2500 3273 quam
2541 3204 2828 3273 vocabant,
2862 3204 2917 3258 id
2962 3215 3042 3259 est
3092 3204 3681 3275 Constantinopolitani

2099 3298 2283 3368 populi
2353 3298 2574 3365 lingua;
2618 3298 2690 3352 ita
2722 3306 2776 3352 et
2814 3301 3184 3369 grammaticae
3221 3300 3359 3353 ratio
3405 3301 3557 3355 valde
3588 3316 3684 3370 ap-

2100 3400 2256 3459 paret
2300 3389 2526 3443 alterata
2574 3391 2625 3443 in
2658 3406 2763 3445 ms.
2819 3389 3103 3455 Vaticano,
3132 3393 3185 3444 in
3216 3406 3325 3460 quo
3359 3402 3697 3449 constanter;

2100 3478 2282 3549 legere
2311 3488 2416 3547 est,
2448 3482 2782 3550 Δευσχήμων
2808 3491 2862 3535 et
2910 3483 3310 3552 Δευσχημονέω
3334 3497 3430 3551 pro
3457 3484 3680 3556 Λευχιί-

2104 3587 2219 3639 μων
2257 3578 2312 3623 ct
2336 3570 2737 3640 Λευχειμονέω,
2764 3570 3158 3640 Δαιμονιοῦντα
3186 3586 3285 3640 pro
3309 3573 3679 3640 Δαιμονῶντα,

2113 3659 2507 3731 Ἀχροούμενος
2532 3675 2630 3729 pro
2680 3660 3069 3731 Ἀχροώμενος,
3103 3664 3473 3717 contrahendo
3504 3682 3569 3716 αο
3625 3665 3678 3719 iu

2100 3772 2184 3818 ou,
2215 3755 2357 3821 quod
2383 3764 2437 3808 et
2466 3755 2601 3808 alias
2628 3769 2802 3821 saepe;
2850 3768 2973 3806 cum
3011 3754 3273 3808 deberent
3308 3757 3521 3810 vocales
3567 3757 3686 3812 ista:

2102 3845 2352 3900 contrahi
2398 3846 2449 3897 in
2473 3863 2539 3899 ω.
2579 3845 2755 3898 Simili
2784 3847 2947 3898 modo
2997 3845 3051 3898 in
3087 3848 3242 3900 tertia
3280 3863 3512 3916 persona
3546 3859 3682 3903 tem-

2101 3941 2252 4008 poris
2285 3936 2583 4005 imperfecti
2617 3954 2673 3990 εε
2710 3938 3059 3992 contrahitur
3111 3938 3223 3993 fere
3270 3956 3484 4010 semper
3543 3944 3596 3995 in
3646 3960 3694 4013 η

2101 4045 2201 4099 pro
2236 4047 2285 4082 ει
2315 4045 2398 4099 ,ν.
2453 4046 2506 4100 g.
2574 4030 2780 4101 Ἐποίη,
2825 4032 3056 4103 ’Δπήχη,
3121 4032 3444 4104 Ἦδολέσχη,
3491 4034 3687 4089 Ἀπεν-

2102 4122 2363 4193 χαρξσθη,
2394 4139 2491 4191 pro
2532 4121 2758 4185 Ἐποίει,
2827 4124 3074 4194 ’Δπήχειο
3119 4125 3448 4195 Ἦδοὶέσχει,
3492 4127 3683 4181 ’Λπευο

2104 4216 2372 4287 χαρίστει,
2426 4216 2507 4270 sic
2540 4226 2592 4271 et
2624 4233 2682 4267 εο
2716 4216 2949 4270 subinde
3003 4219 3349 4272 contrahitur
3389 4220 3587 4274 ibidem
3628 4222 3685 4275 in

2086 4325 2138 4377 ,η
2199 4322 2297 4377 pro
2359 4324 2455 4371 ou;
2494 4310 2569 4361 uti
2644 4308 2874 4376 Ἡγνόην
2940 4324 3037 4378 pro
3082 4310 3360 4377 Ἢγνόουν.
3410 4310 3687 4380 Frequen-

2107 4401 2315 4453 ttssime
2352 4415 2479 4453 vero
2508 4402 2744 4455 secunda
2783 4415 3010 4469 persona
3039 4406 3322 4470 praesentis
3366 4404 3565 4471 passivi
3605 4405 3699 4457 vel.

2106 4489 2268 4542 medii
2298 4490 2624 4543 terminatur
2665 4490 2716 4542 in
2742 4507 2862 4542 auat
2889 4490 3009 4545 loco
3033 4508 3066 4562 ῃ
3100 4510 3113 4544 :
3147 4494 3328 4558 qualia
3372 4493 3485 4547 haec
3514 4494 3684 4563 ἀναγ-

427 4600 578 4657 ptum
630 4590 787 4641 nobis
843 4604 873 4643 e
948 4587 1279 4641 bibliotheca
1329 4584 1581 4637 Vaticana
1611 4585 1714 4637 sub
1748 4594 1871 4636 nota
1906 4599 1999 4636 nu-

2108 4581 2360 4645 κάζεσαι,
2415 4583 2799 4635 ἁντιτάσσεσαι
2835 4585 3036 4646 ctalia,
3077 4600 3174 4651 pro
3208 4585 3687 4654 ἁναγκὰζῃ,ἀντι-

429 4680 564 4732 meri
626 4680 760 4734 1574
808 4695 931 4733 cum
1000 4681 1105 4735 hoc
1154 4678 1337 4737 titulo,
1361 4675 1482 4736 Βιος
1517 4677 1611 4728 καὶ
1644 4675 1886 4728 πολιτεία
1910 4676 2004 4728 τοῦ

433 4773 709 4841 μακαρίου
753 4772 996 4842 Ἀνδρέου
1032 4772 1122 4824 τοῦ
1164 4771 1360 4836 Eoi/06,
1387 4771 1479 4823 τοῦ
1517 4771 1596 4832 εἰς
1623 4769 1683 4822 τὸ
1712 4770 2006 4834 Βυζάντιον

428 4863 521 4930 τῆς
559 4862 925 4933 θεοφυλὰκτου
970 4859 1177 4921 πόλεως
1230 4863 1554 4930 ποιήσαντος
1601 4862 1791 4913 ἑαυτὸν
1828 4876 2006 4929 παρα-

432 4951 677 5004 παίοντκ.
744 4949 862 5004 Vita
912 4958 961 5002 et
1006 4952 1328 5004 conversatio
1385 4948 1452 5003 Β.
1514 4950 1737 5002 Andreaz
1781 4949 1895 5003 Sali
1918 4947 2008 5017 qui

428 5039 706 5112 Byzanzii,
742 5042 867 5097 urbe
902 5043 1076 5095 divino
1107 5042 1354 5110 prasidio
1403 5050 1536 5104 tutu,
1575 5045 1740 5109 seipse
1787 5042 2009 5096 stultum

430 5134 723 5187 simulavit.
742 5135 986 5187 Alterum
1016 5148 1047 5186 e
1076 5130 1412 5185 Bibliotheca
1444 5131 1863 5185 eminentissimi
1895 5147 2009 5185 car-

432 5224 630 5278 dinalis
652 5225 910 5278 Mazarini
942 5220 1309 5278 commodavit
1345 5222 1521 5284 nobis,
1585 5224 1848 5291 tantisper
1882 5238 2007 5276 cum

434 5332 538 5370 ms.
572 5329 760 5371 nostro
812 5315 1205 5372 conferendum
1232 5320 1285 5367 et
1324 5312 1557 5365 alterum
1598 5330 1660 5366 ex
1691 5321 1861 5368 altero
1884 5330 2012 5368 cor-

432 5411 714 5475 rigendum
749 5411 1234 5482 supplendumque,
1294 5410 1360 5465 Β.
1422 5408 1483 5463 Ρ.
1509 5406 1745 5462 Jacobus
1804 5404 2008 5471 Quetif,

432 5502 537 5553 Sub
577 5502 679 5555 hoc
723 5503 877 5556 titulo
918 5504 932 5533 ‘
974 5503 1094 5567 Βίος
1163 5504 1256 5557 καὶ
1304 5499 1548 5555 πολιτεία
1587 5498 1678 5551 τοῦ
1736 5498 2007 5567 μακαρίου

433 5589 680 5663 Ἀνδρέα,
712 5593 807 5645 τοῦ
866 5594 955 5647 διὰ
981 5597 1213 5667 Χριστὸν
1256 5590 1450 5654 Σαλοῦ,
1486 5592 1823 5658 συγγραφεὶς
1856 5590 2001 5659 παρ’

434 5681 770 5754 Νικηφόρον,
833 5687 1019 5757 ἱερέως
1050 5691 1146 5757 τῆς
1171 5686 1265 5738 τοῦ
1295 5685 1428 5738 Θεοῦ
1484 5682 1789 5752 ἁγιωεάτης
1841 5684 2010 5751 μεγά-

435 5774 530 5846 λης
585 5778 933 5847 Ἐκκλητίας.
999 5778 1116 5833 Vita
1159 5793 1207 5834 et
1259 5789 1579 5834 conversatio
1642 5777 1705 5830 Β.
1760 5777 2005 5839 Andr-cm,

434 5872 523 5934 qui
564 5883 775 5942 propter
812 5873 1080 5928 Christum
1110 5876 1299 5929 stultus
1334 5875 1429 5943 fuit
1460 5875 1752 5937 Cattacripia
1788 5890 1821 5928 α
1849 5870 2010 5925 Nive.

2107 4676 2302 4744 τάοσῃ.
2336 4672 2453 4728 Non
2496 4675 2675 4728 minus
2715 4674 3022 4744 frequentes
3047 4693 3091 4727 ω
3127 4678 3180 4727 in
3223 4692 3252 4728 ο
3288 4678 3531 4741 vertitur,
3558 4679 3686 4730 dum

2107 4766 2643 4833 constantcrlcgitur
2666 4765 2825 4817 Γονῑα.
2879 4774 2933 4819 ct
2969 4764 3307 4833 Ἐνοτίζομαι
3357 4780 3455 4834 pro
3512 4766 3690 4819 Γωνξα

2108 4868 2161 4911 ct
2236 4856 2611 4925 Ἐνιοτίζομαι.
2680 4856 2943 4910 Similiter
3026 4854 3361 4926 Ἐμπέκτης,
3414 4855 3685 4920 Ἐξέσιος,

2121 4947 2493 5018 Ἐσδητήριον,
2550 4964 2647 5014 pro
2720 4947 3092 5017 Ἐμπαὶκτης,
3160 4946 3445 5012 Ἐξαίσιος,
3482 4947 3688 5015 Alcon—

2107 5040 2318 5107 τήριον,
2362 5031 2428 5092 ⁴(ει
2477 5038 2581 5093 alia
2638 5038 2906 5106 ejusmodi
2947 5046 3153 5091 mutata
3215 5053 3273 5090 τοι
3304 5037 3360 5093 in
3392 5054 3440 5090 ε.
3471 5036 3688 5093 Similes

2108 5131 2311 5199 passim
2334 5130 2565 5184 aliarum
2607 5130 2911 5184 litterarum
2941 5129 3304 5193 mutationes,
3356 5130 3690 5195 additiones,

2110 5221 2568 5289 trans-positiones
2601 5223 2783 5275 videre
2810 5231 2947 5275 erat.

2184 5317 2272 5372 lO.
2299 5315 2505 5371 Horum
2539 5318 2796 5386 pleraque
2822 5333 2890 5372 ne
2922 5328 3185 5389 perpetuo
3217 5316 3330 5373 fere
3353 5317 3691 5371 oﬂ‘endiculo

2111 5419 2299 5463 essent
2356 5405 2594 5470 Lectori,
2630 5409 2698 5462 ad
2767 5411 3079 5465 communis
3107 5408 3482 5478 grammaticae
3540 5408 3710 5463 εἰπε-ι

2110 5516 2295 5569 eaeque
2342 5501 2743 5570 orthographia!
2799 5500 3031 5556 formam
3085 5502 3310 5568 reduxi,
3365 5516 3491 5556 raro
3549 5501 3692 5557 alias

2112 5595 2308 5646 usitata
2366 5593 2417 5644 in
2447 5594 2550 5645 hoc
2608 5606 2771 5661 opere
2815 5592 3056 5647 licentia.
3090 5591 3278 5663 Neque
3321 5593 3424 5648 hoc
3448 5602 3681 5659 tantum,

2110 5684 2207 5739 sed
2270 5684 2409 5738 facta
2464 5685 2750 5752 utriusque
2807 5700 2909 5739 ms.
2967 5687 3034 5738 ad
3085 5686 3314 5740 invicem
3373 5687 3686 5750 collatione,

2113 5777 2277 5830 multa
2307 5778 2358 5831 in
2394 5792 2496 5832 ms.
2541 5775 2802 5831 Vaticano
2838 5779 3072 5832 obscula
3116 5794 3181 5831 ex
3226 5779 3594 5834 Mazariniano
3622 5778 3685 5831 ii—

2110 5870 2359 5935 iustravi,
2425 5885 2523 5926 nec
2581 5886 2782 5941 paucos
2814 5871 2866 5926 in
2901 5870 2990 5925 illo
3024 5872 3355 5927 omissurum
3390 5872 3681 5928 verborum
