4086 6412
316 394 323 402 ’
431 398 546 461 ΕΠ

1616 404 1793 465 ΥΙΤΑ
1836 401 1898 463 S.
1939 397 2268 460 ANDRE/B
2307 399 2502 462 ΞΛΜ.

3575 388 3687 464 634

419 524 590 568 πτιτο
615 524 629 542 ⁸
657 513 685 565 ὁ
737 510 1059 575 “iactavi;
1089 511 1252 566 τοῦτο
1274 511 1397 566 ίδὼν
1419 509 1616 584 ἐχάρη,
1647 512 1677 565 ὁ
1727 511 1997 581 μηδέποτε

2124 512 2334 570 avenis.
2360 520 2503 565 metu
2531 511 2871 581 perterritus.
2896 507 3084 563 relicta
3110 510 3378 571 oratione.
3400 510 3689 566 confusum

417 606 580 676 χάριν
642 602 770 656 ἰδὼν
810 605 923 666 τοῖς
974 603 1276 674 ὀφθαλμοῖς
1308 602 1516 657 αὐτοῦ’
1571 602 1666 656 καί
1693 619 1860 673 φησιν
1916 602 1994 665 ὡς

2124 618 2154 656 n
2173 603 2350 658 cubile
2380 617 2440 657 se
2470 603 2695 672 recepit,
2725 618 2789 657 ac
2820 603 3076 671 stragulis
3117 601 3416 656 involutum
3464 600 3688 658 abdidit.

420 693 558 762 πρός
613 710 736 747 τινα
790 694 1151 765 ὁμοιοτρόπον
1194 692 1396 747 αὑτοῦ·
1443 692 1550 747 Ἴδε
1582 695 1611 747 ὁ
1659 693 1730 746 τὰ
1760 693 1889 761 σέλη
1917 691 1995 761 (7)

2121 690 2223 760 )uo
2280 692 2420 760 viso,
2473 693 2726 757 Satanas,
2789 693 2950 760 cujus
2984 709 3265 764 nunquam
3318 694 3506 748 oculos
3540 694 3687 764 quod

417 784 635 846 ισθίων.
678 796 773 839 και
805 786 971 849 αὐτὸς
1011 785 1113 856 ἤδη
1138 783 1259 838 καθ’
1289 784 1448 856 ημῶν
1499 783 1847 856 ἀνδρεύεταιί
1890 784 2000 838 Καὶ

2121 794 2312 838 rectum
2365 794 2447 840 est
2499 795 2647 841 recte
2704 784 2887 850 allicit,
2915 799 3263 852 summopere
3310 777 3542 854 'gavisus
3603 786 3691 839 di-

417 874 576 929 τοῦτο
604 874 798 938 είπὼν,
851 875 1222 947 ἀνεχώρησεν.

2108 877 2186 931 cit
2241 878 2456 932 cuidam
2516 877 2760 945 ejusdem
2849 894 3032 933 secum
3089 877 3342 934 farinze:
3403 876 3541 932 Ecce
3604 877 3693 931 ille

417 970 606 1032 etiam,
658 966 755 1038 qui
798 966 942 1023 fabis
1003 968 1268 1037 vescitur,
1344 982 1512 1040 quam
1558 966 1821 1039 praeclare
1875 968 2169 1025 adversum
2229 986 2330 1028 nos
2379 987 2492 1028 rem
2550 972 2725 1045 gerit!
2795 972 3044 1043 Cumque
3107 972 3221 1028 ba-c
3273 971 3517 1038 dixisset,
3568 972 3694 1026 inde

418 1062 580 1117 abiit.

487 1153 552 1207 δ’.
601 1152 738 1205 ’Δπδ
762 1149 858 1206 τοῦ
883 1151 1055 1221 φόθου
1074 1151 1131 1206 δὲ
1163 1151 1317 1224 ὕπνῳ
1343 1150 1630 1224 βαθυτάτῳ
1667 1153 1951 1225 συσχεθεὶς
1970 1152 2008 1231 ,δ

423 1244 717 1316 μακάριος,
744 1242 850 1315 ὁρᾷ
880 1244 977 1297 καὶ
1005 1243 1116 1297 ίδοὺ
1133 1243 1214 1297 ὅτι
1246 1242 1321 1297 ὢν
1357 1245 1416 1297 ἐν
1455 1242 1696 1314 θεάτρῳ,
1725 1244 1822 1298 καὶ
1847 1238 1917 1314 ἧν
1948 1244 2009 1297 ιν

420 1337 502 1406 τῷ
533 1336 617 1390 ἑνὶ
648 1334 806 1406 μέρει
828 1335 921 1389 τοῦ
950 1334 1181 1407 θεάτρου
1202 1335 1411 1405 πλῆθος
1459 1334 1736 1390 Αἰθιόπων
1766 1334 2005 1402 πολλῶν,

423 1412 718 1493 ἑυναγωγή
739 1440 822 1487 τις
847 1424 1119 1496 ἀφόρητος
1154 1426 1252 1496 (8),
1285 1426 1380 1480 καὶ
1418 1426 1479 1479 ὲν
1497 1426 1578 1496 τῷ
1605 1426 1781 1497 ἑτέρῳ
1804 1426 2010 1497 πλῆθος

421 1511 941 1584 λευσχημονούντων
994 1516 1090 1569 καὶ
1149 1517 1355 1588 ἑτέρων
1412 1517 1628 1588 ἀνδρῶν
1679 1516 2009 1587 ἱεροπρεπε-

424 1607 657 1660 στάτων.
697 1601 854 1676 Εἶχον
885 1607 942 1661 δὲ
972 1609 1041 1661 τά
1073 1610 1311 1680 ἑκάτερα
1366 1608 1509 1680 μέρη
1542 1610 1845 1681 συζήτησίν
1884 1627 2008 1665 τινα

424 1698 562 1768 πρὸς
587 1698 816 1763 ἃαυτοὺς
835 1703 931 1753 καὶ
968 1701 1231 1766 ἀλλήλους
1257 1704 1386 1772 περὶ
1427 1702 1632 1773 δρόμου
1675 1706 1771 1757 καὶ⁵
1802 1703 2003 1774 πάλης·

2179 1152 2235 1207 4.
2294 1153 2490 1208 Beatus
2537 1170 2666 1210 vero
2728 1155 3006 1222 Andreas,
3051 1156 3361 1211 remittente
3414 1173 3473 1212 ευρ
3521 1168 3692 1217 metu.

2110 1261 2304 1302 somno
2346 1246 2615 1303 altissimo
2664 1259 2969 1313 correptus,
3009 1249 3361 1317 deprehendit
3420 1264 3590 1320 super
3613 1252 3693 1306 vi-

2111 1338 2322 1395 sionem
2378 1340 2430 1393 in
2467 1340 2702 1405 theatro,
2729 1341 2887 1410 cujus
2931 1342 2983 1394 in
3025 1341 3196 1396 altera
3247 1348 3399 1411 parte
3430 1340 3694 1409 plurimo-

2113 1443 2232 1484 rum
2281 1427 2600 1498 IEthiopum
2661 1447 2954 1486 numerosa
3011 1431 3193 1497 turba,
3256 1434 3306 1486 in
3341 1432 3510 1486 altera
3546 1434 3692 1487 mul-

2114 1522 2288 1577 titudo
2331 1523 2594 1589 virorum,
2653 1524 2897 1580 candidis
2949 1524 3265 1579 indutorum
3316 1523 3595 1586 vestibus,
3627 1539 3694 1581 ac

2113 1613 2332 1681 decore,
2366 1623 2420 1670 et
2441 1616 2800 1671 sanctimonia
2849 1617 3293 1686 conspiruorum.
3323 1615 3689 1683 Quaestione")

2112 1703 2180 1759 de
2226 1719 2389 1760 cursu
2440 1715 2495 1761 et
2537 1707 2679 1761 lucta
2729 1709 3024 1761 movebant
3075 1707 3216 1761 inter
3287 1722 3347 1762 se
3403 1707 3695 1777 utrubique

424 1792 477 1844 οι
506 1789 619 1860 γὰρ
643 1792 925 1857 Αἰθίοπες,
951 1793 1168 1864 Μαῦρόν
1197 1809 1319 1848 τινα
1334 1768 1610 1865 *μέγιστον
1656 1768 2007 1865 κεκτημένοι,

2121 1792 2421 1864 Ειὴίορθε,
2472 1811 2611 1865 quos
2648 1796 2788 1851 inter
2837 1795 3058 1853 Maurus
3099 1797 3317 1867 quidam
3375 1768 3693 1852 versabaiur

429 1881 660 1953 ιζήτουν
709 1887 777 1955 τῇ
830 1888 1127 1958 συναγωγῇ
1173 1887 1285 1939 τῶν
1332 1887 1747 1963 λευσχημόνων,
1793 1886 2011 1949 Ὀποτός

433 1979 583 2030 ιστιν
636 1977 666 2031 ὁ
726 1976 938 2048 μέλλων
989 1978 1208 2048 τρέχειν
1265 1980 1362 2031 καὶ
1409 1980 1664 2033 παλαίειν
1722 1978 1862 2048 μετά
1916 1979 2011 2032 τοῦ

431 2064 658 2136 Μαύρου
714 2067 968 2134 ἐκείνους
1009 2069 1186 2133 οὐδεὶς
1229 2069 1348 2142 γὰρ
1379 2070 1531 2141 αύτῷ
1563 2071 1797 2141 ἀντέστη
1826 2069 2013 2136 ἔλεγον

428 2159 670 2221 πώποτε,
696 2159 801 2213 κάν
840 2161 985 2229 τάχα
1036 2161 1178 2232 μετὰ
1216 2162 1427 2217 πολλῶν
1460 2162 1629 2217 αὑτοῦ
1658 2162 2000 2232 προσπαλαί-

430 2265 628 2313 σαντος
675 2250 773 2303 ἀπ’
818 2251 1016 2315 αίῶνος
1041 2252 1117 2316 ὡς
1140 2251 1412 2321 ἔφασκον·
1474 2248 1544 2322 ἦν
1582 2253 1693 2323 γὰρ
1727 2252 2009 2323 χιλίαρχος

427 2340 527 2406 τῆς
551 2338 751 2410 πολλῆς
792 2340 1009 2412 ἐκείνης
1056 2340 1325 2410 λεγεῶνας
1353 2342 1447 2396 τοῦ
1495 2343 1737 2396 Σατανᾶ.
1788 2342 1878 2411 Ἐν
1903 2342 2014 2412 ὅσῳ

427 2428 525 2485 οὖν
549 2434 751 2487 ἐκεῖνοι
805 2433 983 2489 ταῦτα
1031 2435 1369 2507 ὲκαυχῶντο,
1423 2436 1520 2489 καὶ
1572 2433 1742 2489 αὐτοῦ
1774 2434 2013 2497 ἑστῶτος

432 2526 529 2579 καὶ
558 2527 941 2597 ἀκροωμένου,
998 2529 1093 2583 καὶ
1119 2528 1229 2582 τῶν
1276 2528 1639 2599 λασχημόνων
1664 2524 2013 2594 ὲπαπορούν-

429 2632 564 2682 των,
601 2613 681 2684 εἷς
727 2636 816 2684 τις
863 2621 1086 2684 νεανίας
1116 2621 1181 2675 ὲκ
1210 2621 1320 2675 τῶν
1354 2620 1565 2676 ἀνωθεν
1583 2621 1833 2683 καταϐὰς
1864 2619 2012 2672 πάνυ

431 2711 658 2779 ὡραῖος,
681 2715 936 2784 κατεῖχεν
965 2715 1024 2768 ἐν
1050 2718 1117 2785 τῇ
1149 2716 1297 2785 χειρὶ
1314 2713 1485 2768 αὐτοῦ
1507 2717 1662 2786 τρεῖς
1691 2713 2011 2782 στεφάνους

428 2796 558 2858 ὦνὸ
602 2806 701 2873 μὲν
725 2801 806 2868 εἷς
838 2806 982 2861 πάνυ
1035 2805 1460 2879 ἑξηνθισμένος,
1520 2796 1731 2876 χρυσίῳ
1778 2804 2014 2876 καθαρῷ

432 2898 531 2950 καὶ
583 2897 849 2968 βασιλικῷ
903 2898 1323 2971 ἐχρημάτιζενο
1378 2898 1407 2951 ὁ
1461 2897 1519 2952 δὲ
1559 2897 1770 2969 ἕτερος,
1824 2896 2015 2965 ὥσπερ

438 2988 680 3057 ἀστέρας
725 2989 854 3054 τοὺς
883 2992 1184 3062 ἀτιμήτους
1209 2990 1389 3053 λίθους
1412 3008 1472 3044 τε
1522 2991 1618 3044 καὶ
1669 2987 2016 3060 μαργαρίτας

2113 1888 2257 1942 mole
2285 1889 2531 1956 corporis
2576 1887 2775 1956 insigni
2816 1887 3275 1943 :sciscilabanlur
3318 1902 3347 1940 e
3376 1888 3694 1943 candidato-

2112 1994 2234 2034 rum
2288 1981 2468 2044 turba,
2518 1981 2771 2051 quisnam
2825 1981 3081 2051 congredi
3131 1997 3254 2036 cum
3286 1980 3379 2035 illo
3400 1996 3493 2036 seu
3526 1995 3691 2038 Cursu

2112 2087 2205 2127 seu
2231 2072 2373 2127 lucta
2406 2072 2626 2127 auderet
2652 2091 2666 2126 :
2692 2071 2871 2127 nullus
2896 2073 3096 2142 quippe
3117 2089 3381 2142 unquam,
3413 2074 3699 2138 dicebant,

2113 2164 2215 2233 ipsi
2253 2165 2662 2231 resistendopar
2685 2164 3028 2225 fuit,tametsi
3050 2179 3170 2217 cum
3204 2165 3450 2234 pluribus
3474 2180 3502 2219 a
3524 2164 3694 2219 multo

2108 2255 2222 2327 jam
2255 2265 2497 2326 tempore
2516 2264 2856 2326 ‘congressus
2890 2273 2904 2305 :
2937 2256 3215 2311 eratenim
3250 2256 3559 2325 ,chiliarcha
3590 2271 3694 2310 nu-

2114 2361 2343 2401 merosm
2376 2346 2535 2405 istius
2559 2347 2815 2402 satanicze
2860 2347 3112 2417 legionis.
3164 2346 3316 2401 inter
3349 2346 3446 2401 has
3474 2346 3691 2401 illorum

2110 2438 2454 2509 jactationes,
2480 2455 2619 2509 quas
2651 2440 2702 2493 in
2740 2439 2924 2494 medio
2957 2441 3268 2494 consistens
3297 2439 3551 2494 audiebat
3579 2438 3694 2491 An—

2112 2532 2294 2595 dreas,
2317 2531 2473 2585 turba
2490 2530 2902 2586 candidatorum
2928 2530 3127 2585 animis
3147 2532 3445 2600 pendente;
3470 2531 3699 2585 descen-

2115 2623 2193 2676 dit
2241 2638 2272 2677 e
2310 2622 2429 2677 loco
2460 2623 2742 2692 superiore
2788 2621 3006 2691 juvenis
3060 2622 3351 2678 adnmdum
3395 2622 3692 2686 formosus,

2115 2723 2226 2770 tres
2274 2730 2438 2769 manu
2497 2729 2728 2769 coronas
2750 2724 2940 2768 tenens
2969 2731 2984 2767 :
3016 2729 3244 2783 quarunt
3293 2729 3425 2779 una,
3464 2713 3693 2768 nimium

2115 2812 2376 2873 quantum
2426 2802 2671 2857 radiabat
2708 2818 2844 2857 auro
2894 2803 3193 2872 purissimo
3248 2812 3305 2857 et
3354 2804 3694 2873 praastantis-

2114 2895 2292 2958 simo;
2352 2894 2520 2948 altera
2574 2895 3001 2963 circumquaque
3051 2909 3145 2962 per
3196 2893 3459 2948 ambitum
3496 2894 3696 2948 distiu-

2116 2985 2380 3055 guebatur
2408 2984 2635 3054 gemmis
2652 2985 3122 3039 inaestimabilihus
3143 3000 3207 3039 ac
3229 2985 3557 3056 margaritis,
3584 2999 3695 3039 non

438 3077 721 3135 κύκλωθεν
754 3083 850 3137 καὶ
874 3080 1220 3154 ἑκατέρωθεν
1249 3085 1530 3153 περιεῖχεν
1551 3082 1976 3151 ἀστράπτοντας
1995 3097 2008 3111 ·

2121 3077 2274 3131 aliter
2304 3092 2464 3147 qnam
2500 3077 2671 3132 stellis
2700 3077 2822 3132 caeli
2846 3076 3196 3132 rutilantibus
3224 3094 3239 3143 ;
3270 3077 3426 3131 tertia
3451 3077 3695 3143 demum,

433 3171 466 3221 ὸ
508 3169 566 3223 δὲ
609 3171 794 3242 τρίτος
820 3168 889 3244 ἦν
943 3173 1344 3244 μεγεθέστερος
1387 3172 1534 3243 ὑπὲρ
1593 3171 1722 3235 τοὺς
1759 3170 1874 3234 δύο,
1905 3170 2016 3224 ἀπὸ

438 3262 621 3333 πάσης
652 3265 932 3328 ἀνθήσεως
966 3265 1158 3336 ῥόδων,
1182 3265 1275 3319 καὶ
1302 3264 1528 3335 κρίνων,
1562 3265 1653 3317 καὶ
1680 3262 1888 3331 φυτῶν,
1923 3260 2039 3316 καὶ.Δ

434 3354 617 3408 τανῶν
658 3356 757 3409 τοῦ
819 3355 1154 3425 παραδείσου
1193 3355 1289 3410 τοῦ
1320 3355 1460 3409 Θεοῦ
1499 3354 2017 3426 συμπεπλεγμένος,

436 3444 580 3498 ὥστε
607 3441 748 3500 εἶναι
801 3446 968 3502 αὑτὸν
1019 3447 1118 3502 καὶ
1164 3448 1560 3520 ἀμαράντινον,
1610 3449 1707 3501 καὶ
1746 3444 2019 3515 τοσαύτην

439 3535 590 3603 ἒχειν
614 3536 901 3607 εὐοσμίαν,
933 3533 1057 3591 οἷαν
1086 3538 1213 3603 νοῦς
1233 3536 1526 3608 ἀνθρώπου
1564 3537 1919 3608 παραστῆσαι
1954 3536 2016 3590 ού

436 3626 687 3682 δύναται.

511 3745 574 3794 ε’.
611 3739 740 3794 ἰδὼν
764 3740 860 3795 οὖν
883 3741 1057 3800 ταῦτα
1080 3742 1380 3814 ὁἈνδρέας
1408 3744 1599 3812 ἠνιᾶτο
1633 3743 1727 3797 καὶ
1750 3743 2018 3813 ἐγλίχετο,

444 3832 583 3897 πῶς,
614 3832 648 3904 ἦ
681 3833 817 3904 ποίῳ
847 3834 1036 3905 τρόπῳ
1076 3834 1373 3910 δυνήσεται
1417 3835 1525 3888 κᾶν
1552 3836 1649 3887 ἕνα
1677 3835 1882 3900 λαϐεῖν,
1912 3836 2022 3889 ἀπὸ

440 3926 553 3982 τῶν
603 3925 884 3993 στεφάνων
934 3926 1182 3982 ἐκείνων.
1243 3926 1356 3980 Καὶ
1400 3926 1723 3998 προσελθὼν
1770 3926 1922 3996 λέγει
1942 3926 2022 3998 τῷ

442 4019 646 4074 ιύειδεί
705 4019 957 4091 νεωτέρῳ
1015 4020 1235 4091 ἐκείνῳ.
1291 4018 1491 4084 Οὕτως
1539 4020 1689 4088 ἔχοις
1742 4021 1838 4074 τὸν
1887 4021 2023 4091 Χρι-

447 4110 575 4162 στδν
620 4110 719 4180 (9),
751 4109 763 4183 1
790 4113 911 4163 είπὲ
944 4128 1056 4181 μοι,
1100 4110 1438 4181 πιπράσκεις
1494 4109 1700 4177 mitra;
1733 4110 1875 4181 τάχα
1912 4111 2022 4179 γὰρ

441 4204 545 4256 οὐκ
563 4202 758 4276 ἀπορῶ
788 4203 929 4257 αύτά
951 4202 1245 4274 ἀγορᾶσαι·
1277 4201 1395 4258 ἀλλ’
1416 4202 1465 4255 εί
1507 4203 1704 4272 μικρὸν
1729 4218 1793 4255 συ
1802 4202 2024 4274 μπάθῃς

448 4313 559 4364 μοι,
589 4294 882 4365 πορευθεὶς
924 4294 1155 4366 μηνύσω
1206 4294 1287 4364 τῷ
1330 4293 1507 4365 κυρίῳ
1571 4311 1698 4363 μου,
1742 4295 1834 4349 καὶ
1863 4294 2026 4359 αὐτὸς

442 4376 659 4443 δίδωσίν
682 4406 764 4442 σοι
803 4389 930 4443 ὅσον
958 4387 1128 4460 βούλῃ
1154 4386 1405 4459 χρυσίον.
1439 4390 1534 4441 καὶ
1553 4387 1826 4456 λαμϐάνει
1859 4389 2019 4442 αὐτὰ.

2120 3169 2389 3238 prioribus
2414 3168 2623 3224 duabus
2653 3169 2907 3239 amplior,
2933 3184 2999 3223 ex
3025 3169 3172 3223 omni
3226 3168 3416 3223 ﬂorum
3476 3186 3693 3242 genere,

2120 3262 2281 3327 rosis,
2312 3262 2461 3327 liliis,
2497 3263 2752 3329 surculis,
2786 3263 3082 3332 herbisque
3109 3263 3277 3318 variis
3321 3262 3558 3333 paradisi
3588 3278 3700 3319 cm-

2119 3355 2270 3409 lestis
2325 3354 2501 3423 plcxa,
2562 3354 3032 3410 immarcescibilis
3067 3363 3207 3421 erat,
3248 3363 3561 3421 tantamque
3589 3353 3700 3409 dif-

2121 3444 2380 3499 fundebat
2422 3445 2607 3500 odoris
2669 3446 3014 3513 suavitatem,
3077 3456 3338 3516 quautam
3402 3447 3506 3502 sibi
3548 3462 3698 3502 mens

2120 3536 2361 3592 hominis
2392 3538 2683 3609 imaginari
2720 3538 2941 3595 difﬁcile
2972 3549 3171 3610 p0tesl.

2192 3745 2246 3800 5.
2265 3743 2624 3814 Conspicatus
2643 3746 2759 3800 lucc
2778 3743 3024 3800 Andreas
3041 3745 3475 3801 tliscruria‘atur
3491 3746 3695 3812 animo,

2121 3836 2454 3905 ardebatque
2476 3837 2636 3897 scire,
2660 3851 2770 3906 quo
2787 3845 2942 3904 pacto
2971 3836 3053 3891 vel
3082 3853 3244 3890 unam
3276 3836 3504 3892 istarum
3536 3853 3701 3893 coro-

2122 3944 2314 3982 narum
2376 3925 2617 3982 nancisci
2673 3938 2876 3997 posset.
2930 3927 3000 3983 Et
3050 3927 3273 3997 propius
3314 3929 3582 3983 accedens
3629 3928 3698 3984 ad

2121 4020 2276 4074 illum
2305 4019 2492 4074 formae
2520 4018 2732 4074 eximiae
2749 4018 3002 4087 juvenem
3025 4035 3040 4071 :
3067 4018 3165 4086 lta,
3208 4019 3407 4090 inquit,
3432 4019 3700 4090 propitius

2124 4111 2221 4167 tibi
2269 4110 2523 4166 Christus
2549 4112 2650 4176 sit;
2692 4111 2779 4165 dic
2824 4124 2944 4181 age,
2978 4121 3157 4164 utrum
3190 4110 3306 4165 haec
3337 4112 3542 4166 venalia
3572 4127 3702 4182 pro-

2124 4217 2294 4272 ponas
2322 4219 2337 4258 :
2361 4202 2504 4257 illico
2533 4216 2768 4272 namque
2796 4215 2981 4256 emere
3013 4216 3120 4256 non
3144 4202 3483 4258 dubitarem:
3509 4217 3700 4257 verum

2124 4295 2170 4351 si
2188 4295 2268 4349 vel
2288 4293 2495 4349 tantilla
2526 4294 2629 4347 mei
2649 4304 2698 4348 te
2715 4300 2901 4363 tangat
2918 4293 3216 4359 miseratio,
3249 4293 3461 4356 abiens,
3483 4310 3694 4364 quaeso,

2129 4387 2384 4445 indicabo
2443 4386 2668 4442 domino
2739 4401 2883 4449 meo,
2938 4386 3281 4455 persolutum
3314 4386 3408 4441 tibi
3436 4397 3701 4458 quantum

448 4481 596 4551 Ἔφη
634 4481 783 4552 αὐτῷ
811 4483 840 4534 ὁ
870 4480 1090 4544 νεανίας
1122 4479 1346 4551 μειδιῶν
1367 4480 1446 4550 τῷ
1471 4479 1770 4551 προσώπῳ·
1796 4480 2018 4533 Πίστευε

2127 4480 2372 4551 exegeris
2416 4478 2596 4549 pretii,
2632 4485 2692 4530 ut
2722 4477 2810 4531 illa
2832 4477 3062 4532 auferat.
3092 4476 3313 4533 Placido
3345 4477 3411 4531 ad
3451 4481 3564 4532 hzec
3581 4480 3700 4534 vul-

448 4576 540 4630 σόν
576 4590 689 4645 μοι,
713 4572 986 4643 ἀγαπητὲ,
1014 4575 1098 4627 ὅτι
1127 4571 1223 4630 τοῦ
1261 4572 1472 4641 κόσμου
1496 4573 1559 4625 τὸ
1582 4572 1809 4643 χρυσίον
1839 4573 1894 4625 εἴ
1930 4588 2022 4641 μοι

448 4666 680 4735 ὶνὲγκης
705 4666 762 4718 ἓν
789 4666 900 4720 τῶν
928 4665 1139 4719 ἀνθέων
1186 4663 1378 4736 τρόπῳ
1422 4658 1655 4734 τοιούτῳ
1691 4664 1752 4716 οὐ
1795 4665 2024 4735 παρέχω

445 4757 572 4811 οὔτε
594 4774 699 4821 σοι,
752 4757 875 4812 οὔτε
899 4760 1009 4813 τινὶ
1040 4758 1239 4828 ἑτέρῳ,
1265 4756 1385 4810 ἀλλ’
1419 4755 1515 4813 οὖν
1544 4754 1670 4810 οὔτε
1702 4754 1780 4827 τῷ
1808 4756 2023 4825 νομιζο-

451 4853 600 4923 μένῳ
648 4851 825 4923 κυρίῳ
874 4869 993 4906 σου.
1037 4850 1114 4906 οὐ
1156 4851 1268 4921 γάρ
1302 4851 1413 4907 εἰσι
1448 4848 1624 4903 ταῦτα
1651 4847 1749 4902 τοῦ
1787 4848 2027 4920 ματαίου

526 5052 604 5123 (7)
632 5052 697 5107 '0
743 5053 818 5107 τὰ
843 5053 998 5119 σέλη
1032 5052 1272 5108 ἐσθίων.
1326 5052 1527 5108 Eadem
1555 5059 1834 5123 recurrunt
1874 5067 2030 5108 num.

453 5122 546 5187 78,
580 5123 675 5179 sed
736 5124 906 5177 nihilo
944 5125 1145 5178 clarior
1187 5138 1384 5177 sensus
1420 5125 1683 5178 cernitur.
1707 5122 1822 5176 Cibi
1859 5137 2030 5191 genus

452 5195 605 5249 innui
642 5193 989 5247 manifestum
1021 5203 1106 5246 est
1135 5209 1150 5246 :
1185 5200 1238 5244 at
1266 5192 1427 5259 cujus
1458 5191 1692 5247 diﬂicilis
1709 5193 2026 5258 conjectura

453 5273 561 5327 est,
595 5264 670 5317 uti
721 5272 774 5318 et
818 5264 957 5316 alias
992 5274 1134 5326 saepe
1164 5262 1287 5315 erit.
1320 5261 1452 5332 Ego,
1501 5262 1590 5332 qui
1616 5263 1755 5332 {uois
1779 5263 2028 5328 vescitur,

453 5336 802 5403 interpretor,
871 5347 979 5386 non
1032 5332 1176 5403 quod
1231 5332 1308 5386 sic
1339 5330 1520 5403 putent
1558 5330 1814 5403 explicari
1863 5342 2026 5403 recte,

456 5407 552 5458 sed
602 5400 670 5458 ite
717 5403 849 5456 nihil
883 5401 1132 5470 ponendo
1190 5415 1369 5453 morer
1402 5401 1704 5470 LettOrem.
1749 5400 2026 5455 Credibile

455 5482 639 5527 tamen
687 5483 789 5532 rst.
853 5469 1074 5525 vilintes
1120 5471 1383 5540 quosdam
1409 5469 1556 5522 cibos
1598 5485 1628 5522 e
1662 5470 2028 5538 leguminibus

460 5544 712 5599 herbisve
741 5542 1049 5611 designari;
1106 5538 1358 5611 qualibus
1384 5544 1538 5611 initio
1564 5540 1629 5592 ad
1669 5540 2025 5611 subigendam

461 5614 642 5682 gulam
696 5613 841 5666 vesci
864 5609 1146 5665 solebant
1176 5610 1273 5674 illi,
1309 5610 1402 5679 qui
1448 5611 1513 5664 ad
1545 5610 1890 5682 serviendum
1916 5609 2028 5662 Deo

464 5679 787 5751 adjiciebant
822 5681 1112 5751 animum:
1141 5696 1375 5750 quorum
1411 5679 1649 5749 vestigiis
1686 5680 2026 5751 insistentem

462 5749 734 5811 Andream
788 5752 997 5805 deetuon
1067 5749 1417 5806 hicirridere
1450 5750 1717 5805 videatur.
1750 5749 1808 5803 Si
1844 5759 2025 5803 autem

470 5824 600 5881 velis
631 5826 690 5876 τὸ
723 5821 871 5886 σέ).ος
896 5820 1155 5891 cupedias
1199 5822 1527 5892 signiﬁcare,
1565 5822 1949 5890 expmbrantis
1976 5818 2027 5873 id

2133 4581 2187 4626 ιιι
2244 4570 2533 4625 subridens
2593 4569 2704 4636 ille,
2734 4567 2937 4624 Credas
2985 4569 3116 4623 mihi
3159 4571 3342 4636 velim,
3366 4571 3464 4633 ait,
3494 4573 3703 4628 charis-

2132 4665 2293 4729 sime,
2314 4663 2356 4717 si
2386 4660 2646 4731 quidquid
2686 4660 2740 4713 in
2772 4660 2976 4715 mundo
2994 4660 3304 4714 divitiarum
3335 4672 3417 4716 est
3451 4677 3704 4731 compor-

2135 4756 2266 4812 tat-is
2293 4752 2684 4819 obtulerisque,
2710 4766 2816 4805 non
2853 4750 2969 4816 tibi,
3000 4766 3107 4805 non
3137 4752 3289 4807 alteri
3352 4753 3546 4817 cuivis,
3592 4768 3701 4808 non

2135 4860 2250 4913 tuo,
2317 4836 2478 4916 quem
2519 4856 2811 4906 memoras,
2846 4842 3069 4898 domino
3137 4844 3217 4899 vel
3253 4858 3418 4898 unum
3463 4859 3530 4899 ex
3554 4844 3704 4899 hisce

2137 5049 2299 5105 fuerit
2325 5049 2482 5119 quasi
2511 5047 2741 5103 dicentis
2782 5065 2795 5100 :
2829 5047 2968 5104 Ecce
2998 5048 3087 5103 hic
3109 5048 3272 5103 etiam
3297 5083 3313 5105 .
3338 5046 3432 5119 qui
3462 5047 3705 5108 deliratis

2136 5137 2168 5177 e
2199 5118 2384 5175 mensa
2421 5119 2630 5174 domini
2670 5119 2753 5175 sui
2789 5120 2926 5173 cibis
2965 5119 3211 5183 farcitur,
3249 5118 3534 5173 uobiscum
3568 5134 3707 5176 con-

2137 5190 2285 5261 gredi
2317 5206 2422 5243 non
2466 5200 2700 5261 veretur.

2209 5260 2288 5329 (8)
2357 5260 2682 5326 Ἀφόρητος
2756 5257 3113 5314 intolerabilis
3163 5259 3380 5328 quidem
3441 5258 3703 5326 vertitur;

2136 5345 2324 5384 verum
2391 5330 2768 5399 hancAvocem
2829 5344 2936 5383 non
2970 5343 3186 5396 semper
3210 5331 3262 5381 in
3297 5332 3510 5399 propria
3540 5331 3705 5399 signi-

2137 5400 2389 5454 ﬁcatione
2426 5396 2588 5468 sumi,
2618 5398 2711 5450 sed
2747 5400 2911 5452 etiam
2973 5415 3069 5467 pro
3099 5396 3320 5463 multus,
3352 5396 3554 5468 ingens.
3589 5396 3705 5454 sin-

2134 5469 2360 5540 gularis,
2384 5478 2494 5520 tutu
2527 5467 2628 5540 hoc
2658 5468 2797 5540 loco,
2831 5478 2945 5540 tum
2979 5468 3181 5540 clarius
3211 5470 3370 5522 etiam
3393 5467 3521 5540 tuos
3553 5485 3706 5540 num.

2136 5536 2169 5592 ii
2216 5547 2444 5599 constat,
2495 5537 2585 5588 ubi
2615 5537 2708 5588 ἐπὶ
2744 5538 3026 5608 ἀφορήτας
3079 5536 3227 5607 ὥρας
3266 5548 3321 5591 et
3353 5537 3548 5608 εὐωδία
3569 5539 3708 5606 ἀφό-

2138 5624 2302 5679 ρητος
2361 5608 2561 5679 dicitur
2614 5620 2758 5679 ;_p_ro
2793 5607 3042 5679 _quorutn
3119 5608 3298 5677 ptimo
3348 5607 3485 5662 Maz.
3547 5609 3711 5664 habet

2136 5674 2389 5748 expresse
2416 5676 2510 5748 ἐπ).
2544 5674 2746 5748 πολλὴν
2782 5674 2951 5745 ὥραν.

2209 5745 2285 5813 t9)
2328 5747 2402 5802 Ita
2454 5745 2568 5799 Μαι
2600 5786 2616 5811 ,
2646 5746 2926 5818 aliquanto
2959 5745 3159 5818 rlarius
3235 5763 3397 5818 quam
3479 5746 3709 5804 habebat

2137 5831 2411 5887 uestrum,
2453 5818 2659 5881 Ὄντως
2694 5815 2757 5868 σὺ
2781 5815 2923 5886 ἔχεις
2956 5816 3216 5886 Χριστόν.
