4086 6398
340 354 477 413 .ίὶ.”5

1431 346 1848 406 NICEPHORI
1894 344 2361 406 I‘RESBYTERl
2399 346 2509 405 (ἶΡρ

3501 338 3607 403 636

374 462 610 520 ﬂosculis
641 460 895 515 additu-ro
922 470 936 511 :
962 471 1137 527 neque
1191 457 1334 512 enim
1387 457 1508 509 vani
1542 457 1767 526 hujusce
1792 470 1947 508 mnu-

2058 455 2259 525 κόσμου
2308 453 2525 517 τούτου,
2566 454 2639 516 ὡς
2702 451 3039 520 ὐπινόησαςο
3095 449 3227 504 ἀλλὰ
3253 450 3426 504 tuin-6
3467 453 3608 505 slotv

374 557 428 611 di
484 556 669 608 isthaec
732 560 1054 606 ornamenta
1118 559 1269 612 sunt,
1302 557 1358 601 ut
1388 546 1722 616 suspicaris;
1757 560 1943 600 verum

324 627 612 713 _'thes:un-i
654 645 906 698 caelestes
957 649 1009 693 et
1046 652 1257 695 coronat
1297 636 1519 701 Christi,
1551 636 1752 706 quibus
1785 650 1944 690 coro-

374 751 573 794 nantur
634 736 711 791 illi
767 736 860 804 qui
910 733 1129 788 Mauros
1178 731 1312 786 istos
1357 729 1663 799 proﬂigant.
1695 728 1750 782 Si
1796 741 1946 791 vero,

374 844 486 885 non
538 842 700 883 unam
750 823 1115 888 solummodo,
1179 822 1273 877 sed
1297 837 1487 876 onmes
1550 836 1645 875 res
1672 828 1950 887 reportare

375 922 697 985 desideras;
732 919 855 974 veni
887 927 939 973 et
974 916 1257 985 accingere
1288 930 1501 985 pugnae,
1533 929 1657 967 cum
1692 910 1950 979 Ethiope

376 997 555 1070 isthoc
580 1013 735 1083 nigra
760 1009 985 1081 fuligine
1010 1022 1234 1077 asperso
1251 1005 1653 1062 committendae
1680 1022 1693 1058 :
1725 1002 1868 1073 quod
1901 1004 1947 1056 si

377 1107 626 1177 superior
660 1105 851 1165 fueris.
878 1118 985 1159 non
1013 1102 1102 1156 his
1126 1100 1288 1156 modo
1317 1099 1515 1163 tribus,
1541 1097 1633 1152 sed
1683 1103 1950 1167 quotquot

377 1199 637 1262 volueris,
684 1205 740 1252 et
801 1195 1020 1265 quidem
1074 1192 1232 1264 longe
1279 1188 1726 1263 speciosioribus,
1789 1202 1818 1241 a
1864 1201 1951 1242 me

378 1288 689 1343 donaberis.
765 1286 903 1339 Cum
947 1285 1062 1339 haec
1102 1282 1345 1338 audisset
1389 1282 1656 1344 Andreas,
1691 1280 1864 1348 posita
1895 1279 1949 1332 in

378 1380 560 1435 verbis
596 1379 744 1433 illius
777 1364 969 1431 fiducia
1001 1394 1016 1430 :
1047 1373 1221 1430 Crede
1270 1374 1426 1440 mihi,
1463 1373 1660 1444 inquit,
1687 1384 1952 1441 exsequar

376 1484 717 1540 quaecunque
761 1467 944 1521 dixisti
982 1483 997 1520 :
1037 1463 1379 1521 solummodo
1440 1462 1492 1517 id
1551 1476 1703 1532 rogo,
1733 1470 1790 1515 ut
1819 1459 1951 1512 insi.

377 1561 495 1613 dias
529 1568 581 1612 et
609 1557 1038 1612 machinamenta
1062 1551 1337 1621 xEthiopis
1358 1565 1443 1605 me
1464 1551 1709 1605 edoceas.
1750 1549 1952 1605 Adhzec

370 1648 586 1715 juvenis
616 1666 631 1703 :
664 1646 819 1701 Tune
852 1646 1014 1717 igitur
1040 1641 1595 1715 haeciguorashudi.
1627 1639 1946 1709 [Vt-utiquam

376 1739 627 1812 generosi
676 1745 805 1793 sunt
862 1736 1183 1803 jEthiopes;
1246 1742 1377 1788 sunt
1419 1742 1598 1786 autem
1626 1731 1949 1796 meticulosi,

378 1840 506 1885 sunt
530 1829 800 1896 imbelles,
849 1835 977 1881 sunt
1008 1826 1217 1880 viribus
1249 1824 1518 1879 destituti.
1553 1821 1739 1892 Neque
1769 1830 1820 1876 te
1840 1829 1952 1875 ter-

378 1928 496 1975 reat
545 1921 735 1989 ingens
791 1907 982 1990 ip'sius,
1032 1932 1153 1987 quae
1189 1925 1415 1986 apparet
1459 1923 1836 1970 statura:tam
1860 1912 1957 1967 de-

379 2012 511 2068 bilis
556 2014 755 2083 quippe
811 2021 867 2067 et
894 2011 1104 2080 fragilis
1159 2020 1259 2075 est,
1286 2024 1448 2080 quam
1484 2010 1668 2064 caules
1699 2020 1753 2063 et
1783 2008 1952 2063 olera.

382 2105 478 2159 llis
520 2105 751 2176 aliisque
801 2104 985 2167 dictis,
1008 2107 1237 2158 tironem
1286 2120 1443 2159 suum
1485 2102 1639 2173 quasi
1672 2116 1878 2172 ungens
1903 2108 1958 2155 et

380 2197 636 2252 animans
691 2195 964 2251 formosus
1014 2195 1101 2249 ille
1127 2194 1365 2263 juvenis,
1390 2193 1749 2263 apprehendit
1776 2194 1955 2263 ipsum

381 2293 438 2337 et
517 2284 923 2352 quodammodo
997 2283 1317 2348 colluctans,
1382 2282 1587 2349 docuit,
1640 2297 1749 2351 quo
1802 2290 1958 2349 pacto

382 2371 627 2443 ΔΕιΙιίορί
681 2373 1042 2429 resistendqu
1076 2383 1345 2427 esset:ac
1384 2374 1599 2426 tandem
1644 2372 1780 2426 dixit
1807 2371 1854 2425 ci
1901 2370 1956 2425 in

383 2480 570 2520 aurem
615 2464 797 2519 :Cum
825 2473 875 2520 te
936 2464 1211 2520 sublatum
1263 2461 1340 2536 [in
1381 2463 1598 2537 gyrum]
1651 2466 1821 2533 egerit
1861 2466 1957 2536 (ita

384 2557 529 2611 enim
559 2555 696 2621 fore,
730 2556 860 2610 mihi
888 2564 1094 2610 certum
1128 2558 1230 2625 est)
1265 2570 1394 2609 cave
1436 2556 1832 2620 consterneris,
1865 2556 1957 2611 sed

382 2649 612 2720 conﬂige
635 2664 755 2704 cum
783 2649 901 2718 ipso
929 2630 980 2703 in
1022 2649 1177 2719 signo
1206 2656 1410 2705 sanctae
1440 2649 1620 2705 crucis
1655 2658 1710 2703 et
1750 2648 1960 2704 videbis

383 2742 611 2813 gloriam
636 2741 752 2796 Dei.

455 2834 509 2891 6.
558 2834 714 2891 Tunc
769 2835 934 2905 igitur
961 2834 1292 2890 B.Andreas
1338 2835 1390 2890 in
1432 2834 1671 2890 medium
1692 2834 1960 2905 processit

383 2941 507 2983 cum
558 2924 815 2997 Ethiope
868 2941 1063 2996 pugna:
1101 2924 1272 2979 aleam
1326 2925 1646 2980 subiturus:
1688 2927 1961 2980 exclama-

383 3018 569 3087 vitque
593 3032 726 3073 voce
750 3032 945 3089 magna
977 3033 991 3069 :
1019 3015 1180 3070 Prodi
1215 3017 1456 3082 tandem,
1480 3015 1634 3085 prodi
1659 3016 1957 3081 teterritne,

2046 546 2313 617 θησαυροὶ⁸
2339 544 2675 613 ἐπουράνιοι,
2729 544 2825 596 καὶ
2858 543 3148 611 στέμματα
3190 540 3284 594 τοῦ
3343 541 3611 609 Χριστου,

2044 635 2239 711 οἷσπερ
2280 638 2716 704 καταστέφονται
2779 636 2831 690 οἱ
2890 635 3016 697 τοὺς
3073 632 3335 705 Μαύρους
3370 632 3614 696 ἐκείνους

2046 737 2443 799 πατάσσοντες.
2497 733 2628 788 Ἐὰν
2661 733 2826 805 θέλῃς
2875 731 2950 801 μὴ
2983 730 3144 800 μόνον
3173 730 3263 782 τὸν
3292 727 3415 791 ἕνα,
3480 726 3617 780 ἀλλὰ

2047 829 2141 882 καὶ
2181 827 2309 890 τοὺς
2354 828 2504 897 τρεῖς
2557 824 2765 888 λαϐεῖν,
2828 820 3152 893 προσελθὼν
3197 819 3465 873 adlatam
3524 818 3618 871 τὸν

2045 921 2282 977 Δίθίοπα
2327 921 2533 974 ἐκεῖνον
2597 917 2686 971 τὸν
2731 914 3121 987 ἠσϐολωμένον
3175 911 3328 981 (10),
3382 910 3478 965 καὶ
3520 910 3618 964 ἐὰν

2047 1014 2290 1085 ἡττήσῃς
2317 1011 2499 1076 αὑτὸν,
2523 1009 2585 1063 οὖ
2612 1008 2773 1079 μόνον
2804 1007 3055 1070 τούτους,
3088 1003 3225 1059 ἀλλὰ
3271 1004 3367 1057 καὶ
3396 1002 3621 1068 ἐτέρους

2047 1106 2203 1169 ὅσους
2241 1105 2308 1159 ἂν
2334 1104 2604 1174 βουληθῇς
2657 1103 2758 1157 καὶ
2791 1100 2938 1172 μάλα
2965 1098 3381 1168 εύειδεστέρους
3408 1097 3618 1167 κομίσῃ

2049 1197 2180 1267 παρ’
2226 1195 2368 1265 ἐμοί.
2394 1193 2583 1248 Ταῦτα
2623 1191 2870 1256 ἀκούσας
2902 1192 2930 1244 6
2961 1189 3222 1259 Ἀνδρέας
3253 1188 3348 1240 ἐπὶ
3366 1186 3446 1257 τῷ
3474 1186 3621 1257 λόγῳ

2048 1290 2492 1361 ὲθάρσησεν,καὶ
2534 1289 2689 1357 λέγει
2738 1287 2879 1357 «pb;
2915 1284 3113 1338 αὐτόν·
3156 1278 3460 1336 Πίστευσόν
3506 1292 3621 1342 μοι,

2051 1384 2193 1437 ποιῶ
2230 1383 2298 1438 τὰ
2326 1382 2597 1451 λεγόμενα
2623 1396 2638 1412 ’
2698 1380 2863 1451 μόνον
2899 1376 3112 1442 δῖδαξόν
3162 1390 3229 1445 με
3260 1373 3329 1426 τὰ
3373 1369 3624 1440 μηχανή-

2052 1493 2200 1547 ματα
2222 1473 2408 1529 αὐτοῦ.
2442 1474 2586 1544 Ἔφη
2610 1474 2639 1527 6
2673 1471 2915 1534 νεανίας
2950 1470 3018 1522 ’νυ
3039 1466 3130 1520 οὖν
3156 1483 3174 1533 ;
3198 1465 3300 1518 οὐκ
3330 1460 3626 1547 ἐπίστασαι

2048 1546 2257 1632 ταῦτας
2296 1563 2417 1634 οὐχὶ
2459 1565 2566 1632 γὰρ
2629 1562 2679 1616 οί
2732 1560 2993 1621 Αἰθίοπες
3049 1553 3277 1623 θρασεῖς
3329 1552 3473 1603 εἰσιν
3529 1546 3626 1598 καὶ

2048 1657 2237 1721 δειλοὶ,
2265 1658 2360 1712 καὶ
2415 1653 2825 1725 σεσαθρωμένοι
2862 1652 2958 1707 καὶ
2987 1649 3301 1718 ἀνίσχυροι.
3358 1642 3495 1716 [Καὶ
3549 1638 3624 1707 μή

2056 1767 2117 1805 σε
2145 1749 2354 1820 θροήσῃ
2377 1747 2434 1801 τὸ
2458 1748 2558 1816 τῆς
2613 1744 2857 1814 ὁράσεως
2911 1740 3078 1797 αὐτοῦ
3111 1737 3379 1809 μέγεθος·
3408 1734 3483 1795 ὡς
3517 1731 3627 1820 γὰρ

2055 1818 2535 1913 λάχανονροὼως
2588 1837 2827 1907 ὑπάρχει
2888 1832 3092 1904 σαθρὸς
3123 1830 3219 1883 καὶ
3268 1818 3631 1895 ἀνίσχυρος.)

2054 1934 2241 1989 Ταῦτα
2262 1933 2355 1987 οὖν
2395 1932 2565 1985 εἰπὼν
2592 1929 2689 1983 καὶ
2720 1928 2857 1983 ἄλλα
2901 1924 3031 1979 τινὰ
3055 1920 3280 1976 πλείονα
3314 1916 3451 1986 πρὸς
3484 1913 3631 1968 ἁλε.-

2056 2025 2167 2097 φὴν
2215 2022 2309 2077 τοῦ
2359 2024 2505 2086 νέου,
2571 2019 2855 2089 κρατήσας
2889 2013 3055 2070 αὐτὸν
3095 2014 3124 2066 6
3163 2009 3382 2072 εὐειδὴς
3416 2006 3630 2097 έκεῖνος

2057 2096 2298 2175 νεανίας,
2330 2111 2405 2173 ὡς
2436 2109 2597 2178 δῆθεν
2632 2106 2876 2161 παλαίων
2931 2102 3053 2175 μετ’
3098 2099 3291 2165 αὑτοῦ,
3347 2096 3630 2150 ἐδίδασκεν

2058 2202 2220 2258 αὐτὸν
2251 2203 2332 2263 τὸ.
2367 2202 2484 2264 πῶς
2515 2202 2738 2270 ἀντιστῇ
2771 2200 2848 2268 τῷ
2875 2197 3119 2253 Αἰθίοπι.
3150 2193 3260 2247 Καὶ
3293 2189 3387 2243 ἐπὶ
3441 2185 3631 2248 τέλους

2057 2294 2213 2362 λέγει
2254 2293 2402 2363 αὐτῷ
2449 2293 2533 2356 είς
2589 2292 2650 2345 τὸ
2703 2290 2796 2350 οὓς
2832 2288 3024 2353 αὑτοῦ,
3101 2284 3295 2339 Ἦνίκα
3322 2298 3380 2333 σε
3413 2280 3520 2349 ἄρῃ
3551 2277 3632 2336 εἰς

2059 2386 2251 2456 γύρον,
2280 2383 2391 2453 ἐγὼ
2432 2385 2542 2455 γὰρ
2562 2380 2678 2436 οἴδα
2719 2381 2901 2445 τοῦτο,
2941 2380 3007 2433 σὺ
3061 2377 3136 2447 μὴ
3185 2373 3446 2444 θροηθῇς,
3494 2368 3633 2422 ἀλλὰ

2061 2475 2444 2549 [συμπλάκηθι
2497 2473 2646 2546 αὑτῷ
2691 2474 2804 2545 (ll)
2836 2469 3224 2539 σταυροειδῶς,
3263 2468 3359 2520 καὶ
3392 2464 3501 2534 ὕψη
3533 2461 3633 2532 τὴν

2058 2571 2217 2640 δόξαν
2249 2570 2344 2624 τοῦ
2368 2566 2529 2623 Θεοῦ.

2136 2847 2210 2914 ς’.
2230 2844 2482 2917 Ἐξῆλθεν
2500 2842 2597 2897 οὖν
2632 2839 2903 2913 μακάριος
2918 2840 3038 2893 τότε
3070 2836 3207 2909 πρὸς
3230 2833 3332 2904 τὴν
3355 2832 3533 2903 πάλην
3559 2832 3640 2893 είς

2061 2943 2122 2996 τδ
2163 2941 2327 3011 μέσον
2353 2939 2535 2991 ἔναντι
2590 2933 2685 2989 τοῦ
2736 2931 3014 2993 Αἰθίοπος,
3078 2928 3172 2982 καὶ
3217 2925 3372 2993 λέγει
3420 2921 3638 2992 μεγάλῃ

2063 3038 2130 3106 τῇ
2162 3033 2316 3103 φωνῇ
2350 3049 2365 3064 ο
2428 3029 2600 3100 Δεῦρο
2651 3025 2864 3089 λοιπὸν,
2930 3020 3326 3093 ήσδουλομένε.
3384 3015 3634 3075 ταπεινὲ,

383 3109 617 3179 abjecte,
664 3109 1072 3162 commodorum
1122 3117 1433 3162 nostrorum
1486 3105 1704 3162 invide:
1736 3123 1835 3177 age
1856 3108 1956 3171 sis,

2064 3105 2401 3193 ἀνωφέλητε,
2462 3121 2551 3173 ἴνα
2594 3119 2712 3188 ἅμα
2763 3117 2814 3170 oi
2866 3115 2960 3168 δύο
3018 3111 3397 3179 παλαίσωμεν.
3453 3106 3642 3160 Ταῦτα

376 3216 488 3256 nos
507 3202 615 3257 duo
634 3200 795 3256 simul
836 3202 890 3254 in
928 3214 1149 3254 arenam
1199 3198 1615 3254 descendamus.
1668 3195 1957 3268 Postquam

386 3294 513 3349 talia
567 3293 899 3362 percepisset
953 3290 1236 3360 Ethiops;
1271 3299 1466 3343 cuncta
1521 3287 1651 3342 ﬂatu
1698 3287 1959 3358 dejiciens

385 3401 452 3441 ac
507 3384 839 3441 horrendum
891 3382 1152 3447 fremens,
1211 3381 1496 3438 celerrime
1522 3390 1577 3435 et
1612 3380 1808 3450 ipsein
1845 3397 1961 3437 me-

385 3478 537 3532 dium
598 3475 890 3545 procurrit,
945 3484 1330 3546 arreptumque
1372 3475 1645 3529 Andream
1688 3477 1740 3528 in
1770 3489 1959 3544 gyrum

388 3571 549 3627 vertit
611 3570 678 3624 ad
721 3569 941 3640 longum
999 3579 1212 3638 tempus
1243 3585 1258 3625 :
1284 3570 1357 3623 ita
1395 3578 1455 3622 ut
1505 3569 1820 3638 plauderent
1852 3583 1963 3637 pra:

384 3661 584 3732 gaudio
600 3659 924 3730 JEthiopes;
954 3662 1229 3716 candidati
1256 3675 1379 3715 vero
1395 3676 1504 3730 pra:
1524 3661 1707 3714 dolore
1737 3659 1966 3730 ingemi-

384 3762 603 3809 scerent
640 3770 654 3807 :
685 3753 971 3809 videbatur
1027 3767 1261 3821 namque
1328 3762 1434 3806 tam
1491 3754 1667 3807 valide
1698 3768 1725 3805 a
1775 3752 1963 3806 Mauro

384 3847 536 3901 allidi
584 3848 726 3909 solo,
794 3855 854 3900 ut
906 3845 1049 3901 oculi
1098 3846 1218 3914 ejus
1257 3856 1664 3902 excuterentur.
1717 3846 1785 3899 At
1834 3860 1962 3900 vero

382 3937 512 3992 dum
559 3937 808 3992 Andreas
862 3937 916 3990 in
956 3953 1147 4008 gyrum
1177 3938 1376 4007 agitur,
1432 3937 1686 3992 muniens
1728 3949 1849 3992 sese
1872 3951 1964 3992 sa-

382 4039 664 4084 cresancta
697 4044 859 4086 cruce
892 4038 1044 4084 tanto
1074 4029 1311 4098 impulsu
1346 4030 1647 4084 daemonem
1679 4029 1731 4083 iu
1762 4038 1962 4083 terram

382 4117 497 4180 dat,
550 4127 612 4171 ut
664 4118 843 4186 capite
865 4115 932 4170 ad
981 4126 1189 4186 petram
1249 4118 1410 4173 alliso
1464 4118 1712 4188 dejectus
1776 4119 1962 4173 statim

383 4209 737 4279 disparuerit.
772 4209 910 4262 Cum
943 4223 1070 4263 ecce
1109 4209 1525 4263 candidatorum
1589 4210 1779 4273 ingens
1812 4209 1966 4278 plau-

384 4316 503 4362 sus.
532 4298 942 4354 etsuavissitnte
960 4298 1349 4352 exsultantium
1372 4313 1531 4353 voces
1562 4298 1879 4365 insonuere,
1904 4313 1968 4354 ac

382 4395 443 4447 ll.
479 4392 750 4446 Andream
779 4392 994 4462 supinis
1018 4390 1271 4444 manibus
1302 4390 1488 4444 suisin
1540 4389 1774 4444 sublime
1805 4400 1966 4445 extu-

2004 3268 2009 3271 .
2063 3220 2308 3283 ἀκούσας
2330 3218 2359 3270 6
2382 3215 2599 3284 Αἰθίοψ,
2640 3213 2702 3268 τὸ
2729 3213 2893 3282 τάχος
2926 3210 3186 3279 ἔδραμεν,
3224 3203 3521 3274 ἀποφυσῶν
3543 3201 3638 3255 καὶ

2069 3310 2288 3383 μεγάλα
2329 3309 2758 3380 φρυαττόμενος,
2798 3306 2898 3358 καὶ
2939 3299 3179 3374 ἁρπάζει
3232 3298 3324 3351 τὸν
3383 3295 3644 3363 ’Δνδρὲαν

2067 3403 2257 3472 γύροις
2299 3402 2392 3454 ἐπὶ
2453 3398 2760 3467 ἀφορήτους
2816 3394 2988 3465 ὥρας,
3044 3391 3185 3446 ὥστε
3248 3389 3463 3458 κροτεῖν
3512 3385 3641 3445 τοὺς

2066 3494 2331 3555 Αἰθίοπας
2358 3492 2554 3561 χαρὰν,
2587 3489 2683 3543 καὶ
2740 3486 3058 3554 στεγνᾶζειν
3085 3483 3211 3545 τοὺς
3239 3480 3641 3548 λευσχήμονας⁸

2068 3590 2289 3642 ἐδόκουν
2316 3586 2426 3654 γὰρ
2473 3584 2555 3636 ὅτι
2607 3580 2823 3635 δίδωσιν
2854 3578 3021 3631 αὐτὸν
3076 3578 3104 3629 6
3153 3572 3379 3643 Μαῦρος
3427 3570 3508 3631 είς
3540 3567 3654 3636 τὴν

2068 3680 2194 3747 γῆν,
2227 3677 2370 3730 ὥστε
2396 3668 2618 3738 ἐξωθεῖν
2647 3671 2775 3733 τοὺς
2824 3666 3144 3738 ὀφθαλμοὺς
3186 3661 3370 3718 αὐτοῦ.
3404 3657 3642 3747 Γυροὸον-

2068 3772 2330 3839 λούμενος
2359 3768 2415 3820 δὲ
2447 3768 2475 3819 6
2506 3763 2784 3835 ’Λνδρέας,
2819 3760 3045 3828 καὶμὲ)
3082 3755 3452 3832 [συμπλακεὶς
3488 3746 3646 3818 αὐτῷ

2071 3859 2453 3931 σταυροειδῶς,
2509 3856 2778 3909 πατάσσει
2825 3852 2990 3906 αὐτὸν
3047 3851 3128 3912 εἰς
3176 3848 3277 3918 τὴν
3334 3842 3485 3915 γῆν],
3550 3843 3647 3894 κοιλ⁵

2068 3953 2363 4016 ὁτοιοῦτος
2421 3950 2631 4020 δαίμων
2696 3946 2885 4017 ἔτυχον
2959 3939 3124 3996 αὐτοῦ
3175 3939 3236 3992 τὸ
3290 3938 3515 4006 κράνιον
3564 3935 3646 3994 εἰς

2069 4045 2299 4116 πέτραν,
2325 4044 2420 4096 καὶ
2454 4039 2809 4110 κατενεχθεὶς
2844 4033 3105 4107 παραυτά
3150 4030 3468 4100 διεφάνησε.
3502 4025 3655 4095 Κρό-

2068 4154 2158 4200 τος
2187 4137 2244 4189 δὲ
2282 4149 2457 4205 μεγας
2506 4132 2616 4184 τῶν
2689 4128 3099 4198 λευσχημόνων,
3129 4122 3227 4177 καὶ
3260 4121 3407 4190 χαρὰ
3439 4117 3646 4187 γλυκυ-

2067 4228 2205 4295 τάτη
2233 4227 2354 4279 τότε
2381 4223 2620 4291 ἐγένετο,
2663 4221 2759 4274 καὶ
2808 4220 3068 4290 ἥρπασαν
3119 4214 3211 4267 τὸν
3257 4211 3528 4281 μακᾶριον
3558 4207 3644 4271 ἐφ’

2069 4313 2276 4387 ὑψηλοῦ
2307 4316 2426 4375 ταῖς
2489 4311 2770 4380 παλάμαις
2809 4306 2991 4361 αὐτῶν
3016 4304 3259 4365 ὑπτίαις,
3298 4301 3391 4353 καὶ
3425 4296 3653 4362 κατεφί-

2070 4407 2198 4460 λουν
2228 4404 2395 4459 αὐτὸν
2427 4403 2688 4462 ἅπαντες,
2724 4399 2971 4469 χρίοντες
2998 4395 3193 4466 μύροις
3223 4390 3651 4458 πνευματικοῖς.

382 4489 602 4553 lerunt;
662 4488 1075 4554 exosculatique
1116 4484 1182 4540 ad
1219 4501 1388 4540 unum
1423 4500 1635 4552 omnes,
1670 4485 1958 4558 unguentis

2067 4495 2200 4548 Τότε
2254 4489 2349 4546 οὖν
2386 4492 2491 4545 τῶν
2547 4490 2790 4557 Μαύρων
2861 4485 3085 4538 ἐκείνων
3144 4481 3363 4536 πάντων
3413 4494 3639 4546 σκορπιο

382 4578 713 4647 quihusdam
771 4578 1150 4648 spiritualihus
1208 4576 1383 4647 ipsum
1428 4577 1785 4632 inunxerunt.
1819 4577 1959 4633 Tum

381 4685 512 4723 vero
549 4668 829 4739 dissipatis
857 4670 1061 4731 subito,
1110 4678 1378 4739 querquot
1416 4670 1667 4733 aderant,
1700 4683 1808 4723 non
1844 4668 1964 4725 sine

381 4762 706 4816 confusione
760 4760 985 4824 Mauris,
1019 4762 1119 4829 ipsi
1150 4776 1369 4831 quoque
1403 4771 1766 4817 evanuerunt.
1797 4759 1963 4816 Juve-

381 4855 469 4907 nis
505 4868 667 4923 porro
691 4852 817 4916 iste,
865 4853 1125 4924 dignitate
1171 4839 1436 4934 esiutius,
1482 4853 1968 4909 immarcescibiles

378 4960 616 5000 coronas
668 4947 900 5000 Andreae
950 4946 1096 4999 dono
1144 4943 1336 5010 dedit;
1377 4960 1516 5015 quas
1541 4954 1765 5015 portans
1793 4945 1965 4999 multa

383 5036 812 5106 perfundebatur
841 5036 1136 5106 voluptate,
1161 5040 1289 5107 quia
1334 5036 1632 5108 fragrantia
1664 5038 1788 5092 inde
1838 5050 1962 5093 ma—

380 5128 549 5182 nabat
590 5128 908 5196 singularis.
943 5128 1189 5198 Denique
1218 5129 1561 5199 amplexatus
1601 5129 1776 5199 ipsum
1802 5168 1819 5196 ,
1851 5128 1966 5184 Ma-

381 5231 466 5276 tte
522 5218 728 5285 animo,
781 5218 980 5290 inquit,
1014 5236 1080 5276 ex
1106 5221 1211 5276 hac
1237 5220 1372 5276 hora
1398 5223 1557 5279 nobis
1603 5223 1713 5278 eris
1742 5231 1796 5278 et
1820 5222 1966 5278 ami-

455 5428 566 5497 (iO)
608 5425 1059 5496 ’11σ6ολουμένον.
1093 5423 1249 5490 Quod
1283 5422 1445 5479 modo
1482 5423 1617 5489 dixi,
1641 5425 1728 5480 hic
1754 5439 1972 5497 quoque

380 5498 608 5567 intelligi
630 5499 810 5563 debet,
835 5498 1081 5567 eatudcm
1114 5497 1182 5549 ob
1207 5510 1426 5567 causam
1455 5496 1687 5565 relinqui
1735 5510 1763 5546 a
1803 5496 1960 5548 nobis

381 5569 522 5622 hanc
555 5565 762 5630 vocem,
806 5575 866 5620 ut
897 5565 949 5619 in
979 5582 1077 5618 ius.
1105 5576 1292 5619 nostro
1329 5566 1415 5619 hic
1437 5575 1487 5617 et
1513 5579 1631 5631 seq.
1652 5580 1801 5619 num.
1840 5579 1969 5617 cou-

384 5645 592 5690 stauter
640 5638 890 5689 habetur.
944 5636 1078 5690 Cum
1112 5635 1316 5701 alioqui
1355 5645 1498 5688 recta
1524 5636 1797 5688 scribendi
1831 5636 1971 5686 ratio

388 5707 686 5774 postularet
704 5705 1106 5774 ὴσῧολημένοντ
1133 5705 1198 5758 ab
1218 5703 1488 5774 ἀσϐολάω,
1518 5703 1738 5774 fuligine
1766 5704 1975 5773 iit/icio,

387 5770 595 5835 pollue,
621 5770 763 5839 quod
798 5770 942 5830 recte
981 5778 1227 5829 convenit
1263 5775 1416 5844 nigro
1454 5770 1662 5828 suum.

2070 4587 2332 4648 σθέντων,
2359 4584 2496 4654 μετά
2544 4580 2791 4653 μεγάλης
2823 4576 3089 4647 αἰσχύνης
3114 4570 3508 4644 ἀνεχώρησαν·
3545 4569 3653 4622 καὶ

2067 4677 2385 4746 ἐδωρήσατο
2436 4672 2587 4743 αύτῷ
2632 4672 2661 4723 6
2706 4668 2920 4741 εὐειδὴς
2990 4668 3202 4729 ἐκεῖνος
3248 4663 3469 4725 νεανίας
3519 4661 3647 4723 τοὺς

2067 4767 2376 4835 ἀχράντους
2406 4765 2727 4833 στεφάνους,
2759 4762 2852 4813 καὶ
2881 4757 3147 4829 ἐτέρπετο
3178 4753 3434 4824 μεγάλως
3462 4751 3651 4821 φορῶν

2067 4859 2289 4922 αὐτοὺς,
2327 4857 2410 4909 ὅτι
2440 4854 2640 4908 εὐωδία
2674 4853 2954 4923 ἀφόρητος
2978 4849 3076 4903 ἀπ’
3115 4844 3299 4902 αὐτῶν
3327 4842 3644 4914 ἐξεφέρετο.

2065 4949 2235 5011 Τέλος
2300 4946 2695 5015 ἀσπασάμενος
2765 4942 2929 4997 αὑτὸν
2961 4941 3143 5008 λέγει’
3177 4937 3398 5005 ’Υπαγε
3441 4932 3648 4997 καλῶς,

2064 5041 2174 5094 ἀπὸ
2198 5040 2297 5108 τῆς
2322 5038 2447 5109 ἄρτι
2486 5038 2587 5110 ἔσῃ
2609 5036 2877 5106 ἡμέτερος
2927 5035 3020 5086 καὶ
3070 5030 3228 5100 φίλος
3290 5028 3388 5081 καὶ
3418 5022 3643 5092 ἀδελφὸς

2063 5131 2423 5200 γλυκύτατος.
2488 5129 2665 5200 Τρέχε
2726 5123 2820 5181 οὖν
2851 5127 2944 5179 τὸν
2974 5124 3140 5178 καλὸν
3182 5120 3378 5190 ἀγῶνα
3418 5115 3637 5187 γυμνὸς.

2063 5223 2160 5277 καὶ
2182 5222 2343 5291 γενοῦ
2372 5221 2533 5284 σαλὸς
2578 5220 2647 5275 δι’
2678 5219 2806 5291 ἐμὲ,
2866 5221 2960 5273 καὶ
2997 5215 3212 5271 πολλῶν
3264 5211 3485 5283 ἀγαθῶν
3518 5207 3640 5261 δεσ-

2141 5422 2253 5493 (Η)
2273 5421 2424 5489 Ουοίί
2460 5423 2622 5493 hujus
2651 5423 2771 5478 loco
2791 5423 3096 5493 ponebatur
3125 5419 3181 5493 in
3206 5432 3313 5477 ms,
3332 5412 3511 5493 Vatic.
3527 5411 3640 5464 κόν·

2069 5486 2263 5546 δυαεον
2296 5486 2495 5555 ταύτὸν,
2523 5486 2574 5548 ἐι
2600 5495 2737 5547 infra
2773 5486 2988 5546 δίδωσιν
3023 5489 3237 5547 κόνδυν,
3298 5486 3653 5555 pet'egritmnt

2068 5578 2293 5628 prorsus
2345 5553 2673 5623 olutJlulto
2695 5565 2895 5618 clarius
2917 5573 2971 5617 et
3000 5562 3053 5615 in
3078 5553 3472 5619 Mazariniauo,
3500 5553 3648 5623 quod

2070 5636 2156 5686 hic
2191 5635 2401 5702 utrobiq
2414 5651 2477 5687 uc
2508 5637 2791 5701 supposui.

2143 5702 2251 5776 (Ῑῖ)
2317 5689 2418 5776 Pro
2445 5706 2529 5757 his
2579 5689 2896 5775 legebantur
2937 5698 3272 5776 παραχθεὶς,
3306 5695 3523 5751 δίδωσιν
3552 5689 3649 5745 τὸν

2069 5772 2297 5841 ἇαὶμονα
2323 5774 2531 5829 κάνδυν.
