4086 6424
289 257 413 326 σει

1476 258 1657 323 γιτΑ
1697 258 1759 317 s.
1798 252 2130 319 mnam
2172 255 2363 320 S-ALl.

3467 252 3573 315 66!

303 378 489 436 δόντες
525 374 673 442 αὐτῷ
711 374 807 444 τὴν
861 372 1110 445 εἰρήνην,
1141 371 1288 427 ίνδον
1344 372 1441 427 τοῦ
1466 373 1592 427 ναοῦ
1625 371 1879 442 εἰσῆλθον

2002 388 2210 444 :emqne
2239 380 2288 431 el
2321 374 2605 446 impertiti,
2669 376 2732 430 ad
2769 372 3027 429 interiora
3072 369 3256 441 templi
3305 370 3575 439 precatio-

303 468 467 537 χάριν
488 465 583 518 τοῦ
641 465 1043 534 προσεύξασθαι
1073 480 1088 496 ⁶
1163 465 1347 519 υύκέτι
1378 464 1436 518 δὲ
1496 466 1559 518 τὸ
1595 465 1784 517 λοιπὸν
1822 464 1884 517 τὸ

305 560 471 611 οἱονεὶ
530 558 627 610 ἀπ’
667 559 916 630 αὑτῶνῆ
965 552 1247 625 ἐξελθόντα
1288 560 1321 632 ἢ
1383 558 1701 611 εἰσελθόντα
1748 557 1885 613 καθ-

306 650 544 719 εωράκει
598 650 795 719 μέχρις
828 651 894 704 ἂν
921 653 949 704 6
993 651 1190 723 ὄρθρος
1222 651 1450 721 ἐπέστη,
1483 652 1578 704 καὶ
1638 651 1699 703 τὸ
1731 651 1888 715 ξύλον

308 744 571 813 ἔκρουσεν
604 745 631 796 6
671 744 1097 813 προσμονάριος.
1178 744 1458 807 Ξενισθεὶς
1495 743 1590 797 οὖν
1632 746 1660 797 6
1702 744 1886 804 μακά·

310 849 426 903 ρὀς
456 832 537 903 τῷ
573 834 847 903 πνεύματι
899 835 1119 899 ὲδόξασε
1156 836 1249 889 τὸν
1278 835 1436 900 Θεὸν,
1486 836 1582 888 καὶ
1613 838 1680 906 τῇ
1710 851 1887 903 μεγα-

308 925 611 995 λομάρτυρι
679 924 1192 995 ἀπηυχαρίστησεν,
1221 929 1286 996 τῇ
1335 926 1615 996 ταχυτάτη
1656 926 1751 977 ἐπὶ
1787 924 1888 989 τὴν

306 1019 494 1089 δέησιν
521 1016 708 1069 αὑτοῦ.
746 1017 1045 1079 Καθεσθεὶς
1073 1015 1167 1070 οὖν
1189 1019 1249 1070 ἐν
1277 1018 1372 1089 ὅλῃ
1399 1021 1464 1088 τῇ
1492 1019 1675 1089 ἡμέρα
1703 1019 1885 1086 ἐκείνῃ

311 1113 370 1163 ἐν
408 1111 519 1173 τοῖς
549 1110 790 1178 δεσμοῖς,
850 1110 1067 1171 οὐδενὸς
1115 1108 1404 1176 ἐγεύσατο,
1469 1109 1605 1163 ἀλλὰ
1650 1108 1718 1161 τὰ
1751 1106 1885 1161 νόθα

309 1202 477 1255 αὑτοῦ
535 1202 759 1272 ῥήματα
791 1202 1190 1271 ἐπεφθέγγετο.
1247 1203 1358 1255 Καὶ
1410 1201 1477 1273 δὴ
1529 1202 1629 1271 τῆς
1694 1200 1886 1261 νυκτὸς

307 1294 477 1347 πάλιν
508 1295 648 1346 κατὰ
686 1293 748 1346 τό
804 1294 1033 1363 σύνηθες
1071 1275 1512 1361 καταλαϐούσης,
1545 1294 1637 1345 καὶ
1670 1295 1886 1362 ἀγρυπ-

308 1385 528 1447 νοῦντος
562 1384 752 1455 αὑτοῦ,
829 1384 927 1438 καὶ
980 1384 1121 1455 πρὸς
1187 1383 1251 1437 τὸ
1307 1383 1665 1453 μεσονύκτιον
1724 1382 1886 1435 πάλιν

308 1477 455 1531 κατὰ
480 1478 539 1530 τὸ
569 1476 800 1546 σύνηθες
851 1476 1070 1545 δεήσεις
1099 1476 1196 1528 καὶ
1246 1475 1458 1538 ἱκεσίας
1482 1474 1882 1536 λανθανόντως,

311 1569 369 1618 tv
406 1566 482 1636 τῷ
508 1566 738 1634 κρυπτῷ
757 1567 972 1635 ταμείῳ
1014 1567 1117 1635 τῆς
1174 1564 1405 1635 καρδίας
1440 1563 1627 1627 αὐτοῦ,
1658 1562 1737 1631 τῷ

314 1660 411 1711 καὶ
430 1662 496 1729 τῇ
543 1658 783 1728 μάρτυρι
817 1658 1241 1727 προσφέροντος,
1273 1655 1428 1723 ἄφνω
1491 1655 1716 1726 ἔρχεται
1747 1656 1885 1725 πρὸς

315 1751 480 1803 αὐτὸν
511 1753 539 1803 6
560 1748 809 1812 διάὸολος
847 1748 984 1817 μετὰ
1024 1746 1267 1817 πλήθους
1298 1747 1593 1814 δαιμόνων,
1642 1746 1888 1816 κατέχων

318 1836 505 1904 ἀξίνην
544 1837 601 1888 ἐν
632 1838 698 1906 τῇ
756 1826 901 1905 χειρὶ
951 1835 1153 1888 αὐτοῦ·
1209 1836 1453 1889 κάκεῖνοι
1506 1835 1582 1897 δὲ,
1635 1836 1804 1905 ἡγουν
1839 1836 1891 1889 οι

320 1928 584 1997 δαίμονες,
619 1928 668 1979 οἱ
724 1927 823 1997 μὲν
883 1926 1181 1998 μαχαίρας,
1231 1928 1282 1980 οἱ
1337 1927 1393 1980 δὲ
1446 1927 1677 1998 ῥόπαλα,
1741 1928 1890 1982 ἄλλοι

325 2021 534 2083 σπάθας
592 2021 685 2073 καὶ
759 2020 1033 2089 ῥομφαίας
1066 2059 1082 2082 ,
1142 2020 1320 2089 ἕτεροι
1381 2019 1437 2070 δὲ
1488 2019 1583 2070 καὶ
1637 2019 1888 2087 σχοινία·

320 2115 601 2183 χιλίαρχος
626 2113 734 2181 γὰρ
761 2108 826 2181 ἦν
852 2112 878 2163 6
900 2112 1113 2181 δράκων
1149 2111 1378 2173 ἐκεῖνος,
1410 2110 1499 2163 διὰ
1536 2110 1694 2163 τοῦτο
1722 2110 1893 2164 πολλὰ

317 2200 571 2268 δαιμόνια
617 2197 865 2268 ἐληλύθει
923 2199 1059 2263 πρὸς
1117 2199 1282 2252 αὑτὸν
1315 2239 1330 2263 ,
1384 2199 1478 2252 τοῦ
1532 2199 1740 2251 ἀνελεῖν
1801 2201 1894 2253 τὸν

325 2293 625 2363 μακάριον.
660 2292 872 2363 Βρύξας
898 2289 993 2345 οὖν
1024 2292 1298 2361 μακρόθεν
1331 2293 1359 2344 ό
1392 2291 1737 2360 λυσσόγερος,
1785 2309 1897 2344 τοι-

320 2384 466 2453 ούτῳ
515 2386 624 2452 γὰρ
654 2384 888 2452 σχήματι
922 2384 1193 2450 ἐφαίνετο,
1250 2381 1442 2449 ὥσπερ
1467 2384 1644 2450 γέρων
1677 2383 1893 2451 Αἰθίοψ,

319 2476 578 2546 ὥρμησεν
638 2477 781 2530 κατὰ
835 2474 930 2528 τοῦ
984 2476 1142 2541 ἁγίου
1200 2473 1299 2527 τοῦ
1370 2473 1608 2537 πατάξαι
1637 2475 1798 2527 αὑτὸν
1826 2477 1891 2545 τῇ

320 2570 477 2640 ἀξίνῃ
507 2569 603 2638 τῆς
657 2569 839 2638 χειρὸς
864 2567 1053 2630 αὐτοῦ,
1100 2568 1195 2620 καὶ
1238 2565 1438 2626 πάντες
1463 2568 1511 2618 οι
1544 2565 1894 2637 συνδαίμονες

322 2660 492 2713 αὐτοῦ
530 2658 648 2728 μετ’
706 2659 873 2713 αὑτοῦ

398 2752 489 2807 ια’.
506 2754 617 2806 Καὶ
635 2752 730 2806 τοῦ
751 2753 1035 2823 Μακαρίου
1052 2753 1149 2817 τὰς
1166 2755 1353 2823 χεῖρας
1372 2755 1508 2825 πρὸς
1525 2756 1729 2827 Κύριον
1759 2755 1898 2826 μετὰ

321 2846 572 2916 δακρύων
627 2847 837 2900 πολλῶν
890 2849 1354 2913 ἀναπετάσαντος,
1417 2852 1507 2903 καὶ
1534 2850 1690 2903 τοῦτο
1738 2851 1900 2919 μόνον

322 2940 628 3009 εἰρηκότος,
664 2940 821 3007 Ἀγιε
853 2940 1075 3011 Ἰωάννη
1124 2940 1372 3010 Θεολόγε,
1410 2941 1592 3012 βοήθει
1632 2960 1756 3012 μου,
1810 2943 1901 2994 εύ-

1990 468 2076 521 nis
2107 476 2270 523 causa
2294 484 2353 523 se
2385 468 2616 523 intulere
2649 483 2663 521 :
2701 481 2799 521 nec
2830 465 3201 533 deprehensus
3220 470 3305 516 est
3350 460 3568 514 illorum

1990 560 2187 627 aliquis
2249 570 2343 615 aut
2401 554 2928 627 egrediautingredi
2950 553 3210 622 amplius,
3242 552 3419 621 quoad
3448 550 3574 604 illu-

1991 662 2255 716 cesceret,
2291 653 2603 721 lignumque
2622 649 2867 719 pulsaret
2890 646 3135 701 ecclesiae
3166 652 3374 696 custos.
3408 640 3570 695 Mira-

1991 753 2081 800 tus
2132 745 2318 811 itaque
2364 745 2421 798 B.
2488 743 2737 796 Andreas
2790 741 2844 794 in
2878 738 3072 809 spiritu
3114 735 3570 797 laudaritDeum,

1987 846 2042 890 et
2102 836 2303 906 gratias
2361 834 2470 905 egit
2525 847 2734 903 magna:
2791 827 3015 898 martyri
3056 828 3379 885 Anastasiie.
3412 825 3559 892 qttod

1990 938 2098 981 tam
2167 927 2417 981 celeriter
2465 924 2531 979 ad
2579 939 2766 993 preces
2800 937 2931 977 suas
2981 919 3265 973 adfuisset.
3312 915 3573 970 Consedit

1989 1035 2151 1090 porro
2172 1022 2259 1073 die
2290 1019 2379 1073 illo
2412 1027 2525 1072 toto
2554 1016 2786 1070 vinculis
2815 1014 3171 1075 constrictus,
3232 1008 3368 1064 nihil
3407 1008 3572 1076 quid-

1989 1128 2151 1182 quam
2182 1111 2287 1167 cibi
2315 1119 2581 1180 gustatis;
2614 1107 2956 1163 solummodo
2990 1104 3304 1174 peregrinas
3341 1099 3571 1155 simula-

1989 1216 2181 1271 tasque
2206 1216 2367 1255 voces
2391 1215 2520 1255 suas
2546 1199 2819 1253 et‘fntiens.
2845 1199 2910 1249 At
2954 1211 3086 1249 vero
3142 1191 3570 1253 recurrentibus,

1990 1304 2046 1349 ttt
2098 1295 2297 1359 solent,
2361 1293 2619 1357 tenebris,
2685 1305 2809 1345 cum
2865 1288 3122 1356 vigilans,
3146 1284 3366 1339 circiter
3396 1282 3572 1335 noctis

1989 1389 2250 1452 medium,
2308 1394 2599 1442 consuetas
2629 1385 2820 1438 iterum
2879 1381 3126 1435 Andreas
3154 1393 3340 1448 preces
3406 1383 3571 1443 atque

1989 1491 2111 1532 vota
2140 1478 2250 1532 Deo
2278 1492 2342 1532 ac
2368 1479 2537 1531 beatae
2563 1473 2808 1543 martyri,
2840 1472 2893 1525 in
2936 1469 3195 1540 penetrali
3244 1468 3428 1522 cordis
3456 1465 3563 1524 sui,

1987 1574 2124 1627 clam
2189 1569 2436 1633 oﬂerret;
2492 1567 2804 1636 aggreditur
2841 1564 2993 1617 illum
3044 1568 3267 1630 repente
3295 1557 3570 1619 diabolns,

1988 1663 2270 1718 daemoniis
2298 1661 2547 1731 pluribus
2577 1661 2831 1727 stipatus.
2853 1671 3073 1709 manum
3106 1665 3348 1706 armatus
3372 1653 3517 1704 ascia
3554 1666 3569 1704 :

1989 1758 2297 1812 dmmonum
2331 1760 2509 1807 autem
2534 1753 2751 1805 illorum
2786 1749 2877 1803 alii
2941 1747 3249 1805 macharris.
3286 1745 3376 1798 alii
3411 1743 3575 1797 fusti-

1990 1852 2111 1912 bus,
2139 1848 2358 1919 quidam
2393 1846 2588 1917 gladiis
2620 1855 2671 1899 et
2713 1845 2793 1899 rln
2816 1843 3076 1911 mphteis;
3129 1840 3319 1906 reliqui
3354 1838 3576 1893 funibus

1992 1942 2263 2004 instructi,
2290 1954 2479 1994 omnes
2513 1937 2738 1992 draconi
2767 1951 2861 1991 seu
2896 1932 3116 1987 diabolo
3146 1932 3232 1985 isti
3265 1930 3576 1983 militabant

1992 2036 2084 2103 qui
2150 2031 2450 2087 cbiliarcba
2509 2038 2648 2093 erat,
2680 2036 2735 2082 et
2804 2027 2871 2080 ad
2930 2039 3091 2093 quem
3145 2020 3574 2087 frequentissimi

1994 2125 2369 2179 conﬂuxerant
2414 2122 2467 2174 in
2523 2119 2819 2190 perniciem
2854 2117 2913 2171 Β.
2949 2116 3199 2169 Andreae.
3233 2113 3369 2166 Cum
3424 2111 3577 2163 hisco

1995 2217 2179 2283 itaque
2254 2212 2546 2267 comitibus
2601 2210 2738 2271 suis,
2764 2209 2973 2263 sublato
3003 2207 3218 2261 eminus
3240 2205 3442 2272 ingenti
3473 2202 3582 2256 fre-

1998 2311 2154 2365 mitu.
2214 2305 2608 2360 infestissimus
2687 2302 2798 2363 ille,
2856 2314 3041 2355 senem
3114 2296 3420 2364 {Etltiopem
3483 2295 3577 2356 (ita

1996 2415 2232 2468 namque
2280 2396 2595 2466 apparebat)
2640 2394 2887 2457 indutus,
2946 2404 3144 2459 magno
3204 2402 3328 2442 cum
3371 2386 3578 2455 impetu

1998 2492 2052 2545 in
2092 2491 2351 2545 Sanctum
2382 2488 2562 2555 irruit,
2596 2496 2957 2557 percussurus
2980 2482 3151 2546 ascia,
3185 2495 3348 2551 quant
3412 2491 3580 2531 manu

1999 2585 2236 2643 tenebat.
2274 2613 2282 2621 -

2073 2770 2159 2824 ll.
2186 2768 2381 2823 Verum
2424 2768 2583 2823 beato
2639 2766 2839 2834 juvene
2892 2777 3089 2817 manus
3119 2776 3243 2814 cum
3286 2759 3469 2814 multis
3499 2759 3580 2813 la-
3644 2826 3655 2837 .

2000 2864 2203 2935 crymis
2266 2864 2333 2917 ad
2382 2861 2671 2915 Dominum
2707 2857 3019 2913 extollente.
3053 2864 3217 2922 atque
3267 2853 3396 2907 illttd
3439 2852 3582 2906 dun-

2003 2964 2153 3010 taxat
2202 2960 2455 3024 precato,
2501 2950 2698 3004 Sancte
2727 2946 2962 3002 Joannes
2984 2944 3280 3012 Theologe,
3313 2942 3584 3012 opitulare

324 3034 461 3097 θέως
489 3034 684 3106 βροντὴ
733 3037 959 3102 γέγονεν
1013 3038 1104 3105 ἀφ’
1137 3036 1325 3106 ὕψους,
1373 3040 1467 3091 καὶ
1496 3034 1629 3109 ἦχός
1660 3052 1777 3100 τις,¹
1818 3035 1896 3097 ὡς

2002 3046 2166 3112 mihi;
2220 3044 2366 3098 illico
2419 3058 2449 3096 e
2484 3041 2703 3095 sublimi
2759 3038 3006 3092 insonuit
3052 3035 3278 3091 tonitru.
3332 3042 3386 3087 et
3422 3046 3582 3086 voces

321 3129 431 3178 ἀπὸ
459 3125 615 3195 ὄχλου
640 3143 656 3158 ·
685 3129 776 3180 καὶ
814 3127 922 3181 ἰδού
972 3146 1054 3191 τις
1083 3131 1262 3200 γέρων
1292 3131 1486 3200 μέγας,
1521 3127 1897 3199 μεγαλόφθαλ-

326 3234 447 3285 μος,
495 3217 572 3277 ὡς
622 3218 873 3286 ἀναφάλα
907 3219 1019 3290 (9‘2)
1061 3222 1280 3292 μικρὸν,
1337 3223 1475 3292 ἔχων
1517 3221 1576 3274 τὸ
1607 3221 1898 3291 πρόσωπον

320 3310 575 3378 λαμπρὸν
612 3309 750 3378 ὑπὲρ
777 3310 867 3363 τὸν
924 3310 1095 3381 ἥλιον,
1132 3314 1225 3364 καὶ
1254 3313 1456 3382 πλῆθος
1490 3313 1622 3365 πολὺ
1652 3312 1771 3381 μετ’
1797 3310 1898 3362 αὐ-

318 3401 436 3464 τοῦ,
465 3402 611 3468 λέγει
639 3404 749 3463 τοῖς
779 3402 875 3455 σὺν
906 3403 1055 3471 αὐτῷ
1087 3405 1225 3472 μετὰ
1251 3404 1426 3473 θυμοῦ
1460 3419 1473 3433 ·
1518 3404 1897 3472 Ἀσφαλήσατε

318 3497 420 3555 τας
443 3494 640 3555 πύλας,
669 3494 765 3545 καὶ
819 3494 1007 3563 μηδεὶς
1039 3495 1292 3564 ὲξηλήσει
1350 3495 1455 3547 τῶν
1485 3496 1684 3567 χειρῶν
1719 3495 1897 3565 ἡμῶν.

320 3589 384 3640 tti
418 3589 476 3640 δὲ
514 3586 734 3649 πλείους
786 3585 1013 3640 ἐκείνων
1043 3587 1216 3651 ὄντες,
1275 3589 1433 3642 τοῦτο
1459 3588 1549 3641 διά
1577 3588 1671 3642 τοῦ
1699 3592 1898 3659 τάχους

319 3680 603 3749 ἐποίησαν.
655 3678 744 3741 Ὠς
781 3676 874 3733 οὖν
908 3679 1323 3749 συνελήφθησαν
1352 3680 1612 3744 ἅπαντες,
1642 3675 1901 3748 λέγει-είς

322 3770 548 3841 Μαῦρος
570 3769 648 3840 τῷ
668 3772 867 3842 ἑταίρῳ
880 3770 1041 3825 αὑτοῦ
1061 3773 1117 3824 ὲν
1139 3772 1439 3843 μυστηρίῳ·
1463 3771 1599 3825 Οὐαὶ
1620 3775 1750 3842 ἡμῖν
1767 3772 1898 3843 (25),

327 3866 408 3917 ὅτι
431 3864 686 3933 Ἰωάννης
742 3864 938 3933 πικρός
996 3865 1166 3927 ἐστιν,
1214 3866 1310 3917 καὶ
1361 3865 1549 3927 δεινῶς
1607 3866 1718 3933 ἔχει
1754 3867 1903 3935 ἡμᾶς

335 3955 635 4024 βασανίσει.
705 3956 932 4008 Κελεύει
965 3952 1059 4008 οὖν
1088 3958 1117 4008 6
1146 3956 1323 4026 τίμιος
1352 3958 1530 4025 γέρων
1560 3958 1766 4021 ἐκεῖνος
1790 3962 1902 4021 τοῖς

333 4049 429 4099 σὺν
460 4048 629 4117 αὐτῷ,
655 4046 749 4099 καὶ
806 4047 1163 4100 ἐκϐάλλουσιν
1186 4047 1283 4117 τὴν
1305 4048 1494 4101 ἅλυσιν
1523 4048 1617 4101 τοῦ
1673 4050 1904 4118 αὐχένος

302 4140 419 4211 τοῦ
447 4140 720 4209 μακαρίου
742 4140 989 4209 Ἀνδρέου
1013 4154 1028 4169 ο
1062 4141 1127 4210 ἢν
1167 4141 1262 4192 καὶ
1297 4139 1475 4192 λαϐὼν
1495 4143 1589 4192 καί
1617 4140 1905 4209 πορευθεὶς

330 4232 561 4300 πλησίον
610 4232 709 4300 τῆς
770 4230 877 4295 ἔξω
936 4218 1131 4301 πύλης,
1185 4231 1317 4299 ἔστη
1349 4233 1442 4284 καὶ
1492 4233 1638 4299 λέγει
1664 4236 1774 4296 τοῖς
1808 4234 1907 4285 σὺν

325 4322 476 4393 αύτῷ
500 4340 515 4354 ο
549 4322 685 4375 Ἕνα
707 4324 828 4376 καθ’
867 4322 965 4375 ἕνα
1006 4339 1095 4392 μοι
1119 4322 1337 4393 φέρετε.
1384 4323 1661 4390 Ἦνεγκαν
1690 4320 1785 4376 οὖν
1811 4324 1906 4377 τὸν

328 4420 564 4488 πρῶτον.
600 4420 708 4473 Καὶ
740 4418 884 4486 λέγει
910 4435 924 4447 ·
970 4417 1281 4471 Ἀπλὼσατε
1327 4417 1488 4470 αὐτὸν
1518 4418 1610 4469 ἐπὶ
1644 4416 1744 4488 τὴν
1774 4420 1901 4486 γῆν,

328 4513 424 4564 καὶ
479 4510 662 4563 λαϐὼν
725 4509 887 4571 αὐτὸς
928 4509 1083 4569 ἰδίαις
1113 4512 1299 4578 χερσὶν
1322 4508 1420 4579 τὴν
1468 4508 1562 4561 τοῦ
1613 4508 1903 4578 Μακαρίου

329 4607 543 4668 ἅλυσιν,
575 4602 907 4671 ὲτρίτιλωσεν
938 4601 1129 4671 αὐτὴν,
1161 4604 1255 4654 καὶ
1286 4601 1458 4662 οὕτως
1496 4601 1728 4655 δέδωκεν
1758 4602 1906 4673 αὐτῷ

330 4700 461 4750 ὡσεὶ
487 4697 680 4749 ἑκατὸν
715 4696 981 4765 μάστιγας
1007 4712 1022 4727 ·
1058 4694 1242 4763 ελεγεν
1272 4694 1327 4747 δὲ
1374 4694 1562 4765 ὥσπερ
1598 4695 1907 4765 ἅνθρωπος,

330 4791 393 4840 τὸ
430 4789 702 4859 Ἐλέησον,
757 4788 1001 4857 ἐλέησον,
1055 4785 1295 4855 ἐλέησον.
1324 4787 1478 4841 Μετὰ
1531 4787 1692 4839 τοῦτο
1751 4787 1913 4839 πάλιν

337 4880 586 4944 ἥπλωσεν
641 4880 849 4948 ἕτερον.
904 4881 1000 4933 καὶ
1052 4879 1246 4931 ἔλαϐεν
1291 4882 1386 4933 καὶ
1440 4878 1601 4941 αὐτὸς
1629 4879 1698 4931 τὰ
1746 4879 1905 4931 αὐτά.

349 4972 583 5025 ’.ὶκούων
612 4975 639 5025 6
669 4972 935 5041 μακάριος
951 4971 1201 5040 Ἀνδρέας
1219 4971 1278 5023 τὸ
1314 4971 1588 5041 Ἐλέησον,
1607 4971 1776 5024 θέλων
1807 4972 1911 5024 κᾶν

337 5064 411 5133 μὴ
437 5063 606 5117 θέλων
660 5063 739 5133 τῷ
768 5056 967 5133 γελοίῳ
1023 5061 1335 5132 συνείχετο·
1397 5064 1646 5130 ἐφαίνετο
1705 5064 1803 5133 μὲν
1833 5064 1912 5135 τῷ

334 5154 545 5226 δικαίῳ,
575 5156 661 5208 ὅτι
694 5155 889 5225 ὥσπερ
940 5153 1241 5224 ἄνθρωποι,
1267 5155 1315 5206 οἱ
1362 5154 1617 5217 Αἰθίοπες
1646 5156 1905 5225 συνεσχέ-

339 5245 528 5314 θησαν,
575 5249 670 5301 καὶ
710 5248 1027 5311 τύπτονται,
1096 5248 1188 5299 καὶ
1234 5246 1407 5300 ταῦτα
1434 5247 1744 5315 αἰσθητῶςο
1794 5234 1911 5300 ἀλλ’

335 5339 518 5401 όθεὸς
543 5340 629 5393 ἐπ’
679 5339 938 5411 ἀληθείας
992 5337 1216 5400 τούτους
1262 5336 1459 5406 ἔτυψεν
1515 5337 1742 5407 τοιούτῳ
1774 5338 1910 5409 δαρ-

408 5494 523 5563 (22)
578 5496 678 5550 Ms.
717 5495 1143 5549 Mazariuianttm
1182 5509 1312 5548 vero
1370 5493 1677 5563 ἀνάφαλος,
1736 5494 1912 5549 recal-

337 5578 557 5620 raster:
590 5572 672 5620 sic
719 5567 773 5619 in
825 5566 1082 5619 Chronico
1160 5565 1518 5619 Alexandrino
1566 5562 1912 5621 Justinianus

337 5637 666 5691 describitur
739 5636 1066 5702 Ἀναφαλας,
1120 5652 1242 5703 quae
1288 5637 1468 5689 omnia
1535 5632 1725 5687 eodem
1766 5635 1909 5692 reci-

333 5704 498 5772 duat,
527 5708 619 5761 sed
647 5706 854 5777 puriori
883 5708 1061 5776 lingua
1109 5704 1507 5775 Ἀναφάλαντος
1545 5705 1764 5761 dicitur.

1998 3139 2243 3209 quaedam
2280 3135 2440 3190 veluti
2472 3150 2502 3190 a
2545 3135 2700 3188 turba
2730 3131 2963 3186 emissae.
3010 3130 3187 3197 Atque
3246 3142 3372 3182 ecce
3427 3127 3584 3179 adest

2000 3246 2188 3293 senex,
2236 3227 2614 3295 magnitudine
2675 3224 2921 3293 corporis
2946 3232 2999 3277 et
3040 3223 3321 3277 oculorum
3362 3218 3585 3289 conspi-

2000 3336 2158 3385 cuus,
2220 3319 2448 3373 calvitio
2501 3316 2720 3381 exiguo,
2756 3313 2893 3367 facie
2916 3327 3078 3381 supra
3105 3312 3273 3365 solem
3304 3309 3583 3371 rutilante,

2002 3412 2237 3481 stipatus
2286 3408 2640 3463 multitudine
2696 3404 3163 3474 ingenti;quibus
3194 3412 3250 3457 et
3299 3404 3586 3457 dixitcum

2005 3503 2290 3557 iracundia
2323 3518 2338 3554 :
2374 3500 2672 3555 Obiit-male
2703 3508 2910 3567 portas,
2936 3505 2989 3549 et
3034 3511 3194 3550 nemo
3224 3495 3367 3550 ullus
3390 3508 3589 3547 evasu-

2004 3611 2098 3649 rus
2144 3606 2225 3647 cst
2257 3609 2451 3647 manus
2476 3603 2710 3646 nostras.
2759 3589 2837 3643 lllt
2867 3607 3017 3651 vero,
3040 3606 3162 3643 cum
3192 3602 3420 3641 numero
3453 3600 3591 3650 prae-

2005 3685 2374 3749 Starentaliis,
2401 3698 2554 3752 teque
2585 3693 2803 3752 repente
2824 3682 2974 3748 jussa
3010 3678 3435 3746 capessiverunt.
3493 3674 3592 3727 At-

2004 3793 2111 3847 que
2159 3778 2259 3833 hoc
2312 3776 2473 3830 modo
2522 3776 2802 3830 conclusis
2834 3772 3357 3842 comprehensisque
3383 3768 3592 3822 Mauris

2004 3869 2279 3931 omnibus,
2312 3868 2526 3920 illorttm
2578 3881 2723 3920 unus
2748 3865 2901 3919 socio
2930 3879 3029 3918 suo
3062 3863 3115 3917 in
3157 3876 3345 3915 aurem
3378 3869 3592 3915 secreto

2004 3963 2316 4015 insusurrat
2347 3977 2360 4012 :
2398 3958 2489 4012 Vae
2549 3958 2727 4021 nobis,
2751 3958 2877 4026 quia
2925 3954 3161 4009 Joannes
3198 3954 3306 4016 ille,
3341 3961 3400 4006 ut
3432 3952 3593 4005 velte-

2008 4070 2165 4108 mens
2203 4052 2472 4121 imprimis
2502 4059 2612 4116 est,
2665 4049 2986 4120 gravissima
3019 4047 3177 4101 nobis
3206 4052 3475 4099 tormenta
3510 4042 3593 4097 itt-

2007 4146 2175 4213 lliget.
2232 4145 2297 4198 Et
2357 4143 2689 4197 venerabilis
2730 4142 2819 4196 ille
2868 4155 3031 4194 senex
3068 4154 3192 4193 cttm
3220 4139 3338 4206 ipso
3367 4136 3593 4204 iubente

2012 4239 2147 4293 socii
2179 4253 2207 4291 e
2230 4239 2370 4290 collo
2400 4235 2462 4290 Β.
2504 4235 2732 4289 Andreae
2761 4234 3011 4286 tulissent
3037 4242 3285 4283 catenam
3311 4230 3469 4297 eique
3501 4228 3597 4281 dc-

2011 4330 2247 4389 dissrnt,
2279 4327 2584 4396 procedens
2623 4327 2689 4378 ad
2729 4324 2988 4378 extimam
3052 4330 3264 4389 portam
3327 4320 3594 4385 constitit,

2011 4438 2073 4477 ac
2097 4420 2234 4474 dixit
2282 4419 2473 4473 iisdem
2535 4417 2831 4471 comitibus
2868 4414 3313 4484 suis:Singulos
3379 4413 3598 4466 Mauros

2013 4512 2205 4566 alii-rte
2262 4510 2392 4565 huc.
2443 4511 2860 4576 Allatorumque
2911 4504 3341 4577 primumjussit
3374 4504 3594 4558 exrendi

2014 4605 2152 4664 solo.
2178 4612 2231 4657 et
2255 4613 2527 4673 arreptam
2558 4601 2795 4671 propriis
2838 4600 3091 4652 manibus
3156 4596 3307 4649 Beati
3344 4606 3593 4650 catenam

2019 4696 2335 4765 triplicavit,
2382 4696 2570 4763 sicque
2618 4695 2821 4747 misero
2868 4692 3025 4761 quasi
3079 4700 3297 4743 centum
3369 4690 3597 4742 verbera

2017 4788 2276 4857 impegit;
2335 4784 2696 4841 exclamatttis
2732 4785 2903 4836 instar
2974 4781 3209 4834 ltontinis
3261 4797 3274 4833 :
3318 4779 3596 4843 Miserere,

2016 4880 2296 4941 miserere,
2357 4878 2641 4931 miserere.
2696 4873 2792 4929 llis
2829 4873 3064 4943 peractis
3115 4870 3346 4925 alterum
3376 4871 3595 4924 extendi

2018 4971 2321 5035 mandavit,
2377 4970 2470 5036 qtti
2525 4977 2582 5023 et
2632 4967 2822 5021 eodem
2889 4982 3116 5035 prorsus
3154 4967 3316 5019 modo
3338 4974 3599 5032 exceptus

2014 5074 2119 5118 est.
2152 5063 2359 5117 Interea
2385 5061 2443 5114 Β.
2469 5060 2737 5123 Andreas,
2771 5059 2960 5111 audito
2987 5058 3202 5111 illorum
3227 5056 3596 5117 lamentabili,

2016 5157 2306 5218 Miserere;
2341 5152 2502 5206 vellet
2565 5151 2750 5214 nollet,
2809 5151 2922 5206 risu
2962 5159 3248 5220 correptus
3280 5158 3364 5203 est
3404 5165 3418 5202 :
3450 5148 3601 5201 vide-

2016 5249 2214 5302 bantur
2264 5254 2443 5300 autem
2501 5244 2604 5314 ipsi
2639 5242 2767 5298 dicti
2794 5241 3103 5313 IEthiopes.
3133 5258 3286 5298 more
3311 5243 3597 5298 hominum

2014 5339 2321 5405 constricti,
2379 5337 2693 5392 sensibilcm
2745 5337 2797 5390 in
2861 5336 3080 5391 modum
3135 5337 3301 5405 ﬂagra
3359 5336 3545 5389 subire
3578 5352 3595 5387 :

2091 5496 2203 5566 (23)
2264 5494 2368 5549 Pro
2419 5495 2522 5551 isto
2554 5496 2705 5566 ἡμῖν,
2759 5512 2823 5549 ex
2860 5493 3009 5566 llaz._
3046 5492 3151 5546 huc
3198 5489 3458 5566 translato
3493 5487 3592 5566 lia_-

2020 5555 2499 5637 ltebat'nostrum,
2558 5555 2656 5619 τῆν
2694 5555 2853 5637 ’ὥραν
2910 5562 3120 5633 ταύτην
3184 5562 3279 5617 καὶ
3341 5555 3384 5629 ᾧ
3433 5559 3597 5630 ἡμεῖς

2017 5635 2456 5708 ιπλανὴσθημεν.
