4086 6402
473 235 582 295 (343

1536 232 1957 295 NICEPHORI
2001 230 2476 291 PRESBYTERI
2516 233 2605 291 Cl‘

3618 224 3739 291 uti.

475 347 568 399 sed
613 363 801 401 revera
848 350 987 407 Dens
1029 355 1251 407 verbera
1289 356 1387 409 is'a
1440 354 1719 425 indigebat
1756 376 1769 420 ;
1807 372 1930 409 cum
1964 369 2050 407 na-

2162 350 2269 417 μῷ,
2298 349 2383 401 ἐπ’
2416 349 2671 417 ἀληθείας
2729 348 2825 423 οὐχ
2887 342 3001 417 ($1)
3034 349 3065 417 ὴ
3099 347 3259 417 φύσις
3291 345 3471 399 αὐτῶν
3513 348 3742 398 κατοδυ-

473 444 593 490 tura
658 436 901 503 illorum,
947 457 1070 512 qua:
1104 446 1356 513 corporis
1403 460 1598 513 expers
1626 456 1727 507 cst,
1778 460 1903 500 vere
1944 462 2051 498 non

471 531 830 585 cruciaretur.
889 530 1160 590 Extensus
1217 534 1413 590 deinde
1459 536 1649 590 tertius
1698 553 1917 605 quoque
1946 549 2054 601 est,

475 622 564 675 cui
618 624 809 677 eadem
880 628 1065 679 omnia
1114 628 1409 681 incubuere
1448 627 1675 697 :sicque
1742 630 1934 683 ordine
1987 628 2054 682 ad

474 731 672 769 «parties
727 731 1043 783 processum
1106 726 1209 771 est.
1260 718 1397 772 Cum
1456 733 1586 773 vero
1631 719 1701 772 ita
1733 719 1921 773 laniati
1973 720 2056 771 di-

477 807 844 870 mitterentur,
872 808 1242 863 acclamantes
1292 810 1509 864 candidi
1566 812 1713 865 senis
1764 814 1920 876 socii,
1976 814 2058 865 di-

474 902 669 951 cebant
716 901 981 965 singulis:
1016 902 1129 967 Age
1172 916 1291 969 age.
1340 916 1534 957 enarra
1593 904 1801 969 islbaac,
1837 905 1881 958 si
1942 905 2056 975 pla-

473 1001 555 1043 CeI
591 990 805 1044 Satana:
826 994 960 1057 patri
993 1001 1108 1045 tuo.

548 1081 633 1135 1'2.
690 1082 1043 1149 Posteaqumn
1087 1084 1267 1136 cuncti
1320 1084 1618 1138 abivissent
1682 1087 1875 1151 Mauri,
1921 1103 2055 1142 can-

473 1171 637 1223 didati
692 1172 908 1238 quidem
967 1172 1039 1225 illi
1080 1174 1335 1227 similiter
1379 1186 1807 1231 evanueruntex
1834 1181 2010 1232 oculis
2036 1217 2052 1241 ,

476 1260 745 1314 formosus
772 1276 897 1314 vero
944 1278 1106 1315 senex
1152 1263 1374 1331 pr0pius
1403 1264 1466 1316 Β.
1493 1265 1767 1319 Andream
1795 1268 2054 1331 adit,ciro

472 1351 886 1418 compositaque
900 1367 1114 1405 rursum
1132 1362 1346 1418 catena,
1380 1355 1576 1409 blande
1596 1365 1651 1409 et.
1689 1356 1859 1411 facete
1883 1360 2050 1415 dicit:

472 1443 682 1505 Cernis,
739 1458 901 1509 quam
932 1456 1230 1514 pnesentes
1270 1448 1365 1502 tibi
1401 1449 1684 1518 suppetias
1711 1451 1969 1506 tulerim?
1997 1465 2057 1508 ut

471 1534 614 1587 scias
657 1545 878 1602 quanta:
936 1538 1068 1590 mibi
1097 1554 1245 1593 cura:
1289 1540 1399 1596 sint
1427 1559 1512 1599 res
1538 1554 1641 1599 tua:
1677 1565 1689 1599 :
1724 1550 2055 1605 conatitntus

472 1641 710 1695 namque
746 1644 891 1691 sum,
912 1629 1134 1697 jnbente
1171 1630 1422 1698 Domino,
1454 1645 1509 1689 ut
1532 1638 1598 1691 ad
1630 1639 1782 1692 utilia
1813 1644 2052 1694 sanctio-

474 1732 639 1785 raque
660 1719 887 1774 consilia
923 1731 974 1775 te
1010 1724 1269 1781 animem.
1290 1735 1344 1778 et
1366 1726 1556 1783 crebro
1595 1731 1890 1797 propositis
1918 1748 2050 1799 pra:-

472 1809 596 1864 miis
628 1812 879 1866 excitem.
912 1812 1134 1867 Sustine
1156 1816 1340 1883 igitur,
1376 1828 1435 1871 ut
1475 1821 1529 1872 in
1557 1822 1813 1877 omnibus
1852 1827 2049 1893 proba-

472 1914 562 1957 tus
596 1903 922 1967 inveniar-is;
962 1920 1068 1960 non
1106 1910 1335 1963 multum
1359 1912 1504 1965 enim
1536 1915 2053 1982 temporisinterce-

470 1994 587 2057 det,
654 2010 777 2048 cum
814 1996 1070 2050 dominus
1103 2008 1153 2052 le
1210 2009 1336 2053 tuus
1384 2002 1525 2056 ultro
1586 2006 1812 2060 missum
1865 2006 2050 2073 faciet,

473 2084 750 2138 abiturum
796 2102 1121 2157 quocunque
1158 2094 1341 2144 animo
1384 2093 1705 2148 collubitutn
1749 2104 1842 2149 tuo
1864 2098 2049 2151 fuerit.

484 2175 698 2245 Excipit
745 2180 1030 2234 Andreas:
1060 2181 1285 2237 Domine
1315 2186 1411 2247 mi,
1463 2189 1652 2254 ecquis
1676 2200 1751 2254 tu,
1788 2190 2049 2259 quoniam

472 2284 581 2320 ιιυη
633 2269 754 2323 novi
812 2280 863 2324 te
894 2270 917 2322 ?
958 2270 1021 2324 Et
1075 2273 1205 2327 ille:
1239 2276 1289 2328 ls
1320 2294 1421 2345 ego
1454 2294 1598 2343 sum,
1624 2280 1718 2349 qui
1752 2296 1918 2349 super
1950 2283 2053 2335 im-

474 2360 802 2414 maculatum
837 2371 890 2416 et
927 2364 1194 2418 vivilicum
1234 2366 1441 2422 Domini
1477 2373 1645 2425 nostri
1676 2370 1801 2427 Jesu
1838 2375 2048 2429 Christi

482 2463 671 2517 lectus
694 2454 896 2519 quieti.
924 2455 1133 2519 Quibus
1163 2458 1345 2523 dictis,
1364 2461 1516 2529 quasi
1550 2463 1970 2521 transformatus
1996 2469 2049 2519 in

476 2543 675 2611 fu’gnr,
709 2545 842 2598 abiit
871 2562 899 2599 e
924 2559 1241 2613 conspectu.
1279 2550 1343 2602 Et
1376 2551 1602 2607 miratus
1631 2557 1873 2611 Andreas
1911 2559 2049 2611 inef-

474 2634 690 2686 labiletn
719 2636 806 2687 Dei
840 2637 1153 2703 bonitatem,
1214 2640 1531 2709 glorillcavit
1573 2644 1746 2712 ipsum
1783 2650 2051 2701 maximo-

478 2740 628 2793 pere,
664 2728 808 2796 quod
846 2729 987 2781 itain
1018 2731 1164 2783 omni
1198 2733 1362 2785 verbo
1395 2748 1459 2787 ac
1493 2750 1657 2803 opere
1705 2739 1922 2805 adjutor
1950 2740 2049 2793 sibi

474 2819 669 2885 lactus,
730 2832 837 2875 tam
882 2825 1064 2877 subito
1108 2840 1171 2877 ex
1223 2826 1803 2883 instantiumatrorum
1846 2830 2050 2883 (laeum-

476 2927 604 2963 num
665 2922 932 2977 potestate
981 2915 1273 2981 eripuisset
1324 2933 1465 2981 sese,
1509 2919 1750 2989 dixitque
1777 2922 2050 2976 submissa

2157 442 2317 494 νᾶται
2356 439 2723 509 ἡὰσὼματος.
2778 439 3077 493 ἰιπλωσαν
3124 437 3217 491 οὖν
3262 441 3356 490 καὶ
3408 438 3499 489 τὸν
3532 436 3739 507 τρίτον,

2155 532 2250 583 καὶ
2281 532 2443 594 αὐτὸς
2468 534 2534 584 τὰ
2568 532 2705 585 αὐτὰ
2730 530 3028 601 ὑπέμεινεν
3047 546 3061 561 ο
3126 530 3264 599 πρδις
3298 530 3422 581 ὅσον
3451 526 3545 581 οὖν
3581 531 3738 596 ένορ-

2155 623 2312 684 δίνως
2348 622 2575 675 ἔτυπτον
2599 623 2816 685 αὐτοὺς,
2840 622 3018 689 ἕτεροι
3070 620 3381 685 ἀνεφὼνουν
3419 622 3532 680 τοῖς
3554 620 3742 688 δαρεῐι

2159 732 2245 767 σιν
2277 715 2372 768 καὶ
2441 714 2856 783 άπολυομένοις,
2913 713 3099 781 ελεγον
3132 713 3213 766 ἑνὶ
3246 712 3453 773 καθενὶ,
3488 713 3735 779 ⁸Υπαγε,

2154 808 2366 872 δίδαξον
2419 807 2592 860 ταῦτα
2651 806 2728 876 τῷ
2759 806 2925 860 πατοί
2987 822 3083 859 σου
3110 805 3189 873 τῷ
3222 804 3458 872 Σατανᾷ,
3524 805 3573 855 εί
3609 803 3740 871 api-

2156 916 2371 953 σκεται.

2229 1081 2453 1148 ιβ’.”οτε
2473 1077 2569 1133 οὖν
2599 1081 2799 1143 πάντες
2818 1079 3141 1149 ὑπεξῆλθον,
3161 1081 3210 1131 oi
3235 1079 3335 1148 μὲν
3360 1080 3559 1151 λευσχή
3570 1097 3735 1149 μονες

2157 1176 2359 1228 ἐκεῖνοι
2388 1174 2613 1241 ἀφανεῖς
2638 1171 2747 1223 τῶν
2781 1174 2898 1224 ἐκεῖ
2929 1173 3196 1239 ἐγένοντο,
3228 1174 3256 1225 6
3280 1172 3338 1225 δὲ
3364 1174 3563 1241 ὡραῖος
3598 1174 3742 1225 ἐκεῖ-

2157 1282 2244 1328 νος
2266 1265 2449 1332 γέρων
2496 1263 2716 1333 ἔρχεται
2748 1263 2883 1332 πρὸς
2910 1264 3002 1317 τὸν
3052 1264 3347 1334 μακάριον,
3380 1263 3475 1317 καὶ
3512 1265 3610 1334 τὴν
3638 1265 3741 1330 μὲν

2158 1357 2345 1409 ἆλυσιν
2379 1354 2439 1406 το
2462 1354 2594 1407 αὐτὸ
2620 1354 2786 1407 πάλιν
2812 1354 3102 1425 ὲφόρησεν,
3127 1355 3278 1422 λέγει
3316 1355 3372 1407 δὲ
3406 1356 3482 1418 ὡς
3514 1373 3739 1425 χαριεν-

2156 1444 2441 1515 τιζόμενος
2467 1461 2480 1476 ο
2551 1444 2781 1506 Βλέπεις
2819 1444 2936 1507 πῶς
2971 1444 3211 1514 ὲτάχυνα
3238 1448 3318 1505 είς
3347 1447 3411 1498 τὸ
3469 1446 3740 1515 βοηθῆσαί

2159 1553 2240 1590 σοι
2270 1552 2284 1601 ;
2316 1536 2403 1587 ἵνα
2456 1534 2563 1602 γὰρ
2612 1536 2811 1587 εἰδέναι
2855 1534 2986 1605 ἔχῃς
3036 1535 3121 1587 ὅτι
3153 1535 3249 1589 καὶ
3278 1536 3420 1589 πάνυ
3465 1554 3556 1606 μοι
3584 1536 3737 1606 μέλει

2159 1629 2286 1698 περί
2321 1643 2435 1679 σου·
2500 1628 2624 1695 ἐμοὶ
2671 1627 2783 1697 γὰρ
2840 1626 3041 1697 ὥρισεν
3090 1627 3354 1691 κελεύσας
3383 1629 3735 1698 ὀΔεσπότης,

2159 1723 2243 1774 ἵνα
2298 1737 2393 1773 σου
2457 1723 2555 1790 τῆς
2589 1719 2866 1791 σωτηρίας
2898 1720 3034 1790 πρὸς
3067 1720 3295 1773 τάνόντα
3322 1721 3608 1791 πρόσφορα
3638 1724 3738 1776 καὶ

2152 1812 2485 1867 εὐθειὼτατα
2535 1816 2818 1885 μεριμνῶν
2870 1817 3151 1880 ἑκάστοτε,
3199 1818 3592 1889 επιϐρασεύσω
3624 1837 3730 1875 σοι.

2163 1905 2488 1974 Ὕπόμεινον
2519 1904 2634 1967 οὖν.
2696 1909 2782 1962 ἵνα
2810 1909 3035 1979 δόκιμος
3058 1912 3139 1973 εἰς
3181 1911 3362 1964 πάντα
3392 1914 3599 1982 γενήσῃ
3628 1930 3641 1941 ·
3667 1914 3731 1965 οὐ

2156 1999 2375 2066 μακρὰν
2443 2002 2553 2067 γὰρ
2604 2000 2696 2052 καὶ
2745 2001 3065 2072 ἀπολυθήσῃ
3104 2003 3197 2055 τοῦ
3232 2004 3440 2071 Κυρίου
3488 2021 3581 2057 σου
3652 2006 3733 2074 τῷ

2156 2089 2271 2159 ἰδίῳ
2303 2091 2593 2159 θελήματι,
2634 2092 2962 2162 πορεύεσθαι
2995 2096 3130 2147 ὅπου
3178 2095 3226 2148 δ’
3284 2096 3351 2148 ἂν
3379 2099 3492 2157 τοίς
3518 2097 3731 2166 ὀφθαλ-

2156 2184 2279 2248 μοῖς
2329 2180 2420 2233 σού
2465 2184 2613 2235 ἐστιν
2654 2184 2970 2254 εὐάρεστον.
3018 2186 3183 2251 Λέγει
3229 2181 3322 2239 οὖν
3357 2189 3384 2238 ὁ
3427 2187 3685 2256 Ἀνδρέας
3718 2206 3729 2218 ⁸

2155 2272 2327 2340 Κύριέ
2366 2290 2488 2341 μου,
2522 2275 2605 2336 τίς
2633 2274 2741 2343 γὰρ
2766 2272 2817 2327 εἷ
2848 2276 2931 2333 σὺ.
2965 2278 3048 2330 ὅτι
3075 2277 3302 2343 ζὰγνοῶς
3347 2276 3405 2330 '0
3436 2279 3493 2330 δέ
3521 2297 3687 2347 φησιν
3710 2298 3723 2312 ·

2166 2365 2307 2433 Ἐγὼ
2336 2369 2447 2435 εἰμι
2471 2368 2498 2419 6
2525 2368 2814 2420 ἀναπεσὼν
2848 2370 2904 2422 ἐν
2937 2370 3015 2438 τῷ
3045 2371 3298 2439 ἀχράντῳ
3330 2372 3427 2424 καὶ
3457 2374 3710 2443 ζωοποιῷ

2156 2460 2343 2529 στήθει
2374 2459 2466 2513 τοῦ
2500 2462 2705 2530 Κυρίου
2737 2463 2893 2531 ἡμῶν
2938 2462 3114 2531 Ἰησοῦ
3144 2464 3404 2533 Χριστοῦ.
3439 2467 3547 2517 Καὶ
3568 2467 3731 2521 τοῦτο

2154 2551 2345 2611 εἰπὼν,
2413 2550 2603 2621 ὥσπερ
2659 2554 2741 2615 είς
2796 2553 3085 2624 ἀστραπὴν
3168 2555 3559 2623 μεταποιηθεὶς
3599 2596 3614 2618 ,
3674 2558 3733 2623 ἐξ

2152 2649 2449 2718 ὀφθαλμῶν
2472 2650 2637 2703 αὐτοῦ
2666 2652 2977 2720 ἐπορεύετο.
2998 2650 3055 2702 '0
3082 2649 3138 2702 δὲ
3174 2650 3446 2718 μαγάριος
3472 2650 3734 2718 Ἀνδρέας

2154 2742 2469 2812 ἐθαύμαζεν
2502 2742 2597 2795 τοῦ
2632 2742 2770 2795 Θεοῦ
2821 2748 2919 2812 τὴν
2954 2741 3350 2809 άνεκδιήγητον
3391 2742 3732 2809 ἁγαθὸτητα.

2154 2835 2249 2887 καὶ
2297 2834 2548 2899 ἐδόξαζεν
2598 2834 2761 2887 αὐτὸν
2816 2833 3089 2905 μεγάλως,
3158 2833 3237 2885 ὅτι
3270 2831 3445 2894 οὕτως
3484 2835 3542 2884 ἐν
3568 2835 3736 2887 παντὶ

2158 2928 2358 2996 ῥήματι
2389 2927 2481 2980 καὶ
2544 2928 2841 2996 πράγματι
2909 2926 3102 2995 βοηθὸς
3155 2923 3321 2978 αὐτοῦ
3352 2926 3593 2992 ἐγένετο,
3635 2927 3732 2978 καὶ

474 3017 606 3056 voce
637 3020 649 3055 :
684 3002 908 3059 Domine
933 3004 1061 3060 Jesu
1093 3008 1333 3071 Christe,
1359 3024 1551 3077 magna
1576 3021 1627 3064 et
1657 3013 2050 3080 incomparabi-

2159 3017 2225 3069 ἐκ
2257 3017 2367 3068 τῶν
2409 3017 2861 3086 ἐπανισταμένων
2893 3014 3041 3085 αὐτῷ
3098 3015 3348 3085 ζοφερῶν
3403 3016 3735 3085 πνευμάτων

473 3096 543 3149 lis
573 3108 656 3149 est
688 3100 926 3164 potentia
950 3111 1043 3151 tua
1072 3116 1089 3153 :
1117 3114 1277 3166 super
1300 3114 1517 3155 onmem
1571 3112 1821 3157 naturam
1846 3107 2055 3174 gloriﬁ—

471 3196 591 3240 cata
625 3199 709 3241 est
745 3190 1117 3244 misericordia
1152 3200 1262 3252 tua.
1301 3192 1426 3259 quia
1465 3194 1569 3247 mei
1602 3194 1824 3250 humilis
1858 3198 2052 3252 miser-

477 3286 565 3331 tus
596 3293 677 3342 es,
715 3288 768 3333 et
795 3296 981 3333 curam
1016 3283 1161 3349 geris
1189 3299 1204 3337 :
1235 3284 1284 3336 id
1315 3298 1414 3352 ego
1451 3298 1562 3337 rem
1592 3302 1785 3341 novam
1805 3296 1857 3342 et
1887 3292 2049 3343 multa

474 3370 837 3424 admiratione
890 3373 1107 3441 dignam
1148 3376 1423 3430 existimo.
1475 3377 1698 3432 Custodi
1760 3395 1844 3433 me
1888 3381 2052 3450 igitur

476 3475 641 3529 pOrro
664 3463 897 3530 amplius
924 3474 977 3515 et
1006 3465 1253 3532 amplius,
1296 3465 1541 3531 Domine,
1585 3469 1638 3522 in
1673 3471 1899 3527 veritate
1921 3485 2008 3528 tua
2034 3493 2049 3538 ;

473 3560 530 3603 et
552 3553 773 3622 dignum
802 3569 887 3609 me
916 3554 1022 3618 fac,
1050 3557 1143 3623 qui
1175 3557 1441 3613 inveniam
1501 3562 1730 3630 gratiam
1773 3578 1956 3617 coram
1975 3575 2048 3631 te,

471 3660 506 3698 ο
543 3645 832 3709 altissime,
868 3662 901 3699 ο
949 3649 1350 3717 potentissime,
1383 3668 1416 3706 ο
1447 3655 1729 3721 terribilis,
1762 3672 1794 3711 ο
1842 3657 2049 3713 incom-

471 3739 877 3805 prebensibilis.

543 3929 631 3982 15.
667 3928 817 3987 Talia
864 3940 1085 3999 precato
1114 3934 1326 3986 Andrea
1346 3973 1358 3993 ,
1414 3934 1617 4003 ingruit
1640 3950 1743 3989 nox
1772 3954 1785 3990 :
1814 3952 2049 4009 cumque

468 4020 802 4088 aliquantum
832 4022 1006 4075 somni
1044 4024 1636 4090 raperet,depreliendit
1664 4042 1723 4081 se
1763 4042 1857 4096 per
1880 4030 2049 4084 visio-

471 4128 597 4165 nem
653 4113 705 4165 in
766 4115 930 4183 regali
969 4115 1197 4182 palatio;
1253 4128 1588 4187 vocatusque
1617 4135 1645 4171 a
1682 4136 1827 4189 rege,
1862 4123 2047 4190 palatii

468 4203 714 4267 domino,
776 4214 973 4272 pra-sto
1024 4208 1259 4259 advolat.
1313 4208 1411 4260 Cui
1446 4225 1601 4263 rex:
1655 4209 1817 4265 Visne
1843 4216 2048 4268 servire

469 4293 601 4344 milii
633 4307 700 4345 ex
727 4303 841 4347 toto
879 4294 1079 4348 corde?
1105 4296 1151 4348 si
1199 4311 1443 4360 annuas,
1479 4299 1742 4352 asciscam
1776 4311 1828 4354 te
1869 4303 1919 4355 in
1948 4319 2049 4356 nu-

2157 3110 2217 3161 ὲν
2271 3109 2428 3177 τάχει
2480 3109 2863 3177 ὲλυτρώσατο,
2931 3110 3026 3161 καὶ
3089 3106 3245 3172 ἔλεγε
3315 3107 3731 3167 λανθανόντως·

2158 3200 2330 3271 Κύριε
2362 3200 2537 3269 Ἰησοῦ
2600 3201 2824 3272 Χριστὲ,
2880 3201 3093 3271 μεγάλη
3149 3203 3242 3255 σού
3287 3203 3438 3252 ἐστιν
3469 3201 3561 3252 καὶ
3587 3200 3731 3251 ἀνείη

2155 3308 2355 3355 καστος
2377 3294 2410 3362 ἡ
2440 3292 2694 3363 δὺναμις,
2732 3294 2874 3361 ὑπὲρ
2896 3294 3062 3362 φύσιν
3089 3295 3231 3346 εἰσὶν
3260 3291 3625 3359 δεδοξασμένα
3655 3289 3725 3341 τά

2154 3386 2440 3455 σπλάγχνα
2494 3402 2610 3450 σου,
2669 3386 2790 3439 καθ’
2848 3386 2931 3439 ὅτι
2984 3385 3086 3452 ἐμὲ
3109 3385 3199 3437 τὸν
3228 3384 3490 3436 ταπεινὸν
3532 3382 3731 3444 ὶλεεῖς,

2152 3477 2245 3531 καὶ
2291 3478 2373 3530 ὅτι
2408 3477 2558 3546 μέλει
2594 3494 2677 3530 σοι
2731 3477 2860 3547 περὶ
2910 3476 3043 3545 ἐμοῦ
3067 3492 3081 3506 ·
3128 3476 3275 3540 ξένον
3303 3476 3461 3528 τοῦτο
3493 3473 3741 3543 ἡγοῦμαι

2156 3573 2251 3624 καὶ
2284 3569 2755 3639 πολυθαύμαστον·
2788 3560 3023 3638 φύλαξὸν
3056 3587 3122 3637 με
3149 3565 3263 3633 οὖν,
3299 3570 3495 3637 Κύριε,
3532 3566 3613 3619 ἔτι
3637 3568 3735 3618 καὶ

2152 3664 2234 3715 ἑτι
2263 3664 2320 3716 ἐν
2350 3664 2417 3732 τῇ
2460 3661 2691 3731 ἀληθεία
2727 3678 2845 3724 σου,
2871 3664 2967 3713 καὶ
2992 3661 3226 3724 ἁξίωσόν
3259 3677 3323 3727 με
3352 3660 3535 3725 εὑρεῖν
3560 3656 3730 3725 χάριν

2152 3756 2302 3817 παρά
2335 3771 2439 3816 σοι,
2476 3747 2521 3805 ὧ
2552 3753 2768 3822 ὖψιστε,
2808 3752 3176 3822 πολυδύναμε,
3209 3750 3428 3821 φοῦερὲ,
3464 3750 3563 3802 καὶ
3584 3751 3732 3801 ἀκα-

2148 3846 2412 3914 τάληπτε.

2224 3934 2294 4003 ιγ’
2303 3978 2315 3991 .
2336 3937 2519 3989 Ταῦτα
2536 3936 2702 3988 αὐτοῦ
2729 3938 3193 4007 προσευχομένου,
3212 3936 3416 4009 ἐπέστη
3438 3941 3471 4008 ἠ
3488 3941 3604 4004 νὺξ,
3634 3943 3735 3993 καὶ

2154 4026 2350 4096 μικρὸν
2372 4025 2538 4079 αὑτοῦ
2561 4043 2613 4079 τι
2637 4027 2999 4095 ὑπνήσαντος,
3032 4027 3221 4095 βλέπει
3254 4031 3311 4081 έν
3335 4031 3599 4098 ὁράματι,
3641 4033 3729 4084 ὅτι

2147 4113 2217 4187 ἦν
2259 4121 2339 4180 εἰς
2394 4117 2633 4171 παλάτια
2677 4117 2936 4187 βασιλικὰ
2973 4159 2987 4181 ,
3044 4120 3137 4170 καὶ
3195 4120 3467 4187 κέκληκεν
3513 4123 3737 4175 αὑτδνό

2153 4210 2406 4280 βασιλεὺς
2438 4210 2546 4263 τῶν
2600 4209 2880 4262 παλατῖων
2926 4205 3171 4274 ἐκείνων,
3223 4213 3317 4263 καὶ
3346 4213 3403 4261 ὲν
3440 4211 3552 4280 ὅσῳ
3588 4230 3736 4281 παρο

2150 4303 2279 4372 ἐστη
2311 4301 2479 4372 αὐτῷ,
2529 4302 2677 4368 λέγει
2722 4304 2859 4371 πρὸς
2914 4301 3126 4355 αὐτόνό
3183 4302 3439 4371 βασιλεὺς
3472 4306 3677 4367 ἐκεῖνος
3710 4322 3728 4338 ο

471 4398 682 4437 merum
714 4399 1001 4452 procerum
1064 4387 1247 4455 palatii
1285 4389 1408 4441 mei.
1445 4388 1506 4442 Et
1534 4392 1776 4445 Andreas
1807 4411 1820 4447 :
1851 4393 2050 4464 Ecquis

2156 4393 2341 4455 Θέλεις
2378 4411 2470 4462 μοι
2520 4392 2805 4446 δουλεῦσαι
2833 4392 3136 4462 ὁλοψύχως,
3169 4394 3263 4444 καὶ
3295 4395 3512 4462 ποιήσω
3535 4412 3594 4446 σε
3633 4396 3733 4449 ἕνα.

469 4487 652 4534 autem
701 4477 972 4531 fortunam
1004 4478 1199 4531 bonam
1251 4481 1535 4548 repudiet?
1557 4498 1655 4551 ego
1683 4487 1963 4541 enimvero
1997 4490 2047 4542 id

460 4570 719 4625 desidere
770 4570 1088 4638 plurimum.
1129 4571 1218 4623 Ait
1249 4587 1336 4625 rex
1373 4573 1668 4643 :Experire
1710 4578 1892 4645 igitur,
1917 4595 2050 4647 qua-

460 4663 537 4719 Jis
585 4662 878 4716 famulatus
919 4678 1070 4717 meus
1131 4664 1202 4716 sit
1234 4682 1245 4716 :
1272 4666 1547 4735 simulque
1580 4668 2044 4738 traditquidpiam

458 4770 577 4810 ,που
630 4755 877 4809 absimile
935 4756 1098 4810 nivis.
1133 4758 1428 4825 Acceptnm
1489 4760 1576 4813 ille
1611 4761 1663 4812 in
1705 4762 2047 4827 osimtnisit,

458 4847 750 4916 sensitque
796 4858 1000 4901 tantam
1047 4848 1412 4910 dulcedinem,
1469 4858 1723 4917 quantam
1764 4853 2046 4905 mensbn-

466 4954 629 4995 mana
678 4938 959 5007 imaginari
992 4939 1093 4992 sibi
1130 4940 1271 4993 nulla
1307 4950 1504 5007 potest.
1552 4940 1681 4995 Erat
1706 4953 1887 4994 autem
1926 4959 2051 5010 per-

463 5031 659 5096 exigua
718 5033 917 5097 portio,
973 5047 1137 5098 quam
1192 5034 1504 5095 comedens,
1547 5036 1736 5087 orabat
1780 5034 1833 5086 in
1887 5035 2050 5088 corde

469 5135 591 5182 suo,
629 5121 771 5173 aliud
793 5130 955 5191 atque
979 5124 1125 5176 aiiud
1183 5122 1287 5176 sibi
1321 5133 1375 5175 ut
1432 5126 1818 5177 concederetur
1853 5141 1867 5178 :
1901 5126 2063 5179 dice»

473 5210 565 5263 bat
599 5213 821 5280 quippe,
857 5215 991 5268 inter
1018 5216 1454 5268 manducandum
1492 5217 1666 5269 visum
1697 5232 1757 5271 se
1783 5217 1888 5271 sibi
1919 5217 2052 5271 fuis-

469 5304 607 5357 sein
663 5304 906 5359 divinum
968 5308 1236 5374 quoddam
1283 5318 1616 5375 unguentum
1649 5324 1757 5376 prze
1803 5310 2047 5363 dulcedi-

470 5394 558 5450 nis
621 5396 889 5451 suavitate
940 5398 1411 5454 transformatnm.
1461 5398 1694 5453 Rursum
1732 5402 1949 5469 porrigit
1982 5402 2035 5453 ill

539 5566 656 5636 (‘25)
685 5572 922 5639 Δαρμδς,
954 5570 1029 5623 uti
1087 5579 1141 5623 et
1186 5570 1561 5640 παραδαρμδς,
1613 5577 1749 5623 ictus
1790 5572 2045 5638 inﬂictas,

471 5640 704 5704 urbem,
731 5643 1069 5710 supplicium,
1098 5658 1124 5694 a
1151 5640 1312 5710 δέρω,
1341 5645 1567 5707 rerbrru,
1596 5645 1735 5693 cardo
1761 5658 1776 5693 :
1808 5659 1967 5696 vorrs
1995 5645 2046 5697 in

2154 4486 2263 4537 τῶν
2296 4484 2527 4548 ἐνδόξων
2561 4484 2655 4537 τοῦ
2684 4483 2948 4536 παλατίου
3005 4500 3141 4552 μους
3194 4486 3341 4552 Ἔφη
3373 4488 3400 4536 ό
3430 4485 3685 4554 Ἀνδρέας
3715 4503 3732 4519 ο

2158 4579 2267 4630 Καὶ
2298 4576 2378 4639 τίς
2405 4578 2633 4638 ἐκεῖνος,
2691 4576 2717 4626 6
2743 4574 2805 4627 τὸ
2865 4574 3089 4641 ἀγαθῶν
3129 4573 3591 4642 παραιτούμενος,
3619 4574 3733 4643 ἐγὼ

2154 4671 2209 4721 δὲ
2245 4671 2384 4722 πάνυ
2418 4669 2608 4721 τούτου
2668 4666 2761 4719 ’τοῦ⁹
2810 4666 3137 4737 πράγματος
3186 4667 3478 4735 ὀρέγομαι.
3533 4668 3735 4734 Ἔφηό

2156 4760 2403 4831 βασιλεύς
2431 4776 2445 4791 ⁸
2498 4757 2706 4810 Οὐκοῦν
2737 4759 2785 4810 εἰ
2816 4758 2999 4826 ὀρέγει
3061 4757 3208 4821 δέξαι
3229 4757 3329 4825 τῆς
3348 4758 3595 4819 δουλείας
3628 4758 3731 4826 τῆς

2154 4854 2292 4921 ἐμῆς
2322 4851 2419 4922 τὴν
2446 4849 2720 4918 αἴσθησιν.
2748 4850 2861 4902 Καὶ
2916 4850 3012 4900 σὺν
3044 4846 3123 4917 τῷ
3148 4849 3291 4915 λόγῳ
3336 4849 3553 4900 δίδωσιν
3578 4848 3735 4919 αὐτῷ

2157 4962 2211 4997 τι
2240 4943 2370 4994 ὡσεὶ
2399 4942 2552 5011 χιόνα
2583 4954 2597 4968 ⁶
2658 4940 2749 4993 καὶ
2796 4940 2995 5002 λαϐὼν,
3050 4940 3367 5008 ὲψωμίσατο
3406 4938 3597 4992 τοῦτο·
3664 4936 3733 5009 ἦν

2158 5037 2214 5089 δὲ
2242 5034 2412 5101 γλυκὺ
2440 5032 2554 5085 οἷον
2584 5032 2707 5095 νοῦς
2751 5031 3042 5101 ἀνθρώπου
3077 5035 3376 5084 ἀπεικάσαι
3401 5031 3460 5082 οὐ
3482 5030 3722 5083 δύναται.

2172 5124 2381 5191 Ὀλίγον
2432 5123 2491 5175 δὲ
2528 5121 2618 5192 ἦν,
2673 5128 2767 5174 καὶ
2822 5122 3013 5191 φαγὼν
3062 5122 3219 5185 αὐτὸ,
3270 5122 3495 5174 ἐδόκουν
3540 5122 3619 5173 ὅτι
3643 5122 3723 5179 εἰς

2160 5217 2330 5285 μύρον
2365 5214 2629 5284 θεῖκὸντῇ
2662 5212 2823 5284 ἡδονῇ
2854 5216 3284 5283 μετατρέπεται.
3310 5212 3479 5267 Πάλιν
3527 5207 3617 5264 οὖν
3646 5208 3729 5262 δί-

2156 5308 2318 5359 δωσιν
2344 5306 2492 5375 αὐτῷ
2545 5309 2574 5358 6
2626 5305 2877 5375 βασιλεὺς
2940 5310 3148 5369 ἐκεῖνος
3184 5306 3368 5373 ὀλίγον
3410 5323 3463 5359 τι
3487 5306 3561 5368 ὡς
3591 5299 3730 5366 εἶδος

2158 5399 2484 5452 κυδωνιάτου
2546 5398 2679 5468 (‘25),
2724 5399 2819 5451 καὶ
2869 5400 3017 5466 λέγει
3064 5399 3199 5468 πρὸς
3241 5399 3425 5463 αὑτὸν,
3459 5398 3604 5451 Λάϐε
3634 5397 3731 5450 καὶ

2159 5574 2381 5628 historia
2413 5573 2707 5644 Byzantina
2738 5574 3067 5644 frequentes.

2251 5645 2344 5715 25)
2376 5643 2466 5697 ita
2500 5661 2564 5700 cx
2618 5644 2832 5699 Sicursit
2892 5643 3167 5702 Glossario
3196 5648 3411 5717 colligo,
3441 5648 3562 5700 licet
3622 5659 3729 5700 ms.
