4086 6474
341 260 447 324 οι]
1400 250 1823 313 NICEPHORI
1868 248 1929 307 Pl

2034 244 2342 305 serram
2384 246 2492 305 cr.
3493 226 3602 290 6‘8

329 368 404 424 stl
439 366 463 421 τ
497 366 656 421 crede
691 363 1013 430 altirmanti,
1036 363 1273 426 illarum,
1306 376 1427 429 qua:
1475 374 1641 429 penes
1659 372 1742 411 me
1771 363 1917 417 sunt,

2034 353 2051 404 5
2112 351 2398 420 μακάριος,
2447 348 2732 416 συνετήρει
2766 346 2943 400 πάντα
2976 346 3032 398 ὲν
3077 346 3142 414 τῇ
3170 340 3366 413 καρδίᾳ
3411 340 3602 392 αὐτοῦ,

334 462 672 529 voluptatum
717 459 806 513 illa
850 458 1094 512 omnium
1158 457 1317 524 longe
1380 452 1605 506 minima
1630 458 1735 504 est.
1761 446 1915 512 Quod

2034 444 2120 510 καὶ
2148 440 2513 510 ἐξεπλήσσετο
2542 440 2595 491 τί
2617 437 2683 491 ἂν
2708 438 2793 508 εἴη
2817 436 3005 490 ταῦτα.

333 558 379 613 si
415 555 576 609 dictis
603 553 736 609 meis
783 554 1111 620 acquiescis,
1171 562 1516 620 quaecunque
1564 546 1815 616 possideo
1850 556 1951 611 ego
2020 551 2111 592 tua
2170 547 2319 601 sunt,
2373 549 2427 591 et
2496 536 2690 590 faciam
2744 544 2797 588 te
2854 534 3004 603 regni
3082 534 3185 587 mei
3234 531 3606 586 cohmredem.

333 655 513 720 Atque
574 652 688 706 haec
749 651 964 704 locutus
1029 649 1165 703 abiit
1228 661 1342 702 rex.
1401 645 1599 699 Beatus
1641 654 1773 694 vero
1843 635 2153 691 Andrease
2205 648 2402 688 somno
2464 639 2838 701 experrectus,
2895 629 3257 684 conservabat
3334 624 3521 680 omnia
3553 624 3611 677 in

332 749 500 804 corde
564 762 701 811 suo,
756 757 810 801 et
866 747 1207 807 mirabatur,
1264 741 1395 811 quid
1458 740 1675 793 tandem
1739 735 1929 793 isthazc
1963 731 2183 787 vellent.

408 844 494 911 15.
514 842 744 911 Jamque
760 851 1037 897 transacto
1054 837 1468 909 quadrimestri,
1485 852 1512 888 a
1532 849 1643 905 quo
1674 835 1726 887 iu
1749 832 1926 887 eccle-

336 910 425 992 sia
439 937 497 992 S.
529 938 837 991 Anastasio:
860 935 1272 1003 perduraverat,
1295 930 1473 983 mirati
1501 928 1745 982 ecclesia:
1763 936 1930 979 cura-

338 1039 504 1090 tores,
529 1028 697 1083 nihilo
728 1028 925 1091 leuius,
956 1027 1067 1078 imo
1089 1025 1324 1077 deterius
1354 1023 1514 1075 etiam
1553 1036 1611 1074 se
1648 1017 1921 1072 Andream

342 1120 563 1181 habere,
599 1116 762 1171 totius
791 1115 867 1167 rei
899 1112 1182 1168 dominum
1215 1111 1332 1179 ejus
1362 1108 1921 1164 commonefecerunt.

336 1211 440 1277 Qui
479 1212 586 1264 illis
627 1208 853 1269 auditis,
886 1206 1150 1261 famulum
1185 1220 1344 1257 suum
1375 1203 1427 1255 in
1463 1216 1748 1254 numerum
1774 1199 1926 1252 insa-

326 1318 536 1357 norum
571 1316 634 1354 ac
666 1300 1126 1354 dteumniacorum
1170 1296 1282 1365 jam
1325 1293 1585 1356 referens,
1614 1291 1779 1359 jussit
1810 1290 1924 1341 vin-

338 1394 477 1449 culis
505 1392 670 1445 eximi
707 1408 770 1445 ac
801 1390 1005 1445 dimitti
1046 1390 1324 1443 abiturum
1355 1401 1466 1455 quo
1492 1384 1675 1438 vellet.
1707 1382 1783 1435 Ex
1829 1382 1923 1435 illo

337 1494 516 1538 autem
567 1494 809 1550 tempore
859 1480 1175 1535 discurrens
1229 1492 1322 1546 per
1353 1474 1680 1530 urbis-vicos
1707 1488 1770 1525 ac
1800 1472 1920 1540 pla-

339 1584 456 1628 teas
510 1572 770 1625 mundum
820 1570 1010 1632 illusit,
1060 1568 1334 1622 seniorem
1403 1566 1554 1620 illum
1610 1562 1919 1615 Simeonem

2107 831 2189 879 ιε’.
2234 824 2391 879 Μετὰ
2424 818 2517 876 οὖν
2569 820 2629 874 τὸ
2675 816 2959 889 διαρκέσαι
2986 813 3152 867 αὑτὸν
3181 813 3239 866 ὲν
3268 810 3350 881 τῷ
3369 809 3485 878 ναῷ
3514 809 3615 879 τῆς

2036 920 2314 990 μάρτυρος
2342 915 2479 969 ὡσεὶ
2538 913 2731 984 χρόνου
2780 908 3236 980 τετραμηνιαίου,
3283 904 3614 971 θεασάμενοι

2032 1014 2084 1065 ol
2115 1011 2218 1080 τῆς
2252 1008 2550 1076 ἐκκλησίας
2577 1007 2659 1058 ὃτι
2686 1005 2788 1056 οὐκ
2806 1004 2976 1067 ἰᾶται,
3010 999 3146 1053 ἀλλὰ
3170 997 3391 1069 χείρονα
3418 996 3617 1067 τρέπε-

2032 1120 2142 1167 ται,
2175 1102 2311 1169 δῆλα
2334 1101 2404 1152 τὰ
2424 1099 2545 1152 κατ’
2575 1098 2738 1150 αὑτὸν
2772 1094 2851 1163 τῷ
2900 1092 3078 1164 κυρίῳ
3111 1089 3278 1145 αὐτοῦ
3306 1092 3616 1158 πεποιήκα-

2034 1211 2143 1246 σιν.
2191 1194 2454 1253 Ἀκούσας
2490 1191 2547 1244 δὲ
2596 1188 2773 1242 ταῦτα
2821 1189 2851 1240 δ
2888 1187 3256 1254 Θεόγνωστος,
3287 1178 3616 1251 ἀπογραψά-

2032 1301 2195 1351 μενος
2230 1283 2415 1346 αὑτδν,
2464 1281 2537 1343 ὡς
2568 1281 2668 1349 ήδη
2716 1278 2910 1348 ἐξῆκον
2960 1280 3056 1330 καὶ
3100 1274 3464 1345 δαιμονῶντα,
3490 1271 3615 1351 ἐκέ-

2030 1376 2192 1428 λευσε
2258 1377 2374 1444 ἅμα
2422 1373 2648 1442 λυθῆναι
2714 1370 2879 1424 αὑτὸν
2927 1369 3037 1422 ἀπὸ
3091 1368 3199 1419 τῶν
3246 1364 3484 1433 δεσμῶν,
3515 1363 3614 1417 καὶ

2030 1468 2301 1537 ἀφεθῆναι
2328 1464 2678 1533 πορεύεσθαι.
2717 1462 2943 1532 Τρέχων
2977 1460 3034 1513 δὲ
3077 1458 3266 1511 ἔκτοτε
3294 1458 3353 1508 ὲν
3374 1457 3442 1525 τῇ
3472 1454 3614 1506 πλα-

2029 1557 2152 1626 τείᾳ
2185 1557 2283 1627 τῆς
2314 1556 2545 1620 πόλεως,
2578 1550 2646 1625 ἦν
2677 1553 2888 1615 παίζων
2917 1551 3054 1604 κατά
3074 1543 3359 1603 τὸν’πάλαι
3388 1548 3615 1619 Συμεὼν

343 1664 650 1718 mirabilem
711 1661 826 1730 (28)
877 1660 1043 1730 probe
1072 1659 1379 1713 aemulatus.
1419 1656 1556 1711 Cum
1587 1670 1714 1709 vero
1736 1652 1929 1708 deinde

2035 1650 2245 1701 ἐκεῖνον
2274 1650 2365 1700 τὸν
2402 1647 2747 1716 θαυμαστόν.
2790 1645 3069 1713 Ἐσπέρας
3097 1643 3155 1697 δέ
3175 1643 3497 1713 γενομένης,
3531 1642 3617 1712 ἔρ·

342 1758 841 1823 advesperasceret,
881 1752 947 1804 ad
979 1765 1066 1803 me
1110 1749 1277 1812 venit,
1330 1745 1749 1800 homuncionem
1789 1743 1928 1797 indi-

342 1859 529 1913 gnum,
582 1845 762 1896 solum
824 1841 967 1893 domi
994 1854 1128 1893 mea:
1178 1837 1613 1897 decumbentem,
1656 1837 1927 1904 ccepitque

344 1936 519 1989 ridere
550 1948 602 1989 et
634 1933 826 1987 faciem
857 1946 1013 1985 suam
1042 1930 1404 1984 venerandam
1441 1928 1693 1997 lacrymis
1730 1928 1925 1979 hume.

342 2039 515 2093 ctare,
562 2036 618 2080 et
646 2034 834 2079 mutuo
881 2024 1130 2093 amplexu
1169 2024 1223 2075 in
1254 2022 1477 2091 longum
1535 2030 1746 2087 tempus
1774 2018 1929 2070 inne-

344 2117 798 2177 xi,salutavimus
831 2116 972 2167 inter
992 2130 1111 2179 nos,
1143 2122 1196 2167 et
1236 2116 1477 2168 cubitum
1536 2110 1931 2165 c0ncessimus.

343 2206 696 2262 Percontanti
736 2222 863 2260 vero
891 2206 1024 2260 mihi
1071 2205 1139 2259 de
1181 2221 1363 2259 rerum
1412 2205 1582 2272 ipsius
1608 2213 1931 2271 statu,quo-

346 2304 508 2356 modo
564 2318 593 2355 e
649 2300 901 2362 vinculis,
960 2299 1159 2368 quibus
1192 2299 1376 2352 tandiu
1431 2284 1928 2355 detentus'luerat,

346 2394 649 2456 evasisset,
699 2390 972 2444 enarravit
1028 2389 1211 2441 omnia
1255 2402 1471 2441 summa
1510 2401 1635 2438 cum
1667 2385 1929 2438 niodeStia

344 2495 399 2539 et
438 2486 896 2539 mansuetudine:
934 2497 1145 2536 mecum
1201 2495 1439 2549 namque
1470 2481 1610 2539 solo,
1656 2479 1931 2531 irati-eset

344 2576 508 2629 amici
540 2577 641 2628 mei
685 2574 1010 2637 lidelissim',
1043 2575 1256 2627 sincere
1309 2589 1372 2624 ac
1403 2571 1520 2624 siue
1561 2575 1684 2623 luco
1710 2571 1924 2638 agebat,

349 2684 474 2723 cum
541 2668 661 2722 aliis
694 2682 820 2721 vero
854 2675 945 2721 aut
974 2666 1169 2735 agebat
1204 2676 1263 2718 ut
1299 2674 1461 2717 motae
1491 2663 1929 2733 pertunbataique

346 2760 546 2815 tuentis
576 2761 766 2827 homo,
808 2768 905 2813 aut
934 2774 1041 2813 non
1072 2759 1264 2828 agebat
1295 2756 1538 2811 cumino.

2035 1757 2188 1809 χεται
2253 1740 2391 1808 πρός
2450 1756 2519 1808 με
2544 1739 2639 1816 τὸν
2670 1735 2911 1802 ἀνάξιον,
2939 1733 3078 1803 ἐμοῦ
3136 1735 3301 1805 μόνου
3346 1734 3494 1786 ἔνδον
3518 1732 3613 1786 τοῦ

2033 1834 2333 1900 οἰκήματος
2368 1829 2741 1891 καθεύδοντος,
2795 1828 2891 1879 καὶ
2938 1825 3224 1897 μειδιάσας
3285 1825 3492 1895 ἤρξατο
3518 1823 3617 1876 δά-

2034 1940 2229 1995 κρυσιν
2258 1924 2317 1975 τὸ
2369 1922 2548 1991 τίμιον
2600 1919 2766 1972 αὑτοῦ
2798 1918 3095 1989 πρόσωπον
3149 1916 3541 1987 καταρραίνειν
3596 1930 3611 1943 ’
3668 1918 3675 1928 ’

2038 2015 2483 2086 προσπλακέντες
2534 2013 2589 2066 δὲ
2615 2012 2708 2064 ἐπὶ
2762 2010 2968 2080 πολλὴν
3016 2008 3187 2078 ὤραν,
3216 2010 3311 2062 καὶ
3362 2007 3618 2060 ἀσπασά-

2040 2124 2195 2176 μενοι
2252 2104 2517 2174 ἀλλήλους
2578 2102 3045 2173 ὲκαθευδήσαμεν.
3123 2099 3457 2170 Ἐπηρώτων
3516 2096 3613 2151 οὖν

2037 2200 2198 2253 αὑτὸν
2237 2198 2308 2250 τα
2334 2198 2463 2269 περὶ
2494 2197 2679 2263 αὑτοῦ,
2712 2196 2827 2258 πῶς
2865 2195 2965 2257 τὰς
3016 2193 3288 2255 τοσαύτας
3311 2192 3524 2263 ἡμέρας
3555 2193 3616 2243 ἂν

2035 2294 2253 2361 δεσμοῖς
2288 2291 2385 2355 ὢν,
2440 2290 2722 2359 ἀπελύθηο
2756 2293 2782 2342 ὁ
2829 2290 2886 2341 δὲ
2937 2286 3243 2357 διηγήσατὸ
3292 2302 3381 2354 μοι
3437 2284 3617 2337 πάντα

2040 2387 2178 2455 μετὰ
2236 2387 2416 2452 πάσης
2479 2385 2780 2444 ἐπιεικείας
2817 2382 2915 2434 καὶ
2955 2379 3261 2449 πραότητος
3291 2393 3305 2407 ·
3342 2380 3467 2444 ἐμοὶ
3510 2376 3617 2445 γὰρ

2040 2478 2207 2544 μόνῳ,
2241 2476 2461 2541 ἅδε).ᾳογῖ
2490 2492 2592 2544 μου
2644 2478 2736 2527 καὶ
2769 2473 2909 2542 φίλοι
2936 2471 3287 2532 πιστὼτατοι,
3317 2468 3498 2537 ὁμίλει
3526 2469 3620 2537 ὀρ·

2038 2569 2145 2629 ϐὡς
2204 2570 2299 2619 καὶ
2326 2567 2552 2631 ἀδόλως,
2584 2569 2697 2628 τοῖς
2724 2566 2778 2619 δὲ
2808 2566 3018 2627 λοιποῖς
3062 2564 3323 2634 φρενήρει
3348 2562 3615 2625 διαθέσει,

2037 2659 2073 2728 ἣ
2100 2657 2208 2710 οὐδ’
2241 2659 2375 2721 ὅλως
2409 2658 2749 2728 προσωμίλει
2780 2658 2907 2711 τινί.

1786 2868 2014 2925 CAPUT
2067 2870 2156 2925 Ill.

348 2988 456 3046 Pio
475 2990 783 3044 illusoribus
811 2993 922 3045 suis
952 3003 1067 3045 orat
1092 3006 1110 3046 :
1132 3002 1327 3046 secreta
1348 3002 1395 3069 et
1428 2992 1609 3069 futura
1648 2995 1885 3045 enuntiat
1909 3008 1935 3069 _:
1967 2994 2017 3045 in
2052 2994 2301 3069 lupanari
2347 3010 2376 3045 a
2403 2994 2593 3069 scortis
2622 2992 2692 3045 ad
2719 2991 2991 3046 libidinem
3024 2991 3229 3060 frustra
3252 2992 3617 3069 sollicitatur;

1328 3064 1646 3116 abstinentia
1682 3074 1730 3116 et
1776 3064 2016 3132 raptibus
2049 3066 2099 3116 in
2122 3068 2357 3116 oratione
2390 3064 2618 3117 excellit.

423 3197 507 3251 l6.
554 3196 776 3252 Postera
803 3198 889 3252 die
916 3200 1292 3267 illucescente,
1317 3202 1624 3272 impertitus
1642 3204 1771 3256 mihi
1793 3203 1939 3257 salu-
1964 3213 2009 3273 α

349 3300 458 3343 tem
494 3291 739 3344 Andreas
764 3291 915 3354 exiit,
955 3292 1103 3345 bl‘t:\i
1166 3295 1332 3362 pallio
1354 3296 1587 3348 amictus
1624 3298 1688 3347 ad
1719 3297 1929 3347 lucrum

348 3380 634 3449 spirituale
686 3380 1014 3432 faciendum.
1060 3379 1308 3452 Cumque
1381 3385 1618 3437 venisset
1660 3384 1712 3437 iu
1748 3385 1930 3437 locum

352 3471 443 3525 ubi
473 3485 640 3541 panes
669 3480 937 3537 prostant,
992 3476 1295 3541 conspicati
1326 3474 1399 3551 ita
1438 3475 1755 3529 delirantem
1787 3476 1935 3528 inso-

352 3568 526 3621 lentes
579 3564 785 3631 aliquot
828 3576 1203 3633 noyarumque
1248 3580 1429 3618 rerum
1485 3568 1709 3620 studiosi
1746 3567 1929 3619 adole-

261 3674 265 3679 ·
354 3665 569 3712 scentes
597 3659 1047 3723 comprehensum
1081 3658 1306 3711 trahunt
1328 3673 1511 3711 secum
1538 3659 1590 3710 in
1631 3673 1930 3726 cauponam

348 3749 807 3814 Considentesque
843 3746 1006 3799 allato
1039 3753 1163 3801 vino
1192 3761 1433 3803 ventrem
1487 3766 1669 3811 suum,
1704 3750 1934 3803 Andrca:

350 3858 481 3897 vero
531 3842 800 3896 cervicem
839 3844 1156 3896 verberibus
1203 3843 1503 3896 onerabant
1532 3858 1545 3911 ;
1570 3856 1633 3897 a'c
1677 3843 1833 3897 verba
1872 3845 1936 3896 il-

355 3932 484 3997 lius,
543 3944 805 4004 tanquam
854 3935 1028 3999 stulti,
1060 3933 1444 4001 percipientes,
1487 3935 1715 3987 missum
1749 3933 1935 3988 facere

351 4026 530 4091 ipsum
559 4030 857 4080 noluerunt
876 4068 890 4093 ,
931 4027 1060 4078 nihil
1084 4028 1291 4079 interea
1310 4025 1605 4095 quidquam
1623 4027 1931 4094 epularum,

349 4131 490 4184 quas
552 4117 653 4185 ipsi
682 4120 837 4171 avide
862 4120 1149 4182 rorabant,
1180 4119 1540 4187 porrigentes.
1577 4119 1935 4174 Animadxer-

351 4215 470 4257 tens
525 4220 706 4259 autem
770 4209 850 4259 vir
897 4216 1140 4270 sanctus,
1199 4206 1334 4258 nihil
1390 4206 1573 4259 minus
1618 4207 1764 4274 ipsos
1797 4208 1932 4261 velle

348 4313 512 4367 quant
543 4298 646 4351 sibi
674 4298 880 4365 aliquid
916 4299 1159 4364 elargiri,
1180 4298 1544 4350 meditabatur
1574 4299 1780 4363 animo,
1802 4299 1930 4367 quid

349 4390 553 4444 laceret
606 4390 956 4445 hclluouibus
986 4392 1255 4459 ingratis;
1291 4404 1526 4458 cumque
1556 4406 1694 4443 unus
1736 4393 1934 4460 aliquis

348 4481 617 4547 posuisset
675 4480 814 4535 forte
864 4482 1131 4553 scyphum
1192 4482 1464 4534 inmensa
1506 4484 1931 4549 generosissimo

2120 3206 2214 3263 ις’.
2247 3202 2464 3271 Πρωῖας
2494 3200 2549 3253 δὲ
2570 3201 2893 3271 γενομένης,
2916 3201 3310 3270 ἀσπασάμενος
3342 3219 3430 3271 με,
3464 3201 3609 3271 ἐξῄει

2038 3291 2131 3341 ἐπὶ
2164 3291 2262 3359 τὴν
2287 3292 2668 3361 πνευματικὴν
2687 3292 2983 3361 ἐργασίαν*
3010 3292 3287 3345 ἀνεδέδοτο
3315 3291 3371 3346 δὲ
3418 3294 3608 3364 μικρὸν

2035 3382 2405 3451 περιϐόλαιον.
2465 3385 2575 3435 Καὶ
2602 3385 2667 3454 δὴ
2692 3384 2978 3452 γεγονότος
3009 3385 3174 3438 αὑτοῦ
3201 3386 3259 3437 ἐν
3306 3390 3419 3447 τοῖς
3452 3389 3613 3454 ἀρτοο

2035 3474 2278 3539 πωλίοις,
2322 3474 2646 3545 θεασάμενοι
2686 3476 2849 3529 αὐτόν
2881 3493 3022 3541 τινες
3057 3477 3410 3545 νεωτερισταὶ
3444 3478 3615 3539 οὕτως

2038 3566 2520 3636 παραφρονοῦντα,
2572 3567 2870 3636 λαὸόμενοι
2901 3569 3086 3632 αὑτὸν,
3122 3569 3366 3621 εἰσίεσαν
3393 3570 3453 3619 ἐν
3483 3584 3615 3634 (poo-

2041 3662 2255 3730 σκαρίῳ
2302 3662 2437 3733 (ἓθ),
2470 3660 2563 3713 καὶ
2600 3660 2959 3723 καθεσοόντες
2991 3658 3135 3714 οἶνον
3180 3663 3471 3729 πριάμενοι
3494 3660 3614 3711 ἔπι-

2035 3770 2146 3814 νον,
2180 3753 2432 3814 παίοντες
2481 3754 2573 3804 τὸν
2620 3754 2825 3821 αὐχένα
2853 3752 3054 3805 αὑτοῦ·
3104 3755 3198 3806 καὶ
3253 3753 3320 3803 τὰ
3371 3753 3599 3821 ῥήματα

2035 3843 2201 3896 αὐτοῦ
2247 3844 2322 3906 ὡς
2367 3842 2719 3911 παράφρονος
2782 3844 3124 3913 λογιζόμενοι
3180 3844 3292 3913 (50)
3337 3844 3611 3906 ἀπολῦσαι

2033 3938 2132 3989 οὐκ
2155 3937 2462 4005 ἠνέσχοντο,
2525 3936 2661 4006 μηδὲ
2722 3936 3090 4005 παρεχόμενοι
3128 3928 3205 3989 ὧν
3232 3939 3311 3999 είς
3367 3936 3612 3989 ἑστίαιν

2036 4026 2432 4095 ὲὸεὸρώκασιν.
2472 4028 2532 4079 '0
2557 4027 2611 4080 δὲ
2656 4028 2885 4093 δίκαιος,
2913 4028 3054 4097 ὁρῶν
3080 4030 3279 4090 αὐτοὺς
3309 4029 3613 4098 ἀπροαιρέ-

2033 4134 2181 4182 τους,
2217 4116 2553 4183 διελογίσατο
2584 4115 2636 4167 τί
2667 4116 2862 4177 αὐτοὺς
2941 4117 3246 4184 ἐργάσηται
3274 4130 3287 4144 '
3349 4111 3431 4179 εἷς
3454 4115 3511 4167 δὲ
3553 4114 3613 4178 εξ

2036 4207 2217 4260 αὐτῶν
2259 4206 2371 4269 Oet;
2400 4207 2459 4259 τὸ
2490 4209 2749 4276 ποτήριον
2789 4208 2883 4259 ἐπὶ
2927 4208 3027 4276 τῆς
3088 4207 3370 4277 τραπέζης
3414 4205 3614 4277 μεστὸν

2034 4299 2177 4350 οἴνου
2202 4297 2514 4360 καλλίστου,
2543 4298 2791 4366 ἁρπάσας
2813 4298 2960 4368 αὑτῴ
2991 4297 3132 4360 ἔπιε,
3161 4298 3258 4352 καὶ
3284 4298 3614 4367 τὸποτήριον

2036 4390 2093 4442 ἐν
2124 4392 2188 4459 τῇ
2227 4393 2437 4459 κορυφῇ
2468 4389 2633 4442 αὑτοῦ
2675 4390 2998 4458 συντρίψας,
3031 4390 3226 4443 ἔλαὸεν
3266 4390 3446 4458 φυγὰς
3482 4389 3609 4453 ἔξω.

2038 4482 2354 4552 Δραμόντες
2391 4484 2469 4545 δὲ,
2505 4484 2817 4553 ἐκράτησαν
2841 4484 3025 4550 αὑτὸν,
3050 4486 3145 4536 καὶ
3188 4484 3418 4553 σύραντες
3445 4484 3612 4535 εἰσία-

349 4574 567 4641 plenum
604 4575 734 4628 vino
759 4613 775 4639 ,
809 4584 1084 4644 arreptum
1114 4571 1659 4634 exhausitAndreas,
1696 4583 1748 4628 et
1774 4590 1928 4628 cont-

2037 4590 2136 4625 σαν
2169 4576 2226 4625 ὲν
2261 4573 2340 4642 τῷ
2374 4574 2713 4643 φουσκαρίῳ,
2754 4573 3051 4638 τύπτοντες
3089 4576 3273 4639 αὑτὸν,
3318 4577 3410 4628 καὶ
3446 4574 3611 4628 πάλιν

350 4665 561 4717 minuto
615 4665 669 4718 in
721 4673 884 4734 caput
926 4665 1070 4717 illius
1124 4665 1350 4734 scypho,
1389 4663 1571 4733 fugam
1614 4666 1928 4734 capessivit.

351 4754 546 4810 Verum
602 4758 675 4811 illi
736 4757 1013 4813 curriculo
1067 4756 1360 4825 fugientem
1409 4761 1929 4820 assecuti,retraxe~

348 4856 471 4899 runt
490 4849 945 4920 adduxeruntque
971 4848 1025 4902 in
1045 4849 1371 4917 cauponam,
1402 4852 1587 4903 multis
1608 4850 1927 4921 verberibus

341 4941 615 5006 pulsatum
660 4952 755 4996 :et
784 4943 1152 5003 considentes,
1189 4950 1245 4993 ut
1270 4942 1441 5010 prius,
1472 4943 1747 5006 biberunt,
1776 4944 1922 4997 nulla

413 5116 526 5186 (28)
586 5115 703 5170 Non
762 5117 937 5178 illum,
994 5115 1085 5185 qui
1144 5118 1195 5171 in
1227 5127 1409 5172 monte
1475 5118 1704 5172 lllirabili
1751 5120 1919 5172 vitam

344 5189 631 5254 transegit,
658 5197 819 5255 atque
850 5189 1005 5256 Vulgo
1065 5188 1330 5242 mirabilis
1360 5192 1580 5242 Simeon
1609 5191 1797 5252 audit;
1824 5206 1923 5241 ru-

336 5260 433 5328 jus
468 5260 618 5318 Acta,
648 5273 779 5310 sane
810 5256 1102 5318 mirabilia,
1137 5262 1464 5325 protulimus
1495 5262 1560 5311 ad
1592 5264 1662 5314 24
1696 5260 1874 5325 hujus:
1895 5274 1926 5311 e

345 5330 547 5382 mensis
587 5345 599 5380 :
632 5328 723 5381 sud
770 5328 999 5379 alterum
1062 5330 1352 5394 quemdam
1377 5338 1592 5397 oportet
1624 5330 1924 5385 intelligere

344 5398 677 5461 Simeonem,
729 5399 819 5462 qui
877 5398 1127 5451 similiter
1190 5410 1408 5466 propter
1436 5401 1714 5452 Christum
1743 5402 1925 5451 stulti-

344 5470 473 5521 tiam
530 5470 818 5527 simulans,
873 5467 1106 5520 mirabili
1179 5473 1338 5522 n-odo
1398 5470 1658 5521 mundutn
1730 5470 1923 5532 illusit,

344 5538 725 5607 Martyrologio
761 5537 915 5589 Rom.
964 5539 1029 5591 ad
1061 5541 1083 5592 1
1115 5536 1240 5590 Julii
1273 5539 1568 5607 ascriptus.

411 5609 527 5676 (‘29)
575 5609 908 5677 Φουοκάριον
932 5621 1029 5677 pro
1075 5625 1317 5675 caupona
1371 5626 1465 5664 seu
1497 5608 1617 5662 loco
1656 5608 1796 5678 ipso,
1831 5608 1923 5662 tibi

347 5684 509 5744 potus
535 5679 739 5731 venalis
765 5678 1113 5748 proponitur,
1147 5682 1287 5733 sumi
1321 5679 1409 5735 hic
1435 5679 1611 5747 debet,
1648 5695 1771 5734 nam
1797 5696 1929 5748 φου-

2041 4665 2403 4728 καθεσθὲντες
2475 4665 2684 4729 ἔπινον,
2756 4667 2927 4736 μηδὲν
2975 4666 3055 4737 sup
3102 4667 3301 4737 δικαίῳ
3349 4667 3607 4728 διδόντες,

2020 4757 2176 4825 ,ἀλλὰ
2209 4758 2413 4826 μᾶλλον
2441 4759 2675 4820 κὰσσους
2701 4760 2841 4811 κατὰ
2861 4758 2953 4811 τοῦ
2984 4760 3211 4828 αὐχένος
3277 4758 3607 4827 μιμολογού-

2039 4866 2191 4918 μενοι
2222 4850 2480 4903 ἔτυπτον.
2500 4849 2628 4901 Ὅτε
2656 4846 2750 4902 οὖν
2785 4849 3093 4912 ἁπλείστως
3123 4850 3174 4901 οἱ
3205 4851 3380 4919 μωροὶ
3410 4851 3611 4902 ἐκείνοι

2033 4942 2282 5008 ἐπαιξαν,
2312 4942 2551 5011 ἑσπέρας
2577 4940 3044 5011 εκαταλασούσης,
3110 4942 3496 5012 ἠϐουλήθησαν
3517 4943 3609 4995 τοῦ

2033 5121 2255 5190 σκάριος
2285 5119 2425 5175 intra
2455 5121 2619 5174 semel
2641 5132 2804 5191 atque
2832 5123 3025 5193 iterum
3057 5133 3307 5193 occurret
3338 5139 3436 5193 pro
3477 5140 3605 5180 cau-

2035 5206 2175 5259 pone
2231 5196 2369 5261 ipso.
2431 5194 2518 5246 Est
2552 5203 2755 5247 'autem
2804 5191 3044 5262 φοῦσκα,
3097 5191 3362 5247 Suetonio
3423 5212 3605 5263 pusca,

2033 5264 2249 5329 proprie
2324 5271 2483 5331 potus
2518 5278 2581 5315 ex
2642 5265 2768 5316 vino
2807 5275 2861 5318 et
2884 5277 3024 5328 aqua
3057 5267 3274 5327 mixtus,
3304 5266 3369 5318 ad
3399 5267 3613 5319 rel'ocil-

2030 5333 2404 5385 laudumde
2454 5349 2561 5402 qua
2619 5347 2751 5387 v0ce
2789 5331 2954 5387 multa
3004 5334 3216 5387 erudite
3275 5333 3513 5403 Cangius
3556 5339 3608 5388 iu

2028 5403 2328 5457 Glossario.

2101 5474 2214 5541 (50)
2290 5474 2591 5529 Ubscurius
2679 5474 2766 5529 hic
2848 5491 2949 5530 ms.
3014 5484 3259 5526 nostrum
3331 5490 3345 5527 :
3401 5474 3611 5541 Ὠσπερ

2032 5546 2307 5666 μῗτεωρον
2373 5551 2441 5598 τὰ
2502 5544 2828 5615 παράρρονα
2884 5543 3049 5599 αὑτοῦ
3117 5546 3340 5614 ῥήματα
3402 5560 3609 5617 κεκτη-

2033 5632 2069 5666 μ
2106 5630 2205 5666 νοι.

2032 5630 2205 5682 μενοι.
