4086 6398
407 441 520 509 φοὶ,
568 438 798 508 φοϐερὸν
866 441 927 492 τὸ
992 438 1075 493 ἐπ’
1126 440 1289 492 αὑτὸν
1346 440 1466 492 τότε
1517 439 1813 507 γενόμενον
1851 454 1863 467 ·

406 530 687 591 τοσούτοις
729 528 840 599 γὰρ
893 530 1185 600 γαλισμοῖς
1221 523 1304 594 οἷς
1337 529 1606 595 ἐποίησαν
1659 530 1748 581 ἐπ’
1796 528 1983 591 αὐτὸν,

407 620 659 690 οὐδαμῶς
720 623 943 692 κινῆσαι
973 622 1005 693 ἦ
1037 623 1225 694 ὀρέξαι
1277 622 1444 675 αὑτὸν
1478 622 1707 691 ἴσχυσαν
1749 619 1885 691 πρὸς
1928 620 1987 671 τὸ

405 712 642 774 δυσῶδες
691 712 884 776 πάθος.
914 714 1079 768 Ὅθεν
1123 712 1622 782 μεταϐαλλόμεναι,
1651 712 1719 764 τὰ
1763 711 1988 767 τοιαῦτα

406 806 593 873 ελεγον
618 820 633 836 ·
661 801 832 870 Οὗτος
873 809 1068 877 νεκρός
1091 809 1320 881 ὲστιν,ἣ
1364 808 1520 873 ξύλον
1555 803 1908 873 ἀναίσθητον,
1954 801 1987 871 ἧ

406 897 554 961 λίθος
599 898 881 967 ἀκίνητος.
940 900 1105 967 Λέγει
1137 901 1193 954 δὲ
1234 902 1330 970 μία
1373 899 1433 965 ἐξ
1466 898 1682 952 αὐτῶν·
1710 894 1991 965 Θαυμάζω

405 994 505 1065 τὴν
549 994 915 1066 ἀναισθησίαν
972 995 1149 1062 ὑμῶν,
1206 997 1288 1050 ὅτι
1328 996 1503 1049 ταῦτα
1529 994 1719 1063 λέγετε
1755 1006 1769 1021 ’
1830 990 1992 1053 σαλὸς

404 1086 515 1156 γὰρ
559 1090 654 1140 καὶ
691 1087 1075 1157 δαιμονιὰρης,
1129 1087 1367 1152 πεινῶν,
1416 1086 1606 1158 διψῶν,
1650 1082 1855 1154 ῥιγῶν,
1915 1081 1991 1151 μὴ

407 1178 550 1257 ἔχων
587 1177 693 1231 ποῦ
720 1177 818 1249 τὴν
840 1178 1083 1249 κεφαλὴν
1100 1178 1481 1243 κλίναι,αύτὺς
1507 1177 1769 1247 ἐπιθυμεῖ
1794 1174 1987 1239 ταῦτα;

406 1272 576 1339 ᾇφετε
614 1268 778 1331 αὑτὸν
808 1269 1144 1340 πορεύεσθαι
1175 1271 1276 1335 τὴν
1325 1269 1549 1341 ἐξηχίαν
1592 1268 1779 1329 αὐτοῦ.

477 1546 584 1603 καῖ.
617 1547 868 1619 Ἐὡραδὲ
897 1550 925 1602 ὁ
956 1550 1172 1613 Δίκαιος
1203 1551 1293 1603 τὸν
1329 1550 1429 1620 τῆς
1463 1551 1717 1621 πορνείας
1751 1552 1995 1621 δαίμονα

408 1642 622 1701 ἑστῶτα
647 1642 812 1710 μέσον
842 1639 950 1693 τῶν
969 1642 1281 1711 έταιρίδων¹⁶
1317 1636 1386 1712 ἦν
1412 1641 1470 1694 δὲ
1509 1644 1573 1714 τῇ
1594 1641 1740 1713 εἰδέα
1766 1641 1981 1711 Αἰθίοψ,

408 1730 615 1802 χιιλὰς,
642 1730 702 1781 ὲν
735 1732 801 1800 τῇ
834 1730 1047 1802 κεφαλῇ
1079 1730 1274 1801 τρίχας
1306 1732 1381 1801 μὴ
1412 1730 1573 1800 ἔχων,
1602 1732 1749 1802 εἰμὴ
1786 1732 1994 1801 κόπρον

412 1796 557 1874 κατὰ
590 1796 800 1891 τέφραξ
825 1796 1262 1894 μεμιγμένονζοί
1289 1796 1346 1877 δὲ
1369 1796 1687 1896 -ὀιρθαλμοὶτ
1724 1796 1990 1893 αὐτοῦ-ἧν
2024 1796 2066 1854 Β

412 1913 488 1975 ὡς
514 1910 823 1978 ἀλώπεκος,
875 1915 973 1969 καὶ
1029 1915 1248 1984 οἰκτρδν
1310 1915 1502 1985 κόμμα
1534 1915 1736 1986 ῥάκους
1768 1916 1862 1967 ἐπὶ
1894 1913 1991 1971 τοῦ

411 2006 564 2076 ὤμου
607 2004 775 2059 αὐτοῦ
824 2005 1107 2060 ἑλιττέκειτο⁶
1132 2006 1389 2079 ἀποφορὰ
1420 2006 1476 2060 δὲ
1507 2007 1602 2059 καὶ
1628 2005 1866 2060 δυσωδία
1900 2005 1989 2070 ἐξ·

412 2101 614 2168 ήρχετο
671 2097 960 2169 τρίλογος,
1021 2099 1301 2169 σηπὼδης,
1355 2097 1724 2170 βορϐορώδης,
1768 2102 1863 2153 καὶ
1918 2100 1993 2163 ὡς

409 2188 642 2243 πτύελον
694 2188 941 2256 ἁφυῶδες
962 2188 1097 2259 (56),
1120 2188 1264 2242 ὥστε
1296 2190 1359 2241 ἐκ
1390 2189 1488 2258 τῆς
1520 2190 1785 2251 δυσωδίας
1815 2187 1983 2251 αὑτοῦ

409 2280 511 2348 τῆς
528 2280 737 2349 πικρᾶς
774 2280 1097 2348 ἀηδὶζεσθαι
1130 2281 1222 2333 τὸν
1267 2280 1579 2350 Μακάρων,
1616 2282 1709 2334 καὶ
1751 2282 1993 2352 συνεχῶς

409 2375 623 2441 πτύειν,
676 2376 773 2429 καὶ
828 2375 908 2446 τῷ
970 2375 1384 2447 περιϐλέμματι
1468 2377 1841 2446 ἀποφράττειν
1893 2376 1994 2444 τὴν

406 2469 683 2539 ὄσφρησιν
717 2468 909 2523 αὑτοῦ.
968 2467 1206 2540 Θεωρῶν
1250 2468 1308 2521 δὲ
1362 2466 1530 2521 αὑτὸν
1582 2470 1610 2521 ὁ
1653 2468 1866 2536 δαίμων
1894 2467 1994 2537 τῆς

412 2560 655 2624 ἀσωτίας
687 2561 1068 2631 ἀηδιζόμενον,
1103 2560 1290 2631 φωνὴν
1315 2559 1543 2628 ἀφίησιν
1574 2559 1787 2619 τοιάνδε
1813 2574 1826 2588 ·
1857 2559 1993 2627 Ἐμὲ

409 2656 466 2710 ot
486 2654 767 2726 ἂνθρωποι
791 2651 984 2723 ὥσπερ
1020 2653 1144 2724 μέλι
1170 2652 1346 2720 γλυκὺ
1371 2653 1587 2721 ἔχουσιν
1617 2652 1675 2703 ἐν
1710 2653 1828 2713 ταῖς
1857 2668 1996 2720 καρ-

406 2744 548 2807 δίαις
574 2743 898 2810 αῠτῶνρκαὶ
925 2735 1080 2806 οὗτος
1105 2741 1133 2795 ὁ
1162 2743 1256 2795 τὸν
1294 2743 1507 2812 κόσμον
1554 2740 1845 2811 ὲμπαίζων
1893 2758 1997 2810 μυ-

410 2835 742 2905 σαττόμενος
796 2834 1029 2905 ἐμπτύει
1064 2833 1419 2905 μοιόὔκουν
1474 2835 1539 2887 σὺ
1608 2834 1739 2905 περὶ
1786 2831 1994 2901 ἀγαθοῦ

412 2944 473 2982 σε
502 2929 667 2983 αὑτὸν
701 2925 861 2981 σαλὸν
889 2927 1173 2998 ἐποίησας,
1206 2926 1346 2980 ἀλλὰ
1371 2928 1403 2995 ἢ
1442 2926 1659 2989 πάντως
1684 2924 1995 2995 ἀποδρᾶσαί

414 3039 475 3075 σε
500 3020 601 3091 τῆς
631 3020 954 3092 σωματικῆς
983 3018 1248 3082 δουλείας.
1313 3019 1376 3073 ⁸0
1398 3019 1452 3072 δὲ
1488 3018 1778 3089 Μακάριος
1805 3018 1997 3087 αἰσθη-

410 3116 518 3177 τῶς
547 3113 711 3168 αὑτὸν
767 3112 997 3167 ἔϐλεπεν
1029 3129 1043 3145 ·
1086 3113 1144 3165 αἱ
1178 3112 1235 3165 δὲ
1278 3112 1475 3181 πόρναι
1524 3113 1623 3181 τῆς
1656 3111 1755 3181 μὲν
1812 3109 1997 3180 φωνῆς
2027 3162 2070 3218 C

409 3206 630 3278 ἢκουον,
662 3205 850 3260 οὐδένα
877 3207 934 3259 δὲ
978 3205 1229 3263 ἔϐλεπον.
1268 3205 1552 3274 Κατεγὲλα
1574 3204 1629 3258 δὲ
1660 3207 1687 3258 ὁ
1714 3205 1999 3276 Μακάριος

412 3297 512 3364 τῆς
532 3294 945 3366 ἀσχημοσύνης,
984 3292 1081 3351 καὶ
1130 3294 1232 3363 τῆς
1291 3295 1562 3358 δυσωδίας
1608 3294 1797 3359 αὑτοῦ,
1852 3294 1992 3349 ὥστε

413 3388 593 3455 λέγειν
614 3387 714 3449 τὰς
770 3386 1012 3458 μιμάδας
1048 3401 1063 3419 ο
1134 3386 1239 3444 Ἴδε
1271 3387 1387 3450 πῶς
1440 3386 1741 3457 συμμειδιᾷ
1771 3384 1850 3459 τῷ
1883 3387 1997 3439 δαε-

418 3498 541 3550 μονι
587 3476 777 3534 αὐτοῦ.

485 3574 590 3642 κβν.
629 3574 744 3625 Μία
774 3572 828 3625 δὲ
856 3572 912 3637 ἐξ
945 3571 1126 3629 αὐτῶν
1162 3572 1265 3642 ἔφη
1296 3589 1307 3603 ·
1338 3569 1516 3624 Καλόν
1548 3572 1664 3624 ἐστι
1697 3571 1759 3625 τὸ
1780 3571 2002 3641 περιϐό-

415 3667 566 3719 λαιον
611 3665 799 3729 αὐτοῦ,
844 3662 998 3731 δεῦτε
1028 3665 1251 3735 ἄρωμεν
1283 3666 1435 3729 αὐτὸ,
1472 3666 1567 3717 καὶ
1600 3664 1966 3734 πιπράσωμεν
1988 3680 2002 3695 °

416 3755 574 3808 τοῦτο
594 3753 702 3824 γὰρ
719 3755 916 3825 ἔχομεν
940 3755 1266 3823 ποιεῖν’σήμε
1275 3772 1388 3823 ρον.
1413 3755 1763 3825 Παραχρῆμα
1788 3755 1844 3811 δὲ
1875 3756 2006 3809 ἀνα-

422 3848 617 3901 στᾶσαι
648 3847 924 3902 ὰπέδυσαν
949 3846 1133 3911 αὐτὸν,
1172 3848 1266 3899 καὶ
1317 3847 1505 3905 ίστῶσι
1548 3846 1753 3917 γυμνόν
1781 3863 1797 3879 ο
1822 3845 1911 3900 τὸν
1951 3845 2006 3900 δὲ

426 3940 625 4010 χιτῶνα
655 3941 1000 4010 πιπράσασαι
1021 3940 1101 4003 είς
1129 3938 1463 4010 μελιερίσιον
1490 3938 1573 4003 ἓν,
1622 3939 1917 4011 ἐνείμαντο
1947 3932 2005 3992 δὲ

426 4032 525 4084 ἀνὰ
552 4031 645 4085 δύο
680 4031 916 4085 λεπτῶν.
969 4032 1133 4100 Λέγει
1165 4033 1198 4101 ἡ
1233 4030 1428 4101 πρώτη
1463 4032 1827 4101 ταῖςέτέραις
1859 4048 1874 4062 ·
1912 4032 2004 4102 Μὴ

424 4123 788 4191 ἀπολύσωμεν
839 4124 1002 4179 αὑτὸν
1053 4123 1283 4192 γυμνὸν,
1319 4123 1457 4176 ἀλλὰ
1510 4123 1613 4176 κᾶν
1659 4122 1878 4192 ψιάθιον
1911 4140 2008 4178 ’πε⁴

422 4215 808 4284 παλαιωμένον
838 4215 1200 4286 χαρισώμεθα
1235 4214 1405 4286 αὐτῷ.
1439 4215 1722 4283 Ἤνεγκαν
1752 4210 1845 4268 οὖν
1872 4214 2004 4284 ψία-

424 4310 538 4374 θον,
563 4312 657 4362 καὶ
693 4309 954 4381 σχίσασαι
992 4310 1158 4363 αὑτὸν
1220 4312 1409 4379 μέσον,
1433 4306 1760 4377 περιέϐαλον
1791 4308 1956 4361 αὐτόν
1982 4324 1998 4339 ·

426 4403 520 4456 καὶ
548 4400 721 4465 οὕτως
750 4403 1102 4472 καταγωγίου
1157 4400 1451 4472 ἐξεϐλήθη.
1524 4399 1728 4455 Ἐλθὼν
1780 4396 1876 4454 οὖν
1923 4402 2006 4464 είς

1566 323 1740 383 V'ITA
1784 324 1849 381 S.
1894 322 2227 382 ANDREAE.
2267 322 2461 379 SALI.

3564 318 3669 379 651

1926 439 1984 489 ὲν
2016 452 2055 499 Α
2090 438 2230 492 fectu
2280 438 2600 496 miraculum
2665 448 2793 491 tunc
2828 436 3075 506 conligit,
3124 436 3356 502 fratres;
3385 439 3585 510 quippe
3615 446 3668 497 in

2090 540 2238 585 tanta
2293 531 2532 595 mollitie,
2585 546 2690 599 qua
2717 535 2892 583 virum
2931 530 3402 599 aggrediebantur,
3457 550 3667 604 nequa-

2090 642 2254 695 quam
2325 634 2420 679 aut
2480 639 2698 678 movere
2755 624 2956 691 ipsum,
3020 632 3109 677 aut
3168 626 3666 693 concupiscentiam

2092 718 2315 788 injicere
2350 718 2523 785 turpis
2580 716 2766 786 ﬂagitii
2808 724 3120 786 potuerunt.
3146 713 3346 770 Hincct
3382 718 3514 787 ipsa:
3551 736 3669 774 tuu-

2092 809 2254 865 lieres
2287 820 2526 872 mutatae,
2584 808 2902 862 dictitabant
2942 826 2954 861 :
2983 805 3081 862 Hic
3115 817 3264 863 certe
3293 818 3387 863 aut
3424 821 3671 869 mortuus

2092 912 2198 965 est,
2257 912 2349 956 aut
2382 902 2582 968 lignum
2611 915 2776 954 sensu
2799 900 3116 955 destitutum
3143 941 3159 965 ,
3194 911 3289 955 aut
3346 918 3537 957 saxum
3566 904 3673 957 im-

2095 995 2316 1048 mobile.
2369 992 2474 1049 Sed
2507 1008 2610 1047 tuta
2660 1007 2692 1047 e
2726 1009 2955 1048 nuntero
2985 1011 2998 1047 :
3026 993 3302 1057 Admiror,
3338 995 3537 1065 inquit,
3570 1012 3672 1067 ego

2094 1094 2371 1153 stuporem
2397 1092 2662 1148 vestrum,
2703 1098 2823 1138 cum
2859 1084 2940 1138 sic
2968 1083 3251 1153 loquimini
3290 1102 3303 1138 :
3336 1086 3465 1153 quid
3485 1086 3676 1141 enim?

2100 1185 2276 1229 mrnle
2298 1186 2506 1239 captus,
2546 1175 2895 1244 insessusque
2921 1190 2950 1230 a
3002 1175 3269 1241 dasmone,
3322 1178 3464 1233 fame
3493 1194 3558 1237 ac
3582 1180 3674 1235 siti

2096 1282 2234 1338 pene
2292 1277 2539 1332 enectus,
2588 1266 2788 1335 frigore
2848 1267 3076 1336 rigidus,
3128 1268 3331 1340 quique
3371 1270 3463 1332 ubi
3512 1281 3677 1341 caput

2098 1370 2321 1439 reponat
2373 1358 2662 1428 quieturus
2706 1374 2813 1412 non
2850 1358 3030 1423 habet,
3087 1361 3215 1413 talia
3283 1362 3676 1432 concupiscat?

2097 1452 2348 1506 dimittite
2375 1451 2649 1505 hominem
2701 1461 2758 1504 ut
2780 1450 3018 1506 insaniat
3052 1452 3317 1511 insaniam
3353 1469 3530 1509 suam.

2167 1544 2255 1598 ει.
2295 1542 2499 1603 Interea
2526 1542 2722 1599 Beatus
2748 1543 3121 1613 eonspiciebat
3142 1553 3376 1599 Stantem
3407 1546 3461 1600 in
3494 1547 3675 1605 medio

2100 1635 2447 1692 meretricum
2480 1636 2833 1705 impudicitia:
2868 1636 3110 1705 genium,
3136 1638 3316 1705 spec-ie
3336 1636 3672 1707 ﬁtltiapcm,

2100 1725 2397 1797 grandibus
2446 1726 2605 1783 labiis
2688 1729 3086 1797 conspicuum,
3138 1728 3227 1781 cui
3284 1740 3447 1798 caput
3498 1730 3677 1799 depile

2094 1828 2458 1889 opertumque
2511 1829 2753 1875 stercore
2798 1821 3076 1877 cineribus
3135 1823 3320 1885 misto,
3369 1824 3511 1878 oculi
3548 1840 3676 1881 vero

2095 1912 2397 1981 persimiles
2446 1912 2630 1983 vulpi;
2691 1913 2961 1983 pendebat
2997 1930 3059 1968 ex
3098 1916 3329 1979 humero
3390 1917 3671 1973 sordidum

2094 2007 2261 2075 panni
2298 2006 2460 2061 laceri
2492 2006 2760 2076 fragmen,
2822 2007 3239 2075 absistebatque
3288 2010 3561 2067 exhalatio
3611 2026 3678 2065 ac

2096 2099 2257 2155 fictor
2311 2099 2528 2169 triplex,
2594 2099 2749 2169 quasi
2789 2114 2856 2153 ex
2914 2100 3067 2161 sanie
3103 2114 3373 2171 ctenoqne
3402 2109 3456 2155 ct
3501 2102 3679 2171 sputis

2096 2191 2504 2260 spumantibus,
2567 2192 2719 2260 isque
2750 2192 2887 2246 adeo
2912 2193 3118 2260 gravis,
3149 2202 3205 2248 ut
3233 2192 3373 2249 ferre
3405 2192 3556 2247 illum
3578 2208 3677 2247 nc—

2095 2279 2291 2350 qniens
2322 2280 2569 2335 Andreas
2594 2295 2880 2337 necessum
2922 2280 3147 2341 haberet
3169 2291 3431 2352 perpetuo
3454 2298 3677 2347 excrea-

2096 2388 2176 2437 re,
2231 2383 2394 2441 atque
2428 2388 2589 2433 nares
2618 2372 2834 2430 lacerna
2896 2373 2997 2431 sibi
3035 2375 3312 2432 obturare.
3354 2375 3526 2441 Quem
3554 2392 3679 2436 cum

2099 2472 2310 2520 nutaret
2338 2461 2518 2516 dictus
2543 2462 3039 2532 genius',tatttopere
3060 2466 3304 2523 aversari
3325 2482 3466 2533 sese,
3493 2468 3682 2524 istius-

2098 2554 2243 2609 modi
2323 2555 2527 2611 emittit
2607 2569 2856 2610 vocem:
2904 2554 2987 2611 Me
3066 2556 3313 2614 homines
3359 2574 3455 2629 pro
3522 2560 3682 2614 melle

2100 2645 2419 2701 dulcissimo
2484 2646 2742 2702 hauriunt
2780 2662 2846 2703 ac
2892 2648 3014 2703 sinu
3041 2664 3141 2705 suo
3194 2651 3468 2718 condunt,
3499 2662 3556 2710 et
3594 2652 3683 2707 hie

2108 2737 2296 2792 mundi
2361 2737 2553 2797 illusor
2592 2754 2678 2793 me
2725 2740 2942 2810 despuit
2970 2756 3032 2795 ac
3057 2741 3360 2801 detestatur
3400 2745 3413 2797 l
3465 2752 3518 2798 tu
3552 2760 3683 2800 vero

2099 2846 2208 2885 non
2268 2840 2375 2885 tam
2451 2833 2597 2901 quod
2626 2830 2827 2886 bonum
2889 2842 2974 2888 est
3006 2842 3065 2886 ut
3109 2836 3487 2905 consequaris,
3519 2851 3681 2906 quam

2102 2933 2162 2979 ut
2269 2924 2519 2992 corporis
2601 2923 2918 2979 servitutem
2986 2925 3211 2980 omnino
3254 2928 3682 2999 subterfugeres,

2103 3014 2331 3071 stultum
2376 3015 2619 3070 induisti.
2665 3014 2727 3070 Et
2770 3017 3019 3076 Andreas
3049 3018 3270 3087 quidem
3320 3019 3684 3090 hmcloquen-

2104 3121 2210 3165 tem
2254 3108 2473 3163 videbat
2495 3109 2850 3176 sensibiliter,
2878 3127 2982 3166 non
3019 3111 3276 3167 videbant
3324 3128 3453 3170 vero
3479 3124 3681 3177 scorta,

2104 3212 2299 3270 praeter
2357 3216 2545 3256 vocem
2578 3200 2651 3255 nil
2675 3202 3057 3272 percipienda;
3115 3218 3354 3278 cumque
3420 3205 3510 3258 ille
3537 3204 3684 3259 deri-

2104 3295 2257 3349 deret
2316 3295 2655 3365 impudicum
2732 3310 2797 3355 ac
2867 3296 3271 3365 graveolentem
3349 3296 3682 3364 daemonem,

2104 3386 2357 3441 dicebant
2416 3387 2530 3441 ista:
2565 3402 2579 3439 :
2612 3386 2748 3440 Ecce
2800 3403 2963 3457 quam
2996 3388 3192 3449 blando
3223 3388 3338 3449 risu
3379 3389 3681 3455 agnitionem

2108 3494 2268 3532 suum
2312 3478 2567 3547 excipiat.

2177 3566 2267 3623 22.
2314 3569 2467 3623 Tunc
2502 3588 2605 3623 una
2644 3571 3129 3631 titulict'cularunt:
3168 3572 3284 3627 Non
3346 3587 3689 3637 contemnen-

2108 3662 2236 3722 dus,
2281 3664 2379 3727 ait,
2437 3664 2523 3717 hic
2578 3667 2813 3723 amictus
2871 3668 2991 3735 ejus
3032 3678 3117 3722 est
3150 3686 3162 3721 :
3194 3668 3393 3734 venite,
3446 3671 3685 3731 ablatum

2108 3755 2444 3823 vrudamus;
2481 3758 2530 3810 id
2569 3759 2726 3817 nobis
2766 3762 3036 3827 agendum
3065 3771 3146 3817 est
3178 3762 3357 3817 hodie.
3398 3764 3576 3835 Atque
3619 3764 3688 3819 il-

2108 3847 2213 3902 lico
2237 3859 2647 3920 consurgentes,
2707 3863 2928 3906 exutum
2973 3854 3234 3919 Vrstibus,
3283 3854 3485 3914 nudum
3518 3858 3689 3913 desti-

2108 3949 2265 3993 tuuut
2286 3982 2301 4005 ,
2333 3957 2471 4010 quas
2498 3958 2692 3996 venum
2713 3951 2994 4010 portantes
3013 3960 3180 4005 unum
3213 3945 3486 4004 abstulere
3512 3947 3690 4002 milia-

2108 4031 2299 4086 risium
2330 4032 2467 4102 (57),
2504 4033 2738 4102 indeque
2802 4036 3103 4089 distributa:
3147 4046 3278 4091 sunt
3317 4038 3549 4107 singulis
3575 4041 3688 4107 ('58)

2108 4121 2255 4179 oboli
2284 4123 2393 4176 duo
2455 4122 2655 4178 Deinde
2682 4126 2948 4195 praecipuo
2987 4128 3233 4181 omnium
3270 4130 3405 4182 dit-it
3431 4132 3687 4185 caeteris:

2108 4212 2185 4271 Ne
2236 4217 2579 4273 dimittamus
2601 4219 2779 4289 ipsum
2834 4221 3065 4286 nudum,
3102 4222 3196 4277 sed
3228 4226 3311 4277 vel
3349 4224 3690 4292 tegeticulam

2107 4308 2297 4364 saltem
2335 4320 2603 4370 vetustate
2622 4313 2863 4369 attritam
2899 4314 2946 4368 ei
2970 4314 3189 4370 demus.
3226 4316 3397 4381 Quam
3443 4319 3530 4371 ubi
3550 4328 3694 4372 attu-

2108 4404 2312 4467 lerunt,
2366 4403 2601 4458 mediam
2652 4405 2966 4461 scindentes
3025 4408 3330 4477 iniecerunt
3379 4411 3454 4465 illi
3489 4421 3697 4481 :atque

426 4493 527 4563 τὴν
563 4494 829 4548 πλατεῖαν
886 4496 1073 4567 ἐφόρει
1128 4494 1261 4547 αὐτὸ
1295 4494 1389 4547 καὶ
1420 4493 1644 4564 ἔτρεχεν
1677 4493 1910 4557 παίζων.
1938 4495 2002 4545 Οἱ

2110 4498 2184 4548 ita
2204 4494 2366 4548 domo
2400 4496 2751 4565 expulerunt.
2799 4494 3007 4551 Prodiit
3035 4498 3201 4567 igitur
3241 4500 3487 4554 Andreas
3513 4501 3566 4554 in
3599 4520 3699 4570 pu-

424 4584 484 4641 δὲ
514 4587 746 4657 ὁρῶντες
776 4587 937 4641 αὐτὸν
962 4587 1146 4655 ἔλεγον
1166 4628 1181 4652 ,
1229 4586 1407 4649 Καλὸν
1436 4589 1731 4659 σάγιστρον
1775 4588 1931 4655 φορεῖ
1976 4588 2006 4647 ὁ

507 4771 620 4841 (56)
681 4770 856 4824 Πτύον
927 4771 1146 4839 quidem
1208 4770 1473 4841 scriptum
1527 4780 1668 4837 erat,
1730 4772 1822 4826 sed
1911 4772 2012 4823 hoc

432 4843 703 4912 signilicat
754 4843 1136 4902 ventilabrum,
1195 4858 1305 4910 quo
1352 4842 1681 4895 frumentum
1746 4841 2013 4912 raeerihus

433 4911 693 4982 purgatur
728 4930 742 4966 :
790 4912 1014 4981 ideoque
1037 4911 1288 4969 substitui
1318 4912 1550 4965 vicinum
1603 4911 1831 4982 πτύελον
1858 4926 1872 4963 :
1902 4911 2012 4963 for—

434 4981 593 5039 tassis
619 4992 802 5035 autem
830 4983 1029 5036 dicitur
1087 4984 1254 5040 etiam
1289 4982 1481 5046 πτύον,
1530 4982 1673 5036 sicut
1718 4981 1910 5043 πτῦσις
1961 4991 2015 5033 et

436 5070 678 5105 πτυσιια.

506 5071 1028 5193 ἕῆαθιίίὶανίεἱιιηι.
1057 5120 1231 5193 Lubet
1288 5125 1376 5182 hic
1410 5142 1440 5180 e
1474 5122 1779 5180 Scholiaste
1822 5119 2015 5174 Basili-

435 5192 623 5247 curunt
682 5194 994 5247 adscribere
1056 5192 1257 5251 locum.
1315 5196 1628 5249 nmnmulos
1686 5193 1841 5249 istos.
1871 5206 2009 5258 quo-

437 5278 555 5315 rum
580 5260 1002 5331 hicmentiogl‘it.
1040 5262 1323 5331 insigntter
1371 5266 1787 5319 illustraturum.
1822 5258 2010 5327 Eglog.

434 5333 506 5454 Ξῖ)
543 5334 623 5387 δίο
681 5335 798 5386 ait:
833 5352 850 5384 ι
902 5329 1074 5386 Nosse
1099 5329 1333 5400 oportet,
1372 5335 1632 5389 ceratium
1663 5346 1832 5385 unum
1867 5332 2012 5382 tulli-

481 5418 542 5453 us
575 5404 751 5454 valere
801 5404 1084 5454 duodecim
1141 5403 1255 5454 sive
1290 5406 1574 5454 miliarisio
1622 5403 1868 5454 dimidio.
1907 5398 2008 5452 Va-

481 5418 542 5453 us
575 5404 751 5457 valere
801 5404 1084 5457 duodecim
1138 5398 1255 5457 sive
1290 5406 1574 5458 miliarisio
1622 5403 1868 5457 dimidio.
1907 5398 2008 5452 Va-

446 5475 553 5521 lent
611 5474 793 5542 itaque
851 5472 1056 5527 ceratia
1119 5473 1404 5530 duOdecim
1438 5475 1763 5528 noutistnate
1788 5473 2010 5542 medio:

443 5556 567 5614 nam
628 5541 897 5614 intcgrum
945 5544 1217 5614 nomisma
1271 5546 1513 5599 continet
1561 5541 2018 5614 tniliarisiaduo—

440 5610 616 5685 decim
650 5610 765 5667 sive
790 5613 989 5667 ceratia
1015 5612 1139 5669 24.»
1165 5614 1372 5685 Collige
1401 5617 1595 5685 igitur,
1625 5628 1691 5666 ex
1722 5611 2017 5685 nominatis

442 5682 566 5735 istic
603 5696 837 5737 monetae
865 5685 1172 5751 speciebus,
1194 5678 1405 5739 minimi
1422 5678 1632 5739 'valoris
1653 5696 1774 5735 esse
1800 5678 1976 5733 follem
2001 5697 2016 5743 ;

440 5752 600 5812 tolles
624 5768 807 5812 autem
837 5752 903 5815 12
935 5756 1267 5813 constituere
1305 5757 1607 5822 cet-alium;
1653 5752 1855 5810 ceratia
1895 5765 2021 5805 vero

2113 4588 2319 4649 blieum
2350 4602 2474 4641 cum
2516 4589 2610 4641 illo
2635 4590 2959 4658 gestamine,
2988 4590 3292 4660 ludeusque
3328 4594 3513 4646 ludum
3533 4610 3694 4659 suum

2123 4771 2246 4825 bina
2269 4785 2362 4823 seu
2392 4769 2547 4823 folles
2575 4768 2646 4823 24
2671 4768 2884 4823 efﬁcere
2924 4769 3269 4824 miliarisium
3308 4790 3496 4839 unum,

2195 4842 2307 4909 (58)
2362 4840 2653 4900 Mittutum,
2694 4839 2790 4894 Gr.
2846 4840 3065 4904 λεπτὸν,
3093 4843 3237 4909 quod
3292 4850 3450 4899 Luca:
3493 4862 3581 4906 χχι
3607 4865 3702 4901 (ξς-

2125 4911 2344 4981 ponitur
2395 4928 2465 4981 uas
2517 4910 2937 4981 minutumpest
2976 4912 3116 4964 infra
3146 4927 3209 4963 ex
3253 4926 3432 4967 mente
3456 4919 3698 4977 auctoris

2124 4979 2291 5034 nostri
2344 4980 2599 5056 ejusdem
2634 4979 2935 5056 __cutu__f0lle
2961 4996 3014 5034 et
3071 4983 3233 5035 obolo
3267 4983 3488 5056 valoris,
3526 5002 3703 5056 quau-

2122 5066 2283 5120 quam
2308 5051 2581 5118 aliquibus
2614 5050 2833 5104 dimidia
2883 5058 3091 5105 tantum
3134 5061 3287 5119 parte
3341 5050 3703 5116 valeatCErat

2122 5120 2505 5195 autemferrea
2536 5129 2590 5195 et
2613 5121 2973 5195 minutissima
2999 5124 3138 5191 apud
3172 5125 3392 5195 Graecos
3459 5141 3698 5195 moneta,

2119 5200 2259 5245 teste
2320 5191 2586 5260 llesychio
2643 5192 2722 5243 sic
2779 5191 3032 5260 loquente
3078 5209 3094 5250 ;
3146 5210 3165 5242 ι
3232 5191 3700 5261 Quemadmodum

2121 5262 2220 5328 (dii
2278 5261 2392 5327 isti)
2432 5262 3029 5335 etiatnnuumﬁyzantii
3065 5263 3269 5317 suntin
3310 5264 3496 5335 λεπτῷ
3524 5272 3698 5325 nomi.

2121 5342 2314 5394 smatc,
2376 5335 2513 5401 quo]
2543 5330 2839 5399 Byzantini
2879 5335 3051 5386 ferreo
3111 5342 3165 5386 et
3228 5330 3499 5390 vilissimo
3541 5348 3705 5393 utun-

2117 5412 2226 5454 tur.
2266 5421 2285 5453 ι
2326 5402 2476 5455 Nunc
2538 5403 2683 5469 quod
2723 5402 2789 5454 ad
2839 5402 3257 5458 illustrationem
3299 5416 3480 5460 textus
3529 5411 3703 5463 nostri

2116 5472 2327 5535 attinet,
2355 5473 2576 5540 patescit
2596 5471 2646 5524 1.
2669 5472 2989 5527 vilissimum
3014 5474 3177 5528 istum
3196 5475 3422 5528 Andreae
3443 5478 3701 5537 amictum

2120 5544 2317 5608 fuisse,
2368 5541 2577 5594 tantillo
2602 5541 2917 5605 venditum;
2978 5544 3033 5596 2.
3069 5542 3353 5597 miliarisio
3380 5562 3487 5601 uno
3530 5551 3707 5602 conti-

2123 5614 2238 5685 neri
2295 5612 2467 5664 λεπτὰ
2483 5626 2586 5685 _s_eu
2615 5614 2836 5685 _minut.n
2873 5614 2980 5674 25;
3018 5614 3070 5685 ξ.
3109 5613 3281 5685 fuisse
3313 5614 3366 5667 in
3399 5620 3704 5685 prostibqu

2124 5683 2217 5735 illo
2248 5693 2427 5737 scorta
2474 5682 2561 5735 12.
2615 5683 2785 5736 Porro
2836 5696 2957 5747 qua:
3014 5682 3201 5738 Graece
3233 5684 3320 5737 hic
3354 5682 3528 5740 λεπτὰ
3581 5705 3702 5744 uno:

2127 5753 2330 5823 φολερὰ
2350 5763 2402 5807 et
2447 5754 2611 5807 etiam
2646 5752 2791 5807 oboli
2817 5751 3092 5811 dicuntur.
