4148 6448
425 429 528 492 657

1595 441 1770 500 l'l'l'A
1812 445 1874 501 S.
1915 444 2246 506 ANDREZE
2287 447 2479 512 SALL

3584 450 3684 508 (lbi

430 552 580 616 φίλος
613 550 800 614 αὑτοῦ,
867 552 1044 607 πάντα
1103 571 1185 610 σοι
1225 556 1536 624 ἀναγγελεῖ,
1569 558 1643 620 ὡς
1677 558 1771 610 καὶ
1805 558 1871 612 τὰ
1894 558 2004 612 τῶν

2126 575 2290 619 servet
2322 582 2484 637 opera
2537 568 2677 638 ejus,
2728 569 3033 639 ingressum
3065 575 3119 623 et
3162 582 3439 638 egressum
3474 567 3498 619 ἲ
3542 568 3687 636 quod

431 644 745 713 ἀλλοτρίων.
772 645 960 699 Ταῦτα
1008 647 1103 701 τοῦ
1139 650 1479 722 φουσκαρίου
1530 653 1824 723 φήσαντος,
1852 651 2001 705 ἒπει-

432 753 523 789 σεν
557 737 756 803 αὐτοὺς
782 738 956 804 οὕτως
989 741 1158 812 ἔχειν.

498 925 704 982 κδ’.Ἐν
735 931 833 1000 μιᾷ
867 930 922 984 δὲ
962 931 1072 984 τῶν
1103 931 1326 1002 ἡμερῶν
1353 933 1696 1002 διερχόμενος
1720 933 2005 1002 Μακάριος

430 1019 488 1071 ἑν
515 1022 627 1084 τοῖς
651 1022 1030 1090 ἁρτοπωλίοις,
1061 1026 1309 1095 συναργᾷ
1328 1025 1475 1093 τρισὶ
1498 1025 1800 1088 νεανίσκοις
1825 1026 2010 1090 ξανθο-

431 1113 644 1181 κόμοις,
677 1114 902 1183 ὡραίοις
965 1117 1060 1169 καὶ
1099 1115 1245 1186 ψυχῇ
1275 1117 1368 1170 καὶ
1404 1115 1617 1186 σώματι
1648 1134 1662 1148 ·
1721 1115 1868 1186 εἶχον
1897 1119 2006 1188 γάρ

432 1203 642 1272 ἀγαθὴν
694 1206 960 1273 ὲργασίαν
997 1208 1048 1259 οί
1113 1208 1421 1276 μείρακες,
1473 1208 1570 1260 τοῦ
1628 1208 2008 1279 πρεσϐυτέρου

430 1292 757 1360 ὁδηγοῦντος
787 1296 986 1358 αὐτοὺς
1015 1297 1095 1360 είς
1152 1298 1336 1351 πᾶσαν
1390 1297 1488 1368 τὴν
1519 1297 1612 1350 τοῦ
1650 1297 1790 1351 Θεοῦ
1818 1299 2013 1370 εὐαρέ-

435 1401 644 1454 στησιν.
665 1387 754 1448 Ὠς
780 1385 838 1439 δὲ
871 1389 1212 1457 συνήντησαν
1232 1388 1311 1456 τῷ
1345 1389 1529 1459 Ὅσίῳ,
1564 1391 1705 1456 ἔγνω
1731 1391 1761 1442 ό
1798 1392 2014 1461 πρῶτος

439 1477 550 1530 τῶν
575 1477 792 1546 σεμνῶν
827 1479 1036 1534 παίδων
1066 1480 1294 1533 ἐκείνων
1328 1482 1396 1536 τὰ
1418 1483 1548 1552 περὶ
1576 1482 1670 1536 τοῦ
1695 1483 2012 1552 Μακαρίου,

435 1569 531 1620 καὶ
563 1569 712 1635 λέγει
745 1572 856 1632 τοῖς
912 1571 1123 1641 ἑτέροις
1147 1587 1162 1603 ·
1196 1572 1533 1628 Πιστεύσατέ
1566 1592 1678 1643 μοι,
1719 1577 2014 1646 ἀγαπητοὶ,

435 1661 650 1714 ὑπονοῶ
677 1662 768 1714 τὸν
797 1663 958 1717 σαλὸν
977 1666 1184 1718 ἐκεῖνον
1217 1666 1402 1720 δοῦλον
1426 1665 1522 1718 τοῦ
1549 1666 1686 1720 Θεοῦ
1717 1668 2015 1737 ὑπάρχειν.

441 1754 585 1822 Ἔιρη
613 1755 642 1806 ό
671 1753 860 1825 ἕτερος
883 1771 898 1787 ⁸
977 1757 1287 1826 Παρακαλῶ
1318 1775 1402 1812 σοι
1447 1758 1507 1812 εν
1534 1776 1640 1814 τινι
1674 1759 1825 1830 τόπῳ
1888 1759 2021 1828 μετ’

435 1843 604 1897 αὐτοῦ
640 1845 987 1916 συγκαθῆσαι
1017 1847 1186 1916 ἡμᾶς.
1215 1848 1386 1917 Λέγει
1415 1851 1445 1903 ὁ
1474 1851 1710 1922 πρῶτος·
1732 1851 1797 1904 El
1818 1849 2016 1916 θέλεις,

2108 661 2156 711 si
2187 660 2399 716 amicus
2423 661 2543 730 ejus
2573 679 2655 726 es.
2704 663 2886 717 omnia
2917 661 3010 717 libi
3052 659 3334 723 revelabit,
3369 658 3529 714 etiam
3552 659 3688 712 alio-

2105 761 2226 802 rum
2247 760 2418 821 gesta.
2451 755 2629 823 Atque
2652 754 2753 810 bac
2769 754 3019 809 oratione
3037 751 3310 823 persuasit
3347 749 3691 805 audientibus

2106 855 2302 908 caupo,
2337 843 2413 896 ita
2448 859 2507 899 se
2541 860 2652 898 rem
2690 845 2912 899 habere.

2175 933 2262 990 24.
2307 934 2600 992 Transicns
2643 937 2878 1008 quodam
2918 935 3006 992 die
3043 936 3289 991 Andreas
3339 949 3434 1004 per
3490 929 3691 996 lorum.

2110 1028 2200 1084 ubi
2235 1043 2400 1096 panes
2423 1037 2680 1094 veneunt,
2711 1029 2901 1084 obvios
2935 1027 3255 1082 babuittres
3293 1026 3692 1087 adolescentes,

2112 1121 2323 1191 capillis
2383 1121 2537 1177 ﬂavis
2597 1121 2856 1192 insignes,
2889 1129 2998 1174 tam
3026 1120 3206 1174 anima
3265 1119 3426 1188 quam
3466 1131 3696 1182 corpore

2111 1215 2339 1269 decoros
2377 1230 2390 1268 :
2427 1214 2584 1268 bonis
2649 1215 2846 1284 quippe
2889 1212 3146 1282 operibus
3194 1217 3549 1265 assueverant
3594 1207 3698 1261 sub

2113 1307 2360 1362 instituto
2408 1305 2592 1374 unius,
2653 1306 2758 1375 qui
2803 1314 2922 1360 erat
2973 1303 3327 1374 provectioris
3381 1301 3592 1364 astatis,
3630 1301 3697 1353 ad

2113 1415 2276 1454 omne
2336 1399 2425 1453 Dei
2483 1398 2622 1453 bene
2681 1397 2939 1467 placitum
2991 1397 3126 1451 alios
3181 1393 3551 1448 inl'ortnantis.
3592 1391 3698 1446 Ubi

2113 1509 2245 1547 vero
2285 1492 2336 1545 bi
2373 1492 2512 1545 inter
2547 1505 2605 1545 se
2653 1497 3032 1552 occurrerunt,
3090 1489 3346 1558 cognovit
3395 1484 3701 1553 praecipuus

2117 1587 2225 1649 ille,
2288 1584 2517 1639 aliorum
2583 1583 2883 1646 institutor,
2955 1594 3075 1650 quae
3098 1582 3242 1633 circa
3304 1576 3368 1631 Β.
3423 1576 3698 1630 Andream

2118 1679 2438 1747 agebantur.
2468 1676 2716 1744 dixitque
2740 1675 2906 1730 sociis
2936 1693 2950 1728 :
2993 1671 3210 1727 Credite
3251 1669 3382 1736 mihi
3409 1707 3424 1732 ,
3462 1667 3702 1723 dilectis-

2121 1771 2269 1828 simi.
2300 1770 2550 1838 suspicor
2612 1767 2837 1822 stultum
2873 1765 3090 1820 istbuuc
3140 1763 3236 1819 Dei
3270 1759 3531 1815 famulum
3557 1773 3696 1812 esse.

2123 1865 2189 1918 Et
2225 1865 2360 1918 alter
2395 1881 2407 1916 :
2436 1862 2656 1928 Quaeso,
2713 1859 2910 1929 inquit,
2976 1855 3354 1920 concedamus
3373 1853 3559 1921 aliquo
3581 1867 3702 1906 ses-

435 1936 595 1991 τοῦτο
634 1939 697 1992 ἐν
731 1942 885 2008 τάχει
931 1939 1096 1993 ποιῶ.
1155 1941 1265 1994 Καὶ
1320 1941 1469 2010 λέγει
1523 1941 1715 2012 αὐτῷ’
1769 1941 2016 2013 Ἀδελφὲ,

2126 1956 2233 2012 suri
2263 1972 2387 2011 cum
2421 1925 2559 2024 ipso.
2594 1954 2732 2008 Tum
2785 1925 2994 2022 primus
3028 1972 3039 2003 :
3073 1946 3131 2003 Si
3171 1947 3326 2011 libet,
3378 1959 3542 2016 quam
3577 1958 3704 1997 mox

438 2031 662 2102 ἀγαπᾷς
717 2049 808 2100 με,
836 2031 998 2101 δεῦρο
1032 2033 1385 2103 συγκάθησθν
1426 2033 1548 2103 μεθ’
1593 2033 1774 2103 ἡμῶν,
1798 2035 1884 2088 ὃτι
1909 2035 2020 2106 ἐγὼ

439 2123 642 2190 ἀγαπῶ
669 2138 752 2186 σε,
783 2123 878 2176 καὶ
924 2125 974 2176 οἱ
1007 2125 1123 2194 μετ’
1151 2125 1286 2194 ἐμοῦ
1320 2124 1442 2179 λαίαν
1468 2125 1727 2180 ποθοῦσιν
1758 2143 1838 2183 σε.
1871 2129 2019 2183 Ἰδὼν

438 2214 497 2267 δὲ
523 2212 658 2265 αὐτὸ
699 2213 1032 2278 ἐμειδίασεν,
1083 2217 1179 2268 καὶ
1228 2215 1378 2284 λέγει
1407 2217 1558 2286 αὐτῷ
1585 2218 1654 2284 ὲξέ
1707 2219 1970 2289 ὀνόματος
2002 2237 2018 2254 ο

442 2306 515 2358 ΣΞ)
556 2301 608 2359 εἷ
647 2305 966 2373 Ἑπιφάνιος
1001 2307 1030 2361 ὁ
1088 2309 1244 2375 φίλος
1283 2327 1410 2379 μου,
1457 2311 1552 2363 καὶ
1617 2311 1716 2364 σὺν
1754 2313 1832 2382 τῷ
1878 2311 2022 2382 λόγῳ

443 2400 726 2467 ἠσπάσατο
793 2401 977 2464 αὐτὸν,
1035 2403 1422 2475 προσλεπτικῷ
1470 2403 1683 2475 δμματι
1731 2407 1790 2460 τὸ
1827 2406 2023 2472 μέλλον

445 2493 805 2564 προσημάνας
848 2494 1100 2562 γίνεσθαι
1126 2497 1216 2548 ἐπ’
1249 2496 1433 2552 αὐτόν·
1485 2497 1589 2567 τῆς
1611 2498 1720 2570 γὰρ
1753 2499 2023 2570 βασιλίδος

445 2585 553 2635 τῶν
588 2583 798 2636 πόλεων
829 2584 1146 2640 ἐπίσκοπον
1174 2589 1480 2655 γεγονέναι.
1517 2590 2024 2661 Χειροκρατοῦντες

444 2677 502 2730 δὲ
525 2678 829 2748 ἀμφότεροι
888 2682 1050 2750 χεῖρα
1105 2680 1244 2749 πρὸς
1279 2683 1458 2751 χεῖρα,
1490 2676 1656 2752 ἦλθον
1704 2685 1842 2753 πρὸς
1894 2683 2023 2747 τοὺς

443 2767 538 2821 δύο
565 2768 779 2833 παῖδαςδ
813 2771 904 2823 καὶ
930 2771 1230 2840 διηγήσατο
1264 2772 1427 2835 αὐτὸς
1460 2773 1489 2826 ό
1535 2771 1875 2842 Ἐπιιράνιος,
1904 2773 2025 2838 πῶς

446 2861 505 2924 ἐξ
546 2861 810 2930 ὀνόματος
874 2863 1136 2917 ἐκάλεσεν
1191 2864 1389 2922 αὐτόν.,
1444 2865 1513 2918 Ui
1575 2865 1633 2919 δὲ
1689 2865 2026 2930 ἀκούσαντες

448 2950 644 3015 ταῦτα,
671 2951 894 3004 πλείονα
925 2952 1019 3004 τὸν
1052 2953 1217 3006 πόθον
1262 2955 1354 3007 καὶ
1383 2953 1481 3024 τὴν
1509 2955 1693 3008 πίστιν
1727 2956 1807 3019 είς
1860 2955 2024 3011 αὐτὸν

450 3043 829 3099 ἀνατέθεικεν.
862 3045 1213 3109 Είσελθόντες
1236 3042 1332 3101 οὖν
1359 3047 1416 3100 ὲν
1461 3049 1542 3101 ἑνὶ
1574 3048 1686 3101 τῶν
1715 3049 2024 3120 καθαροπο-

448 3135 600 3197 τίων,
650 3134 934 3206 ὠνήσαντο
993 3138 1158 3209 ἄρτον
1217 3138 1312 3193 mi.
1361 3138 1506 3194 οἶνον
1563 3142 1660 3194 καὶ
1714 3141 1890 3212 ἰχθὺν,
1928 3139 2025 3194 καὶ

2123 2047 2174 2100 id
2237 2047 2488 2103 eﬂ‘ectum
2548 2045 2784 2108 dedero;
2840 2053 3253 2119 conversusque
3303 2037 3369 2092 ad
3400 2044 3653 2091 sanctum
3685 2041 3713 2089 :'

2122 2139 2334 2202 Frater,
2359 2138 2455 2202 ait,
2500 2138 2543 2191 si
2587 2150 2672 2190 me
2707 2150 2882 2199 amas,
2910 2133 3098 2187 adesto
3131 2130 3240 2184 huc
3271 2123 3575 2183 etconside
3606 2140 3708 2179 no-

2126 2233 2358 2293 bis-cum,
2414 2229 2538 2301 quia
2595 2243 2696 2297 ego
2731 2235 2781 2280 te
2828 2225 3019 2294 diligo,
3065 2222 3200 2281 et.bi
3236 2219 3451 2277 sodales
3478 2217 3584 2272 mei
3624 2225 3707 2271 te-

2125 2330 2320 2381 nentur
2367 2319 2636 2375 desidcrio
2685 2320 2785 2373 tui.
2814 2317 3049 2373 lntuitus
3089 2311 3406 2368 invitantem
3436 2309 3706 2374 Andreas,

2127 2415 2282 2479 risit;
2310 2428 2373 2469 ac
2405 2410 2725 2466 nominatim
2751 2409 2927 2478 ipsum
2954 2404 3289 2473 compellans
3317 2421 3332 2467 ;
3371 2399 3479 2465 Tu,
3504 2399 3706 2469 inquit,

2127 2505 2460 2576 Epiphanius
2485 2519 2565 2569 es,
2592 2502 2801 2557 anticus
2832 2514 3010 2555 meus.
3047 2497 3166 2564 Quo
3196 2496 3341 2550 dicto
3369 2494 3710 2562 amplexatus

2122 2597 2403 2669 juvenem,
2465 2595 2516 2650 id
2545 2592 2690 2665 quod
2733 2592 2973 2646 futurum
2996 2596 3114 2644 erat
3141 2585 3468 2658 praevidens,
3506 2580 3712 2656 signiti-

2127 2692 2267 2746 cavit
2325 2687 2464 2748 fore.
2520 2696 2579 2740 ut
2639 2683 2818 2749 urbis,
2869 2697 2992 2752 qua:
3044 2679 3188 2734 inter
3218 2679 3362 2732 alias
3409 2675 3485 2730 uti
3523 2673 3710 2742 regina

2124 2785 2349 2847 eminet,
2379 2781 2671 2851 episcopus
2711 2782 3011 2830 crearetur.
3046 2772 3112 2827 Et
3145 2779 3392 2826 tenentes
3444 2767 3584 2831 alter
3630 2766 3709 2827 al-

2129 2873 2300 2930 terius
2335 2885 2556 2924 mauum
2590 2872 2939 2922 accesserunt
2990 2863 3060 2918 ad
3121 2861 3258 2916 alios
3319 2859 3460 2914 duos
3489 2856 3708 2911 adoles-

2125 2976 2331 3028 centes,
2376 2961 2725 3030 narravitque
2773 2955 3134 3027 Epiphanius,
3210 2950 3486 3022 quomodo
3530 2950 3709 3018 ipsum

2128 3077 2227 3117 suo
2277 3059 2497 3114 nomine
2519 3053 2942 3124 compellassct:
2975 3065 3087 3120 quo
3133 3047 3323 3103 audito
3376 3045 3476 3110 illi,
3507 3044 3708 3100 arden-

2127 3152 2268 3207 tiore
2315 3146 2633 3204 inﬂammati
2689 3142 2960 3200 desiderio
3005 3139 3265 3202 hominis,
3334 3135 3594 3206 majorem
3653 3136 3709 3188 in

447 3227 772 3296 παρέθηκαν
799 3231 877 3292 είς
935 3229 1199 3284 ἑστίασιν.
1257 3231 1405 3285 Ἰδὼν
1433 3233 1489 3286 δὲ
1514 3234 1542 3286 ό
1567 3234 1754 3297 Ὄσιος
1781 3234 1879 3305 τὴν
1936 3235 2022 3288 πί-

2130 3243 2248 3313 ipso
2285 3239 2537 3296 ﬁduciam
2571 3236 2928 3293 collocarunt.
2953 3231 3326 3301 lngredientes
3351 3230 3535 3298 itaque
3557 3241 3707 3280 (eno-

454 3326 572 3372 στιν
619 3321 822 3383 αὐτῶν,
874 3322 1047 3392 ἐχάρη
1075 3324 1250 3394 χαράν
1296 3324 1560 3396 μεγάλην,
1597 3326 1689 3378 καὶ
1713 3322 1783 3397 ἦν
1821 3327 2019 3397 {meapt-

450 3413 686 3483 Θυρίζων
714 3414 792 3485 τῷ
821 3416 1052 3484 στόματι
1109 3416 1178 3469 δι’
1210 3417 1376 3486 εὐχῆς
1418 3417 1554 3488 πρὸς
1595 3417 1690 3472 τὸν
1745 3419 1880 3473 Θεὸν
1921 3421 2022 3490 τὴν

450 3505 826 3576 προσαγωγὴν
848 3507 1031 3561 αὐτῶν
1059 3507 1320 3572 ἀναθείς·
1362 3505 1464 3562 εἷθ’
1508 3509 1684 3573 οὔτως
1738 3511 1847 3564 τῶν
1888 3529 2022 3582 προε-

454 3598 788 3667 τεθειμένων
837 3599 1122 3669 μετέσχεν,
1153 3600 1278 3663 δοὺς
1323 3600 1563 3664 καὶτοῖς
1611 3599 1752 3665 νέοις
1786 3601 2022 3664 οἰκείαις

449 3689 660 3759 χερσίν.

526 3983 623 4032 κε’.
657 3975 938 4046 Ἀληθινδν
955 3975 1016 4029 τὸ
1045 3975 1221 4048 ῥῆμα,
1247 3974 1543 4046 ἀγαπητοὶ,
1569 3977 1663 4030 καὶ
1697 3975 1905 4043 πιστὸν,
1942 3977 2026 4028 ὅτι

458 4069 518 4122 ab
547 4068 718 4139 ἣμισυ
746 4066 842 4121 τοῦ
887 4068 1234 4138 παξαματίου
1269 4067 1459 4138 ἤσθιεν
1492 4067 1621 4138 ὃλην
1646 4069 1745 4138 τὴν
1791 4068 2026 4138 ἡμέραν,

455 4160 592 4230 ὅπερ
621 4163 716 4214 καὶ
766 4159 928 4214 τοῦτο
980 4160 1284 4231 πεποίηκεν
1341 4159 1517 4232 βραχύ
1543 4179 1595 4214 τι
1651 4164 1940 4232 μετασχὼν
1967 4161 2029 4226 ἐξ

2130 3335 2334 3406 polium
2368 3327 2633 3400 coemptis
2665 3343 2827 3398 pane,
2851 3325 2980 3380 vino
3011 3339 3076 3379 ac
3099 3323 3358 3394 piscibus,
3399 3320 3709 3377 convivium

2121 3433 2409 3498 pararunt,
2470 3436 2706 3490 cumque
2766 3418 2926 3474 ﬁdem
2967 3429 3160 3472 eorum
3211 3421 3564 3483 cognosceret
3600 3412 3715 3466 An-

2122 3521 2304 3582 dreas,
2360 3514 2564 3586 iungenti
2611 3510 2868 3584 perfusus
2924 3501 3146 3579 gaudio,
3191 3507 3297 3562 leni
3337 3507 3451 3562 oris
3477 3518 3712 3559 susurro

2124 3609 2263 3666 fusis
2313 3607 2380 3663 ad
2441 3606 2608 3662 Deum
2640 3603 2913 3672 precibus,
2950 3599 3251 3671 profectum
3289 3597 3342 3652 in
3391 3598 3592 3660 virtute
3619 3596 3714 3664 ju-

2123 3716 2326 3757 venum
2401 3698 2449 3753 ei
2530 3692 2989 3756 commendavit;
3063 3690 3257 3745 deinde
3328 3687 3480 3743 cibos
3541 3702 3719 3757 appo-

2127 3797 2264 3853 sitos
2322 3789 2576 3860 sumpsit,
2619 3802 2684 3842 ac
2721 3787 2800 3841 eis
2834 3785 3000 3840 etiam
3031 3782 3274 3855 porrexit
3324 3780 3558 3851 propriis
3594 3794 3716 3834 ma-

2129 3889 2312 3943 nibus.

2197 3982 2287 4036 25.
2323 3980 2456 4036 Vera
2482 3978 2676 4044 loquor
2701 3983 2756 4029 et
2791 3973 2896 4029 (ide
2935 3971 3122 4039 digna,
3164 3967 3541 4032 dilectissimi;
3601 3975 3717 4021 toto

2131 4074 2217 4129 die
2273 4087 2379 4126 nou
2442 4067 2805 4123 ntanducabat
2843 4065 3088 4119 Andreas
3139 4061 3375 4116 medium
3409 4059 3520 4129 (44)
3549 4071 3717 4128 paxa-

2135 4164 2398 4226 matium;
2462 4161 2624 4228 idque
2694 4157 2949 4216 faciebat.
3013 4153 3310 4224 pauxillum
3389 4149 3593 4220 aliquid
3645 4163 3714 4203 ex

452 4252 652 4316 αὐτῶν,
687 4253 856 4316 ἐάσας
889 4251 959 4306 τὰ
1017 4252 1238 4304 πλείονα
1263 4253 1323 4304 ὲν
1348 4255 1414 4322 τῇ
1443 4253 1690 4324 τραπέζῃ
1714 4270 1730 4286 ·
1790 4256 1933 4308 οἴνου
1974 4254 2022 4308 δὲ

2135 4253 2400 4326 appositis
2446 4249 2808 4318 decerpendo,
2841 4244 3118 4316 plerisque
3174 4243 3227 4296 in
3263 4255 3450 4296 mensa
3485 4235 3712 4292 relictis.

455 4344 618 4414 ἡνίκα
647 4361 730 4407 τις
753 4344 924 4397 ἐδίδου
958 4343 1128 4414 αὐτῷ,
1160 4347 1306 4396 πιεῖν
1334 4345 1433 4398 οὐκ
1457 4345 1702 4410 ἐφείδετο
1728 4360 1744 4376 ·
1780 4345 1873 4413 ἀφ’
1905 4347 2022 4398 sau-

2133 4351 2270 4405 Cum
2326 4346 2448 4417 quis
2511 4344 2560 4398 ei
2609 4343 2798 4397 vinum
2848 4337 3182 4408 porrigebat,
3217 4335 3404 4390 bibere
3429 4347 3536 4388 non
3561 4330 3724 4386 dubi-

451 4437 546 4491 τοῦ
580 4437 688 4507 γάρ
712 4438 811 4491 οὐκ
857 4435 1042 4490 ἔπινεν
1069 4435 1310 4501 πώποτε,
1333 4437 1428 4490 ἐὰν
1459 4437 1532 4506 μή
1553 4453 1638 4499 τις
1677 4439 1838 4490 αὐτὸν
1855 4439 2022 4508 τούτῳ

2137 4443 2324 4496 tabat:
2358 4441 2401 4494 si
2450 4437 2632 4492 nullus
2674 4433 2977 4505 praeberet,
3021 4445 3130 4485 non
3179 4426 3401 4484 bibebat
3451 4439 3716 4493 unquam.

453 4531 728 4585 ἐπότισεν.
763 4530 844 4583 Δι’
895 4529 1024 4600 ὅλης
1065 4531 1124 4585 δὲ
1169 4532 1267 4600 τῆς
1323 4530 1618 4600 ἑϐδομάδος
1660 4530 1948 4595 πολλάκις,
1996 4533 2022 4605 ἢ

2137 4532 2253 4588 Non
2287 4545 2411 4584 raro
2441 4528 2582 4584 binis
2615 4525 2847 4581 ternisve
2873 4523 3086 4586 diebus,
3126 4532 3534 4586 nonnumquam
3581 4515 3718 4569 beb-

455 4622 541 4675 διὰ
556 4622 649 4676 δύο
687 4622 720 4692 ἢ
751 4621 921 4693 τριῶν
946 4622 1190 4693 ἡμερῶν,
1219 4622 1366 4684 τινὸς
1383 4624 1483 4675 οὐκ
1513 4621 1754 4689 ἐγεύετο·
1785 4621 1974 4693 ἐπειδὴ
2001 4623 2022 4673 ό

2133 4620 2364 4678 domada
2391 4615 2665 4674 totaomni
2695 4615 2816 4668 cibo
2842 4610 3151 4666 abstinebat
3183 4622 3453 4677 :cumque
3485 4605 3718 4658 Satanas

461 4717 693 4778 σατανάς
717 4714 847 4778 τοὺς
887 4713 1145 4776 πλείονας
1167 4713 1471 4784 ὲσκλήρννε
1520 4713 1618 4767 τοῦ
1654 4714 1855 4782 μηκέτι
1888 4729 2033 4783 παρ-

463 4803 606 4872 ἐχειν
626 4821 680 4859 τι
707 4807 882 4876 αὐτῷ,
916 4806 1080 4869 αὐτὸς
1112 4806 1170 4858 δὲ
1200 4807 1299 4860 οὐκ
1345 4805 1488 4877 ᾔτει,
1538 4805 1634 4858 καὶ
1663 4805 1818 4860 οὑδὶν
1838 4803 2030 4872 ἐκομί-

464 4895 600 4959 ζετο.
635 4898 897 4961 Πολλάκις
944 4899 1054 4969 γὰρ
1115 4897 1223 4951 ὑπὸ
1280 4898 1441 4968 δίψης
1494 4897 1776 4966 ἐφλέγετο,
1832 4897 1926 4950 καὶ
1953 4896 2028 4966 μὴ

464 4983 604 5053 ἔχων
640 4986 686 5037 τί
721 4987 1139 5056 εἰσπράξασθαι,
1196 4987 1468 5058 εὑρίσκων
1530 4987 1736 5053 πηλὸν,
1796 4986 2029 5040 ῠδόστα-

459 5092 551 5129 τον
610 5076 722 5143 ἐπὶ,
756 5078 852 5147 τῆς
910 5079 1186 5149 λεωφόρου
1231 5079 1307 5142 ὡς
1355 5081 1463 5133 ἀπο
1515 5080 1673 5132 ὑετοῦ
1747 5079 2033 5146 γεγονότα,

456 5169 654 5224 κλίνων
714 5171 776 5223 τὸ
819 5173 976 5240 γόνυ,
1024 5170 1263 5240 ὲνεφύσα
1301 5170 1453 5240 αὐτῷ
1505 5170 1869 5242 σταυροειδῶς
1892 5170 2034 5241 τρὶς,

456 5265 548 5316 καὶ
588 5263 763 5329 οὕτως
788 5263 922 5318 αὐτὸ
948 5265 1156 5331 ἔπινεν,
1187 5263 1328 5318 ὥστε
1371 5263 1711 5334 θεωροῦντας
1742 5265 1870 5326 τοὺς
1893 5280 2036 5333 παρ-

453 5492 471 5499 ..
547 5441 639 5510 44)
670 5442 806 5495 Aliis
832 5441 1213 5510 paximatium,
1242 5440 1628 5510 paxamidium.
1650 5447 1705 5494 et
1734 5456 2032 5510 pommus;

454 5511 523 5562 de
566 5528 682 5578 quo
707 5511 932 5566 Snitlas.
968 5511 1058 5563 Bis
1083 5523 1272 5566 coctus
1317 5510 1492 5579 panis,
1516 5511 1610 5579 qui
1650 5512 1789 5578 apud
1824 5511 2030 5564 Roma—

459 5594 581 5641 nos,
639 5596 832 5651 nemp_e
907 5579 1258 5651 Byzantinos,
1301 5589 1361 5634 ut
1416 5582 1529 5633 vult
1559 5580 1776 5651 Lipsius
1831 5581 2031 5651 dicitur

455 5663 738 5726 paxpmas.
783 5648 964 5726 Plura
985 5651 1195 5726 debac
1211 5665 1375 5726 _voce
1401 5650 1675 5726 congessit
1705 5649 2027 5726 Rosweidus

457 5723 520 5798 in.
544 5717 999 5798 Onotnasticyad
1031 5721 1178 5798 Vitas
1211 5720 1452 5798 Patrum.
1488 5717 1724 5798 Arduam
1777 5735 1908 5798 vero
1933 5720 2030 5798 nb-

456 5788 771 5843 stiuentinm
846 5788 1016 5846 fuisse
1068 5791 1216 5845 illaut
1268 5791 1529 5853 Andreae,
1559 5791 1737 5843 medio
1758 5788 2025 5858 quotidie.

459 5872 566 5911 non
630 5858 773 5927 plus.
805 5861 1115 5929 paxamatio
1149 5862 1438 5926 vescentis,
1473 5861 1674 5930 patebit
1724 5876 1787 5916 ex
1829 5860 2020 5914 Bullini

2142 4713 2503 4784 plurimorum
2539 4705 2758 4770 animis,
2814 4711 2871 4758 ut
2906 4718 2975 4756 ne
3012 4697 3143 4770 quid
3183 4696 3567 4768 erogarentiili
3603 4712 3720 4749 aut-

2137 4806 2303 4875 plius,
2357 4798 2778 4858 obstinationem
2840 4795 3163 4854 induxisset,
3225 4805 3289 4845 ac
3341 4789 3458 4856 ipse
3496 4802 3722 4842 omnem

2137 4895 2354 4968 petendi
2410 4907 2597 4948 curam
2647 4889 2948 4958 abjicerct;
3002 4885 3138 4939 niltil
3176 4883 3470 4954 quidquam
3523 4879 3589 4934 ad
3618 4895 3716 4933 su-

2138 4988 2522 5044 stentationem
2560 4980 2878 5050 accipiebat.
2927 4977 3065 5032 Hinc
3089 4975 3388 5044 saepissime
3417 4971 3506 5027 siti
3546 4979 3716 5026 aestu-

2143 5096 2264 5142 ans.
2293 5087 2348 5133 et
2373 5075 2502 5147 quid
2529 5073 2742 5131 consilii
2775 5078 2994 5140 caperet
3022 5069 3302 5138 ignorans,
3333 5074 3548 5134 reperto
3576 5062 3717 5117 forte

2143 5172 2194 5224 in
2223 5170 2395 5239 platea
2425 5167 2535 5220 luto
2554 5162 2887 5234 aquapluvia
2925 5161 3174 5225 subacto,
3217 5157 3476 5215 curvabat
3504 5167 3713 5227 genua;

2145 5278 2207 5318 ac
2243 5258 2658 5316 tcrnuntcrucis
2679 5257 2892 5328 signum
2950 5253 3208 5310 instando
3271 5251 3537 5318 formans,
3591 5249 3718 5303 inde

2143 5440 2235 5495 lib.
2269 5456 2351 5501 ttt.
2383 5453 2537 5491 nttm.
2566 5435 2656 5504 Si,
2695 5434 2785 5488 ubi
2821 5431 3150 5502 singularem
3211 5431 3397 5504 Piorisi
3434 5429 3712 5504 abstinen-

2141 5512 2272 5564 tiam
2305 5509 2607 5563 insinuans.
2644 5501 2695 5557 ἰ
2735 5501 2968 5558 Tantum
3025 5517 3218 5566 unum,
3251 5503 3448 5570 inquit,
3473 5501 3716 5567 paxima-

2140 5582 2272 5653 tium
2304 5588 2358 5632 et
2389 5577 2828 5653 quinqueolivas
2856 5575 2908 5628 in
2942 5573 3066 5653 cibo
3103 5572 3426 5653 accipiebat,
3469 5589 3487 5618 ι
3527 5571 3717 5639 qunti-

2137 5651 2247 5711 die.
2281 5657 2338 5701 ut
2387 5641 2557 5702 reorf
2589 5647 2685 5700 llic
2733 5655 2912 5698 autem
2941 5641 3136 5696 Noster
3176 5641 3400 5697 dimidio
3427 5651 3715 5696 contentus

2137 5727 2254 5773 erat
2285 5737 2298 5773 :
2327 5717 2460 5778 into.
2528 5719 2603 5771 uti
2663 5730 2784 5770 mox
2838 5714 3110 5777 subditur,
3147 5712 3372 5766 biduum
3408 5711 3716 5765 tridutttuve

2136 5788 2638 5911 pttbebdomadatu
2697 5786 2989 5854 aliquando
3037 5791 3207 5839 totam
3255 5784 3473 5852 jejunus
3517 5784 3723 5834 transi-

2151 5875 2199 5911 ω
2233 5899 2244 5911 .

2151 5867 2244 5913 lat.
