4148 6404
478 400 588 464 δδθ

1546 402 1592 460 Ν
1608 401 1969 462 ICEPHORI
2012 403 2494 464 PRESBYTER!
2535 407 2645 464 (ΖΡ.

3629 380 3736 467 uno

475 509 716 576 bibebat,
782 525 847 565 ac
913 519 1283 582 Spectatorum
1331 511 1451 565 illae
1496 513 1894 566 transeuntium
1920 512 2051 564 iudi-

2163 512 2342 575 οδίτας
2380 517 2706 580 ἀγανακτεῖν
2775 516 2864 568 ἐπ’
2905 515 3088 582 αὑτὸν,
3116 517 3210 569 καὶ
3237 516 3364 577 τοῦς
3400 517 3497 585 μὲν
3527 517 3741 587 δαίρειν

469 604 812 677 gnationem,
855 603 980 660 aliis
1043 603 1259 672 quidem
1295 603 1529 662 fustibus
1576 614 1700 657 eum
1740 604 2060 677 aggredien-

475 673 646 761 iibus,
681 693 805 750 aliis
846 708 973 749 vero
996 706 1105 750 non
1123 695 1241 749 sine
1276 693 1698 752 comminatione
1732 673 2060 748 di‘t’i‘ntibus.

475 782 596 840 Non
653 787 827 851 decet,
861 786 1051 850 stulte,
1115 787 1189 840 ita
1230 785 1420 846 sordes
1443 784 1687 842 haurire.
1747 775 1843 838 Ille
1881 795 2060 839 autem

479 893 591 932 non
641 877 976 950 respondens
1032 877 1124 931 ulli
1157 877 1343 942 verbo,
1370 874 1660 932 confestim
1695 891 1756 931 se
1785 875 1910 930 inde
1938 887 2063 945 pro-

476 970 730 1040 ripiebat.
761 971 938 1039 Atque
968 969 1105 1033 haec,
1137 969 1435 1037 carissimi,
1465 968 1702 1025 victandi
1736 969 2062 1039 vivendique

478 1062 641 1125 ra'in,
676 1076 809 1115 sane
838 1061 1195 1125 arcana,viro
1229 1070 1418 1116 saneto
1451 1061 1571 1115 fuit.

547 1152 640 1208 26.
697 1151 1065 1206 Accumbente
1114 1152 1281 1224 igitur
1338 1152 2059 1224 Andrea,quemadmodum

373 1288 376 1291 .
477 1255 644 1310 supra
680 1243 1055 1303 meminimus.
1084 1243 1138 1297 in
1169 1243 1444 1312 (enopolio
1500 1259 1624 1299 eum
1659 1245 2062 1300 venerabilibus

477 1334 589 1389 Illis
625 1335 1064 1392 adolescentibus
1130 1351 1371 1401 mensze,
1433 1338 1575 1392 forte
1629 1338 1856 1392 auribus
1925 1341 2061 1393 meis

483 1423 861 1494 praetereuntis
917 1423 1062 1489 illac,
1109 1425 1389 1479 hominum
1452 1426 1661 1490 intimi,
1714 1427 1918 1497 allapsa
1957 1441 2061 1481 vox

476 1514 597 1584 ejus
663 1524 784 1581 est;
834 1523 889 1571 et
943 1515 1225 1571 declinans
1273 1517 1722 1587 tantisperavia,
1745 1519 1950 1573 contuli
1977 1532 2063 1572 me

476 1607 543 1659 ad
589 1606 942 1673 vestibulum,
965 1608 1130 1672 clam,
1168 1607 1298 1678 quid
1333 1619 1610 1679 ageretur,
1660 1610 2059 1680 speculaturus.

473 1696 645 1767 Igitur
679 1713 802 1754 cum
825 1697 1196 1754 adolescentes
1222 1702 1457 1755 salutato
1482 1701 1693 1755 Andr-ea
1728 1704 1870 1755 viam
1901 1716 2055 1755 suam

471 1801 956 1861 prosequerentur,
990 1791 1190 1845 accidit
1210 1794 1371 1848 etiam
1403 1807 1725 1863 cauponem,
1775 1795 1868 1863 qui
1898 1794 2059 1850 Chri—

2155 605 2493 668 αὑτδν.τσῦ;
2532 607 2588 660 δὲ
2621 607 2760 678 μετὰ
2805 608 3038 679 ἀπειλῆς
3099 609 3280 678 λέγειν
3339 610 3523 680 αὐτῷ’
3550 610 3738 674 Οὕτως

2165 695 2225 748 οὑ
2251 697 2476 766 πρέπει,
2553 699 2704 761 σαλὲ,
2762 700 2872 753 τῶν
2949 701 3294 755 καλανίσκων
3348 702 3736 769 ἀπογεύεσθαι.

2175 781 2236 842 Ὅ
2256 789 2311 842 δὲ
2338 791 2439 844 οὑκ
2476 793 2813 862 ἀπεκρίνατό
2860 805 2966 847 τινι
3015 793 3195 863 λόγον,
3257 795 3374 848 ἀλλ’
3410 795 3738 859 εὑθέωςτῶν

2162 881 2281 935 ἐκεῖ
2309 883 2595 955 ἀνεχώρει.
2643 884 2817 956 Λῦτη,
2877 887 3178 956 ἀγαπητοῖ,
3210 887 3317 940 ’τοῦ
3352 889 3642 958 Μακαρίου
3700 891 3734 958 ἠ

2163 975 2346 1030 δίαιτα
2397 981 2491 1033 καὶ
2521 978 2555 1047 ἡ
2586 978 2912 1050 ἀπόκρυφος
2942 979 3213 1034 πολιτεία.

2235 1155 2337 1220 κε’.
2381 1157 2468 1220 Ὠς
2500 1151 2594 1212 οὖν
2624 1159 2682 1212 ἐν
2710 1160 2821 1222 τοῖς
2867 1158 3177 1229 ἔμπροσθεν
3205 1158 3442 1230 εἴρηται,
3475 1161 3559 1215 ὅτι
3578 1163 3637 1215 έν
3663 1163 3742 1232 τῷ

2165 1249 2550 1322 καθαροποτέῳ
2623 1254 2762 1320 μετὰ
2817 1251 2929 1304 τῶν
2979 1253 3182 1321 τιμίων
3243 1254 3470 1306 ἐκείνων
3529 1255 3738 1307 παίδων

2163 1339 2530 1410 καθεζόμενος
2576 1339 2790 1411 ἤσθιεν,
2822 1342 3010 1413 ἔτυχεν
3033 1343 3156 1412 ἐμοὶ
3185 1343 3264 1415 τῷ
3285 1345 3554 1414 ἐλαχίστῳ
3598 1346 3742 1415 διερ-

2162 1433 2378 1504 χομένῳ
2405 1434 2513 1502 τῆς
2535 1435 2722 1504 φωνῆς
2754 1435 2922 1488 αὑτοῦ
2957 1435 3214 1489 ἀκοῦσαι⁴
3250 1435 3508 1502 έξένευσα
3533 1439 3610 1501 δὲ,
3645 1438 3740 1491 καὶ

2164 1525 2298 1589 στὰς
2349 1527 2408 1579 έν
2481 1526 2562 1595 τῷ
2617 1526 2879 1597 προθύρῳ
2924 1529 2984 1580 έν
3036 1531 3221 1599 κρυφῇ
3285 1529 3636 1582 κατώπτευον
3687 1530 3742 1583 τί

2163 1617 2434 1687 «parret;
2496 1618 2588 1672 Ἐν
2616 1617 2672 1672 δὲ
2695 1618 2773 1688 τῷ
2818 1620 3360 1674 ἀσπάσαώαιαὺτδν
3401 1623 3530 1685 τοὺς
3584 1621 3742 1685 νέους

2162 1709 2258 1762 καὶ
2282 1708 2537 1768 ἀπελθεῖν
2563 1709 2663 1780 τὴν
2689 1710 2810 1765 ὁδὸν
2835 1709 3036 1771 αὐτῶν.
3071 1712 3265 1782 ἔτυχεν
3331 1714 3428 1768 καὶ
3455 1713 3548 1766 τὸν
3573 1730 3742 1781 φουσ·

2165 1801 2377 1872 κάριον,
2407 1801 2733 1870 Χριστιανὸν
2764 1802 2892 1856 ὄντα
2915 1842 2932 1867 ,
2979 1801 3146 1858 ἕνεκά
3195 1820 3344 1868 τινος
3369 1804 3610 1870 ἐξελθεῖν
3640 1805 3739 1857 τοῦ

471 1883 684 1936 stianus
709 1891 849 1946 erat,
873 1881 1156 1953 cujusdam
1184 1884 1260 1938 rei
1286 1899 1450 1941 causa
1505 1884 1724 1940 ofﬁcina
1761 1886 1964 1954 egredi,
2000 1899 2051 1942 et

2158 1892 2550 1962 ἐργαστηρίου,
2581 1893 2745 1949 αὐτὸν
2765 1893 2823 1946 δὲ
2850 1894 3010 1964 μόνον
3050 1892 3230 1963 μεῖναι
3260 1895 3430 1950 ἔνδον.
3460 1894 3655 1948 Βλέπει
3683 1894 3742 1948 δὲ

471 1973 747 2028 Andream
808 1975 958 2030 intus
1006 1990 1228 2030 ruanere
1261 1976 1439 2030 solum
1478 1993 1493 2032 :
1528 1977 1620 2046 qui
1653 1977 1759 2032 hue
1811 1979 2063 2048 atqueil-

470 2063 561 2119 lue
593 2066 1066 2137 circumspiciens,
1116 2068 1206 2123 ubi
1239 2068 1510 2123 neminem
1556 2069 1931 2139 deprehendit,
1959 2085 2056 2125 ex-

469 2155 643 2224 tensis
685 2156 740 2212 in
801 2159 1000 2213 caelum
1041 2158 1297 2214 manibus
1348 2159 1558 2228 precari
1600 2174 1700 2230 pro
1739 2160 1914 2216 tribus
1946 2176 2059 2216 me-

471 2247 1158 2305 moratisa’de-lescentihus
1210 2247 1399 2318 coepit,
1438 2257 1492 2304 et
1542 2249 1719 2320 (testis
1748 2251 1878 2304 mihi
1909 2249 2054 2308 Deus

467 2346 573 2403 est,
608 2341 700 2408 qui
738 2341 911 2410 perdit
935 2341 1217 2411 loquentes
1262 2341 1565 2412 mendacia)
1605 2342 1814 2398 levatus
1857 2351 2048 2404 eterra

469 2433 524 2487 in
584 2448 763 2487 aerem
799 2434 1053 2490 sublimis
1092 2434 1369 2504 pependit,
1399 2449 1506 2490 non
1543 2435 1660 2490 sine
1689 2434 2048 2490 admiratione

2163 1985 2192 2037 ὁ
2218 1985 2406 2048 Ὀσιος
2459 1977 2564 2037 ὧδε
2616 1986 2867 2050 κάκεῖσε,
2939 1987 3032 2040 καὶ
3069 1985 3143 2050 ὥς
3179 1995 3299 2040 τινα
3339 1987 3437 2057 οὐχ
3469 1987 3739 2056 ἑώρακεν,

2159 2074 2395 2128 ἐκτείνει
2446 2076 2527 2138 εἰς
2576 2074 2712 2144 ὕψος
2754 2077 2852 2139 τὰς
2904 2079 3096 2148 χεῖρας
3127 2077 3319 2143 αὑτοῦ,
3353 2077 3526 2131 ποιῶν
3554 2078 3743 2146 δέησιν

2157 2172 2299 2242 ὑπὲρ
2351 2171 2462 2227 τῶν
2500 2172 2670 2243 τριῶν
2698 2172 2903 2228 παίδων
2928 2175 3171 2238 ἐκείνων,
3203 2175 3320 2236 καὶ.
3355 2175 3432 2238 ὠς
3481 2174 3576 2228 ἐπὶ
3599 2167 3740 2227 Θεοῦ

2155 2260 2251 2314 τοῦ
2277 2248 2612 2325 ἀπολλύντος
2641 2264 2766 2326 τοὺς
2795 2263 3090 2329 λαλοῦντας
3114 2265 3174 2319 τὸ
3195 2264 3412 2336 ψεῦδος,
3455 2265 3598 2336 ηρθη
3627 2264 3736 2317 duo

2155 2353 2256 2422 γῆς
2280 2355 2360 2416 εις
2389 2353 2479 2406 τὸν
2511 2353 2648 2425 ἀέρα
2672 2355 2768 2410 καὶ
2794 2357 3102 2426 ὲκρέματο’
3151 2358 3227 2420 ὡς
3249 2358 3454 2428 φρικτὰ
3484 2357 3609 2426 ἐμοὶ
3637 2358 3737 2410 καὶ⁵

2155 2445 2434 2516 παράδοξα
2494 2447 2571 2518 τῷ
2620 2446 2816 2517 ἀσώτῳ
2875 2449 3077 2519 ἐφάνη,
3150 2449 3322 2520 φρίκη
3358 2449 3466 2519 γάρ
3498 2467 3563 2516 με
3595 2467 3731 2502 κατ-

467 2540 533 2578 ac
561 2525 785 2580 horrere
813 2541 934 2580 meo
964 2515 1201 2580 hominis
1228 2527 1448 2596 impuri,
1501 2526 1627 2581 talia
1652 2527 1902 2582 videntis.
1943 2527 2051 2583 Sed

2155 2515 2328 2610 ἔσχεν,
2364 2515 2626 2609 βλέποντα
2667 2515 2861 2607 ταῦτα,
2915 2515 3010 2596 καὶ
3501 2540 3735 2595 διάνοια.

467 2615 652 2670 Statim
715 2617 1001 2670 restitutus
1059 2616 1161 2671 sibi
1210 2616 1396 2683 exivit,
1449 2615 1503 2670 in
1562 2618 1735 2672 turbis
1780 2633 1930 2674 utere
1951 2633 2052 2673 suo

377 2733 386 2742 ο
469 2706 708 2758 tabulam
771 2717 1014 2763 acturus.
1043 2709 1217 2779 Atque
1249 2705 1377 2764 illud
1407 2723 1554 2765 nunc
1596 2710 1834 2779 aperiam
1871 2710 2051 2764 chari-

466 2796 560 2850 tati
586 2805 800 2852 vestrm.

2153 2630 2374 2692 Εὐθέως
2409 2626 2506 2686 οὖν
2553 2632 2830 2694 καταστὰς
2858 2631 2938 2696 είς
2960 2633 3152 2685 ἑαυτὸν
3183 2631 3407 2702 ἐξῆλθεν
3431 2633 3556 2698 ἔξω,
3593 2633 3731 2700 μετᾶ

2151 2720 2246 2776 τοῦ
2275 2720 2517 2791 πλήθους
2570 2722 2942 2794 ἐργαζόμενος
2966 2723 3036 2778 τά
3066 2725 3269 2796 συνήθη
3297 2740 3311 2755 ·
3365 2722 3527 2778 τοῦτο
3572 2723 3638 2795 δὴ
3665 2726 3730 2795 τῇ

2154 2809 2400 2881 ὑμετέρᾳ
2430 2811 2623 2882 ἀγάπῃ
2668 2810 2895 2883 ῑκδηλον
2926 2815 3248 2884 ποιήσομαι.

1925 2969 2154 3030 (λιι)οΤ
2184 2969 2273 3030 ιν.

710 3107 969 3172 Swviente
997 3118 1146 3187 gravi
1179 3126 1504 3187 tempeslale,
1545 3118 1807 3171 diutinam
1830 3113 2067 3169 naiasin
2093 3113 2317 3182 patitur,
2346 3113 2399 3164 in
2432 3111 2616 3166 caelum
2650 3120 2833 3181 raptus
2861 3115 2910 3165 et
2943 3114 3089 3166 varia
3118 3112 3476 3181 Conspicatus‘.

535 3269 972 3344 TltTempestas
1023 3275 1326 3348 aliquando
1378 3275 1679 3334 suavissima
1723 3275 2047 3337 invaluerat,

2227 3272 2331 3337 κζ’.
2367 3274 2650 3342 Χειμῶνος
2685 3273 2740 3328 δὲ
2775 3272 3140 3341 σφοδροτάτου
3195 3272 3496 3339 γεγονότος,
3527 3270 3725 3334 κρύους

465 3370 736 3424 acerrimo
757 3366 958 3440 frigore
1015 3376 1160 3424 tarda
1213 3385 1336 3423 cum
1394 3368 1651 3430 violentia
1707 3382 1886 3424 aerem
1915 3382 2048 3420 cnn-

467 3460 796 3529 stringrnte,
840 3469 898 3516 ut
930 3471 1091 3513 Ollll'lc
1117 3459 1432 3513 animalium
1457 3473 1630 3528 genus
1660 3457 2048 3527 obrigesceret.

465 3552 841 3622 Opplebantur
888 3566 1082 3607 cuneta
1121 3552 1391 3608 domicilia
1442 3551 1676 3612 nivibus,
1713 3551 1838 3620 quia
1875 3547 2053 3604 valide

465 3648 698 3703 saeviens
727 3643 952 3712 Boreas,
997 3645 1239 3713 tegulas,
1261 3660 1326 3699 ex
1357 3643 1681 3698 humillimis
1722 3642 1908 3705 etiam,
1940 3657 2048 3696 non

468 3735 631 3793 modo
684 3753 716 3794 e
756 3738 1080 3794 sublimibus
1149 3736 1424 3801 domibus,
1493 3741 1780 3790 everterat.
1839 3731 2050 3804 Ubique

470 3843 754 3899 pauperes,
792 3828 1158 3883 miserandum
1194 3829 1246 3881 in
1309 3828 1529 3882 modum
1572 3826 1931 3882 lamentantes
1959 3841 2052 3897 ge-

471 3933 814 3993 tnentesque,
846 3921 1001 3977 triste
1024 3921 1149 3976 Vae!
1180 3922 1609 3992 ingeminabant,
1649 3933 1713 3975 ac
1771 3935 1880 3989 pra:
1933 3920 2051 3975 ine-

467 4016 557 4071 dia
587 4026 639 4069 et
662 4013 882 4084 frigoris
914 4013 1207 4080 asperitate
1241 4011 1710 4073 contabescentes,
1750 4010 1817 4064 ad
1857 4009 2050 4066 mortis

464 4103 770 4160 iliset-imen
829 4103 1080 4156 ultimum
1129 4100 1536 4156 adducebantur
1563 4118 1576 4154 :
1601 4101 1712 4162 alii,
1737 4101 1878 4154 mole
1910 4101 2049 4157 nivis

467 4193 651 4252 nbruti
709 4194 957 4248 similiter
987 4193 1152 4246 vitam
1192 4191 1485 4256 tinniebant;
1536 4189 1927 4260 rutupebantur
1950 4192 2049 4247 do-

469 4288 540 4343 lia
568 4304 584 4354 ;
654 4285 1026 4344 evellebantur
1051 4282 1312 4339 radicitus
1335 4282 1557 4338 arbores
1581 4299 1597 4348 ;
1645 4282 1895 4337 volucres
1923 4284 2048 4340 eteli

468 4377 768 4432 interibant
803 4373 1016 4430 defectu
1051 4372 1316 4434 alimenti.
1360 4371 1473 4442 Ego
1520 4385 1646 4428 vero
1697 4372 2051 4428 exerueiabar

467 4469 654 4524 animo
680 4467 1048 4533 vehementer,
1085 4463 1270 4518 famuli
1298 4462 1389 4518 Dei
1419 4463 1648 4518 Andrea:
1675 4480 1864 4528 causa,
1899 4475 2049 4522 veste

467 4563 618 4618 otnrni
655 4577 718 4616 ac
745 4561 1022 4616 dmnicilio
1064 4557 1352 4624 destituti;
1398 4573 1507 4613 non
1557 4557 1702 4612 enim
1764 4559 2044 4620 tunicam,

2154 3365 2488 3437 δριμυτάτου
2517 3366 2608 3426 τδν
2632 3366 2768 3437 ἀέρα
2779 3364 3082 3429 πιέζοντος,
3105 3365 3432 3434 πᾶσαξφὺσις
3459 3363 3730 3432 σωμάτων

2153 3458 2264 3513 ἀπὸ
2295 3459 2392 3528 τῆς
2427 3458 2549 3528 βίας
2575 3460 2875 3528 ἐπήγνυτο·
2906 3458 2975 3512 τὰ
3005 3456 3334 3527 καταγώγια
3360 3457 3540 3514 πάντα
3561 3458 3732 3526 μεστὰ

2154 3550 2329 3622 χιόνος
2384 3553 2654 3620 ὑπῆρχεν,
2699 3549 2788 3606 διὰ
2821 3551 2881 3604 τὸ
2912 3549 3098 3604 πνέειν
3146 3548 3356 3619 σφόδρα
3408 3549 3503 3599 τὸν
3527 3547 3733 3618 βορρᾶν

2151 3641 2551 3712 διαστρέφοντα
2588 3643 2715 3704 τοὺς
2753 3641 3033 3711 κέράμους
3062 3641 3158 3694 καὶ
3184 3639 3364 3692 αὐτῶν
3386 3638 3498 3690 τῶν
3527 3653 3733 3708 χαμαια

2151 3733 2338 3803 γείων,
2370 3735 2444 3804 μὴ
2482 3734 2564 3787 ὅτι
2616 3751 2680 3802 γε
2705 3733 2814 3786 τῶν
2846 3732 3068 3802 ὑψηλῶν
3121 3736 3217 3785 καὶ
3247 3730 3536 3802 μετεώρων
3563 3728 3731 3798 δομη-

2154 3828 2358 3895 μάτων.
2423 3826 2632 3890 Πάντες
2665 3825 2722 3879 δὲ
2751 3828 2800 3879 οἱ
2852 3825 3104 3895 πένητες,
3136 3825 3194 3877 τὸ
3217 3824 3341 3878 οῦαὶ
3365 3822 3726 3894 θρηνοῦντες,

2149 3917 2546 3988 ὀλοφυρόμενοι
2601 3919 2697 3972 καὶ
2756 3917 3035 3980 στένοντες
3089 3917 3283 3978 έδόων.
3323 3917 3420 3974 καὶ
3451 3917 3518 3986 τῇ
3549 3913 3733 3984 ἐνδείᾳ

2150 4011 2244 4064 καὶ
2280 4013 2346 4080 τῇ
2371 4009 2460 4080 βίᾳ
2516 4008 2610 4062 τοῦ
2647 4009 2852 4081 κρύους
2884 4009 3179 4080 τηκόμενοι
3209 4009 3290 4079 τῷ
3315 4008 3535 4078 θανάτῳ
3555 4023 3731 4076 παρε-

2149 4103 2450 4172 πέμποντο·
2484 4091 2861 4172 inpudentiae
2887 4101 2988 4171 τῆς
3019 4100 3198 4173 χιόνος
3222 4099 3731 4170 καταχωννύμενοι,

2148 4195 2220 4248 τὰ
2257 4195 2416 4265 ὅμοια
2451 4193 2689 4264 ἔπασχον
2719 4209 2736 4228 ο
2779 4193 2930 4248 πίθοι
2967 4193 3362 4265 διερράγησαν,
3398 4191 3594 4260 δένδρα
3619 4189 3732 4244 ἀπ’)

2151 4287 2317 4357 ῥιζῶν
2377 4287 2820 4357 ἀνεσπάσθησαν,
2876 4287 2970 4340 καὶ
2994 4285 3063 4338 τὰ
3095 4285 3322 4340 πετεινά
3367 4283 3460 4338 τοῦ
3490 4281 3729 4354 οὐρανοῦ

2147 4380 2522 4452 διεφθάρησαν
2549 4381 2619 4450 τῇ
2656 4379 2836 4448 ἐνδείᾳ
2866 4377 2966 4447 τῆς
2987 4377 3223 4448 τροφῆς.
3252 4372 3363 4430 Ἦν
3378 4376 3434 4432 δέ
3457 4392 3547 4445 μοι
3581 4373 3728 4443 λύπη

2152 4474 2366 4544 μεγάλη
2417 4472 2508 4525 διὰ
2561 4470 2656 4524 τδν
2691 4469 2878 4523 δοῦλον
2918 4468 3012 4522 τοῦ
3039 4468 3199 4536 Θεοῦ,
3256 4467 3389 4522 διότι
3419 4468 3629 4536 γυμνὸς
3657 4462 3730 4537 ἦν

2148 4565 2226 4635 τῷ
2264 4563 2480 4633 σώματι
2509 4561 2790 4625 παντελῶς
2823 4559 3200 4623 καὶάνέστιος,
3229 4559 3290 4611 οὑ
3321 4559 3526 4629 χιτῶνα
3558 4557 3727 4626 ἔχων,

464 4670 575 4709 non
617 4654 782 4709 breve
829 4651 1130 4720 palliolum,
1164 4661 1274 4704 non
1301 4659 1561 4713 Stoream,
1592 4665 1698 4706 non
1725 4659 1926 4706 vestem
1965 4650 2041 4706 ci-

2155 4654 2206 4706 οὑ
2239 4651 2581 4723 μαλοτίτκον,
2615 4652 2676 4704 οὑ
2711 4651 2952 4720 ψιάθιον,
2986 4650 3046 4703 οὑ
3075 4648 3330 4712 κιλίκιον,
3370 4652 3429 4703 οὐ
3456 4649 3728 4718 καλύὸηνο

464 4745 707 4808 ιίοῑπιοιιι,
753 4757 875 4814 qua:
905 4743 1193 4808 indueret;
1243 4755 1351 4807 non
1403 4741 1757 4810 tuguriolum,
1834 4756 1945 4810 quo
1993 4757 2052 4797 se

464 4838 750 4905 reciperet,
781 4835 1034 4889 habebat.
1074 4831 1348 4889 Versabar
1383 4833 1549 4904 igitur
1580 4834 1632 4886 in
1657 4833 1807 4888 luctu
1831 4849 1895 4887 ac
1920 4849 2054 4888 moe-

467 4942 589 4982 τοι-ο
623 4941 840 4998 magno,
874 4925 1037 4982 anxie
1093 4925 1362 4997 cogitans,
1396 4926 1526 4995 quid
1560 4923 1760 4984 laetum
1794 4926 1911 4994 ipso
1961 4941 2049 4980 es-

465 5025 571 5080 set,
603 5027 699 5072 aut
725 5033 829 5086 qua
850 5019 904 5072 iu
934 5018 1082 5072 urbis
1106 5026 1258 5087 parte
1282 5017 1505 5079 lateret;
1533 5015 1849 5086 suspicabar
1881 5017 2046 5070 etiam

465 5110 718 5174 subinde,
744 5110 856 5178 jam
885 5111 1052 5164 vitam
1078 5109 1301 5164 omnino
1333 5123 1456 5162 cum
1490 5121 1664 5162 morte
1707 5118 2041 5163 commutas-

467 5218 547 5259 se.
606 5197 880 5256 'l'enuerat
930 5202 1163 5257 violenta
1199 5203 1310 5255 haec
1364 5210 1656 5270 tempestas
1689 5201 1805 5254 dies
1836 5201 2038 5270 plures,

465 5309 593 5350 eum
660 5295 860 5364 elapsis
904 5293 1224 5364 septimanis
1248 5293 1483 5360 duabus,
1537 5294 1882 5348 cessantibus
1924 5302 2042 5347 tan-

464 5387 588 5440 dem
645 5383 1080 5454 ponentibusque
1133 5383 1327 5445 ventis,
1360 5399 1646 5453 progressa
1692 5385 1921 5439 multum
1957 5402 2045 5439 ve-

464 5493 646 5548 spera,
677 5478 746 5532 ad
773 5492 858 5532 me
883 5477 1361 5546 intratpraeelarns
1397 5477 1485 5531 hie
1514 5477 1839 5547 divinusque
1874 5477 2040 5547 pugil.

462 5569 758 5638 Obstupul,
822 5568 1097 5622 hominem
1169 5567 1437 5634 intuitus;
1495 5579 1546 5622 et
1617 5568 1762 5621 illico
1793 5584 2043 5639 surgens,

465 5677 591 5716 cum
648 5660 835 5716 osculo
881 5668 1073 5716 sancto
1121 5670 1176 5714 et
1233 5663 1482 5730 amplexu
1555 5660 1730 5727 ipsum
1788 5663 2042 5718 salutavi.

470 5743 826 5818 Posteaquam
880 5766 1005 5805 vero
1048 5751 1277 5808 multum
1319 5751 1580 5822 temporis
1633 5760 1821 5806 mutuo
1873 5753 2043 5808 amori

474 5839 744 5905 dedimus,
773 5843 902 5896 dicit
939 5843 1067 5898 mihi
1105 5845 1192 5900 ille
1245 5861 1257 5898 :
1285 5843 1700 5912 Cousideamus,
1727 5845 1922 5901 dilecte
1948 5847 2041 5909 mi,

2158 4746 2252 4798 καὶ
2304 4744 2551 4814 ὑπῆρχον
2600 4745 2659 4798 ἐν
2689 4741 2867 4812 θλίψει
2925 4741 3022 4796 καὶ
3071 4742 3232 4812 ὀδύνῃ
3265 4742 3498 4813 μεγάλῃ,
3537 4741 3591 4794 τί
3620 4742 3732 4810 ἄρα

2155 4838 2235 4899 είς
2281 4835 2444 4889 αὑτὸν
2489 4834 2736 4902 γέγονεν,
2761 4835 2795 4904 ἢ
2823 4835 2881 4888 ιν
2913 4835 3054 4904 ποίῳ
3081 4835 3317 4904 ὑπάρχει
3369 4835 3468 4902 τῆς
3495 4833 3729 4896 πόλεως’

2153 4927 2371 4992 εἴκαζον
2399 4929 2507 4997 γὰρ
2534 4927 2615 4980 ὅτι
2639 4928 2703 4979 έκ
2733 4926 2932 4989 παντὸς
2959 4926 3366 4995 τετελεύτηκεν.
3388 4923 3728 4994 Ἐκράτησεν

2151 5019 2242 5073 οῦν
2269 5021 2303 5089 ἡ
2330 5019 2421 5090 βία
2439 5018 2533 5072 τοῦ
2557 5017 2824 5090 χειμῶνος
2871 5018 2964 5072 ἐπὶ
2996 5019 3211 5088 ἡμέρας
3240 5017 3463 5079 πολλά;’
3498 5017 3639 5087 μετὰ
3671 5015 3727 5065 δὲ

2149 5112 2450 5183 ἑϐδομάδας
2497 5111 2613 5175 δύο,
2643 5109 2739 5163 τοῦ
2800 5110 3062 5180 μεγίστου
3129 5111 3334 5180 ἀνέμου
3371 5108 3719 5174 παυσαμένου

2151 5204 2245 5256 καὶ
2299 5203 2663 5271 λοφήσαντος,
2716 5202 2959 5272 ἑσπέρας
3013 5201 3182 5271 οὔσης
3214 5201 3454 5271 βαθείας,
3501 5199 3722 5268 ἔρχεται

2151 5296 2287 5366 πρῦς
2325 5311 2394 5362 με
2421 5297 2447 5346 ὁ
2476 5295 2720 5365 ἀοίδιμος
2778 5287 2935 5356 οὗτος
2969 5295 3061 5347 καὶ
3101 5293 3194 5346 τοῦ
3247 5293 3384 5346 Θεοῦ
3447 5292 3726 5362 θεράπων.

2163 5386 2304 5452 Ἐγὼ
2326 5386 2384 5440 δὲ
2408 5385 2533 5440 ἰδὼν
2584 5386 2750 5439 αὐτὸν
2776 5386 3002 5456 ἐξέστην
3033 5385 3110 5456 τῷ
3142 5384 3448 5455 πνεύματιο
3481 5384 3725 5444 ἀναστὰς

2149 5477 2242 5532 οὖν
2270 5475 2651 5548 περιεπλάκην
2679 5475 2850 5543 αὑτῷ,
2895 5475 3293 5544 ἀσπασάμενος
3319 5475 3398 5544 τῷ
3427 5474 3570 5544 ἁγίῳ
3640 5490 3733 5541 φι-

2157 5572 2373 5642 ·.ήματι.
2421 5570 2511 5630 Ὠς
2535 5569 2589 5621 δὲ
2609 5570 2701 5621 ἐπὶ
2722 5567 2921 5632 πολλὰς
2949 5563 3098 5638 ὥρας
3128 5571 3191 5639 τῇ
3219 5569 3415 5639 ἀγάπῃ
3445 5567 3732 5637 ὲνεκείμεο

2156 5647 2240 5728 δα,
2285 5664 2390 5731 ἔφη
2437 5678 2560 5731 μοι·
2587 5660 2808 5726 .“’Ᾱφες,
2843 5659 3223 5730 καθεσθιῖῳεν,
3283 5659 3536 5729 ἀγαπητέ
3601 5677 3730 5726 μου,

2150 5755 2500 5822 παυσάμενος
2521 5752 2632 5804 τῶν
2683 5750 2957 5821 δακρύων,
2983 5753 3078 5804 καὶ
3118 5752 3229 5823 ἔχω
3256 5754 3336 5804 σοί
3388 5768 3440 5805 τι
3470 5751 3732 5820 διηγήσαο

2155 5847 2296 5900 σθαι.
2343 5843 2715 5908 Καθεσθέντες
2767 5845 2847 5912 δὲ,
2899 5843 3044 5913 λέγει
3086 5830 3595 5917 χαριεντιζόμενος·
3622 5844 3728 5906 Θὲς
