4148 6432
411 438 520 498 669

1576 443 1756 506 VITA
1794 444 1856 504 S.
1900 443 2232 505 ΑΝΒΒΕιΕ
2269 442 2465 505 SALI.

3577 441 3686 504 (2'0

412 551 623 623 φοϐερᾷ
651 567 709 603 τι
734 552 894 625 ’χαρᾷ
933 554 1294 627 συνεχόμενος
1346 559 1598 631 ὑπῆρχον
1627 559 1690 614 ἐκ
1727 562 1829 633 τῆς
1860 560 1988 633 ⁴Ιιδυ-

2095 562 2233 618 adeo
2260 569 2319 615 ut
2345 575 2467 631 ego,
2498 574 2529 614 a
2553 557 2808 614 sensibus
2840 555 2952 612 fere
2972 556 3206 623 alienus,
3231 556 3392 627 longo
3437 564 3684 626 tempore

409 644 581 715 τάπης
613 645 844 710 εὐωδίας
885 646 1109 721 ικείνης
1153 651 1249 703 τοῦ
1298 650 1637 723 πνεύματος.

2101 652 2413 726 gratissima
2438 652 2558 723 ejus
2579 649 2867 706 dulcedine
2920 649 3151 707 miriﬁce
3204 649 3526 712 delectatus,
3551 664 3687 720 gau-

2099 741 2295 815 dioque
2317 741 2773 812 vehementi,’prae
2784 740 3128 811 iucunditate
3145 736 3453 810 fragrantia
3472 753 3503 792 e
3520 747 3682 793 vento

2098 836 2193 894 illo
2215 837 2894 909 provenientis,correptus
2920 834 3046 892 sim.

1872 970 2106 1035 CAPUT
2136 976 2204 1036 ν.

1293 1082 1549 1162 Ejusdem
1576 1090 1806 1150 aestatis
1832 1102 1883 1149 et
1913 1095 2148 1151 visorum
2173 1096 2490 1151 continuata
2523 1088 2792 1161 narratio.

481 1204 574 1260 λε’.
592 1199 682 1260 Ἐν
707 1204 894 1279 φρίκὲι
920 1202 1017 1264 καὶ
1034 1207 1145 1269 δέει
1173 1208 1485 1284 ἐξεστηκὼς
1506 1211 1567 1267 τὺ
1584 1211 1887 1283 παράδοξον
1900 1212 1997 1268 τοῦ

406 1299 760 1391 πράγματος,
796 1300 912 1365 πῶς
944 1302 1031 1355 ἐπ’
1083 1303 1209 1391 ἀμοὶ
1237 1303 1299 1356 τὸ
1347 1304 1596 1359 τοιοῦτον
1628 1305 1838 1373 ἀγαθὸν
1861 1323 2001 1375 συμ-ι-

405 1388 644 1461 ϐέϐηκεν
669 1392 995 1465 διενοούμην
1020 1410 1038 1428 ο
1073 1388 1357 1467 ὕπεστάλη
1378 1396 1436 1451 δὲ
1451 1393 1513 1450 τὸ
1540 1394 1761 1469 πνεῦμα
1790 1397 1851 1451 τδ
1878 1398 1999 1470 τρί-

401 1496 496 1536 τον
551 1484 750 1548 ἐκεῖνο,
819 1480 915 1538 καὶ
949 1482 1078 1558 σιγὴ
1137 1485 1372 1560 μεγίστη
1421 1486 1705 1560 παρευθὺς
1751 1487 1995 1558 ἐγένετο.

2168 1214 2260 1270 55.
2290 1215 2503 1273 interea
2531 1215 2686 1281 dum,
2724 1227 2883 1275 sacro
2939 1224 3066 1270 cum
3121 1212 3351 1269 horrore
3380 1218 3681 1270 nevrtatem

2099 1305 2177 1361 rei
2215 1306 2515 1374 admirans,
2553 1306 2864 1371 considero,
2893 1313 3003 1377 Quo
3046 1315 3208 1373 νεοιο
3253 1314 3401 1360 tanta
3434 1300 3569 1358 milii
3601 1302 3682 1358 τοι·

2097 1395 2277 1453 licitas
2327 1397 2638 1464 evenisset,
2671 1397 2913 1455 cessavit
2950 1397 2998 1454 is
3051 1410 3271 1467 quoque
3317 1395 3512 1453 tertius
3552 1409 3685 1450 ven-

2094 1498 2203 1557 tus,
2263 1498 2318 1546 et
2345 1505 2563 1546 summa
2583 1499 2806 1561 repente
2859 1488 3229 1560 tranquillitas
3265 1489 3496 1545 exstitit.
3535 1486 3684 1542 Pau-

417 1572 676 1639 Ὀδεύσας
723 1564 820 1631 οὖν
853 1575 1036 1646 ὀλίγον
1089 1576 1186 1632 τοῦ
1232 1579 1475 1650 περᾶσαι
1519 1597 1589 1652 με
1619 1579 1712 1634 τὸν
1746 1580 1988 1649 ποταμὸν

2093 1581 2208 1638 lum
2273 1581 2439 1653 igitur
2492 1596 2840 1655 progressus,
2884 1590 2944 1637 ut
2991 1580 3218 1641 ﬂuvium
3240 1580 3558 1643 transirem,
3591 1577 3684 1633 ubi

400 1668 631 1737 ικεῐνον,
667 1670 805 1740 πρὸς
859 1669 922 1723 τδ
953 1671 1159 1737 πλάτος
1222 1672 1468 1744 ἐχώρουν
1513 1670 1611 1729 τοῦ
1660 1675 1848 1746 κήπου
1893 1673 1992 1729 τοῦ

400 1759 564 1825 Θεοῦ,
618 1760 952 1833 ἀναθεωρῶν
973 1760 1037 1817 τὸ
1085 1763 1368 1836 ἄφραστον
1393 1766 1600 1829 πλάτος
1628 1765 1843 1821 ἑκείνου
1893 1764 1992 1820 τοῦ

2096 1676 2165 1733 ad
2201 1675 2478 1746 planitiem
2504 1675 2611 1732 late
2637 1675 2892 1733 diiiusam
2921 1674 3093 1730 divini
3124 1673 3283 1733 istius
3312 1673 3456 1729 horti
3490 1685 3687 1742 perve-

2094 1763 2192 1827 ni,
2250 1762 2669 1834 amplitudinem
2731 1764 2852 1833 ejus
2891 1762 3352 1832 inexplicabilem,
3389 1776 3559 1831 quam
3582 1758 3680 1830 qui

404 1842 854 1923 παντοκράτορος
902 1853 1066 1923 Θεοῦ,
1124 1856 1188 1912 τδ
1245 1857 1637 1925 πολυπλασίως
1663 1859 1988 1932 τεθησαυριε

2097 1861 2276 1925 potest
2301 1854 2489 1910 omnia
2524 1854 2671 1911 Deus
2706 1854 2995 1926 multiplici
3028 1854 3348 1917 ammnitate
3387 1852 3683 1914 ditaverat.

409 1942 609 2014 op.in
648 1944 851 2003 ἐκεῖσε.
912 1944 989 2001 Οὐ
1023 1947 1136 2019 γάρ
1167 1947 1276 2021 ἔχοι
1342 1949 1463 2016 πῶς
1515 1949 1658 2019 αὐτὰ
1680 1949 1750 2006 τὰ
1780 1952 1990 2021 πλούτη

397 2036 496 2092 τοῦ
526 2037 825 2105 Δεσπότου,
881 2039 1216 2113 ἀνθρωπίνῳ
1274 2042 1508 2114 στόματι
1535 2043 1927 2116 διηγήσασθαι,
1960 2045 1989 2098 ὃ

400 2145 487 2184 σοι
519 2129 877 2204 διηγήσομαι,
911 2132 1038 2204 φίλε
1090 2134 1186 2189 καὶ
1218 2132 1474 2206 ἀγαπητὲ
1501 2137 1561 2191 ὲν
1606 2137 1819 2213 Κυρίῳ.
1894 2128 1989 2203 Ὦς

395 2219 495 2281 οὖν
534 2226 737 2299 ειρηκα
774 2226 915 2300 πρὸς
966 2228 1030 2283 τὸ
1064 2227 1272 2293 πλάτος
1323 2232 1526 2307 χωρεῖν
1554 2248 1625 2303 με
1656 2231 1753 2285 τοῦ
1805 2231 1988 2302 κήπου

399 2317 639 2387 ἑκείνου,
686 2322 785 2375 καὶ
836 2319 1174 2391 ἀναθεωρεῖν
1228 2321 1367 2393 μετά
1412 2323 1522 2377 τῶν
1579 2322 1751 2393 ἀγίων
1795 2323 1988 2394 Ἀγια,

399 2411 513 2467 ἰδοὺ
561 2402 726 2467 πάλιν
778 2412 855 2477 ὥς
906 2413 1016 2467 ἀπὸ
1061 2412 1157 2469 τοῦ
1196 2414 1477 2487 ’Δρκτῴου
1511 2414 1719 2488 μέρους
1766 2416 1989 2486 πνεῦμα

396 2504 661 2559 ἔπνευσεν
709 2504 1090 2578 εὐωδεστάτην
1125 2498 1251 2579 ἔχον
1289 2506 1556 2578 ήδύτητα,
1598 2506 1675 2574 ὡς
1722 2508 1791 2563 τά
1858 2511 1991 2581 ῥόδα

402 2597 498 2651 καὶ
530 2596 600 2650 τά
654 2597 841 2670 κρίνα,
890 2595 1090 2671 χρῶμα
1115 2598 1172 2653 δὲ
1200 2599 1322 2671 ἔχον
1375 2600 1694 2671 πορφυροῦν
1739 2601 1873 2655 ὡσεὶ
1909 2603 1989 2657 ῑον

399 2689 727 2742 αἰκιστέονυ
793 2689 1128 2759 ὲκυμαίνετο
1174 2690 1231 2744 δὲ
1267 2689 1337 2744 τὰ
1388 2693 1531 2759 φυτά
1575 2692 1786 2758 ἐκεῖνα,
1840 2690 1985 2762 ὑπὲρ

403 2779 578 2851 μύρον
611 2779 706 2835 καὶ
764 2778 964 2851 μόσχον
990 2782 1091 2851 τὴν
1140 2774 1369 2837 εὐωδίαν
1402 2782 1783 2851 ἐκπέμποντα,
1808 2783 1844 2852 ἢ
1901 2799 1990 2846 τις

399 2860 489 2927 ἔδυ
533 2874 613 2935 είς
667 2872 766 2944 τὴν
817 2873 1051 2945 καρδίαν
1104 2884 1207 2945 μου
1241 2891 1256 2906 ο
1305 2874 1620 2945 ὀφθαλμοὺς
1655 2875 1714 2929 δὲ
1752 2876 1900 2939 οἴους
1924 2893 1988 2930 τε

404 2966 723 3039 ἐκεκτήμην
754 2965 831 3038 τῷ
869 2965 1017 3032 τότε,
1070 2967 1182 3020 εἴτε
1228 2967 1601 3038 σωματικοὺς,
1658 2968 1770 3022 εἴτε
1819 2983 1988 3022 πνευ-

403 3057 691 3126 ματικοῦς,
726 3057 754 3111 δ
814 3055 1094 3128 Δεσπότης
1144 3050 1441 3113 ἐπίσταται
1473 3074 1490 3090 °
1545 3059 1671 3129 ἐμοὶ
1712 3058 1768 3112 δὲ
1812 3075 1988 3130 παρε-

401 3146 621 3215 ιραίνετο
646 3150 725 3201 ὅτι
747 3150 882 3217 μετά
914 3148 1173 3219 σώματος
1200 3150 1318 3202 ἐκεῖ
1340 3149 1706 3221 παρέδρευον.
1746 3144 1989 3204 Ἔπειτα
2015 3188 2057 3245 c

397 3243 459 3296 ἐν
486 3239 566 3311 τῷ
593 3241 667 3312 μὴ
706 3238 846 3295 εἷναι
910 3239 1080 3314 βάρος
1109 3242 1168 3295 ἐν
1199 3240 1278 3312 τῷ
1320 3241 1532 3313 σώματί
1558 3258 1685 3312 μου,
1729 3240 1767 3294 ἀ
1791 3241 1990 3297 ἐπιθυ-

401 3333 535 3404 μίαν
561 3333 660 3388 τοῦ
715 3333 922 3406 ἰδέσθαι
966 3351 1040 3398 τι.
1073 3336 1107 3405 ἢ
1138 3333 1327 3405 ἕτερον
1373 3334 1434 3388 τὸ
1494 3333 1630 3406 πρὸς
1673 3329 1805 3404 ἦθος
1849 3334 1990 3405 λαμ-

397 3425 554 3479 ϐάνει
609 3424 670 3479 τδ
708 3426 834 3496 τῇδε
895 3426 1181 3498 σκήνωμα,
1221 3425 1517 3498 ἀνατρέπει
1557 3442 1625 3496 με
1667 3425 1696 3478 ὁ
1730 3424 1990 3498 λογισμὸς

396 3517 476 3581 ὡς
507 3519 570 3571 ἐκ
591 3518 686 3571 τοῦ
737 3517 990 3588 σώματος
1014 3519 1130 3582 τοῖς
1151 3517 1269 3570 ἐκεῖ
1303 3516 1785 3587 προσπεφυκέναι’
1817 3518 1867 3570 εί
1911 3517 1989 3588 μὴ

395 3612 556 3681 γάρὸ
599 3610 1043 3681 καρδιογνώστης
1068 3606 1163 3664 καὶ
1219 3608 1354 3677 Θεὸς
1416 3609 1734 3663 ἐπίσταται.
1773 3609 1861 3673 Ὠς
1892 3604 1988 3665 οὖν

394 3703 465 3756 τά
490 3702 668 3775 πλήθη
720 3703 829 3757 τῶν
864 3703 1049 3771 φυτῶν
1095 3704 1321 3756 ἐκείνων
1356 3703 1426 3773 τῇ
1471 3701 1733 3777 ἐπιπνοίᾳ
1763 3700 1859 3757 τοῦ
1890 3718 1987 3756 τε-

394 3795 600 3863 τάρτου
624 3797 830 3867 ἀνέμου
866 3794 1185 3866 παραδόξοις
1233 3794 1591 3865 ὲκυμαίνετο,
1638 3794 1734 3848 καὶ
1759 3793 1987 3866 ἀπήχιι,

398 3887 495 3941 καὶ
530 3886 692 3957 μέλος
720 3886 951 3956 τερπνὸν
979 3886 1369 3959 προεϐάλοντο,
1398 3886 1562 3945 πάλιν
1595 3905 1666 3958 με
1695 3889 1730 3957 ἡ
1751 3888 1989 3959 εὐοσμία

401 3979 794 4051 κατέπληττεν,
821 3978 916 4031 καὶ
946 3978 980 4050 ἡ
1011 3977 1213 4049 ήδύτης
1242 3977 1332 4033 διὰ
1355 3978 1458 4049 τῆς
1514 3977 1842 4051 ὀσφρήσεώς
1878 3998 1982 4053 μου

398 4071 769 4125 εἰσπίπτουσα
825 4068 1114 4137 ἐξίσασθαί
1169 4086 1236 4140 με
1291 4068 1524 4123 ἐποίει·
1596 4070 1837 4143 ἱστάμην
1890 4070 1988 4126 οὖν

395 4162 577 4227 εννεδς
605 4164 666 4219 ὲν
706 4160 1009 4236 ἀπορρήτῳ
1061 4161 1228 4236 αἴγλῃ
1262 4160 1405 4231 ἔχων
1442 4161 1537 4216 τὸν
1572 4162 1703 4219 νοῦν
1769 4162 1986 4221 εἰσδυό-

402 4271 591 4327 μενον.

2088 1945 2457 2002 censideravi.
2494 1946 2562 2003 Et
2612 1962 2746 2003 sane
2774 1947 3017 2018 cupienti
3051 1945 3180 2000 mihi
3203 1944 3426 2001 divitias
3456 1942 3671 2003 Domini

2095 2051 2359 2092 enarrare
2381 2038 2632 2094 citaritati
2652 2048 2865 2106 vestrm,
2899 2038 2953 2095 in
2988 2046 3225 2097 mentem
3256 2050 3364 2093 non
3394 2035 3688 2105 venit,quo

2091 2126 2145 2184 id
2184 2139 2344 2199 pacto
2380 2130 2616 2186 humana
2651 2130 2834 2202 lingua
2889 2129 3223 2187 exsecutioui
3285 2128 3561 2198 mandem.
3584 2124 3688 2182 Dee

2086 2219 2339 2274 veniente
2395 2235 2482 2274 me
2536 2218 2719 2289 igitur,
2788 2218 2863 2273 uti
2920 2219 3129 2275 dictum
3176 2227 3280 2285 est,
3335 2219 3404 2273 ad
3460 2218 3683 2287 planam

2089 2322 2272 2364 aream
2324 2309 2497 2375 illam,
2529 2319 2583 2365 et
2653 2311 2854 2367 Sancta
2890 2320 3206 2367 sanctorum
3256 2308 3686 2379 c'ontemplante.

2091 2412 2221 2454 ecce
2253 2398 2394 2453 alius
2437 2414 2657 2455 rursum
2685 2408 2933 2455 ventuse
2966 2399 3123 2477 plaga
3181 2398 3389 2455 boreali
3425 2397 3688 2467 aspiravit

2091 2505 2216 2545 cunt
2237 2489 2640 2562 iucundissima
2665 2489 2983 2563 fragrantia,
3043 2490 3262 2562 qualem
3293 2504 3434 2545 rosae
3467 2489 3688 2557 liliaque

2089 2582 2268 2637 solent
2303 2597 2586 2654 spargere,
2646 2600 2711 2639 ac
2773 2598 3050 2654 purpureo
3083 2583 3287 2648 colore,
3319 2581 3500 2652 qualis
3545 2583 3688 2635 solet

2089 2670 2270 2728 inesse
2314 2673 2497 2728 violis.
2529 2664 2674 2730 Hinc
2708 2674 2903 2745 planta:
2936 2689 3157 2733 rursum
3200 2672 3432 2743 crispari
3456 2681 3683 2741 emptae,

2091 2762 2315 2818 odorem
2376 2766 2725 2831 exhalarunt,
2776 2777 3053 2837 unguento
3083 2778 3377 2833 muscoque
3419 2770 3684 2834 praest

2091 2853 2306 2923 liorem,
2331 2857 2424 2928 qui
2455 2859 2521 2913 ad
2547 2856 2742 2915 intima
2769 2874 2890 2915 mea
2925 2860 3134 2915 viscera
3172 2857 3509 2929 penetrabat.
3536 2856 3685 2924 Qua-

2090 2945 2225 3001 iiutn
2279 2958 2461 3003 autem
2523 2952 2812 3007 oculorum
2870 2951 3135 3008 beneﬂcio
3182 2950 3372 3006 istlttee
3399 2958 3685 3005 assecutus

2091 3053 2236 3107 sum,
2300 3040 2743 3112 corporaliumne
2802 3060 2872 3101 an
2924 3060 3052 3100 vero
3091 3043 3481 3116 spiritualium.
3542 3042 3686 3098 Deus

2091 3137 2198 3191 scit
2251 3135 2436 3190 :mihi
2490 3144 2640 3193 certe
2703 3136 2820 3208 ipse
2876 3135 3102 3192 videbar
3163 3132 3522 3205 corporaliter
3562 3132 3686 3189 istic

2092 3228 2321 3292 versari.
2389 3227 2461 3284 At
2526 3238 2711 3299 postea
2739 3243 2864 3284 cum
2896 3228 2953 3283 in
2999 3241 3227 3298 corpore
3252 3240 3374 3282 tneo
3406 3240 3514 3280 non
3536 3223 3685 3281 sensi

2093 3321 2309 3391 pondus
2328 3321 2573 3381 solitum.
2606 3328 2700 3375 aut
2725 3319 3230 3391 concupiscentiam
3254 3317 3474 3375 videndi
3515 3316 3682 3388 quid»

2091 3415 2261 3485 piant,
2317 3422 2410 3468 aut
2438 3413 2585 3468 aliud
2611 3413 2756 3484 quod
2789 3412 2928 3469 solet
2954 3413 3006 3467 in
3053 3410 3307 3482 praesenti
3339 3410 3454 3465 vita
3485 3409 3669 3465 taber-

2093 3505 2351 3561 naculum
2399 3519 2646 3561 nosurum
2673 3505 3000 3575 deprimere,
3031 3502 3134 3558 alia
3164 3502 3302 3558 milii
3331 3499 3592 3572 cogitatio
3628 3498 3684 3554 in

2091 3607 2329 3652 mentem
2362 3598 2531 3665 venit,
2553 3597 2763 3652 scilicet
2805 3605 2958 3650 extra
2991 3609 3192 3666 corpus
3234 3608 3321 3649 me
3342 3592 3554 3649 deliciis
3576 3591 3684 3647 illis

2090 3687 2317 3743 i'ruitum
2384 3687 2775 3760 iuisse:quod
2827 3704 2896 3743 an
2950 3690 3023 3743 ita
3073 3688 3166 3753 sit,
3200 3687 3350 3742 novit
3399 3686 3564 3753 Deus,
3586 3684 3682 3753 qui

2089 3778 2352 3849 perspicit
2406 3779 2665 3834 interiora
2715 3780 2916 3834 cordis.
2986 3778 3125 3833 Cum
3160 3777 3325 3852 igitur
3368 3775 3685 3848 frequentes

2089 3872 2196 3928 illat-
2248 3873 2447 3941 plantae
2502 3871 2713 3941 allapsu
2781 3870 2961 3941 quarti
3006 3868 3153 3925 venti
3223 3868 3384 3924 modo
3446 3867 3685 3922 mirabili

2090 3973 2456 4031 metarentur,
2517 3974 2830 4033 sonumque
2855 3962 3080 4017 ederent
3108 3975 3173 4017 ac
3190 3961 3365 4016 melos
3391 3958 3685 4029 iucundis»

2087 4058 2287 4113 simum
2348 4065 2703 4129 promerent;
2738 4058 2934 4111 iterum
2957 4054 3148 4111 odoris
3170 4053 3483 4124 praestantia
3498 4051 3687 4123 singu-

2088 4148 2221 4203 laris
2283 4161 2368 4202 tne
2414 4146 2664 4216 perculit,
2708 4146 3062 4213 suavitasque
3127 4142 3393 4199 mirabilis
3467 4156 3565 4212 per
3604 4141 3684 4198 uls

2088 4237 2266 4293 factus
2297 4237 2401 4290 mei
2443 4250 2652 4307 organa
2689 4235 2880 4305 illapsa
2907 4236 3094 4289 animo
3142 4246 3421 4304 stuporem
3439 4233 3680 4291 induxit.

2088 4330 2317 4386 Btabam
2362 4330 2549 4400 itaque
2578 4344 2608 4383 a
2634 4329 2891 4384 sensibus
2949 4328 3186 4393 alienus,
3225 4327 3376 4385 intus
3394 4335 3572 4383 autem
3597 4342 3687 4382 ars

2084 4437 2220 4479 cana
2253 4423 2487 4493 quadam
2516 4421 2637 4478 luce
2663 4422 2943 4493 perfusus.

467 4528 567 4592 λς’.
586 4525 772 4582 Ταῦτα
792 4526 971 4580 τοίνυν
997 4525 1159 4597 ὀρῶν,
1187 4523 1849 4597 εὐφραινὸμην⁹μεγάλως,
1878 4522 1974 4581 καὶ

2153 4513 2244 4569 36.
2276 4514 2436 4571 Hisce
2476 4513 2681 4568 fruitus
2722 4514 2907 4569 laetitia
2940 4512 3190 4583 replebar
3216 4527 3437 4584 magna,
3478 4521 3684 4584 gestie-

398 4619 668 4692 1ηλὸιλαξεν
719 4622 753 4689 ἠ
805 4616 1000 4689 καρδία
1054 4635 1180 4688 μου,
1211 4618 1307 4671 καλ.
1344 4617 1641 4687 ἠγαλλιᾶτο
1666 4618 1729 4671 τὸ
1755 4616 1976 4689 πνεῦμά

403 4730 526 4782 μου.
559 4712 964 4780 Ἦσυχάσαντο;
989 4708 1047 4762 δὲ
1078 4708 1171 4763 καὶ
1199 4707 1294 4761 τοῦ
1321 4707 1585 4776 τετάρτου
1644 4706 1979 4777 πνεύματος,

398 4805 584 4875 θαῦμα
647 4804 880 4874 φοϐερὸν
929 4803 1026 4856 καὶ
1079 4796 1380 4872 παράδοξον
1431 4797 1623 4870 ἑώρων
1685 4797 1798 4871 (59.)
1835 4803 1853 4829 ⁸
1884 4797 1983 4852 ἐπὶ

400 4894 656 4949 τοσοῦτον
717 4895 825 4964 γὰρ
882 4893 1074 4965 χρόνον
1127 4893 1245 4947 ἐκεῖ
1290 4907 1392 4959 μου
1441 4888 1837 4962 διατρίϐοντος,
1871 4887 1971 4955 νὺξ

400 4986 652 5058 οὐδαμῶς
677 4986 959 5059 κατεφάνη
995 5002 1108 5055 μοι,
1145 4982 1260 5037 ἀλλ’
1288 4977 1358 5054 ἦν
1400 4980 1683 5051 ἀδιάδοχον
1712 4980 1851 5051 φῶς,
1884 4981 1981 5035 καὶ

395 5082 541 5153 χάρά
567 5081 659 5135 καὶ
685 5079 822 5150 ζωὴ,
870 5078 1198 5150 λαμπρότης
1257 5075 1355 5133 καὶ
1406 5074 1578 5146 πολλὴ
1626 5073 1978 5143 ἀγαλλίασις,

395 5175 433 5228 ὃ.
462 5193 587 5229 τινα
632 5173 864 5227 ἔϐλεπον
893 5173 1094 5226 ἐκεῖσε.
1157 5170 1314 5226 Μετά
1375 5168 1551 5222 ταῦτα
1587 5165 1846 5230 Εκστασίς
1883 5183 1975 5237 μοι

399 5263 657 5328 ἐπέπεσε,
706 5264 804 5318 καὶ
832 5261 1015 5317 ἑννεοῦ
1065 5279 1168 5327 μου
1227 5260 1515 5329 γεγονότος
1563 5258 1723 5329 ῷμην
1752 5257 1977 5311 ἑστάναι

398 5356 467 5423 τῇ
512 5354 716 5427 θεωρίᾳ
750 5356 935 5409 ἐπάνω
996 5352 1091 5408 τοῦ
1141 5350 1526 5423 στερεὼματος
1562 5348 1662 5402 τοῦ
1720 5349 1981 5419 οὐρανοῦ,

399 5445 496 5499 καί
522 5461 607 5506 τις
632 5444 743 5517 (53)
764 5444 1130 5517 χλαινηφόρος
1161 5443 1383 5506 νεανίας
1445 5441 1693 5511 προῆγεν
1730 5457 1858 5510 μου,
1918 5430 1982 5493 οὗ

394 5539 459 5591 τὸ
493 5536 789 5610 πρόσωπον
827 5539 905 5604 ὡς
936 5538 1089 5610 ἥλιος
1110 5536 1378 5607 ἔλαμπενο
1406 5531 1661 5604 ἐνόμιζον
1692 5531 1751 5586 δὲ
1786 5529 1978 5585 τοῦτον

467 5693 585 5765 (52)
618 5695 721 5752 Ms.
756 5696 1080 5753 Vaticanum
1109 5694 1192 5750 ἔτι
1246 5693 1342 5762 νὺξ
1373 5689 1783 5765 ἐπὶῌτοςοῦτον
1804 5686 1986 5765 ὑπάρς

396 5757 921 5901 ξζξτιξίξήξὺδαμῶς
958 5769 1245 5840 κατεφάνη
1291 5757 1404 5837 μοι.
1435 5763 1573 5819 ἀλλά
1609 5757 1804 5832 ἦν.μοι
1841 5757 1984 5831 χαρά

2090 4610 2215 4664 bam
2248 4608 2459 4679 animo,
2492 4616 2546 4661 et
2574 4606 2917 4662 exsultaltam
2948 4605 3164 4673 spiritu.
3213 4604 3473 4660 Cessante
3501 4612 3680 4658 autem

2086 4708 2141 4755 et
2168 4709 2368 4768 quarto
2395 4707 2584 4763 vento,
2618 4696 2924 4766 prodigium
2962 4695 3261 4749 maximum
3282 4703 3338 4748 et
3360 4692 3685 4749 admirabile

2086 4792 2373 4849 observavi
2408 4798 2565 4845 :toto
2609 4787 2754 4844 enim
2786 4802 2898 4858 quo
2929 4786 3053 4843 istic
3095 4794 3345 4841 versatus
3382 4800 3502 4841 sum
3544 4793 3684 4839 teme

2086 4898 2242 4954 pore,
2300 4881 2450 4937 nulla
2498 4879 2751 4936 incubuit
2794 4893 2901 4933 nox
2927 4878 3058 4943 ,sed
3091 4886 3349 4947 perpetua
3396 4876 3532 4931 luxit
3562 4876 3682 4932 sine

2089 4971 2470 5027 vicissitudine
2534 4971 2690 5034 dies.
2767 4977 2993 5038 eratque
3056 4965 3324 5036 quidquid
3386 4964 3681 5030 videbam,

2091 5066 2350 5137 gaudium
2405 5074 2461 5121 et
2480 5066 2591 5121 vita
2622 5070 2679 5120 et
2732 5062 2990 5134 splendor
3019 5069 3071 5115 et
3094 5058 3393 5125 exsultatio
3420 5057 3678 5129 plurima.

2089 5156 2217 5212 Post
2246 5156 2358 5211 haec
2377 5171 2408 5210 a
2439 5152 3041 5212 sensibusinexstatim
3067 5150 3347 5221 abreptus,
3368 5151 3518 5207 visus
3547 5148 3680 5204 mihi

2085 5263 2207 5302 sum
2233 5260 2398 5317 supra
2446 5245 2849 5301 ﬁrmamentum
2884 5244 3006 5299 coeli
3041 5244 3342 5298 consistere
3373 5280 3390 5307 ,
3456 5239 3674 5311 putavi-

2084 5353 2191 5406 que
2243 5337 2521 5408 juvenem,
2572 5335 2803 5392 delicata
2867 5336 3119 5391 indutum
3167 5332 3385 5404 penula,
3446 5319 3511 5386 ac
3538 5329 3679 5386 facie

2086 5429 2262 5485 instar
2285 5429 2418 5484 solis
2446 5428 2746 5484 radiantem
2780 5428 2966 5499 (quem
2990 5442 3090 5498 ego
3113 5425 3332 5498 quidem
3359 5439 3466 5479 non
3507 5422 3676 5477 alium

2084 5521 2351 5594 opinabar
2406 5536 2552 5585 esse,
2595 5535 2761 5576 uuam
2793 5518 2889 5591 qni
2946 5518 3141 5575 faciem
3176 5531 3351 5573 meam
3391 5529 3546 5571 ramo
3573 5513 3672 5571 lio-

2163 5683 2277 5755 (53)
2329 5680 2725 5753 Χλαινηφόρος.
2750 5750 2763 5755 _
2797 5678 3119 5755 Ifeuulatus,
3164 5692 3194 5732 a
3222 5676 3416 5755 χλαῖνα
3454 5687 3673 5755 penula,

2092 5747 2325 5812 forsitan
2382 5747 2564 5808 anteiri
2616 5747 2651 5805 ιι
2715 5750 2909 5822 χλαῖνα
2969 5752 3168 5807 dicitur
3233 5748 3465 5802 latinum
3516 5747 3676 5810 larua,

2092 5826 2300 5897 nbjccta
2330 5824 2498 5895 priori
2527 5823 2727 5878 littera.
3220 5860 3223 5863 .
