4148 6478
427 406 531 472 671

1481 403 1530 467 N
1545 409 1556 466 Ι
1570 402 1911 470 (ΞΕΙἾΙΟΚΙ
1953 400 2429 470 PRESBYTER
2471 408 2583 467 GP.

3584 406 3697 470 672

433 522 613 589 rigere
670 520 979 589 percussit,
1028 521 1249 592 quando
1273 536 1382 592 prae
1444 521 1645 592 frigore
1674 519 2015 589 deiiciebam)

2135 510 2264 579 εἶναι
2290 519 2381 571 τὸν
2437 517 2688 588 τύψαντά
2751 535 2855 589 μου
2881 519 2939 573 τὸ
2964 521 3252 591 πρόσωπον
3274 519 3351 591 τῷ
3385 519 3704 590 ἀνθεσφόρῳ

436 612 696 666 ducatum
727 612 859 666 mihi
893 616 1174 682 prmslare,
1198 624 1250 669 et
1301 613 1594 683 praecipere
1634 612 1852 668 famulis
1883 612 2020 674 suis,

435 713 492 757 ut
521 719 609 758 me
643 704 751 758 alio
778 705 1157 760 transferrent.
1204 704 1467 760 Ducatum
1515 705 1679 776 igitur
1732 710 2023 775 praestante

438 795 569 849 mihi
592 795 705 861 illo,
730 812 858 850 ecce
878 796 1122 851 occurrit
1147 794 1539 865 magnitudinis
1565 796 1844 851 immensae
1865 810 2021 859 crux,

439 888 614 941 instar
663 888 815 943 iridis
874 889 926 942 in
957 888 1196 943 nubibus
1226 889 1576 959 apparentis,
1632 898 1853 959 aspectu
1915 886 2025 941 for-

445 993 621 1042 mosa,
688 988 924 1047 quatuor
975 980 1110 1033 velis
1167 980 1366 1034 nubem
1396 979 1632 1034 lucidam
1660 977 2027 1034 referenttbus

438 1071 644 1124 circum
694 1071 921 1124 obtonsa
950 1087 966 1124 :
1000 1086 1233 1140 quorum
1295 1072 1421 1127 bina
1479 1071 1621 1142 ignei
1681 1070 1882 1127 coloris
1915 1086 2022 1125 non

442 1173 605 1214 secus
662 1174 727 1212 ae
786 1159 969 1227 fulgur
1016 1161 1401 1224 coruscabant,
1429 1160 1531 1215 alia
1567 1154 1695 1216 bina
1748 1161 1857 1214 nivi
1886 1159 2021 1212 nihil

436 1250 676 1305 candore
705 1252 988 1306 cedebant.
1046 1250 1280 1307 Crucem
1319 1253 1613 1325 cingebant
1675 1252 1870 1307 musici
1914 1250 2027 1306 for-

441 1328 602 1407 mesi,
645 1352 857 1397 statura
886 1347 1119 1413 proceri,
1166 1346 1438 1414 splendidi
1466 1345 1622 1415 quasi
1670 1344 1785 1403 lux.
1816 1343 2028 1412 fulgen-

442 1434 684 1489 tissimos
740 1437 925 1491 radios
982 1451 1047 1489 ex
1080 1437 1255 1491 oculis
1290 1436 1603 1492 evibrautcs
1631 1477 1645 1498 ,
1674 1434 2027 1505 promebant—

450 1532 557 1592 que
615 1535 939 1580 concentum
968 1528 1354 1584 suavissimum
1384 1529 1437 1583 in
1474 1529 1701 1599 gratiam
1733 1526 2023 1581 Cruciﬂxi.

447 1614 695 1685 Cumque
744 1619 1038 1687 penulatus
1070 1619 1179 1676 dux
1218 1637 1375 1676 meus
1401 1621 1528 1676 illac
1577 1620 1852 1685 transiret,
1875 1619 2030 1673 exiti-

446 1705 562 1760 bit:
591 1711 896 1763 reverentia
928 1711 1186 1767 salutavit
1220 1729 1463 1777 crucem,
1494 1714 1739 1784 mihique
1795 1716 1935 1770 idem
1966 1721 2028 1770 ut

2126 609 2304 679 κλάδῳ
2334 611 2546 679 ἐκείνῳ,
2602 610 2914 681 ἡνίκα,ἀπὸ
2969 613 3066 667 τοῦ
3122 611 3328 683 ψύχους
3369 611 3704 667 ἐτελεύτωνο

2126 703 2223 754 καὶ
2277 701 2441 764 αὐτὸς
2486 702 2773 756 ἐκέλευσεν
2825 704 2954 768 τοὺς
3026 704 3310 776 ὑπηρέτας
3381 704 3548 758 αὐτοῦ
3607 703 3706 758 τοῦ

2128 793 2364 861 μετᾶραί
2407 810 2495 862 με.
2552 792 2638 856 Ὧς
2681 793 2775 848 οῦν
2801 787 2955 857 οὗτός
2998 812 3103 864 μου
3137 795 3348 867 προῆγε
3381 796 3588 866 βλέπω,
3613 800 3709 854 καὶ

2128 881 2238 935 ιδοῦ
2272 883 2506 953 σταυρὸς
2561 884 2757 952 μέγας,
2808 884 3042 955 φοδερὸς
3085 885 3181 940 καὶ
3205 885 3411 957 ὡραῖος
3441 892 3487 919 ’⁸
3509 891 3574 959 τῇ
3606 886 3708 960 θέᾳ

2125 973 2379 1044 καθάπερ
2429 973 2585 1039 τόξον
2633 973 2821 1050 ὅτανῇ
2871 978 2928 1029 ὲν
2948 979 3017 1048 τῇ
3076 978 3280 1051 νεφέλῃ
3314 980 3709 1050 ἐχρημάτιζεν,

2126 1065 2221 1118 καὶ
2281 1065 2524 1137 τέσσαρα
2582 1068 3061 1138 καταπετάσματα
3086 1069 3275 1142 κύκλῳ
3307 1070 3474 1125 αὐτοῦ
3507 1071 3710 1144 νεφέλη

2127 1159 2363 1228 φωτεινῇ
2390 1158 2625 1225 ἐοικότα,
2650 1159 2717 1211 τά
2755 1159 2853 1231 μὲν
2878 1160 2971 1213 δύο
3008 1161 3266 1232 πυρῥάκη
3309 1163 3387 1229 ὡς
3419 1163 3710 1234 ἀστραπῆς

2127 1238 2266 1312 εἶδος
2296 1249 2705 1320 ἀστράπτοντα,
2735 1251 2801 1305 τὰ
2834 1250 2890 1306 δὲ
2923 1244 3058 1308 ἄλλα
3103 1253 3274 1309 λευκὰ
3303 1254 3380 1318 ὡς
3411 1256 3542 1326 χιών
3563 1274 3575 1287 ·
3613 1255 3711 1311 κύ-

2129 1341 2241 1412 κλῳ
2269 1343 2327 1399 δὲ
2356 1342 2523 1398 αὑτοῦ
2554 1341 2907 1415 εἱστήκεισαν
2929 1346 3280 1416 μελῳδισταὶ,
3306 1347 3520 1420 ὡραῖοι,
3538 1350 3709 1416 εὐμε-

2126 1436 2329 1505 γέθεις,
2363 1434 2455 1489 καὶ
2500 1432 2687 1490 λευκοὶ
2727 1436 2802 1500 ὥς
2845 1437 2960 1506 φῶς
3002 1441 3463 1510 χρηματίζοντες,
3499 1458 3714 1512 πυραυ-

2124 1527 2411 1598 γεστάτοις
2434 1528 2649 1585 ἀκτῖσιν
2680 1529 2789 1583 ἀπὸ
2813 1530 2922 1583 τῶν
2946 1528 3248 1602 ὀφθαλμῶν
3292 1535 3713 1603 ἀπαστράπτονε

2126 1638 2239 1682 τες.
2275 1621 2364 1683 Ὠς
2389 1618 2482 1674 οὖν
2508 1614 2654 1675 οὗτοι
2711 1618 2873 1692 μέλος
2906 1641 2956 1677 τι
2983 1625 3081 1696 ἡδὺ
3107 1624 3297 1680 ἕνεκεν
3319 1624 3417 1679 τοῦ
3457 1643 3715 1699 σταυρω-

2130 1712 2317 1777 θέντος
2366 1708 2696 1782 ύπέψαλλον,
2724 1718 2750 1768 ὁ
2784 1713 2995 1783 ὁδηγῶν
3063 1734 3128 1785 με
3161 1716 3529 1790 χλαινηφόρος
3568 1718 3716 1788 διερο

441 1795 678 1853 facerem
706 1809 840 1855 nutu
874 1798 1135 1857 indicavit
1166 1803 1420 1876 :fecique
1463 1806 1562 1871 ita,
1607 1816 1828 1862 secutus
1849 1821 2030 1861 exeru-

2135 1802 2358 1873 χὸμενος
2406 1798 2496 1854 τὸν
2553 1800 2787 1873 σταυρὸν
2815 1841 2831 1866 ,
2895 1805 3335 1875 κατησπάσατο,
3384 1804 3604 1861 ἔνευσεν
3651 1804 3714 1859 δὶ

444 1891 597 1959 plum
619 1892 779 1946 ducis
805 1933 821 1958 ,
861 1904 917 1948 et
948 1896 1211 1951 continuo
1241 1871 1430 1952 mellea
1462 1899 1696 1969 quadam
1746 1899 2031 1954 duICedine

2137 1871 2307 1964 κάμοὶ⁷
2354 1891 2512 1945 τοῦτο
2568 1871 2836 1962 ποιησαι·
2899 1890 2994 1949 καὶ
3023 1871 3112 1964 -δὴ
3170 1888 3484 1951 ἀκολουθῶν
3534 1897 3710 1968 αὐτῷ,

444 1981 659 2051 impleri
700 1999 788 2038 me
830 1987 1000 2053 sensi,
1062 1988 1265 2060 talique
1304 1991 1535 2045 odorum
1601 1987 1898 2063 fragrantia
1952 2006 2036 2046 re-

442 2075 644 2142 creari,
677 2077 891 2146 qualem
936 2094 1116 2150 neque
1152 2083 1205 2137 in
1241 2083 1359 2153 ipso
1405 2082 1840 2153 fragrantissimo
1868 2084 2026 2141 horto

447 2162 763 2224 olfeceram.
821 2168 1023 2226 Deinde
1086 2173 1275 2229 oculos
1328 2172 1643 2242 deﬂectens,
1701 2175 2035 2246 deprehendi

447 2252 589 2308 infra
639 2270 742 2312 nos
772 2261 930 2328 quasi
978 2264 1146 2318 maris
1196 2266 1472 2337 abyssum,
1512 2268 1762 2338 ccepique
1791 2268 1920 2324 totis
1951 2284 2039 2322 ar-

452 2346 617 2400 tubus
676 2351 1121 2430 contremiscere,
1144 2368 1209 2409 ac
1247 2357 1420 2412 vereri
1453 2372 1521 2413 ne
1562 2356 1700 2414 forte
1733 2354 1864 2414 illuc
1894 2375 2035 2427 prae-

448 2450 577 2504 ceps
606 2454 842 2496 ruerem.
885 2442 1250 2510 Quamobrem
1289 2450 1592 2507 inclamans
1613 2451 1806 2508 ducem
1828 2466 2034 2519 meum,

453 2529 568 2583 dixi
602 2548 617 2584 :
657 2531 887 2590 Domine
934 2535 1007 2591 mi
1061 2539 1278 2606 ductor,
1324 2556 1451 2598 ecce
1480 2543 1644 2598 veluti
1668 2560 1830 2615 supra
1866 2544 2037 2600 nubes

451 2621 693 2686 auibulo,
723 2632 777 2678 et
808 2632 950 2680 metu
982 2639 1263 2700 correptus
1299 2648 1419 2686 sum
1438 2634 1587 2704 gravi
1621 2656 1634 2692 :
1677 2649 1869 2690 vereor
1904 2650 2036 2690 sane

451 2714 667 2769 tametsi
695 2716 886 2771 leniter
923 2719 1194 2787 incedam,
1222 2738 1396 2779 neme
1424 2736 1642 2795 portare
1680 2741 1789 2781 non
1824 2727 2035 2797 possint

449 2804 575 2869 illm,
590 2815 642 2860 et
667 2823 795 2863 casu
833 2812 1092 2882 praecipiti
1123 2815 1246 2871 hinc
1279 2818 1331 2870 in
1371 2830 1537 2886 aquas
1563 2817 1837 2887 subjectas
1860 2819 2022 2871 ferat.

2132 1984 2478 2056 ἠσπασάμην
2510 1982 2708 2038 αὐτόν.
2752 1981 2842 2048 Ὠς
2880 1980 2974 2038 οῦν
3025 1984 3367 2058 ἠσπασάμην
3403 1988 3465 2043 τὸ
3506 1991 3709 2062 πυρῤί-

2129 2071 2221 2140 ζον
2252 2078 2432 2128 ἐκεῖνο
2453 2075 2628 2146 τίμιον
2656 2076 2831 2141 ξύλον,
2856 2076 3078 2149 πνεῦμά
3098 2096 3151 2132 τι
3186 2079 3401 2149 μέλιτος
3424 2081 3717 2147 ἀνάπλεως

2129 2168 2349 2237 γέγονα,
2409 2166 2502 2220 καὶ
2542 2165 2771 2231 εὐωδίας
2829 2167 3292 2241 πλησθεὶςνοῖαν
3352 2171 3475 2226 οὐδὲ
3513 2171 3574 2226 tv
3635 2172 3727 2243 τῷ.

2131 2259 2451 2330 Παραδεὼῳ
2496 2258 2849 2330 ὠσφράνθην.
2907 2260 3244 2331 Ἀναϐλέψας
3274 2260 3332 2316 δὲ
3354 2265 3466 2327 τοῖς
3512 2260 3717 2331 ὀφθαλ-

2141 2350 2267 2421 μοίς.
2298 2367 2399 2420 μου
2431 2347 2752 2421 ἑώρων,καὶ
2785 2344 2897 2404 [Bob
2932 2352 3191 2407 ὑποκάτω
3204 2354 3361 2424 ἡμῶν
3376 2354 3511 2410 ὡσεὶ
3542 2356 3715 2414 ἀδυσ-

2142 2454 2235 2503 σος
2265 2439 2567 2510 θαλάασης,
2603 2441 2697 2493 καὶ
2729 2441 2935 2511 τρόμος
2970 2441 3278 2498 άπελάόετὸ
3314 2462 3438 2515 μου,
3471 2453 3567 2500 καὶ
3596 2450 3718 2517 ὲφου

2140 2528 2315 2600 δήθην
2361 2531 2433 2601 μή
2487 2528 2609 2583 ποτ’
2647 2532 2763 2583 ἐκεῖ
2814 2531 3236 2604 ὁλισθήσωμαι’
3292 2534 3570 2606 δκέκραξα
3623 2528 3720 2594 οῦν

2143 2620 2280 2692 πρὸς
2303 2621 2396 2675 τὸν
2441 2620 2746 2691 ὁδηγοῦντά
2772 2639 2864 2693 με,
2884 2623 2981 2677 καὶ
3006 2619 3182 2688 εἶπον,
3218 2625 3397 2698 Κύριέ
3429 2645 3523 2697 μοι
3554 2626 3719 2699 ὁδηγὲ

2143 2724 2268 2784 μου,
2319 2713 2427 2765 ἰδοὺ
2472 2711 2548 2775 ὡς
2604 2713 2697 2765 ἐπὶ
2753 2715 2985 2783 νεφέλης
3039 2715 3367 2787 πορεύομαι,
3422 2719 3521 2773 καὶ
3548 2719 3722 2793 δειλίᾳ

2143 2802 2474 2875 συνεσχέθην
2511 2844 2526 2869 ,
2579 2805 2911 2875 πτοούμενος
2972 2808 3074 2878 τὴν
3125 2808 3378 2864 ἐντεῦθεν
3447 2807 3722 2865 ἔκπτωσιν

450 2897 655 2966 »ὕφος
720 2903 1122 2973 πορευόμενος,
1189 2911 1405 2982 μήποτε
1461 2911 1520 2963 οη)
1581 2909 1826 2983 pag-55¢“
1882 2926 1994 2980 με,
2031 2905 2124 2958 καὶ
2146 2898 2700 2968 ύποσκελισθήσωμαι
2749 2901 2829 2962 είς
2879 2898 2949 2952 τά
2997 2898 3263 2955 ὑποκάτω
3306 2901 3467 2973 ἡμῶν
3527 2899 3716 2962 ὕδατα.

527 2995 619 3048 57.
651 2998 729 3051 Ad
767 2998 882 3054 haec
901 3002 1002 3056 tale
1026 3004 1157 3057 mihi
1189 3021 1512 3077 responsum
1546 3004 2028 3064 deditduxmeus:

451 3084 529 3141 Ne
553 3089 680 3156 quid
716 3090 928 3153 timeas,
959 3096 1090 3164 quin
1123 3098 1287 3154 altius
1339 3101 1518 3157 adhuc
1542 3102 1701 3157 nobis
1729 3101 2028 3158 ascenden-

452 3178 485 3233 ιι
514 3196 582 3231 nu
614 3192 695 3237 est
723 3199 737 3237 :
765 3184 1037 3256 simulque
1066 3192 1307 3259 porrexit
1339 3193 1467 3246 mihi
1509 3210 1752 3258 manum,
1784 3204 1839 3249 et
1862 3210 2028 3265 supra

2207 2993 2317 3060 λζ’.
2360 2993 2491 3048 Ὀδὶ
2516 2994 2662 3062 λέγει
2695 3012 2785 3065 μοι
2807 3009 2824 3029 ο
2858 2995 2950 3067 Μὴ
2980 2994 3263 3064 φοὸοῦ,ἔτι
3284 2997 3544 3067 ἀνωτέρω
3568 2999 3720 3067 ὀφεί-

2135 3088 2300 3158 λομεν
2331 3086 2573 3139 ἀνελθεῖν
2604 3086 2881 3157 ὑπεράνω.
2916 3088 3027 3141 Καὶ
3055 3086 3272 3142 δίδωσίν
3302 3105 3395 3157 μοι
3413 3091 3594 3160 χεῖρα,
3623 3092 3718 3143 καὶ

2135 3178 2446 3249 εὑρέθημεν
2471 3179 2658 3233 ἐπάνω
2701 3174 2796 3234 τοῦ
2838 3178 3094 3252 δευτέρου
3137 3181 3536 3252 στερεὼματος,
3578 3182 3715 3235 τὸδὲ

460 3271 692 3326 alterum
757 3276 953 3330 caelum
988 3280 1189 3335 sublati
1228 3298 1438 3347 sumus,
1488 3285 1646 3355 cujus
1677 3286 1888 3357 species
1920 3264 2033 3343 erat

2140 3270 2277 3335 εἶδος
2308 3273 2475 3325 αὐτοῦ
2509 3272 2706 3326 λευκὸν
2732 3270 2866 3326 ὡσεὶ
2900 3264 3034 3343 χιὼν
3080 3272 3348 3344 ὑπῆρχεν.
3385 3271 3584 3342 Θεωρῶ
3619 3268 3713 3326 οὖν

457 3363 647 3432 nivea;
698 3379 752 3421 et
809 3371 1063 3439 conspexi
1098 3371 1185 3427 hic
1249 3391 1675 3444 quoquecruces
1726 3377 2036 3444 biuas,illi,

455 3456 695 3523 quamiu
750 3459 888 3514 cmlo
943 3460 1185 3517 inferiori
1240 3476 1530 3522 vl-neratus
1579 3458 1812 3530 fueram,
1868 3468 2040 3538 persi-

458 3547 613 3601 tniles
646 3566 660 3604 :
695 3549 1049 3617 cingebantur
1081 3555 1267 3618 etiam,
1330 3555 1404 3609 uti
1489 3559 1661 3626 .prior
1709 3558 1819 3623 illa,
1881 3573 2036 3613 sacra

460 3641 704 3697 Suariter
726 3645 1124 3701 modulantium
1154 3664 1356 3703 corona
1393 3661 1482 3705 :et
1535 3652 1629 3706 aer
1679 3650 1803 3705 istic
1835 3651 1887 3704 in
1920 3664 2038 3705 mo-

462 3733 591 3787 dum
632 3733 773 3803 ignis
804 3735 1144 3806 splendebat,
1179 3739 1379 3811 quiqhe
1403 3741 1552 3795 illum
1613 3740 1925 3797 incolebant
1952 3742 2036 3796 lo-

461 3836 584 3878 tum
633 3824 857 3880 formosi
916 3827 1081 3897 genii,
1113 3829 1294 3898 quiete
1333 3846 1546 3886 summa
1599 3827 2035 3902 perfruebantur.

462 3912 713 3969 Venerati
745 3930 936 3972 sumus
963 3919 1145 3988 itaque
1170 3929 1222 3974 ct
1247 3920 1410 3975 hasce
1432 3934 1645 3988 cruces,
1676 3922 1752 3977 uti
1776 3923 2036 3993 priorem,

462 4007 721 4078 singulari
776 4024 900 4062 cum
968 4010 1239 4067 desiderio
1272 4029 1335 4068 ac
1356 4029 1542 4068 amore
1572 4032 1586 4071 ι
1617 4029 1739 4086 quae
1783 4030 1912 4070 vero
1940 4014 2040 4069 ab-

461 4101 685 4156 sistehat
722 4101 845 4156 inde
874 4101 1190 4172 fragrantia,
1225 4105 1382 4173 plane
1409 4105 1592 4161 divina
1621 4117 1758 4174 erat,
1782 4119 1834 4163 et
1866 4107 2041 4177 expli-

462 4193 571 4247 cari
599 4194 777 4246 verbis
819 4195 1044 4264 nequit;
1077 4193 1398 4267 undelonge
1423 4198 1614 4267 majori
1665 4201 1935 4269 voluptate
1973 4213 2039 4254 ac

460 4287 844 4351 delectatione,
912 4303 1074 4356 quam
1137 4305 1201 4343 ex
1237 4289 1400 4343 altera
1433 4307 1616 4357 cruce,
1654 4287 2034 4359 peri’undebar.

461 4378 720 4448 Prespcxi
747 4379 874 4443 alio,
910 4391 962 4435 et
996 4380 1100 4434 vidi
1127 4382 1376 4437 universa
1413 4384 1736 4438 inﬂammari
1770 4386 1838 4440 ab
1869 4384 2032 4456 igne:

463 4480 516 4523 et
552 4470 774 4525 incessit
826 4487 912 4526 me
951 4479 1175 4538 tremor,
1216 4488 1370 4544 opem
1401 4475 1556 4530 ducis
1583 4479 1682 4531 mei
1726 4477 1905 4531 denuo
1936 4479 2040 4532 im-

2138 3368 2301 3420 κάκεῐ
2342 3365 2439 3419 δύο
2495 3365 2760 3438 σταυροὺς
2817 3366 2894 3430 ὡς
2922 3365 3144 3439 ὁμοίους
3193 3365 3272 3437 τῷ
3308 3364 3590 3429 ὑποκάτω,
3620 3364 3718 3420 καί

2133 3450 2328 3527 ἦνεπ⁹
2355 3456 2538 3518 αὐτοῖς
2584 3458 2618 3528 ὴ
2651 3456 2855 3530 φρικτὴ
2904 3456 3086 3527 ὲκείνη
3121 3455 3443 3521 ἀκολουθία,
3484 3457 3575 3510 οἵα
3626 3455 3721 3509 καὶ

2134 3549 2193 3600 ἐν
2225 3542 2304 3618 τῷ
2345 3547 2644 3619 κατωτέρῳ
2706 3547 2927 3619 σταυρῷ
2978 3547 3349 3619 ἐχρημάτιζεν
3371 3564 3385 3578 ·
3413 3544 3483 3619 ἦν
3509 3548 3567 3602 δὲ
3609 3547 3720 3618 ἀὴρ

2134 3640 2247 3694 τῶν
2269 3642 2388 3693 ἐκεῖ
2442 3639 2687 3710 πύρινος,
2726 3642 2820 3693 καὶ
2874 3639 3189 3704 ἀνάπαυσις
3246 3639 3458 3710 μεγάλη
3490 3642 3602 3703 τοῖς
3625 3640 3719 3692 εύ-

2137 3728 2374 3801 μόρφοις
2422 3730 2749 3794 νεανίσκοις.
2829 3730 3229 3799 Ἦσπσισάμτθα
3281 3730 3375 3785 οὖν
3434 3730 3719 3793 κάκείνους

2134 3826 2263 3888 τοὺς
2288 3824 2509 3894 τιμίους
2540 3826 2812 3896 σταυροὺς
2859 3824 3022 3897 ἔρωτι
3051 3827 3146 3879 καὶ
3208 3825 3357 3896 πόθῳ
3391 3825 3578 3897 θεῖκῷ,
3613 3840 3723 3877 κα-

2138 3914 2245 3978 θὼς
2281 3916 2376 3968 καὶ
2432 3915 2496 3967 τὸ
2558 3916 2830 3987 πρότερον
2855 3931 2870 3945 ⁶
2916 3912 2986 3988 ἦν
3009 3916 3067 3970 δὶ
3101 3916 3358 3988 ἠεῦωδία
3407 3917 3610 3983 αὐτῶν,
3645 3916 3723 3982 ὡς

2136 4006 2335 4061 εὐωδία
2381 4007 2522 4060 Θεοῦ
2551 4007 2958 4078 ἀνερμήνευτος
2989 4007 3130 4079 ὑπὲρ
3152 4007 3252 4078 τὴν
3302 4009 3599 4078 κατωτέρω
3627 4007 3724 4061 θυ-

2141 4099 2340 4172 μηδίαν
2363 4101 2456 4152 καὶ
2477 4100 2847 4168 τερπνότητα.
2884 4098 3031 4170 Ὀρῶ
3064 4096 3157 4152 οὗ)
3184 4099 3283 4153 καὶ
3311 4099 3420 4153 ίδοῦ
3451 4097 3560 4174 πῦρ
3592 4099 3725 4169 cpu-

2136 4202 2234 4263 γον
2260 4193 2328 4247 τά
2353 4190 2535 4246 ἐκεῖσε
2577 4191 2817 4246 ἅπαντα·
2851 4192 2953 4246 καῖ’
2988 4191 3177 4263 τρόμῳ
3206 4191 3512 4262 συσχεθεὶς,
3551 4194 3720 4248 πάλιν

2136 4287 2229 4340 τὸν
2282 4286 2475 4357 ὁδηγὸν
2515 4286 2742 4338 ἐκάλουν
2792 4286 2871 4347 είς
2942 4284 3217 4356 βοήθειαν.
3263 4285 3323 4340 ’0
3359 4285 3416 4337 δὲ
3447 4285 3570 4347 δούς
3630 4294 3749 4355 μοι’

2139 4381 2321 4450 χεῖρα,
2380 4379 2531 4446 λέγει
2576 4393 2705 4449 μοι·
2735 4378 2857 4430 Ἔτι
2887 4377 3147 4446 ἀνωτέρω
3208 4377 3541 4448 πορευθῆναι
3570 4377 3723 4447 ὀφεί-

2138 4469 2326 4541 λομεν.
2394 4471 2505 4525 Καὶ
2543 4470 2663 4540 ἅμα
2705 4468 2954 4540 τῷλόγῳ
2984 4464 3237 4539 ῇρθημεν
3294 4469 3404 4523 τῶν
3459 4473 3596 4537 ἐκεῖ,
3627 4474 3725 4525 καὶ

465 4561 815 4631 plorantem;
860 4564 950 4632 qui
1013 4576 1261 4634 porrecta
1331 4576 1388 4619 ut
1440 4579 1567 4622 ante
1612 4584 1774 4624 manu
1804 4588 1818 4624 :
1846 4566 2033 4627 Adhuc

2142 4562 2448 4632 εὑρέθημεν
2475 4562 2661 4614 ἐπάνω
2692 4561 2783 4613 τοῦ
2839 4560 3028 4631 τρίτου
3075 4560 3331 4630 ούρανοῦ.
3392 4561 3561 4624 Οὗτος
3600 4560 3659 4614 δὲ
3694 4562 3724 4614 ὁ

462 4655 642 4717 altius,
680 4654 873 4723 inquit,
902 4655 1214 4710 enitendum
1236 4664 1339 4711 est.
1376 4655 1439 4710 Et
1499 4661 1758 4715 continuo
1788 4659 1912 4716 inde
1943 4677 2038 4717 su-

463 4745 617 4811 blati,
686 4758 851 4815 supra
909 4748 1127 4801 tertium
1184 4763 1283 4803 nos
1319 4750 1513 4805 (mlum
1556 4752 2034 4822 deprehendimus.

460 4838 670 4893 Ctelum
736 4839 840 4893 hoc
894 4849 1001 4893 non
1062 4852 1148 4901 eo,
1177 4850 1284 4910 qho
1313 4840 1455 4911 quod
1487 4842 1641 4898 nobis
1675 4843 1761 4899 hic
1792 4852 2035 4914 apparet,

465 4928 625 4981 modo
655 4943 714 4982 se
760 4929 949 4994 habet;
1014 4929 1105 4985 sed
1161 4930 1376 4985 firmem
1433 4931 1779 5002 solidumque
1828 4943 1939 5002 est,
1974 4949 2040 4988 ac

465 5021 682 5087 planum
715 5021 875 5075 habet
909 5022 1017 5076 late
1046 5032 1366 5091 espa‘nsum,
1397 5022 1597 5079 lamina
1621 5033 1838 5093 putares
1872 5041 2036 5079 aurea

465 5112 712 5169 insterni.
749 5112 1076 5183 Reperimua
1127 5112 1464 5181 bicitrrum,
1520 5113 1697 5185 primo
1751 5119 1931 5173 statim
1983 5114 2039 5173 in

467 5204 751 5263 vestibulo.
800 5220 988 5261 cruces
1023 5216 1229 5271 ternas,
1252 5207 1436 5261 lumen
1468 5208 1627 5277 quale
1671 5205 1851 5280 fulgur
1902 5211 2042 5266 solet

466 5307 806 5368 Spargentes,
848 5296 1124 5365 omnibus,
1150 5315 1286 5369 quas
1320 5309 1446 5355 ante
1480 5301 1736 5365 vidimus,
1771 5311 1886 5356 tum
1920 5318 2038 5357 ma-

465 5391 748 5460 gnitudine
788 5401 902 5446 tum
959 5393 1138 5461 specie
1163 5394 1528 5463 angustiores.
1568 5388 1633 5448 Et
1678 5393 1788 5449 dux
1824 5395 2039 5465 quidem

465 5498 622 5538 meus
680 5484 732 5538 in
794 5483 1032 5539 medium
1083 5482 1259 5551 ignem
1293 5498 1351 5539 se
1381 5500 1549 5540 ausus
1596 5474 1817 5551 inferre,
1845 5487 2043 5548 adora-

465 5575 543 5629 vit
601 5592 793 5631 cruces
827 5575 1012 5647 :quod
1077 5591 1200 5631 cum
1255 5591 1354 5648 ego
1402 5592 1507 5631 non
1541 5578 1795 5641 valerem,
1830 5579 2043 5634 eminus

468 5670 683 5724 adorari
716 5672 1072 5740 transivique.

542 5762 630 5815 38.
668 5763 961 5834 Postquam
1022 5769 1246 5821 multum
1282 5767 1760 5836 processissetuus,
1810 5780 2040 5834 perven-

476 5857 591 5903 tum
618 5863 701 5907 cst
727 5856 793 5909 ad
858 5857 1032 5912 solum
1063 5860 1287 5915 alterum
1326 5875 1498 5919 more.
1535 5857 1777 5914 fulminis
1815 5858 1915 5913 late
1949 5873 2043 5928 per

2140 4654 2323 4725 τρίτος
2360 4652 2607 4725 οὐρανὸς,
2656 4652 2755 4723 οὐχ
2789 4648 2864 4716 ὡς
2896 4651 3224 4721 φαινόμενος
3281 4654 3414 4723 ἡμῖν
3443 4657 3501 4707 ἐν
3530 4654 3606 4725 τῷ
3637 4656 3727 4707 κό-

2143 4754 2266 4816 σμῳ
2296 4744 2468 4821 τούτῳ
2509 4743 2813 4815 περίεστιν,
2850 4739 2971 4797 ἀλλ’
3004 4743 3130 4797 ἀντὶ
3175 4743 3374 4811 παγίου
3408 4744 3725 4815 στερεὼμαο

2140 4853 2253 4900 τος,
2283 4838 2384 4907 τὴν
2411 4836 2467 4889 δὲ
2512 4835 2714 4908 essent
2770 4835 3195 4907 ὲφαπλουμὲνην
3236 4837 3313 4900 ὡς
3364 4839 3599 4906 χρυσοῦν
3631 4836 3728 4890 πέ-

2140 4930 2300 4984 ταλον
2335 4931 2622 4998 κέκτηται.
2687 4929 2936 5001 Εὖρομεν
2964 4926 3059 4984 οῦν
3093 4930 3257 4984 πάλιν
3291 4932 3348 4983 ὲν
3378 4934 3495 4993 τοῖς
3518 4930 3723 5003 προθύ-

2145 5039 2260 5094 ροις
2305 5023 2569 5093 σταυροὺς
2635 5023 2824 5092 τρεῖς,
2883 5022 2958 5085 ὡς
3016 5024 3311 5094 ἀστραπὴν
3358 5022 3716 5092 αύγάζοντας,

2144 5119 2439 5188 μεγίστους
2468 5119 2563 5171 καὶ
2589 5117 2857 5187 φοϐεροὺς
2874 5115 2996 5172 λίαν
3012 5117 3156 5189 ὑπὲρ
3183 5117 3307 5182 τοὺς
3330 5117 3442 5182 δύο,
3469 5118 3562 5171 καὶ
3580 5114 3716 5181 ὑπὲρ

2140 5211 2232 5263 τὸν
2258 5211 2384 5265 Eva'
2418 5211 2514 5264 καὶ
2542 5211 2570 5263 ὁ
2604 5210 2703 5281 μὲν
2740 5209 2952 5280 ὁδηγῶν
2997 5226 3066 5278 με
3119 5208 3446 5280 ἐθάρσησεν,
3474 5209 3564 5260 καὶ
3597 5209 3713 5258 εἱσ-

2142 5301 2309 5371 ἧλθεν
2338 5303 2395 5353 ἐν
2424 5304 2577 5372 μέσῳ
2592 5299 2688 5355 τοῦ
2715 5302 2905 5371 πυρὸς,
2932 5299 3029 5355 καὶ
3059 5300 3469 5372 προσεκύνησεν
3496 5292 3717 5360 αὺτούς·
3762 5356 3767 5359 _

2143 5390 2253 5460 ἐγὼ
2277 5392 2353 5456 δὲ,
2379 5379 2565 5461 pnes?
2577 5391 2820 5447 τοιοῦτον
2851 5391 3099 5463 ἰσχύσας,
3132 5388 3375 5463 μήκοθεν
3408 5391 3727 5464 προσκυνή-

2147 5502 2245 5549 σας
2268 5484 2506 5554 διῆλθον.

2217 5767 2321 5841 λη’.
2377 5770 2464 5834 Ὠς
2499 5767 2589 5824 οῦν
2622 5769 2805 5824 ἱκανὸν
2842 5767 3243 5839 ἐπεζεύσαμεν,
3294 5766 3616 5837 ἐφθάσαμεν
3643 5768 3725 5824 εἰς

2150 5863 2209 5918 τὸ
2238 5863 2493 5934 δεύτερον
2528 5861 3055 5932 καταπέτασμα,’ὼς
3096 5860 3383 5933 ἀστραπήν
3417 5877 3533 5914 τινα
3567 5862 3623 5913 ἐν
3648 5856 3723 5927 τῷ
