4148 6428
414 326 521 392 681

1595 330 1770 390 VlTA
1816 328 1875 389 S.
1921 327 2251 390 ANDRE/E
2286 328 2484 391 SALI.

3570 338 3676 401 682

414 439 903 513 πλημμελημάτων
940 460 1033 497 σου
1094 443 1296 515 χρῆσαι
1333 444 1451 507 ταῖς
1486 443 1846 514 μαγγανείαις
1880 459 1998 507 σου,

2108 442 2534 497 commissorum
2561 441 2807 497 incurva.
2845 443 3009 500 Utere
3044 444 3363 514 imposturis
3411 447 3539 511 luis,
3564 449 3682 503 ani-

413 535 935 605 ψυχοανασπάστρια
990 535 1127 607 [59),
1164 538 1260 591 καὶ
1290 538 1410 599 ταῖς
1461 536 1841 607 φαρμακείαις
1874 549 1990 598 σου,

415 624 906 698 ἀπηλλοτριωμένη
954 628 1051 681 τοῦ
1105 626 1245 681 Θεοῦ
1308 627 1401 680 καὶ
1454 626 1563 683 τῶν
1624 626 1819 694 ἁγίων.
1884 628 1995 680 Καὶ

415 716 594 771 ταῦτα
649 718 917 783 εἰπόντος,
946 719 1163 775 ἀπὶδὼν
1190 720 1271 782 είς
1301 719 1400 790 τὴν
1426 721 1530 789 γῆν
1565 721 1864 791 δράσσεται
1893 736 1997 789 πη-

413 810 528 874 λοῦ,
565 810 659 864 καὶ
691 813 924 883 ποιήσας
978 813 1056 877 ὡς
1082 813 1248 879 λίθον,
1280 812 1652 884 προσέρριψεν
1680 815 1746 882 τῇ
1778 812 1994 866 ἀναιδεῖ

413 899 587 969 αὐτῆς
623 900 770 970 ὄψει,
831 903 1159 971 ἐμφυσήσας
1187 920 1245 955 τε
1277 903 1357 965 εἰς
1388 902 1451 955 τὸ
1490 902 1791 973 πρόσωπον
1825 902 1998 971 αὐτῆς

413 993 801 1062 σταυροειδῶς,
855 993 1135 1065 παρευθὺς
1192 993 1468 1049 ἀπέϐαλεν
1499 994 1595 1047 τοῦ
1650 994 1996 1065 ἀνθρωπίνου

413 1086 691 1155 σχήματος
722 1086 823 1157 τὴν
847 1087 997 1141 θέαν.
1028 1089 1193 1156 Ὄφις
1222 1087 1280 1140 δὲ
1309 1087 1678 1157 παμμεγέθης
1695 1087 1995 1157 γενομένη,

413 1178 471 1229 ἐν
502 1194 606 1230 τινι
639 1178 904 1249 οἰκήματι
935 1178 1193 1245 γυναικὸς
1227 1177 1478 1248 είσῆλθεν
1518 1177 1815 1248 συρομένη.
1859 1177 1990 1229 Βλέ-

415 1269 520 1338 ψας
552 1268 610 1322 δὲ
639 1271 671 1339 ὴ
706 1270 844 1340 γυνὴ
900 1268 961 1323 τὸ
992 1268 1201 1340 θηρίον,
1250 1270 1442 1339 τρόμῳ
1475 1256 1834 1339 συσχεθεῖσα,
1891 1266 1997 1331 ῑξω

412 1360 506 1414 τοῦ
531 1362 833 1433 οἰκήματος
863 1360 1088 1430 ἔφυγεν,
1121 1362 1429 1432 φωνήσασα
1459 1360 1586 1424 τοὺς
1633 1361 1877 1429 γείτονας
1902 1357 1997 1412 τοῦ

414 1454 626 1507 ἀνελεῖν
677 1454 779 1524 τὴν
829 1454 988 1520 ὄφιν
1035 1455 1213 1508 ίκανοὶ
1242 1454 1299 1509 δὲ
1329 1453 1701 1525 ὲσεπήδησαν,
1755 1452 1853 1505 καὶ
1874 1452 1993 1504 ἀνιο

414 1544 744 1613 χνεύσαντες
770 1544 831 1596 τὸ
864 1544 1095 1613 οἴκημα,
1120 1545 1274 1598 οὐδὲν
1302 1544 1488 1616 εὑρεῖν
1540 1541 1892 1614 ἠδυνήθησαν
1921 1558 1933 1570 ’
1971 1545 1999 1595 ὁ

413 1637 523 1706 γὰρ
573 1636 935 1706 παμπόνηρος
991 1636 1202 1706 δαίμων
1252 1638 1461 1699 ἐκεῖνος
1517 1636 1625 1689 ἀπὸ
1690 1633 1783 1688 τοῦ
1851 1640 1989 1706 σχή-

416 1742 586 1795 ματος
643 1724 739 1778 τοῦ
791 1725 968 1793 ὄφεως
1021 1725 1336 1789 ἀλλοιωθεὶς
1385 1727 1466 1788 εἰς
1512 1724 1613 1795 τὴν
1662 1725 1801 1780 ἰδίαν
1833 1728 1998 1795 φύσιν

412 1817 601 1887 ῷχετο.

492 2012 595 2077 με’.
633 2006 693 2058 ’0
735 2003 792 2057 δὲ
837 2000 1105 2072 μακάριος
1140 1996 1398 2066 ’Λνδρέας
1441 1994 1603 2047 πάλιν
1641 1993 1741 2065 τὴν
1784 1994 2008 2065 πορείαν

415 2104 650 2156 ἐποιεῖτο
684 2113 697 2128 ·
760 2097 818 2148 ἐν
873 2094 931 2148 δὲ
983 2090 1061 2160 τῷ
1118 2088 1482 2160 ὑποστρέφειν
1541 2086 1704 2140 αὑτὸν
1762 2088 2010 2158 μετρίοις

424 2181 697 2251 παιγνίοις
729 2181 1013 2251 χρώμενος
1038 2220 1051 2245 ,
1082 2183 1316 2251 συναντᾷ
1367 2182 1444 2252 τῷ
1475 2180 1748 2251 καλλίστῳ
1805 2185 1992 2255 νεανίᾳ⁸

416 2274 608 2340 ἐκείνῳ
637 2273 715 2343 τῷ
754 2274 1073 2343 Ἐπιφανίῳ,
1110 2273 1240 2342 περὶ
1263 2268 1323 2328 οὗ
1363 2274 1620 2346 ἀνωτέρω
1670 2277 1705 2346 ἡ
1739 2277 1991 2347 διήγησις

418 2366 676 2434 γέγονεν·
708 2359 776 2435 ἦν
804 2364 861 2418 δὲ
907 2366 935 2419 ὁ
968 2367 1095 2427 παῖς
1152 2366 1559 2435 τεταραγμένος
1620 2365 1680 2431 ἐξ
1726 2367 1991 2439 ἐπηρείας

417 2455 512 2508 τοῦ
572 2455 857 2509 διαϐόλου·
911 2455 970 2509 ὃν
1028 2457 1418 2527 ἀσπασάμενος
1479 2460 1508 2510 ὀ
1557 2458 1765 2524 Ὄσιος,
1816 2459 1988 2530 φησί’

414 2548 508 2617 Μὴ
533 2546 722 2617 φοϐοῦ.
759 2545 1256 2619 Χειροκρατοῦντες
1300 2549 1356 2602 δὲ
1392 2548 1660 2615 ἐϐάδιζον,
1702 2548 1993 2622 ζητοῦντες

416 2639 582 2694 τόπον
614 2640 817 2709 ἥσυχον
843 2638 938 2692 τοῦ
975 2638 1327 2706 καθεσθῆναι.
1347 2640 1671 2695 Ὀδευόντων
1703 2642 1760 2695 δέ
1783 2644 1990 2709 αὐτῶν,

416 2734 521 2805 ἔφη
544 2735 573 2787 ὁ
602 2732 821 2795 Δίκαιος
854 2732 931 2803 τῷ
967 2732 1291 2804 Ἐπιφανίῳ·
1337 2733 1470 2787 Ἰδοὺ
1508 2735 1570 2787 τὸ
1598 2734 1993 2808 διεφθαρμένον

416 2825 721 2897 δαιμόνιον,
754 2827 883 2880 ὅταν
936 2824 1064 2896 θέλῃ
1110 2827 1257 2879 ποιεῖ
1286 2827 1449 2879 αὐτὸν
1485 2826 1682 2897 γραῦν,
1723 2830 1818 2882 καὶ
1865 2830 1995 2883 ὅταν

418 2917 547 2989 θέλῃ
580 2918 729 2969 ποιεῖ
750 2916 913 2970 αὐτὸν
951 2916 1272 2987 Ἀγαρηνδν,
1310 2917 1501 2987 σχῆμα
1522 2917 1661 2987 ἔχων
1707 2918 1995 2990 ἐνδεδυμέ-

417 3026 506 3073 νος
550 3008 719 3080 μέλαν
772 3010 1008 3079 ίμάτιον,
1071 3012 1167 3064 καὶ
1232 3012 1467 3082 συναντᾷ
1495 3011 1573 3081 τῷ
1602 3012 1843 3082 φιλτάτῳ
1891 3029 1994 3082 μου

419 3100 617 3171 τέκνῳ,
644 3100 1002 3170 ἐπιπλήσσων
1032 3101 1126 3155 καὶ⁵
1157 3102 1550 3172 ἀπειλούμενος
1600 3103 1769 3172 αὐτῷ.
1807 3102 1995 3157 Ταῦτα

420 3162 665 3257 ἀπούσας
697 3194 725 3246 ὁ
763 3162 1079 3262 Ἐπιφάνιος
1112 3194 1302 3265 ἐξέστη
1326 3210 1343 3226 ο
1369 3162 1475 3263 πρὸ
1502 3162 1700 3265 μικροῦ
1720 3162 1838 3265 ’γὰρ
1867 3190 1934 3265 ἦν
1970 3196 2002 3249 ὀ
2029 3162 2070 3220 C

428 3285 668 3356 πονηρὸς
720 3286 990 3351 διάϐολος,
1025 3288 1053 3340 ὁ
1086 3286 1174 3339 ἀεὶ
1216 3285 1473 3355 πολεμῶν
1498 3286 1557 3339 τὸ
1580 3289 1734 3355 γένος
1760 3286 1868 3339 τῶν
1902 3288 1998 3339 ἀν·-

421 3376 677 3448 θρώπων,
712 3376 769 3429 ἐν
803 3374 1045 3445 σχήματι
1111 3374 1449 3445 Ἰσραηλίτου
1517 3374 1761 3446 ἐμπόρου
1805 3390 1999 3427 συναν-

422 3470 592 3538 τήσας
632 3469 781 3539 αὑτῴ
837 3469 933 3523 καὶ
958 3467 1028 3521 τὰ
1056 3465 1262 3537 ἔσχατα
1309 3466 1773 3535 ἀπειλησάμενος.
1823 3465 2002 3535 Ὀρῶν

423 3562 532 3631 γάρ
555 3559 652 3630 τὴν
686 3560 941 3629 ἐνάρετον
972 3558 1066 3611 τοῦ
1092 3556 1282 3620 παιδὸς
1324 3555 1600 3609 πολιτείαν
1622 3556 1715 3609 καὶ
1743 3555 1843 3627 τὴν
1859 3557 2003 3610 κατά

424 3651 657 3721 δύναμιν
704 3651 885 3721 πάλην
942 3650 1041 3721 τὴν
1066 3652 1125 3703 ἐν
1154 3652 1276 3713 ταῖς
1311 3648 1410 3719 τῆς
1450 3648 1654 3718 σαρκὸς
1681 3647 2003 3718 ἐπιθυμίαις

424 3742 579 3797 οὔπω
603 3744 914 3805 διανύοντος
941 3741 1107 3794 αὑτοῦ
1139 3739 1680 3809 ὀκτωδεκαιδεκαετῆ
1707 3740 1920 3810 χρόνον,
1943 3738 2003 3791 ἐν

425 3829 470 3905 ᾧ
503 3835 706 3905 μᾶλλον
735 3834 927 3905 βράςει
958 3833 1170 3902 νεότης,
1200 3830 1341 3883 οὕτω
1396 3828 1707 3900 θεαρέστως
1740 3830 2006 3897 ἀναστρε-

426 3929 690 3999 φομένου,
724 3926 917 3996 ἐϐρυξε
968 3929 1089 3979 κατ’
1129 3922 1319 3978 αὐτοῦ.
1356 3919 1467 3977 Ἦν
1525 3922 1633 3992 γὰρ
1669 3925 1696 3975 ὁ
1747 3923 1899 3987 παῖς,
1928 3921 2004 3983 ὡς

423 4021 642 4092 ἀληθῶς
660 4019 795 4090 (60),
825 4019 1027 4090 ὡραῖος
1048 4017 1127 4088 τῷ
1160 4016 1315 4080 εἴδει,
1357 4015 1562 4082 γλυκὺς
1592 4014 1693 4084 τὴν
1722 4012 1876 4081 αἰδῶ,
1907 4014 2001 4064 εὑ-

426 4115 567 4183 φυὴς
595 4113 689 4166 καὶ
734 4110 1034 4181 προσηνὴς,
1068 4109 1167 4163 καὶ
1196 4107 1525 4178 πραότατος,
1584 4105 1908 4176 pausam;
1936 4106 2004 4173 τῇ

425 4201 634 4273 ὁμιλίᾳ,
691 4200 997 4270 μειδιῶσαν
1062 4199 1203 4271 ἔχων
1230 4199 1327 4270 τήν
1356 4201 1569 4269 ὅρασιν,
1628 4200 1723 4251 καὶ
1754 4195 1921 4261 πολὺς
1945 4198 2005 4249 ἐν

426 4296 547 4358 ταῖς
588 4293 761 4356 θείαις
810 4293 1055 4363 Γραεραῖς
1111 4291 1246 4362 (61).
1290 4291 1604 4355 Ἐξίσταντο
1639 4289 1748 4360 γὰρ
1802 4288 2006 4350 πάντες

429 4388 480 4440 οἱ
526 4389 585 4440 ἐν
634 4385 797 4456 σοφίᾳ
835 4386 929 4439 καὶ
971 4383 1174 4453 γνώσει
1216 4382 1515 4450 διάγοντες,
1562 4381 1655 4434 ἐπὶ
1686 4382 1753 4452 τῇ
1791 4380 2007 4433 συνέσει

2101 549 2311 589 marum
2364 535 2674 598 turbatrix;
2734 545 2888 592 utere
2946 537 3249 603 maleﬁciis,
3288 540 3540 608 procula
3572 539 3681 596 Deo

2101 627 2418 696 sanctisque
2441 627 2767 682 abalienata.
2800 628 2901 684 Vix
2959 630 3049 684 illa
3082 629 3261 685 fuerat
3287 630 3520 697 locutus,
3556 648 3681 688 cum

2104 718 2294 773 oculos
2351 718 2499 772 humi
2534 717 2849 784 deﬂectens,
2892 722 3175 790 prehendit
3217 722 3391 776 lutum
3422 741 3435 777 :
3466 738 3686 793 compa-

2097 822 2353 881 ctumque
2391 811 2443 865 in
2506 812 2726 867 modum
2755 814 2950 883 lapidis
2988 815 3122 884 jacit
3176 816 3230 870 in
3277 815 3468 871 faciem
3529 817 3686 872 inve-

2098 904 2393 957 recundain
2450 903 2681 971 vetulae;
2724 904 2778 958 in
2807 920 3034 975 eamque
3064 906 3348 963 insuﬂlans
3379 908 3433 962 in
3457 908 3683 962 formam

2098 993 2302 1056 crucis,
2359 1007 2484 1046 mox
2542 993 2786 1063 corporis
2838 995 3061 1051 humani
3090 1000 3327 1065 speciem
3376 998 3684 1068 dissipavit.

2098 1082 2476 1137 transformati
2556 1084 2609 1137 in
2668 1098 2900 1154 anguem
2953 1086 3228 1143 inusitata:
3269 1088 3686 1158 magnitudinis,

2105 1187 2341 1243 moxque
2390 1175 2442 1228 in
2499 1174 2726 1230 domum
2769 1176 3050 1245 cujusdam
3118 1180 3365 1236 mulieris
3395 1196 3517 1238 sese
3544 1183 3687 1237 inte-

2100 1265 2290 1320 rentis.
2348 1265 2543 1321 Mulier
2605 1283 2737 1323 vero
2787 1284 3019 1341 anguem
3070 1273 3404 1342 conspicata,
3433 1288 3545 1343 pra:
3580 1283 3689 1327 tre-

2101 1372 2255 1411 more
2323 1373 2381 1412 se
2423 1371 2575 1414 extra
2637 1361 2861 1416 domum
2910 1363 3034 1433 fuga
3092 1364 3343 1434 proripit,
3389 1365 3686 1434 implorans

2104 1461 2262 1517 opem
2289 1448 2616 1516 vicinorum,
2638 1453 2907 1522 serpentis
2935 1468 2966 1507 e
2995 1454 3175 1508 medio
3225 1454 3446 1509 tollendi
3476 1470 3639 1511 causa
3664 1471 3682 1521 ;

2099 1540 2193 1611 qui
2255 1556 2378 1595 cum
2441 1541 2759 1612 frequentes
2827 1546 3241 1610 convenissent,
3298 1547 3531 1616 ingressi
3585 1548 3689 1602 do—

2102 1643 2249 1684 mum
2291 1670 2307 1695 ,
2404 1631 2540 1685 nihil
2614 1632 2797 1687 minus
2849 1649 3012 1702 quam
3071 1643 3380 1705 serpentem
3445 1636 3687 1704 reperire

2102 1730 2419 1791 potuerunt.
2478 1720 2858 1790 Nequissimus
2933 1740 3172 1794 namque
3232 1725 3467 1791 damon,
3519 1736 3685 1782 exuta

2032 1808 2074 1864 Β
2105 1814 2318 1870 colubri
2350 1816 2553 1885 specie,
2590 1830 2855 1886 suamque
2894 1818 2948 1872 in
2975 1826 3223 1872 naturam
3269 1829 3528 1882 mutatus,
3561 1820 3688 1875 inde

2097 1904 2366 1959 abiverat.

2167 1994 2263 2049 45.
2301 1994 2522 2049 Interim
2560 1993 2808 2051 Andreas
2841 1996 2921 2050 via
2950 1996 3208 2052 currebat
3237 1998 3449 2068 incepta
3482 2016 3496 2053 :
3529 2013 3691 2054 cum-

2096 2102 2203 2156 que
2251 2095 2634 2152 reverteretur,
2684 2086 3033 2144 illusionibus
3082 2089 3202 2144 suis
3258 2105 3480 2161 operam
3519 2092 3684 2156 dans,

2095 2178 2310 2233 obviam
2380 2179 2529 2234 venit
2561 2178 2931 2247 pulcherrimo
2962 2180 3043 2236 illi
3092 2182 3423 2238 adolescenti
3449 2183 3689 2254 Epipha-

2098 2269 2212 2335 nio,
2259 2270 2327 2324 de
2375 2285 2483 2337 quo
2522 2284 2688 2340 supra
2723 2272 2929 2326 mentio
2959 2271 3169 2338 incidit,
3237 2284 3584 2330 consternato
3617 2277 3688 2331 ob

2097 2362 2392 2417 violentam
2415 2363 2682 2418 daemonis
2707 2363 3147 2433 impressionem.
3173 2365 3328 2421 Illum
3349 2367 3689 2437 amplexatus

2098 2457 2364 2524 Andreas,
2422 2454 2547 2511 Noli
2600 2458 2822 2522 timere,
2856 2458 3033 2529 inquit
3072 2476 3085 2513 :
3116 2468 3170 2512 et
3202 2460 3468 2529 prehensa
3500 2477 3688 2526 manu,

2099 2547 2326 2603 deduxit
2354 2546 2423 2601 ad
2453 2546 2632 2603 locum
2663 2564 2693 2603 a
2726 2548 2903 2604 turbis
2938 2560 3233 2616 remetum,
3260 2562 3319 2607 ut
3355 2568 3463 2607 una
3499 2554 3688 2609 consi-

2100 2639 2310 2695 derent.
2343 2642 2490 2694 Inter
2518 2640 2763 2695 eundum
2804 2654 2937 2697 vero
2971 2640 3048 2694 ait
3079 2640 3155 2695 illi
3182 2658 3199 2698 :
3249 2641 3390 2699 Ecce
3416 2645 3691 2714 nequissi-

2104 2748 2227 2788 mus
2263 2732 2503 2798 daemon,
2560 2732 2725 2788 modo
2754 2733 2807 2787 in
2839 2748 3026 2797 anum,
3069 2735 3229 2789 modo
3271 2735 3325 2790 in
3359 2738 3690 2805 Agarenum,

2112 2839 2213 2895 pro
2266 2832 2323 2878 ut
2353 2823 2593 2891 libuerit,
2653 2838 2713 2880 se
2760 2826 3147 2894 transﬁgurat;
3198 2825 3527 2897 indutusque
3551 2830 3693 2883 ami-

2102 2926 2248 2973 ctum
2284 2918 2521 2987 nigrum,
2550 2916 2791 2972 occurrit
2813 2916 2925 2970 ﬁlio
2963 2930 3085 2972 meo
3118 2917 3493 2983 dilectissimo,
3534 2934 3692 2973 eum-

2104 3024 2208 3079 que
2236 3009 2563 3079 percellitac
2594 3007 2757 3063 minis
2789 3008 3023 3063 territat.
3069 3008 3319 3063 Audiens
3355 3010 3692 3079 Epiphanius

2105 3116 2413 3157 sermonem
2442 3101 2617 3165 illum,
2650 3099 2937 3169 obstupuit
2970 3115 2983 3152 :
3016 3114 3143 3153 nam
3204 3100 3368 3170 paulo
3421 3109 3549 3156 ante
3590 3116 3693 3157 ne-

2102 3208 2269 3263 quam
2332 3192 2604 3257 diabolus,
2657 3205 2946 3260 nunquam
3000 3204 3112 3245 non
3174 3189 3424 3247 infensus
3453 3191 3693 3248 humano

2103 3288 2312 3356 generi,
2341 3295 2624 3355 assumpta
2656 3285 2944 3342 lsmaelitae
2969 3286 3288 3342 mercatoris
3310 3286 3506 3353 forma,
3541 3286 3695 3342 obtu‘

2104 3379 2242 3433 lerat
2270 3394 2393 3435 sese
2416 3380 2625 3450 juveni,
2660 3389 2714 3434 et
2750 3387 2996 3434 extrema
3036 3392 3267 3448 quaeque
3309 3380 3689 3436 intentaverat.

2103 3470 2243 3537 Quia
2273 3470 2418 3525 enim
2439 3470 2658 3526 videbat
2688 3471 3001 3540 praeclaram
3054 3470 3415 3526 adolescentis
3463 3486 3696 3527 conver-

2106 3560 2415 3623 sationem,
2485 3559 2741 3614 omnibus
2778 3598 2793 3622 ,
2845 3573 2969 3628 quae
3031 3557 3466 3627 cbjiciebantur,
3513 3560 3696 3617 carnis

2104 3650 2378 3706 illecebris
2424 3660 2479 3704 et
2540 3651 2997 3719 concupiscentiis
3050 3649 3283 3703 viriliter
3342 3650 3691 3716 resistentis;

2105 3758 2232 3799 cum
2290 3752 2469 3796 tamen
2529 3740 3032 3796 duodevicesimum
3091 3741 3267 3795 aetatis
3312 3755 3539 3803 annum,
3582 3756 3695 3810 quo

2108 3845 2354 3902 tempore
2402 3832 2666 3903 juventus
2721 3842 2956 3887 aestuare
2983 3840 3038 3887 et
3100 3832 3347 3886 lascivire
3392 3834 3694 3902 praesertim

2118 3925 2423 3991 consuevit,
2478 3923 2720 3980 nondum
2768 3924 3066 3993 attigisset,
3126 3930 3317 3977 contra
3344 3921 3524 3992 ipsum
3580 3930 3692 3977 tam

2111 4016 2364 4088 religiose
2413 4014 2684 4079 viventem
2750 4011 2983 4075 multum
3048 4013 3336 4067 fremebat.
3368 4010 3497 4065 Erat
3545 4011 3695 4066 enim

2113 4123 2302 4163 revera
2339 4105 2659 4163 adolescens
2684 4113 2907 4173 aspectu
2936 4102 3234 4167 formosus,
3304 4102 3547 4158 moribus
3604 4118 3697 4157 ve-

2111 4199 2408 4266 recundus,
2463 4211 2806 4269 generosus,
2880 4195 3151 4264 blandus,
3213 4205 3570 4261 mansuetus,
3639 4198 3696 4250 in

2112 4292 2528 4347 conversatione
2600 4290 2874 4355 melleus,
2950 4298 3062 4345 toto
3133 4288 3284 4343 vultu
3365 4288 3695 4343 hilaritatem

2111 4383 2406 4454 praeferens
2444 4421 2459 4446 ,
2531 4381 2767 4451 denique
2838 4380 2895 4435 in
2943 4380 3118 4437 sacris
3172 4379 3398 4435 Litteris
3454 4380 3699 4449 apprime

431 4481 524 4532 καὶ
554 4480 675 4540 ταῖς
705 4477 1066 4547 ἀποκρίσεσιν
1093 4475 1256 4529 αὑτοῦ
1281 4472 1412 4543 περί
1437 4490 1496 4526 τε
1555 4472 1836 4540 θεολογίας
1868 4471 2002 4540 (62),

2121 4485 2393 4530 versatus.
2476 4474 2852 4544 Rapiebantur
2932 4476 3097 4527 etiam
3163 4474 3217 4527 in
3276 4473 3696 4528 admirationem

433 4572 524 4624 καὶ
547 4567 913 4637 ἀναγωγικῶν
958 4567 1243 4637 ῥημάτων,
1306 4565 1401 4617 καὶ
1427 4561 1818 4632 παροιμιακιῖΝ
1846 4561 2011 4632 ζητηο

432 4660 641 4730 μάτων,
673 4658 806 4729 περί
851 4674 911 4710 τε
938 4655 1228 4726 δογμάτων
1279 4657 1373 4709 καὶ
1416 4655 1547 4725 περὶ
1587 4653 2009 4723 ἀκαταλήπτου,

430 4751 560 4821 περί
593 4767 654 4804 τε
688 4749 921 4821 μελέτης
973 4750 1206 4804 θανάτου
1235 4747 1331 4801 καὶ
1372 4747 1548 4817 ἄκρας
1600 4744 2007 4808 ταπεινώσεως.

509 4956 618 5027 (59)
662 4956 849 5026 Neque
895 4951 1457 5027 ‘P‘uxozvacnéerpta,
1508 4948 1682 5027 neque
1706 4947 2012 5027 quodam-

437 5017 555 5080 zar.
602 5017 737 5096 legit
762 5017 1240 5097 ’ψυχουπατήτρια
1270 5017 1445 5092 legere
1494 5017 1720 5073 memini
1756 5017 2012 5097 :yidetur

435 5108 613 5151 tamen
630 5094 1008 5165 utrumque-ad
1030 5097 1300 5165 originem
1325 5098 1547 5165 certam!
1561 5102 1752 5143 revoca
1763 5094 1804 5141 ri
1826 5101 2006 5165 posse,

434 5171 663 5222 alterum
717 5171 781 5221 ad
828 5159 1147 5226 ἀνασπάζω’
1182 5162 1460 5231 perturbo,
1501 5160 1731 5231 alterum
1777 5160 1841 5231 ad
1872 5159 2013 5210 ἀπα-

432 5240 547 5288 ritu
579 5238 813 5307 decipio,
839 5236 1042 5290 seduco
1078 5251 1100 5307 :_
1120 5227 1199 5286 sic
1223 5239 1282 5283 ut
1307 5230 1437 5283 illud
1474 5229 1742 5307 signiticet
1770 5227 2011 5295 aliquam

436 5321 558 5377 quae
583 5302 764 5377 turbat
803 5309 1017 5377 animas
1037 5344 1052 5368 ,
1088 5302 1192 5377 hoc
1211 5311 1316 5377 est,
1347 5314 1469 5377 quae
1504 5302 1738 5377 seducit.

510 5376 623 5444 (60)
665 5376 766 5433 Ms.
817 5374 1179 5448 vatic.rmulto
1223 5370 1519 5448 obscurius
1543 5378 1598 5423 et
1637 5370 1821 5448 minus
1845 5373 2013 5448 recte,

435 5436 524 5502 sic‘
564 5436 689 5517 legit
721 5465 733 5501 :
766 5447 1187 5517 ἐπιφερόμενος,
1210 5440 1323 5517 καὶ.
1362 5436 1431 5509 ἦν
1469 5438 1528 5490 οὑ
1564 5436 1804 5517 *μικρῶς
1855 5436 2017 5517 more»;

432 5504 851 5587 ἀπειλῦύ-μενος,
874 5504 886 5516 ’
913 5504 1056 5585 ὀρῶν
1077 5504 1179 5587 τὴν
1237 5504 1489 5587 ἐνάρετον
1520 5504 2015 5587 αὺήεοῦήπολιτείαν,

431 5588 506 5657 ὡς
538 5574 686 5656 αὺτῷ
734 5574 1217 5657 ἀντιστὲίμενονῖἐν
1246 5574 1367 5657 tot};
1410 5579 1510 5647 τῆς
1571 5574 2022 5657 σαρκὸςὲἐπιθυ-

439 5646 590 5725 μίαις
623 5646 685 5705 τὸ
710 5659 851 5725 κατὰ
876 5646 1101 5723 δύναμιν
1123 5646 1521 5725 ἀγωνιζδμενος
1546 5663 1561 5678 ο
1593 5647 1746 5725 οὔπω
1780 5646 2021 5725 ,διανέμων

433 5714 585 5780 ὅκτῶ
614 5726 708 5778 καὶ
735 5723 968 5792 δεκαετῆ
997 5714 1188 5794 ᾐρόνοῦ
1216 5720 1313 5789 τῆς
1338 5714 1622 5790 ὁρωμένης
1646 5716 1861 5787 ἡλικίας
1899 5714 2019 5767 θεο-

766 5818 1040 5878 ΡΑΤιιοι.
1081 5818 1197 5878 GR.
1236 5814 1391 5877 CXI.

2122 4564 2159 4618 ii
2186 4562 2280 4633 qui
2345 4561 2625 4630 sapientiae
2678 4560 2860 4617 studio
2929 4561 3139 4631 seipsos
3191 4575 3482 4632 rerumque
3508 4564 3698 4633 c0gni-

2123 4656 2258 4709 tioni
2302 4662 2445 4709 totos
2477 4652 2822 4716 addixeram,
2874 4659 3156 4721 perspecta
3204 4651 3490 4722 Epiphanii
3519 4654 3701 4708 scien-

2128 4747 2225 4814 tia,
2260 4745 2570 4814 auditisque
2635 4741 2972 4813 sapientibus
3000 4741 3279 4811 responsis
3309 4742 3377 4798 de
3405 4743 3698 4814 theologia,

2119 4947 2490 5029 πρεπῶςααὶ
2550 4946 2859 5018 θεαρέστως
2917 4942 3385 5014 ἀναστρεφόμενος
3412 4957 3427 4971 ·
3492 4934 3559 5011 ἦν
3588 4940 3696 4994 δέὁ

2120 5020 2304 5158 πιῗὲί)
2362 5084 2461 5158 his.
2514 5084 2691 5158 _Vat_ic.
2732 5085 2999 5158 prolixius
3032 5085 3225 5158 _hatc__:
3268 5079 3606 5158 ὁμιλούντων
3643 5083 3701 5137 δὲ

2119 5152 2422 5211 αὐτῶντῶν
2442 5154 2602 5227 θείων
2622 5152 2890 5227 λόγωνῌὼς
2913 5155 3104 5227 κηρίον
3123 5152 3337 5227 μέλιτος
3364 5152 3698 5227 αἰσθόμενοι,

2120 5230 2168 5281 οἱ
2192 5227 2301 5282 τῶν
2342 5225 2604 5297 ῥημάτων
2656 5224 2821 5297 αὑτοῦ
2861 5222 3149 5288 ἀκοῦὀντες
3182 5239 3197 5255 ·
3236 5240 3255 5274 t
3298 5222 3402 5288 Qui
3431 5222 3610 5297 autem
3637 5226 3704 5279 de

2122 5297 2323 5371 divitiis
2343 5294 2534 5371 λτευυβ
2555 5366 2565 5371 _
2585 5294 2951 5371 loquebantur
3004 5310 3092 5371 eo,
3123 5304 3384 5371 tanquam
3413 5294 3703 5371 degustato

2124 5367 2303 5422 mellis
2338 5366 2462 5420 lavo
2485 5363 2920 5427 delectabantur,
2952 5365 3226 5419 audiendo
3272 5364 3437 5417 verba
3470 5363 3637 5417 illius.
3677 5380 3698 5415 ι

2196 5436 2536 5529 (ϐὶῌεξίιαεο
2570 5434 2841 5529 Ηολλάκις
2875 5433 2984 5529 γάιρ
3017 5436 3284 5529 σρνήρουν
3328 5432 3488 5529 ὅρους
3512 5433 3705 5529 σοφίας

2129 5507 2245 5576 μετ’
2275 5502 2451 5559 αὐτῶν
2481 5506 2535 5560 in
2569 5503 2669 5560 Ms.
2694 5502 2895 5557 Mazar.
2920 5502 3246 5567 desiderata,
3269 5502 3705 5558 cumadmodum

2127 5578 2365 5632 obscura
2394 5576 2567 5657 et.vix
2597 5573 2956 5644 intelligibilia
3008 5575 3138 5641 sint,
3178 5589 3210 5628 e
3257 5583 3449 5629 nostro
3482 5585 3703 5645 quoquo

2128 5656 2277 5705 textu
2296 5656 2496 5705 exemi.

3237 5796 3319 5853 22
