4148 6440
441 308 545 372 683

1504 271 1924 374 NI‘CEPIIORI
1967 314 2443 379 PRESBYTERI
2483 317 2594 376 cp.

3591 317 3697 379 68ὶ

437 425 504 478 de
550 422 773 485 vocibus
801 423 1221 491 anagOgicis,de
1266 423 1661 492 quaestionibus
1709 426 2004 494 proverbia-

2137 428 2192 482 Ὀ
2213 429 2267 482 δὲ
2296 429 2589 500 γενόμενος
2612 428 2788 491 ὲννεδς
2829 426 2965 498 πρὸς
2993 426 3088 488 τὰς
3111 427 3484 498 ἐπερωτήσεις
3516 427 3695 480 αὐτῶν

438 514 608 579 libus,
644 515 711 568 de
755 515 889 567 .lidei
944 514 1313 583 dogmatibus,
1349 515 1415 568 de
1455 515 2012 584 incomprehensibili.

438 611 505 664 de
553 609 904 666 meditatione
971 609 1182 672 mortis,
1241 609 1308 662 de
1378 608 1682 662 humilitate
1731 608 2014 676 perfecta:

445 701 812 770 respondebat
877 715 1003 754 vero
1063 700 1142 754 ad
1196 699 1526 769 interrogata
1571 714 1760 754 eorum
1803 712 2019 753 summa

2117 520 2561 587 ταπεινοφρόνως
2590 518 2944 588 ἀπεκρίνατο.
2985 519 3125 587 Ἐρῶ
3159 519 3216 572 δὲ
3253 520 3378 588 περὶ
3400 519 3566 572 αὑτοῦ
3600 521 3695 572 ἕνα

2122 611 2298 677 λόγον,
2356 612 2452 664 καὶ
2487 606 2590 662 εἷθ’
2635 610 2808 672 οὕτως
2840 610 2938 681 τὴν
2993 611 3255 681 ἀπειλὴν,
3286 611 3354 681 ἣν
3387 613 3413 664 6
3442 612 3692 674 Σατανᾶς

2131 700 2440 771 ὶπείλησεν,
2465 702 2881 774 ἀπογράψομαι.

439 810 564 848 cum
627 793 892 848 modestia
947 801 1002 846 et
1091 792 1422 848 humilitate.
1458 791 1530 845 De
1592 791 1696 847 hoc
1753 798 1934 844 autem
2003 789 2350 848 adolescente
2391 794 2581 863 paucis
2638 795 2906 864 agendum
2952 795 3086 850 mihi
3133 796 3296 851 modo
3341 805 3462 861 est;
3501 796 3696 851 deinde

438 887 906 949 terriculamenta,
935 901 1057 954 quae
1078 887 1305 940 Satanas
1325 887 1374 939 ei
1422 884 1662 938 minatus
1683 892 1788 949 est,
1813 884 2186 954 descriptum.

514 978 599 1034 ιδ.
649 978 891 1043 Quodam
954 977 1041 1032 die
1096 991 1218 1031 cum
1289 977 1607 1047 parentibus
1658 976 2018 1031 accumbebat

441 1085 641 1130 mensa:
709 1069 1108 1139 Epiphanius,
1146 1069 1479 1139 aderantque
1535 1069 1724 1123 eodem
1801 1068 2012 1134 vocati,

439 1161 744 1230 philosophi
807 1158 1033 1228 aliquot,
1078 1160 1394 1228 parentibus
1443 1159 1590 1214 illius
1633 1173 1892 1228 perquam
1926 1156 2012 1211 fa-

439 1254 710 1318 miliares;
747 1251 890 1305 haud
927 1250 1122 1318 ignari,
1151 1260 1356 1320 quanta
1387 1250 1722 1320 Epiphanius
1742 1250 2008 1320 sapientia

433 1356 485 1398 et
520 1343 1008 1413 disputandicopia
1032 1353 1315 1412 praestaret
1352 1343 1752 1412 :quamobrem
1777 1343 2009 1397 avebant

434 1439 487 1492 in
550 1435 740 1506 primis
803 1437 1071 1491 disserere
1113 1451 1235 1491 cum
1273 1435 1413 1504 ipso,
1471 1434 1567 1491 sed
1597 1435 2004 1498 inhibebantur,

432 1528 576 1597 quod
609 1529 778 1598 probe
808 1528 1110 1594 novissent,
1142 1535 1474 1597 quantopere
1497 1528 1564 1582 ad
1620 1527 2003 1596 disputandum

433 1618 736 1688 praecipites
794 1617 910 1688 ipse
932 1617 1312 1683 dotestaretur,
1342 1632 1544 1687 eosque
1569 1631 1830 1672 aversans
1858 1616 2008 1670 nullo

2169 972 2289 1041 μς’.
2315 975 2431 1047 Μιᾷ
2455 975 2510 1028 δὲ
2532 976 2642 1029 τῶν
2660 976 2884 1046 ἡμερῶν
2909 978 2967 1028 ὲν
2990 979 3055 1047 τῇ
3082 979 3330 1047 τραπέζῃ
3356 978 3464 1032 τῶν
3487 979 3690 1047 γονέων

2098 1064 2264 1118 αὐτοῦ
2302 1067 2701 1138 καθεζόμενος,
2738 1064 2881 1138 ἦσαν
2919 1069 3014 1122 καί
3052 1069 3166 1140 (65)
3212 1087 3357 1134 τινες
3394 1071 3504 1124 τῶν
3539 1075 3692 1141 φιλο-

2119 1156 2297 1227 σόφων
2351 1161 2534 1214 ἐκεῖσε
2587 1162 2942 1233 κεκλημένοι,
3002 1163 3146 1231 φίλοι
3209 1162 3548 1232 ὑπάρχοντες
3581 1161 3691 1213 τῶν

2117 1251 2321 1318 γονέων
2378 1251 2542 1304 αὑτοῦ
2575 1291 2591 1316 ,
2653 1255 2750 1307 καὶ
2805 1255 3172 1322 γινώσκοντες
3221 1255 3314 1308 τὸν
3375 1255 3690 1322 Ἐπιφάνιον

2117 1342 2394 1412 περιφανῆ
2450 1339 2592 1398 εἶναι
2649 1345 2707 1397 ὲν
2761 1347 2922 1416 σοφίᾳ
2979 1347 3073 1398 καὶ
3131 1349 3250 1408 ταῖς
3307 1346 3692 1417 συζητήσεσιν.

2124 1432 2431 1503 Ἐγλίχοντο
2451 1434 2508 1486 δὲ
2537 1437 2767 1504 συνᾶραι
2810 1437 2968 1504 λόγον
2999 1437 3115 1507 μετ’
3149 1437 3315 1490 αὑτοῦ
3349 1436 3482 1506 (64),
3547 1436 3687 1489 ἀλλὰ

2113 1525 2544 1591 συνεστέλλοντο,
2593 1529 2792 1592 εἰδότες
2823 1530 2898 1593 ὡς
2935 1531 3061 1594 τοὺς
3102 1532 3394 1599 προπετεῖς
3444 1529 3687 1581 ἐϐδελῦγ

2114 1633 2238 1670 σετο
2290 1615 2384 1670 καὶ
2450 1619 2844 1688 ἀπεστρέφετο,
2885 1621 2959 1689 μὴ
3016 1621 3262 1684 ἀπαξιῶν
3317 1619 3688 1688 ἀποκρίσεως.

431 1713 748 1783 dignaretur
777 1724 1064 1780 responso.
1099 1707 1254 1764 Unus
1301 1710 1462 1780 igitur
1487 1709 1702 1762 illorum
1729 1708 1795 1762 ad
1826 1707 2004 1762 socios

2111 1707 2274 1776 Λέγει
2324 1705 2422 1761 οὖν
2452 1707 2534 1772 εἷς
2567 1709 2628 1774 ἐξ
2680 1711 2862 1764 αὐτῶν
2893 1712 3027 1780 πρὸς
3058 1713 3184 1775 τοὺς
3208 1711 3478 1782 ἑταίρους*
3517 1710 3687 1778 Πηλί-

430 1815 760 1871 conversus,
814 1802 1121 1872 Quomodo,
1194 1802 1391 1872 inquit,
1439 1800 1668 1871 gignens
1729 1799 1922 1863 Pater,
1953 1809 2008 1854 et

432 1897 602 1952 Filius
628 1897 847 1967 genitus
894 1897 1137 1966 ejusdem
1175 1903 1385 1949 naturae
1408 1903 1462 1946 et
1489 1893 1810 1948 substantia:
1853 1902 2002 1958 sunt,
2048 1940 2052 1945 .

432 1988 686 2056 idemque
735 1996 790 2043 et
838 1987 1149 2058 intelligunt
1187 1994 1241 2040 et
1302 1983 1525 2038 volunt?
1573 1982 1671 2045 Eo.
1734 1984 1811 2038 ait
1848 1983 2004 2050 alter,

432 2079 615 2145 modo,
659 2095 768 2151 quo
824 2094 980 2134 mens
1037 2087 1093 2134 et
1136 2078 1446 2132 intellectus
1494 2077 1638 2131 idem
1693 2083 1856 2140 sunt,
1913 2077 2006 2143 qui

431 2181 621 2227 mutua
655 2172 1040 2242 conjunctione
1077 2171 1451 2234 consentiunt,
1482 2181 1538 2222 ιιι
1567 2169 1812 2237 corporis
1839 2183 2010 2222 mem-

429 2267 526 2320 bra
577 2265 763 2319 omnia
825 2274 970 2319 recte
1003 2263 1396 2333 gubernentur.
1423 2260 1561 2314 Tum
1609 2260 2005 2331 philosophus:

431 2356 824 2422 Quaestionem,
846 2354 1064 2409 homine
1088 2353 1376 2424 grandasz
1402 2353 1621 2421 dignam
1642 2353 2004 2419 assumpsisti,

429 2463 661 2518 eamque
695 2447 912 2502 disertis
977 2445 1156 2500 verbis
1185 2444 1508 2514 explicatam
1541 2459 1555 2509 ;
1607 2452 2006 2508 verumtamen,

427 2542 702 2612 quomodo
735 2540 952 2595 medius
985 2539 1125 2594 inter
1153 2538 1278 2592 illos
1297 2534 1676 2605 estSpiritus?
1710 2533 2008 2603 Respondit

427 2637 562 2689 alter
599 2652 610 2686 :
644 2631 934 2696 Nimirum,
969 2630 1046 2685 uti
1082 2630 1321 2698 cognitio
1355 2629 1684 2694 intellectus,
1726 2634 1781 2682 et
1812 2642 2006 2697 appre-

426 2726 622 2781 hensio
675 2723 923 2779 fantasia!
980 2723 1038 2776 in
1103 2737 1272 2776 unum
1338 2734 1667 2776 concurrere
1719 2719 1918 2784 sciunt,
1950 2725 2008 2773 ut

426 2814 698 2884 inspirent
764 2814 1123 2867 voluntatem.
1193 2812 1312 2877 Quo
1358 2809 1578 2864 laudato
1619 2807 1952 2863 :itlanifesta
1987 2848 2003 2876 ,

425 2901 602 2971 inquit
643 2900 1030 2970 Philosophus,
1055 2901 1454 2976 prepositarum
1481 2899 1844 2968 quaestionum
1900 2899 2005 2955 ista

2115 1803 2267 1863 κοςὸ
2312 1804 2590 1873 γεννήτωρ
2651 1803 2846 1874 Πατὴρ
2880 1803 2975 1857 καὶ
3021 1807 3048 1857 6
3089 1805 3346 1872 γεννητὸς
3397 1804 3542 1866 Υἱὸς,
3577 1798 3686 1873 ἄρα

2115 1897 2378 1966 ὁμοφυεῖς
2411 1899 2502 1950 καὶ
2537 1899 2660 1950 κατ’
2693 1897 2861 1966 ἄμφω
2910 1896 3186 1966 ὁμοούσιοι
3233 1894 3510 1962 πεφύκασι
3536 1893 3591 1945 ἕν
3627 1912 3687 1946 τε

2113 1982 2478 2056 τελεύσμασιν
2545 2003 2641 2040 και
2700 2002 3004 2055 νευμασιν;
3069 1987 3214 2054 Ἔφη
3273 1985 3685 2055 όὲτερος·”υν

2114 2083 2316 2152 τρόπον
2344 2081 2405 2134 τὸ
2431 2078 2614 2148 νοερὸν
2641 2080 2706 2148 τῇ
2739 2078 2972 2149 διανοίᾳ,
3004 2078 3243 2145 ἑκατέρα
3275 2077 3530 2130 κοινωνία
3562 2094 3687 2129 συν-

2113 2171 2563 2240 διακελευόμενα.
2597 2169 2697 2238 τῆς
2728 2170 2836 2222 τῶν
2884 2168 3064 2238 μελῶν
3124 2169 3444 2237 διοικήσεως
3499 2169 3684 2221 ἕνεκα.

2117 2265 2260 2333 Ἔφη
2287 2250 2315 2314 6
2347 2263 2631 2330 φιλόσοφος
2657 2279 2671 2293 ο
2698 2262 2955 2330 Γέροντος
2981 2260 3243 2330 ἐρώτημα
3275 2260 3366 2312 καὶ
3387 2261 3685 2331 ἀπήχημο,

2113 2355 2290 2426 ἅτε-δὴ
2321 2357 2415 2408 καὶ
2445 2358 2471 2408 6
2497 2354 2656 2424 λόγος
2706 2353 2926 2424 τρανὺς,
2998 2353 3168 2423 μέσον
3199 2352 3257 2406 δὲ
3278 2352 3463 2404 αὐτῶν
3487 2355 3603 2416 πῶς
3629 2355 3690 2406 τὸ

2114 2443 2337 2515 Πνεῦμα
2365 2465 2378 2512 ;
2415 2445 2558 2516 Ἔφη
2591 2445 2769 2514 αὐτῷ’
2808 2444 3004 2508 Καθὼς
3035 2445 3066 2513 ὴ
3092 2442 3299 2512 γνῶσις
3329 2442 3421 2496 τοῦ
3455 2443 3571 2507 νοις
3595 2446 3689 2496 καὶ

2111 2538 2210 2607 τῆς
2269 2537 2512 2601 διανοίας
2571 2539 2760 2615 όρασιν
2807 2539 3079 2608 συστυχὴν
3136 2539 3319 2591 ἴσασιν
3371 2540 3450 2601 εἰς
3480 2537 3558 2601 ἓν,
3591 2539 3688 2590 ἐὰν

2112 2629 2426 2685 ὲπέπνοιαν.
2473 2630 2531 2683 'U
2565 2629 2630 2683 δὲ
2645 2630 2939 2694 ἐπαινέσας
2967 2630 3152 2697 αὐτὸν,
3175 2631 3468 2700 ἀντέφησεο
3501 2631 3687 2699 Σαφῇς

2112 2721 2424 2792 ὴὲπίλυσις
2483 2723 2589 2776 τῶν
2660 2722 3008 2794 ζητημάτων.
3057 2723 3271 2792 Ὅμως,
3325 2723 3470 2793 Κύρι
3533 2720 3685 2776 Ἐπι-

2113 2816 2294 2885 φάνιε,
2337 2815 2490 2883 λέξον
2539 2816 2672 2886 ἡμῖν
2721 2817 2816 2869 καὶ
2871 2815 3054 2881 αὐτὸς,
3097 2814 3305 2886 πηλίκα
3349 2815 3528 2868 σοιτὰ
3558 2814 3683 2884 τῇδε

2110 2909 2394 2978 ἐφάνησαν
2455 2908 2773 2978 φθέγματα,
2809 2907 2905 2962 καὶ
2946 2907 3263 2978 μελίρῤυτε,
3328 2905 3610 2974 φθέγξοιτο
3649 2908 3683 2976 ἡ

424 2994 628 3048 solutio
657 3003 761 3048 est.
792 2994 1066 3058 Attamen,
1088 2993 1315 3047 Domine
1340 2991 1632 3062 Epiphaui,
1660 2991 1824 3046 dicito
1846 2991 2004 3046 nobis

2110 3000 2331 3068 γλῶσσὰ
2356 3017 2450 3052 σου
2475 3000 2532 3053 τὸ
2557 2999 2855 3069 ὲπαληίὶές.
2890 3000 3033 3068 Ἔφη
3060 3003 3088 3051 6
3131 2998 3449 3067 Ἐπιφάνιος
3468 3015 3483 3028 υ
3521 2998 3681 3049 Ἕνε-

424 3093 480 3137 ιυ
516 3100 732 3154 quoque
762 3123 777 3146 ,
839 3084 1028 3153 quales
1064 3082 1158 3155 tibi
1197 3083 1314 3138 istae
1361 3084 1648 3137 sententiae
1681 3082 1999 3137 videantur:

425 3192 544 3244 age,
567 3173 842 3239 tnelliﬂue,
875 3173 1060 3244 profer
1100 3176 1152 3227 in
1186 3173 1451 3237 medium,
1501 3175 1643 3243 quod
1676 3189 1860 3228 verum
1902 3189 2002 3242 pu-

429 3278 531 3322 tas.
593 3266 906 3335 Respondet
953 3264 1289 3334 Epiphanius
1328 3265 1478 3320 :Mea
1503 3279 1665 3319 causa
1691 3264 1792 3319 iste
1821 3280 2024 3344 sermo

423 3359 707 3414 institutus
733 3368 885 3427 _est,
945 3358 1200 3411 videmini
1266 3371 1501 3426 namque
1560 3357 1792 3424 experiri
1842 3358 1998 3421 velle,

423 3453 553 3521 quid
584 3465 683 3521 ego
721 3450 878 3505 canis
902 3449 1199 3504 vilissimus
1256 3450 1448 3503 sciam.
1505 3446 1869 3502 Nihilominus
1923 3449 2001 3500 lo-

426 3547 627 3608 quatur
662 3551 851 3592 servus
881 3547 1062 3592 ves-ter
1097 3535 1274 3591 verbis
1308 3536 1517 3605 paucis.
1557 3536 1847 3606 chonunl
1878 3538 1952 3590 illi
1989 3556 2006 3592 :

417 3630 476 3686 ld
500 3631 676 3700 ipsum
707 3631 865 3686 nobis
890 3640 1126 3700 gratum,
1163 3631 1516 3697 eharissime,
1545 3632 1731 3702 profer
1757 3634 2000 3702 quaedam

418 3721 487 3776 ad
512 3720 932 3780 instructionem
970 3731 1218 3776 nostram
1274 3737 1339 3777 ex
1373 3721 1522 3777 fonte
1551 3723 1832 3793 sapientiae
1871 3733 1996 3780 tuze.

419 3813 574 3870 Tunc
602 3815 942 3885 Epiphanius
973 3830 988 3870 :
1021 3813 1201 3880 Pater,
1229 3814 1326 3880 ait,
1349 3830 1414 3872 ac
1445 3815 1639 3881 Filius,
1667 3818 1845 3887 quoad
1873 3819 2001 3873 illu-

419 3908 795 3975 minationem,
837 3908 1146 3984 judicium,
1198 3909 1532 3964 voluntatem
1583 3920 1638 3964 et
1701 3911 1995 3966 essentiam

419 4015 584 4054 unutn
617 4009 745 4055 sunt
769 4041 784 4066 ,
813 4000 1272 4072 quemadmodum
1291 4000 1560 4056 binioculi
1581 4001 1759 4069 quoad
1781 4003 1994 4056 eadem.

416 4093 496 4145 Ad
533 4091 649 4147 haec
679 4109 865 4147 unuse
895 4093 1237 4162 pliilOSOphis
1268 4111 1280 4146 :
1306 4092 1426 4158 Quo
1457 4105 1615 4162 pacto
1647 4094 1848 4149 horum
1885 4111 2000 4151 me-

415 4186 539 4238 dius
591 4195 645 4240 et
692 4184 972 4254 Spiritus?
1023 4185 1487 4256 CuiEpipbanius
1525 4187 1682 4252 τρυο
1736 4204 1843 4253 res,
1877 4204 1999 4258 quae

415 4277 813 4333 consideranda
845 4280 1012 4342 venit,
1049 4278 1104 4331 in
1133 4278 1400 4334 ambobus
1451 4279 1626 4332 oculis
1671 4295 1766 4349 per
1833 4281 2001 4334 visie-

2030 3043 2080 3106 ϐ

2112 3109 2208 3144 κεν
2245 3091 2380 3162 ἐμοῦ
2434 3094 2465 3162 ἡ
2521 3093 2680 3161 ῥῆσις
2711 3096 3044 3162 παρατηρεῐ,
3075 3094 3274 3160 πεῖραν
3304 3093 3413 3161 γὰρ
3443 3091 3580 3160 (65),
3609 3090 3687 3152 ὡς
3759 3135 3764 3138 .

2111 3184 2276 3249 ἔοικε,
2320 3184 2580 3253 κυναρίου
2615 3185 3002 3239 εὐτελεστάτου
3059 3184 3244 3238 λαϐεῖν
3309 3183 3684 3254 ὑπειλήφατεο

2109 3275 2250 3346 πλὴν
2277 3276 2342 3330 ἂν
2374 3276 2471 3330 καὶ
2499 3280 2527 3329 6
2557 3277 2782 3347 οἰκέτης
2817 3276 2971 3348 ὑμῶν
3007 3275 3065 3330 ἒν
3096 3276 3508 3348 σεμνολόγημα.
3542 3278 3605 3328 Οἱ
3629 3277 3686 3329 δὲ

2107 3364 2285 3424 εῐπονο
2326 3370 2508 3424 Ταυτὸ
2540 3372 2632 3423 καὶ
2683 3373 2820 3440 ήμῖν
2851 3371 3137 3440 ἐράσμιον,
3192 3369 3440 3438 φίλτατε,
3473 3369 3684 3439 φράσον

2105 3462 2228 3516 τινὰ
2278 3463 2410 3530 ἡμῖν
2469 3463 2774 3533 νεμηθῆναι
2833 3463 2944 3516 ἀπὸ
2993 3464 3095 3528 τῆς
3142 3465 3326 3532 πηγῆς
3352 3462 3452 3528 τῆς
3484 3461 3682 3528 σοφίας

2111 3567 2225 3607 σου.
2272 3553 2588 3621 Ἐπιφάνιος
2645 3552 2830 3619 λέγει’
2889 3553 2948 3604 '0
3007 3550 3200 3622 Πατὴρ
3253 3549 3403 3602 καὶό
3446 3549 3571 3611 Tib;
3609 3547 3666 3598 ἓν

2111 3645 2267 3712 φωτῖ,
2296 3645 2391 3696 καὶ
2444 3643 2648 3710 νεύσει,
2691 3645 2783 3698 καὶ
2813 3643 3104 3714 Θελήμασι,
3137 3643 3229 3696 καὶ
3259 3641 3419 3712 οὐσίᾳ
3445 3657 3458 3671 ·
3487 3639 3681 3707 ὥσπερ

2109 3733 2363 3805 ἑκάτεροι
2426 3734 2698 3806 ὀφθαλμοὶ
2756 3739 2870 3798 τοῖς
2920 3735 3157 3801 νεύσεσι,
3194 3735 3286 3789 καὶ
3342 3735 3680 3804 φωτίσμασι,

2106 3826 2204 3878 καὶ
2253 3825 2580 3896 θελήμασιν.
2633 3822 2730 3889 Εἷς
2783 3829 2848 3880 ἐκ
2879 3827 3085 3880 τούτων
3145 3827 3284 3896 ἔφη·
3318 3827 3442 3885 Πῶς
3475 3825 3679 3895 μεταξὺ

2098 3916 2280 3971 αὐτῶν
2325 3917 2384 3969 τὸ
2415 3918 2682 3988 Πνεῦμα;
2723 3919 3044 3988 Ἐπιφάνιος
3077 3914 3234 3973 εἶπεν
3258 3933 3271 3950 '
3314 3917 3581 3988 Καθάπερ
3620 3915 3679 3968 ἓν

2097 4007 2161 4060 τὸ
2209 4008 2578 4078 κατανοητέον
2635 4011 2722 4063 ἐπ’
2774 4011 3110 4081 ἀμφοτέροις
3167 4009 3231 4063 δι’
3272 4009 3535 4079 ὁράσεως.
3604 4003 3678 4060 Οἱ

2098 4097 2154 4151 δὲ
2185 4099 2520 4164 ἀκούσαντες
2574 4100 2753 4165 τοῦτο,
2817 4101 3138 4174 ἐξέστησανο
3188 4096 3268 4163 εἷς
3299 4101 3357 4155 δὲ
3412 4101 3470 4166 ἐξ
3499 4098 3680 4152 αὐτῶν

2099 4192 2203 4263 ἔφη
2235 4209 2247 4222 ·
2309 4192 2632 4248 Ἀθανασίου
2701 4194 2795 4248 τοῦ
2827 4197 2886 4248 ὲν
2920 4195 3124 4264 Ἀγίοις
3167 4194 3419 4265 ὴνοίξατο
3449 4194 3580 4264 ἡμῖν
3615 4193 3681 4245 τὸ

2102 4286 2278 4356 ῥῆμα-

414 4389 562 4427 nem.
608 4370 704 4428 His
759 4372 962 4428 auditis
1013 4372 1194 4428 mirati
1220 4382 1347 4428 sunt
1398 4375 1658 4441 universi,
1688 4391 1796 4432 uno
1827 4377 1990 4432 etiam
2038 4382 2416 4442 exclamante:
2458 4385 2646 4442 Sancti
2700 4385 2984 4442 Athanasii
3021 4385 3178 4441 nobis
3209 4384 3297 4440 ille
3352 4382 3679 4440 sententiam

413 4471 727 4539 explicavit.
957 4486 962 4494 '
2957 4542 2960 4544 γ

480 4568 574 4623 47.
613 4566 849 4622 Rursum
885 4565 1263 4637 Epiphanius:
1301 4565 1569 4634 Quoniam
1611 4568 1682 4624 ita
1735 4569 1990 4639 placitum

2153 4567 2262 4640 μζ’.
2291 4569 2615 4638 Ἐπιφάνιος
2631 4568 2782 4637 λέγει
2799 4583 2816 4600 ο
2838 4567 2984 4638 Πλὴν
3003 4569 3050 4620 εἰ
3069 4566 3299 4638 ἀρεστὸν
3319 4567 3466 4636 ὑμῖν,
3488 4583 3676 4636 σαρκι-

411 4661 591 4725 vobis,
647 4659 916 4730 corporali
969 4660 1131 4715 etiam
1165 4659 1324 4716 modo
1380 4661 1686 4731 explicabo.
1717 4661 1990 4727 Quemad-

2108 4661 2190 4727 Lt'oc
2215 4663 2394 4732 φήσω.
2423 4661 2636 4732 ’Ὠσπερ
2664 4661 2897 4723 ὀδόντες,
2925 4658 3078 4730 χείλη
3110 4660 3206 4714 καὶ
3237 4657 3481 4727 γλῶσσα,
3510 4659 3566 4711 ὲν
3592 4659 3674 4728 τῷ

411 4753 632 4809 modum
669 4753 881 4818 dentes,
918 4751 1060 4808 labia
1083 4764 1136 4809 et
1154 4753 1360 4824 lingua,
1382 4768 1507 4808 cum
1526 4754 1822 4824 loquimur,
1847 4755 1992 4809 inter

2110 4753 2307 4824 μιλεῖν,
2321 4750 2576 4821 ἀλλήλοις
2590 4750 2772 4820 ληπτὰ
2790 4750 2886 4805 καὶ
2906 4749 3184 4819 σύνδεσμα
3199 4750 3328 4818 περὶ
3339 4749 3438 4820 τὴν
3452 4750 3638 4819 φωνήν
3655 4765 3670 4780 ο

409 4862 470 4900 se
500 4845 790 4913 conjuncta
838 4853 987 4909 sunt,
1050 4853 1109 4899 ut
1145 4860 1247 4900 vox
1310 4843 1618 4899 formetur:
1663 4846 1737 4900 ita
1769 4853 1824 4900 et
1860 4859 1985 4900 cum

2108 4844 2234 4898 δῦτω
2259 4845 2353 4898 καὶ
2377 4844 2405 4896 6
2431 4843 2639 4916 Πατὴρ,
2683 4845 2778 4898 καὶ
2797 4846 2824 4897 6
2842 4844 2971 4906 Υίὸς
2999 4844 3095 4897 καὶ
3120 4842 3182 4896 τὸ
3210 4840 3368 4911 ἆγιόν
3422 4841 3674 4912 Πνεῦμα,

409 4938 566 4990 Patre
601 4945 654 4990 et
700 4934 840 4990 Filio
898 4942 952 4990 et
1003 4944 1193 4991 sancto
1237 4934 1445 5006 Spiritu
1479 4946 1855 5006 comparatum
1888 4947 1991 4993 est.

409 5025 561 5081 Mens
593 5026 770 5092 Pater,
807 5025 1040 5081 Verbum
1073 5024 1265 5094 Filius,
1295 5026 1532 5096 Spiritus
1568 5043 1692 5083 vero
1743 5029 1995 5097 utrisque

409 5119 720 5173 communis
792 5119 1084 5189 cOgitatio,
1141 5117 1440 5172 intellectio
1487 5127 1542 5172 et
1584 5120 1991 5186 contemplatio,

408 5212 582 5282 ipsius
612 5210 963 5279 plenitudinis
987 5223 1262 5264 summum
1289 5223 1354 5263 ac
1403 5209 1847 5264 subtilissimum.
1882 5207 1986 5264 Sed

406 5303 553 5358 aliud
585 5317 805 5373 quoque
827 5300 1171 5369 proferamus
1201 5318 1216 5354 :
1247 5300 1328 5354 sol
1359 5299 1570 5355 Patrem
1603 5307 1776 5363 notat,
1799 5300 1988 5354 radius

410 5393 634 5460 Filium,
665 5394 844 5467 fulgor
874 5392 1088 5448 lucidus
1111 5391 1520 5447 consolatorem
1546 5390 1838 5462 Spiritum.
1871 5390 2020 5446 Con-

478 5558 589 5626 (6‘5)
642 5551 826 5611 'Heav
859 5552 972 5617 καί,
994 5568 1093 5624 pro
1143 5551 1583 5626 quohabebatur
1622 5550 1677 5606 in
1725 5565 1830 5605 ms.
1866 5548 1986 5604 \‘at.

407 5623 699 5698 πρῗλςῆβος
743 5626 1026 5698 ἐκέκτητο,
1062 5623 1294 5698 ἴναείσί,

479 5690 718 5761 (διγιιιε.
747 5693 867 5750 Vat.
901 5690 1094 5749 vitiose
1123 5692 1252 5749 ικαὶ
1279 5691 1555 5758 ἐδεδοίκει,
1593 5690 1713 5744 καθ’
1751 5693 1850 5745 ὅτι.

482 5759 590 5832 (65)
634 5766 898 5821 Insertqu
960 5766 1050 5820 hic
1089 5774 1207 5822 erat
1259 5763 1521 5834 ῳὲοικὼς
1575 5762 1813 5818 ἀλέλετο.
1867 5759 1990 5818 Non

2093 4935 2216 4998 νοῦς
2241 4937 2270 4988 6
2298 4935 2486 5006 Πατὴρ
2509 4935 2680 5003 Λόγος
2696 4935 2724 4988 6
2756 4934 2900 4999 Υἱὸς,
2925 4934 2986 4987 τὸ
3017 4934 3074 4987 δὲ
3108 4933 3331 5002 Πνεῦμα
3351 4933 3438 4987 ἀεὶ
3467 4933 3525 4986 ὲν
3549 4933 3681 4986 ἐκα-

2095 5028 2274 5098 τέροις
2309 5029 2605 5082 ὲπιθέουσα
2638 5027 2822 5082 ἔννοιά
2844 5043 2905 5080 τε
2943 5027 3037 5080 καὶ
3059 5027 3283 5095 διαυγία
3324 5026 3417 5078 καὶ
3445 5025 3674 5093 θεωρία,

2093 5118 2152 5170 τὸ
2189 5117 2277 5171 ἐπ’
2308 5117 2476 5189 ἀκρον
2505 5118 2600 5171 τοῦ
2655 5116 3028 5188 πληρώματος
3077 5117 3171 5169 καὶ
3203 5115 3552 5168 λεπτότατον.
3580 5115 3676 5166 Εἴ-

2097 5225 2290 5279 πωμεν
2313 5209 2368 5262 δὲ
2417 5209 2522 5264 καὶ.
2558 5209 2781 5280 ἑτέρως.
2811 5207 2999 5272 ’Ἥλιος
3030 5207 3129 5278 μὲν
3160 5209 3186 5260 6
3215 5208 3424 5277 Πατὴρ,
3462 5204 3616 5268 ἀκτὶς
3646 5207 3674 5258 6

2096 5299 2246 5363 Υίδςν
2281 5298 2444 5369 αἴγλη
2475 5298 2752 5369 τηλαυγὴς
2784 5297 2846 5350 τὸ
2873 5297 3226 5368 παράκλητον
3255 5295 3516 5365 ⁸Πνεῦμα.
3546 5293 3678 5346 Βλέ-

2098 5390 2236 5460 ψατε
2291 5390 2724 5464 τρισυπόστατον
2777 5387 2908 5458 μίαν
2933 5386 3123 5441 οὐσίαν
3176 5387 3268 5439 ἐπὶ
3289 5385 3367 5456 τῷ
3397 5385 3652 5455 στοιχείῳ

2094 5549 2274 5620 capio.
2316 5547 2563 5607 Habebat
2601 5557 2782 5605 autem
2818 5556 2969 5620 post
2999 5545 3137 5601 duas
3169 5545 3268 5620 has
3313 5541 3536 5620 voculas
3565 5555 3670 5620 ms.

2099 5611 2298 5674 Mazar.
2357 5621 2431 5687 ὡς
2491 5621 2657 5677 ἔοικε.
2704 5611 2891 5685 Βοςὶο,
2922 5617 3150 5687 ideoque
3207 5615 3313 5670 hoc
3355 5616 3533 5684 ipsum
3569 5611 3674 5666 huc

2101 5691 2370 5748 transtuli.
