4148 6426
459 339 568 406 683

1631 341 1813 403 VITA
1854 341 1919 406 Ξ.
1958 341 2289 402 ᾹΝΒΒΕιΈ
2321 341 2519 402 SALI.

3613 347 3722 412 685

463 451 555 503 καὶ
590 446 944 519 θαυμάσατε’
998 446 1163 504 είκὼν
1214 449 1429 522 Πατρδς
1486 451 1658 521 ἥλιος.
1694 454 1851 516 ακτὶς
1880 452 2036 523 ἡλίου

2149 453 2387 510 siderate
2420 453 2510 509 hic
2542 451 2704 509 trium
2732 466 3095 524 personarum
3142 459 3434 515 essentiam
3471 476 3632 516 unam
3670 463 3725 516 iu

458 543 611 608 Υἱὸς,
641 541 822 612 θέρμη
847 542 947 612 τῆς
999 543 1218 602 ἀκτῖνος
1245 545 1309 597 τὸ
1333 544 1598 613 πανάγιον
1644 544 1870 616 Πνεῦμα
1889 560 1902 574 θ
1940 546 2035 599 καὶ

459 639 488 691 ὁ
524 636 622 706 μὲν
654 635 806 705 ἥλιος
854 634 1068 690 οὐδέπω
1134 637 1455 691 καταλείπει
1499 639 1595 691 τὸν
1643 639 1895 707 οὐρανὸν,
1957 638 2035 702 ὡς

462 730 576 782 υἱδν
604 728 662 782 δὲ
695 728 791 792 τὰς
855 730 1079 792 ἀκτῖνας
1110 730 1223 793 τοῖς
1255 730 1348 784 ἐπὶ
1387 731 1490 800 γῆς
1516 730 1862 798 ἀποστέλλει,
1917 730 2044 799 θέρ-

462 838 575 891 μην
625 822 747 883 ταίς
804 822 989 875 ἀκτῖσι
1018 820 1080 875 τὸ
1128 821 1397 891 πανάγιον
1454 822 1680 892 Πνεῦμα
1735 811 2044 892 εὐεργετεῖν

471 912 568 967 καὶ
626 911 858 967 θάλπειν
921 912 983 966 τὸ
1031 913 1139 967 τῶν
1193 912 1498 984 ἀνθρώπων
1555 914 1732 979 γένος.
1799 913 2042 985 Τοιούτῳ

455 1002 644 1073 τρόπῳ
690 1001 784 1056 καὶ
820 1001 850 1054 δ
895 1001 1105 1072 Πατὴρ,
1168 1001 1571 1071 παντοκράτωρ
1621 998 1907 1070 πεφυκὼς,
1952 1000 2044 1054 ἐπὶ

456 1095 561 1164 γῆς
581 1093 642 1147 οὐ
686 1093 979 1164 κατῆλθεν,
1007 1093 1315 1150 ἁπέσταλεν
1367 1093 1426 1149 δὲ
1470 1094 1529 1148 τὸ
1551 1095 1918 1163 ἀπαύγασμα,
1946 1093 2043 1145 καὶ

456 1188 557 1256 τὴν
589 1188 648 1239 ἐν
676 1186 755 1258 τῷ
804 1187 1208 1257 ἀπαυγάσματι
1263 1185 1475 1258 θέρμην
1524 1184 1623 1240 τοῦ
1673 1184 2036 1256 παρακλήτου

461 1276 800 1348 Πνεύματος,
833 1279 929 1332 καὶ
985 1277 1227 1332 σέσωκεν
1286 1279 1388 1348 τὴν
1440 1277 1869 1350 τετραπέρατον.
1906 1276 2041 1344 "Are

456 1369 519 1442 δή
551 1387 644 1439 μοι
674 1370 732 1423 ὲν
796 1368 874 1439 τῷ
900 1368 1074 1439 μέσῳ,
1106 1368 1201 1422 καὶ¹
1232 1367 1398 1421 αὐτὸν
1435 1368 1622 1438 ἄρτον,
1647 1367 1707 1420 ὃν
1743 1364 1867 1421 καθ’
1903 1361 2039 1436 ἡμέ-

463 1479 563 1532 ραν
589 1461 871 1533 ἐσθίομεν,
899 1460 1009 1514 ἀπὸ
1025 1460 1136 1532 γὰρ
1167 1459 1341 1527 σίτου,
1382 1460 1477 1515 καὶ
1498 1458 1710 1525 ὓδατος,
1744 1457 1838 1513 καὶ
1870 1457 2044 1529 πυρὸς

455 1553 554 1624 τὴν
590 1553 892 1621 ταυτότητα
947 1552 1232 1624 κέκτηται,
1289 1547 1371 1617 εἷς
1421 1553 1519 1607 καὶ
1554 1552 1718 1615 αὐτὸς
1779 1553 1844 1606 ἐκ
1872 1552 2043 1624 τριῶν

459 1644 816 1698 ὑποστάσεων
849 1643 1255 1715 γνωριζόμενος
1288 1661 1302 1675 ·
1335 1643 1565 1712 τοιούτῳ
1592 1643 1790 1714 τρόπῳ
1828 1642 2041 1713 ὑπολη-

459 1736 624 1790 πτέον
665 1736 796 1807 περὶ
848 1735 953 1807 τῆς
1010 1735 1448 1808 τρισυποστάτου
1497 1735 1708 1798 ένιαίας
1761 1733 2038 1806 θεότητος.

2147 542 2419 614 principio
2449 557 2574 606 suo,
2606 551 2660 598 et
2691 542 3057 599 admiramini.
3094 543 3274 618 Imago
3296 545 3477 605 Patris
3506 550 3588 605 sol
3617 554 3744 615 est,‘

2145 635 2334 691 radius
2363 636 2497 691 solis
2533 635 2728 702 Filius,
2753 637 2902 693 calor
2936 638 3075 694 radii
3119 637 3355 710 Spiritus
3385 651 3608 699 sanctus
3633 660 3646 697 :
3669 652 3727 699 et

2144 729 2225 784 sol
2257 730 2475 799 quidem
2533 745 2813 801 nunquam
2880 731 3084 787 deserit
3110 733 3348 799 coelum;
3384 735 3566 791 radios
3600 750 3727 791 vero

2147 835 2298 885 suos,
2330 833 2588 891 tanquam
2625 821 2789 889 ﬁlios,
2829 823 3193 880 incolentibus
3223 833 3421 880 terram
3453 826 3727 894 demittit,

2146 912 2326 968 calere
2349 929 2468 979 suo,
2494 914 2792 969 humanum
2822 929 2995 984 genus
3012 925 3355 973 recreaturos
3382 916 3724 989 loturosque.

2148 1002 2412 1059 Similiter
2444 1006 2608 1060 etiam
2635 1005 2812 1071 Pater,
2843 1006 2936 1076 qui
2969 1009 3315 1077 omnipotens
3357 1017 3460 1074 est,
3494 1023 3603 1063 non
3635 1009 3731 1065 de-

2147 1096 2358 1151 scendit
2392 1096 2446 1150 in
2505 1104 2730 1163 terram,
2759 1097 2909 1152 misit
2941 1105 3123 1153 autem
3152 1098 3499 1168 splendorem
3541 1115 3725 1167 suum,

2146 1188 2199 1240 in
2250 1201 2425 1257 eoque
2480 1188 2717 1243 calorem
2777 1186 3015 1258 Spiritus
3043 1190 3427 1256 consolatoris,
3463 1201 3516 1246 et
3547 1192 3729 1247 salvos

2146 1278 2272 1334 fecit
2305 1290 2543 1351 quatuor
2569 1279 2704 1337 ﬁnes
2741 1280 2890 1338 orbis
2931 1290 3110 1338 terrae.
3134 1287 3246 1355 Age
3274 1298 3461 1354 porro,
3486 1282 3729 1353 proferte

2144 1371 2200 1426 in
2258 1371 2497 1427 medium
2547 1372 2698 1426 illum
2757 1373 2934 1443 ipsum
2972 1386 3169 1443 panem
3208 1388 3316 1444 quo
3357 1374 3601 1445 quotidie
3635 1390 3728 1431 ve-

2144 1459 2388 1527 scimur;
2450 1474 2632 1516 nonne
2672 1475 2739 1517 ex
2796 1460 3098 1528 frumento,
3152 1479 3218 1517 ex
3275 1478 3439 1534 aqua,
3500 1472 3553 1519 et
3581 1464 3726 1535 igne,

2144 1550 2467 1607 substantiis
2501 1552 2676 1608 tribus
2702 1551 2958 1620 diversis,
2987 1568 3128 1609 unus
3158 1554 3410 1625 idemque
3449 1556 3603 1626 panis
3635 1572 3728 1613 co-

2148 1644 2432 1714 gnoscitur
2459 1642 2512 1697 in
2542 1642 2700 1698 talem
2732 1642 2964 1700 formam
3014 1645 3307 1702 coaluisse.
3354 1645 3542 1719 Neque
3571 1647 3730 1704 aliter

2143 1734 2474 1804 Opinandum
2502 1742 2586 1791 est
2614 1736 2681 1790 de
2712 1737 2875 1791 unius
2914 1736 3139 1793 Deitatis
3196 1738 3509 1810 triplicitale
3539 1755 3729 1806 perso-

471 1828 834 1893 Ἀκούσαντες
866 1827 924 1881 δὲ
948 1827 1124 1883 ταῦτα
1164 1829 1215 1882 οί
1257 1829 1564 1898 φιὶόσοφοι,
1617 1829 1714 1882 καὶ
1741 1827 2040 1897 ἀντοφθαλ-

2146 1841 2361 1881 narum.
2392 1826 2689 1898 Postquam
2722 1827 2848 1882 talia
2882 1828 3165 1884 audissent
3221 1830 3554 1902 philosophi,
3589 1832 3725 1898 nihil

459 1924 632 1993 μῆσαι
660 1922 739 1994 τῷ
767 1922 992 1994 μείρακι
1023 1921 1099 1993 μὴ
1127 1921 1428 1994 ἰσχύοντες,
1461 1921 1914 1991 καταπλαγέντες
1943 1923 2042 1993 τὴν

458 2014 626 2069 αὐτοῦ
664 2015 859 2085 σοφίαν
893 2016 986 2069 καὶ
1028 2013 1268 2079 σύνεσιν,
1317 2013 1505 2067 οὐκέτι
1529 2013 1662 2084 περί
1696 2029 1851 2078 τινος
1876 2015 2043 2086 συζή-

456 2123 615 2177 τησιν
641 2108 998 2178 ὶποιήσαντο,
1028 2105 1129 2177 τὴν
1162 2104 1293 2175 παρ’
1324 2103 1490 2159 αὐτοῦ
1545 2104 1782 2170 δεδιότες
1810 2106 2044 2159 ἀντεπε-

463 2196 722 2270 ρὼτησιν,
760 2197 837 2269 μὴ
871 2196 1323 2268 καταισχυνθῶσι
1347 2197 1597 2270 καθάπερ
1624 2199 1747 2253 τινὰ
1779 2201 2043 2270 σοφιστὴν

458 2292 693 2347 ἐνώπιον
742 2292 921 2363 δήμου
978 2291 1322 2363 κατῄσχυνεν
1349 2328 1366 2357 ,
1426 2291 1605 2362 φήσας
1647 2292 1789 2363 πρὸς
1835 2293 2041 2347 αὐτόν’

460 2384 725 2456 ϐρύλαιον
774 2384 888 2455 (66)
937 2384 1217 2455 πτερῶδες
1278 2384 1518 2455 ἦργηται
1549 2384 1638 2439 διὰ
1690 2385 2045 2457 θέσιν,ἢούκ

458 2474 700 2545 ἤργηται
720 2491 735 2541 ἱ
755 2474 922 2529 Τοῧδε
944 2476 1015 2544 γᾶ
1024 2493 1053 2547 ρ
1070 2462 1436 2546 inﬂuit-59h;
1471 2477 1676 2541 ἐκεῖνος
1707 2479 1932 2547 εὐήκοος
1949 2495 2045 2548 γε-

458 2565 677 2635 votuero;
691 2605 706 2631 ,
730 2566 938 2631 γελοῖον
957 2566 1174 2621 πάντων
1188 2567 1560 2621 ἀπεδείκνυτψ
1585 2569 1695 2622 τῶν
1709 2568 1816 2641 γὰρ
1846 2569 2044 2640 Αρείου

459 2660 809 2732 λυκοκέρκων
862 2660 1081 2730 μυστῶν
1145 2656 1228 2724 εἷς
1287 2659 1677 2731 ἐχρημάτιζεν.
1757 2660 2048 2715 Ἀναστάν-

458 2765 552 2815 τες
569 2747 665 2807 οὖν
684 2753 865 2823 σιωπῇ
879 2750 977 2821 τῆς
1000 2749 1303 2821 τραπέζης,
1323 2748 1460 2820 πρὸς
1486 2747 1557 2803 τὰ
1585 2749 1762 2803 οίκεῖα
1782 2748 2043 2821 ἐχώρουν.

2144 1918 2443 1990 quidquam
2470 1920 2802 1989 reperientes
2825 1921 3351 1993 quodadolescentis
3368 1924 3725 1994 prudentibus

2145 2010 2324 2066 eﬂ'atis
2356 2021 2710 2081 opponerent,
2747 2012 3001 2069 admirati
3035 2023 3165 2071 sunt
3206 2014 3559 2072 vehementer
3591 2033 3729 2086 pra:-

2145 2104 2350 2159 claram
2379 2102 2527 2161 illius
2558 2104 2881 2174 sapientiam
2904 2114 3069 2177 atque
3103 2107 3495 2175 eruditionem,
3521 2108 3727 2164 nullam

2150 2195 2271 2251 ausi
2323 2195 2580 2266 deinceps
2619 2211 2841 2253 movere
2886 2199 3241 2269 qumstionem
3269 2215 3381 2271 prae
3411 2201 3628 2269 timore,
3664 2216 3732 2256 ne

2151 2286 2295 2342 forte
2325 2287 2441 2358 ipse
2474 2289 2717 2344 vicissim
2734 2290 3013 2360 quidpiam
3037 2291 3357 2348 solvendum
3385 2306 3729 2363 proponeret,

2152 2381 2299 2436 unde
2326 2380 2834 2450 coniunderentur’;
2858 2385 3318 2455 quemadmodum
3350 2400 3523 2457 nuper
3545 2383 3734 2454 sophi-

2151 2482 2291 2529 stam
2318 2475 2632 2545 quempiam
2666 2485 2948 2546 spectante
2981 2477 3183 2548 populo
3214 2476 3500 2549 insigniter
3532 2475 3732 2533 contn-

2152 2567 2330 2633 derat,
2367 2568 2448 2622 sic
2493 2576 2880 2637 percunctatus
2917 2587 2932 2625 :
2966 2568 3153 2625 Trulla
3181 2570 3324 2626 sitne
3353 2586 3417 2626 ex
3448 2571 3732 2642 proposito

2152 2668 2367 2726 ansata,
2396 2674 2465 2714 an
2497 2648 2649 2715 nun?
2673 2658 2806 2726 Quae
2838 2661 3003 2716 verba
3041 2676 3166 2717 cum
3204 2661 3408 2719 sciolus
3444 2663 3547 2718 iste
3570 2660 3732 2716 audi-

2154 2754 2259 2812 ret,
2312 2749 2559 2804 omnium
2588 2750 2722 2804 risui
2752 2759 2837 2806 est
2863 2749 3144 2819 expositus
3182 2766 3197 2804 :
3235 2759 3352 2806 erat
3399 2762 3639 2820 namque
3665 2762 3730 2802 ex

459 2844 788 2901 Arianorum
851 2842 1226 2899 sacerdotibus
1282 2857 1445 2899 unus.
1503 2841 1684 2909 Quare
1754 2843 2079 2915 philosOph‘,
2121 2845 2283 2901 tacite
2331 2844 2515 2900 relicta
2568 2856 2754 2900 mens:
2846 2853 3151 2914 surgentes,
3204 2843 3426 2901 domum
3463 2859 3522 2901 se
3574 2856 3728 2901 suam

462 2940 696 3012 quisque
726 2938 1097 2995 contulerunt.

1892 3056 2124 3115 CAPUT
2167 3055 2277 3110 Vll.

463 3173 814 3246 Epiphanius,
840 3172 1066 3230 Andreae
1095 3172 1401 3244 familiaris,
1425 3172 1632 3229 obvium
1663 3173 1814 3299 habet
1842 3178 2040 3299 arenae»:

1745 3265 1771 3299 ε
1821 3262 1956 3299 reme
1998 3262 2040 3299 ta

2157 3211 2175 3236 ,
2198 3178 2248 3225 et
2278 3176 2553 3295 terluatur:
2596 3166 2681 3223 cui
2705 3167 2770 3223 ab
2795 3168 3007 3224 Andrea
3049 3167 3207 3240 hujus
3244 3175 3385 3225 artes
3419 3169 3730 3227 aperiuntur

2144 3256 2328 3299 aaeruu
2348 3255 2445 3295 .ur.

1745 3256 1792 3299 et
1821 3255 2048 3300 ιἐηιεαια
2071 3255 2445 3315 suggeruntur.

534 3366 651 3431 μην,
686 3358 771 3422 Ὠς
792 3358 851 3413 δὲ
871 3356 1089 3430 εἴρηται
1110 3355 1422 3430 ἔμπροσθεν
1446 3358 1528 3413 ὅτι
1548 3359 1707 3428 χεῖρα
1732 3360 1869 3429 πρὸς
1892 3360 2040 3431 χεῖρε

2214 3356 2307 3414 48.
2341 3355 2768 3414 Ambulantibus
2812 3356 3018 3427 itaque,
3043 3356 3253 3427 junctis
3292 3355 3437 3414 inter
3454 3371 3516 3414 se
3546 3361 3730 3417 mani-

461 3450 680 3521 κρατῶν
706 3451 800 3505 τὸν
830 3450 987 3520 ἅγιον
1021 3451 1283 3520 Ἀνδρέαν
1310 3452 1339 3506 ὀ
1377 3451 1694 3522 Ἐπιφάνιος
1716 3490 1733 3518 ,
1762 3450 2055 3523 ζητοῦντες

464 3539 720 3611 εὔκαιρον
756 3539 920 3595 τύπον
950 3539 1046 3594 τοῦ
1076 3540 1338 3611 ὁμιλῆσαι
1368 3577 1386 3605 ,
1435 3540 1486 3593 οί
1536 3539 1908 3603 συναντῶντες
1963 3539 2042 3612 τῷ

477 3633 780 3705 Ἐπιφανίῳ
843 3631 1194 3705 δικαζόμενοι
1259 3630 1449 3701 ἔλεγον
1482 3647 1496 3663 ’
1550 3630 1665 3685 Οὐκ
1714 3630 1887 3695 ἐλεεῖς
1940 3630 2040 3702 τὴν

465 3723 696 3780 σεαυτοῦ
735 3723 965 3796 νεότητα
990 3741 1006 3791 ;
1049 3723 1126 3794 μὴ
1154 3722 1360 3786 τοίνυν,
1390 3719 1698 3792 γλυκύτατε
1724 3720 1932 3787 νεανία,
1962 3718 2040 3790 τῷ

462 3817 824 3890 δαιμονιαρίῳ
874 3816 1048 3888 τούτῳ
1088 3817 1184 3873 καὶ
1247 3813 1396 3886 σαλῷ
1440 3813 1909 3884 συμπαρεδρεύων
1946 3814 2042 3867 καὶ

464 3909 864 3981 συνοδοιπορῶν
887 3910 1062 3981 αὐτῷ,
1095 3909 1172 3981 μή
1202 3924 1334 3963 ποτε
1372 3909 1401 3962 ὀ
1441 3905 1681 3978 πονηρὸς
1713 3904 1881 3961 αὑτοῦ
1924 3905 2041 3959 δαί-

466 4020 584 4073 μων
649 4002 872 4074 ζηλώσῃ
924 4018 1022 4055 σου
1068 4002 1130 4054 τὸ
1181 3998 1401 4064 κάλλος,
1439 3997 1539 4068 τὴν
1585 3996 1917 4069 ὡραιότητα,
1941 3997 2043 4051 ’καὶ¹

461 4095 640 4166 ἔρωτά
663 4112 746 4149 σοι
771 4094 994 4165 θέμενος
1012 4092 1374 4166 παρακρούσῃ
1409 4108 1504 4145 σου
1530 4108 1544 4124 ο
1573 4089 1755 4146 ἱκαναὶ
1769 4090 1879 4159 γάρ
1902 4090 2040 4143 εἰσιν

460 4191 518 4243 αἱ
548 4188 851 4259 προφάσεις
885 4186 979 4242 τοῦ
1002 4185 1179 4240 δεινοῦ
1205 4185 1598 4257 πολεμήτορος.
1628 4183 1687 4238 ’0
1712 4183 1769 4237 δὲ
1787 4181 2040 4253 θεοφιλὴς

461 4282 681 4345 νεανίας
706 4278 1148 4350 ἀνταπεκρίνατο
1191 4278 1375 4342 αὐτοῖς
1401 4282 1432 4348 ’ί
1453 4277 1698 4346 ’Δδελφοὶ
1733 4277 1828 4331 καὶ
1859 4277 2037 4330 Πατέ-

462 4392 578 4447 ρες,
615 4375 724 4445 πρὸ
765 4373 860 4428 τοῦ
888 4371 1147 4443 γενέσθαι
1180 4371 1271 4425 τὸν
1298 4370 1524 4444 ὄλεθρον
1570 4369 1760 4425 τοῦτον
1803 4369 1892 4423 ἐπ’
1936 4369 2037 4424 αὺ-

459 4466 570 4533 τὸν,
597 4465 908 4538 προσφιλής
939 4480 1031 4536 μοι
1058 4462 1275 4537 ὑπῆρχε
1306 4463 1450 4528 λίαν,
1490 4463 1587 4517 καὶ
1637 4464 1672 4534 ἠ
1722 4463 1939 4533 ἀγάπη,
1971 4462 2039 4533 ἢν

463 4558 603 4629 πρὸς
653 4555 922 4628 ἀλλήλους
956 4556 1198 4628 εἴχομεν,
1256 4554 1590 4626 ἀσύγκριτος
1634 4550 1704 4627 ἦν
1736 4571 1751 4586 ·
1793 4553 1890 4609 νῦν
1941 4548 2036 4608 οὖν

460 4648 605 4721 ὑπὲρ
633 4650 757 4705 ὅσον
782 4647 1011 4713 ἔπαθεν,
1037 4646 1362 4719 εὐχάριστόν
1414 4646 1562 4701 ἐστιν
1611 4645 1689 4717 μὴ
1740 4644 2033 4716 προσέχειν

2142 3450 2269 3516 bus,
2311 3450 2777 3521 quemadmodum
2833 3464 3002 3521 supra
3039 3451 3370 3508 mentionem
3403 3451 3585 3509 facere
3615 3469 3733 3509 me-

2144 3540 2303 3606 mini,
2326 3539 2537 3597 sanctis
2592 3540 2810 3596 Andrea
2842 3550 2899 3596 et
2946 3539 3275 3612 Epiphanio,
3320 3545 3728 3613 quaerentibus-

2142 3643 2252 3700 que
2302 3639 2675 3700 opportunum
2729 3626 3048 3685 conferendi
3090 3630 3234 3685 inter
3284 3644 3344 3686 se
3373 3630 3597 3699 locum;
3630 3635 3727 3705 qui

2143 3722 2362 3779 obviam
2392 3722 2620 3788 ﬁebant,
2650 3721 2958 3790 arguebant
3014 3719 3400 3794 Epiphanium,
3434 3724 3676 3781 dicentes
3710 3747 3725 3783 :

2140 3814 2377 3872 Nullane
2416 3814 2725 3885 juventutis
2787 3814 3063 3869 miseratio
3092 3825 3144 3870 te
3182 3824 3291 3870 tuas
3343 3816 3510 3888 capit,
3539 3819 3727 3875 adole-

2141 3920 2305 3963 scens
2358 3905 2724 3962 suavlssime?
2754 3902 2899 3971 Noli,
2950 3920 3310 3974 qr:a:so,cum
3360 3907 3584 3965 homine
3609 3911 3729 3975 illo,

2141 4010 2258 4055 tum
2288 4013 2320 4054 a
2350 3998 2597 4055 daemone
2623 3999 2861 4065 incesso,
2893 4004 3008 4052 tum
3038 4012 3068 4052 a
3095 4006 3242 4054 statu
3260 3999 3461 4056 mentis
3490 4000 3724 4072 dcjecto,

2142 4099 2237 4146 aut
2270 4089 2726 4148 consuetudinem
2765 4097 2862 4144 aut
2915 4089 3233 4146 societatem
3276 4090 3416 4146 inire
3453 4108 3562 4148 :ne
3587 4093 3729 4149 forte

2140 4196 2378 4252 nequam
2402 4181 2550 4238 illius
2571 4162 2926 4246 daemonium,
2957 4182 3390 4252 pulchritudinis
3417 4182 3727 4255 dignitatis-

2139 4290 2248 4347 que
2273 4284 2382 4330 tuaa
2409 4273 2678 4341 invidum,
2710 4273 2918 4330 amoris
2935 4273 3178 4329 simulati
3207 4275 3391 4346 specie
3424 4275 3730 4335 circumve-

2142 4370 2254 4422 uiat
2279 4366 2702 4439 supplantetque
2733 4374 2822 4432 te;
2857 4365 3108 4436 plurimae
3131 4366 3276 4422 enim
3301 4376 3433 4424 sunt
3463 4370 3727 4439 gravissi-

2138 4460 2216 4514 mi
2244 4459 2395 4515 illius
2428 4459 2733 4515 adversarii
2762 4459 3220 4515 machinationes.
3262 4460 3473 4528 Quibus
3500 4465 3574 4520 ita
3599 4464 3729 4536 Epi-

2138 4552 2378 4622 phanius
2407 4552 2689 4622 respondit
2720 4568 2735 4606 :
2770 4550 2995 4608 Fratres
3037 4551 3372 4624 Patresque,
3403 4555 3723 4626 priusquam

2140 4644 2247 4701 iste
2270 4653 2634 4716 occuparetur
2664 4659 2696 4701 a
2718 4643 3122 4711 cacodaemone,
3177 4659 3438 4717 perquam
3470 4650 3606 4706 mihi
3644 4649 3725 4705 fa-

461 4759 531 4815 με
564 4740 759 4794 τοῦτον
784 4740 880 4795 καὶ
909 4740 1081 4794 ἐλεεῖν
1110 4755 1124 4771 ·
1156 4738 1474 4810 γέγραπται
1504 4737 1615 4808 γὰρ
1635 4738 1728 4791 ἐπὶ
1750 4738 2036 4810 συνδέσμῳ

2144 4739 2371 4794 miliaris
2443 4737 2693 4804 exstitit;
2732 4737 3106 4807 eharitasque,
3155 4752 3261 4808 qua
3290 4737 3433 4793 inter
3466 4754 3568 4794 nos
3601 4740 3726 4795 dili-

460 4831 668 4903 φιλίας,
701 4829 940 4895 Μείζονα
962 4828 1165 4901 ταύτης
1191 4827 1418 4905 ᾁγάπην
1450 4830 1629 4894 οὐδεὶς
1661 4827 1799 4900 ἔχει,
1835 4829 1924 4883 ἴνα
1951 4846 2037 4894 τις

461 4923 529 4994 θῇ
558 4924 658 4995 τὴν
683 4921 866 4995 ψυχὴν
900 4921 1068 4976 αὐτοῦ
1098 4922 1242 4992 ὑπὲρ
1278 4922 1391 4977 τῶν
1422 4922 1596 4995 φίλων
1624 4921 1812 4977 αὑτοῦ.
1848 4919 2038 4977 Ταῦτα

459 5015 1038 5087 ἀνταπεκρίνατοδτοίς
1068 5013 1141 5069 τὰ
1183 5015 1409 5073 τοιαῦτα
1456 5014 1708 5084 λέγουσιν
1745 5028 1763 5046 ο
1812 5028 2035 5084 παραγ-

455 5107 645 5177 γελίαν
674 5109 786 5179 γὰρ
812 5102 958 5178 εἶχεν
985 5109 1043 5160 ὲν
1088 5106 1241 5177 νόμῳ
1284 5106 1395 5160 ἀπὸ
1435 5107 1532 5162 τοῦ
1570 5105 1780 5161 δικαίου
1817 5103 2032 5175 ἀνδρὸς,

453 5199 614 5263 ἐκτὸς
642 5200 758 5263 τοῖς
781 5197 1088 5261 νεανίσκοις
1112 5199 1224 5260 τοῖς
1253 5196 1542 5265 ἀγαπῶσιν
1568 5196 1756 5263 αὐτὸν,
1793 5193 1870 5266 μὴ
1894 5196 2032 5248 ἁπο-

455 5293 745 5362 τυμνῶσαι
770 5296 870 5364 τὴν
896 5291 1173 5348 πολιτείαν
1199 5289 1365 5345 αὑτοῦ
1396 5309 1528 5347 τινι.

2143 4831 2428 4903 gebamus,
2491 4839 2642 4886 tanta
2688 4828 2818 4896 fuit,
2872 4835 2934 4885 ut
2963 4829 3101 4884 nihil
3130 4844 3507 4899 supra:nunc
3554 4832 3722 4901 igitur

2142 4936 2269 4976 cum
2333 4921 2388 4979 in
2447 4918 2814 4976 calamitatem
2882 4918 3026 4974 hanc
3082 4918 3295 4987 incidit,
3326 4934 3455 4973 num
3501 4936 3717 4992 mquum

2141 5012 2373 5085 putatis,
2426 5012 2635 5068 nullam
2688 5026 2776 5067 me
2803 5010 3004 5066 misero
3043 5024 3265 5082 operam
3300 5025 3522 5077 navare,
3555 5015 3721 5072 tuis:-

2141 5105 2433 5162 ricordiam
2498 5104 2756 5159 exhibere
2806 5103 3069 5158 nullam?
3141 5102 3429 5174 Scriptum'
3465 5108 3718 5162 estenitn

2142 5198 2212 5254 de
2264 5197 2566 5253 amicorum
2626 5194 3059 5265 conjunctione:
3098 5212 3118 5246 ι
3174 5193 3720 5266 Majoremhacdile-

2140 5290 2375 5346 ctionem
2422 5302 2585 5344 nemo
2634 5286 2816 5353 habet,
2858 5294 2916 5340 ut
2945 5285 3183 5341 animam
3224 5289 3380 5344 suam
3408 5300 3573 5360 ponat
3595 5292 3720 5362 quis

456 5399 558 5455 pro
612 5383 805 5445 amicis
871 5383 991 5440 suis
1043 5382 1087 5437 ⁵.
1147 5401 1167 5435 ι
1227 5386 1404 5454 Atque
1433 5383 1551 5439 haec
1593 5383 1888 5454 responsio
1917 5392 2037 5440 erat
2072 5382 2384 5455 Epiphanii',
2419 5397 2529 5452 qua
2558 5395 2716 5435 suam
2755 5396 2880 5437 cum
2911 5379 3126 5436 Andrea
3170 5380 3595 5438 luutiliaritatem
3630 5383 3714 5437 iu.

521 5521 546 5552 ι
567 5517 733 5576 Joan.
776 5533 869 5583 xv,
902 5516 993 5574 l5.

486 5632 497 5641 ’
527 5630 640 5698 (ὓῦ)
701 5628 846 5694 Quid
875 5631 965 5687 hic
989 5632 1319 5698 Τρούλλαιον
1341 5629 1366 5685 ?
1391 5628 1529 5684 infra
1559 5628 1614 5684 in
1651 5627 1848 5685 Mazar.
1889 5631 2030 5686 scri-

454 5702 600 5758 bitur
628 5699 928 5769 τρούλλιον,
958 5703 1012 5755 in
1041 5698 1309 5758 Vaticano
1335 5700 1673 5771 ’Eueipzov.
1694 5698 1893 5770 Utique
1936 5715 2033 5755 vas

444 5780 715 5830 ntanuate
760 5778 814 5824 et
867 5772 1188 5841 rotundum,
1243 5772 1405 5843 quale
1435 5770 1516 5828 est
1548 5770 1734 5840 trulla,
1763 5786 1884 5843 qua:
1912 5786 2036 5843 pro-

2136 5642 2259 5704 pter
2311 5641 2521 5704 aptatas
2553 5633 2601 5687 ei
2648 5648 2813 5688 ansas
2862 5632 3158 5704 πτερῶδες,
3185 5637 3340 5704 quasi
3394 5635 3565 5699 alata,
3597 5632 3715 5690 ﬁeri

2140 5701 2395 5777 diciturl_
2422 5701 2540 5758 Non
2597 5713 2777 5758 tamen
2812 5701 3157 5775 satis'capio
3189 5701 3341 5777 Quid
3380 5707 3469 5764 hic
3499 5706 3713 5763 elenchi

2140 5773 2303 5831 lateat
2332 5773 2596 5832 adversus
2629 5777 2882 5834 Arianos.
3069 5773 3083 5775 “
3206 5773 3222 5777 ⁷
3246 5802 3249 5805 ν
