4148 6446
429 307 532 369 6‘37

1490 264 1918 368 NlCEPllORl
1961 309 2437 373 PRESBYTERI
2474 313 2583 373 cr.

3464 382 3465 385 η
3578 330 3681 395 688

423 416 767 478 cusantibus,
823 430 882 470 se
915 416 1203 485 purgabat.
1237 415 1571 485 Praeceptum
1630 433 1866 488 namque
1899 421 1999 474 viri
2038 423 2212 477 sancti
2263 439 2362 494 pro
2411 425 2528 494 lege
2578 424 2681 480 sibi
2774 423 3071 479 inviolabili
3148 430 3457 498 reputabat,
3487 438 3696 498 scilicet

426 517 478 564 ut
513 523 613 561 nec
641 508 732 576 qui
820 508 939 576 ejus
999 509 1211 563 vivendi
1284 509 1633 575 institutum,

424 599 817 657 manil’estarct.

1704 521 2066 581 praeterquam
2135 514 2573 572 adolescentibus
2657 514 2962 580 nonnullis.
3053 521 3307 575 eumdem
3391 528 3697 584 curantibus

493 696 584 752 49.
618 697 844 751 lnvento
869 695 1086 752 tandem
1108 696 1229 753 loco
1248 704 1578 767 Opportune,
1599 699 1969 753 consederunt
1992 714 2007 764 ;

2177 696 2285 769 μον,
2321 697 2587 767 Εὺρόντες
2619 696 2806 765 τόπον,
2837 697 3243 768 ἐκαθέσθησαν,
3278 689 3373 753 καὶ
3403 701 3699 775 διηγήσατο

425 789 702 857 οωρὶιιιυε
764 788 1107 858 Epiphanius
1158 789 1224 844 de
1248 802 1482 845 occursu
1534 789 1827 856 daemonis,
1850 791 1902 844 in
1926 791 2012 845 via

2116 792 2132 844 5
2167 790 2503 858 Ἐπιφὰνιος,
2548 790 2698 852 ὅπως
2733 789 2885 860 αὐτῷ
2923 790 3262 861 συνήντησεν
3311 794 3370 844 ἐν
3412 794 3476 865 τῇ
3520 797 3620 865 ὀδῷ
3667 803 3694 853 5

427 880 534 937 sibi
596 880 764 944 facto,
805 881 1173 935 narrationem
1220 880 1526 937 instituere.
1571 881 1896 943 Simulabat,
1930 881 2011 935 in~

426 972 650 1044 quiens,
685 988 968 1043 aspersum
1001 973 1203 1028 canitie
1250 988 1459 1043 senem,
1508 974 1829 1045 praeferebat
1857 973 2015 1029 babi-

432 1076 547 1120 tutn
581 1064 908 1119 mercatoris
954 1065 1211 1134 Agareni,
1237 1064 1426 1121 oculos
1482 1065 1715 1121 habebat
1747 1075 1927 1121 torvos
1952 1080 2015 1121 ac

430 1156 660 1222 feroces,
713 1155 903 1224 quales
958 1156 1073 1211 fere
1131 1156 1245 1228 (67)
1297 1169 1579 1213 taurorum
1639 1172 1761 1213 esse
1788 1159 2011 1214 solent:

429 1246 763 1302 induebatur
794 1246 1181 1301 vestimentum
1208 1248 1446 1316 nigrum,
1477 1256 1533 1303 et
1570 1247 1784 1303 calceos
1812 1264 2014 1318 purpu-

428 1338 506 1392 rei
565 1337 786 1392 coloris.
854 1336 901 1391 ls
959 1339 1262 1394 ambulanti
1321 1340 1455 1393 mihi
1514 1339 1729 1394 obviam
1792 1339 2011 1396 lactus:

426 1429 619 1484 Nonne
673 1439 753 1493 tu,
822 1431 1019 1501 inquit,
1074 1430 1219 1488 ﬁlius
1258 1431 1513 1498 Joainiis,
1556 1447 1718 1502 quem
1761 1432 2014 1488 homines

428 1522 584 1576 aiunt
616 1537 714 1592 pro
745 1520 917 1576 nihilo
947 1521 1151 1578 habere
1177 1523 1486 1578 diabolum?
1520 1520 1861 1593 Hypocritam
1894 1523 2014 1593 agis

425 1613 640 1667 ratione
694 1611 802 1668 mei
827 1631 842 1669 :
872 1616 1091 1669 tendam
1116 1630 1216 1686 ego
1246 1614 1346 1670 tibi
1361 1624 1630 1677 casses,et
1668 1615 1789 1670 lacu
1817 1614 2014 1671 eﬂ‘osso

427 1704 737 1774 illaqucabo
791 1715 864 1769 te,
928 1716 1188 1777 tuamque
1221 1707 1319 1761 tibi
1341 1709 1505 1764 ollam
1561 1708 1834 1774 condiam,
1866 1709 2013 1778 quod

428 1799 676 1854 consiliis
701 1799 840 1853 meis
865 1797 1156 1860 obnitaris.
1189 1798 1340 1853 Talia
1384 1799 1709 1855 blatterante
1736 1799 1881 1855 malo
1904 1801 2013 1855 die-

433 1906 621 1957 mone,
652 1900 703 1945 et
732 1891 908 1945 minas
934 1890 1277 1961 iujuriasque
1324 1890 1624 1961 ingerente,
1657 1906 1793 1962 pene
1820 1894 2010 1947 exani-

429 1993 615 2040 matus
664 1998 823 2040 sum:
894 1985 1172 2040 admirans
1226 1983 1370 2039 unde
1424 1983 1474 2040 is
1519 1984 1650 2039 mihi
1689 1985 2012 2053 occurrerit,

427 2092 669 2144 quocum
710 2076 846 2131 nihil
877 2091 1114 2146 unquam
1172 2075 1444 2132 sermonis
1495 2075 1735 2144 contuli;
1768 2086 1864 2132 aut
1888 2077 2013 2147 quis

427 2168 521 2224 ille
581 2169 876 2224 intentator
915 2168 1048 2230 litis,
1101 2167 1191 2224 ille
1239 2167 1545 2236 terriﬁcus,
1590 2167 1681 2223 ille
1734 2167 2014 2224 minitator

427 2260 616 2329 fuerit,
656 2277 779 2316 cum
818 2278 916 2318 nec
953 2261 1178 2317 viderim
1207 2271 1358 2326 ante,
1399 2276 1501 2317 nec
1531 2261 1876 2332 cognoverim
1905 2277 2012 2317 un-

427 2369 620 2425 quam,
671 2355 836 2425 plane
900 2369 987 2410 mc
1046 2354 1206 2423 l'ugit.
1235 2354 1413 2424 Atque
1454 2354 1550 2408 illa
1585 2353 1846 2423 cogitanti
1877 2354 2013 2409 mihi

425 2446 723 2521 animoque
744 2447 1022 2517 pendenti,
1055 2454 1263 2501 tremor
1284 2453 1341 2500 et
1382 2453 1754 2501 consternatio
1786 2445 2015 2500 incessit

425 2538 788 2594 intolerabilis
821 2554 835 2590 :
865 2536 1039 2592 donec
1064 2537 1175 2593 huc
1219 2537 1507 2601 accedens,
1560 2536 1775 2592 obviam
1806 2535 2015 2591 saucii-

429 2633 527 2686 tati
587 2640 694 2686 tuzc
739 2628 919 2685 lactus
968 2645 1109 2695 sum,
1140 2641 1341 2685 cuncta
1391 2629 1547 2695 mihi,
1605 2637 1664 2683 ut
1692 2639 2013 2695 evenerunt,

427 2723 701 2779 narranti.
751 2720 889 2776 Tum
919 2735 1080 2777 orsus
1130 2720 1381 2777 Andreas
1419 2722 1773 2792 :Agarenus,
1815 2721 2013 2792 inquit,

424 2814 807 2880 dilectissime,
830 2828 992 2884 quem
1015 2828 1311 2881 memoras,
1342 2814 1562 2870 centum
1618 2815 2013 2870 daemoniorum

430 2907 650 2963 cohorti
710 2915 941 2976 praeest;
977 2906 1278 2961 industrius
1299 2904 1595 2961 admodum
1626 2920 1692 2960 ac
1724 2914 2011 2971 strenuus.

425 3009 488 3055 ut
521 2996 799 3060 homines,
835 2996 892 3051 in
917 2996 1093 3050 stadio
1125 2996 1328 3050 amoris
1361 2996 1452 3050 Dei
1511 2996 1765 3050 alacriter
1783 3009 2014 3065 progre-

424 3090 663 3156 dientes,
695 3098 1006 3159 expugnet;
1066 3102 1367 3155 eorumque
1411 3086 1626 3141 animas
1676 3086 1872 3142 leniter
1916 3086 2015 3142 de-

426 3181 742 3246 mulcendo,
801 3181 872 3236 ad
922 3194 1123 3252 pravas
1167 3179 1517 3250 cupiditates,
1565 3178 1634 3234 ad
1677 3178 2015 3237 titillationes

424 3275 631 3338 carnis,
679 3272 750 3327 ad
789 3272 1069 3327 lasciviam
1099 3272 1334 3342 denique
1365 3272 1619 3327 adducat.
1655 3270 2013 3342 Quapmpter,

424 3370 504 3426 tili
532 3370 881 3435 cbarissime,
913 3377 966 3424 te
1001 3369 1256 3432 obsecro,
1286 3383 1467 3423 rerum
1508 3376 1730 3423 tuarum
1785 3377 1845 3422 ut
1872 3378 2017 3424 sata-
2039 3398 2086 3463 Ο

428 3479 550 3535 gas,
610 3475 945 3534 operamque
988 3459 1106 3524 des,
1131 3474 1202 3514 ne
1232 3465 1286 3515 te
1314 3459 1521 3515 lateant
1573 3458 2010 3515 machinationes

427 3556 660 3613 inimici.
721 3554 1169 3624 Circumspectus
1225 3553 1412 3623 itaque
1464 3562 1520 3608 et
1548 3551 1677 3623 vigil
1702 3560 1758 3608 et
1793 3552 2014 3609 sobrius

424 3658 546 3705 esto
574 3649 629 3703 iu
684 3646 962 3712 onmibus,
989 3644 1251 3716 quoniam
1284 3643 1535 3709 tenellus,
1558 3652 1615 3699 et
1658 3642 2008 3711 delicatulus,

421 3749 478 3797 et
513 3739 876 3796 suavissimus
908 3752 969 3794 es
992 3756 1009 3795 :
1032 3737 1263 3808 ideoque
1290 3735 1475 3793 l‘urore
1518 3738 1698 3808 agitur
1723 3736 2011 3793 adversum

423 3843 480 3888 te
537 3832 809 3904 superbus
867 3830 1063 3896 hostis,
1103 3831 1233 3900 quia
1280 3836 1332 3885 te
1397 3840 1666 3885 sacratum
1718 3829 1832 3886 Deo
1854 3829 2009 3886 dica-

423 3933 653 3995 tumque
684 3922 929 3989 voluisti,
953 3922 1136 3979 oblata
1176 3921 1277 3993 ipsi
1313 3922 1704 3993 pretiosissima
1762 3921 2010 3992 corporis

420 4015 501 4070 tui
539 4014 854 4086 margarita.
890 4010 1105 4070 invidet
1147 4029 1312 4086 porro
1365 4015 1506 4071 idem
1553 4015 1877 4072 matedictus
1910 4016 2009 4071 bo-

419 4106 524 4161 stis
556 4114 707 4161 tuum
747 4105 847 4162 tibi
876 4105 1178 4177 ingenium,
1232 4107 1730 4173 mansuetudinem,
1786 4108 2009 4178 sapien-

421 4199 557 4254 tiam
615 4199 899 4255 errorlbus
968 4214 1076 4255 non
1135 4210 1536 4268 aspersam,et
1564 4200 2003 4261 castimoniam:

2117 882 2386 946 Σατανᾶς,
2414 883 2486 945 ὡς
2517 884 2697 951 γέρων
2732 881 3165 953 πεπολιωμένος,
3197 886 3502 958 Ἀγαρηνοῠ
3527 892 3696 959 ἒμπά-

2120 992 2215 1048 ρου
2267 975 2453 1047 σχῆμα
2494 976 2662 1046 ἔχων,
2688 977 2813 1040 τοὺς
2842 975 3154 1046 ὀφθαλμοὺς
3189 979 3530 1049 ἠγριωμένος
3560 985 3699 1039 κατὰ

2116 1071 2209 1124 τὸν
2265 1070 2363 1123 τοῦ
2399 1072 2522 1142 βοὸς
2554 1072 2666 1143 (67)
2716 1071 2910 1140 τύπον,
2958 1072 3438 1145 περιϐεϐλημένος
3488 1078 3698 1148 ἱμάτιον

2120 1160 2311 1227 μέλαν,
2330 1160 2388 1213 ὲν
2419 1159 2764 1230 ὀστρακίνοις
2795 1162 3139 1237 ὑποδήμασιν
3170 1168 3236 1235 τῇ
3274 1170 3456 1238 χροιᾷ.
3482 1171 3698 1235 Μεταξῦ

2117 1246 2211 1300 οὖν
2237 1247 2347 1300 τῶν
2377 1248 2722 1303 διοδευόντων
2752 1252 3094 1321 συναντήσας
3125 1253 3230 1323 ἔφη
3268 1272 3392 1323 μοι’
3423 1258 3554 1329 Οὐχὶ
3580 1263 3645 1315 σὺ
3669 1266 3701 1318 ὁ

2118 1338 2232 1401 υἱὸς
2274 1337 2551 1403 Ἰωάννου,
2590 1342 2717 1409 περὶ
2746 1336 2807 1394 οὗ
2843 1358 3010 1411 φασιν
3036 1345 3086 1396 oi
3120 1344 3425 1417 ἄνθρωποι.
3452 1366 3697 1405 καταπε-

2116 1428 2424 1498 πατηκέναι
2442 1444 2525 1481 σοι
2549 1429 2638 1483 τὸν
2664 1430 2939 1500 διάϐολονς
2967 1432 3371 1506 Ύποκριτικῶς
3399 1438 3540 1507 ἔχεις
3564 1444 3701 1511 πρός

2120 1538 2210 1591 με,
2245 1520 2356 1590 ἐγώ
2387 1538 2446 1574 σε
2478 1520 2659 1589 πλέξω
2681 1523 3122 1595 ἀμφίϐληστρον,
3148 1531 3244 1581 καὶ
3274 1529 3478 1584 λάκκον
3499 1530 3699 1603 ὀρύξας

2119 1612 2439 1682 συμποδίσω
2469 1631 2550 1680 σε,
2578 1614 2692 1683 ἐγώ
2727 1631 2811 1668 σοι
2842 1615 3066 1685 ἀρτύσω
3100 1618 3311 1690 κύθραν
3340 1620 3456 1691 (68)
3482 1662 3498 1686 ,
3548 1624 3703 1677 ὲνανι-

2116 1707 2207 1760 τία
2238 1709 2364 1776 ἐμοὶ
2393 1708 2872 1780 διαπραττομένῳ.
2918 1708 3105 1763 Ταῦτα
3133 1710 3228 1766 τοῦ
3260 1713 3504 1784 πονηροῦ
3532 1715 3704 1785 φλυα-

2116 1790 2362 1862 ροῦντος,
2410 1795 2522 1864 ἐγὼ
2581 1796 2722 1867 πρὸς
2779 1797 2881 1860 τὰς
2925 1797 3090 1852 αὑτοῦ
3140 1800 3377 1865 ἀπειλὰς
3456 1806 3551 1858 καὶ
3603 1807 3706 1871 τὰς

2116 1884 2305 1955 ὕϐρεις
2333 1885 2635 1958 ὲξιστάμην
2667 1904 2682 1919 ’
2719 1888 2887 1944 πόθεν
2928 1890 3037 1960 ἄρα
3080 1906 3173 1961 μοι
3218 1896 3574 1964 συνήντησεν,
3628 1899 3703 1968 μή

2116 1994 2248 2030 ποτε
2281 1979 2617 2049 συνάραντός
2660 1997 2767 2048 μου
2813 1981 2973 2050 λόγον
3010 1982 3131 2053 μετ’
3161 1985 3462 2051 αὐτοῦ,τίς
3511 1988 3568 2042 δὲ
3610 1996 3708 2042 καὶ

2046 2054 2086 2109 Β
2118 2067 2355 2139 ὑπάρχει
2383 2069 2485 2123 οὐκ
2520 2071 2846 2141 ἐπίσταμαι,
2875 2074 2903 2126 ό
2927 2071 3084 2137 δίκας
3112 2091 3202 2144 μοι
3233 2076 3706 2149 εἰσπραττόμενος

2115 2159 2366 2229 ἐκφοϐῶν
2406 2178 2475 2232 με
2526 2162 2622 2216 καὶ
2672 2163 3089 2236 ἀπειλούμενος,
3138 2167 3167 2219 ό
3195 2167 3321 2236 ἐμοὶ
3360 2169 3707 2241 ἀγνώριστος

2115 2254 2213 2309 καὶ
2242 2253 2494 2320 ἀθέατος.
2528 2254 2714 2310 Ταῦτα
2744 2256 3189 2329 διαλογιζομένου
3214 2277 3319 2330 μου
3347 2262 3443 2315 καὶ
3464 2253 3707 2337 ἀπορου-

2118 2347 2310 2419 μένου,
2345 2348 2532 2413 κλόνος
2555 2366 2625 2417 με
2660 2350 2971 2421 περιέσχεν,
3003 2350 3102 2405 καὶ
3123 2352 3363 2423 τάραχος
3387 2354 3664 2427 ἀφόρητος
3684 2371 3703 2389 ⁰

2117 2442 2212 2496 καὶ
2244 2440 2322 2506 ὡς
2371 2441 2559 2499 ἐνθάδε
2600 2443 3039 2514 περιερχόμενος
3095 2446 3411 2514 συνήντησα
3438 2449 3508 2518 τῇ
3538 2449 3709 2518 ἁγιω-

2118 2535 2275 2608 σύνῃ,
2310 2534 2370 2589 τὸ
2396 2537 2504 2590 πᾶν
2529 2553 2622 2607 μοι
2650 2535 2897 2606 ἀψευδῶς
2922 2537 2955 2608 ἡ
2991 2536 3058 2609 σὴ
3102 2539 3447 2612 μακαριότης
3493 2543 3709 2611 ἀπεγί-

2120 2646 2357 2700 μνωσεν.
2395 2630 2541 2701 Ἔφη
2572 2629 2710 2700 πρὸς
2740 2629 2902 2682 αὑτὸν
2932 2633 2961 2683 ό
2997 2631 3185 2695 "Octo;
3218 2646 3234 2662 ·
3279 2632 3340 2685 '0
3393 2633 3703 2706 Ἀγαρηνὸς

2116 2720 2346 2786 ἐκεῖνος,
2372 2720 2596 2789 φίλτατέ
2629 2736 2740 2788 μοι,
2789 2719 3186 2791 ἑκατόνταρχος
3240 2721 3516 2792 δαιμόνων
3560 2741 3705 2795 χρη·-

2119 2813 2362 2883 ματίςει,
2393 2812 2542 2866 ἐστιν
2573 2812 2632 2866 δὲ
2660 2812 2864 2882 δραξὴς
2905 2811 3042 2884 (69),
3073 2813 3157 2876 είς
3196 2814 3255 2866 τὸ
3284 2815 3541 2888 πολεμεῖν
3573 2818 3707 2883 τοὺς

2116 2905 2558 2976 ἀγωνιζομένους
2598 2906 2737 2975 πρὸς
2762 2905 2917 2972 Θεὸν,
2941 2907 3035 2958 καὶ
3053 2905 3217 2962 ὠθεῖν
3247 2907 3388 2978 πρὸς
3410 2910 3711 2979 ἀσεὶγείας

2116 2996 2216 3058 τὰς
2242 2994 2421 3065 ψυχὰς
2454 2996 2567 3049 τῶν
2589 2995 2916 3066 ἀνθρώπων,
2942 2995 3152 3065 θέλγων
3190 2999 3358 3063 αὐτὰς
3401 3003 3479 3064 εἰς
3511 3002 3719 3055 ἐπιου-

2120 3085 2250 3157 μίας
2300 3088 2534 3158 αἰσχρὰς
2581 3087 2676 3140 καὶ
2721 3087 3158 3159 γαργαλισμούς.
3218 3089 3288 3142 Σὲ
3333 3086 3467 3157 οὖν,
3513 3078 3719 3147 τέκνον

2116 3180 2424 3251 ἀγαπητὸν,
2471 3180 2800 3253 παρακαλῶ,
2864 3182 3102 3253 πρόσεχε
3152 3183 3382 3238 σεαυτὸν
3405 3225 3420 3252 ,
3470 3187 3606 3244 καὶ,
3642 3188 3725 3259 μὴ

2117 3274 2306 3342 ἀγνόει
2343 3273 2510 3328 αὐτοῦ
2545 3274 2614 3328 τὰ
2647 3275 3042 3345 μηχανήματα.
3077 3276 3223 3346 Ὅρα
3271 3277 3349 3341 δὲ,
3402 3279 3730 3352 ἐγρηγορό-

2118 3365 2241 3438 θητι
2267 3366 2364 3421 καὶ
2389 3366 2526 3437 νῆφε
2551 3366 2610 3419 ἐν
2637 3368 2830 3434 πᾶσιν,
2851 3366 3040 3437 ἐπειδὴ
3071 3366 3281 3432 ἁπαλὸς
3307 3367 3403 3422 καὶ
3432 3373 3683 3444 τρυφερ³
3700 3389 3731 3436 ς

2117 3454 2190 3524 εἴ,
2224 3459 2322 3512 καὶ
2346 3458 2468 3512 λίαν
2497 3458 2761 3529 ἡδύτατος
2796 3473 2810 3488 ⁸
2850 3459 2947 3513 καὶ
2982 3458 3175 3514 ἕνεκεν
3221 3458 3416 3515 τούτου
3455 3461 3733 3534 μέμηνεν

2119 3551 2260 3606 κατὰ
2295 3550 2391 3604 σοῦ
2422 3552 2452 3605 ό
2495 3551 2872 3623 ὑπερήφανος,
2914 3550 3033 3605 ἀνθ’
3084 3544 3161 3607 ὦν
3190 3551 3272 3622 τῷ
3313 3552 3434 3624 Θεῷ
3478 3558 3737 3611 σεαυτὸν

2117 3643 2414 3715 ἀνέθηκας,
2446 3644 2846 3716 προσαρμόσας
2888 3642 3058 3697 αὐτοῦ
3090 3644 3153 3698 τδ
3198 3645 3583 3716 μαργαρῶδες
3620 3649 3729 3701 τοῦ

2120 3735 2217 3790 σοῦ
2254 3736 2511 3805 σώματος
2544 3750 2560 3769 ο
2605 3737 2702 3789 καὶ
2752 3733 3033 3807 φθονήσας
3070 3748 3164 3790 σου
3198 3736 3300 3807 τὴν
3334 3737 3586 3803 σύνεσιν,
3617 3742 3728 3811 τὴν

2115 3829 2424 3901 πραότητα,
2468 3830 2571 3900 τὴν
2611 3828 3011 3900 καθαρωτάτην
3057 3830 3275 3898 σορίαν,
3314 3829 3413 3902 τὴν
3459 3832 3729 3900 ἁγνείαν,

2116 3924 2215 3978 καὶ
2244 3923 2561 3996 διαπρίεται
2590 3921 2851 3995 μεμηνὼς
2879 3923 3023 3977 κατά
3062 3923 3157 3977 σοῦ
3188 3927 3218 3978 ό
3255 3926 3603 3995 κατάρατος,
3654 3928 3731 3983 δι’

2113 4016 2175 4070 ὃν
2204 4013 2268 4081 ἐξ
2313 4016 2443 4085 ὅλης
2488 4015 2718 4086 καρδίας
2753 4032 2848 4069 σου
2886 4017 3111 4087 ἀγαπᾷς
3150 4017 3244 4072 τὸν
3286 4016 3421 4071 Θιδν
3451 4019 3557 4073 καὶ
3592 4022 3737 4086 τοὺς

2117 4110 2332 4178 ἁγίους,
2356 4110 2484 4172 τοὺς
2511 4108 2580 4161 δι’
2609 4107 2776 4162 αὑτὸν
2801 4108 2864 4162 τὺ
2919 4101 3061 4177 αἷμα
3083 4110 3400 4180 ἐκχέοντας,
3445 4110 3546 4165 διὰ
3568 4110 3737 4185 ζωὴν

2113 4201 2212 4272 τὴν
2244 4198 2465 4253 αἰώνιον
2504 4198 2600 4252 καὶ
2629 4199 2732 4270 τὴν
2755 4197 2986 4270 ἄπειρον
3016 4200 3420 4271 μακαριότητα.

419 4290 693 4361 furiisque
739 4291 975 4362 agitatus
1013 4289 1072 4345 in
1138 4299 1288 4345 tuam
1350 4289 1622 4345 incumbit
1673 4290 2005 4360 perniciem,
2042 4288 2332 4361 propterea
2355 4289 2501 4360 quod
2527 4302 2593 4343 ex
2670 4298 2785 4346 toto
2811 4291 2976 4346 corde
3037 4290 3208 4348 Deum
3238 4292 3450 4363 diligis,
3475 4296 3739 4369 ejusque

420 4396 645 4441 sanctos
694 4384 956 4452 lionoras,
990 4383 1086 4456 qui
1115 4382 1210 4441 Dei
1234 4392 1289 4440 et
1340 4383 1467 4440 vita:
1498 4392 1715 4440 aeternae
1778 4398 1843 4439 ac
1873 4383 2296 4441 interminabilis
2353 4383 2713 4441 beatitudinis
2776 4398 2943 4441 causa
3008 4386 3332 4456 sanguinem
3387 4399 3559 4443 suum
3589 4406 3737 4461 pro-

555 4483 703 4534 runt,

555 4483 703 4534 runt,

419 4474 587 4625 (uti.
620 4567 779 4625 Disce
811 4569 981 4641 igitur
1001 4584 1166 4640 quam
1196 4566 1486 4640 diligenter
1523 4567 1917 4640 perscrutanda
1939 4568 2011 4623 sit

2175 4570 2241 4621 νβ.
2274 4564 2421 4634 Ὅρα
2454 4558 2574 4624 πῶς
2604 4558 2961 4631 ἀκριϐολογιῐ
2993 4559 3095 4630 τὴν
3126 4558 3224 4613 τοῦ
3257 4561 3507 4631 πονηροῦ
3546 4569 3739 4622 κακό-
3806 4558 3813 4564 ’

420 4662 497 4728 ei,
538 4662 632 4732 qui
686 4662 742 4716 in
814 4662 1014 4717 timore
1046 4660 1143 4717 Dei
1190 4669 1246 4717 et
1274 4661 1504 4717 veritate
1547 4660 1813 4726 ambulat,
1846 4660 2012 4715 male-

2116 4675 2253 4715 νοιαν
2289 4655 2429 4728 μετὰ
2469 4653 2639 4724 φόϐου
2678 4649 2816 4704 Θεοῦ
2851 4651 2952 4705 καὶ
2980 4651 3246 4722 ἀληθείας
3284 4654 3690 4724 πορευόμενος
3713 4684 3729 4699 .

418 4730 654 4808 volentia
682 4753 909 4824 pessimi
963 4752 1255 4809 dictionis.
1307 4751 1510 4822 Subige
1534 4750 1760 4823 ieiuniis
1789 4762 2012 4820 corpus,

2116 4748 2378 4814 bmiaCé
2404 4760 2501 4802 σου
2525 4744 2588 4799 τὸ
2618 4743 2784 4814 σῶμα
2809 4743 3086 4816 νηστείαις
3105 4780 3122 4808 ,
3148 4745 3244 4797 καὶ
3267 4745 3340 4798 τά
3363 4743 3468 4815 τῆς
3500 4753 3738 4820 σαρκὸς

419 4855 475 4901 et
514 4860 736 4901 carnem
787 4843 1160 4900 lascivientem
1187 4845 1352 4899 doma
1382 4860 1397 4898 :
1423 4843 1595 4897 indue
1646 4843 2010 4898 humilitatem

416 4952 518 5007 pro
562 4938 927 5005 vestimento;
994 4936 1224 5006 prolixis
1276 4934 1451 5007 gaude
1483 4935 1774 5005 precibus;
1813 4948 2010 4991 sensus

417 5031 672 5101 corporis
724 5043 919 5086 omnes
945 5042 1115 5097 puros
1146 5037 1201 5083 et
1256 5028 1719 5083 incontaminatos
1745 5029 1963 5083 custodi
1988 5068 2002 5081 .

512 5185 603 5256 67)
634 5184 973 5256 Ecgrapbum
1014 5194 1266 5241 nostrum
1322 5185 1578 5256 habebat,
1619 5181 1760 5256 κατὰ
1791 5182 1852 5236 τὸ
1909 5179 2006 5234 τοῦ

419 5257 541 5330 βοὸς
559 5253 746 5330 τόπον.
764 5253 937 5310 Notus
966 5270 1035 5330 εξ
1065 5256 1298 5319 Codino,
1331 5255 1502 5330 Locus
1541 5253 2010 5330 borianun‘cupa-

418 5322 506 5383 ius
540 5328 631 5381 ubi
662 5329 855 5381 l'ornax
887 5324 1153 5380 aediﬁcata
1178 5334 1297 5379 erat
1317 5322 2007 5394 capacissimaqprzelercus

419 5407 581 5468 caput
603 5397 784 5453 bovis.
823 5396 945 5468 Sed
969 5397 1099 5465 quid
1129 5398 1232 5450 hoc
1259 5398 1326 5449 ad
1351 5392 1543 5450 oculos
1565 5394 1591 5450 τ
1610 5392 1755 5468 Ergo
1788 5392 2006 5468 proco.

420 5462 520 5523 πον
548 5506 565 5534 ,
634 5469 830 5539 scripsi
883 5462 1079 5534 τύπον,
1122 5474 1181 5520 ut
1228 5479 1428 5520 sensus
1489 5469 1561 5520 sit
1586 5492 1617 5531 ,ο
1660 5465 1729 5518 ad
1778 5462 2003 5518 modum

424 5540 604 5594 bovis.

496 5609 609 5679 (68)
662 5606 764 5662 Ms.
827 5604 1029 5679 Vatic.
1070 5607 1244 5679 ἀρτιῶ
1284 5624 1313 5679 γε
1361 5605 1501 5661 llas.
1564 5602 1772 5674 ἀρτύω.
1806 5601 2004 5679 __Malui

420 5671 640 5746 ἀρτύσω
670 5678 746 5749 (id
766 5686 851 5735 est
876 5671 1153 5744 condiam,
1186 5678 1330 5735 unde
1350 5685 1403 5732 et
1427 5671 1649 5746 ἄρτυμα
1683 5671 2004 5749 condimen-

428 5744 560 5816 tum)
598 5744 826 5805 ut'cum
872 5750 1305 5819 praecedentibus
1345 5744 1725 5806 concordaret.
1777 5744 2003 5818 Κύθραν

2118 4840 2516 4912 σκιρτήματα’
2567 4836 2868 4910 περισαλοῦ
2904 4837 3003 4910 τὴν
3057 4837 3584 4910 ταπεινοφροσύνην
3650 4846 3739 4910 ὡς

2119 4932 2364 5002 ἱμάτιονο
2396 4931 2456 4984 ἐν
2492 4932 2617 4994 ταῖς
2646 4926 2836 5000 εὐχαῖς
2866 4927 3170 4999 φαῶρύνου
3219 4928 3679 4999 εὐφραινόμενος
3716 4953 3739 4969 ο

2113 5025 2362 5095 φύλασσε
2391 5025 2575 5088 πάσας
2598 5024 2698 5085 τὰς
2724 5020 3014 5094 αἰσθήσεις
3039 5020 3136 5077 τοῦ
3185 5019 3438 5092 σώματός
3479 5038 3589 5078 σου
3625 5044 3739 5081 κα-

2115 5189 2294 5235 autem
2331 5193 2432 5250 pro
2465 5178 2672 5250 χύτραν
2700 5179 2865 5250 ollam
2913 5176 3168 5250 usurpari
3199 5174 3735 5250 hic,_manifestum
3806 5196 3809 5199 λ

2110 5253 2204 5306 liet
2258 5247 2351 5322 ex“
2388 5247 2660 5322 num.__5l
2692 5289 2709 5316 ,
2770 5248 2863 5303 ubi
2916 5247 3242 5322 diminutive
3282 5247 3488 5322 dicitur
3519 5250 3742 5322 κυθρί..

2108 5322 2240 5377 διον.
2274 5320 2371 5375 Est
2398 5334 2529 5390 ergo
2554 5319 2760 5375 locutio
2796 5317 3177 5390 proverbialis,
3205 5332 3317 5390 qua
3335 5319 3461 5387 quis
3505 5317 3744 5379 diceret

2109 5392 2272 5461 o/fam
2313 5391 2408 5446 tibi
2453 5388 2683 5459 inferam
2708 5431 2723 5455 ,
2755 5388 2839 5444 vet
2890 5389 3026 5461 quid
3072 5389 3274 5456 simile,
3302 5388 3360 5442 id
3384 5396 3475 5443 est
3535 5404 3742 5460 pana;

2109 5459 2239 5516 nit/ii
2271 5464 2562 5526 dabis,vel,
2593 5461 2876 5530 rependam
2918 5459 3014 5513 tibi
3039 5460 3225 5513 vicem.

2181 5534 2295 5605 (69)
2359 5530 2595 5603 Δραξὴς,
2651 5547 2782 5586 num
2831 5530 3109 5605 694019;,
3136 5530 3278 5585 idem
3305 5541 3524 5605 sonans
3568 5533 3736 5605 quod

2106 5598 2374 5675 δράστῆρ,
2404 5598 2679 5664 strenuus,
2709 5598 2982 5675 expeditus
3005 5598 3033 5653 7
3065 5598 3144 5656 Ita
3166 5614 3301 5657 sane
3325 5598 3736 5661 ναίοιμι-(διδ.

2111 5671 2250 5732 hiat.
2282 5671 2411 5748 legit
2431 5675 2621 5745 ταχὺς,
2647 5671 2805 5730 celer.
2838 5671 3027 5727 Recte.
