4148 6408
452 396 563 459 639

1623 395 1802 456 VITA
1841 395 1902 456 S.
1949 394 2279 456 ANDREE
2325 397 2521 458 SALl.

3609 401 3722 465 6θῦ

453 509 628 576 capi;
653 505 748 560 καὶ
774 505 1095 575 ἀρυπὼτους
1123 524 1132 536 ·
1165 507 1423 573 ἐπιθυμεῖ
1442 507 1548 578 γὰρ
1597 510 1624 560 6
1674 508 2032 578 παμπόνηρος

2142 510 2186 563 id
2245 511 2390 565 enim
2423 510 2827 567 studiosissime
2887 511 2998 582 agit
3062 511 3317 569 inimicus
3368 514 3726 571 sceleratissi-

453 599 682 669 μολῦναι
714 601 814 666 τὴν
850 602 1082 671 καρδίαν
1111 618 1228 664 σου,
1273 603 1367 655 καὶ
1421 601 1609 654 δοῦλον
1637 603 1740 670 τῆς
1776 603 2033 671 ἀκαθαρ-

457 691 581 754 σίας
635 693 1080 761 ἀπεργάσασθαι,
1134 697 1200 763 τῇ
1255 694 1463 764 φοϐερᾷ
1494 694 1687 765 γεέννῃ
1719 693 1812 748 τοῦ
1859 697 2031 764 πυρὸς

454 784 817 840 καταδικάσαι
849 786 1119 840 σπεύδων.
1187 787 1355 855 Ὅγὰρ
1393 786 1564 839 ποιῶν
1597 785 1695 857 τὴν
1733 786 2032 855 ἁμαρτίαν,

452 873 640 936 δοῦλός
685 876 804 928 ἐστι
833 878 929 940 τῆς
962 878 1237 948 ἁμαρτίας
1257 895 1270 908 ⁸
1292 879 1561 948 ἑκατέρας
1576 879 1633 932 δέ
1650 879 1746 948 τῆς
1773 876 2035 948 ἐργασίας

453 965 549 1019 δύο
579 969 718 1021 είσὶν
750 970 799 1021 ci.
834 968 1178 1039 ἐξάρχοντες,
1217 973 1314 1040 τῆς
1347 971 1448 1040 μὲν
1482 971 1830 1040 δικαιοσύνης
1860 971 1889 1022 6
1924 971 2035 1022 Κύ-

457 1075 596 1128 ριος,
631 1059 727 1126 τῆς
769 1059 824 1111 δέ
873 1060 1153 1129 ἁμαρτίας
1197 1062 1224 1112 6
1272 1059 1536 1122 διάϐολος.
1591 1060 1663 1111 Σὺ
1702 1059 1815 1122 οὖν,
1847 1057 2035 1111 τέκνον

457 1148 736 1218 φίλτατον,
773 1149 866 1205 τοῦ
910 1152 1116 1222 Κυρίου
1157 1152 1330 1223 Ἰησοῦ
1367 1152 1531 1222 μενοῦ
1561 1150 1663 1220 τῆς
1691 1150 2036 1220 δικαιοσύνης

461 1239 762 1311 προσφιλὴς
797 1242 1060 1311 ἐργάτης,
1089 1243 1185 1296 καὶ
1206 1242 1432 1311 φυλάξει
1463 1259 1522 1295 σε
1563 1241 1785 1312 Κύριος,
1818 1242 1914 1294 καὶ
1942 1257 2040 1309 της

458 1335 612 1401 ρήσει
649 1348 708 1384 σε
744 1335 772 1386 6
807 1333 1095 1402 Ὕψιστος,
1115 1335 1210 1388 καὶ
1237 1336 1270 1404 ἡ
1307 1333 1528 1405 βοήθεια
1558 1331 1729 1386 αὐτοῦ
1757 1331 1908 1384 ἐσται
1938 1331 2038 1384 κύ-

456 1424 571 1494 κλῳ
600 1441 718 1487 σου,
754 1423 849 1476 καὶ
905 1428 1017 1488 τοῖς
1070 1427 1324 1493 ἀγγέλοις
1376 1423 1544 1478 αύτεῦ
1585 1424 1882 1478 ἐντελεῖται
1909 1423 2040 1492 περὶ

458 1517 574 1580 σοῦ,
611 1517 706 1569 τοῦ
738 1515 1067 1584 διαφυλάξαι
1123 1534 1181 1570 σε
1235 1519 1292 1570 ἐν
1336 1517 1482 1588 πάσῃ
1530 1515 1633 1586 ὀδῷ
1685 1531 1801 1570 σου.
1835 1514 2040 1584 Θάρσει

454 1608 548 1662 οὖν
603 1610 695 1662 καὶ
739 1608 814 1680 μὴ
860 1607 1050 1678 φοϐοῦ,
1108 1608 1243 1678 μηδέ
1294 1608 1542 1661 δειλιάτω
1597 1625 1693 1660 σου
1745 1608 1779 1676 ἡ
1818 1606 2038 1677 καρδία,

463 1700 628 1752 αὐτὸν
658 1699 1111 1770 ἐπικαλούμενος.
1146 1698 1336 1752 Ταῦτα
1377 1699 1592 1752 ἀκούων
1634 1699 1662 1750 6
1693 1698 1888 1768 σεμνὸς
1919 1714 2016 1752 νεα

462 1792 600 1856 νίας,
629 1791 702 1854 ὡς
735 1790 1116 1862 μαργαρώδεις
1149 1790 1390 1860 ὄμϐρους
1418 1792 1482 1844 ἐκ
1509 1791 1617 1846 τῶν
1646 1789 1912 1858 ὀμμάτων
1941 1788 2040 1841 αύ-

456 1883 554 1936 τοῦ
605 1883 816 1953 δάκρυα
862 1882 1148 1946 ἐστάλαξε,
1201 1882 1416 1951 βρέχων
1476 1883 1575 1952 τὴν
1630 1881 1820 1950 τιμίαν
1873 1880 2040 1934 αὐτοῦ

2139 617 2284 665 mus,
2337 611 2396 658 ut
2447 603 2632 658 anima
2666 613 2753 659 tua
2786 603 2927 660 laede
2951 617 3334 674 conspurcata,
3375 607 3723 662 incontinen»

2142 693 2231 748 tia:
2287 704 2512 762 peccato
2569 696 2873 766 subjectum
2940 705 2992 753 te
3045 698 3099 751 iu
3147 699 3411 754 terribilis
3467 701 3728 769 gehennae

2141 783 2320 854 ignem
2353 791 2682 855 quantocius
2724 789 3047 860 praecipitet.
3079 790 3182 857 Qui
3248 791 3392 847 enim
3438 802 3721 861 peccatum

2141 881 2470 946 committit,
2513 898 2704 937 servus
2749 893 2834 937 est
2873 883 3075 952 peccati
3111 902 3124 938 :
3160 893 3215 938 et
3263 885 3722 954 quemadmodum

2141 971 2253 1026 duo
2313 983 2442 1028 sunt
2473 990 2702 1044 operum
2736 989 2954 1044 genera,
3010 976 3088 1032 sic
3135 984 3182 1031 ct
3216 975 3323 1030 duo
3349 991 3540 1032 eorum
3573 977 3730 1044 prin-

2141 1065 2315 1136 cipia;
2370 1065 2601 1136 iustitia:
2645 1067 2891 1136 quidem,
2937 1082 3228 1137 supremus
3293 1069 3415 1123 caeli
3462 1078 3727 1136 terraque

2142 1157 2448 1226 Dominus;
2493 1159 2800 1230 iniquitatis
2861 1174 3013 1225 vero,
3046 1159 3319 1216 diabolus.
3369 1159 3448 1213 Tu
3512 1160 3723 1229 itaque,

2144 1247 2218 1302 ﬁli
2273 1247 2368 1312 mi,
2402 1245 2488 1302 fac
2548 1248 2831 1315 iniustitia
2871 1249 3077 1306 Christi
3119 1249 3336 1304 Domini
3390 1251 3647 1306 ardenter
3673 1261 3727 1306 et

2142 1338 2384 1394 studiose
2442 1350 2498 1395 te
2573 1355 2873 1407 exerceas;
2929 1350 2981 1397 et
3050 1350 3295 1412 proteget
3374 1351 3427 1395 te
3481 1341 3723 1396 vicissim

2145 1430 2427 1498 Dominus,
2463 1441 2517 1487 et
2571 1433 2918 1488 conservabit
2943 1433 3304 1501 Altissimus;
3361 1433 3725 1488 circunuiabit

2144 1533 2194 1580 te
2225 1525 2428 1579 auxilio
2481 1541 2604 1592 suo,
2640 1537 2694 1582 et
2729 1527 3003 1582 mandabit
3063 1527 3270 1597 angelis
3320 1527 3437 1582 suis
3464 1525 3530 1580 de
3559 1534 3632 1592 te,
3665 1534 3726 1579 ut

2143 1617 2459 1672 custodiant
2509 1627 2561 1673 te
2611 1619 2666 1673 in
2719 1619 2974 1674 omnibus
3021 1620 3125 1674 viis
3187 1618 3316 1674 tuis.
3358 1617 3530 1672 Macte
3562 1617 3725 1687 igitur

2142 1708 2344 1764 virtute
2397 1717 2539 1774 esto,
2566 1710 2731 1764 timor
2776 1710 2954 1766 omnis
2999 1726 3028 1764 a
3059 1710 3223 1764 corde
3267 1709 3497 1773 exsulet,
3536 1723 3599 1762 ac
3638 1709 3724 1761 iu-

2142 1816 2276 1856 voea
2305 1801 2616 1858 Dominum.
2640 1802 2832 1858 lslhazc
2853 1785 3082 1857 Andreae
3119 1803 3324 1855 monita
3350 1817 3475 1856 cum
3503 1800 3724 1868 excipe-

2144 1902 2226 1950 ret
2272 1897 2500 1952 auribus
2550 1896 2778 1953 illustris
2809 1897 3144 1960 adolescens,
3194 1895 3502 1965 proﬂuxcre
3550 1893 3724 1946 oculis
3795 1903 3804 1910 '

454 1976 577 2044 ὅφιν
607 1992 621 2007 ⁸
654 1977 915 2039 ἔκστασις
947 1977 1058 2045 γὰρ
1099 1977 1373 2046 περιεῖχεν
1420 1975 1611 2039 αὐτὸν,
1650 1976 2039 2044 ἐνωτιζόμενον

2149 1988 2346 2044 uberes
2379 1989 2742 2060 lacrymarum
2809 1989 3013 2044 imbres
3047 1988 3313 2042 unionum
3350 1988 3524 2042 instar
3559 2001 3723 2039 vene-

459 2069 522 2123 τὺ
543 2069 926 2141 λαμπρότατον
956 2071 1132 2123 ἐκεῖνο
1175 2067 1501 2138 διάγγελμα,
1528 2069 1621 2120 καὶ
1647 2068 1745 2138 τὴν
1778 2067 2038 2138 μελίρῤυε

455 2180 549 2216 τον
576 2162 932 2217 διδασκαλίαν
956 2163 1047 2214 καὶ
1077 2162 1436 2232 θεοπάροχον.
1482 2161 1669 2214 Πάντα
1693 2161 1748 2214 δέ
1778 2161 1879 2215 ὅσα
1908 2161 2036 2215 ἐλά-

455 2256 620 2324 λησεν
655 2255 807 2326 αύτῷ
864 2257 892 2309 6
945 2255 1190 2318 Δίκαιος,
1235 2255 1373 2324 πρὸς
1407 2254 1466 2307 τὸ
1499 2251 1591 2314 οὓς
1619 2254 1942 2323 ψιθυρίζων,
1976 2258 2035 2307 ἐν

455 2347 762 2418 ἀποκρύφῳ
805 2348 956 2417 τόπῳ
1010 2345 1399 2416 καθεζόμενος,
1442 2346 1762 2417 λελάληκεν.
1803 2346 1892 2409 Ὣς
1939 2345 2034 2400 οὖν

455 2443 525 2494 τά
585 2442 779 2497 δέοντα
836 2441 1148 2511 ὡμίλησαν,
1206 2441 1588 2510 ἀσπασάμενοι
1648 2439 1916 2510 ἀλλήλους
1970 2441 2029 2492 ἐν

457 2535 600 2605 ἀγίῳ
659 2534 952 2604 φιλήματι,
999 2533 1360 2603 ἀνεχώρησαν
1391 2550 1403 2562 ·
1443 2534 1538 2587 καὶ
1586 2536 1614 2587 6
1657 2535 1758 2603 μὲν
1808 2535 2032 2598 Δίκαιος

457 2627 539 2689 είς
563 2625 625 2678 τὸ
662 2625 954 2697 ἐμπαίζειν
984 2625 1077 2678 τὸν
1116 2626 1325 2694 κόσμον
1367 2625 1460 2677 τὸν
1506 2626 1738 2694 μάταιον
1794 2626 1890 2679 καὶ
1936 2624 2033 2679 τδν

457 2717 703 2770 διάϐολον
746 2718 921 2788 ᾤχετο
952 2734 964 2747 ·
1001 2719 1030 2770 6
1058 2716 1116 2770 δὲ
1153 2717 1472 2784 Ἐπιφάνιος
1523 2721 1603 2782 είς
1639 2720 1731 2771 τὶν
1760 2715 1908 2771 οἷκον
1930 2719 2032 2772 αὐ·

454 2810 551 2864 τοῦ
579 2812 752 2866 ἀπίει.

456 2897 602 2966 dem,
657 2903 722 2958 ad
767 2903 1104 2961 illudeudum
1158 2920 1311 2962 more
1359 2919 1458 2960 suo
1530 2904 1822 2958 vanitatem
1880 2901 2070 2958 n'mndi
2133 2903 2555 2973 diabolumque;

459 3010 640 3052 Suam.

527 3086 630 3142 να’.
655 3086 930 3156 Βούλομαι
953 3087 1246 3160 τοιγαροῦν
1267 3088 1362 3142 καὶ
1385 3087 1573 3159 ἕτερον
1602 3089 1861 3157 μέγιστον
1885 3091 2046 3159 τερά-

460 3192 606 3228 στιον
637 3179 703 3246 τῇ
743 3176 988 3248 ὑμετέρᾳ
1021 3177 1211 3248 ἀγάπῃ
1244 3178 1633 3247 διηγήσασθαι,
1668 3179 1805 3248 ὅπερ
1839 3181 1921 3242 εἰς
1953 3179 2046 3231 τὸν

457 3266 680 3336 θεοφιλῆ
705 3269 1022 3338 Ἐπιφάνιον
1043 3269 1234 3337 γέγονε
1251 3285 1266 3298 ο
1294 3271 1699 3339 μαρτυροῦντος
1720 3271 1816 3323 τοῦ
1844 3271 2046 3336 Κυρίου
2066 3249 2107 3307 c

459 3361 618 3430 ἡμῶν
656 3362 837 3432 Ἰησοῦ
866 3363 1105 3434 Χριστοῦ
1158 3364 1220 3416 τὸ
1257 3365 1389 3436 παρ’
1426 3365 1592 3419 αὐτοῦ
1643 3363 2040 3434 εὐεργετούμε-

459 3469 570 3516 νον,
621 3454 717 3506 καὶ
753 3455 833 3517 είς
881 3453 1194 3524 τιύμφανες
1240 3457 1592 3528 παραστῆσαι
1642 3457 1709 3510 τά
1754 3459 1834 3522 είς
1877 3457 2040 3510 αὐτὸν

462 3545 798 3615 πραχθέντα.
855 3538 1026 3612 Οὗτος
1077 3548 1258 3604 τοίνυν
1306 3551 1334 3601 6
1377 3550 1632 3620 θεοφιλὴς
1690 3549 2040 3621 νεανίας[ἐν

462 3640 760 3711 ἐγκρατείᾳ
787 3642 880 3694 καὶ
910 3643 1190 3712 προσευχὴ
1215 3643 1449 3696 διανύων
1466 3643 1558 3696 τὸν
1588 3643 1702 3713 βίον
1722 3643 2038 3714 αὑτοῦάοη

459 3730 599 3799 ἔχων
634 3731 773 3801 πρὸς
805 3729 934 3803 ἦθο;
978 3732 1078 3803 τὴν
1114 3735 1342 3804 πρώτην
1398 3733 1672 3804 ἑϐδομάδα
1727 3735 1828 3804 τῆς
1877 3735 2042 3802 ἁγίας

462 3823 920 3894 Τεσσαρακοστῆς
965 3827 1154 3890 ἀσιτος
1202 3827 1296 3879 καὶ
1340 3825 1542 3888 ἄποτος
1583 3827 1857 3896 διαμένειν
1886 3865 1902 3888 ,
1948 3824 2042 3878 καὶ

463 3917 606 3982 μετα
638 3915 815 3968 ταῦτα
845 3915 1285 3984 μεταλαμόάνων
1316 3918 1424 3970 τῶν
1449 3918 1738 3986 ἀχράντων
1771 3915 1868 3968 τοῦ
1903 3917 2042 3986 ιΧρι-

463 4004 591 4056 στοῦ
635 4007 977 4075 μυστηρίων,
1015 4008 1112 4059 καὶ⁵
1158 4004 1264 4059 εἶθ’
1292 4006 1462 4071 οὕτως
1495 4007 1660 4077 ἄρτου
1707 4007 1802 4061 καὶ
1851 4007 2042 4068 ὕδατος

458 4095 552 4148 καί
583 4113 746 4149 τινων
791 4097 1034 4166 ὀσπρίων
1063 4098 1164 4168 τὴν
1191 4099 1496 4168 ἀνάκτησιν
1524 4101 1761 4152 ἐποιεῖτο
1806 4096 1904 4150 τοῦ
1937 4096 2042 4150 σώ-

467 4204 659 4255 ματος.
705 4188 793 4242 Ἐν
834 4191 934 4258 μιᾷ
964 4191 1146 4242 τοίνυν
1169 4191 1598 4261 Τεσσαρακοστῇ
1625 4190 1763 4260 μετά
1787 4200 2040 4258 νηστείας

459 4279 880 4344 ἐπιτελέσαντος
911 4281 1009 4353 τὴν
1035 4283 1448 4354 προρρηθεῖσαν
1481 4283 1778 4353 ἐσδομάδα,
1807 4283 1914 4353 πρὸ
1946 4283 2042 4336 τοῦ

456 4373 667 4442 φθάσαι
689 4373 789 4442 τὴν
810 4373 960 4445 ὤραν
982 4376 1081 4446 τῆς
1109 4377 1476 4447 λειτουργίας,
1491 4375 1640 4430 ἔνδον
1665 4375 1762 4429 τοῦ
1786 4375 2042 4440 κοιτῶνος

456 4465 650 4529 αὑτοῦ,
703 4466 868 4529 αὐτὸς
902 4467 1110 4530 ἐκεῖνος
1150 4466 1354 4537 ἐψηκεν
1374 4466 1600 4538 όσπρίον
1653 4467 1714 4520 τὸ
1747 4466 2044 4536 λεγόμενον

470 4556 899 4627 Ὀροφάσουλον,
954 4556 1029 4628 μὴ
1069 4559 1176 4612 ὲῶν
1211 4575 1336 4610 τινα
1367 4559 1547 4610 ἐκεῖσε
1599 4556 1809 4629 Θέρμης
1855 4558 2040 4628 χάριν,

459 4649 552 4702 διὰ
591 4650 693 4717 τὴν
737 4650 900 4718 ψύξιν
930 4651 1031 4721 τὴν
1073 4651 1195 4704 τότε
1230 4650 1606 4722 ὑπάρχουσαν,
1638 4651 1922 4704 εἰσελθεῖν.
1977 4651 2036 4704 ’0

461 4739 519 4791 δέ
562 4739 930 4811 καθεζόμενος
955 4741 1056 4812 τῆς
1095 4741 1308 4814 θέρμης
1336 4743 1678 4813 ἐπηρείδετο,
1703 4742 1860 4796 τοῦτο
1889 4742 2036 4812 seu»;

463 4833 522 4884 ἐν
559 4833 742 4904 μικρῷ
773 4833 1036 4906 κυθριδίῳ
1059 4852 1073 4867 ο
1119 4837 1216 4889 καὶ
1247 4835 1311 4906 δὴ
1362 4837 1457 4890 τοῦ
1498 4835 1660 4904 ξύλου
1701 4836 2038 4907 κρούσαντος

465 4925 558 4978 ἐπὶ
581 4925 681 4996 τὴν
711 4926 1024 4999 προσευχὴν
1050 4925 1150 4997 τῆς
1203 4928 1456 4999 ἐννάτης,
1491 4929 1733 4992 ἀναστὰς
1766 4929 2040 4998 ἐπορεύθη

461 5019 543 5082 είς
563 5019 662 5088 τὴν
692 5019 1014 5091 ἐκκλησίαν,
1059 5020 1136 5092 μὴ
1187 5021 1570 5090 ἐντειλάμενός
1614 5037 1720 5074 τινι
1771 5021 1902 5089 περὶ
1943 5021 2042 5090 τῆς

457 5113 787 5182 ἐπιμελείας
816 5114 912 5168 τοῦ
942 5114 1249 5185 ἑψήματος.
1298 5113 1386 5177 Ὠς
1424 5109 1520 5166 οὖν
1569 5115 1626 5166 ἐν
1671 5115 1740 5183 τῇ
1777 5112 2044 5182 ἐκκλησίᾳ

462 5207 734 5276 εἱστήκει,
775 5209 806 5260 ὁ
832 5209 1068 5262 πάντοτε
1127 5207 1407 5276 λογισμοῖς
1457 5205 1741 5275 ἀθεμίτοις
1785 5205 2044 5274 πολεμῶν

465 5295 563 5348 τὸν
590 5294 718 5349 νοῦν
765 5296 876 5351 τῶν
927 5295 1232 5366 ἀνθρώπιον
1279 5297 1308 5348 6
1362 5293 1771 5364 ἐπικατάρατος
1807 5293 2040 5363 δαίμων,

463 5387 738 5459 ἐνέσκηψε
759 5390 836 5461 τῷ
868 5391 973 5461 νέῳ
1020 5391 1306 5459 λογισμοῖς
1359 5387 1727 5453 ἀποστασίας,
1767 5387 2043 5458 προφάσει

459 5485 561 5552 τῆς
583 5481 679 5535 τοῦ
711 5484 992 5553 ἑψήματος
1016 5481 1359 5552 ἐπιμελείας,
1390 5479 1486 5533 τοῦ
1507 5477 1708 5543 ἐξῶσαι
1740 5478 1902 5532 αὐτὸν
1934 5478 2042 5531 ἀπὸ

458 5573 562 5640 τῆς
607 5575 906 5646 ἐκκλησίας
951 5575 1061 5644 πρὸ
1107 5574 1208 5644 τῆς
1252 5572 1573 5636 ἀπολύσεως
1614 5587 1630 5605 ο
1689 5571 1921 5642 ἄρχεται
1978 5569 2038 5624 δὲ

463 5663 768 5735 ὑποφέρειν
813 5667 956 5720 κατὰ
991 5666 1232 5720 διάνοιαν
1267 5667 1396 5723 τάδε
1425 5682 1440 5698 ο
1480 5664 1613 5720 Ἰδοὺ
1652 5663 1718 5717 δι’
1766 5663 1896 5734 ὅλης
1941 5662 2042 5732 τῆς

537 5824 650 5900 (70)
705 5822 803 5880 Ms.
858 5820 1031 5877 Vatic.
1086 5823 1266 5880 minus
1307 5825 1450 5879 clare

2144 2079 2370 2134 randam
2407 2080 2524 2149 ejus
2573 2079 2764 2136 faciem
2814 2082 3108 2153 irrigantes
3142 2079 3514 2148 ;eorriptebat
3568 2089 3725 2130 nam-

2143 2186 2250 2240 que
2311 2172 2484 2240 ipsum
2541 2173 2796 2237 exstasis,
2852 2172 3211 2242 excipientem
3259 2171 3442 2226 animo
3475 2169 3724 2238 pulcher-

2143 2265 2335 2317 rimam
2363 2263 2509 2318 illam
2541 2265 2769 2319 Andrea:
2795 2265 3260 2328 adhortationem,
3284 2261 3726 2330 suarissimaque

2141 2364 2194 2409 et
2228 2356 2294 2410 ad
2324 2355 2490 2410 Deum
2524 2357 2778 2412 ducentia
2804 2357 3154 2413 documenta.
3208 2356 3557 2424 Quaecunque
3595 2366 3726 2406 vero

2137 2449 2379 2502 Sanctus
2440 2461 2568 2501 cum
2631 2449 2974 2504 adolescente
3022 2449 3238 2503 locutus
3293 2453 3397 2511 est,
3432 2445 3485 2497 in
3535 2444 3656 2498 loco
3695 2455 3726 2494 α

2139 2540 2313 2596 turbis
2396 2548 2608 2593 remoto
2683 2539 2944 2596 assidenti
3032 2539 3178 2602 sibi,
3234 2535 3630 2592 insusurrando
3671 2531 3727 2586 in

2137 2646 2322 2683 aurem
2368 2631 2582 2687 locutus
2649 2641 2752 2687 est.
2795 2631 2898 2688 Ubi
2962 2640 3169 2697 autem,
3224 2642 3404 2699 quae
3465 2641 3524 2680 re
3545 2631 3724 2684 erant,

2139 2723 2523 2789 contulissent,
2576 2724 2877 2778 salutantes
2943 2723 3084 2777 inter
3141 2737 3201 2777 se
3247 2721 3300 2774 in
3359 2719 3547 2774 osculo
3600 2731 3727 2768 Satt-

2138 2821 2250 2878 ειη,
2314 2829 2372 2868 se
2417 2815 2648 2886 quisque
2703 2815 2811 2869 alio
2873 2822 3198 2884 receperunt
3251 2831 3264 2866 :
3312 2810 3558 2866 Andreas
3601 2805 3724 2875 qui-

2647 2904 2986 2978 Epiphanius
3079 2921 3208 2962 vero
3246 2944 3261 2968 ,
3375 2904 3426 2957 in
3500 2902 3731 2957 domum

2215 3085 2304 3140 5|.
2330 3085 2434 3141 Sed
2460 3093 2514 3142 ct
2543 3085 2687 3141 aliud
2716 3100 3064 3156 summopere
3122 3085 3502 3153 admirandum
3540 3089 3726 3157 prodi-

2138 3177 2284 3246 gium
2336 3177 2505 3233 libido
2534 3187 2616 3234 est
2650 3194 2910 3233 enarrare
2931 3179 3109 3241 vobis,
3140 3179 3336 3236 fratres
3375 3180 3684 3236 charissimi
3710 3223 3723 3245 ,

2143 3270 2196 3324 in
2250 3269 2558 3340 Epiphanio
2605 3280 2821 3336 nostro,
2876 3272 3084 3327 ardenti
3115 3272 3282 3326 Deum
3329 3288 3729 3342 amoreprose-

2141 3371 2364 3430 quente,
2394 3371 2661 3432 patratum
2696 3403 2711 3428 ,
2745 3363 3084 3433 approbante
3119 3363 3348 3418 Domino
3379 3373 3567 3419 nostro
3596 3363 3730 3419 Iesu

2143 3451 2368 3508 Christo
2408 3455 2669 3523 praeclara
2724 3455 2898 3524 ipsius
2923 3471 3109 3526 opera,
3157 3471 3332 3526 eaque
3381 3457 3726 3522 publicamin

2143 3542 2317 3600 lucem
2349 3547 2706 3615 producente.
2739 3546 2952 3603 Charus
2986 3548 3169 3619 itaque
3223 3548 3332 3603 Deo
3368 3547 3726 3617 Epiphanius,

2143 3651 2210 3692 ex
2256 3637 2595 3706 beneplacito
2641 3639 2786 3694 illius
2844 3649 3154 3710 temperans
3188 3647 3342 3703 erat,
3383 3639 3730 3708 habebatque

2143 3729 2200 3782 in
2215 3744 2364 3784 more
2382 3732 2625 3798 positum
2646 3731 2930 3786 traducere
2948 3732 3180 3800 primam
3205 3740 3404 3787 sanctae
3419 3731 3730 3801 Quadrage-

2141 3819 2294 3874 simae
2310 3819 2727 3886 hebdomadam,
2743 3821 2847 3875 cibi
2867 3829 3134 3890 potusque
3162 3830 3458 3890 expertem,
3475 3821 3596 3876 dein
3616 3839 3736 3878 sus-

2143 3910 2324 3979 cipere
2359 3909 2707 3966 immaculata
2749 3911 2951 3966 Christi
2993 3910 3252 3982 mysteria
3279 3919 3433 3978 ,tum
3494 3913 3731 3982 denique

2144 4017 2299 4072 pane,
2331 4018 2471 4072 aqua
2505 4013 2561 4057 et
2609 4003 2978 4072 leguminibus
3009 4005 3289 4059 nonnullis
3339 4005 3725 4073 corpusculum

2145 4108 2416 4148 recreare.
2466 4095 2714 4159 Quadam
2753 4111 2881 4150 vero
2932 4096 3388 4164 Quadragesima,
3427 4113 3553 4152 cum
3614 4097 3730 4167 pri-

2145 4200 2315 4252 mam,
2347 4200 2512 4254 quam
2549 4184 2811 4252 diximus,
2844 4187 3209 4258 septimanam
3257 4188 3482 4257 jejunus
3544 4199 3732 4243 trans-

2144 4277 2387 4347 egisset,
2437 4279 2777 4348 praeveniens
2829 4280 3169 4335 sacrosancti
3240 4277 3425 4336 Missa:
3473 4281 3729 4336 sacriﬁcii

2147 4379 2381 4439 tempus,
2445 4371 2666 4441 paravit
2700 4373 2816 4443 ipse
2864 4372 3006 4428 intra
3068 4373 3307 4428 cubiculi
3355 4373 3440 4428 sui
3494 4374 3730 4444 parietes

2145 4462 2384 4517 edulium
2414 4477 2446 4518 e
2472 4464 2862 4534 leguminibus,
2904 4465 3310 4535 0r0phasulum
3352 4465 3515 4536 vulgo
3547 4465 3732 4537 appel-

2079 4553 2342 4650 Dlatum,
2392 4555 2598 4611 caloris
2655 4569 2821 4611 causa
2884 4571 2990 4611 non
3029 4561 3345 4626 permittens
3376 4572 3728 4628 quemquam,

2145 4657 2367 4719 propter
2402 4648 2573 4719 frigus
2599 4649 2745 4719 quod
2779 4659 2893 4704 tum
2953 4650 3216 4718 temporis
3247 4651 3632 4713 iuvalescebat,
3662 4663 3728 4703 co

2145 4741 2372 4796 intrare.
2414 4741 2679 4796 Assidens
2730 4741 2897 4812 igitur
2954 4741 3113 4809 foco,
3176 4742 3416 4797 edulium
3447 4758 3606 4797 suum
3634 4756 3730 4796 co-

2148 4850 2320 4905 quere
2349 4835 2403 4889 in
2439 4833 2613 4890 lebete
2635 4835 2834 4906 exiguo
2868 4835 3144 4890 nitebatur
3179 4852 3197 4902 ;
3230 4851 3354 4890 eum
3413 4835 3541 4889 dato
3570 4835 3729 4905 signo

2148 4929 2214 4982 ad
2243 4926 2480 4993 Nouem,
2517 4941 2748 4996 propere
2794 4942 3027 4998 surgens
3078 4927 3145 4983 ad
3184 4926 3469 4983 ecclesiam
3507 4941 3566 4981 se
3593 4941 3731 4981 cou-

2153 5017 2297 5082 tulit,
2357 5018 2492 5072 nulli
2543 5033 2673 5073 cura
2723 5017 2938 5074 obsonii
2970 5019 3317 5074 demandata.
3347 5018 3450 5074 Ubi
3499 5033 3565 5073 eo
3605 5034 3730 5088 per-

2150 5121 2372 5166 ventum
2406 5119 2516 5178 est,
2544 5109 2866 5166 maledictus
2896 5112 3134 5177 daemon,
3189 5111 3284 5181 qui
3344 5111 3728 5168 indeeentibus

2154 5201 2356 5271 ubique
2389 5202 2643 5270 cogitatis
2694 5202 2978 5257 hominum
3031 5205 3247 5260 animos
3275 5219 3592 5275 oppugnare
3618 5221 3728 5258 non

2150 5300 2348 5354 cessat,
2400 5291 2660 5348 infestare
2699 5293 2954 5362 juvenem
2984 5293 3152 5364 cmpit
3199 5295 3366 5350 variis
3423 5296 3491 5350 de
3517 5294 3727 5349 abitue

2151 5382 2354 5452 templo
2381 5383 2828 5455 cogitationibus,
2867 5393 3170 5455 praetexens
3212 5386 3474 5456 pulmenti
3537 5400 3724 5441 curam

2149 5476 2454 5533 habendam
2515 5491 2662 5545 esse,
2712 5491 2821 5532 non
2873 5477 2982 5533 alio
3047 5479 3380 5548 fine,quam
3436 5486 3496 5531 ut
3522 5477 3724 5546 ipsum,

2151 5569 2319 5624 (initis
2354 5568 2598 5623 nondum
2639 5570 2916 5640 precibus,
2945 5571 3012 5626 ab
3048 5571 3275 5626 ecclesia
3325 5569 3564 5624 eliceret.
3615 5568 3725 5621 Co-
3789 5568 3794 5572 ’

2151 5662 2442 5732 gitationes
2466 5671 2649 5718 autem
2686 5662 2918 5733 injecta,
2947 5669 3100 5719 erant
3157 5660 3320 5730 hujus
3354 5660 3497 5716 modi
3534 5675 3550 5714 :
3585 5656 3732 5715 Ecce

1513 5839 1526 5877 :
1582 5821 1740 5878 Κατά
1766 5819 1825 5874 τὸ
1866 5817 2055 5874 δοκοῦν
2094 5817 2242 5888 αὖτῷ
2273 5819 2654 5890 ἐγκρατεύετο.
