4148 6460
475 374 578 442 691

1545 377 1966 438 NICEPIIORI
2003 375 2490 440 PRESBYTERI
2526 378 2638 467 ΟΡ.

3642 385 3759 449 692

477 509 576 565 per
633 490 993 562 septimanam
1030 491 1258 550 solidam
1317 492 1699 550 miserandum
1743 494 1796 549 in
1832 492 2057 550 modum

2177 491 2461 563 ἑϐδομάδος
2515 492 3000 565 ὲταλαιπωρήθης,
3047 493 3343 566 βρώματος
3389 500 3483 553 καὶ
3545 503 3760 566 πόσιως

480 599 533 639 te
594 584 861 656 afﬂigens,
918 584 1045 641 cibo
1076 596 1316 658 potuque
1354 587 1698 652 abstinuisti,
1752 596 2061 667 prostratus

479 676 658 743 humi,
712 674 854 730 duro
889 674 1008 731 solo
1029 675 1383 745 decumbens,
1423 677 1574 732 omni
1606 677 1802 733 solatio
1832 675 2059 732 destitu-

480 781 605 835 tus;
640 769 692 824 in
752 769 930 841 iisque
983 778 1093 827 tam
1122 771 1388 827 violenter
1417 772 1749 841 perdurasti,
1807 779 1867 826 ut
1895 783 2063 840 prope

485 858 734 917 abfueris
761 876 794 916 a
824 870 999 917 morte
1038 876 1148 931 prae
1174 861 1368 918 ardore
1390 863 1579 927 nimio,
1613 878 1644 918 a
1668 863 1758 918 siti
1782 862 2020 917 excitato
2045 874 2059 914 :

482 967 608 1007 cum
635 967 764 1009 vero
796 967 941 1008 curae
976 953 1074 1009 tibi
1104 968 1227 1008 esse
1247 953 1469 1009 deberet
1488 953 1789 1024 pauxillum
1816 950 2060 1008 alimenti

484 1060 679 1116 parare
709 1054 763 1102 et
792 1060 1031 1113 sumere,
1074 1047 1168 1103 illo
1199 1047 1317 1118 ipso
1346 1048 1534 1105 relicto
1573 1047 1791 1103 abivisti
1819 1046 2065 1102 iucurius

488 1138 622 1192 nulli
654 1141 909 1209 cuiquam
932 1138 1189 1194 mandato
1226 1140 1453 1194 curandi
1510 1139 1725 1194 obsonii
1759 1137 2014 1208 imposito
2047 1154 2063 1191 :

485 1229 620 1284 vade
654 1227 840 1299 igitur,
875 1236 930 1283 et
948 1227 1182 1299 inspice,
1216 1244 1349 1285 num
1408 1227 1567 1295 forte,
1601 1230 1858 1284 adustum
1883 1235 2066 1283 calore

486 1318 678 1382 nimio,
720 1319 869 1389 gravi
910 1320 1133 1376 domum
1179 1320 1371 1376 nidore
1400 1321 1702 1390 compleat;
1763 1319 2063 1390 periculum

484 1411 628 1465 enim
690 1410 890 1466 nullum
945 1420 1048 1475 est.
1103 1428 1171 1467 ne
1207 1420 1432 1469 coactus
1485 1411 1574 1467 hic
1598 1409 1841 1466 fidelium
1889 1421 2065 1485 cretus

482 1502 780 1569 dilabatur,
841 1504 1161 1575 priusquam
1227 1504 1411 1560 omnia
1490 1514 1715 1574 tu,qua:
1761 1503 2063 1568 consuesti,

408 1611 414 1618 ·
483 1594 787 1649 orationum
814 1610 980 1664 pensa
1008 1595 1356 1667 persolveris.

552 1683 644 1740 5‘2.
671 1683 796 1741 llaec
822 1699 987 1756 atque
1029 1686 1162 1755 alia,
1213 1685 1378 1741 etiam
1404 1684 1731 1750 ellieaciora,
1792 1691 1958 1755 utque
1986 1681 2067 1737 vi-

480 1777 753 1833 debantur
774 1793 951 1848 aequa,
984 1787 1309 1849 suggerente
1336 1778 1573 1848 superbo
1631 1778 1879 1833 daemone
1910 1791 1923 1826 :
1952 1791 2069 1831 ma-

2164 586 2583 657 ὑστερούμενος,
2612 586 2894 658 χαμεύνης
2915 628 2931 653 ,
2965 587 3332 661 ξηροκοιτῶν,
3376 596 3488 649 ἀπὺ
3531 597 3760 653 πάντων

2163 675 2625 747 ἀπαραμύθητος,
2658 677 2755 731 καὶ
2795 677 2974 734 ταῦτα
3012 679 3109 751 βίᾳ
3135 682 3578 756 ἑξυπηρετήσας,
3609 687 3757 743 ὥστε

2163 767 2516 839 ἀποψυγῆναι
2554 769 2634 840 τῷ
2659 771 2902 826 καύσωνι
2931 772 3012 844 τῷ
3046 773 3159 828 ἀπὸ
3202 775 3365 848 δίψης
3402 778 3755 848 ὲπιγεγονότι

2166 875 2251 912 σοι
2280 873 2295 886 ·
2335 858 2423 913 δτε
2450 857 2547 915 οὖν
2576 859 2796 930 ϐφειλες
2832 862 2934 934 τὴν
2963 864 3159 935 εὐτελῆ
3186 883 3283 920 σου
3314 868 3524 942 τροφὴν
3554 872 3751 941 ἐπιμε-

2165 949 2436 1021 λήσασθαι
2465 950 2562 1007 τοῦ
2600 956 2917 1025 μετασχεῖν,
2967 956 3180 1030 ταύτην
3209 960 3502 1032 παρεάσας
3549 962 3751 1034 ἀνεχώ-

2170 1060 2374 1114 ρησας,
2400 1044 2513 1098 τινὶ
2551 1046 2683 1118 περὶ
2722 1046 2897 1118 αὐτῆς
2947 1048 3026 1121 μὴ
3065 1051 3468 1124 ἐντειλάμενος.
3527 1053 3752 1122 Ἔξελθε

2166 1128 2261 1187 οὖν
2284 1133 2628 1201 καὶιθέασαι,
2656 1136 2731 1206 μή
2759 1152 2880 1200 πως
2906 1138 3129 1195 καύσων
3154 1142 3460 1215 πεποίηκεν
3480 1143 3754 1199 δυσωδίαν

2166 1225 2622 1294 ἐπισπασάμενον
2655 1241 2673 1258 ο
2712 1228 2775 1280 οὺ
2811 1227 2922 1300 γὰρ
2951 1229 3047 1302 ’μή
3078 1233 3366 1305 ἀποδράσῃ
3406 1234 3441 1304 ή
3477 1234 3753 1304 ἐκκλησία

2167 1315 2277 1370 ἀπὸ
2307 1314 2418 1370 τῶν
2440 1309 2565 1383 ὧδε,
2600 1315 2797 1389 μέχρις
2844 1319 2912 1373 ἂν
2942 1320 3348 1396 ἀποπληρώσῃς
3382 1323 3450 1378 τά
3487 1322 3547 1389 ἐξ
3589 1323 3751 1387 ἔθους

2170 1428 2275 1465 σοι.

2237 1689 2335 1752 νβ’.
2364 1688 2551 1745 Ταῦτα
2568 1686 2664 1742 τοῦ
2688 1688 2949 1754 ἀλαζόνος
2969 1689 3106 1761 (71),
3129 1690 3207 1754 ὡς
3228 1689 3566 1758 εὐλογοφανῆ
3587 1686 3758 1755 δῆθεν

2171 1785 2559 1851 ὑποτιθεμένου
2602 1784 2700 1839 καὶ
2741 1784 2879 1840 ἄλλα
2923 1784 3047 1839 τινὰ
3087 1782 3520 1852 δραστικώτερα,
3559 1785 3587 1836 ὁ
3631 1781 3753 1836 θεο-

482 1870 827 1925 chiuatioues
853 1871 973 1940 eius
1004 1869 1290 1940 perSpicue
1319 1883 1663 1940 cognoscens
1706 1867 2064 1941 Epiphanius,

2177 1876 2356 1946 φιλὴς,
2388 1876 2607 1937 νεανίας
2633 1874 2735 1929 οὐκ
2762 1873 3001 1945 ἠγνόησε
3030 1871 3099 1927 τὰ
3124 1870 3221 1926 τοῦ
3253 1871 3493 1941 πονηροῦ
3512 1874 3754 1943 μηχανή-

485 1965 629 2017 hunc
662 1962 715 2018 in
755 1964 976 2018 modum
1007 1961 1285 2017 insidianti
1312 1962 1591 2031 reSpondit
1622 1976 1640 2017 :
1673 1960 1782 2017 Deo
1799 1959 2066 2023 curaerit

483 2056 726 2113 edulium
762 2071 971 2119 milli".
1002 2055 1259 2111 nutrienti
1297 2054 1560 2125 quidquid
1598 2054 1765 2121 vivit,
1791 2056 1907 2125 ipse
1934 2066 2065 2123 pro-

487 2157 661 2205 tector
713 2148 839 2203 vitm
903 2162 1061 2204 meae.
1122 2144 1275 2203 Talia
1328 2146 1545 2217 impuro
1599 2146 1765 2210 hosti,
1792 2142 2067 2214 precantis

484 2240 726 2296 animum
760 2241 814 2296 in
840 2240 1052 2296 diversa
1075 2238 1289 2295 trahere
1323 2246 1545 2305 conato,
1568 2246 1745 2292 mente
1764 2233 2030 2305 objiciens
2049 2274 2067 2299 ,

483 2344 539 2390 «ιι
587 2333 770 2389 crucis
829 2333 984 2404 signo
1017 2347 1076 2388 se
1112 2332 1388 2398 muniens,
1448 2330 1514 2385 ad
1567 2327 1730 2383 ﬁnem
1770 2340 1944 2397 usque
1975 2324 2070 2380 0f-

484 2425 592 2482 flcii
626 2426 788 2481 isthic
820 2425 1080 2497 perstitit.
1134 2423 1272 2480 Tum
1327 2424 1396 2480 ad
1454 2437 1516 2480 se
1553 2434 1826 2486 remeans,
1860 2417 2070 2474 invenit

368 2530 371 2533 ·
484 2523 714 2570 cunctos
767 2513 821 2569 in
879 2514 1298 2571 admirationem
1350 2522 1539 2586 raptos
1576 2512 1647 2568 ob
1681 2510 2069 2567 suavissimam

486 2604 674 2660 odoris
726 2604 1107 2676 fragrantiam,
1162 2620 1269 2676 qua
1325 2604 1524 2660 domus
1588 2601 2071 2675 perfundebatur:

485 2694 749 2766 auditque
799 2696 1098 2766 pendentes
1130 2696 1331 2751 animis
1366 2705 1528 2764 atque
1565 2694 1905 2764 ignorantes,
1930 2688 2076 2744 unde

490 2788 708 2843 tandem
762 2789 1006 2845 suavitas
1038 2789 1128 2844 illa
1173 2788 1461 2857 aspiraret,
1488 2797 1749 2855 tanquam
1782 2784 1850 2840 de
1870 2798 1929 2839 re
1953 2782 2078 2838 inuo

491 2880 654 2934 sitata
691 2879 1035 2951 interpellare
1090 2895 1235 2947 sese,
1257 2878 1530 2934 ‘dicentes
1567 2892 1581 2930 :
1612 2874 1729 2930 Huc
1751 2874 1919 2939 adsis,
1949 2872 2078 2927 here

494 2981 680 3027 uoster
737 2972 957 3040 dilecte,
996 2970 1477 3042 incomparabilem
1529 2970 1669 3033 hanc
1723 2966 2076 3036 fragrantiam

492 3063 689 3131 olface,
749 3080 868 3136 quae
930 3067 1074 3121 unde
1132 3065 1359 3135 prodeat
1419 3062 1624 3118 rescire
1666 3058 1849 3116 nullus
1877 3064 2075 3128 potest.

494 3157 744 3225 Cumque
773 3150 1100 3213 accessisset
1137 3153 1477 3226 Epiphanius
1497 3151 1669 3208 sensit
1716 3158 1771 3205 et
1804 3149 1925 3221 ipse
1948 3162 2079 3204 sua-

491 3252 714 3305 vitatem
750 3249 934 3305 odoris
963 3248 1292 3312 mirabilem,
1318 3254 1372 3301 et
1404 3245 1481 3300 rei
1533 3243 1773 3299 novitate
1794 3238 2081 3311 perculsus

489 3350 595 3398 est.
640 3340 927 3411 Ingressus
978 3355 1109 3395 vero
1158 3338 1467 3394 cubiculum
1496 3375 1510 3402 ,
1573 3334 1665 3390 ubi
1719 3331 1935 3389 (oculus
1963 3338 2082 3386 erat

490 3431 821 3489 carbonibus
879 3429 1095 3501 plenus,
1140 3437 1197 3482 et
1257 3428 1742 3495 circumspectans,
1809 3418 2080 3490 conspicit

489 3521 746 3593 juvenem
779 3520 1059 3590 dignitatis
1088 3519 1322 3583 eximiae,
1347 3516 1693 3589 proceritatis
1716 3512 2077 3579 admirandae,

494 3625 717 3679 prorsus
754 3611 1010 3665 decenter
1060 3608 1426 3679 compositum
1465 3625 1481 3661 :
1516 3605 1844 3661 coruscabat
1910 3602 2079 3659 facies

489 3703 609 3773 ejus
640 3704 844 3758 clarius
875 3703 1011 3767 sole,
1041 3712 1096 3758 et
1137 3700 1497 3756 amiciebatur
1540 3698 1678 3754 stola
1701 3737 1717 3763 ,
1747 3712 1869 3767 quae
1901 3697 2075 3766 ipsam

492 3812 602 3850 non
634 3795 925 3853 dedeceret
964 3798 1312 3866 maiestatem
1343 3792 1605 3854 divinam,
1631 3806 1661 3845 a
1691 3790 1833 3845 collo
1857 3788 2075 3860 quidem

494 3897 714 3957 pectore
760 3898 916 3945 tenus
969 3885 1222 3954 candida,
1255 3901 1390 3942 auro
1431 3885 1724 3939 intertexta
1756 3923 1774 3951 ,
1803 3882 1928 3937 hinc
1948 3896 2079 3937 vero

483 3991 590 4050 ’μοι’
648 3981 866 4038 lumbos
898 3980 1146 4052 adusque
1200 3994 1398 4049 genua,
1435 3978 1608 4034 instar
1637 3976 1841 4039 herbae,
1888 3973 2079 4029 viridis

496 4081 548 4129 ct
583 4074 766 4129 citrini
803 4074 1004 4129 coloris
1048 4074 1258 4128 nitente
1298 4088 1313 4126 :
1352 4079 1515 4142 caput
1558 4069 1820 4124 rutilabat
1847 4064 2079 4121 ﬂavente

495 4179 673 4233 coma,
728 4164 940 4235 capillis
967 4178 1160 4219 aurum
1210 4160 1421 4232 fulgore
1450 4176 1551 4216 suo
1582 4158 1944 4214 imitantibus.
1986 4154 2078 4210 Ti-

496 4273 650 4313 more
711 4257 997 4328 perculsus
1052 4257 1119 4312 ad
1160 4256 1265 4310 hoc
1289 4253 1659 4324 spectaculum
1713 4248 2075 4320 Epiphanius,

494 4350 672 4406 cernit
731 4330 928 4405 faciem
989 4347 1207 4419 juvenis
1269 4343 1650 4402 transformari
1689 4341 2075 4406 diversimode,

496 4443 660 4498 modo
717 4442 894 4497 instar
943 4439 1085 4496 nivis
1136 4437 1446 4504 candidam,
1501 4437 1666 4492 modo
1720 4435 1896 4492 instar
1936 4434 2079 4506 ignis

2170 1985 2338 2039 ματα,
2384 1968 2521 2039 πρὸς
2554 1967 2611 2021 δὲ
2649 1967 2749 2038 τὴν
2796 1965 2991 2020 τούτου
3045 1964 3319 2033 ὑποϐολήν
3374 1965 3753 2033 ἀπεκρίνατο⁸

2176 2062 2368 2115 Ἔστιν
2397 2058 2551 2125 Θεδς,
2582 2050 2626 2128 ᾧ
2664 2076 2773 2112 τινι
2801 2059 2870 2112 τὰ
2901 2057 3031 2129 περὶ
3057 2055 3339 2128 τῆςὲμῆς
3369 2056 3574 2126 τροφῆς
3602 2071 3753 2125 μερι-

2174 2154 2413 2224 μνήσειο
2467 2152 2564 2206 καὶ
2628 2150 2737 2223 γάρ
2792 2150 2960 2214 αὐτός
3002 2151 3153 2203 ἐστιν
3197 2150 3226 2202 ό
3292 2147 3510 2219 τρέφων
3570 2147 3746 2199 πᾶσαν

2173 2247 2377 2316 πνοὴν,
2402 2243 2498 2299 καὶ
2530 2242 2947 2315 ὑπερασπιστὴς
2977 2241 3073 2313 τῆς
3096 2242 3243 2313 ζωῆς
3275 2258 3399 2313 μου.
3432 2238 3620 2294 Ταῦτα
3649 2255 3748 2293 κα-

2171 2338 2242 2391 τὰ
2267 2337 2392 2392 νοῦν
2424 2337 2521 2392 καὶ
2548 2336 2792 2392 διάνοιαν
2828 2334 2909 2407 τῷ
2958 2332 3142 2405 μιαρῷ
3193 2334 3543 2405 συμμεριστῇ
3586 2332 3753 2386 ἀντεια

2176 2429 2315 2494 πὼν,
2359 2429 2456 2481 καὶ
2512 2426 3125 2499 κατασφραγισάμενος,
3164 2426 3354 2479 ἵστατο
3410 2425 3606 2495 μέχρις
3659 2425 3758 2492 τῆς

2174 2520 2517 2583 ἀπολύσεως.
2584 2516 2933 2572 Ἐπανελθὼν
2982 2515 3081 2570 οῦν
3128 2517 3209 2579 είς
3243 2516 3332 2568 τὸν
3379 2510 3528 2568 οἷκον
3569 2511 3755 2577 αὐτοῦ,

2178 2605 2305 2681 εὗρε
2331 2610 2542 2671 πάντας
2570 2608 2952 2678 ξενιζομένους
2986 2606 3082 2661 ἐπὶ
3130 2608 3198 2677 τῇ
3239 2605 3479 2677 ἡδυτάτῃ
3526 2601 3756 2671 εὐοσμία

2177 2707 2245 2775 τῇ
2280 2702 2460 2757 ἐκεῖσε
2489 2700 2647 2774 οὔσῃ,
2679 2700 2920 2772 ἠπόρουν
2947 2716 3008 2753 τε
3039 2699 3277 2762 ἅπαντες
3308 2698 3434 2768 περὶ
3454 2696 3647 2765 αὐτῆς,
3682 2692 3759 2764 μὴ

2181 2793 2543 2864 ἐπιστάμενοι
2598 2792 2662 2847 τὸ
2714 2791 2881 2846 πόθεν
2935 2791 3264 2857 ἀναδίδοται,
3296 2791 3390 2843 καὶ
3437 2786 3589 2842 καθὰ
3633 2785 3762 2854 περὶ

2188 2886 2494 2957 παραδόξου
2539 2885 2685 2950 τινὸς
2716 2884 3043 2954 πράγματος
3075 2883 3155 2954 τῷ
3196 2881 3499 2952 Ἐπιφανίῳ
3529 2879 3723 2947 ελεγον
3748 2892 3764 2908 ο

2182 2976 2377 3048 Δεῦρο,
2406 2976 2638 3045 φίλτατε
2667 2972 2827 3044 ήμῶν
2855 2973 3112 3036 δέσποτα,
3142 2970 3239 3025 καὶ
3264 2969 3609 3043 ὀσφράνθητι
3632 2968 3768 3021 εὐω-

2180 3067 2300 3132 δίας
2326 3067 2689 3139 ἀσυγκρίτου,
2712 3063 2883 3119 πόθεν
2908 3063 3310 3136 ἐκφερομένης,
3356 3063 3501 3125 τινος
3538 3059 3621 3130 μὴ
3655 3060 3770 3111 ἔπι-

2184 3159 2477 3230 σταμένου.
2526 3157 2613 3220 Ὧς
2634 3152 2731 3212 οὖν
2759 3154 3154 3226 πλησιέστερον
3185 3154 3411 3221 ἐγένετο
3446 3152 3476 3204 ὁ
3529 3147 3775 3217 Ἐπιφά-

2181 3269 2315 3319 νιος,
2341 3248 2643 3322 ὠσφράνθη
2667 3249 2763 3303 καὶ
2783 3247 2946 3311 αὐτὶς
2968 3246 3069 3318 τῆς
3096 3244 3368 3316 ήδυτάτης
3389 3241 3616 3313 ἐκείνης
3643 3241 3775 3293 εὕω-

2180 3341 2324 3405 δίας,
2357 3340 2456 3395 καὶ⁹
2485 3337 2809 3408 κατεπλάγη
2831 3336 2912 3408 τῷ
2936 3336 3181 3406 θαύματι
3213 3351 3229 3367 ⁸
3260 3332 3611 3397 εἰσελθόντος
3633 3332 3690 3385 δὲ
3718 3332 3779 3385 ὲν

2179 3431 2257 3502 τῷ
2280 3431 2501 3485 κοιτῶνι
2530 3428 2723 3495 αὐτοῦ,
2750 3428 2882 3482 ἔνθα
2910 3422 2980 3500 ἦν
3007 3426 3122 3498 (72)
3166 3427 3199 3497 ή
3245 3424 3449 3497 άρουλα
3471 3440 3541 3477 πε
3558 3424 3779 3494 πληρω-

2182 3524 2321 3593 μένη
2351 3521 2662 3593 ἀνθράκων,
2699 3520 2794 3573 καὶ
2823 3517 3134 3588 ἀναϐλέψας
3161 3520 3277 3582 τοῖς
3304 3514 3639 3586 ὀφθαλμοῖς,
3676 3514 3777 3585 ὁρᾷ

2179 3613 2400 3668 νεανίαν
2425 3611 2632 3682 εὐειδῆ,
2665 3612 2837 3684 μήκει
2865 3610 3180 3680 θαυμαστὸν
3201 3648 3220 3675 ,
3265 3607 3581 3680 εὐπρεπείᾳ
3615 3624 3772 3677 περι-

2181 3704 2661 3777 στοιχειούμενον,
2702 3702 2892 3758 καὶτὸ
2946 3703 3246 3774 πρόσωπον
3300 3698 3477 3753 αὑτοῦ
3533 3699 3772 3768 αὐγάζον

2179 3800 2321 3871 ὑπὲρ
2374 3798 2549 3869 ἥλιον,
2602 3797 2981 3869 ἠμφιεσμένον
3036 3793 3232 3864 στολὴν
3286 3794 3614 3868 θεοπρεπῆ,
3668 3792 3775 3849 ἀπὺ

2183 3891 2282 3960 μὲν
2325 3890 2440 3963 (75)
2496 3889 2591 3943 τοῦ
2643 3889 2900 3952 τένοντος
2936 3887 3099 3959 μέχρι
3146 3885 3244 3940 τοῦ
3283 3886 3521 3957 στήθους
3585 3886 3772 3951 αὐτοῦ,

2179 3982 2381 4054 λευκὴν
2411 3980 2621 4054 χρυσίῳ
2646 3980 3129 4052 ἀναμεμιγμένην,
3169 3977 3280 4032 ἀπὸ
3319 3976 3378 4031 δὲ
3409 3976 3510 4031 τοῦ
3541 3978 3775 4049 στήθους

2180 4075 2288 4140 ἕως
2315 4074 2416 4144 τῆς
2440 4072 2646 4143 ὀσφύος
2674 4073 2771 4127 καὶ
2802 4072 2968 4142 μέχρι
3004 4068 3115 4125 τῶν
3155 4068 3400 4138 γονάτων
3426 4067 3505 4131 ὡς
3540 4067 3771 4139 βοτάνης

2179 4168 2409 4239 χλοερᾶς
2441 4167 2536 4220 καὶ
2569 4166 2778 4236 κήτρου
2815 4162 2928 4235 (74)
2965 4161 3472 4231 ἀπαστράπτουσαν
3505 4175 3519 4189 ⁸
3576 4160 3773 4226 ξανθό-

2181 4274 2351 4329 κομος
2370 4258 2471 4326 τὴν
2506 4255 2753 4327 κεφαλὴν
2788 4255 2932 4326 ἔχων
2962 4254 3065 4317 τὰς
3092 4253 3286 4324 τρίχας
3336 4252 3411 4316 ὡς
3460 4247 3603 4316 εἶδος
3638 4267 3772 4322 χρυ-

2183 4349 2324 4405 σίου.
2351 4347 2669 4420 Θαμϐηθεὶς
2697 4343 2794 4402 οὖν
2817 4350 2846 4402 ὁ
2872 4346 2993 4410 νέος
3018 4348 3114 4400 ἐπὶ
3139 4346 3201 4399 τὸ
3238 4345 3544 4416 ὁρώμενον,
3578 4345 3768 4414 βλέπει

2180 4443 2242 4497 τὸ
2280 4442 2573 4513 πρόσωπον
2596 4439 2763 4496 αὐτοῦ
2795 4439 3107 4511 μεταφέρον
3132 4454 3148 4470 ·
3184 4437 3279 4492 καὶ
3308 4437 3442 4492 ποτε
3468 4439 3570 4507 μὲν
3589 4436 3788 4505 ὺπῆρ-“

498 4533 890 4603 fulgurantem.
955 4529 1171 4586 Nudum
1199 4527 1557 4601 protendebat
1620 4528 1904 4585 braehiu‘m
1949 4527 2073 4584 dex-

2188 4551 2283 4607 χεν
2312 4533 2388 4597 ὡς
2425 4532 2584 4604 χιὼν,
2628 4531 2761 4585 ποτὲ
2786 4532 2844 4587 δὲ
2876 4531 2952 4593 ὡς
3002 4528 3114 4599 πῦρ
3159 4529 3557 4601 ἀπαστράπτον
3581 4544 3596 4561 ο
3626 4522 3775 4597 εῖχεν

499 4637 667 4694 trum,
697 4640 808 4697 quo
834 4624 1173 4697 apprehensa
1203 4638 1337 4680 ansa
1366 4622 1594 4681 lebetem
1613 4621 1939 4690 sustinebat,
1974 4637 2073 4677 non

2186 4627 2245 4680 δὲ
2270 4624 2799 4695 ἀποκεκαλυμμένον
2832 4625 2925 4678 τὸν
2956 4622 3221 4694 βραχίονα
3255 4621 3421 4677 αὐτοῦ
3450 4620 3544 4675 τὸν
3573 4619 3770 4686 δεξιὸν,

501 4719 711 4777 otiosus
735 4718 917 4774 foculo
949 4728 1159 4774 astans.

570 5012 661 5068 55.
721 5010 870 5066 Inter
922 5009 1039 5063 haec
1091 5019 1224 5078 ergo
1255 5002 1661 5074 obstupefacta,
1690 5009 1750 5057 ut
1786 5000 1918 5063 dixi,
1953 5001 2080 5071 Epi—

500 5104 729 5173 phanio,
756 5111 811 5158 et
839 5100 895 5157 in
945 5099 1236 5170 pulchrum
1266 5096 1397 5151 illud
1419 5093 1792 5165 spectaculum
1819 5106 1926 5147 non
1959 5092 2079 5147 sine

508 5199 736 5252 horrore
764 5194 1002 5266 qundam
1041 5190 1554 5260 intento,gratiosus
1599 5186 1691 5242 ille
1716 5200 1948 5255 coquus,
1978 5184 2080 5240 ob-

504 5289 666 5345 aonio
700 5287 1009 5357 degustato,
1046 5284 1193 5339 illius
1216 5280 1375 5354 quasi
1423 5277 1856 5351 experimentum
1887 5285 2080 5347 captu-

573 5423 687 5496 (7!)
710 5424 809 5480 Ms.
844 5421 1027 5496 vatic.
1040 5417 1395 5496 solummodo
1423 5417 1876 5496 :_§ﬁl£k_§€0¥“§0;.

579 5486 692 5562 (72')
717 5495 979 5563 Ἀρουλα.
1010 5492 1111 5550 Ms.
1140 5491 1277 5563 May.
1310 5489 1568 5563 ἀρουλλα.
1612 5486 1878 5563 Ἑρσιλία-ιη
1912 5486 2085 5563 inter:

505 5557 709 5636 preter.
776 5557 850 5618 Ita
911 5565 1068 5636 disco
1108 5578 1173 5616 ex
1228 5557 1540 5636 Scholiaste
1595 5557 1979 5636 Aristophanis
2017 5557 2086 5611 ad

507 5627 850 5705 'Acharnens.
910 5631 1203 5705 Ἐσχάραν,
1261 5629 1371 5705 τὴν,
1417 5633 1512 5683 νῦν
1550 5627 1896 5698 καλουμένην
1928 5627 2091 5697 ἄρου-

506 5705 630 5766 λαν,
667 5702 869 5768 focum,
895 5700 1056 5770 quein
1083 5700 1230 5757 nunc
1256 5700 1465 5754 arulam
1502 5705 1840 5770 nuncupant.

2184 4719 2244 4773 ὲν
2277 4717 2356 4788 τῷ
2387 4718 2644 4787 κατέχειν
2689 4716 2852 4769 αὐτὸν
2900 4715 3002 4784 τὴν
3041 4712 3214 4784 λαϐὴν
3252 4714 3346 4766 καὶ
3392 4710 3471 4783 τῷ
3507 4709 3774 4781 κυθριδίιρ

2182 4807 2604 4886 ὲπερείδεσθαιτ
2634 4808 2855 4887 ,ἵστατο
2900 4806 2958 4860 δὲ
3015 4805 3078 4860 ἐν
3137 4806 3204 4860 τῆ
3258 4803 3466 4876 ἀρούλῃ
3508 4800 3772 4874 ἀσχολού-

2184 4920 2370 4972 μενος.

2248 5001 2349 5066 νγ¹.
2387 4996 2477 5053 Ἐν
2501 4997 2581 5070 τῷ
2608 4993 2702 5053 οὖν
2724 4997 2905 5052 ἔννεον
2931 4998 3157 5052 ἑστάναι
3183 4995 3274 5049 τὸν
3303 4989 3645 5058 Ἐπιφάνιον,
3672 4979 3770 5070 καὶ

2174 5091 2273 5159 τὴν
2316 5087 2442 5144 θέαν
2484 5068 2653 5143 αὐτοῦ
2696 5085 3120 5158 ἐκθαμϐεῖσθαι,
3160 5084 3190 5136 ὁ
3234 5082 3365 5153 ήδὺς
3410 5079 3619 5136 ἐκεῖνος
3664 5068 3768 5159 μῷ·

2189 5199 2398 5255 τειρος,
2429 5181 2771 5252 γευσάμενος
2799 5175 2894 5232 τοῦ
2920 5172 3109 5242 ζωμοῦ
3138 5169 3343 5227 ὡσανεὶ
3365 5168 3562 5238 πεῖραν
3581 5158 3769 5214 λαϐεῖν

2193 5254 2539 5349 πειρώμενος
2571 5273 2668 5329 τοῦ
2699 5271 3006 5344 ἑψήματος,
3041 5265 3293 5323 ἐκϐαλὼν
3320 5265 3387 5319 ὲκ
3428 5259 3525 5315 τοῦ
3564 5254 3764 5311 κόλπου

2192 5432 2427 5485 quorum
2459 5428 2623 5485 opera
2655 5411 2885 5485 cervicis
2910 5409 3176 5485 vertebrae
3220 5401 3439 5485 ⁸(εοιιιιξιι
3483 5393 3769 5485 ηεξίξυξτξῐξξ

2186 5459 2629 5542 ἓιὶὲῖἐιῖὲῖἐῖξὲῖι
2657 5459 2739 5538 "Si
2761 5459 3194 5542 ’ἶέὗαξίὀῐιέιήι
3219 5472 3495 5528 amens...
3539 5459 3594 5521 in
3619 5459 3765 5542 Actis

2186 5525 2776 5619 ἓῗ”’ἵὶξέὸῖιότί’”ὕυῶἒ,
2810 5525 2958 5606 ωιθέ
3011 5546 3308 5610 τενάντιον,
3355 5551 3599 5611 torques,
3626 5525 3762 5600 apud

2187 5626 2644 5769 Νιῗξῗῖηἶξήτρου.
2669 5691 2772 5750 Ms.
2799 5689 2935 5746 Μαι.
2968 5688 3156 5754 κίτρου
3183 5685 3328 5759 quod
3347 5682 3554 5741 malim.
3578 5666 3758 5730 ιειῑιιθ

580 5771 693 5838 (73)
710 5771 809 5826 Ms.
835 5767 1035 5826 Mazar.
1062 5772 1327 5837 τένοντος,
1353 5768 1572 5837 torquis.
1594 5767 1875 5838 Significat
1906 5773 2088 5821 autem
2191 5769 2376 5823 citrus.

516 5830 688 5896 τενων
737 5841 859 5894 calli
892 5843 1139 5896 tentiones
1191 5830 1325 5898 seu"
1350 5830 1531 5894 neruos
1572 5830 1941 5905 calidissimas,
1978 5840 2093 5894 sine
