  <div class='ocr_page' id='page_1' title='image "/cluster/home/n/w/nwhite01/storage/ocr_20150623/111/coo.31924054870153/356.png"; bbox 0 0 4148 6406; ppageno 0'>
   <div class='ocr_carea' id='block_1_1' title="bbox 429 412 538 475">
    <p class='ocr_par' dir='ltr' id='par_1_1' title="bbox 429 412 538 475">
     <span class='ocr_line' id='line_1_1' title="bbox 429 412 538 475; baseline 0.009 -2"><span class='ocrx_word' id='word_1_1' title='bbox 429 412 538 475; x_wconf 72' lang='grc' dir='ltr'><strong>θοι</strong></span> 
     </span>
    </p>
   </div>
   <div class='ocr_carea' id='block_1_2' title="bbox 1570 409 2495 501">
    <p class='ocr_par' dir='ltr' id='par_1_2' title="bbox 1570 409 2495 501">
     <span class='ocr_line' id='line_1_2' title="bbox 1570 409 2495 501; baseline -0.005 -26"><span class='ocrx_word' id='word_1_2' title='bbox 1570 413 1774 501; x_wconf 85' lang='lat' dir='ltr'><strong>_VITA</strong></span> <span class='ocrx_word' id='word_1_3' title='bbox 1817 415 1880 474; x_wconf 89' lang='lat' dir='ltr'><strong>s.</strong></span> <span class='ocrx_word' id='word_1_4' title='bbox 1925 411 2256 475; x_wconf 66' lang='lat' dir='ltr'><strong>meum</strong></span> <span class='ocrx_word' id='word_1_5' title='bbox 2297 409 2495 471; x_wconf 72' lang='lat' dir='ltr'><strong>sm.-</strong></span> 
     </span>
    </p>
   </div>
   <div class='ocr_carea' id='block_1_3' title="bbox 3577 393 3686 462">
    <p class='ocr_par' dir='ltr' id='par_1_3' title="bbox 3577 393 3686 462">
     <span class='ocr_line' id='line_1_3' title="bbox 3577 393 3686 462; baseline -0.018 0"><span class='ocrx_word' id='word_1_6' title='bbox 3577 393 3686 462; x_wconf 69' lang='grc'><strong>694</strong></span> 
     </span>
    </p>
   </div>
   <div class='ocr_carea' id='block_1_4' title="bbox 432 512 2027 597">
    <p class='ocr_par' dir='ltr' id='par_1_4' title="bbox 432 524 2008 597">
     <span class='ocr_line' id='line_1_4' title="bbox 432 524 2008 597; baseline -0.002 -18"><span class='ocrx_word' id='word_1_7' title='bbox 432 524 597 579; x_wconf 80' lang='grc' dir='ltr'>αὐτοῦ</span> <span class='ocrx_word' id='word_1_8' title='bbox 637 524 909 596; x_wconf 80' lang='grc' dir='ltr'>ἐγχείριον</span> <span class='ocrx_word' id='word_1_9' title='bbox 952 524 1064 597; x_wconf 78' lang='grc'>(75)</span> <span class='ocrx_word' id='word_1_10' title='bbox 1118 524 1334 597; x_wconf 71' lang='grc' dir='ltr'>μικρὸν,</span> <span class='ocrx_word' id='word_1_11' title='bbox 1390 524 1484 577; x_wconf 68' lang='grc' dir='ltr'><strong>καὶ</strong></span> <span class='ocrx_word' id='word_1_12' title='bbox 1522 525 1661 595; x_wconf 83' lang='grc' dir='ltr'>ἄρας</span> <span class='ocrx_word' id='word_1_13' title='bbox 1702 527 1816 588; x_wconf 81' lang='grc' dir='ltr'>τοϊς</span> <span class='ocrx_word' id='word_1_14' title='bbox 1861 524 2008 595; x_wconf 69' lang='grc' dir='ltr'>τρισὶ</span> 
     </span>
    </p>
   </div>
   <div class='ocr_carea' id='block_1_5' title="bbox 2130 512 3686 597">
    <p class='ocr_par' dir='ltr' id='par_1_5' title="bbox 2130 512 3686 595">
     <span class='ocr_line' id='line_1_5' title="bbox 2130 512 3686 595; baseline -0.006 -17"><span class='ocrx_word' id='word_1_15' title='bbox 2130 541 2230 588; x_wconf 82' lang='lat' dir='ltr'><strong>-us,</strong></span> <span class='ocrx_word' id='word_1_16' title='bbox 2264 523 2481 595; x_wconf 87' lang='lat' dir='ltr'><strong>protulit</strong></span> <span class='ocrx_word' id='word_1_17' title='bbox 2504 539 2530 575; x_wconf 88' lang='lat' dir='ltr'><strong>e</strong></span> <span class='ocrx_word' id='word_1_18' title='bbox 2563 522 2683 576; x_wconf 89' lang='lat' dir='ltr'><strong>sinu</strong></span> <span class='ocrx_word' id='word_1_19' title='bbox 2713 533 2814 576; x_wconf 86' lang='lat' dir='ltr'><strong>suo</strong></span> <span class='ocrx_word' id='word_1_20' title='bbox 2845 515 3123 574; x_wconf 81' lang='lat' dir='ltr'><strong>vasculum</strong></span> <span class='ocrx_word' id='word_1_21' title='bbox 3151 515 3441 587; x_wconf 84' lang='lat' dir='ltr'><strong>quoddam,</strong></span> <span class='ocrx_word' id='word_1_22' title='bbox 3484 512 3686 568; x_wconf 88' lang='lat' dir='ltr'><strong>tribus-</strong></span> 
     </span>
    </p>
   </div>
   <div class='ocr_carea' id='block_1_6' title="bbox 431 616 2009 689">
    <p class='ocr_par' dir='ltr' id='par_1_6' title="bbox 431 616 2009 689">
     <span class='ocr_line' id='line_1_6' title="bbox 431 616 2009 689; baseline -0.003 -17"><span class='ocrx_word' id='word_1_23' title='bbox 431 618 716 681; x_wconf 76' lang='grc' dir='ltr'><strong>δακτύλοις</strong></span> <span class='ocrx_word' id='word_1_24' title='bbox 745 619 908 672; x_wconf 82' lang='grc' dir='ltr'>αὐτοῦ</span> <span class='ocrx_word' id='word_1_25' title='bbox 935 619 1158 689; x_wconf 83' lang='grc' dir='ltr'>ἀρτυμά</span> <span class='ocrx_word' id='word_1_26' title='bbox 1182 635 1236 672; x_wconf 87' lang='grc' dir='ltr'><strong>τι</strong></span> <span class='ocrx_word' id='word_1_27' title='bbox 1267 617 1363 672; x_wconf 84' lang='grc' dir='ltr'><strong>ἀπ’</strong></span> <span class='ocrx_word' id='word_1_28' title='bbox 1390 617 1622 679; x_wconf 82' lang='grc' dir='ltr'>ἐκείνου,</span> <span class='ocrx_word' id='word_1_29' title='bbox 1652 616 2009 683; x_wconf 85' lang='grc' dir='ltr'>σταυροειδῶς</span> 
     </span>
    </p>
   </div>
   <div class='ocr_carea' id='block_1_7' title="bbox 433 706 2010 778">
    <p class='ocr_par' dir='ltr' id='par_1_7' title="bbox 433 706 2010 778">
     <span class='ocr_line' id='line_1_7' title="bbox 433 706 2010 778; baseline -0.004 -14"><span class='ocrx_word' id='word_1_30' title='bbox 433 709 510 778; x_wconf 84' lang='grc' dir='ltr'><strong>τῷ</strong></span> <span class='ocrx_word' id='word_1_31' title='bbox 537 707 801 778; x_wconf 80' lang='grc' dir='ltr'>κυθριδίῳ</span> <span class='ocrx_word' id='word_1_32' title='bbox 833 709 1110 773; x_wconf 76' lang='grc' dir='ltr'>ἐνέϐαλεν,</span> <span class='ocrx_word' id='word_1_33' title='bbox 1163 710 1256 762; x_wconf 74' lang='grc' dir='ltr'><strong>καὶ</strong></span> <span class='ocrx_word' id='word_1_34' title='bbox 1309 708 1386 778; x_wconf 76' lang='grc' dir='ltr'>τῷ</span> <span class='ocrx_word' id='word_1_35' title='bbox 1439 708 1650 778; x_wconf 85' lang='grc' dir='ltr'>παλλίῳ</span> <span class='ocrx_word' id='word_1_36' title='bbox 1684 708 1774 759; x_wconf 71' lang='grc' dir='ltr'>τὸν</span> <span class='ocrx_word' id='word_1_37' title='bbox 1805 706 2010 760; x_wconf 84' lang='grc' dir='ltr'>ἀποκε-</span> 
     </span>
    </p>
   </div>
   <div class='ocr_carea' id='block_1_8' title="bbox 436 799 2012 870">
    <p class='ocr_par' dir='ltr' id='par_1_8' title="bbox 436 799 2012 870">
     <span class='ocr_line' id='line_1_8' title="bbox 436 799 2012 870; baseline -0.004 -14"><span class='ocrx_word' id='word_1_38' title='bbox 436 801 789 870; x_wconf 83' lang='grc' dir='ltr'>καλυμμένον</span> <span class='ocrx_word' id='word_1_39' title='bbox 837 799 1096 870; x_wconf 77' lang='grc' dir='ltr'><strong>βραχίονα</strong></span> <span class='ocrx_word' id='word_1_40' title='bbox 1140 799 1305 853; x_wconf 81' lang='grc' dir='ltr'>αὐτοῦ</span> <span class='ocrx_word' id='word_1_41' title='bbox 1363 799 1739 868; x_wconf 73' lang='grc' dir='ltr'><strong>κατεκάλυψεν</strong></span> <span class='ocrx_word' id='word_1_42' title='bbox 1767 816 1780 832; x_wconf 85' lang='grc'><strong>·</strong></span> <span class='ocrx_word' id='word_1_43' title='bbox 1819 799 2012 868; x_wconf 74' lang='grc' dir='ltr'>ἐντρα-</span> 
     </span>
    </p>
   </div>
   <div class='ocr_carea' id='block_1_9' title="bbox 435 890 2014 961">
    <p class='ocr_par' dir='ltr' id='par_1_9' title="bbox 435 890 2014 961">
     <span class='ocr_line' id='line_1_9' title="bbox 435 890 2014 961; baseline -0.003 -15"><span class='ocrx_word' id='word_1_44' title='bbox 435 895 590 956; x_wconf 77' lang='grc' dir='ltr'>νίσας</span> <span class='ocrx_word' id='word_1_45' title='bbox 623 909 682 944; x_wconf 86' lang='grc' dir='ltr'><strong>τε</strong></span> <span class='ocrx_word' id='word_1_46' title='bbox 718 891 796 961; x_wconf 83' lang='grc' dir='ltr'>τῷ</span> <span class='ocrx_word' id='word_1_47' title='bbox 841 891 1142 961; x_wconf 79' lang='grc' dir='ltr'>Ἑπιφανίῳ</span> <span class='ocrx_word' id='word_1_48' title='bbox 1173 890 1396 961; x_wconf 80' lang='grc' dir='ltr'>μειδιῶν</span> <span class='ocrx_word' id='word_1_49' title='bbox 1425 890 1502 960; x_wconf 85' lang='grc' dir='ltr'>τῷ</span> <span class='ocrx_word' id='word_1_50' title='bbox 1546 890 1845 960; x_wconf 82' lang='grc' dir='ltr'><strong>προσώπῳ,</strong></span> <span class='ocrx_word' id='word_1_51' title='bbox 1889 907 2014 960; x_wconf 82' lang='grc' dir='ltr'>κτη-</span> 
     </span>
    </p>
   </div>
   <div class='ocr_carea' id='block_1_10' title="bbox 438 983 2010 1054">
    <p class='ocr_par' dir='ltr' id='par_1_10' title="bbox 438 983 2010 1054">
     <span class='ocr_line' id='line_1_10' title="bbox 438 983 2010 1054; baseline 0.001 -18"><span class='ocrx_word' id='word_1_52' title='bbox 438 987 673 1052; x_wconf 77' lang='grc' dir='ltr'>σάμενος</span> <span class='ocrx_word' id='word_1_53' title='bbox 706 983 984 1052; x_wconf 82' lang='grc' dir='ltr'>πτέρυγας</span> <span class='ocrx_word' id='word_1_54' title='bbox 1010 983 1338 1054; x_wconf 78' lang='grc' dir='ltr'>πυρῤἀκεις,</span> <span class='ocrx_word' id='word_1_55' title='bbox 1363 983 1502 1053; x_wconf 80' lang='grc' dir='ltr'>ἄρας</span> <span class='ocrx_word' id='word_1_56' title='bbox 1534 983 1727 1036; x_wconf 79' lang='grc' dir='ltr'>ἑαυτὸν</span> <span class='ocrx_word' id='word_1_57' title='bbox 1754 984 1860 1036; x_wconf 71' lang='grc' dir='ltr'>ἀπὸ</span> <span class='ocrx_word' id='word_1_58' title='bbox 1886 984 2010 1053; x_wconf 78' lang='grc' dir='ltr'>γῆς,</span> 
     </span>
    </p>
   </div>
   <div class='ocr_carea' id='block_1_11' title="bbox 437 1069 2014 1148">
    <p class='ocr_par' dir='ltr' id='par_1_11' title="bbox 437 1069 2014 1148">
     <span class='ocr_line' id='line_1_11' title="bbox 437 1069 2014 1148; baseline 0.001 -20"><span class='ocrx_word' id='word_1_59' title='bbox 437 1077 516 1137; x_wconf 84' lang='grc' dir='ltr'><strong>είς</strong></span> <span class='ocrx_word' id='word_1_60' title='bbox 557 1076 822 1145; x_wconf 81' lang='grc' dir='ltr'>οὐρανοὺς</span> <span class='ocrx_word' id='word_1_61' title='bbox 849 1075 1041 1146; x_wconf 75' lang='grc' dir='ltr'>ᾤχετο.</span> <span class='ocrx_word' id='word_1_62' title='bbox 1098 1069 1429 1144; x_wconf 67' lang='grc' dir='ltr'>Ἰλιγγιᾶσας</span> <span class='ocrx_word' id='word_1_63' title='bbox 1458 1075 1516 1130; x_wconf 75' lang='grc' dir='ltr'>δὲ</span> <span class='ocrx_word' id='word_1_64' title='bbox 1563 1076 1676 1136; x_wconf 82' lang='grc' dir='ltr'>τοῖς</span> <span class='ocrx_word' id='word_1_65' title='bbox 1716 1078 2014 1148; x_wconf 81' lang='grc' dir='ltr'><strong>ὁρωμένοις</strong></span> 
     </span>
    </p>
   </div>
   <div class='ocr_carea' id='block_1_12' title="bbox 441 1165 2017 1239">
    <p class='ocr_par' dir='ltr' id='par_1_12' title="bbox 441 1165 2017 1239">
     <span class='ocr_line' id='line_1_12' title="bbox 441 1165 2017 1239; baseline 0.001 -20"><span class='ocrx_word' id='word_1_66' title='bbox 441 1169 468 1219; x_wconf 76' lang='grc' dir='ltr'><strong>ό</strong></span> <span class='ocrx_word' id='word_1_67' title='bbox 506 1169 624 1229; x_wconf 80' lang='grc' dir='ltr'>νέος</span> <span class='ocrx_word' id='word_1_68' title='bbox 663 1169 757 1220; x_wconf 74' lang='grc' dir='ltr'><strong>καὶ</strong></span> <span class='ocrx_word' id='word_1_69' title='bbox 809 1167 1204 1235; x_wconf 70' lang='grc' dir='ltr'>καταπλαγεὶς,</span> <span class='ocrx_word' id='word_1_70' title='bbox 1253 1165 1446 1238; x_wconf 71' lang='grc' dir='ltr'>ἐξέστη</span> <span class='ocrx_word' id='word_1_71' title='bbox 1479 1167 1558 1239; x_wconf 81' lang='grc' dir='ltr'>τῷ</span> <span class='ocrx_word' id='word_1_72' title='bbox 1594 1167 1889 1238; x_wconf 83' lang='grc' dir='ltr'>πνεύματι,</span> <span class='ocrx_word' id='word_1_73' title='bbox 1920 1167 2017 1220; x_wconf 72' lang='grc' dir='ltr'>καὶ</span> 
     </span>
    </p>
   </div>
   <div class='ocr_carea' id='block_1_13' title="bbox 445 1258 2018 1331">
    <p class='ocr_par' dir='ltr' id='par_1_13' title="bbox 445 1258 2018 1331">
     <span class='ocr_line' id='line_1_13' title="bbox 445 1258 2018 1331; baseline 0 -18"><span class='ocrx_word' id='word_1_74' title='bbox 445 1261 705 1331; x_wconf 69' lang='grc' dir='ltr'>στραφεὶς</span> <span class='ocrx_word' id='word_1_75' title='bbox 738 1259 881 1313; x_wconf 86' lang='grc' dir='ltr'><strong>κατά</strong></span> <span class='ocrx_word' id='word_1_76' title='bbox 935 1258 1230 1322; x_wconf 81' lang='grc' dir='ltr'>Ἀνατολάς</span> <span class='ocrx_word' id='word_1_77' title='bbox 1266 1259 1366 1322; x_wconf 84' lang='grc' dir='ltr'><strong>τάς</strong></span> <span class='ocrx_word' id='word_1_78' title='bbox 1414 1259 1605 1331; x_wconf 80' lang='grc' dir='ltr'>χεῖρας</span> <span class='ocrx_word' id='word_1_79' title='bbox 1642 1259 1814 1312; x_wconf 80' lang='grc' dir='ltr'>αὐτοῦ</span> <span class='ocrx_word' id='word_1_80' title='bbox 1848 1259 2018 1314; x_wconf 84' lang='grc' dir='ltr'>πετά-</span> 
     </span>
    </p>
   </div>
   <div class='ocr_carea' id='block_1_14' title="bbox 441 1349 2015 1422">
    <p class='ocr_par' dir='ltr' id='par_1_14' title="bbox 441 1349 2015 1422">
     <span class='ocr_line' id='line_1_14' title="bbox 441 1349 2015 1422; baseline -0.001 -19"><span class='ocrx_word' id='word_1_81' title='bbox 441 1369 538 1412; x_wconf 85' lang='grc' dir='ltr'><strong>σας</strong></span> <span class='ocrx_word' id='word_1_82' title='bbox 569 1351 705 1420; x_wconf 76' lang='grc' dir='ltr'>πρὸς</span> <span class='ocrx_word' id='word_1_83' title='bbox 727 1350 952 1420; x_wconf 85' lang='grc' dir='ltr'>Κύριον,</span> <span class='ocrx_word' id='word_1_84' title='bbox 991 1350 1084 1403; x_wconf 82' lang='grc' dir='ltr'>καὶ</span> <span class='ocrx_word' id='word_1_85' title='bbox 1111 1349 1344 1418; x_wconf 79' lang='grc' dir='ltr'>δάκρυσι</span> <span class='ocrx_word' id='word_1_86' title='bbox 1386 1350 1744 1422; x_wconf 83' lang='grc' dir='ltr'><strong>συνεχόμενος</strong></span> <span class='ocrx_word' id='word_1_87' title='bbox 1787 1349 1970 1419; x_wconf 73' lang='grc' dir='ltr'>ἔλεγεν</span> <span class='ocrx_word' id='word_1_88' title='bbox 1998 1363 2015 1380; x_wconf 87' lang='grc'><strong>·</strong></span> 
     </span>
    </p>
   </div>
   <div class='ocr_carea' id='block_1_15' title="bbox 439 1439 2019 1512">
    <p class='ocr_par' dir='ltr' id='par_1_15' title="bbox 439 1439 2019 1512">
     <span class='ocr_line' id='line_1_15' title="bbox 439 1439 2019 1512; baseline 0 -18"><span class='ocrx_word' id='word_1_89' title='bbox 439 1442 507 1494; x_wconf 87' lang='grc' dir='ltr'>Οί</span> <span class='ocrx_word' id='word_1_90' title='bbox 533 1458 640 1510; x_wconf 76' lang='grc' dir='ltr'>μοι,</span> <span class='ocrx_word' id='word_1_91' title='bbox 674 1441 845 1510; x_wconf 75' lang='grc' dir='ltr'>Κύριέ</span> <span class='ocrx_word' id='word_1_92' title='bbox 885 1459 1008 1509; x_wconf 84' lang='grc' dir='ltr'>μου,</span> <span class='ocrx_word' id='word_1_93' title='bbox 1037 1441 1120 1503; x_wconf 88' lang='grc' dir='ltr'><strong>τίς</strong></span> <span class='ocrx_word' id='word_1_94' title='bbox 1147 1442 1261 1510; x_wconf 86' lang='grc' dir='ltr'>είμι</span> <span class='ocrx_word' id='word_1_95' title='bbox 1290 1439 1446 1508; x_wconf 78' lang='grc' dir='ltr'>ὲγὼό</span> <span class='ocrx_word' id='word_1_96' title='bbox 1475 1441 1621 1494; x_wconf 84' lang='grc' dir='ltr'>κύων</span> <span class='ocrx_word' id='word_1_97' title='bbox 1640 1443 1668 1495; x_wconf 85' lang='grc' dir='ltr'><strong>ό</strong></span> <span class='ocrx_word' id='word_1_98' title='bbox 1698 1459 2019 1512; x_wconf 85' lang='grc' dir='ltr'>συντετριμ-</span> 
     </span>
    </p>
   </div>
   <div class='ocr_carea' id='block_1_16' title="bbox 445 1529 2019 1601">
    <p class='ocr_par' dir='ltr' id='par_1_16' title="bbox 445 1529 2019 1601">
     <span class='ocr_line' id='line_1_16' title="bbox 445 1529 2019 1601; baseline 0.004 -21"><span class='ocrx_word' id='word_1_99' title='bbox 445 1531 624 1599; x_wconf 83' lang='grc' dir='ltr'>μένος,</span> <span class='ocrx_word' id='word_1_100' title='bbox 666 1529 748 1584; x_wconf 82' lang='grc' dir='ltr'>ὃτι</span> <span class='ocrx_word' id='word_1_101' title='bbox 771 1529 1164 1596; x_wconf 70' lang='grc' dir='ltr'><strong>ἐξαπέστειλας</strong></span> <span class='ocrx_word' id='word_1_102' title='bbox 1189 1530 1282 1584; x_wconf 77' lang='grc' dir='ltr'>τὸν</span> <span class='ocrx_word' id='word_1_103' title='bbox 1317 1529 1575 1600; x_wconf 84' lang='grc' dir='ltr'>φίλτατόν</span> <span class='ocrx_word' id='word_1_104' title='bbox 1623 1549 1718 1585; x_wconf 91' lang='grc' dir='ltr'><strong>σου</strong></span> <span class='ocrx_word' id='word_1_105' title='bbox 1751 1532 2019 1601; x_wconf 81' lang='grc' dir='ltr'>’Λγγελον</span> 
     </span>
    </p>
   </div>
   <div class='ocr_carea' id='block_1_17' title="bbox 441 1623 2020 1697">
    <p class='ocr_par' dir='ltr' id='par_1_17' title="bbox 441 1623 2020 1697">
     <span class='ocr_line' id='line_1_17' title="bbox 441 1623 2020 1697; baseline 0.003 -21"><span class='ocrx_word' id='word_1_106' title='bbox 441 1623 533 1677; x_wconf 78' lang='grc' dir='ltr'><strong>τοῦ</strong></span> <span class='ocrx_word' id='word_1_107' title='bbox 565 1623 971 1694; x_wconf 81' lang='grc' dir='ltr'>ἐξυπηρετῆσαί</span> <span class='ocrx_word' id='word_1_108' title='bbox 1002 1641 1092 1694; x_wconf 85' lang='grc' dir='ltr'><strong>μοι</strong></span> <span class='ocrx_word' id='word_1_109' title='bbox 1124 1642 1138 1688; x_wconf 87' lang='grc'>;</span> <span class='ocrx_word' id='word_1_110' title='bbox 1169 1623 1488 1696; x_wconf 86' lang='grc' dir='ltr'>Εὐχαριστῶ</span> <span class='ocrx_word' id='word_1_111' title='bbox 1515 1629 1582 1697; x_wconf 79' lang='grc' dir='ltr'>τῇ</span> <span class='ocrx_word' id='word_1_112' title='bbox 1620 1628 1686 1697; x_wconf 80' lang='grc' dir='ltr'>σῇ</span> <span class='ocrx_word' id='word_1_113' title='bbox 1716 1625 2020 1696; x_wconf 80' lang='grc' dir='ltr'>φιλανθρω-</span> 
     </span>
    </p>
   </div>
   <div class='ocr_carea' id='block_1_18' title="bbox 443 1715 2018 1790">
    <p class='ocr_par' dir='ltr' id='par_1_18' title="bbox 443 1715 2018 1790">
     <span class='ocr_line' id='line_1_18' title="bbox 443 1715 2018 1790; baseline 0.004 -25"><span class='ocrx_word' id='word_1_114' title='bbox 443 1716 564 1784; x_wconf 74' lang='grc' dir='ltr'>πίᾳ,</span> <span class='ocrx_word' id='word_1_115' title='bbox 600 1715 795 1784; x_wconf 79' lang='grc' dir='ltr'>Κύριε,</span> <span class='ocrx_word' id='word_1_116' title='bbox 851 1718 945 1768; x_wconf 78' lang='grc' dir='ltr'><strong>καὶ</strong></span> <span class='ocrx_word' id='word_1_117' title='bbox 991 1716 1051 1767; x_wconf 83' lang='grc' dir='ltr'><strong>τὸ</strong></span> <span class='ocrx_word' id='word_1_118' title='bbox 1084 1716 1318 1786; x_wconf 86' lang='grc' dir='ltr'>μέγεθος</span> <span class='ocrx_word' id='word_1_119' title='bbox 1341 1718 1440 1788; x_wconf 77' lang='grc' dir='ltr'>τῆς</span> <span class='ocrx_word' id='word_1_120' title='bbox 1487 1718 1894 1790; x_wconf 77' lang='grc' dir='ltr'>εὐσπλαγχνίας</span> <span class='ocrx_word' id='word_1_121' title='bbox 1925 1736 2018 1772; x_wconf 89' lang='grc' dir='ltr'><strong>σου</strong></span> 
     </span>
    </p>
   </div>
   <div class='ocr_carea' id='block_1_19' title="bbox 443 1809 2016 1882">
    <p class='ocr_par' dir='ltr' id='par_1_19' title="bbox 443 1809 2016 1882">
     <span class='ocr_line' id='line_1_19' title="bbox 443 1809 2016 1882; baseline 0.002 -22"><span class='ocrx_word' id='word_1_122' title='bbox 443 1809 734 1872; x_wconf 79' lang='grc' dir='ltr'>ὲκθειάζω,</span> <span class='ocrx_word' id='word_1_123' title='bbox 769 1809 893 1860; x_wconf 86' lang='grc' dir='ltr'>καθ’</span> <span class='ocrx_word' id='word_1_124' title='bbox 934 1810 1014 1862; x_wconf 84' lang='grc' dir='ltr'>ὃτι</span> <span class='ocrx_word' id='word_1_125' title='bbox 1073 1810 1218 1881; x_wconf 84' lang='grc' dir='ltr'><strong>κάμὲ</strong></span> <span class='ocrx_word' id='word_1_126' title='bbox 1260 1811 1348 1864; x_wconf 78' lang='grc' dir='ltr'><strong>ἐπ’</strong></span> <span class='ocrx_word' id='word_1_127' title='bbox 1386 1809 1676 1882; x_wconf 70' lang='grc' dir='ltr'>ἀνακρίσει</span> <span class='ocrx_word' id='word_1_128' title='bbox 1728 1811 2016 1880; x_wconf 80' lang='grc' dir='ltr'><strong>κέκτησαι,</strong></span> 
     </span>
    </p>
   </div>
   <div class='ocr_carea' id='block_1_20' title="bbox 444 1883 2092 1974">
    <p class='ocr_par' dir='ltr' id='par_1_20' title="bbox 444 1883 2092 1974">
     <span class='ocr_line' id='line_1_20' title="bbox 444 1883 2092 1974; baseline 0.001 -22"><span class='ocrx_word' id='word_1_129' title='bbox 444 1901 503 1952; x_wconf 80' lang='grc' dir='ltr'>ἐν</span> <span class='ocrx_word' id='word_1_130' title='bbox 552 1903 620 1970; x_wconf 80' lang='grc' dir='ltr'>τῇ</span> <span class='ocrx_word' id='word_1_131' title='bbox 652 1900 810 1971; x_wconf 77' lang='grc' dir='ltr'>θεῖκῇ</span> <span class='ocrx_word' id='word_1_132' title='bbox 849 1917 942 1954; x_wconf 89' lang='grc' dir='ltr'><strong>σου</strong></span> <span class='ocrx_word' id='word_1_133' title='bbox 978 1901 1208 1972; x_wconf 78' lang='grc' dir='ltr'>δυνάμει</span> <span class='ocrx_word' id='word_1_134' title='bbox 1265 1901 1608 1974; x_wconf 74' lang='grc' dir='ltr'>περιφέρεις,</span> <span class='ocrx_word' id='word_1_135' title='bbox 1643 1903 1735 1956; x_wconf 82' lang='grc' dir='ltr'><strong>καὶ</strong></span> <span class='ocrx_word' id='word_1_136' title='bbox 1782 1905 1859 1966; x_wconf 80' lang='grc' dir='ltr'>εἰς</span> <span class='ocrx_word' id='word_1_137' title='bbox 1900 1903 2015 1965; x_wconf 79' lang='grc' dir='ltr'>ἐνὸς</span> <span class='ocrx_word' id='word_1_138' title='bbox 2055 1883 2092 1938; x_wconf 71' lang='grc' dir='ltr'><strong>Β</strong></span> 
     </span>
    </p>
   </div>
   <div class='ocr_carea' id='block_1_21' title="bbox 441 1993 2015 2067">
    <p class='ocr_par' dir='ltr' id='par_1_21' title="bbox 441 1993 2015 2067">
     <span class='ocr_line' id='line_1_21' title="bbox 441 1993 2015 2067; baseline 0.003 -23"><span class='ocrx_word' id='word_1_139' title='bbox 441 1994 608 2046; x_wconf 77' lang='grc' dir='ltr'>τόπον</span> <span class='ocrx_word' id='word_1_140' title='bbox 645 1994 754 2047; x_wconf 84' lang='grc' dir='ltr'><strong>τῶν</strong></span> <span class='ocrx_word' id='word_1_141' title='bbox 798 1993 1137 2062; x_wconf 78' lang='grc' dir='ltr'>ἀγαπώντων</span> <span class='ocrx_word' id='word_1_142' title='bbox 1172 2011 1230 2047; x_wconf 89' lang='grc' dir='ltr'><strong>σε</strong></span> <span class='ocrx_word' id='word_1_143' title='bbox 1281 1995 1428 2066; x_wconf 80' lang='grc' dir='ltr'>ἔχεις</span> <span class='ocrx_word' id='word_1_144' title='bbox 1476 1995 1642 2065; x_wconf 84' lang='grc' dir='ltr'>κάμέ.</span> <span class='ocrx_word' id='word_1_145' title='bbox 1694 1995 2015 2067; x_wconf 82' lang='grc' dir='ltr'>Εὐχαριστῶ</span> 
     </span>
    </p>
   </div>
   <div class='ocr_carea' id='block_1_22' title="bbox 445 2085 2014 2159">
    <p class='ocr_par' dir='ltr' id='par_1_22' title="bbox 445 2085 2014 2159">
     <span class='ocr_line' id='line_1_22' title="bbox 445 2085 2014 2159; baseline 0.001 -21"><span class='ocrx_word' id='word_1_146' title='bbox 445 2103 526 2138; x_wconf 65' lang='grc' dir='ltr'><strong>σοι</strong></span> <span class='ocrx_word' id='word_1_147' title='bbox 556 2085 633 2155; x_wconf 81' lang='grc' dir='ltr'><strong>τῷ</strong></span> <span class='ocrx_word' id='word_1_148' title='bbox 655 2085 848 2155; x_wconf 79' lang='grc' dir='ltr'>ἀγαθῷ</span> <span class='ocrx_word' id='word_1_149' title='bbox 877 2087 970 2139; x_wconf 78' lang='grc' dir='ltr'><strong>καὶ</strong></span> <span class='ocrx_word' id='word_1_150' title='bbox 1001 2087 1250 2158; x_wconf 77' lang='grc' dir='ltr'>ζωοποιῴ</span> <span class='ocrx_word' id='word_1_151' title='bbox 1295 2087 1576 2159; x_wconf 78' lang='grc' dir='ltr'>κηδεμόνι,</span> <span class='ocrx_word' id='word_1_152' title='bbox 1619 2087 1711 2141; x_wconf 74' lang='grc' dir='ltr'>καὶ</span> <span class='ocrx_word' id='word_1_153' title='bbox 1743 2090 2014 2158; x_wconf 85' lang='grc' dir='ltr'>προνοητῇ</span> 
     </span>
    </p>
   </div>
   <div class='ocr_carea' id='block_1_23' title="bbox 443 2179 1008 2249">
    <p class='ocr_par' dir='ltr' id='par_1_23' title="bbox 443 2179 1008 2249">
     <span class='ocr_line' id='line_1_23' title="bbox 443 2179 1008 2249; baseline 0.005 -21"><span class='ocrx_word' id='word_1_154' title='bbox 443 2179 541 2247; x_wconf 77' lang='grc' dir='ltr'>τῆς</span> <span class='ocrx_word' id='word_1_155' title='bbox 576 2179 850 2248; x_wconf 85' lang='grc' dir='ltr'>σωτηρίας</span> <span class='ocrx_word' id='word_1_156' title='bbox 882 2197 1008 2249; x_wconf 88' lang='grc' dir='ltr'>μου.</span> 
     </span>
    </p>
   </div>
   <div class='ocr_carea' id='block_1_24' title="bbox 516 2271 2036 2350">
    <p class='ocr_par' dir='ltr' id='par_1_24' title="bbox 516 2271 2036 2350">
     <span class='ocr_line' id='line_1_24' title="bbox 516 2271 2036 2350; baseline 0.004 -24"><span class='ocrx_word' id='word_1_157' title='bbox 516 2271 606 2326; x_wconf 77' lang='grc' dir='ltr'><strong>νό’.</strong></span> <span class='ocrx_word' id='word_1_158' title='bbox 633 2273 817 2328; x_wconf 80' lang='grc' dir='ltr'>Ταῦτα</span> <span class='ocrx_word' id='word_1_159' title='bbox 841 2277 979 2344; x_wconf 80' lang='grc' dir='ltr'><strong>μετά</strong></span> <span class='ocrx_word' id='word_1_160' title='bbox 999 2277 1470 2348; x_wconf 79' lang='grc' dir='ltr'>συντετριμμένης</span> <span class='ocrx_word' id='word_1_161' title='bbox 1492 2275 1720 2349; x_wconf 76' lang='grc' dir='ltr'>καρδίας</span> <span class='ocrx_word' id='word_1_162' title='bbox 1743 2277 2036 2350; x_wconf 71' lang='grc' dir='ltr'>προσανθςο</span> 
     </span>
    </p>
   </div>
   <div class='ocr_carea' id='block_1_25' title="bbox 449 2365 2036 2440">
    <p class='ocr_par' dir='ltr' id='par_1_25' title="bbox 449 2365 2036 2440">
     <span class='ocr_line' id='line_1_25' title="bbox 449 2365 2036 2440; baseline 0.006 -27"><span class='ocrx_word' id='word_1_163' title='bbox 449 2365 676 2432; x_wconf 76' lang='grc' dir='ltr'>μολογού</span> <span class='ocrx_word' id='word_1_164' title='bbox 688 2381 846 2432; x_wconf 89' lang='grc' dir='ltr'>μενος</span> <span class='ocrx_word' id='word_1_165' title='bbox 862 2405 876 2430; x_wconf 96' lang='grc'><strong>,</strong></span> <span class='ocrx_word' id='word_1_166' title='bbox 901 2365 1068 2434; x_wconf 70' lang='grc' dir='ltr'>ἀπῄει</span> <span class='ocrx_word' id='word_1_167' title='bbox 1093 2367 1392 2422; x_wconf 83' lang='grc' dir='ltr'>θεάσασθαι</span> <span class='ocrx_word' id='word_1_168' title='bbox 1415 2370 1599 2422; x_wconf 87' lang='grc' dir='ltr'>ὁποῖον</span> <span class='ocrx_word' id='word_1_169' title='bbox 1622 2369 1774 2440; x_wconf 79' lang='grc' dir='ltr'>αὐτῷ</span> <span class='ocrx_word' id='word_1_170' title='bbox 1797 2372 1824 2423; x_wconf 86' lang='grc' dir='ltr'>ὁ</span> <span class='ocrx_word' id='word_1_171' title='bbox 1843 2369 2036 2438; x_wconf 70' lang='grc' dir='ltr'>φανεὶς</span> 
     </span>
    </p>
   </div>
   <div class='ocr_carea' id='block_1_26' title="bbox 446 2448 2022 2527">
    <p class='ocr_par' dir='ltr' id='par_1_26' title="bbox 446 2448 2022 2527">
     <span class='ocr_line' id='line_1_26' title="bbox 446 2448 2022 2527; baseline 0.007 -28"><span class='ocrx_word' id='word_1_172' title='bbox 446 2451 817 2502; x_wconf 81' lang='grc' dir='ltr'>κατεσκεύασε</span> <span class='ocrx_word' id='word_1_173' title='bbox 884 2451 944 2504; x_wconf 84' lang='grc' dir='ltr'>τὺ</span> <span class='ocrx_word' id='word_1_174' title='bbox 981 2451 1167 2523; x_wconf 72' lang='grc' dir='ltr'>ἕψημα</span> <span class='ocrx_word' id='word_1_175' title='bbox 1210 2467 1224 2481; x_wconf 80' lang='grc'><strong><em>⁸</em></strong></span> <span class='ocrx_word' id='word_1_176' title='bbox 1259 2448 1420 2523; x_wconf 74' lang='grc' dir='ltr'>εὗρεν</span> <span class='ocrx_word' id='word_1_177' title='bbox 1459 2453 1514 2507; x_wconf 82' lang='grc' dir='ltr'><strong>δὲ</strong></span> <span class='ocrx_word' id='word_1_178' title='bbox 1563 2454 1721 2508; x_wconf 82' lang='grc' dir='ltr'>τοῦτο</span> <span class='ocrx_word' id='word_1_179' title='bbox 1765 2455 2022 2527; x_wconf 82' lang='grc' dir='ltr'>τοιαύτην</span> 
     </span>
    </p>
   </div>
   <div class='ocr_carea' id='block_1_27' title="bbox 447 2542 2022 2618">
    <p class='ocr_par' dir='ltr' id='par_1_27' title="bbox 447 2542 2022 2618">
     <span class='ocr_line' id='line_1_27' title="bbox 447 2542 2022 2618; baseline 0.007 -26"><span class='ocrx_word' id='word_1_180' title='bbox 447 2542 569 2612; x_wconf 76' lang='grc' dir='ltr'>ἔχον</span> <span class='ocrx_word' id='word_1_181' title='bbox 603 2542 850 2609; x_wconf 79' lang='grc' dir='ltr'>εὐωδίαν,</span> <span class='ocrx_word' id='word_1_182' title='bbox 882 2544 1001 2597; x_wconf 78' lang='grc' dir='ltr'>οἵαν</span> <span class='ocrx_word' id='word_1_183' title='bbox 1024 2563 1108 2608; x_wconf 85' lang='grc' dir='ltr'><strong>τις</strong></span> <span class='ocrx_word' id='word_1_184' title='bbox 1152 2545 1476 2616; x_wconf 83' lang='grc' dir='ltr'>ἀριθμῆσαι,</span> <span class='ocrx_word' id='word_1_185' title='bbox 1518 2548 1550 2618; x_wconf 85' lang='grc' dir='ltr'>ἢ</span> <span class='ocrx_word' id='word_1_186' title='bbox 1580 2547 1880 2602; x_wconf 82' lang='grc' dir='ltr'>ἀπεικάσαι</span> <span class='ocrx_word' id='word_1_187' title='bbox 1915 2553 2022 2602; x_wconf 87' lang='grc' dir='ltr'><strong>τῶν</strong></span> 
     </span>
    </p>
   </div>
   <div class='ocr_carea' id='block_1_28' title="bbox 447 2635 2024 2709">
    <p class='ocr_par' dir='ltr' id='par_1_28' title="bbox 447 2635 2024 2709">
     <span class='ocr_line' id='line_1_28' title="bbox 447 2635 2024 2709; baseline 0.004 -22"><span class='ocrx_word' id='word_1_188' title='bbox 447 2635 540 2687; x_wconf 74' lang='grc' dir='ltr'>ἐπὶ</span> <span class='ocrx_word' id='word_1_189' title='bbox 573 2635 672 2704; x_wconf 81' lang='grc' dir='ltr'><strong>γῆς</strong></span> <span class='ocrx_word' id='word_1_190' title='bbox 697 2637 755 2689; x_wconf 90' lang='grc' dir='ltr'><strong>οὐ</strong></span> <span class='ocrx_word' id='word_1_191' title='bbox 791 2636 1034 2692; x_wconf 84' lang='grc' dir='ltr'>δύναται.</span> <span class='ocrx_word' id='word_1_192' title='bbox 1071 2637 1368 2708; x_wconf 77' lang='grc' dir='ltr'>Θαυμάσας</span> <span class='ocrx_word' id='word_1_193' title='bbox 1407 2638 1464 2691; x_wconf 84' lang='grc' dir='ltr'><strong>δὲ</strong></span> <span class='ocrx_word' id='word_1_194' title='bbox 1503 2640 1562 2690; x_wconf 75' lang='grc' dir='ltr'><strong>τὸ</strong></span> <span class='ocrx_word' id='word_1_195' title='bbox 1613 2642 1866 2709; x_wconf 74' lang='grc' dir='ltr'>πρᾶγμα,</span> <span class='ocrx_word' id='word_1_196' title='bbox 1929 2644 2024 2694; x_wconf 73' lang='grc' dir='ltr'><strong>καλ⁸</strong></span> 
     </span>
    </p>
   </div>
   <div class='ocr_carea' id='block_1_29' title="bbox 453 2727 2024 2801">
    <p class='ocr_par' dir='ltr' id='par_1_29' title="bbox 453 2727 2024 2801">
     <span class='ocr_line' id='line_1_29' title="bbox 453 2727 2024 2801; baseline 0.007 -25"><span class='ocrx_word' id='word_1_197' title='bbox 453 2727 707 2796; x_wconf 80' lang='grc' dir='ltr'>μεγάλως</span> <span class='ocrx_word' id='word_1_198' title='bbox 737 2729 1077 2797; x_wconf 66' lang='grc' dir='ltr'>εὐχαριστῶν</span> <span class='ocrx_word' id='word_1_199' title='bbox 1114 2731 1192 2799; x_wconf 80' lang='grc' dir='ltr'>τῷ</span> <span class='ocrx_word' id='word_1_200' title='bbox 1239 2731 1450 2801; x_wconf 79' lang='grc' dir='ltr'>Κυρίῳ,</span> <span class='ocrx_word' id='word_1_201' title='bbox 1501 2731 1800 2801; x_wconf 69' lang='grc' dir='ltr'>ἐφθέγγετο</span> <span class='ocrx_word' id='word_1_202' title='bbox 1834 2749 1848 2763; x_wconf 77' lang='grc' dir='ltr'><strong>ο</strong></span> <span class='ocrx_word' id='word_1_203' title='bbox 1887 2734 2024 2798; x_wconf 80' lang='grc' dir='ltr'>Δόξα</span> 
     </span>
    </p>
   </div>
   <div class='ocr_carea' id='block_1_30' title="bbox 451 2820 2024 2894">
    <p class='ocr_par' dir='ltr' id='par_1_30' title="bbox 451 2820 2024 2894">
     <span class='ocr_line' id='line_1_30' title="bbox 451 2820 2024 2894; baseline 0.005 -22"><span class='ocrx_word' id='word_1_204' title='bbox 451 2836 556 2882; x_wconf 86' lang='grc' dir='ltr'>σοι,</span> <span class='ocrx_word' id='word_1_205' title='bbox 587 2820 942 2890; x_wconf 74' lang='grc' dir='ltr'>δεδοξασμένε</span> <span class='ocrx_word' id='word_1_206' title='bbox 981 2822 1175 2893; x_wconf 82' lang='grc' dir='ltr'>Κύριε,</span> <span class='ocrx_word' id='word_1_207' title='bbox 1203 2823 1230 2874; x_wconf 87' lang='grc' dir='ltr'><strong>ό</strong></span> <span class='ocrx_word' id='word_1_208' title='bbox 1261 2825 1318 2876; x_wconf 83' lang='grc' dir='ltr'>ἐν</span> <span class='ocrx_word' id='word_1_209' title='bbox 1345 2823 1535 2893; x_wconf 80' lang='grc' dir='ltr'>Τριάδι</span> <span class='ocrx_word' id='word_1_210' title='bbox 1560 2824 1896 2894; x_wconf 81' lang='grc' dir='ltr'>ὑμνούμενος</span> <span class='ocrx_word' id='word_1_211' title='bbox 1929 2828 2024 2880; x_wconf 78' lang='grc' dir='ltr'>καὶ</span> 
     </span>
    </p>
   </div>
   <div class='ocr_carea' id='block_1_31' title="bbox 449 2914 2026 2991">
    <p class='ocr_par' dir='ltr' id='par_1_31' title="bbox 449 2914 2026 2991">
     <span class='ocr_line' id='line_1_31' title="bbox 449 2914 2026 2991; baseline 0.006 -26"><span class='ocrx_word' id='word_1_212' title='bbox 449 2914 952 2985; x_wconf 59' lang='grc' dir='ltr'>προσκυνούμενος,</span> <span class='ocrx_word' id='word_1_213' title='bbox 986 2916 1069 2968; x_wconf 79' lang='grc' dir='ltr'><strong>ὅτι</strong></span> <span class='ocrx_word' id='word_1_214' title='bbox 1104 2916 1172 2969; x_wconf 89' lang='grc' dir='ltr'><strong>τά</strong></span> <span class='ocrx_word' id='word_1_215' title='bbox 1209 2915 1308 2986; x_wconf 79' lang='grc' dir='ltr'>τῆς</span> <span class='ocrx_word' id='word_1_216' title='bbox 1337 2919 1477 2986; x_wconf 83' lang='grc' dir='ltr'>ἐμῆς</span> <span class='ocrx_word' id='word_1_217' title='bbox 1504 2917 1752 2981; x_wconf 77' lang='grc' dir='ltr'>εὐτελοῦς</span> <span class='ocrx_word' id='word_1_218' title='bbox 1775 2920 2026 2991; x_wconf 83' lang='grc' dir='ltr'>νεότητος</span> 
     </span>
    </p>
   </div>
   <div class='ocr_carea' id='block_1_32' title="bbox 448 3009 2030 3082">
    <p class='ocr_par' dir='ltr' id='par_1_32' title="bbox 448 3009 2030 3082">
     <span class='ocr_line' id='line_1_32' title="bbox 448 3009 2030 3082; baseline 0.005 -23"><span class='ocrx_word' id='word_1_219' title='bbox 448 3009 796 3078; x_wconf 79' lang='grc' dir='ltr'>ἀτυχέστατα</span> <span class='ocrx_word' id='word_1_220' title='bbox 838 3009 974 3078; x_wconf 80' lang='grc' dir='ltr'>ἔργα</span> <span class='ocrx_word' id='word_1_221' title='bbox 1005 3011 1082 3072; x_wconf 79' lang='grc' dir='ltr'>εἰς</span> <span class='ocrx_word' id='word_1_222' title='bbox 1125 3010 1330 3080; x_wconf 77' lang='grc' dir='ltr'>μέτρον</span> <span class='ocrx_word' id='word_1_223' title='bbox 1362 3012 1526 3082; x_wconf 81' lang='grc' dir='ltr'>ἔχεις,</span> <span class='ocrx_word' id='word_1_224' title='bbox 1555 3013 1649 3065; x_wconf 78' lang='grc' dir='ltr'>καὶ</span> <span class='ocrx_word' id='word_1_225' title='bbox 1671 3014 1788 3075; x_wconf 87' lang='grc' dir='ltr'>ταῖς</span> <span class='ocrx_word' id='word_1_226' title='bbox 1811 3014 2030 3069; x_wconf 83' lang='grc' dir='ltr'>ἀνεικά-</span> 
     </span>
    </p>
   </div>
   <div class='ocr_carea' id='block_1_33' title="bbox 452 3101 2027 3178">
    <p class='ocr_par' dir='ltr' id='par_1_33' title="bbox 452 3101 2027 3178">
     <span class='ocr_line' id='line_1_33' title="bbox 452 3101 2027 3178; baseline 0.005 -26"><span class='ocrx_word' id='word_1_227' title='bbox 452 3115 596 3162; x_wconf 72' lang='grc' dir='ltr'>στοις</span> <span class='ocrx_word' id='word_1_228' title='bbox 635 3101 977 3170; x_wconf 77' lang='grc' dir='ltr'>εὐεργεσίαις</span> <span class='ocrx_word' id='word_1_229' title='bbox 1011 3119 1106 3155; x_wconf 90' lang='grc' dir='ltr'><strong>σου</strong></span> <span class='ocrx_word' id='word_1_230' title='bbox 1153 3101 1251 3171; x_wconf 78' lang='grc' dir='ltr'>τὴν</span> <span class='ocrx_word' id='word_1_231' title='bbox 1283 3102 1422 3173; x_wconf 75' lang='grc' dir='ltr'>ἐμὴν</span> <span class='ocrx_word' id='word_1_232' title='bbox 1452 3105 1817 3174; x_wconf 86' lang='grc' dir='ltr'>ἀνικανότητα</span> <span class='ocrx_word' id='word_1_233' title='bbox 1845 3123 2027 3178; x_wconf 88' lang='grc' dir='ltr'>παρα-</span> 
     </span>
    </p>
   </div>
   <div class='ocr_carea' id='block_1_34' title="bbox 2113 603 3688 688">
    <p class='ocr_par' dir='ltr' id='par_1_34' title="bbox 2113 603 3688 688">
     <span class='ocr_line' id='line_1_34' title="bbox 2113 603 3688 688; baseline -0.01 -18"><span class='ocrx_word' id='word_1_234' title='bbox 2113 631 2220 688; x_wconf 89' lang='lat' dir='ltr'><strong>que</strong></span> <span class='ocrx_word' id='word_1_235' title='bbox 2252 616 2378 670; x_wconf 89' lang='lat' dir='ltr'><strong>inde</strong></span> <span class='ocrx_word' id='word_1_236' title='bbox 2413 615 2596 685; x_wconf 76' lang='lat' dir='ltr'><strong>digitis</strong></span> <span class='ocrx_word' id='word_1_237' title='bbox 2636 612 2840 681; x_wconf 87' lang='lat' dir='ltr'><strong>aliquid</strong></span> <span class='ocrx_word' id='word_1_238' title='bbox 2875 607 3204 665; x_wconf 86' lang='lat' dir='ltr'><strong>condimenti</strong></span> <span class='ocrx_word' id='word_1_239' title='bbox 3249 608 3542 677; x_wconf 81' lang='lat' dir='ltr'><strong>excipiens,</strong></span> <span class='ocrx_word' id='word_1_240' title='bbox 3573 603 3688 656; x_wconf 80' lang='lat' dir='ltr'><strong>for-</strong></span> 
     </span>
    </p>
   </div>
   <div class='ocr_carea' id='block_1_35' title="bbox 2114 697 3690 776">
    <p class='ocr_par' dir='ltr' id='par_1_35' title="bbox 2114 697 3690 776">
     <span class='ocr_line' id='line_1_35' title="bbox 2114 697 3690 776; baseline -0.009 -15"><span class='ocrx_word' id='word_1_241' title='bbox 2114 716 2262 762; x_wconf 84' lang='lat' dir='ltr'><strong>mato</strong></span> <span class='ocrx_word' id='word_1_242' title='bbox 2310 707 2488 762; x_wconf 89' lang='lat' dir='ltr'><strong>crucis</strong></span> <span class='ocrx_word' id='word_1_243' title='bbox 2535 707 2714 776; x_wconf 76' lang='lat' dir='ltr'><strong>signo,</strong></span> <span class='ocrx_word' id='word_1_244' title='bbox 2777 705 2830 758; x_wconf 93' lang='lat' dir='ltr'><strong>in</strong></span> <span class='ocrx_word' id='word_1_245' title='bbox 2888 703 3050 756; x_wconf 83' lang='lat' dir='ltr'><strong>ollam</strong></span> <span class='ocrx_word' id='word_1_246' title='bbox 3103 700 3325 768; x_wconf 86' lang='lat' dir='ltr'><strong>injecit,</strong></span> <span class='ocrx_word' id='word_1_247' title='bbox 3375 697 3690 764; x_wconf 85' lang='lat' dir='ltr'><strong>nudumque</strong></span> 
     </span>
    </p>
   </div>
   <div class='ocr_carea' id='block_1_36' title="bbox 2115 787 3691 867">
    <p class='ocr_par' dir='ltr' id='par_1_36' title="bbox 2115 787 3691 867">
     <span class='ocr_line' id='line_1_36' title="bbox 2115 787 3691 867; baseline -0.007 -15"><span class='ocrx_word' id='word_1_248' title='bbox 2115 797 2399 853; x_wconf 85' lang='lat' dir='ltr'><strong>brachium</strong></span> <span class='ocrx_word' id='word_1_249' title='bbox 2460 797 2599 851; x_wconf 90' lang='lat' dir='ltr'><strong>intra</strong></span> <span class='ocrx_word' id='word_1_250' title='bbox 2653 795 2872 867; x_wconf 83' lang='lat' dir='ltr'><strong>pallium</strong></span> <span class='ocrx_word' id='word_1_251' title='bbox 2935 793 3141 848; x_wconf 86' lang='lat' dir='ltr'><strong>abdidit</strong></span> <span class='ocrx_word' id='word_1_252' title='bbox 3177 808 3190 843; x_wconf 87' lang='lat'><strong>:</strong></span> <span class='ocrx_word' id='word_1_253' title='bbox 3224 805 3285 844; x_wconf 88' lang='lat' dir='ltr'><strong>ac</strong></span> <span class='ocrx_word' id='word_1_254' title='bbox 3312 799 3424 844; x_wconf 92' lang='lat' dir='ltr'><strong>tum</strong></span> <span class='ocrx_word' id='word_1_255' title='bbox 3457 787 3691 855; x_wconf 85' lang='lat' dir='ltr'><strong>denique</strong></span> 
     </span>
    </p>
   </div>
   <div class='ocr_carea' id='block_1_37' title="bbox 2116 877 3689 960">
    <p class='ocr_par' dir='ltr' id='par_1_37' title="bbox 2116 877 3689 960">
     <span class='ocr_line' id='line_1_37' title="bbox 2116 877 3689 960; baseline -0.008 -17"><span class='ocrx_word' id='word_1_256' title='bbox 2116 890 2169 944; x_wconf 92' lang='lat' dir='ltr'><strong>in</strong></span> <span class='ocrx_word' id='word_1_257' title='bbox 2213 890 2577 960; x_wconf 90' lang='lat' dir='ltr'><strong>Epiphanium</strong></span> <span class='ocrx_word' id='word_1_258' title='bbox 2639 888 2851 943; x_wconf 89' lang='lat' dir='ltr'><strong>ridente</strong></span> <span class='ocrx_word' id='word_1_259' title='bbox 2881 887 3028 941; x_wconf 90' lang='lat' dir='ltr'><strong>vultu</strong></span> <span class='ocrx_word' id='word_1_260' title='bbox 3085 884 3335 947; x_wconf 88' lang='lat' dir='ltr'><strong>intuitus,</strong></span> <span class='ocrx_word' id='word_1_261' title='bbox 3384 877 3689 950; x_wconf 74' lang='lat' dir='ltr'><strong>explicatis,</strong></span> 
     </span>
    </p>
   </div>
   <div class='ocr_carea' id='block_1_38' title="bbox 2115 969 3694 1050">
    <p class='ocr_par' dir='ltr' id='par_1_38' title="bbox 2115 969 3694 1050">
     <span class='ocr_line' id='line_1_38' title="bbox 2115 969 3694 1050; baseline -0.008 -16"><span class='ocrx_word' id='word_1_262' title='bbox 2115 997 2252 1050; x_wconf 87' lang='lat' dir='ltr'><strong>quas</strong></span> <span class='ocrx_word' id='word_1_263' title='bbox 2309 983 2558 1044; x_wconf 84' lang='lat' dir='ltr'><strong>habebat,</strong></span> <span class='ocrx_word' id='word_1_264' title='bbox 2589 981 2770 1036; x_wconf 76' lang='lat' dir='ltr'><strong>rutilis</strong></span> <span class='ocrx_word' id='word_1_265' title='bbox 2797 979 2898 1034; x_wconf 90' lang='lat' dir='ltr'><strong>alis</strong></span> <span class='ocrx_word' id='word_1_266' title='bbox 2925 978 3146 1033; x_wconf 81' lang='lat' dir='ltr'><strong>elevans</strong></span> <span class='ocrx_word' id='word_1_267' title='bbox 3183 991 3241 1031; x_wconf 89' lang='lat' dir='ltr'><strong>se</strong></span> <span class='ocrx_word' id='word_1_268' title='bbox 3263 992 3292 1029; x_wconf 91' lang='lat' dir='ltr'><strong>a</strong></span> <span class='ocrx_word' id='word_1_269' title='bbox 3325 982 3492 1037; x_wconf 87' lang='lat' dir='ltr'><strong>terra,</strong></span> <span class='ocrx_word' id='word_1_270' title='bbox 3521 969 3694 1026; x_wconf 84' lang='lat' dir='ltr'><strong>subli-</strong></span> 
     </span>
    </p>
   </div>
   <div class='ocr_carea' id='block_1_39' title="bbox 2118 1064 3694 1146">
    <p class='ocr_par' dir='ltr' id='par_1_39' title="bbox 2118 1064 3694 1146">
     <span class='ocr_line' id='line_1_39' title="bbox 2118 1064 3694 1146; baseline -0.007 -16"><span class='ocrx_word' id='word_1_271' title='bbox 2118 1079 2218 1132; x_wconf 91' lang='lat' dir='ltr'><strong>mis</strong></span> <span class='ocrx_word' id='word_1_272' title='bbox 2251 1077 2495 1134; x_wconf 68' lang='lat' dir='ltr'><strong>in&#39;cualos</strong></span> <span class='ocrx_word' id='word_1_273' title='bbox 2538 1077 2687 1132; x_wconf 91' lang='lat' dir='ltr'><strong>abiit.</strong></span> <span class='ocrx_word' id='word_1_274' title='bbox 2714 1075 2787 1130; x_wconf 60' lang='lat' dir='ltr'><strong>Et</strong></span> <span class='ocrx_word' id='word_1_275' title='bbox 2815 1091 2920 1146; x_wconf 85' lang='lat' dir='ltr'><strong>qua</strong></span> <span class='ocrx_word' id='word_1_276' title='bbox 2981 1074 3190 1128; x_wconf 88' lang='lat' dir='ltr'><strong>visione</strong></span> <span class='ocrx_word' id='word_1_277' title='bbox 3235 1071 3476 1138; x_wconf 77' lang='lat' dir='ltr'><strong>caligatis</strong></span> <span class='ocrx_word' id='word_1_278' title='bbox 3519 1064 3694 1120; x_wconf 90' lang='lat' dir='ltr'><strong>oculis</strong></span> 
     </span>
    </p>
   </div>
   <div class='ocr_carea' id='block_1_40' title="bbox 2118 1153 3692 1238">
    <p class='ocr_par' dir='ltr' id='par_1_40' title="bbox 2118 1153 3692 1238">
     <span class='ocr_line' id='line_1_40' title="bbox 2118 1153 3692 1238; baseline -0.011 -17"><span class='ocrx_word' id='word_1_279' title='bbox 2118 1167 2476 1238; x_wconf 83' lang='lat' dir='ltr'><strong>Epiphanius,</strong></span> <span class='ocrx_word' id='word_1_280' title='bbox 2517 1178 2571 1222; x_wconf 82' lang='lat' dir='ltr'><strong>ct</strong></span> <span class='ocrx_word' id='word_1_281' title='bbox 2617 1166 2950 1236; x_wconf 81' lang='lat' dir='ltr'><strong>smpefactns</strong></span> <span class='ocrx_word' id='word_1_282' title='bbox 2993 1163 3217 1233; x_wconf 87' lang='lat' dir='ltr'><strong>spiritu,</strong></span> <span class='ocrx_word' id='word_1_283' title='bbox 3270 1170 3570 1213; x_wconf 87' lang='lat' dir='ltr'><strong>conversus</strong></span> <span class='ocrx_word' id='word_1_284' title='bbox 3626 1153 3692 1206; x_wconf 84' lang='lat' dir='ltr'><strong>ad</strong></span> 
     </span>
    </p>
   </div>
   <div class='ocr_carea' id='block_1_41' title="bbox 2122 1247 3701 1330">
    <p class='ocr_par' dir='ltr' id='par_1_41' title="bbox 2122 1247 3701 1330">
     <span class='ocr_line' id='line_1_41' title="bbox 2122 1247 3701 1330; baseline -0.009 -17"><span class='ocrx_word' id='word_1_285' title='bbox 2122 1260 2419 1326; x_wconf 79' lang='lat' dir='ltr'><strong>Orientem,</strong></span> <span class='ocrx_word' id='word_1_286' title='bbox 2466 1259 2738 1330; x_wconf 88' lang='lat' dir='ltr'><strong>proteusis</strong></span> <span class='ocrx_word' id='word_1_287' title='bbox 2779 1257 2844 1311; x_wconf 90' lang='lat' dir='ltr'><strong>ad</strong></span> <span class='ocrx_word' id='word_1_288' title='bbox 2878 1255 3167 1310; x_wconf 91' lang='lat' dir='ltr'><strong>Dominum</strong></span> <span class='ocrx_word' id='word_1_289' title='bbox 3226 1249 3478 1304; x_wconf 89' lang='lat' dir='ltr'><strong>manibus</strong></span> <span class='ocrx_word' id='word_1_290' title='bbox 3520 1247 3701 1316; x_wconf 77' lang='lat' dir='ltr'><strong>lacry-</strong></span> 
     </span>
    </p>
   </div>
   <div class='ocr_carea' id='block_1_42' title="bbox 2120 1339 3700 1423">
    <p class='ocr_par' dir='ltr' id='par_1_42' title="bbox 2120 1339 3700 1423">
     <span class='ocr_line' id='line_1_42' title="bbox 2120 1339 3700 1423; baseline -0.012 -16"><span class='ocrx_word' id='word_1_291' title='bbox 2120 1352 2333 1423; x_wconf 88' lang='lat' dir='ltr'><strong>misque</strong></span> <span class='ocrx_word' id='word_1_292' title='bbox 2415 1367 2582 1422; x_wconf 79' lang='lat' dir='ltr'><strong>genas</strong></span> <span class='ocrx_word' id='word_1_293' title='bbox 2641 1349 2943 1420; x_wconf 76' lang='lat' dir='ltr'><strong>rigantibus</strong></span> <span class='ocrx_word' id='word_1_294' title='bbox 2979 1367 2991 1402; x_wconf 90' lang='lat'><strong>:</strong></span> <span class='ocrx_word' id='word_1_295' title='bbox 3025 1344 3119 1400; x_wconf 85' lang='lat' dir='ltr'><strong>Hei</strong></span> <span class='ocrx_word' id='word_1_296' title='bbox 3171 1343 3323 1406; x_wconf 85' lang='lat' dir='ltr'><strong>mihi,</strong></span> <span class='ocrx_word' id='word_1_297' title='bbox 3384 1339 3700 1398; x_wconf 71' lang='lat' dir='ltr'><strong>exclamat,</strong></span> 
     </span>
    </p>
   </div>
   <div class='ocr_carea' id='block_1_43' title="bbox 2121 1429 3703 1510">
    <p class='ocr_par' dir='ltr' id='par_1_43' title="bbox 2121 1429 3703 1510">
     <span class='ocr_line' id='line_1_43' title="bbox 2121 1429 3703 1510; baseline -0.015 -10"><span class='ocrx_word' id='word_1_298' title='bbox 2121 1445 2349 1500; x_wconf 86' lang='lat' dir='ltr'><strong>Domine</strong></span> <span class='ocrx_word' id='word_1_299' title='bbox 2377 1443 2520 1499; x_wconf 86' lang='lat' dir='ltr'><strong>Deus</strong></span> <span class='ocrx_word' id='word_1_300' title='bbox 2577 1459 2752 1509; x_wconf 86' lang='lat' dir='ltr'><strong>meus,</strong></span> <span class='ocrx_word' id='word_1_301' title='bbox 2774 1442 2897 1510; x_wconf 83' lang='lat' dir='ltr'><strong>quis</strong></span> <span class='ocrx_word' id='word_1_302' title='bbox 2919 1453 3018 1508; x_wconf 77' lang='lat' dir='ltr'><strong>ego</strong></span> <span class='ocrx_word' id='word_1_303' title='bbox 3041 1452 3184 1501; x_wconf 88' lang='lat' dir='ltr'><strong>sum,</strong></span> <span class='ocrx_word' id='word_1_304' title='bbox 3221 1433 3372 1489; x_wconf 90' lang='lat' dir='ltr'><strong>canis</strong></span> <span class='ocrx_word' id='word_1_305' title='bbox 3398 1429 3703 1491; x_wconf 72' lang='lat' dir='ltr'><strong>contritus,</strong></span> 
     </span>
    </p>
   </div>
   <div class='ocr_carea' id='block_1_44' title="bbox 2121 1527 3692 1611">
    <p class='ocr_par' dir='ltr' id='par_1_44' title="bbox 2121 1527 3692 1611">
     <span class='ocr_line' id='line_1_44' title="bbox 2121 1527 3692 1611; baseline -0.012 -16"><span class='ocrx_word' id='word_1_306' title='bbox 2121 1539 2266 1611; x_wconf 86' lang='lat' dir='ltr'><strong>quod</strong></span> <span class='ocrx_word' id='word_1_307' title='bbox 2299 1539 2553 1608; x_wconf 71' lang='lat' dir='ltr'><strong>angelum</strong></span> <span class='ocrx_word' id='word_1_308' title='bbox 2610 1537 2706 1593; x_wconf 86' lang='lat' dir='ltr'><strong>tibi</strong></span> <span class='ocrx_word' id='word_1_309' title='bbox 2739 1537 2995 1591; x_wconf 86' lang='lat' dir='ltr'><strong>dilectum</strong></span> <span class='ocrx_word' id='word_1_310' title='bbox 3035 1531 3251 1587; x_wconf 88' lang='lat' dir='ltr'><strong>miseris</strong></span> <span class='ocrx_word' id='word_1_311' title='bbox 3306 1527 3692 1582; x_wconf 80' lang='lat' dir='ltr'><strong>fatuulaturutu</strong></span> 
     </span>
    </p>
   </div>
   <div class='ocr_carea' id='block_1_45' title="bbox 2122 1616 3699 1699">
    <p class='ocr_par' dir='ltr' id='par_1_45' title="bbox 2122 1616 3699 1699">
     <span class='ocr_line' id='line_1_45' title="bbox 2122 1616 3699 1699; baseline -0.011 -12"><span class='ocrx_word' id='word_1_312' title='bbox 2122 1631 2254 1687; x_wconf 90' lang='lat' dir='ltr'><strong>mihi</strong></span> <span class='ocrx_word' id='word_1_313' title='bbox 2277 1631 2300 1684; x_wconf 87' lang='lat'><strong>?</strong></span> <span class='ocrx_word' id='word_1_314' title='bbox 2321 1630 2531 1685; x_wconf 86' lang='lat' dir='ltr'><strong>Gratias</strong></span> <span class='ocrx_word' id='word_1_315' title='bbox 2547 1644 2647 1699; x_wconf 81' lang='lat' dir='ltr'><strong>ago</strong></span> <span class='ocrx_word' id='word_1_316' title='bbox 2666 1627 2980 1698; x_wconf 74' lang='lat' dir='ltr'><strong>benignitati</strong></span> <span class='ocrx_word' id='word_1_317' title='bbox 3005 1635 3131 1682; x_wconf 69' lang='lat' dir='ltr'><strong>tuae.</strong></span> <span class='ocrx_word' id='word_1_318' title='bbox 3154 1623 3398 1685; x_wconf 86' lang='lat' dir='ltr'><strong>Domine,</strong></span> <span class='ocrx_word' id='word_1_319' title='bbox 3416 1630 3466 1674; x_wconf 87' lang='lat' dir='ltr'><strong>et</strong></span> <span class='ocrx_word' id='word_1_320' title='bbox 3491 1616 3699 1685; x_wconf 78' lang='lat' dir='ltr'><strong>magni-</strong></span> 
     </span>
    </p>
   </div>
   <div class='ocr_carea' id='block_1_46' title="bbox 2123 1715 3697 1786">
    <p class='ocr_par' dir='ltr' id='par_1_46' title="bbox 2123 1715 3697 1786">
     <span class='ocr_line' id='line_1_46' title="bbox 2123 1715 3697 1786; baseline -0.01 -8"><span class='ocrx_word' id='word_1_321' title='bbox 2123 1724 2367 1778; x_wconf 88' lang='lat' dir='ltr'><strong>tudinem</strong></span> <span class='ocrx_word' id='word_1_322' title='bbox 2443 1721 2832 1776; x_wconf 72' lang='lat' dir='ltr'><strong>miscricordire</strong></span> <span class='ocrx_word' id='word_1_323' title='bbox 2930 1727 3033 1773; x_wconf 73' lang='lat' dir='ltr'><strong>tuae</strong></span> <span class='ocrx_word' id='word_1_324' title='bbox 3123 1715 3378 1786; x_wconf 84' lang='lat' dir='ltr'><strong>religiose</strong></span> <span class='ocrx_word' id='word_1_325' title='bbox 3424 1725 3697 1772; x_wconf 90' lang='lat' dir='ltr'><strong>veneror,</strong></span> 
     </span>
    </p>
   </div>
   <div class='ocr_carea' id='block_1_47' title="bbox 2124 1801 3694 1886">
    <p class='ocr_par' dir='ltr' id='par_1_47' title="bbox 2124 1801 3694 1886">
     <span class='ocr_line' id='line_1_47' title="bbox 2124 1801 3694 1886; baseline -0.011 -15"><span class='ocrx_word' id='word_1_326' title='bbox 2124 1817 2268 1886; x_wconf 90' lang='lat' dir='ltr'><strong>quod</strong></span> <span class='ocrx_word' id='word_1_327' title='bbox 2323 1815 2426 1870; x_wconf 89' lang='lat' dir='ltr'><strong>mei</strong></span> <span class='ocrx_word' id='word_1_328' title='bbox 2455 1831 2672 1886; x_wconf 84' lang='lat' dir='ltr'><strong>quoque</strong></span> <span class='ocrx_word' id='word_1_329' title='bbox 2701 1812 2996 1884; x_wconf 87' lang='lat' dir='ltr'><strong>injndiciis</strong></span> <span class='ocrx_word' id='word_1_330' title='bbox 3043 1810 3150 1865; x_wconf 89' lang='lat' dir='ltr'><strong>tuis</strong></span> <span class='ocrx_word' id='word_1_331' title='bbox 3209 1805 3509 1870; x_wconf 91' lang='lat' dir='ltr'><strong>reminisci,</strong></span> <span class='ocrx_word' id='word_1_332' title='bbox 3549 1801 3694 1872; x_wconf 87' lang='lat' dir='ltr'><strong>quod</strong></span> 
     </span>
    </p>
   </div>
   <div class='ocr_carea' id='block_1_48' title="bbox 2120 1892 3696 1980">
    <p class='ocr_par' dir='ltr' id='par_1_48' title="bbox 2120 1892 3696 1980">
     <span class='ocr_line' id='line_1_48' title="bbox 2120 1892 3696 1980; baseline -0.015 -11"><span class='ocrx_word' id='word_1_333' title='bbox 2120 1921 2174 1971; x_wconf 90' lang='lat' dir='ltr'><strong>in</strong></span> <span class='ocrx_word' id='word_1_334' title='bbox 2227 1909 2477 1980; x_wconf 72' lang='lat' dir='ltr'><strong>potentia:</strong></span> <span class='ocrx_word' id='word_1_335' title='bbox 2525 1917 2628 1962; x_wconf 69' lang='lat' dir='ltr'><strong>tute</strong></span> <span class='ocrx_word' id='word_1_336' title='bbox 2694 1905 2890 1961; x_wconf 77' lang='lat' dir='ltr'><strong>divina:</strong></span> <span class='ocrx_word' id='word_1_337' title='bbox 2956 1904 3176 1958; x_wconf 85' lang='lat' dir='ltr'><strong>tutelam</strong></span> <span class='ocrx_word' id='word_1_338' title='bbox 3217 1899 3517 1966; x_wconf 82' lang='lat' dir='ltr'><strong>suscipere,</strong></span> <span class='ocrx_word' id='word_1_339' title='bbox 3551 1892 3696 1965; x_wconf 86' lang='lat' dir='ltr'><strong>quod</strong></span> 
     </span>
    </p>
   </div>
   <div class='ocr_carea' id='block_1_49' title="bbox 2120 1991 3696 2071">
    <p class='ocr_par' dir='ltr' id='par_1_49' title="bbox 2120 1991 3696 2071">
     <span class='ocr_line' id='line_1_49' title="bbox 2120 1991 3696 2071; baseline -0.01 -15"><span class='ocrx_word' id='word_1_340' title='bbox 2120 2002 2307 2071; x_wconf 85' lang='lat' dir='ltr'><strong>aliquo</strong></span> <span class='ocrx_word' id='word_1_341' title='bbox 2338 1999 2482 2055; x_wconf 91' lang='lat' dir='ltr'><strong>inter</strong></span> <span class='ocrx_word' id='word_1_342' title='bbox 2512 2007 2760 2054; x_wconf 85' lang='lat' dir='ltr'><strong>amantes</strong></span> <span class='ocrx_word' id='word_1_343' title='bbox 2789 2007 2839 2052; x_wconf 91' lang='lat' dir='ltr'><strong>te</strong></span> <span class='ocrx_word' id='word_1_344' title='bbox 2870 1997 2992 2051; x_wconf 91' lang='lat' dir='ltr'><strong>loco</strong></span> <span class='ocrx_word' id='word_1_345' title='bbox 3024 2007 3312 2048; x_wconf 87' lang='lat' dir='ltr'><strong>numerare</strong></span> <span class='ocrx_word' id='word_1_346' title='bbox 3342 1991 3593 2059; x_wconf 80' lang='lat' dir='ltr'><strong>dignatus</strong></span> <span class='ocrx_word' id='word_1_347' title='bbox 3617 2003 3696 2042; x_wconf 90' lang='lat' dir='ltr'><strong>es.</strong></span> 
     </span>
    </p>
   </div>
   <div class='ocr_carea' id='block_1_50' title="bbox 2120 2080 3698 2162">
    <p class='ocr_par' dir='ltr' id='par_1_50' title="bbox 2120 2080 3698 2162">
     <span class='ocr_line' id='line_1_50' title="bbox 2120 2080 3698 2162; baseline -0.01 -14"><span class='ocrx_word' id='word_1_348' title='bbox 2120 2091 2337 2148; x_wconf 85' lang='lat' dir='ltr'><strong>Gratias</strong></span> <span class='ocrx_word' id='word_1_349' title='bbox 2393 2090 2490 2147; x_wconf 90' lang='lat' dir='ltr'><strong>tibi</strong></span> <span class='ocrx_word' id='word_1_350' title='bbox 2543 2106 2668 2162; x_wconf 81' lang='lat' dir='ltr'><strong>ago,</strong></span> <span class='ocrx_word' id='word_1_351' title='bbox 2740 2089 2832 2160; x_wconf 90' lang='lat' dir='ltr'><strong>qui</strong></span> <span class='ocrx_word' id='word_1_352' title='bbox 2894 2097 3091 2144; x_wconf 87' lang='lat' dir='ltr'><strong>cuncta</strong></span> <span class='ocrx_word' id='word_1_353' title='bbox 3135 2095 3280 2142; x_wconf 90' lang='lat' dir='ltr'><strong>recte</strong></span> <span class='ocrx_word' id='word_1_354' title='bbox 3344 2080 3648 2137; x_wconf 80' lang='lat' dir='ltr'><strong>moderaris</strong></span> <span class='ocrx_word' id='word_1_355' title='bbox 3684 2121 3698 2145; x_wconf 93' lang='lat'><strong>,</strong></span> 
     </span>
    </p>
   </div>
   <div class='ocr_carea' id='block_1_51' title="bbox 2121 2174 3630 2252">
    <p class='ocr_par' dir='ltr' id='par_1_51' title="bbox 2121 2174 3630 2252">
     <span class='ocr_line' id='line_1_51' title="bbox 2121 2174 3630 2252; baseline -0.008 -13"><span class='ocrx_word' id='word_1_356' title='bbox 2121 2193 2174 2239; x_wconf 90' lang='lat' dir='ltr'><strong>et</strong></span> <span class='ocrx_word' id='word_1_357' title='bbox 2204 2184 2269 2239; x_wconf 85' lang='lat' dir='ltr'><strong>ad</strong></span> <span class='ocrx_word' id='word_1_358' title='bbox 2301 2184 2526 2238; x_wconf 88' lang='lat' dir='ltr'><strong>salutem</strong></span> <span class='ocrx_word' id='word_1_359' title='bbox 2553 2198 2729 2237; x_wconf 86' lang='lat' dir='ltr'><strong>meam</strong></span> <span class='ocrx_word' id='word_1_360' title='bbox 2759 2183 3035 2252; x_wconf 76' lang='lat' dir='ltr'><strong>vitamque</strong></span> <span class='ocrx_word' id='word_1_361' title='bbox 3057 2189 3314 2234; x_wconf 82' lang='lat' dir='ltr'><strong>aeternam</strong></span> <span class='ocrx_word' id='word_1_362' title='bbox 3361 2174 3630 2242; x_wconf 84' lang='lat' dir='ltr'><strong>disponis.</strong></span> 
     </span>
    </p>
   </div>
   <div class='ocr_carea' id='block_1_52' title="bbox 2193 2265 3703 2346">
    <p class='ocr_par' dir='ltr' id='par_1_52' title="bbox 2193 2265 3703 2346">
     <span class='ocr_line' id='line_1_52' title="bbox 2193 2265 3703 2346; baseline -0.01 -13"><span class='ocrx_word' id='word_1_363' title='bbox 2193 2279 2280 2333; x_wconf 65' lang='grc'><strong>5-4.</strong></span> <span class='ocrx_word' id='word_1_364' title='bbox 2345 2276 2458 2333; x_wconf 81' lang='lat' dir='ltr'><strong>[loc</strong></span> <span class='ocrx_word' id='word_1_365' title='bbox 2507 2277 2669 2332; x_wconf 91' lang='lat' dir='ltr'><strong>modo</strong></span> <span class='ocrx_word' id='word_1_366' title='bbox 2697 2275 2885 2346; x_wconf 73' lang='lat' dir='ltr'><strong>gratiis</strong></span> <span class='ocrx_word' id='word_1_367' title='bbox 2915 2275 3149 2330; x_wconf 89' lang='lat' dir='ltr'><strong>contrito</strong></span> <span class='ocrx_word' id='word_1_368' title='bbox 3180 2271 3344 2327; x_wconf 90' lang='lat' dir='ltr'><strong>corde</strong></span> <span class='ocrx_word' id='word_1_369' title='bbox 3394 2265 3703 2337; x_wconf 85' lang='lat' dir='ltr'><strong>persolutis,</strong></span> 
     </span>
    </p>
   </div>
   <div class='ocr_carea' id='block_1_53' title="bbox 2124 2365 3710 2438">
    <p class='ocr_par' dir='ltr' id='par_1_53' title="bbox 2124 2365 3710 2438">
     <span class='ocr_line' id='line_1_53' title="bbox 2124 2365 3710 2438; baseline -0.009 -14"><span class='ocrx_word' id='word_1_370' title='bbox 2124 2369 2258 2424; x_wconf 85' lang='lat' dir='ltr'><strong>abiit</strong></span> <span class='ocrx_word' id='word_1_371' title='bbox 2287 2371 2692 2438; x_wconf 80' lang='lat' dir='ltr'><strong>exploraturus,</strong></span> <span class='ocrx_word' id='word_1_372' title='bbox 2727 2367 2888 2438; x_wconf 88' lang='lat' dir='ltr'><strong>quale</strong></span> <span class='ocrx_word' id='word_1_373' title='bbox 2928 2367 3052 2432; x_wconf 83' lang='lat' dir='ltr'><strong>sibi,</strong></span> <span class='ocrx_word' id='word_1_374' title='bbox 3078 2365 3510 2434; x_wconf 85' lang='lat' dir='ltr'><strong>quiapparucrat</strong></span> <span class='ocrx_word' id='word_1_375' title='bbox 3543 2372 3710 2428; x_wconf 79' lang='lat' dir='ltr'><strong>ange-</strong></span> 
     </span>
    </p>
   </div>
   <div class='ocr_carea' id='block_1_54' title="bbox 2126 2450 3707 2531">
    <p class='ocr_par' dir='ltr' id='par_1_54' title="bbox 2126 2450 3707 2531">
     <span class='ocr_line' id='line_1_54' title="bbox 2126 2450 3707 2531; baseline -0.009 -17"><span class='ocrx_word' id='word_1_376' title='bbox 2126 2463 2233 2527; x_wconf 86' lang='lat' dir='ltr'><strong>lus,</strong></span> <span class='ocrx_word' id='word_1_377' title='bbox 2261 2462 2500 2516; x_wconf 85' lang='lat' dir='ltr'><strong>edulium</strong></span> <span class='ocrx_word' id='word_1_378' title='bbox 2539 2469 2789 2531; x_wconf 79' lang='lat' dir='ltr'><strong>parasset</strong></span> <span class='ocrx_word' id='word_1_379' title='bbox 2823 2501 2836 2521; x_wconf 89' lang='lat'><strong>,</strong></span> <span class='ocrx_word' id='word_1_380' title='bbox 2861 2457 3169 2529; x_wconf 88' lang='lat' dir='ltr'><strong>rcpcritque</strong></span> <span class='ocrx_word' id='word_1_381' title='bbox 3221 2455 3378 2511; x_wconf 84' lang='lat' dir='ltr'><strong>talem</strong></span> <span class='ocrx_word' id='word_1_382' title='bbox 3419 2451 3545 2506; x_wconf 90' lang='lat' dir='ltr'><strong>inde</strong></span> <span class='ocrx_word' id='word_1_383' title='bbox 3574 2450 3707 2502; x_wconf 82' lang='lat' dir='ltr'><strong>odo-</strong></span> 
     </span>
    </p>
   </div>
   <div class='ocr_carea' id='block_1_55' title="bbox 2128 2539 3708 2622">
    <p class='ocr_par' dir='ltr' id='par_1_55' title="bbox 2128 2539 3708 2622">
     <span class='ocr_line' id='line_1_55' title="bbox 2128 2539 3708 2622; baseline -0.008 -17"><span class='ocrx_word' id='word_1_384' title='bbox 2128 2554 2201 2607; x_wconf 88' lang='lat' dir='ltr'><strong>ris</strong></span> <span class='ocrx_word' id='word_1_385' title='bbox 2270 2552 2620 2622; x_wconf 82' lang='lat' dir='ltr'><strong>iragrantiam</strong></span> <span class='ocrx_word' id='word_1_386' title='bbox 2676 2551 2960 2614; x_wconf 83' lang='lat' dir='ltr'><strong>absistere,</strong></span> <span class='ocrx_word' id='word_1_387' title='bbox 3017 2558 3073 2602; x_wconf 92' lang='lat' dir='ltr'><strong>ut</strong></span> <span class='ocrx_word' id='word_1_388' title='bbox 3143 2547 3282 2617; x_wconf 84' lang='lat' dir='ltr'><strong>quod</strong></span> <span class='ocrx_word' id='word_1_389' title='bbox 3319 2544 3367 2599; x_wconf 88' lang='lat' dir='ltr'><strong>ei</strong></span> <span class='ocrx_word' id='word_1_390' title='bbox 3417 2539 3708 2598; x_wconf 67' lang='lat' dir='ltr'><strong>assimiluri</strong></span> 
     </span>
    </p>
   </div>
   <div class='ocr_carea' id='block_1_56' title="bbox 2127 2625 3708 2714">
    <p class='ocr_par' dir='ltr' id='par_1_56' title="bbox 2127 2625 3708 2714">
     <span class='ocr_line' id='line_1_56' title="bbox 2127 2625 3708 2714; baseline -0.01 -15"><span class='ocrx_word' id='word_1_391' title='bbox 2127 2644 2318 2714; x_wconf 85' lang='lat' dir='ltr'><strong>possit,</strong></span> <span class='ocrx_word' id='word_1_392' title='bbox 2366 2653 2510 2698; x_wconf 87' lang='lat' dir='ltr'><strong>terra</strong></span> <span class='ocrx_word' id='word_1_393' title='bbox 2536 2625 2946 2696; x_wconf 16' lang='lat' dir='ltr'><strong>hmc‘contineat</strong></span> <span class='ocrx_word' id='word_1_394' title='bbox 2995 2639 3148 2692; x_wconf 86' lang='lat' dir='ltr'><strong>nihil.</strong></span> <span class='ocrx_word' id='word_1_395' title='bbox 3178 2637 3352 2704; x_wconf 88' lang='lat' dir='ltr'><strong>Quam</strong></span> <span class='ocrx_word' id='word_1_396' title='bbox 3400 2651 3512 2688; x_wconf 83' lang='lat' dir='ltr'><strong>rem</strong></span> <span class='ocrx_word' id='word_1_397' title='bbox 3543 2633 3708 2686; x_wconf 82' lang='lat' dir='ltr'><strong>mira-</strong></span> 
     </span>
    </p>
   </div>
   <div class='ocr_carea' id='block_1_57' title="bbox 2128 2724 3708 2806">
    <p class='ocr_par' dir='ltr' id='par_1_57' title="bbox 2128 2724 3708 2806">
     <span class='ocr_line' id='line_1_57' title="bbox 2128 2724 3708 2806; baseline -0.01 -14"><span class='ocrx_word' id='word_1_398' title='bbox 2128 2746 2237 2803; x_wconf 88' lang='lat' dir='ltr'><strong>tus,</strong></span> <span class='ocrx_word' id='word_1_399' title='bbox 2269 2738 2322 2791; x_wconf 91' lang='lat' dir='ltr'><strong>in</strong></span> <span class='ocrx_word' id='word_1_400' title='bbox 2354 2737 2518 2792; x_wconf 88' lang='lat' dir='ltr'><strong>hasce</strong></span> <span class='ocrx_word' id='word_1_401' title='bbox 2554 2735 2852 2806; x_wconf 77' lang='lat' dir='ltr'><strong>gratiarum</strong></span> <span class='ocrx_word' id='word_1_402' title='bbox 2882 2733 3128 2787; x_wconf 70' lang='lat' dir='ltr'><strong>actiones</strong></span> <span class='ocrx_word' id='word_1_403' title='bbox 3177 2729 3369 2782; x_wconf 89' lang='lat' dir='ltr'><strong>iterum</strong></span> <span class='ocrx_word' id='word_1_404' title='bbox 3419 2724 3708 2796; x_wconf 68' lang='lat' dir='ltr'><strong>prorupit:</strong></span> 
     </span>
    </p>
   </div>
   <div class='ocr_carea' id='block_1_58' title="bbox 2128 2817 3710 2896">
    <p class='ocr_par' dir='ltr' id='par_1_58' title="bbox 2128 2817 3710 2896">
     <span class='ocr_line' id='line_1_58' title="bbox 2128 2817 3710 2896; baseline -0.009 -13"><span class='ocrx_word' id='word_1_405' title='bbox 2128 2828 2311 2883; x_wconf 88' lang='lat' dir='ltr'><strong>Gloria</strong></span> <span class='ocrx_word' id='word_1_406' title='bbox 2363 2827 2480 2892; x_wconf 90' lang='lat' dir='ltr'><strong>tibi,</strong></span> <span class='ocrx_word' id='word_1_407' title='bbox 2524 2825 2826 2896; x_wconf 80' lang='lat' dir='ltr'><strong>gloriﬁcate</strong></span> <span class='ocrx_word' id='word_1_408' title='bbox 2886 2823 3129 2884; x_wconf 89' lang='lat' dir='ltr'><strong>Domine,</strong></span> <span class='ocrx_word' id='word_1_409' title='bbox 3163 2835 3324 2891; x_wconf 85' lang='lat' dir='ltr'><strong>quem</strong></span> <span class='ocrx_word' id='word_1_410' title='bbox 3353 2821 3406 2872; x_wconf 91' lang='lat' dir='ltr'><strong>in</strong></span> <span class='ocrx_word' id='word_1_411' title='bbox 3439 2817 3710 2870; x_wconf 87' lang='lat' dir='ltr'><strong>Trinitate</strong></span> 
     </span>
    </p>
   </div>
   <div class='ocr_carea' id='block_1_59' title="bbox 2128 2906 3708 2984">
    <p class='ocr_par' dir='ltr' id='par_1_59' title="bbox 2128 2906 3708 2984">
     <span class='ocr_line' id='line_1_59' title="bbox 2128 2906 3708 2984; baseline -0.009 -11"><span class='ocrx_word' id='word_1_412' title='bbox 2128 2919 2413 2974; x_wconf 88' lang='lat' dir='ltr'><strong>laudamus</strong></span> <span class='ocrx_word' id='word_1_413' title='bbox 2471 2925 2524 2973; x_wconf 89' lang='lat' dir='ltr'><strong>et</strong></span> <span class='ocrx_word' id='word_1_414' title='bbox 2566 2916 2893 2980; x_wconf 84' lang='lat' dir='ltr'><strong>adoramus,</strong></span> <span class='ocrx_word' id='word_1_415' title='bbox 2944 2913 3202 2984; x_wconf 87' lang='lat' dir='ltr'><strong>quoniam</strong></span> <span class='ocrx_word' id='word_1_416' title='bbox 3269 2924 3388 2963; x_wconf 90' lang='lat' dir='ltr'><strong>mea</strong></span> <span class='ocrx_word' id='word_1_417' title='bbox 3458 2906 3708 2962; x_wconf 75' lang='lat' dir='ltr'><strong>vilissimi</strong></span> 
     </span>
    </p>
   </div>
   <div class='ocr_carea' id='block_1_60' title="bbox 2131 2999 3710 3078">
    <p class='ocr_par' dir='ltr' id='par_1_60' title="bbox 2131 2999 3710 3078">
     <span class='ocr_line' id='line_1_60' title="bbox 2131 2999 3710 3078; baseline -0.009 -12"><span class='ocrx_word' id='word_1_418' title='bbox 2131 3009 2490 3067; x_wconf 81' lang='lat' dir='ltr'><strong>adolescentis</strong></span> <span class='ocrx_word' id='word_1_419' title='bbox 2538 3024 2726 3078; x_wconf 89' lang='lat' dir='ltr'><strong>opera,</strong></span> <span class='ocrx_word' id='word_1_420' title='bbox 2766 3023 2890 3062; x_wconf 90' lang='lat' dir='ltr'><strong>vere</strong></span> <span class='ocrx_word' id='word_1_421' title='bbox 2939 3003 3352 3075; x_wconf 74' lang='lat' dir='ltr'><strong>indignissima,</strong></span> <span class='ocrx_word' id='word_1_422' title='bbox 3377 3000 3557 3069; x_wconf 87' lang='lat' dir='ltr'><strong>aliquo</strong></span> <span class='ocrx_word' id='word_1_423' title='bbox 3591 2999 3710 3052; x_wconf 82' lang='lat' dir='ltr'><strong>loco</strong></span> 
     </span>
    </p>
   </div>
   <div class='ocr_carea' id='block_1_61' title="bbox 2133 3095 3712 3173">
    <p class='ocr_par' dir='ltr' id='par_1_61' title="bbox 2133 3095 3712 3173">
     <span class='ocr_line' id='line_1_61' title="bbox 2133 3095 3712 3173; baseline -0.011 -13"><span class='ocrx_word' id='word_1_424' title='bbox 2133 3106 2330 3169; x_wconf 87' lang='lat' dir='ltr'><strong>habes,</strong></span> <span class='ocrx_word' id='word_1_425' title='bbox 2374 3117 2660 3173; x_wconf 87' lang='lat' dir='ltr'><strong>meamque</strong></span> <span class='ocrx_word' id='word_1_426' title='bbox 2696 3099 3131 3158; x_wconf 82' lang='lat' dir='ltr'><strong>insumcientiam</strong></span> <span class='ocrx_word' id='word_1_427' title='bbox 3169 3095 3536 3167; x_wconf 79' lang='lat' dir='ltr'><strong>singularibus</strong></span> <span class='ocrx_word' id='word_1_428' title='bbox 3577 3108 3712 3162; x_wconf 79' lang='lat' dir='ltr'><strong>prae-</strong></span> 
     </span>
    </p>
   </div>
   <div class='ocr_carea' id='block_1_62' title="bbox 456 3185 2027 3275">
    <p class='ocr_par' dir='ltr' id='par_1_62' title="bbox 456 3195 2026 3266">
     <span class='ocr_line' id='line_1_62' title="bbox 456 3195 2026 3266; baseline 0.003 -20"><span class='ocrx_word' id='word_1_429' title='bbox 456 3195 670 3262; x_wconf 77' lang='grc' dir='ltr'>μυθείς,</span> <span class='ocrx_word' id='word_1_430' title='bbox 705 3197 798 3249; x_wconf 74' lang='grc' dir='ltr'><strong>καὶ</strong></span> <span class='ocrx_word' id='word_1_431' title='bbox 834 3195 1183 3265; x_wconf 79' lang='grc' dir='ltr'>κατηξῖωσάς</span> <span class='ocrx_word' id='word_1_432' title='bbox 1216 3213 1283 3265; x_wconf 91' lang='grc' dir='ltr'><strong>με</strong></span> <span class='ocrx_word' id='word_1_433' title='bbox 1316 3195 1411 3249; x_wconf 84' lang='grc' dir='ltr'>τοῦ</span> <span class='ocrx_word' id='word_1_434' title='bbox 1443 3197 1764 3266; x_wconf 80' lang='grc' dir='ltr'>μεταλαϐεῖν</span> <span class='ocrx_word' id='word_1_435' title='bbox 1796 3197 1903 3250; x_wconf 78' lang='grc' dir='ltr'>ἀπὸ</span> <span class='ocrx_word' id='word_1_436' title='bbox 1933 3197 2026 3251; x_wconf 81' lang='grc' dir='ltr'><strong>τοῦ</strong></span> 
     </span>
    </p>
   </div>
   <div class='ocr_carea' id='block_1_63' title="bbox 2130 3185 3711 3275">
    <p class='ocr_par' dir='ltr' id='par_1_63' title="bbox 2133 3185 3711 3270">
     <span class='ocr_line' id='line_1_63' title="bbox 2133 3185 3711 3270; baseline -0.011 -16"><span class='ocrx_word' id='word_1_437' title='bbox 2133 3199 2394 3270; x_wconf 84' lang='lat' dir='ltr'><strong>rogativis</strong></span> <span class='ocrx_word' id='word_1_438' title='bbox 2445 3196 2766 3268; x_wconf 81' lang='lat' dir='ltr'><strong>praevenire,</strong></span> <span class='ocrx_word' id='word_1_439' title='bbox 2808 3201 2860 3248; x_wconf 90' lang='lat' dir='ltr'><strong>et</strong></span> <span class='ocrx_word' id='word_1_440' title='bbox 2913 3191 3227 3263; x_wconf 71' lang='lat' dir='ltr'><strong>participem</strong></span> <span class='ocrx_word' id='word_1_441' title='bbox 3293 3187 3509 3243; x_wconf 78' lang='lat' dir='ltr'><strong>mellita:</strong></span> <span class='ocrx_word' id='word_1_442' title='bbox 3554 3185 3711 3240; x_wconf 87' lang='lat' dir='ltr'><strong>honi-</strong></span> 
     </span>
    </p>
   </div>
   <div class='ocr_carea' id='block_1_64' title="bbox 456 3285 2026 3360">
    <p class='ocr_par' dir='ltr' id='par_1_64' title="bbox 456 3285 2026 3360">
     <span class='ocr_line' id='line_1_64' title="bbox 456 3285 2026 3360; baseline 0.003 -25"><span class='ocrx_word' id='word_1_443' title='bbox 456 3287 679 3352; x_wconf 75' lang='grc' dir='ltr'>μέλιτος</span> <span class='ocrx_word' id='word_1_444' title='bbox 724 3288 824 3355; x_wconf 71' lang='grc' dir='ltr'>τῆς</span> <span class='ocrx_word' id='word_1_445' title='bbox 859 3289 959 3357; x_wconf 78' lang='grc' dir='ltr'>σῆς</span> <span class='ocrx_word' id='word_1_446' title='bbox 1010 3287 1366 3358; x_wconf 87' lang='grc' dir='ltr'>ἀγαθότητος.</span> <span class='ocrx_word' id='word_1_447' title='bbox 1404 3286 1493 3360; x_wconf 89' lang='grc' dir='ltr'>[Τί</span> <span class='ocrx_word' id='word_1_448' title='bbox 1542 3285 1635 3341; x_wconf 78' lang='grc' dir='ltr'><strong>οὖν</strong></span> <span class='ocrx_word' id='word_1_449' title='bbox 1659 3287 2026 3341; x_wconf 83' lang='grc' dir='ltr'>ἀνταποδώσω</span> 
     </span>
    </p>
   </div>
   <div class='ocr_carea' id='block_1_65' title="bbox 453 3377 2030 3452">
    <p class='ocr_par' dir='ltr' id='par_1_65' title="bbox 453 3377 2030 3452">
     <span class='ocr_line' id='line_1_65' title="bbox 453 3377 2030 3452; baseline 0.004 -24"><span class='ocrx_word' id='word_1_450' title='bbox 453 3395 536 3428; x_wconf 75' lang='grc' dir='ltr'><strong>σοι</strong></span> <span class='ocrx_word' id='word_1_451' title='bbox 570 3378 647 3447; x_wconf 83' lang='grc' dir='ltr'>τῷ</span> <span class='ocrx_word' id='word_1_452' title='bbox 690 3378 880 3448; x_wconf 81' lang='grc' dir='ltr'>Κυρίῳ</span> <span class='ocrx_word' id='word_1_453' title='bbox 911 3395 1014 3448; x_wconf 91' lang='grc' dir='ltr'><strong>μου</strong></span> <span class='ocrx_word' id='word_1_454' title='bbox 1040 3395 1054 3442; x_wconf 87' lang='lat'><strong>;</strong></span> <span class='ocrx_word' id='word_1_455' title='bbox 1081 3377 1101 3450; x_wconf 91' lang='lat'>]</span> <span class='ocrx_word' id='word_1_456' title='bbox 1132 3378 1457 3449; x_wconf 72' lang='grc' dir='ltr'>Εὐχαριστῶ</span> <span class='ocrx_word' id='word_1_457' title='bbox 1485 3396 1566 3432; x_wconf 94' lang='grc' dir='ltr'><strong>σοι</strong></span> <span class='ocrx_word' id='word_1_458' title='bbox 1608 3380 1688 3451; x_wconf 81' lang='grc' dir='ltr'>τῷ</span> <span class='ocrx_word' id='word_1_459' title='bbox 1722 3381 2030 3452; x_wconf 86' lang='grc' dir='ltr'>παντοκρά-</span> 
     </span>
    </p>
   </div>
   <div class='ocr_carea' id='block_1_66' title="bbox 449 3469 2031 3542">
    <p class='ocr_par' dir='ltr' id='par_1_66' title="bbox 449 3469 2031 3542">
     <span class='ocr_line' id='line_1_66' title="bbox 449 3469 2031 3542; baseline 0.004 -24"><span class='ocrx_word' id='word_1_460' title='bbox 449 3485 590 3538; x_wconf 77' lang='grc' dir='ltr'>τορι.</span> <span class='ocrx_word' id='word_1_461' title='bbox 623 3473 715 3522; x_wconf 79' lang='grc' dir='ltr'><strong>καὶ</strong></span> <span class='ocrx_word' id='word_1_462' title='bbox 744 3469 1010 3539; x_wconf 82' lang='grc' dir='ltr'>δοξολογῶ</span> <span class='ocrx_word' id='word_1_463' title='bbox 1035 3488 1117 3523; x_wconf 88' lang='grc' dir='ltr'><strong>σοι</strong></span> <span class='ocrx_word' id='word_1_464' title='bbox 1148 3471 1224 3540; x_wconf 84' lang='grc' dir='ltr'><strong>τῷ</strong></span> <span class='ocrx_word' id='word_1_465' title='bbox 1254 3471 1688 3542; x_wconf 81' lang='grc' dir='ltr'>φιλοικτείρμονι</span> <span class='ocrx_word' id='word_1_466' title='bbox 1720 3471 1897 3536; x_wconf 78' lang='grc' dir='ltr'>πάσας</span> <span class='ocrx_word' id='word_1_467' title='bbox 1929 3473 2031 3536; x_wconf 73' lang='grc' dir='ltr'>τὰς</span> 
     </span>
    </p>
   </div>
   <div class='ocr_carea' id='block_1_67' title="bbox 457 3561 2028 3632">
    <p class='ocr_par' dir='ltr' id='par_1_67' title="bbox 457 3561 2028 3632">
     <span class='ocr_line' id='line_1_67' title="bbox 457 3561 2028 3632; baseline 0 -16"><span class='ocrx_word' id='word_1_468' title='bbox 457 3561 673 3632; x_wconf 73' lang='grc' dir='ltr'>ἡμέρας</span> <span class='ocrx_word' id='word_1_469' title='bbox 698 3562 799 3632; x_wconf 84' lang='grc' dir='ltr'><strong>τῆς</strong></span> <span class='ocrx_word' id='word_1_470' title='bbox 830 3561 978 3632; x_wconf 79' lang='grc' dir='ltr'>ζωῆς</span> <span class='ocrx_word' id='word_1_471' title='bbox 1021 3580 1146 3632; x_wconf 87' lang='grc' dir='ltr'>μου,</span> <span class='ocrx_word' id='word_1_472' title='bbox 1183 3564 1278 3616; x_wconf 77' lang='grc' dir='ltr'><strong>καὶ</strong></span> <span class='ocrx_word' id='word_1_473' title='bbox 1327 3563 1387 3616; x_wconf 87' lang='grc' dir='ltr'><strong>οὐ</strong></span> <span class='ocrx_word' id='word_1_474' title='bbox 1431 3562 1506 3632; x_wconf 82' lang='grc' dir='ltr'>μὴ</span> <span class='ocrx_word' id='word_1_475' title='bbox 1542 3562 1768 3617; x_wconf 84' lang='grc' dir='ltr'>ἀποστῶ</span> <span class='ocrx_word' id='word_1_476' title='bbox 1798 3563 1905 3617; x_wconf 82' lang='grc' dir='ltr'><strong>ἀπὸ</strong></span> <span class='ocrx_word' id='word_1_477' title='bbox 1935 3563 2028 3618; x_wconf 82' lang='grc' dir='ltr'>τοῦ</span> 
     </span>
    </p>
   </div>
   <div class='ocr_carea' id='block_1_68' title="bbox 451 3654 2034 3727">
    <p class='ocr_par' dir='ltr' id='par_1_68' title="bbox 451 3654 2034 3727">
     <span class='ocr_line' id='line_1_68' title="bbox 451 3654 2034 3727; baseline 0.002 -19"><span class='ocrx_word' id='word_1_478' title='bbox 451 3655 546 3708; x_wconf 72' lang='grc' dir='ltr'>νῦν</span> <span class='ocrx_word' id='word_1_479' title='bbox 574 3654 739 3724; x_wconf 84' lang='grc' dir='ltr'>μέχρι</span> <span class='ocrx_word' id='word_1_480' title='bbox 775 3656 872 3724; x_wconf 84' lang='grc' dir='ltr'>τῆς</span> <span class='ocrx_word' id='word_1_481' title='bbox 899 3654 1040 3724; x_wconf 76' lang='grc' dir='ltr'>ἐμῆς</span> <span class='ocrx_word' id='word_1_482' title='bbox 1072 3654 1448 3718; x_wconf 83' lang='grc' dir='ltr'>ἀποϐιώσεως.</span> <span class='ocrx_word' id='word_1_483' title='bbox 1466 3656 1650 3710; x_wconf 79' lang='grc' dir='ltr'>Ταῦτα</span> <span class='ocrx_word' id='word_1_484' title='bbox 1675 3656 1842 3709; x_wconf 78' lang='grc' dir='ltr'>αὐτοῦ</span> <span class='ocrx_word' id='word_1_485' title='bbox 1864 3673 2034 3727; x_wconf 85' lang='grc' dir='ltr'>προσ-</span> 
     </span>
    </p>
   </div>
   <div class='ocr_carea' id='block_1_69' title="bbox 397 3739 2031 3822">
    <p class='ocr_par' dir='ltr' id='par_1_69' title="bbox 397 3739 2031 3822">
     <span class='ocr_line' id='line_1_69' title="bbox 397 3739 2031 3822; baseline 0.003 -22"><span class='ocrx_word' id='word_1_486' title='bbox 397 3739 401 3741; x_wconf 23' lang='grc' dir='ltr'><strong>λ</strong></span> <span class='ocrx_word' id='word_1_487' title='bbox 451 3746 773 3815; x_wconf 71' lang='grc' dir='ltr'>ευξαμένου,</span> <span class='ocrx_word' id='word_1_488' title='bbox 805 3751 895 3800; x_wconf 76' lang='grc' dir='ltr'><strong>καὶ</strong></span> <span class='ocrx_word' id='word_1_489' title='bbox 950 3748 1132 3803; x_wconf 77' lang='grc' dir='ltr'>λαϐὼν</span> <span class='ocrx_word' id='word_1_490' title='bbox 1168 3749 1276 3803; x_wconf 69' lang='grc' dir='ltr'>ἀπὸ</span> <span class='ocrx_word' id='word_1_491' title='bbox 1297 3748 1391 3802; x_wconf 83' lang='grc' dir='ltr'>τοῦ</span> <span class='ocrx_word' id='word_1_492' title='bbox 1416 3750 1642 3821; x_wconf 72' lang='grc' dir='ltr'>ὀσπρίου</span> <span class='ocrx_word' id='word_1_493' title='bbox 1673 3751 1886 3806; x_wconf 79' lang='grc' dir='ltr'>ἐκείνου</span> <span class='ocrx_word' id='word_1_494' title='bbox 1921 3770 2031 3822; x_wconf 86' lang='grc' dir='ltr'>με-</span> 
     </span>
    </p>
   </div>
   <div class='ocr_carea' id='block_1_70' title="bbox 450 3842 2030 3917">
    <p class='ocr_par' dir='ltr' id='par_1_70' title="bbox 450 3842 2030 3917">
     <span class='ocr_line' id='line_1_70' title="bbox 450 3842 2030 3917; baseline 0.005 -24"><span class='ocrx_word' id='word_1_495' title='bbox 450 3845 665 3912; x_wconf 82' lang='grc' dir='ltr'>τέσχεν,</span> <span class='ocrx_word' id='word_1_496' title='bbox 721 3843 817 3895; x_wconf 75' lang='grc' dir='ltr'>καὶ</span> <span class='ocrx_word' id='word_1_497' title='bbox 851 3842 1066 3916; x_wconf 84' lang='grc' dir='ltr'>ἀπείρῳ</span> <span class='ocrx_word' id='word_1_498' title='bbox 1099 3842 1325 3915; x_wconf 80' lang='grc' dir='ltr'>ἡδύτητι</span> <span class='ocrx_word' id='word_1_499' title='bbox 1361 3844 1670 3916; x_wconf 73' lang='grc' dir='ltr'>συσχεθεὶς,</span> <span class='ocrx_word' id='word_1_500' title='bbox 1710 3847 2030 3917; x_wconf 83' lang='grc' dir='ltr'>μετετράπη</span> 
     </span>
    </p>
   </div>
   <div class='ocr_carea' id='block_1_71' title="bbox 454 3933 2047 4004">
    <p class='ocr_par' dir='ltr' id='par_1_71' title="bbox 454 3933 2047 4004">
     <span class='ocr_line' id='line_1_71' title="bbox 454 3933 2047 4004; baseline 0.003 -20"><span class='ocrx_word' id='word_1_501' title='bbox 454 3933 656 3994; x_wconf 77' lang='grc' dir='ltr'>εὐθέως</span> <span class='ocrx_word' id='word_1_502' title='bbox 714 3933 891 3986; x_wconf 84' lang='grc' dir='ltr'>πάντα</span> <span class='ocrx_word' id='word_1_503' title='bbox 939 3933 1007 3986; x_wconf 69' lang='grc' dir='ltr'>τὰ</span> <span class='ocrx_word' id='word_1_504' title='bbox 1063 3933 1396 4004; x_wconf 85' lang='grc' dir='ltr'>αἰσθητήρια</span> <span class='ocrx_word' id='word_1_505' title='bbox 1442 3933 1610 3987; x_wconf 71' lang='grc' dir='ltr'>αὐτοῦ</span> <span class='ocrx_word' id='word_1_506' title='bbox 1654 3937 1736 3996; x_wconf 81' lang='grc' dir='ltr'>εὶς</span> <span class='ocrx_word' id='word_1_507' title='bbox 1787 3934 2047 3988; x_wconf 62' lang='grc' dir='ltr'>διάθεσιν</span> 
     </span>
    </p>
   </div>
   <div class='ocr_carea' id='block_1_72' title="bbox 452 4024 2029 4097">
    <p class='ocr_par' dir='ltr' id='par_1_72' title="bbox 452 4024 2029 4097">
     <span class='ocr_line' id='line_1_72' title="bbox 452 4024 2029 4097; baseline -0.001 -19"><span class='ocrx_word' id='word_1_508' title='bbox 452 4025 655 4090; x_wconf 78' lang='grc' dir='ltr'>ἔνθεον,</span> <span class='ocrx_word' id='word_1_509' title='bbox 684 4024 824 4078; x_wconf 80' lang='grc' dir='ltr'>ὥστε</span> <span class='ocrx_word' id='word_1_510' title='bbox 875 4025 1275 4097; x_wconf 71' lang='grc' dir='ltr'>ἐκπλήττεσθαι</span> <span class='ocrx_word' id='word_1_511' title='bbox 1315 4028 1414 4096; x_wconf 80' lang='grc' dir='ltr'>τὴν</span> <span class='ocrx_word' id='word_1_512' title='bbox 1443 4024 1650 4096; x_wconf 82' lang='grc' dir='ltr'>ἀθρόαν</span> <span class='ocrx_word' id='word_1_513' title='bbox 1703 4026 2029 4096; x_wconf 80' lang='grc' dir='ltr'>μεταϐολὴν,</span> 
     </span>
    </p>
   </div>
   <div class='ocr_carea' id='block_1_73' title="bbox 452 4117 2032 4189">
    <p class='ocr_par' dir='ltr' id='par_1_73' title="bbox 452 4117 2032 4189">
     <span class='ocr_line' id='line_1_73' title="bbox 452 4117 2032 4189; baseline -0.001 -18"><span class='ocrx_word' id='word_1_514' title='bbox 452 4120 545 4171; x_wconf 65' lang='grc' dir='ltr'><strong>καὶ</strong></span> <span class='ocrx_word' id='word_1_515' title='bbox 585 4117 684 4188; x_wconf 77' lang='grc' dir='ltr'><strong>τὴν</strong></span> <span class='ocrx_word' id='word_1_516' title='bbox 711 4117 976 4188; x_wconf 76' lang='grc' dir='ltr'>φιλτάτην</span> <span class='ocrx_word' id='word_1_517' title='bbox 1001 4118 1305 4189; x_wconf 80' lang='grc' dir='ltr'>ἐναλλαγὴν</span> <span class='ocrx_word' id='word_1_518' title='bbox 1341 4118 1440 4188; x_wconf 85' lang='grc' dir='ltr'>τῆς</span> <span class='ocrx_word' id='word_1_519' title='bbox 1478 4117 1657 4188; x_wconf 78' lang='grc' dir='ltr'>ψυχῆς</span> <span class='ocrx_word' id='word_1_520' title='bbox 1696 4118 1861 4171; x_wconf 84' lang='grc' dir='ltr'>αὐτοῦ</span> <span class='ocrx_word' id='word_1_521' title='bbox 1895 4134 1909 4149; x_wconf 77' lang='grc'><strong>⁸</strong></span> <span class='ocrx_word' id='word_1_522' title='bbox 1940 4119 2032 4170; x_wconf 73' lang='grc' dir='ltr'>ἐπὶ</span> 
     </span>
    </p>
   </div>
   <div class='ocr_carea' id='block_1_74' title="bbox 454 4208 2030 4280">
    <p class='ocr_par' dir='ltr' id='par_1_74' title="bbox 454 4208 2030 4280">
     <span class='ocr_line' id='line_1_74' title="bbox 454 4208 2030 4280; baseline -0.001 -17"><span class='ocrx_word' id='word_1_523' title='bbox 454 4211 636 4264; x_wconf 79' lang='grc' dir='ltr'>πλεῖον</span> <span class='ocrx_word' id='word_1_524' title='bbox 666 4210 724 4264; x_wconf 86' lang='grc' dir='ltr'>δὲ</span> <span class='ocrx_word' id='word_1_525' title='bbox 749 4211 836 4263; x_wconf 81' lang='grc' dir='ltr'>διὰ</span> <span class='ocrx_word' id='word_1_526' title='bbox 858 4211 916 4262; x_wconf 77' lang='grc' dir='ltr'><strong>τὸ</strong></span> <span class='ocrx_word' id='word_1_527' title='bbox 949 4209 1235 4280; x_wconf 83' lang='grc' dir='ltr'>τεράστιον</span> <span class='ocrx_word' id='word_1_528' title='bbox 1267 4208 1434 4264; x_wconf 81' lang='grc' dir='ltr'>αὐτοῦ</span> <span class='ocrx_word' id='word_1_529' title='bbox 1455 4210 1674 4280; x_wconf 80' lang='grc' dir='ltr'>ἀνήφθη</span> <span class='ocrx_word' id='word_1_530' title='bbox 1703 4211 1782 4272; x_wconf 86' lang='grc' dir='ltr'><strong>είς</strong></span> <span class='ocrx_word' id='word_1_531' title='bbox 1812 4210 1911 4279; x_wconf 84' lang='grc' dir='ltr'><strong>τὴν</strong></span> <span class='ocrx_word' id='word_1_532' title='bbox 1938 4209 2030 4263; x_wconf 82' lang='grc' dir='ltr'>τοῦ</span> 
     </span>
    </p>
   </div>
   <div class='ocr_carea' id='block_1_75' title="bbox 456 4297 2032 4375">
    <p class='ocr_par' dir='ltr' id='par_1_75' title="bbox 456 4297 2032 4375">
     <span class='ocr_line' id='line_1_75' title="bbox 456 4297 2032 4375; baseline -0.003 -17"><span class='ocrx_word' id='word_1_533' title='bbox 456 4303 660 4375; x_wconf 84' lang='grc' dir='ltr'>Κυρίου</span> <span class='ocrx_word' id='word_1_534' title='bbox 688 4304 910 4374; x_wconf 76' lang='grc' dir='ltr'>ἀγάπην</span> <span class='ocrx_word' id='word_1_535' title='bbox 950 4304 1040 4355; x_wconf 75' lang='grc' dir='ltr'><strong>καὶ</strong></span> <span class='ocrx_word' id='word_1_536' title='bbox 1072 4303 1291 4355; x_wconf 80' lang='grc' dir='ltr'>πάντων</span> <span class='ocrx_word' id='word_1_537' title='bbox 1315 4302 1423 4355; x_wconf 84' lang='grc' dir='ltr'>τῶν</span> <span class='ocrx_word' id='word_1_538' title='bbox 1460 4302 1683 4370; x_wconf 82' lang='grc' dir='ltr'>Ἀγίων,</span> <span class='ocrx_word' id='word_1_539' title='bbox 1708 4303 1804 4355; x_wconf 75' lang='grc' dir='ltr'><strong>καὶ</strong></span> <span class='ocrx_word' id='word_1_540' title='bbox 1829 4297 1922 4355; x_wconf 80' lang='grc' dir='ltr'><strong>οὖν</strong></span> <span class='ocrx_word' id='word_1_541' title='bbox 1952 4303 2032 4366; x_wconf 80' lang='grc' dir='ltr'><strong>εἰς</strong></span> 
     </span>
    </p>
   </div>
   <div class='ocr_carea' id='block_1_76' title="bbox 451 4394 2032 4465">
    <p class='ocr_par' dir='ltr' id='par_1_76' title="bbox 451 4394 2032 4465">
     <span class='ocr_line' id='line_1_76' title="bbox 451 4394 2032 4465; baseline -0.001 -15"><span class='ocrx_word' id='word_1_542' title='bbox 451 4401 553 4462; x_wconf 87' lang='grc' dir='ltr'><strong>τάς</strong></span> <span class='ocrx_word' id='word_1_543' title='bbox 591 4397 809 4461; x_wconf 78' lang='grc' dir='ltr'>ὲντολάς</span> <span class='ocrx_word' id='word_1_544' title='bbox 850 4395 946 4450; x_wconf 84' lang='grc' dir='ltr'><strong>τοῦ</strong></span> <span class='ocrx_word' id='word_1_545' title='bbox 987 4397 1265 4449; x_wconf 87' lang='grc' dir='ltr'>Δεσπότου</span> <span class='ocrx_word' id='word_1_546' title='bbox 1296 4394 1387 4449; x_wconf 72' lang='grc' dir='ltr'><strong>διὰ</strong></span> <span class='ocrx_word' id='word_1_547' title='bbox 1419 4394 1625 4458; x_wconf 81' lang='grc' dir='ltr'>παντὸς</span> <span class='ocrx_word' id='word_1_548' title='bbox 1662 4395 2032 4465; x_wconf 83' lang='grc' dir='ltr'>πορευόμενος</span> 
     </span>
    </p>
   </div>
   <div class='ocr_carea' id='block_1_77' title="bbox 452 4491 904 4562">
    <p class='ocr_par' dir='ltr' id='par_1_77' title="bbox 452 4491 904 4562">
     <span class='ocr_line' id='line_1_77' title="bbox 452 4491 904 4562; baseline 0.002 -19"><span class='ocrx_word' id='word_1_549' title='bbox 452 4491 628 4562; x_wconf 86' lang='grc' dir='ltr'>προθυ</span> <span class='ocrx_word' id='word_1_550' title='bbox 637 4492 781 4560; x_wconf 85' lang='grc' dir='ltr'>μώτε</span> <span class='ocrx_word' id='word_1_551' title='bbox 791 4507 904 4559; x_wconf 88' lang='grc' dir='ltr'>ρον.</span> 
     </span>
    </p>
   </div>
   <div class='ocr_carea' id='block_1_78' title="bbox 525 4579 2041 4656">
    <p class='ocr_par' dir='ltr' id='par_1_78' title="bbox 525 4579 2041 4656">
     <span class='ocr_line' id='line_1_78' title="bbox 525 4579 2041 4656; baseline -0.002 -16"><span class='ocrx_word' id='word_1_552' title='bbox 525 4585 622 4643; x_wconf 85' lang='grc' dir='ltr'>νε’.</span> <span class='ocrx_word' id='word_1_553' title='bbox 661 4586 754 4640; x_wconf 83' lang='grc' dir='ltr'>Ἐν</span> <span class='ocrx_word' id='word_1_554' title='bbox 792 4586 891 4656; x_wconf 83' lang='grc' dir='ltr'>μιᾷ</span> <span class='ocrx_word' id='word_1_555' title='bbox 926 4579 1021 4638; x_wconf 79' lang='grc' dir='ltr'>οὖν</span> <span class='ocrx_word' id='word_1_556' title='bbox 1054 4583 1164 4636; x_wconf 84' lang='grc' dir='ltr'><strong>τῶν</strong></span> <span class='ocrx_word' id='word_1_557' title='bbox 1199 4583 1423 4654; x_wconf 80' lang='grc' dir='ltr'>ἡμερῶν</span> <span class='ocrx_word' id='word_1_558' title='bbox 1455 4583 1698 4648; x_wconf 80' lang='grc' dir='ltr'>ἀναστὰς</span> <span class='ocrx_word' id='word_1_559' title='bbox 1721 4624 1736 4650; x_wconf 95' lang='grc'><strong>,</strong></span> <span class='ocrx_word' id='word_1_560' title='bbox 1776 4581 1913 4652; x_wconf 79' lang='grc' dir='ltr'>πρὸς</span> <span class='ocrx_word' id='word_1_561' title='bbox 1944 4582 2041 4653; x_wconf 87' lang='grc' dir='ltr'>τὴν</span> 
     </span>
    </p>
   </div>
   <div class='ocr_carea' id='block_1_79' title="bbox 453 4674 2044 4748">
    <p class='ocr_par' dir='ltr' id='par_1_79' title="bbox 453 4674 2044 4748">
     <span class='ocr_line' id='line_1_79' title="bbox 453 4674 2044 4748; baseline -0.003 -15"><span class='ocrx_word' id='word_1_562' title='bbox 453 4679 754 4748; x_wconf 81' lang='grc' dir='ltr'>ἐκκλησίαν</span> <span class='ocrx_word' id='word_1_563' title='bbox 791 4676 962 4748; x_wconf 74' lang='grc' dir='ltr'>ᾤχετο</span> <span class='ocrx_word' id='word_1_564' title='bbox 995 4675 1089 4729; x_wconf 79' lang='grc' dir='ltr'>τοῦ</span> <span class='ocrx_word' id='word_1_565' title='bbox 1134 4677 1445 4746; x_wconf 85' lang='grc' dir='ltr'>προσευχὴν</span> <span class='ocrx_word' id='word_1_566' title='bbox 1484 4677 1749 4747; x_wconf 83' lang='grc' dir='ltr'>ποιῆσαι,</span> <span class='ocrx_word' id='word_1_567' title='bbox 1785 4674 1864 4739; x_wconf 84' lang='grc' dir='ltr'>ὡς</span> <span class='ocrx_word' id='word_1_568' title='bbox 1906 4675 2044 4744; x_wconf 82' lang='grc' dir='ltr'>πρὸς</span> 
     </span>
    </p>
   </div>
   <div class='ocr_carea' id='block_1_80' title="bbox 460 4763 2035 4838">
    <p class='ocr_par' dir='ltr' id='par_1_80' title="bbox 460 4763 2035 4838">
     <span class='ocr_line' id='line_1_80' title="bbox 460 4763 2035 4838; baseline -0.001 -20"><span class='ocrx_word' id='word_1_569' title='bbox 460 4765 689 4837; x_wconf 89' lang='grc' dir='ltr'>σύνηθες</span> <span class='ocrx_word' id='word_1_570' title='bbox 722 4766 892 4836; x_wconf 81' lang='grc' dir='ltr'>ἔχων·</span> <span class='ocrx_word' id='word_1_571' title='bbox 933 4766 1031 4819; x_wconf 64' lang='grc' dir='ltr'><strong>καὶ</strong></span> <span class='ocrx_word' id='word_1_572' title='bbox 1060 4767 1116 4820; x_wconf 85' lang='grc' dir='ltr'>δὲ</span> <span class='ocrx_word' id='word_1_573' title='bbox 1141 4767 1240 4838; x_wconf 78' lang='grc' dir='ltr'>τῆς</span> <span class='ocrx_word' id='word_1_574' title='bbox 1267 4765 1593 4828; x_wconf 81' lang='grc' dir='ltr'>ἀκολουθίας</span> <span class='ocrx_word' id='word_1_575' title='bbox 1624 4763 2035 4833; x_wconf 80' lang='grc' dir='ltr'>τελειωθείσης,</span> 
     </span>
    </p>
   </div>
   <div class='ocr_carea' id='block_1_81' title="bbox 459 4855 2036 4932">
    <p class='ocr_par' dir='ltr' id='par_1_81' title="bbox 459 4855 2036 4932">
     <span class='ocr_line' id='line_1_81' title="bbox 459 4855 2036 4932; baseline -0.001 -21"><span class='ocrx_word' id='word_1_576' title='bbox 459 4859 606 4914; x_wconf 77' lang='grc' dir='ltr'>ἔνδον</span> <span class='ocrx_word' id='word_1_577' title='bbox 655 4860 932 4932; x_wconf 76' lang='grc' dir='ltr'>ἐληλυθὼς</span> <span class='ocrx_word' id='word_1_578' title='bbox 985 4860 1279 4926; x_wconf 77' lang='grc' dir='ltr'>ἐκαθέζετο</span> <span class='ocrx_word' id='word_1_579' title='bbox 1325 4860 1431 4928; x_wconf 80' lang='grc' dir='ltr'><strong>πρὸ</strong></span> <span class='ocrx_word' id='word_1_580' title='bbox 1494 4859 1589 4913; x_wconf 81' lang='grc' dir='ltr'><strong>τοῦ</strong></span> <span class='ocrx_word' id='word_1_581' title='bbox 1643 4857 1890 4920; x_wconf 85' lang='grc' dir='ltr'>πυλῶνος</span> <span class='ocrx_word' id='word_1_582' title='bbox 1927 4855 2036 4910; x_wconf 82' lang='grc' dir='ltr'>τῶν</span> 
     </span>
    </p>
   </div>
   <div class='ocr_carea' id='block_1_82' title="bbox 461 4950 2038 5025">
    <p class='ocr_par' dir='ltr' id='par_1_82' title="bbox 461 4950 2038 5025">
     <span class='ocr_line' id='line_1_82' title="bbox 461 4950 2038 5025; baseline -0.002 -21"><span class='ocrx_word' id='word_1_583' title='bbox 461 4955 820 5025; x_wconf 87' lang='grc' dir='ltr'>γεννητόρων,</span> <span class='ocrx_word' id='word_1_584' title='bbox 847 4956 1256 5024; x_wconf 79' lang='grc' dir='ltr'>παρατυχόντος</span> <span class='ocrx_word' id='word_1_585' title='bbox 1305 4954 1486 5006; x_wconf 80' lang='grc' dir='ltr'>ἐκεῖσε</span> <span class='ocrx_word' id='word_1_586' title='bbox 1533 4952 1628 5006; x_wconf 74' lang='grc' dir='ltr'>καὶ</span> <span class='ocrx_word' id='word_1_587' title='bbox 1680 4951 1775 5004; x_wconf 79' lang='grc' dir='ltr'>τοῦ</span> <span class='ocrx_word' id='word_1_588' title='bbox 1831 4950 2038 5021; x_wconf 81' lang='grc' dir='ltr'>πατρὸς</span> 
     </span>
    </p>
   </div>
   <div class='ocr_carea' id='block_1_83' title="bbox 457 5042 2036 5116">
    <p class='ocr_par' dir='ltr' id='par_1_83' title="bbox 457 5042 2036 5116">
     <span class='ocr_line' id='line_1_83' title="bbox 457 5042 2036 5116; baseline -0.001 -18"><span class='ocrx_word' id='word_1_589' title='bbox 457 5045 648 5110; x_wconf 82' lang='grc' dir='ltr'>αὐτοῦ,</span> <span class='ocrx_word' id='word_1_590' title='bbox 690 5047 784 5100; x_wconf 71' lang='grc' dir='ltr'><strong>καὶ</strong></span> <span class='ocrx_word' id='word_1_591' title='bbox 815 5049 888 5108; x_wconf 82' lang='grc' dir='ltr'><strong>ὡς</strong></span> <span class='ocrx_word' id='word_1_592' title='bbox 923 5048 980 5098; x_wconf 85' lang='grc' dir='ltr'>ὲν</span> <span class='ocrx_word' id='word_1_593' title='bbox 1007 5046 1229 5116; x_wconf 79' lang='grc' dir='ltr'>παρόδῳ</span> <span class='ocrx_word' id='word_1_594' title='bbox 1258 5045 1359 5115; x_wconf 76' lang='grc' dir='ltr'><strong>τῆς</strong></span> <span class='ocrx_word' id='word_1_595' title='bbox 1387 5045 1654 5115; x_wconf 80' lang='grc' dir='ltr'>δημοσίας</span> <span class='ocrx_word' id='word_1_596' title='bbox 1685 5043 1818 5097; x_wconf 81' lang='grc' dir='ltr'><strong>όδοῦ.</strong></span> <span class='ocrx_word' id='word_1_597' title='bbox 1855 5042 2036 5112; x_wconf 75' lang='grc' dir='ltr'>παράο</span> 
     </span>
    </p>
   </div>
   <div class='ocr_carea' id='block_1_84' title="bbox 454 5135 2034 5211">
    <p class='ocr_par' dir='ltr' id='par_1_84' title="bbox 454 5135 2034 5211">
     <span class='ocr_line' id='line_1_84' title="bbox 454 5135 2034 5211; baseline -0.003 -19"><span class='ocrx_word' id='word_1_598' title='bbox 454 5157 570 5208; x_wconf 88' lang='grc' dir='ltr'><strong>γων</strong></span> <span class='ocrx_word' id='word_1_599' title='bbox 610 5135 679 5211; x_wconf 82' lang='grc' dir='ltr'>ἦν</span> <span class='ocrx_word' id='word_1_600' title='bbox 710 5139 826 5193; x_wconf 72' lang='grc' dir='ltr'>-καὶ</span> <span class='ocrx_word' id='word_1_601' title='bbox 855 5139 883 5191; x_wconf 83' lang='grc' dir='ltr'>ὁ</span> <span class='ocrx_word' id='word_1_602' title='bbox 917 5138 1188 5208; x_wconf 87' lang='grc' dir='ltr'>μακάριος</span> <span class='ocrx_word' id='word_1_603' title='bbox 1247 5136 1526 5208; x_wconf 82' lang='grc' dir='ltr'>Ἀνδρέας,</span> <span class='ocrx_word' id='word_1_604' title='bbox 1577 5135 1646 5190; x_wconf 86' lang='grc' dir='ltr'><strong>τά</strong></span> <span class='ocrx_word' id='word_1_605' title='bbox 1688 5135 1818 5190; x_wconf 82' lang='grc' dir='ltr'>νόθα</span> <span class='ocrx_word' id='word_1_606' title='bbox 1867 5135 2034 5189; x_wconf 80' lang='grc' dir='ltr'>αὐτοῦ</span> 
     </span>
    </p>
   </div>
   <div class='ocr_carea' id='block_1_85' title="bbox 457 5227 2037 5302">
    <p class='ocr_par' dir='ltr' id='par_1_85' title="bbox 457 5227 2037 5302">
     <span class='ocr_line' id='line_1_85' title="bbox 457 5227 2037 5302; baseline 0 -20"><span class='ocrx_word' id='word_1_607' title='bbox 457 5233 596 5299; x_wconf 79' lang='grc' dir='ltr'>ἔργα</span> <span class='ocrx_word' id='word_1_608' title='bbox 649 5231 1142 5302; x_wconf 72' lang='grc' dir='ltr'>εἰσπραττόμενος,</span> <span class='ocrx_word' id='word_1_609' title='bbox 1209 5228 1451 5298; x_wconf 75' lang='grc' dir='ltr'>γυμνὸς,</span> <span class='ocrx_word' id='word_1_610' title='bbox 1513 5229 1766 5299; x_wconf 76' lang='grc' dir='ltr'>ἄπορος,</span> <span class='ocrx_word' id='word_1_611' title='bbox 1827 5227 2037 5282; x_wconf 79' lang='grc' dir='ltr'>εὐτελεῖ</span> 
     </span>
    </p>
   </div>
   <div class='ocr_carea' id='block_1_86' title="bbox 461 5319 2033 5394">
    <p class='ocr_par' dir='ltr' id='par_1_86' title="bbox 461 5319 2033 5394">
     <span class='ocr_line' id='line_1_86' title="bbox 461 5319 2033 5394; baseline -0.001 -20"><span class='ocrx_word' id='word_1_612' title='bbox 461 5323 709 5394; x_wconf 77' lang='grc' dir='ltr'>ρακίσκῳ</span> <span class='ocrx_word' id='word_1_613' title='bbox 759 5323 861 5394; x_wconf 86' lang='grc' dir='ltr'><strong>τὴν</strong></span> <span class='ocrx_word' id='word_1_614' title='bbox 907 5324 1084 5392; x_wconf 77' lang='grc' dir='ltr'>ὀσφὺν</span> <span class='ocrx_word' id='word_1_615' title='bbox 1117 5321 1282 5376; x_wconf 81' lang='grc' dir='ltr'>αὐτοῦ</span> <span class='ocrx_word' id='word_1_616' title='bbox 1314 5321 1752 5391; x_wconf 85' lang='grc' dir='ltr'>κεκαλυμμένος.</span> <span class='ocrx_word' id='word_1_617' title='bbox 1797 5319 1938 5374; x_wconf 84' lang='grc' dir='ltr'>Ἰδὼν</span> <span class='ocrx_word' id='word_1_618' title='bbox 1972 5319 2033 5373; x_wconf 77' lang='grc' dir='ltr'><strong>δὲ</strong></span> 
     </span>
    </p>
   </div>
   <div class='ocr_carea' id='block_1_87' title="bbox 459 5412 2038 5487">
    <p class='ocr_par' dir='ltr' id='par_1_87' title="bbox 459 5412 2038 5487">
     <span class='ocr_line' id='line_1_87' title="bbox 459 5412 2038 5487; baseline 0 -20"><span class='ocrx_word' id='word_1_619' title='bbox 459 5416 626 5469; x_wconf 80' lang='grc' dir='ltr'>αὐτὸν</span> <span class='ocrx_word' id='word_1_620' title='bbox 652 5420 678 5470; x_wconf 86' lang='grc' dir='ltr'>ὁ</span> <span class='ocrx_word' id='word_1_621' title='bbox 727 5417 1068 5487; x_wconf 78' lang='grc' dir='ltr'>Ἐπιφὰνιος,</span> <span class='ocrx_word' id='word_1_622' title='bbox 1113 5417 1209 5472; x_wconf 71' lang='grc' dir='ltr'><strong>καὶ</strong></span> <span class='ocrx_word' id='word_1_623' title='bbox 1234 5417 1540 5486; x_wconf 84' lang='grc' dir='ltr'>οίκτιρμοῐς</span> <span class='ocrx_word' id='word_1_624' title='bbox 1571 5412 1816 5486; x_wconf 75' lang='grc' dir='ltr'>κινηθεὶς</span> <span class='ocrx_word' id='word_1_625' title='bbox 1848 5414 2038 5484; x_wconf 85' lang='grc' dir='ltr'>φιλαν-</span> 
     </span>
    </p>
   </div>
   <div class='ocr_carea' id='block_1_88' title="bbox 459 5505 2037 5581">
    <p class='ocr_par' dir='ltr' id='par_1_88' title="bbox 459 5505 2037 5581">
     <span class='ocr_line' id='line_1_88' title="bbox 459 5505 2037 5581; baseline 0.001 -24"><span class='ocrx_word' id='word_1_626' title='bbox 459 5505 723 5578; x_wconf 82' lang='grc' dir='ltr'>θρώποις,</span> <span class='ocrx_word' id='word_1_627' title='bbox 762 5509 1040 5581; x_wconf 73' lang='grc' dir='ltr'>ὴὸουλήθη</span> <span class='ocrx_word' id='word_1_628' title='bbox 1093 5506 1308 5572; x_wconf 79' lang='grc' dir='ltr'>είσάξαι</span> <span class='ocrx_word' id='word_1_629' title='bbox 1340 5505 1506 5560; x_wconf 81' lang='grc' dir='ltr'>αὐτὸν</span> <span class='ocrx_word' id='word_1_630' title='bbox 1547 5505 1698 5560; x_wconf 74' lang='grc' dir='ltr'>ἔνδον</span> <span class='ocrx_word' id='word_1_631' title='bbox 1741 5505 1838 5560; x_wconf 76' lang='grc' dir='ltr'>τοῦ</span> <span class='ocrx_word' id='word_1_632' title='bbox 1885 5505 2037 5559; x_wconf 71' lang='grc' dir='ltr'>οἴκου</span> 
     </span>
    </p>
   </div>
   <div class='ocr_carea' id='block_1_89' title="bbox 457 5597 2035 5673">
    <p class='ocr_par' dir='ltr' id='par_1_89' title="bbox 457 5597 2035 5673">
     <span class='ocr_line' id='line_1_89' title="bbox 457 5597 2035 5673; baseline -0.003 -19"><span class='ocrx_word' id='word_1_633' title='bbox 457 5599 626 5655; x_wconf 77' lang='grc' dir='ltr'>αὐτοῦ</span> <span class='ocrx_word' id='word_1_634' title='bbox 651 5607 666 5622; x_wconf 83' lang='grc'><strong><em>⁸</em></strong></span> <span class='ocrx_word' id='word_1_635' title='bbox 695 5602 792 5656; x_wconf 80' lang='grc' dir='ltr'>καὶ</span> <span class='ocrx_word' id='word_1_636' title='bbox 847 5603 923 5673; x_wconf 80' lang='grc' dir='ltr'>μὴ</span> <span class='ocrx_word' id='word_1_637' title='bbox 972 5601 1112 5671; x_wconf 77' lang='grc' dir='ltr'>ἔχων</span> <span class='ocrx_word' id='word_1_638' title='bbox 1161 5599 1280 5664; x_wconf 86' lang='grc' dir='ltr'>πῶς</span> <span class='ocrx_word' id='word_1_639' title='bbox 1316 5600 1396 5662; x_wconf 84' lang='grc' dir='ltr'><strong>είς</strong></span> <span class='ocrx_word' id='word_1_640' title='bbox 1442 5600 1505 5653; x_wconf 82' lang='grc' dir='ltr'><strong>τὸ</strong></span> <span class='ocrx_word' id='word_1_641' title='bbox 1535 5597 1770 5669; x_wconf 80' lang='grc' dir='ltr'>φανερὸν</span> <span class='ocrx_word' id='word_1_642' title='bbox 1811 5598 2035 5666; x_wconf 79' lang='grc' dir='ltr'>ποιῆσαι</span> 
     </span>
    </p>
   </div>
   <div class='ocr_carea' id='block_1_90' title="bbox 455 5690 2035 5765">
    <p class='ocr_par' dir='ltr' id='par_1_90' title="bbox 455 5690 2035 5765">
     <span class='ocr_line' id='line_1_90' title="bbox 455 5690 2035 5765; baseline -0.001 -19"><span class='ocrx_word' id='word_1_643' title='bbox 455 5692 744 5765; x_wconf 76' lang='grc' dir='ltr'>γνώριμον.</span> <span class='ocrx_word' id='word_1_644' title='bbox 764 5692 957 5749; x_wconf 82' lang='grc' dir='ltr'>τοῦτον</span> <span class='ocrx_word' id='word_1_645' title='bbox 985 5694 1076 5747; x_wconf 81' lang='grc' dir='ltr'>διὰ</span> <span class='ocrx_word' id='word_1_646' title='bbox 1103 5692 1166 5746; x_wconf 80' lang='grc' dir='ltr'>τὸ</span> <span class='ocrx_word' id='word_1_647' title='bbox 1188 5694 1367 5747; x_wconf 77' lang='grc' dir='ltr'>ἐκεῖσε</span> <span class='ocrx_word' id='word_1_648' title='bbox 1409 5691 1539 5746; x_wconf 72' lang='grc' dir='ltr'>ὄντα</span> <span class='ocrx_word' id='word_1_649' title='bbox 1562 5693 1654 5745; x_wconf 59' lang='lat' dir='ltr'><strong>eo»</strong></span> <span class='ocrx_word' id='word_1_650' title='bbox 1691 5690 1902 5762; x_wconf 83' lang='grc' dir='ltr'>πατέρα</span> <span class='ocrx_word' id='word_1_651' title='bbox 1934 5691 2035 5745; x_wconf 84' lang='grc' dir='ltr'>αὐ-</span> 
     </span>
    </p>
   </div>
   <div class='ocr_carea' id='block_1_91' title="bbox 2059 4529 2112 4622">
    <p class='ocr_par' dir='ltr' id='par_1_91' title="bbox 2059 4529 2112 4622">
     <span class='ocr_line' id='line_1_91' title="bbox 2059 4529 2112 4622; baseline 0 0"><span class='ocrx_word' id='word_1_652' title='bbox 2059 4529 2112 4622; x_wconf 79' lang='lat' dir='ltr'><strong>u</strong></span> 
     </span>
    </p>
   </div>
   <div class='ocr_carea' id='block_1_92' title="bbox 2135 3282 3710 3360">
    <p class='ocr_par' dir='ltr' id='par_1_92' title="bbox 2135 3282 3710 3360">
     <span class='ocr_line' id='line_1_92' title="bbox 2135 3282 3710 3360; baseline -0.012 -9"><span class='ocrx_word' id='word_1_653' title='bbox 2135 3297 2261 3352; x_wconf 89' lang='lat' dir='ltr'><strong>tatis</strong></span> <span class='ocrx_word' id='word_1_654' title='bbox 2290 3303 2397 3350; x_wconf 61' lang='lat' dir='ltr'><strong>tua!</strong></span> <span class='ocrx_word' id='word_1_655' title='bbox 2442 3294 2668 3348; x_wconf 89' lang='lat' dir='ltr'><strong>reddere</strong></span> <span class='ocrx_word' id='word_1_656' title='bbox 2696 3307 2804 3345; x_wconf 90' lang='lat' dir='ltr'><strong>non</strong></span> <span class='ocrx_word' id='word_1_657' title='bbox 2836 3289 3167 3360; x_wconf 83' lang='lat' dir='ltr'><strong>dedignaris.</strong></span> <span class='ocrx_word' id='word_1_658' title='bbox 3231 3284 3371 3352; x_wconf 86' lang='lat' dir='ltr'><strong>Quid</strong></span> <span class='ocrx_word' id='word_1_659' title='bbox 3412 3282 3710 3338; x_wconf 89' lang='lat' dir='ltr'><strong>retribuam</strong></span> 
     </span>
    </p>
   </div>
   <div class='ocr_carea' id='block_1_93' title="bbox 2135 3373 3710 3453">
    <p class='ocr_par' dir='ltr' id='par_1_93' title="bbox 2135 3373 3710 3453">
     <span class='ocr_line' id='line_1_93' title="bbox 2135 3373 3710 3453; baseline -0.012 -9"><span class='ocrx_word' id='word_1_660' title='bbox 2135 3389 2255 3453; x_wconf 87' lang='lat' dir='ltr'><strong>tibi,</strong></span> <span class='ocrx_word' id='word_1_661' title='bbox 2311 3387 2538 3441; x_wconf 89' lang='lat' dir='ltr'><strong>Domine</strong></span> <span class='ocrx_word' id='word_1_662' title='bbox 2566 3385 2688 3440; x_wconf 88' lang='lat' dir='ltr'><strong>mi?</strong></span> <span class='ocrx_word' id='word_1_663' title='bbox 2730 3381 2948 3438; x_wconf 83' lang='lat' dir='ltr'><strong>Debitas</strong></span> <span class='ocrx_word' id='word_1_664' title='bbox 3010 3380 3106 3435; x_wconf 90' lang='lat' dir='ltr'><strong>tibi</strong></span> <span class='ocrx_word' id='word_1_665' title='bbox 3165 3375 3521 3448; x_wconf 85' lang='lat' dir='ltr'><strong>Omnipotenti</strong></span> <span class='ocrx_word' id='word_1_666' title='bbox 3579 3373 3710 3436; x_wconf 90' lang='lat' dir='ltr'><strong>Deo,</strong></span> 
     </span>
    </p>
   </div>
   <div class='ocr_carea' id='block_1_94' title="bbox 2131 3469 3713 3553">
    <p class='ocr_par' dir='ltr' id='par_1_94' title="bbox 2131 3469 3713 3553">
     <span class='ocr_line' id='line_1_94' title="bbox 2131 3469 3713 3553; baseline -0.01 -16"><span class='ocrx_word' id='word_1_667' title='bbox 2131 3483 2334 3553; x_wconf 68' lang='lat' dir='ltr'><strong>gratias</strong></span> <span class='ocrx_word' id='word_1_668' title='bbox 2386 3481 2657 3548; x_wconf 86' lang='lat' dir='ltr'><strong>persolvo,</strong></span> <span class='ocrx_word' id='word_1_669' title='bbox 2686 3487 2742 3532; x_wconf 90' lang='lat' dir='ltr'><strong>et</strong></span> <span class='ocrx_word' id='word_1_670' title='bbox 2779 3472 3160 3531; x_wconf 89' lang='lat' dir='ltr'><strong>amantissimo</strong></span> <span class='ocrx_word' id='word_1_671' title='bbox 3209 3469 3713 3526; x_wconf 84' lang='lat' dir='ltr'><strong>misericordiarum</strong></span> 
     </span>
    </p>
   </div>
   <div class='ocr_carea' id='block_1_95' title="bbox 2133 3571 3712 3644">
    <p class='ocr_par' dir='ltr' id='par_1_95' title="bbox 2133 3571 3712 3644">
     <span class='ocr_line' id='line_1_95' title="bbox 2133 3571 3712 3644; baseline -0.006 -15"><span class='ocrx_word' id='word_1_672' title='bbox 2133 3575 2279 3629; x_wconf 85' lang='lat' dir='ltr'><strong>Patri</strong></span> <span class='ocrx_word' id='word_1_673' title='bbox 2362 3575 2588 3644; x_wconf 78' lang='lat' dir='ltr'><strong>gloriam</strong></span> <span class='ocrx_word' id='word_1_674' title='bbox 2667 3571 2884 3638; x_wconf 85' lang='lat' dir='ltr'><strong>tribuo,</strong></span> <span class='ocrx_word' id='word_1_675' title='bbox 2951 3571 3266 3638; x_wconf 87' lang='lat' dir='ltr'><strong>neutiquam</strong></span> <span class='ocrx_word' id='word_1_676' title='bbox 3322 3577 3638 3622; x_wconf 87' lang='lat' dir='ltr'><strong>cessatnrus</strong></span> <span class='ocrx_word' id='word_1_677' title='bbox 3683 3581 3712 3619; x_wconf 90' lang='lat' dir='ltr'><strong>a</strong></span> 
     </span>
    </p>
   </div>
   <div class='ocr_carea' id='block_1_96' title="bbox 2133 3661 3716 3730">
    <p class='ocr_par' dir='ltr' id='par_1_96' title="bbox 2133 3661 3716 3730">
     <span class='ocr_line' id='line_1_96' title="bbox 2133 3661 3716 3730; baseline -0.007 -8"><span class='ocrx_word' id='word_1_678' title='bbox 2133 3676 2413 3722; x_wconf 88' lang='lat' dir='ltr'><strong>momento</strong></span> <span class='ocrx_word' id='word_1_679' title='bbox 2471 3667 2594 3725; x_wconf 88' lang='lat' dir='ltr'><strong>hoc.</strong></span> <span class='ocrx_word' id='word_1_680' title='bbox 2638 3666 2858 3720; x_wconf 80' lang='lat' dir='ltr'><strong>cunctis</strong></span> <span class='ocrx_word' id='word_1_681' title='bbox 2917 3663 3115 3717; x_wconf 86' lang='lat' dir='ltr'><strong>diebus</strong></span> <span class='ocrx_word' id='word_1_682' title='bbox 3161 3661 3339 3730; x_wconf 87' lang='lat' dir='ltr'><strong>quoad</strong></span> <span class='ocrx_word' id='word_1_683' title='bbox 3389 3661 3496 3714; x_wconf 82' lang='lat' dir='ltr'><strong>vita</strong></span> <span class='ocrx_word' id='word_1_684' title='bbox 3524 3674 3716 3725; x_wconf 87' lang='lat' dir='ltr'><strong>supcr-</strong></span> 
     </span>
    </p>
   </div>
   <div class='ocr_carea' id='block_1_97' title="bbox 2133 3751 3714 3826">
    <p class='ocr_par' dir='ltr' id='par_1_97' title="bbox 2133 3751 3714 3826">
     <span class='ocr_line' id='line_1_97' title="bbox 2133 3751 3714 3826; baseline -0.005 -13"><span class='ocrx_word' id='word_1_685' title='bbox 2133 3759 2318 3813; x_wconf 83' lang='lat' dir='ltr'><strong>fuerit.</strong></span> <span class='ocrx_word' id='word_1_686' title='bbox 2368 3755 2445 3811; x_wconf 91' lang='lat' dir='ltr'><strong>Ita</strong></span> <span class='ocrx_word' id='word_1_687' title='bbox 2507 3765 2781 3826; x_wconf 84' lang='lat' dir='ltr'><strong>precatus,</strong></span> <span class='ocrx_word' id='word_1_688' title='bbox 2837 3753 3109 3822; x_wconf 82' lang='lat' dir='ltr'><strong>accipiens</strong></span> <span class='ocrx_word' id='word_1_689' title='bbox 3130 3753 3446 3822; x_wconf 81' lang='lat' dir='ltr'><strong>pauxillum.</strong></span> <span class='ocrx_word' id='word_1_690' title='bbox 3476 3751 3714 3814; x_wconf 78' lang='lat' dir='ltr'><strong>obsonii,</strong></span> 
     </span>
    </p>
   </div>
   <div class='ocr_carea' id='block_1_98' title="bbox 2133 3844 3714 3923">
    <p class='ocr_par' dir='ltr' id='par_1_98' title="bbox 2133 3844 3714 3923">
     <span class='ocr_line' id='line_1_98' title="bbox 2133 3844 3714 3923; baseline -0.009 -12"><span class='ocrx_word' id='word_1_691' title='bbox 2133 3851 2441 3923; x_wconf 80' lang='lat' dir='ltr'><strong>degustavit</strong></span> <span class='ocrx_word' id='word_1_692' title='bbox 2478 3848 2808 3905; x_wconf 82' lang='lat' dir='ltr'><strong>:etinlinita</strong></span> <span class='ocrx_word' id='word_1_693' title='bbox 2874 3845 3167 3902; x_wconf 84' lang='lat' dir='ltr'><strong>dulcedine</strong></span> <span class='ocrx_word' id='word_1_694' title='bbox 3229 3844 3503 3899; x_wconf 85' lang='lat' dir='ltr'><strong>delibutus</strong></span> <span class='ocrx_word' id='word_1_695' title='bbox 3535 3883 3564 3910; x_wconf 94' lang='lat'><strong>,.</strong></span> <span class='ocrx_word' id='word_1_696' title='bbox 3605 3853 3714 3899; x_wconf 87' lang='lat' dir='ltr'><strong>tam</strong></span> 
     </span>
    </p>
   </div>
   <div class='ocr_carea' id='block_1_99' title="bbox 2135 3936 3718 4000">
    <p class='ocr_par' dir='ltr' id='par_1_99' title="bbox 2135 3936 3718 4000">
     <span class='ocr_line' id='line_1_99' title="bbox 2135 3936 3718 4000; baseline -0.007 0"><span class='ocrx_word' id='word_1_697' title='bbox 2135 3945 2316 4000; x_wconf 87' lang='lat' dir='ltr'><strong>subito</strong></span> <span class='ocrx_word' id='word_1_698' title='bbox 2344 3943 2398 3997; x_wconf 91' lang='lat' dir='ltr'><strong>in</strong></span> <span class='ocrx_word' id='word_1_699' title='bbox 2431 3941 2670 3996; x_wconf 75' lang='lat' dir='ltr'><strong>divinam</strong></span> <span class='ocrx_word' id='word_1_700' title='bbox 2711 3939 3054 3995; x_wconf 80' lang='lat' dir='ltr'><strong>aiiectionem</strong></span> <span class='ocrx_word' id='word_1_701' title='bbox 3080 3948 3380 3993; x_wconf 84' lang='lat' dir='ltr'><strong>conversos</strong></span> <span class='ocrx_word' id='word_1_702' title='bbox 3414 3936 3718 3998; x_wconf 82' lang='lat' dir='ltr'><strong>deprehen-</strong></span> 
     </span>
    </p>
   </div>
   <div class='ocr_carea' id='block_1_100' title="bbox 2133 4030 3714 4102">
    <p class='ocr_par' dir='ltr' id='par_1_100' title="bbox 2133 4030 3714 4102">
     <span class='ocr_line' id='line_1_100' title="bbox 2133 4030 3714 4102; baseline -0.005 -9"><span class='ocrx_word' id='word_1_703' title='bbox 2133 4038 2212 4093; x_wconf 92' lang='lat' dir='ltr'><strong>dit</strong></span> <span class='ocrx_word' id='word_1_704' title='bbox 2263 4050 2458 4092; x_wconf 89' lang='lat' dir='ltr'><strong>sensus</strong></span> <span class='ocrx_word' id='word_1_705' title='bbox 2513 4048 2666 4097; x_wconf 89' lang='lat' dir='ltr'><strong>suos,</strong></span> <span class='ocrx_word' id='word_1_706' title='bbox 2715 4043 2774 4087; x_wconf 85' lang='lat' dir='ltr'><strong>ut</strong></span> <span class='ocrx_word' id='word_1_707' title='bbox 2815 4046 2941 4088; x_wconf 89' lang='lat' dir='ltr'><strong>eum</strong></span> <span class='ocrx_word' id='word_1_708' title='bbox 2987 4043 3210 4102; x_wconf 83' lang='lat' dir='ltr'><strong>stupore</strong></span> <span class='ocrx_word' id='word_1_709' title='bbox 3257 4032 3551 4086; x_wconf 87' lang='lat' dir='ltr'><strong>miraretur</strong></span> <span class='ocrx_word' id='word_1_710' title='bbox 3577 4030 3714 4087; x_wconf 85' lang='lat' dir='ltr'><strong>adeo</strong></span> 
     </span>
    </p>
   </div>
   <div class='ocr_carea' id='block_1_101' title="bbox 2135 4123 3717 4200">
    <p class='ocr_par' dir='ltr' id='par_1_101' title="bbox 2135 4123 3717 4200">
     <span class='ocr_line' id='line_1_101' title="bbox 2135 4123 3717 4200; baseline -0.005 -16"><span class='ocrx_word' id='word_1_711' title='bbox 2135 4129 2471 4200; x_wconf 81' lang='lat' dir='ltr'><strong>repentinam</strong></span> <span class='ocrx_word' id='word_1_712' title='bbox 2507 4124 2863 4180; x_wconf 85' lang='lat' dir='ltr'><strong>mutationem</strong></span> <span class='ocrx_word' id='word_1_713' title='bbox 2888 4132 2943 4179; x_wconf 88' lang='lat' dir='ltr'><strong>et</strong></span> <span class='ocrx_word' id='word_1_714' title='bbox 2969 4123 3352 4180; x_wconf 85' lang='lat' dir='ltr'><strong>suavissimam</strong></span> <span class='ocrx_word' id='word_1_715' title='bbox 3377 4123 3572 4177; x_wconf 63' lang='lat' dir='ltr'><strong>animae</strong></span> <span class='ocrx_word' id='word_1_716' title='bbox 3603 4137 3717 4178; x_wconf 69' lang='lat' dir='ltr'><strong>sua:</strong></span> 
     </span>
    </p>
   </div>
   <div class='ocr_carea' id='block_1_102' title="bbox 2135 4216 3718 4288">
    <p class='ocr_par' dir='ltr' id='par_1_102' title="bbox 2135 4216 3718 4288">
     <span class='ocr_line' id='line_1_102' title="bbox 2135 4216 3718 4288; baseline -0.004 -11"><span class='ocrx_word' id='word_1_717' title='bbox 2135 4222 2551 4285; x_wconf 83' lang='lat' dir='ltr'><strong>alterationem,</strong></span> <span class='ocrx_word' id='word_1_718' title='bbox 2617 4220 2838 4287; x_wconf 89' lang='lat' dir='ltr'><strong>insuper</strong></span> <span class='ocrx_word' id='word_1_719' title='bbox 2873 4225 2928 4272; x_wconf 88' lang='lat' dir='ltr'><strong>et</strong></span> <span class='ocrx_word' id='word_1_720' title='bbox 2976 4216 3205 4288; x_wconf 83' lang='lat' dir='ltr'><strong>ﬂagrare</strong></span> <span class='ocrx_word' id='word_1_721' title='bbox 3225 4219 3384 4287; x_wconf 68' lang='lat' dir='ltr'><strong>erepit</strong></span> <span class='ocrx_word' id='word_1_722' title='bbox 3407 4216 3718 4271; x_wconf 83' lang='lat' dir='ltr'><strong>ardentiore</strong></span> 
     </span>
    </p>
   </div>
   <div class='ocr_carea' id='block_1_103' title="bbox 2137 4308 3720 4381">
    <p class='ocr_par' dir='ltr' id='par_1_103' title="bbox 2137 4308 3720 4381">
     <span class='ocr_line' id='line_1_103' title="bbox 2137 4308 3720 4381; baseline -0.004 -13"><span class='ocrx_word' id='word_1_723' title='bbox 2137 4317 2190 4368; x_wconf 93' lang='lat' dir='ltr'><strong>in</strong></span> <span class='ocrx_word' id='word_1_724' title='bbox 2247 4313 2416 4367; x_wconf 87' lang='lat' dir='ltr'><strong>Deum</strong></span> <span class='ocrx_word' id='word_1_725' title='bbox 2459 4321 2793 4381; x_wconf 89' lang='lat' dir='ltr'><strong>sanctosque</strong></span> <span class='ocrx_word' id='word_1_726' title='bbox 2848 4324 3039 4365; x_wconf 90' lang='lat' dir='ltr'><strong>omnes</strong></span> <span class='ocrx_word' id='word_1_727' title='bbox 3103 4308 3388 4376; x_wconf 87' lang='lat' dir='ltr'><strong>charitate,</strong></span> <span class='ocrx_word' id='word_1_728' title='bbox 3430 4317 3486 4362; x_wconf 88' lang='lat' dir='ltr'><strong>et</strong></span> <span class='ocrx_word' id='word_1_729' title='bbox 3533 4323 3720 4378; x_wconf 91' lang='lat' dir='ltr'><strong>prom-</strong></span> 
     </span>
    </p>
   </div>
   <div class='ocr_carea' id='block_1_104' title="bbox 2135 4399 3721 4478">
    <p class='ocr_par' dir='ltr' id='par_1_104' title="bbox 2135 4399 3721 4478">
     <span class='ocr_line' id='line_1_104' title="bbox 2135 4399 3721 4478; baseline -0.006 -15"><span class='ocrx_word' id='word_1_730' title='bbox 2135 4407 2402 4478; x_wconf 90' lang='lat' dir='ltr'><strong>ptioribus</strong></span> <span class='ocrx_word' id='word_1_731' title='bbox 2430 4404 2628 4460; x_wconf 90' lang='lat' dir='ltr'><strong>animis</strong></span> <span class='ocrx_word' id='word_1_732' title='bbox 2662 4403 2716 4457; x_wconf 92' lang='lat' dir='ltr'><strong>in</strong></span> <span class='ocrx_word' id='word_1_733' title='bbox 2741 4401 2828 4457; x_wconf 88' lang='lat' dir='ltr'><strong>via</strong></span> <span class='ocrx_word' id='word_1_734' title='bbox 2863 4399 3243 4456; x_wconf 90' lang='lat' dir='ltr'><strong>mandatorum</strong></span> <span class='ocrx_word' id='word_1_735' title='bbox 3286 4399 3500 4456; x_wconf 89' lang='lat' dir='ltr'><strong>Domini</strong></span> <span class='ocrx_word' id='word_1_736' title='bbox 3599 4415 3721 4454; x_wconf 85' lang='lat' dir='ltr'><strong>am-</strong></span> 
     </span>
    </p>
   </div>
   <div class='ocr_carea' id='block_1_105' title="bbox 2137 4499 2344 4556">
    <p class='ocr_par' dir='ltr' id='par_1_105' title="bbox 2137 4499 2344 4556">
     <span class='ocr_line' id='line_1_105' title="bbox 2137 4499 2344 4556; baseline -0.024 0"><span class='ocrx_word' id='word_1_737' title='bbox 2137 4499 2344 4556; x_wconf 87' lang='lat' dir='ltr'><strong>bulare.</strong></span> 
     </span>
    </p>
   </div>
   <div class='ocr_carea' id='block_1_106' title="bbox 2207 4585 3722 4659">
    <p class='ocr_par' dir='ltr' id='par_1_106' title="bbox 2207 4585 3722 4659">
     <span class='ocr_line' id='line_1_106' title="bbox 2207 4585 3722 4659; baseline -0.005 -13"><span class='ocrx_word' id='word_1_738' title='bbox 2207 4591 2297 4647; x_wconf 76' lang='lat'><strong>55.</strong></span> <span class='ocrx_word' id='word_1_739' title='bbox 2327 4589 2419 4644; x_wconf 88' lang='lat' dir='ltr'><strong>Die</strong></span> <span class='ocrx_word' id='word_1_740' title='bbox 2445 4588 2682 4659; x_wconf 89' lang='lat' dir='ltr'><strong>quodam</strong></span> <span class='ocrx_word' id='word_1_741' title='bbox 2725 4587 2791 4642; x_wconf 86' lang='lat' dir='ltr'><strong>ad</strong></span> <span class='ocrx_word' id='word_1_742' title='bbox 2825 4601 3038 4642; x_wconf 85' lang='lat' dir='ltr'><strong>sacram</strong></span> <span class='ocrx_word' id='word_1_743' title='bbox 3081 4585 3250 4640; x_wconf 67' lang='lat' dir='ltr'><strong>aedem</strong></span> <span class='ocrx_word' id='word_1_744' title='bbox 3282 4585 3538 4654; x_wconf 88' lang='lat' dir='ltr'><strong>precandi</strong></span> <span class='ocrx_word' id='word_1_745' title='bbox 3585 4599 3722 4640; x_wconf 83' lang='lat' dir='ltr'><strong>can-</strong></span> 
     </span>
    </p>
   </div>
   <div class='ocr_carea' id='block_1_107' title="bbox 2140 4677 3718 4748">
    <p class='ocr_par' dir='ltr' id='par_1_107' title="bbox 2140 4677 3718 4748">
     <span class='ocr_line' id='line_1_107' title="bbox 2140 4677 3718 4748; baseline -0.004 -9"><span class='ocrx_word' id='word_1_746' title='bbox 2140 4699 2198 4740; x_wconf 87' lang='lat' dir='ltr'><strong>sa</strong></span> <span class='ocrx_word' id='word_1_747' title='bbox 2224 4683 2429 4738; x_wconf 88' lang='lat' dir='ltr'><strong>abierat</strong></span> <span class='ocrx_word' id='word_1_748' title='bbox 2460 4695 2611 4736; x_wconf 88' lang='lat' dir='ltr'><strong>more</strong></span> <span class='ocrx_word' id='word_1_749' title='bbox 2647 4694 2749 4736; x_wconf 90' lang='lat' dir='ltr'><strong>suo</strong></span> <span class='ocrx_word' id='word_1_750' title='bbox 2770 4719 2784 4741; x_wconf 89' lang='lat'><em>.</em></span> <span class='ocrx_word' id='word_1_751' title='bbox 2817 4679 3078 4746; x_wconf 79' lang='lat' dir='ltr'><strong>ﬁnitoque</strong></span> <span class='ocrx_word' id='word_1_752' title='bbox 3101 4677 3288 4732; x_wconf 76' lang='lat' dir='ltr'><strong>Cilicio</strong></span> <span class='ocrx_word' id='word_1_753' title='bbox 3308 4692 3593 4748; x_wconf 81' lang='lat' dir='ltr'><strong>regressus</strong></span> <span class='ocrx_word' id='word_1_754' title='bbox 3617 4678 3718 4732; x_wconf 75' lang='lat' dir='ltr'><strong>do-</strong></span> 
     </span>
    </p>
   </div>
   <div class='ocr_carea' id='block_1_108' title="bbox 2141 4769 3720 4840">
    <p class='ocr_par' dir='ltr' id='par_1_108' title="bbox 2141 4769 3720 4840">
     <span class='ocr_line' id='line_1_108' title="bbox 2141 4769 3720 4840; baseline -0.007 -10"><span class='ocrx_word' id='word_1_755' title='bbox 2141 4781 2314 4839; x_wconf 90' lang='lat' dir='ltr'><strong>mum,</strong></span> <span class='ocrx_word' id='word_1_756' title='bbox 2368 4772 2590 4830; x_wconf 87' lang='lat' dir='ltr'><strong>sedebat</strong></span> <span class='ocrx_word' id='word_1_757' title='bbox 2639 4785 2737 4840; x_wconf 92' lang='lat' dir='ltr'><strong>pro</strong></span> <span class='ocrx_word' id='word_1_758' title='bbox 2783 4769 2993 4824; x_wconf 84' lang='lat' dir='ltr'><strong>foribus</strong></span> <span class='ocrx_word' id='word_1_759' title='bbox 3026 4769 3720 4837; x_wconf 84' lang='lat' dir='ltr'><strong>parentum-suorum,ad-</strong></span> 
     </span>
    </p>
   </div>
   <div class='ocr_carea' id='block_1_109' title="bbox 2141 4855 3721 4932">
    <p class='ocr_par' dir='ltr' id='par_1_109' title="bbox 2141 4855 3721 4932">
     <span class='ocr_line' id='line_1_109' title="bbox 2141 4855 3721 4932; baseline -0.005 -12"><span class='ocrx_word' id='word_1_760' title='bbox 2141 4874 2319 4920; x_wconf 87' lang='lat' dir='ltr'><strong>stante</strong></span> <span class='ocrx_word' id='word_1_761' title='bbox 2383 4865 2502 4932; x_wconf 91' lang='lat' dir='ltr'><strong>ipso</strong></span> <span class='ocrx_word' id='word_1_762' title='bbox 2557 4863 2717 4916; x_wconf 83' lang='lat' dir='ltr'><strong>etiam</strong></span> <span class='ocrx_word' id='word_1_763' title='bbox 2747 4869 2932 4930; x_wconf 85' lang='lat' dir='ltr'><strong>patre;</strong></span> <span class='ocrx_word' id='word_1_764' title='bbox 2980 4873 3216 4926; x_wconf 89' lang='lat' dir='ltr'><strong>cumque</strong></span> <span class='ocrx_word' id='word_1_765' title='bbox 3240 4855 3298 4914; x_wconf 90' lang='grc' dir='ltr'><strong>Β.</strong></span> <span class='ocrx_word' id='word_1_766' title='bbox 3331 4856 3573 4912; x_wconf 85' lang='lat' dir='ltr'><strong>Andreas</strong></span> <span class='ocrx_word' id='word_1_767' title='bbox 3599 4856 3721 4912; x_wconf 90' lang='lat' dir='ltr'><strong>illac</strong></span> 
     </span>
    </p>
   </div>
   <div class='ocr_carea' id='block_1_110' title="bbox 2141 4953 3722 5027">
    <p class='ocr_par' dir='ltr' id='par_1_110' title="bbox 2141 4953 3722 5027">
     <span class='ocr_line' id='line_1_110' title="bbox 2141 4953 3722 5027; baseline -0.006 -14"><span class='ocrx_word' id='word_1_768' title='bbox 2141 4959 2229 5013; x_wconf 88' lang='lat' dir='ltr'><strong>via</strong></span> <span class='ocrx_word' id='word_1_769' title='bbox 2269 4955 2484 5027; x_wconf 85' lang='lat' dir='ltr'><strong>publica</strong></span> <span class='ocrx_word' id='word_1_770' title='bbox 2528 4955 2630 5010; x_wconf 92' lang='lat' dir='ltr'><strong>iter</strong></span> <span class='ocrx_word' id='word_1_771' title='bbox 2665 4953 2904 5016; x_wconf 85' lang='lat' dir='ltr'><strong>haberet,</strong></span> <span class='ocrx_word' id='word_1_772' title='bbox 2956 4960 3102 5005; x_wconf 90' lang='lat' dir='ltr'><strong>artes</strong></span> <span class='ocrx_word' id='word_1_773' title='bbox 3128 4965 3259 5006; x_wconf 86' lang='lat' dir='ltr'><strong>suas</strong></span> <span class='ocrx_word' id='word_1_774' title='bbox 3301 4963 3584 5010; x_wconf 82' lang='lat' dir='ltr'><strong>exercens.</strong></span> <span class='ocrx_word' id='word_1_775' title='bbox 3616 4965 3722 5004; x_wconf 89' lang='lat' dir='ltr'><strong>nu-</strong></span> 
     </span>
    </p>
   </div>
   <div class='ocr_carea' id='block_1_111' title="bbox 2141 5040 3719 5113">
    <p class='ocr_par' dir='ltr' id='par_1_111' title="bbox 2141 5040 3719 5113">
     <span class='ocr_line' id='line_1_111' title="bbox 2141 5040 3719 5113; baseline -0.006 -8"><span class='ocrx_word' id='word_1_776' title='bbox 2141 5050 2245 5105; x_wconf 90' lang='lat' dir='ltr'><strong>dus</strong></span> <span class='ocrx_word' id='word_1_777' title='bbox 2277 5063 2459 5103; x_wconf 89' lang='lat' dir='ltr'><strong>rerum</strong></span> <span class='ocrx_word' id='word_1_778' title='bbox 2521 5047 2766 5101; x_wconf 92' lang='lat' dir='ltr'><strong>omnium</strong></span> <span class='ocrx_word' id='word_1_779' title='bbox 2791 5043 3028 5113; x_wconf 70' lang='lat' dir='ltr'><strong>indigus,</strong></span> <span class='ocrx_word' id='word_1_780' title='bbox 3064 5056 3306 5110; x_wconf 86' lang='lat' dir='ltr'><strong>pannosa</strong></span> <span class='ocrx_word' id='word_1_781' title='bbox 3348 5040 3522 5096; x_wconf 90' lang='lat' dir='ltr'><strong>solum</strong></span> <span class='ocrx_word' id='word_1_782' title='bbox 3550 5050 3606 5096; x_wconf 90' lang='lat' dir='ltr'><strong>et</strong></span> <span class='ocrx_word' id='word_1_783' title='bbox 3627 5041 3719 5096; x_wconf 92' lang='lat' dir='ltr'><strong>vili</strong></span> 
     </span>
    </p>
   </div>
   <div class='ocr_carea' id='block_1_112' title="bbox 2142 5133 3717 5204">
    <p class='ocr_par' dir='ltr' id='par_1_112' title="bbox 2142 5133 3717 5204">
     <span class='ocr_line' id='line_1_112' title="bbox 2142 5133 3717 5204; baseline -0.004 -8"><span class='ocrx_word' id='word_1_784' title='bbox 2142 5152 2290 5197; x_wconf 78' lang='lat' dir='ltr'><strong>veste</strong></span> <span class='ocrx_word' id='word_1_785' title='bbox 2316 5141 2707 5204; x_wconf 78' lang='lat' dir='ltr'><strong>circalumbos</strong></span> <span class='ocrx_word' id='word_1_786' title='bbox 2763 5145 2935 5192; x_wconf 87' lang='lat' dir='ltr'><strong>tectus</strong></span> <span class='ocrx_word' id='word_1_787' title='bbox 2969 5176 2984 5202; x_wconf 94' lang='lat'><strong>,</strong></span> <span class='ocrx_word' id='word_1_788' title='bbox 3030 5135 3166 5190; x_wconf 89' lang='lat' dir='ltr'><strong>vidit</strong></span> <span class='ocrx_word' id='word_1_789' title='bbox 3193 5150 3320 5192; x_wconf 85' lang='lat' dir='ltr'><strong>eum</strong></span> <span class='ocrx_word' id='word_1_790' title='bbox 3361 5133 3717 5204; x_wconf 87' lang='lat' dir='ltr'><strong>Epiphanius,</strong></span> 
     </span>
    </p>
   </div>
   <div class='ocr_carea' id='block_1_113' title="bbox 2141 5227 3717 5304">
    <p class='ocr_par' dir='ltr' id='par_1_113' title="bbox 2141 5227 3717 5304">
     <span class='ocr_line' id='line_1_113' title="bbox 2141 5227 3717 5304; baseline -0.006 -14"><span class='ocrx_word' id='word_1_791' title='bbox 2141 5232 2928 5304; x_wconf 80' lang='lat' dir='ltr'><strong>motusquecommiseratione</strong></span> <span class='ocrx_word' id='word_1_792' title='bbox 2959 5243 3174 5297; x_wconf 73' lang='lat' dir='ltr'><strong>magna,</strong></span> <span class='ocrx_word' id='word_1_793' title='bbox 3230 5227 3485 5298; x_wconf 86' lang='lat' dir='ltr'><strong>cupiebat</strong></span> <span class='ocrx_word' id='word_1_794' title='bbox 3541 5227 3717 5297; x_wconf 82' lang='lat' dir='ltr'><strong>ipsum</strong></span> 
     </span>
    </p>
   </div>
   <div class='ocr_carea' id='block_1_114' title="bbox 2145 5317 3723 5379">
    <p class='ocr_par' dir='ltr' id='par_1_114' title="bbox 2145 5317 3723 5379">
     <span class='ocr_line' id='line_1_114' title="bbox 2145 5317 3723 5379; baseline -0.004 -2"><span class='ocrx_word' id='word_1_795' title='bbox 2145 5326 2490 5379; x_wconf 83' lang='lat' dir='ltr'><strong>introducere</strong></span> <span class='ocrx_word' id='word_1_796' title='bbox 2535 5322 2590 5376; x_wconf 91' lang='lat' dir='ltr'><strong>in</strong></span> <span class='ocrx_word' id='word_1_797' title='bbox 2637 5322 2858 5376; x_wconf 88' lang='lat' dir='ltr'><strong>domum</strong></span> <span class='ocrx_word' id='word_1_798' title='bbox 2887 5335 3064 5376; x_wconf 90' lang='lat' dir='ltr'><strong>suam.</strong></span> <span class='ocrx_word' id='word_1_799' title='bbox 3099 5317 3202 5374; x_wconf 88' lang='lat' dir='ltr'><strong>Ubi</strong></span> <span class='ocrx_word' id='word_1_800' title='bbox 3243 5333 3373 5374; x_wconf 87' lang='lat' dir='ltr'><strong>vero</strong></span> <span class='ocrx_word' id='word_1_801' title='bbox 3403 5318 3599 5373; x_wconf 86' lang='lat' dir='ltr'><strong>modus</strong></span> <span class='ocrx_word' id='word_1_802' title='bbox 3625 5333 3723 5373; x_wconf 89' lang='lat' dir='ltr'><strong>oc-</strong></span> 
     </span>
    </p>
   </div>
   <div class='ocr_carea' id='block_1_115' title="bbox 2147 5409 3719 5483">
    <p class='ocr_par' dir='ltr' id='par_1_115' title="bbox 2147 5409 3719 5483">
     <span class='ocr_line' id='line_1_115' title="bbox 2147 5409 3719 5483; baseline -0.004 -12"><span class='ocrx_word' id='word_1_803' title='bbox 2147 5424 2395 5471; x_wconf 84' lang='lat' dir='ltr'><strong>curreret</strong></span> <span class='ocrx_word' id='word_1_804' title='bbox 2434 5414 2638 5481; x_wconf 78' lang='lat' dir='ltr'><strong>nullus,</strong></span> <span class='ocrx_word' id='word_1_805' title='bbox 2673 5428 2782 5483; x_wconf 89' lang='lat' dir='ltr'><strong>quo</strong></span> <span class='ocrx_word' id='word_1_806' title='bbox 2847 5413 2899 5468; x_wconf 89' lang='lat' dir='ltr'><strong>id</strong></span> <span class='ocrx_word' id='word_1_807' title='bbox 2928 5409 3140 5466; x_wconf 80' lang='lat' dir='ltr'><strong>homini</strong></span> <span class='ocrx_word' id='word_1_808' title='bbox 3160 5411 3375 5480; x_wconf 90' lang='lat' dir='ltr'><strong>publice</strong></span> <span class='ocrx_word' id='word_1_809' title='bbox 3395 5418 3525 5464; x_wconf 93' lang='lat' dir='ltr'><strong>noto</strong></span> <span class='ocrx_word' id='word_1_810' title='bbox 3549 5409 3719 5464; x_wconf 84' lang='lat' dir='ltr'><strong>bene-</strong></span> 
     </span>
    </p>
   </div>
   <div class='ocr_carea' id='block_1_116' title="bbox 2148 5500 3721 5575">
    <p class='ocr_par' dir='ltr' id='par_1_116' title="bbox 2148 5500 3721 5575">
     <span class='ocr_line' id='line_1_116' title="bbox 2148 5500 3721 5575; baseline -0.003 -14"><span class='ocrx_word' id='word_1_811' title='bbox 2148 5504 2332 5560; x_wconf 81' lang='lat' dir='ltr'><strong>ﬁcium</strong></span> <span class='ocrx_word' id='word_1_812' title='bbox 2361 5515 2581 5574; x_wconf 85' lang='lat' dir='ltr'><strong>propter</strong></span> <span class='ocrx_word' id='word_1_813' title='bbox 2608 5501 2952 5575; x_wconf 59' lang='lat' dir='ltr'><strong>praisentiam</strong></span> <span class='ocrx_word' id='word_1_814' title='bbox 2985 5502 3162 5570; x_wconf 86' lang='lat' dir='ltr'><strong>patris</strong></span> <span class='ocrx_word' id='word_1_815' title='bbox 3182 5508 3498 5570; x_wconf 66' lang='lat' dir='ltr'><strong>praestaret,</strong></span> <span class='ocrx_word' id='word_1_816' title='bbox 3532 5500 3721 5556; x_wconf 77' lang='lat' dir='ltr'><strong>nescio</strong></span> 
     </span>
    </p>
   </div>
   <div class='ocr_carea' id='block_1_117' title="bbox 2144 5589 3724 5669">
    <p class='ocr_par' dir='ltr' id='par_1_117' title="bbox 2144 5589 3724 5669">
     <span class='ocr_line' id='line_1_117' title="bbox 2144 5589 3724 5669; baseline -0.006 -16"><span class='ocrx_word' id='word_1_817' title='bbox 2144 5597 2274 5669; x_wconf 88' lang='lat' dir='ltr'><strong>quid</strong></span> <span class='ocrx_word' id='word_1_818' title='bbox 2305 5610 2484 5652; x_wconf 73' lang='lat' dir='ltr'><strong>causa:</strong></span> <span class='ocrx_word' id='word_1_819' title='bbox 2506 5602 2832 5665; x_wconf 65' lang='lat' dir='ltr'><strong>praetexens,</strong></span> <span class='ocrx_word' id='word_1_820' title='bbox 2867 5593 2940 5646; x_wconf 88' lang='lat' dir='ltr'><strong>ita</strong></span> <span class='ocrx_word' id='word_1_821' title='bbox 2968 5591 3115 5647; x_wconf 89' lang='lat' dir='ltr'><strong>hunc</strong></span> <span class='ocrx_word' id='word_1_822' title='bbox 3157 5591 3453 5660; x_wconf 86' lang='lat' dir='ltr'><strong>alloquitur</strong></span> <span class='ocrx_word' id='word_1_823' title='bbox 3489 5607 3504 5644; x_wconf 88' lang='lat'><strong>:</strong></span> <span class='ocrx_word' id='word_1_824' title='bbox 3536 5589 3724 5646; x_wconf 80' lang='lat' dir='ltr'><strong>Domi-</strong></span> 
     </span>
    </p>
   </div>
   <div class='ocr_carea' id='block_1_118' title="bbox 2144 5679 3720 5758">
    <p class='ocr_par' dir='ltr' id='par_1_118' title="bbox 2144 5679 3720 5758">
     <span class='ocr_line' id='line_1_118' title="bbox 2144 5679 3720 5758; baseline -0.006 -12"><span class='ocrx_word' id='word_1_825' title='bbox 2144 5707 2212 5746; x_wconf 91' lang='lat' dir='ltr'><strong>ne</strong></span> <span class='ocrx_word' id='word_1_826' title='bbox 2260 5689 2335 5744; x_wconf 91' lang='lat' dir='ltr'><strong>mi</strong></span> <span class='ocrx_word' id='word_1_827' title='bbox 2390 5702 2456 5742; x_wconf 90' lang='lat' dir='ltr'><strong>ac</strong></span> <span class='ocrx_word' id='word_1_828' title='bbox 2504 5695 2689 5758; x_wconf 87' lang='lat' dir='ltr'><strong>pater,</strong></span> <span class='ocrx_word' id='word_1_829' title='bbox 2741 5684 3018 5740; x_wconf 90' lang='lat' dir='ltr'><strong>hominem</strong></span> <span class='ocrx_word' id='word_1_830' title='bbox 3069 5681 3219 5738; x_wconf 90' lang='lat' dir='ltr'><strong>illum</strong></span> <span class='ocrx_word' id='word_1_831' title='bbox 3251 5681 3547 5753; x_wconf 86' lang='lat' dir='ltr'><strong>conspicis,</strong></span> <span class='ocrx_word' id='word_1_832' title='bbox 3572 5679 3720 5736; x_wconf 86' lang='lat' dir='ltr'><strong>nudo</strong></span> 
     </span>
    </p>
   </div>
   <div class='ocr_carea' id='block_1_119' title="bbox 531 5840 2943 5924">
    <p class='ocr_par' dir='ltr' id='par_1_119' title="bbox 531 5840 2943 5924">
     <span class='ocr_line' id='line_1_119' title="bbox 531 5840 2943 5924; baseline -0.01 -6"><span class='ocrx_word' id='word_1_833' title='bbox 531 5854 640 5924; x_wconf 79' lang='lat'><strong>(75)</strong></span> <span class='ocrx_word' id='word_1_834' title='bbox 676 5854 778 5910; x_wconf 82' lang='lat' dir='ltr'><strong>Ms.</strong></span> <span class='ocrx_word' id='word_1_835' title='bbox 813 5851 950 5910; x_wconf 70' lang='lat' dir='ltr'><strong>Max.</strong></span> <span class='ocrx_word' id='word_1_836' title='bbox 987 5849 1288 5920; x_wconf 63' lang='grc' dir='ltr'>τρούλλιον,</span> <span class='ocrx_word' id='word_1_837' title='bbox 1317 5867 1346 5908; x_wconf 88' lang='lat' dir='ltr'><strong>a</strong></span> <span class='ocrx_word' id='word_1_838' title='bbox 1375 5849 1567 5907; x_wconf 87' lang='lat' dir='ltr'><strong>Latino</strong></span> <span class='ocrx_word' id='word_1_839' title='bbox 1603 5851 1788 5918; x_wconf 81' lang='lat' dir='ltr'><strong>trulla,</strong></span> <span class='ocrx_word' id='word_1_840' title='bbox 1820 5851 2032 5908; x_wconf 79' lang='lat' dir='ltr'><strong>diversa</strong></span> <span class='ocrx_word' id='word_1_841' title='bbox 2073 5862 2322 5903; x_wconf 82' lang='lat' dir='ltr'><strong>vasorum</strong></span> <span class='ocrx_word' id='word_1_842' title='bbox 2353 5858 2549 5918; x_wconf 75' lang='lat' dir='ltr'><strong>genera</strong></span> <span class='ocrx_word' id='word_1_843' title='bbox 2583 5840 2943 5916; x_wconf 76' lang='lat' dir='ltr'><strong>signiﬁcante.</strong></span> 
     </span>
    </p>
   </div>
  </div>
