4148 6478
1535 379 1950 442 NICEPHORI
1995 378 2474 439 PRESBYTER]
2516 378 2627 438 (ΖΡ.
3620 378 3734 443 696

471 385 575 450 695

468 511 695 568 corpore
710 498 917 566 plateas
933 497 1275 553 oberrantcm
1295 496 1317 551 ?
1348 494 1611 566 Suspicor
1640 508 1759 566 ego,
1780 494 2048 551 insaniam

2156 491 2274 557 τοῦ,
2308 492 2794 563 σχηματισάμενος
2821 490 2970 558 λέγει
3014 490 3090 559 τῷ
3119 494 3288 563 πατρὶ
3318 493 3487 547 αὑτοῦ
3517 512 3529 525 ·
3564 494 3742 564 Κύριέ

468 589 574 660 ipsi
637 588 707 643 ab
732 588 957 643 humani
1004 588 1219 659 generis
1253 590 1407 644 hoste
1435 585 1854 657 injectamesse.
1893 582 2050 638 Nunc

2156 608 2259 661 μου
2313 591 2489 660 πάτερ
2516 630 2532 655 ,
2591 588 2812 659 βλέπεις
2869 589 2960 643 τὸν
3016 588 3311 660 ἄνθρωπον
3354 593 3562 646 ἰκεῖνον
3620 592 3740 656 πῶς

471 690 677 744 autem,
712 680 944 737 Domine
995 685 1069 735 mi
1112 697 1175 737 ac
1206 691 1362 751 pater
1407 678 1787 742 dilectissime,
1833 676 1909 730 ita
1973 674 2054 729 ﬁlii

2156 680 2514 753 περιέρχεται
2545 678 2971 751 γεγυμνωμένος
2995 680 3076 749 τῷ
3107 680 3362 750 σώματι;
3402 681 3478 745 ὡς
3505 680 3739 746 εἰκάζω,

470 773 549 828 tui
595 773 936 829 dilectissimi
987 770 1273 843 Epiphanii
1316 778 1546 826 mortem
1579 769 1947 831 immaturam,
1978 766 2051 821 ita

468 866 771 934 passereuli
812 865 887 919 tui
944 871 1262 918 maerentem
1317 863 1526 918 vultum
1592 874 1872 922 nunquam
1906 860 2053 928 aspi-

470 959 607 1023 cias,
658 957 1071 1012 introducamus
1136 956 1289 1010 illum
1346 957 1399 1009 in
1430 956 1654 1010 domum
1692 961 1960 1016 nostram,
1998 959 2052 1005 et

469 1057 691 1117 propter
739 1046 1164 1101 muniﬁcentiam
1218 1045 1437 1101 Domini
1485 1046 1577 1101 Dei
1617 1046 1811 1111 nostri,
1844 1044 2053 1100 honore

472 1151 538 1190 ac
595 1134 798 1189 divitiis
830 1149 895 1188 ex
929 1133 1191 1189 bonitatis
1224 1148 1339 1189 suae
1400 1134 1658 1189 thesauro
1688 1141 1738 1188 te
1768 1131 2056 1186 cumulan-

471 1228 560 1290 tis,
620 1226 779 1282 liceat
836 1226 971 1280 mihi
1024 1225 1299 1281 instruere
1332 1226 1403 1279 illi
1435 1239 1681 1280 mensam
1733 1233 1787 1279 et
1821 1222 2052 1279 fundere

466 1318 654 1372 vinum
697 1326 755 1371 ut
778 1315 1084 1371 mercedem
1153 1315 1443 1371 animabus
1462 1317 1664 1371 nostris
1686 1314 2049 1384 recipiamus:

466 1408 598 1462 illud
662 1422 897 1477 namque
924 1403 1100 1461 solum
1150 1406 1204 1460 in
1260 1421 1424 1477 regno
1454 1406 1717 1461 calorum
1773 1405 2051 1460 inventuri

473 1513 689 1554 sumus.

537 1684 625 1740 56.
669 1686 752 1740 Ad
782 1685 896 1741 haec
922 1685 1107 1753 verba,
1144 1694 1295 1756 pater
1322 1646 1509 1742 divrno
1545 1689 1781 1757 quodam
1819 1689 2045 1745 numine

464 1776 701 1846 afﬂatus,
733 1778 967 1849 benigno
993 1778 1460 1849 blandissimoque
1492 1781 1653 1835 oculo
1682 1780 1850 1835 ﬁlium
1886 1780 2053 1835 intui-

2150 774 2233 827 ὅτι
2264 773 2361 827 καὶ
2395 772 2931 843 παρατετραμμένον
2959 766 3100 825 εἶναι
3126 771 3296 825 αὑτὸν
3321 773 3433 827 ὑπὸ
3460 772 3555 826 τοῦ
3585 775 3737 826 ἐνανι

2150 866 2287 920 τίον.
2333 866 2518 930 Ἀλλὰ,
2563 865 2723 936 κύριέ
2780 881 2881 935 μου
2941 863 3039 919 καὶ
3100 864 3331 932 φίλτατε
3390 867 3611 938 πάτερ,
3658 868 3731 937 μὴ

2154 956 2329 1027 θεάσῃ
2352 956 2446 1009 τοῦ
2500 954 2838 1023 γλυκυτάτου
2877 971 2970 1008 σου
3018 954 3213 1007 τέκνου
3280 956 3603 1025 Ἐπιφανίου
3643 956 3731 1010 τὸν

2154 1048 2408 1114 θάνατον,
2444 1048 2520 1119 μὴ
2558 1047 2679 1119 ἴδῃς
2707 1064 2761 1100 τι
2801 1045 3045 1116 λυπηρὸν
3087 1046 3183 1098 ἐπὶ
3212 1047 3273 1099 τὸ
3306 1048 3587 1116 στρουθίον
3616 1065 3730 1114 σου,

2154 1141 2545 1209 εἰσαγάγωμεν
2574 1140 2738 1193 αὑτὸν
2765 1139 2846 1201 εἰς
2872 1138 2962 1191 τὸν
2985 1132 3157 1201 οἷκον,
3191 1140 3285 1193 καὶ
3317 1140 3406 1193 διὰ
3443 1142 3543 1210 τῆς
3584 1143 3737 1194 ἀντι·-

2150 1230 2370 1301 λήψεως
2428 1230 2524 1284 τοῦ
2599 1248 2659 1283 σε
2728 1230 3070 1301 τιμήσαντος
3142 1230 3235 1283 καὶ
3292 1230 3735 1301 πεπλουτηκότος

2154 1322 2428 1376 Δεσπότου
2476 1323 2587 1377 ἀπὸ
2641 1322 2751 1377 τῶν
2793 1321 3038 1389 ἀγαθῶν,
3092 1315 3167 1375 ῶν
3228 1323 3358 1391 ἡμῖν
3417 1322 3732 1392 ἐδωρήσατο

2154 1414 2384 1484 Κύριος,
2418 1413 2656 1483 παραθῶ
2700 1411 2850 1481 αὑτῷ
2896 1411 3195 1481 τράπεζαν,
3236 1411 3331 1464 καὶ
3361 1411 3535 1465 ποτιῶ
3568 1411 3733 1466 αὐτὸν

2151 1501 2315 1569 οἰνον,
2346 1506 2426 1568 εἰς
2470 1503 2660 1575 μισθὸν
2695 1503 2982 1573 ἡμετέρων
3012 1501 3204 1572 ψυχῶν
3239 1518 3252 1532 ·
3306 1504 3402 1555 καὶ
3440 1502 3550 1573 γὰρ
3574 1502 3735 1556 τοῦτο

2155 1597 2319 1668 μόνον
2351 1597 2534 1666 εὑρεῖν
2559 1595 2757 1666 ἔχομεν
2789 1596 2848 1648 ἐν
2880 1597 2947 1665 τῇ
2986 1593 3234 1665 βασιλείᾳ
3256 1593 3365 1647 τῶν
3394 1594 3662 1664 οὐρανῶν.

2219 1684 2327 1752 νς’.
2363 1687 2424 1741 '0
2455 1686 2511 1740 δὲ
2541 1686 2726 1754 πατὴρ
2756 1683 2922 1739 αὑτοῦ
2953 1683 3140 1747 ἔνθους
3172 1683 3487 1752 γενόμενος,
3516 1682 3736 1751 εὐμενεῖ

2145 1782 2287 1837 αἰδοῖ
2314 1779 2413 1834 καὶ⁵
2440 1779 2773 1849 γλυκυτάτω
2794 1778 3068 1848 βὶέμματι
3095 1777 3327 1840 ἀπιδὼν,
3354 1774 3732 1844 καταφιλήσας

471 1874 580 1931 tus,
609 1876 664 1920 et
696 1866 891 1921 faciem
915 1868 1035 1938 ejus
1095 1869 1476 1926 suavissimam
1517 1871 1864 1929 deosculatus
1894 1889 1907 1926 ε
1946 1872 2054 1928 Un-

2156 1869 2323 1926 αὑτοῦ
2348 1868 2419 1924 τὰ
2440 1867 2755 1937 γλυκύτατα
2785 1867 3033 1937 ὄμματα,
3071 1866 3175 1936 ἔφη
3204 1880 3217 1892 ⁸
3256 1864 3442 1931 Μόρον
3469 1862 3564 1931 τῆς
3594 1862 3733 1932 ὲμῆς

467 1965 754 2024 guentum,
789 1957 987 2027 inquit,
1022 1959 1243 2025 animae,
1269 1971 1323 2016 et
1350 1962 1532 2017 lumen
1573 1965 1856 2020 oculorum
1895 1979 2045 2019 meo-

467 2064 613 2114 rum,
650 2049 744 2115 ﬂli,
808 2050 896 2104 illa
917 2066 1081 2119 super
1116 2068 1173 2107 re
1203 2067 1375 2109 meam
1399 2055 1689 2124 exquirere
1711 2056 2049 2112 voluntatem

467 2139 544 2194 nil
571 2156 710 2211 opus
744 2151 859 2197 erat
894 2159 909 2197 :
966 2143 1123 2209 vade,
1182 2152 1236 2199 et
1284 2160 1392 2215 quo
1419 2146 1604 2203 animo
1631 2147 1932 2203 collibitum
1960 2157 2054 2203 tuo

473 2240 581 2296 est,
646 2230 772 2299 fac;
825 2248 945 2289 mea
999 2236 1200 2306 quippe
1244 2237 1451 2299 omnia,
1483 2246 1573 2293 tua
1603 2248 1753 2293 sunt.
1788 2239 1889 2294 Cui
1924 2240 2054 2310 Epi-

468 2321 711 2393 phanius
749 2338 762 2375 :
805 2320 1062 2391 Omnino,
1106 2334 1259 2396 pater
1318 2325 1707 2395 dilectissime,
1780 2329 1852 2383 ita
1914 2345 2053 2400 opus

463 2414 590 2480 fuit;
632 2414 882 2485 quaedam
914 2416 1057 2470 enim
1082 2418 1316 2487 petenda
1368 2419 1503 2474 mihi
1544 2424 1693 2475 sunt
1721 2436 1735 2474 :
1769 2434 1894 2475 nam
1923 2422 2053 2475 scri-

463 2514 617 2575 ptum
647 2514 732 2561 est
757 2523 771 2561 :
794 2505 987 2572 Filius,
1028 2510 1122 2577 qui
1167 2511 1308 2579 patri
1345 2510 1491 2580 leges
1522 2512 1846 2581 prrescribit,
1881 2522 2055 2567 morte

470 2598 766 2664 morietur;
794 2607 849 2653 et
883 2608 1035 2669 patre
1066 2600 1228 2654 alicui
1282 2601 1360 2655 rei
1394 2602 1623 2663 intento.
1660 2617 1823 2657 omne
1870 2604 2054 2659 consi-

473 2687 606 2742 lium
658 2688 750 2742 lilii
777 2690 1152 2761 dissipabitur.
1215 2691 1425 2757 Quibus
1460 2692 1704 2759 auditis,
1759 2693 2055 2749 exsultavit

473 2780 675 2850 gaudio
732 2789 919 2850 pater,
974 2790 1199 2853 propter
1254 2784 1581 2854 sapientiam
1637 2795 1692 2839 ct
1750 2787 2054 2856 prudentes

470 2872 855 2939 responsiones
887 2873 981 2927 lilii
1022 2876 1107 2930 sui
1139 2876 1268 2947 :qui
1302 2892 1529 2947 pr0pere
1553 2877 1856 2933 accelerato
1883 2877 2051 2947 gradu

470 2962 743 3017 Andream
776 2964 1334 3035 insequens,domum
1367 2984 1539 3039 usque
1565 2982 1913 3039 progressum
1934 2978 2055 3023 tan-

470 3055 593 3109 dem
654 3066 938 3112 assecutus
976 3068 1059 3114 est
1088 3097 1103 3121 ,
1164 3061 1546 3130 prehensaque
1592 3076 1755 3115 manu
1784 3060 1926 3130 ejus,
1958 3061 2055 3116 do-

465 3146 616 3201 mum
672 3163 825 3202 suam
877 3149 1030 3203 illum
1078 3151 1317 3208 reduxit.
1348 3150 1597 3222 Cumque
1630 3152 1793 3206 simul
1829 3167 1894 3207 eo
1934 3167 2056 3223 per-

2155 1959 2334 2029 ψυχῆς
2391 1959 2485 2012 καὶ
2523 1956 2637 2026 φῶς
2686 1956 2793 2009 τῶν
2833 1955 3126 2025 ὀφθαλμῶν
3184 1971 3310 2022 μου,
3361 1952 3492 2021 περὶ
3537 1953 3734 2021 ταύτης

2153 2051 2255 2118 τῆς
2285 2048 2599 2111 ὑποθέσεως
2626 2048 2838 2118 ἐρωτᾷν
2889 2048 2964 2118 μὴ
3011 2046 3258 2118 ὀφείλῃς,
3290 2044 3495 2097 ἄπελθε
3529 2043 3622 2096 καὶ
3658 2044 3731 2105 ὼς

2155 2138 2400 2202 κελεύεις
2426 2139 2677 2205 ποίησον,
2717 2137 2786 2188 τὰ
2818 2136 2926 2205 γὰρ
2956 2136 3086 2205 ἐμὰ,
3124 2137 3192 2190 σά
3226 2136 3386 2189 εἰσιν.
3421 2135 3729 2203 Ἐπιίράνεος

2160 2228 2346 2284 εἶπενο
2383 2230 2493 2285 Ναὶ
2524 2230 2702 2301 πάτερ
2735 2246 2837 2300 μου
2870 2228 3224 2298 παμφίλτατε
3247 2267 3261 2291 ,
3310 2227 3449 2282 ἀλλά
3477 2243 3598 2279 τινα
3626 2226 3727 2295 έχω

2155 2322 2434 2393 ἐρωτῆσαι
2465 2336 2477 2349 ·
2520 2320 2836 2391 γέγραπται
2863 2319 2972 2390 γάρ
3000 2320 3135 2391 (76),
3174 2318 3302 2382 Υἱὸς
3344 2320 3514 2388 πατρὶ
3549 2318 3731 2371 δίκαια

2155 2412 2353 2479 λέγων,
2391 2410 2609 2481 θανάτῳ
2657 2409 3124 2480 θανατωθήσεται,
3166 2408 3263 2462 καὶ
3316 2408 3525 2473 πατρὸς
3561 2423 3733 2477 παρα-

2158 2503 2415 2572 τυχόντος
2476 2502 2583 2553 τινὶ
2643 2500 2973 2574 πράγματι,
3026 2501 3179 2553 πᾶσα
3239 2499 3369 2552 Υίοῦ
3437 2498 3738 2568 πρόϐλησις

2159 2596 2482 2665 ῥαγήσεται.
2517 2590 2698 2645 Τοῦτο
2728 2592 2970 2655 ἀκούσας
3001 2592 3028 2644 ό
3066 2590 3253 2661 πατὴρ
3286 2588 3477 2653 αὑτοῦ,
3507 2585 3737 2656 εὐφραί-

2156 2702 2302 2740 νεται
2338 2685 2429 2739 ἐπὶ
2466 2685 2534 2753 τῇ
2574 2682 2810 2749 συνέσει,
2856 2684 2953 2736 καὶ
2979 2686 3100 2746 ταῖς
3155 2682 3515 2752 ἀποκρίσεσιν
3546 2677 3732 2734 αὑτοῦ.

2168 2779 2227 2833 ὐ
2259 2778 2316 2832 δὲ
2354 2777 2551 2848 σεμνὸς
2598 2778 2919 2846 Ἐπιφάνιος
2961 2779 3202 2848 ταχινοῖς
3232 2776 3357 2830 ποσὶ
3391 2772 3736 2839 καταδιώξας

2156 2871 2248 2924 τὸν
2276 2869 2487 2933 Ὄσιον,
2525 2867 2806 2936 πέφθακεν
2837 2868 3000 2922 αὑτὸν
3034 2867 3184 2922 ἔνδον
3215 2866 3310 2920 τοῦ
3350 2866 3501 2918 οἴκου
3546 2864 3737 2930 αὑτοῦ,

2157 2964 2252 3017 καὶ
2281 2958 2416 3034 ἦλθε
2442 2961 2842 3034 χειροκρατῶν,
2878 2962 2973 3015 καὶ
3009 2961 3145 3032 πρὸς
3172 2963 3243 3015 τὰ
3282 2961 3389 3014 ἴδια
3430 2960 3742 3033 προτρεπό-

2160 3072 2323 3125 μενος
2350 3072 2364 3086 ³
2399 3056 2493 3109 καὶ
2517 3056 2581 3126 δὴ
2609 3054 2688 3125 τῷ
2713 3053 2920 3107 πυλῶνι
2953 3055 3322 3121 ὲγγισάντων,
3366 3055 3464 3107 καὶ
3509 3053 3609 3105 τοῦ
3638 3069 3741 3104 πα·

2157 3146 2285 3215 τρδς
2327 3144 2495 3198 αὑτοῦ
2541 3147 2723 3197 ἐκεῖσε
2752 3144 2828 3217 μὴ
2850 3146 3191 3213 εὑρεθέντος,
3228 3146 3256 3198 ὁ
3306 3144 3583 3215 μακάριος
3624 3144 3747 3195 ‘Av-

465 3239 767 3302 venissent,
789 3254 894 3292 non
933 3240 1152 3294 invento
1188 3241 1298 3295 illic
1318 3250 1469 3310 patre
1502 3221 1819 3311 Epiphanii,
1850 3221 2054 3298 intrare

2158 3238 2318 3309 δρέας
2351 3239 2409 3291 ἐν
2438 3239 2515 3306 τῷ
2546 3237 2753 3293 πυλῶνι
2782 3240 2882 3293 οὑκ
2927 3238 3203 3309 εἰσῆλθεν,
3255 3238 3454 3302 ἔξωθεν
3486 3236 3556 3289 δὲ
3600 3235 3752 3291 καθί-

468 3330 667 3384 ostium
705 3332 977 3385 recusavit
1008 3332 1278 3398 Andreas,
1310 3332 1557 3402 forisque
1582 3333 1829 3387 consedit
1854 3350 1867 3385 :
1890 3349 2049 3402 quem

466 3421 635 3476 vicini
680 3424 1029 3493 viatoresque
1059 3426 1380 3495 conspicati,
1415 3427 1680 3480 nudatum
1739 3427 1979 3480 vestibus
2002 3435 2055 3482 et

470 3511 858 3579 insanientem,
898 3513 1211 3569 conﬂuxere
1264 3530 1459 3586 magno
1508 3530 1736 3570 numero
1769 3534 1782 3569 :
1821 3515 1942 3569 aliis
1973 3514 2056 3568 in-

470 3602 898 3672 gemiscentibus
932 3615 986 3660 ct
1025 3606 1405 3661 incusantibus
1433 3604 1691 3661 Satanam
1715 3648 1730 3670 ,
1780 3607 1925 3677 quod
1962 3605 2055 3660 tali

473 3696 640 3750 modo
676 3697 950 3752 hominem
990 3698 1154 3754 rebus
1175 3697 1430 3753 omnibus
1487 3698 1779 3768 spoliatum
1824 3697 2058 3755 confun-

469 3787 659 3856 deret,
686 3789 809 3844 aliis
841 3789 1231 3860 elargientibus
1263 3790 1505 3855 obolum,
1545 3790 1668 3845 aliis
1714 3789 1897 3843 vinum
1930 3804 2058 3859 pro-

468 3878 807 3947 pinantibus.
849 3883 918 3935 At
962 3880 1053 3935 ille
1103 3880 1339 3936 instituti
1401 3880 1485 3936 sui
1550 3891 1734 3945 tenax,
1765 3895 1795 3934 a
1837 3880 2058 3935 nemine

471 3969 751 4039 quidpiam
795 3970 1129 4041 recipiebat,
1166 3972 1259 4027 sed
1292 3981 1518 4027 cunctos
1570 3986 1601 4026 a
1652 3986 1712 4028 se
1762 3971 2055 4042 repellens,

468 4070 575 4130 pro
594 4059 804 4117 foribus
827 4062 1024 4119 aedium
1065 4063 1382 4119 cousidehat
1411 4064 1589 4118 humi.

2164 3346 2300 3391 σας·
2357 3330 2408 3382 οἰ
2474 3329 2568 3382 οὖν
2629 3331 2975 3400 γειτνιῶντες
3026 3330 3105 3402 τῷ
3174 3330 3479 3400 Ἐπιφανίῳ
3550 3330 3644 3382 καὶ
3700 3328 3749 3380 οἱ

2163 3421 2477 3492 παροδίται,
2513 3421 2809 3491 βλέποντες
2836 3423 3126 3493 ἄνθρωπον
3157 3420 3615 3492 γεγυμνωμένον,
3654 3421 3747 3474 καὶ

2161 3516 2721 3585 παρατετραμμένον,
2750 3514 3169 3586 συνηθροίζοντο
3189 3514 3327 3585 πρὸς
3363 3514 3551 3580 αὑτὸν,
3574 3514 3669 3566 καὶ
3697 3513 3747 3565 οἰ

2164 3607 2264 3677 μὲν
2306 3607 2635 3676 στεναγμοῖς
2687 3605 2942 3677 ᾤμωζον,
2989 3606 3068 3677 τῷ
3118 3606 3350 3675 διαϐόλῳ
3382 3605 3477 3658 καὶ
3511 3604 3592 3675 τῷ
3638 3604 3747 3656 Σα-

2158 3699 2297 3770 τανᾷ
2350 3699 2757 3771 καταρώμενοι,
2800 3702 2882 3755 ὅτι
2932 3700 3252 3771 τηλικοῦτον
3300 3699 3471 3768 ἄνδρα
3542 3698 3745 3767 πορθή·

2159 3808 2257 3854 σας
2296 3792 2408 3864 (77)
2444 3795 2784 3865 κατῄσχυνεν
2808 3810 2822 3825 ·
2856 3796 2906 3849 οἰ
2947 3796 3005 3850 δὲ
3038 3795 3262 3858 ὀϐολοὺς
3304 3792 3454 3864 αὑτῷ
3510 3792 3740 3853 ἐδίδουν,

2155 3884 2205 3936 οἱ
2229 3883 2286 3935 δὲ
2318 3878 2483 3940 οἶνον.
2509 3887 2682 3951 Αὐτὸς
2704 3887 2761 3940 δὲ
2786 3888 2865 3960 τῷ
2893 3889 3009 3959 ἰδίῳ
3030 3887 3143 3943 ἔθει
3166 3888 3573 3959 κρατούμενος,
3608 3883 3740 3953 παρ’

2157 3976 2375 4041 οὐδενός
2407 3995 2459 4030 τι
2507 3979 2823 4048 ἐκομίζετο,
2877 3982 3086 4044 πάντας
3134 3979 3605 4051 ἀποκρουόμενοῖ,
3636 3975 3744 4046 πρὸ

2158 4065 2254 4119 τοῦ
2284 4066 2532 4131 πυλῶνος
2563 4069 2934 4140 καθεζόμενος
2964 4070 3161 4141 χαμαί.

1891 4228 2121 4285 CAPUT
2159 4229 2297 4286 Vill.

615 4361 829 4414 Arcana
855 4361 1092 4413 cordium
1126 4358 1349 4413 Andreae
1388 4361 1614 4414 revelata
1669 4378 1849 4417 coram
1877 4365 2171 4448 Epiphanio
2204 4370 2420 4440 ejusque
2474 4374 2717 4442 (uncatis,
2749 4383 2795 4425 et
2842 4371 2935 4425 uni
2968 4372 3157 4425 horum
3190 4371 3427 4425 indicata
3449 4371 3599 4426 illius

1492 4446 1495 4449 '
1959 4446 2237 4493 sanctitas.

541 4601 636 4657 57.
703 4599 915 4654 Interea
988 4599 1138 4655 adest
1194 4600 1513 4655 adolescens
1580 4602 1824 4671 quidam,
1858 4611 2135 4673 natural)

473 4695 784 4757 eunuchus,
819 4693 1090 4762 magnatis
1130 4692 1364 4762 alicujus
1406 4694 1799 4751 cubicularius.
1856 4693 2056 4751 Vultus

472 4788 524 4842 ei
575 4785 804 4841 rubebat
847 4784 1035 4839 colore
1100 4799 1277 4851 roseo,
1325 4784 1592 4850 candebat
1647 4800 1847 4857 corpus
1877 4788 2057 4852 niveo,

471 4886 590 4934 erat
616 4878 827 4948 species
856 4876 1076 4940 decora,
1107 4876 1285 4945 capilli
1309 4874 1458 4941 ﬂavi,
1500 4876 1754 4931 mollities
1792 4892 1901 4931 non
1934 4877 2056 4931 vul-

471 4970 657 5041 garis;
716 4970 947 5023 multum
1015 4968 1232 5023 eminus
1284 4983 1506 5038 quoque
1568 4983 1816 5024 muscum
1849 4968 2048 5033 olebat,

471 5060 731 5116 mollibus
766 5061 992 5114 indutus
1054 5058 1415 5115 vestimentis.
1473 5058 1613 5126 Quia
1649 5074 1777 5115 vero
1805 5075 1905 5130 par
1934 5069 2052 5115 erat

473 5150 778 5219 Epiphanio
808 5159 988 5214 aetate,
1019 5157 1073 5205 et
1096 5150 1373 5207 domicilio
1401 5151 1647 5215 vicinus,
1673 5159 1865 5207 mutuo
1912 5152 2051 5207 inter

471 5255 591 5296 sese
647 5254 836 5295 amore
868 5242 1363 5312 prosequebantur.
1418 5242 1660 5298 Habebat
1686 5257 1853 5313 porro
1877 5261 2051 5300 eunu-

469 5334 609 5387 chus
644 5331 733 5387 ille
755 5347 921 5401 penes
950 5348 1007 5387 se
1030 5333 1300 5403 dactylos,
1336 5334 1721 5390 instarlicuum
1746 5337 2048 5402 aridarum,

471 5425 694 5482 circiter
760 5424 981 5496 triginta
1050 5439 1325 5481 numero:
1361 5435 1415 5482 et
1463 5427 1636 5497 oculis
1696 5429 1750 5483 in
1798 5436 2051 5484 Sanctum

469 5518 669 5577 vestitu
726 5519 1047 5576 destitutum
1098 5518 1418 5586 conversis,
1475 5522 1706 5577 horrore
1771 5522 2055 5592 perculsus

544 5678 657 5750 (76)
689 5676 765 5731 lta
820 5688 1086 5735 consonat
1142 5690 1431 5750 utrumque
1453 5696 1558 5737 ms.
1586 5680 1686 5737 Ubi
1720 5697 1850 5737 vero
1878 5681 1931 5736 id
1966 5681 2041 5736 le-

470 5749 871 5866 ﬁuzrguctor,
908 5750 1025 5818 ipse
1088 5750 1284 5806 viderit
1322 5749 1467 5807 :non
1528 5763 1709 5820 putem
1770 5754 1821 5806 in
1867 5755 2040 5808 sacris

2225 4607 2324 4673 νζ¹.
2354 4609 2616 4679 Ἔρχεται
2637 4626 2719 4672 τις
2743 4608 3045 4670 νεανίσκος,
3069 4610 3134 4677 τῇ
3161 4606 3318 4674 φύσει
3344 4606 3620 4679 εὐνοῦχος,
3650 4625 3750 4679 με-

2154 4696 2415 4765 γιστάνου
2449 4697 2595 4759 τινὸς
2628 4698 2917 4769 τυγχάνων
2953 4696 3395 4768 κουδικουλάριος
3428 4714 3442 4728 ο
3492 4694 3561 4767 ἦν
3594 4698 3650 4753 δὲ
3685 4699 3747 4753 τὸ

2160 4788 2459 4859 πρόσωπον
2486 4787 2655 4843 αὑτοῦ
2687 4787 2763 4849 ὡς
2780 4786 2839 4840 τὸ
2869 4786 3044 4857 ῥόδον,
3074 4784 3169 4838 καί
3198 4785 3391 4848 λευκὸς
3424 4786 3503 4854 τῷ
3527 4784 3743 4855 σώματι

2158 4880 2236 4944 ὡς
2269 4881 2423 4951 χιὼν,
2454 4880 3017 4950 εὑειδὴς,ὲπίξανθος,
3047 4876 3308 4948 βλακείαν
3337 4879 3396 4931 οὐ
3428 4879 3529 4948 τὴν
3550 4878 3745 4948 τυχοῦ-

2158 4988 2260 5026 σαν
2291 4974 2654 5045 κεκτημένος,
2687 4972 2887 5043 μόσχου
2916 4970 3155 5042 μήκοθεν
3186 4970 3426 5036 ἀπόζων,
3463 4969 3744 5041 μαλακοὺς

2157 5066 2631 5137 περιϐεϐλημένος
2673 5065 2944 5136 χιτῶνας·
2985 5063 3073 5117 διὰ
3105 5062 3164 5117 δὲ
3188 5064 3249 5115 τὸ
3279 5057 3420 5116 εῖναι
3462 5062 3554 5117 τὸν
3593 5063 3741 5115 Ἐπι-

2159 5158 2350 5225 φάνιον
2385 5157 2730 5229 συνομήλικα
2789 5156 2956 5211 αὑτοῦ
2997 5156 3092 5210 καὶ
3141 5157 3492 5225 γειτνιάζειν,
3532 5155 3736 5225 μεταξὺ

2158 5250 2408 5321 ἀλλήλων
2440 5246 2509 5320 ἦν
2538 5249 2733 5320 ἀγάπη
2767 5246 2961 5319 πολλή.
2998 5249 3268 5319 Κατεῖχεν
3293 5247 3384 5302 οὖν
3413 5250 3440 5301 ὁ
3469 5245 3738 5316 Εὐνοῦχος

2156 5343 2368 5403 ἐκεῖνος
2419 5340 2670 5410 φοίνικας
2709 5338 2962 5409 καθάπερ
3012 5338 3237 5408 ἰσχάδας
3278 5339 3357 5402 ὡς
3400 5337 3734 5408 τριάκοντα*

2156 5433 2493 5501 θεασάμενος
2514 5431 2612 5486 οὖν
2637 5432 2728 5486 τὸν
2749 5432 2935 5486 Ὀσιον
2960 5430 3387 5501 γεγυμνωμένον
3402 5429 3479 5500 τῷ
3501 5428 3733 5498 σώματι,

2155 5526 2255 5580 καὶ
2279 5524 2357 5595 τῷ
2383 5524 2493 5578 δέει
2526 5523 2762 5587 ϐληθεὶς,
2784 5522 2843 5577 τὺ
2873 5523 3107 5593 πρᾶγμα
3134 5521 3423 5587 ἐξενίζετο.
3463 5521 3559 5575 καὶ
3595 5520 3732 5573 ἐπτι-

2217 5686 2455 5755 (77)Ms.
2496 5686 2669 5744 Vatic.
2712 5686 3054 5758 peregrinam
3122 5671 3210 5740 hic
3256 5684 3491 5741 habebat
3546 5689 3725 5737 vocem

2148 5759 2542 5828 πανερέφυνεν.
