4148 6408
391 523 540 595 ρώτα
571 520 664 574 τὸν
702 516 1025 587 Ἑπιφᾶνιον
1065 515 1242 584 λέγων
1277 531 1290 546 ·
1339 509 1565 566 Φίλτατέ
1602 525 1703 578 μου

389 615 668 686 ποθημένε
729 613 1042 682 Ἐπιφάνιε,
1092 611 1176 675 τίς
1209 609 1321 680 ἄρα
1365 601 1522 670 οὗτός
1570 607 1718 658 ἐστιν
1759 618 1773 666 ;
1828 601 1977 664 τινος

391 708 556 779 χάριν
589 704 831 775 παράγει
881 702 1111 774 γυμνὸς,
1156 701 1362 770 κρύους
1408 697 1687 767 ἀφορήτου
1735 694 1830 747 καὶ
1863 709 1976 762 χειν

393 800 574 868 μῶνος
608 796 946 867 ὑπάρχοντος
971 833 985 857 ,
1040 793 1136 847 κα)⁵
1168 793 1360 859 ὥσπερ
1389 791 1438 843 oi
1488 790 1545 843 ὲν
1581 787 1828 858 θαλάσσῃ
1865 801 1982 838 κιν-

388 888 732 953 δυνεύοντες,
774 886 950 950 οὕτως
988 885 1332 954 καθέστηκεν
1363 899 1378 948 ;
1425 879 1744 950 Ἐπιφάνιος
1772 873 1930 931 εἶπεν
1962 892 1978 910 ο

391 979 707 1035 Γλυκύτατέ
744 995 846 1049 μου
877 976 1098 1046 ἀδελφὲ,
1139 977 1194 1026 τί
1249 991 1329 1027 σοι
1363 973 1474 1044 ἔχω
1509 974 1686 1027 εἰπεῖν
1710 971 1852 1040 ὑπὲρ
1882 966 1980 1022 τοῦ

397 1074 752 1143 φαινομένου,
785 1072 887 1126 οὐκ
916 1071 1214 1142 ἐπίσταμαι
1239 1087 1252 1101 ·
1278 1068 1465 1139 ἐπειδὴ
1495 1061 1916 1138 ῂχμαλώτευται
1948 1061 1982 1131 ἠ

397 1163 604 1218 διάνοια
667 1161 834 1215 αὑτοῦ
889 1161 995 1215 ὑπὸ
1041 1160 1134 1214 τοῦ
1185 1161 1535 1228 πνεύματος,
1581 1155 1676 1210 καὶ
1731 1153 1986 1224 περιάγει

403 1252 792 1323 παρατραπεὶς
825 1254 946 1315 ταῖς
980 1253 1176 1322 φρεσὶν
1213 1251 1406 1321 ὥσπερ
1438 1249 1725 1321 πασχικῶς
1776 1265 1984 1319 πεφυρ-

404 1345 564 1414 μένος
589 1361 604 1378 ο
648 1344 852 1409 πάντες
883 1345 938 1398 δὲ
973 1346 1021 1399 oi
1050 1344 1277 1398 τοιοῦτοι
1305 1344 1692 1416 διαρῤἠσουσιν
1723 1343 1821 1406 τὰς
1855 1343 1986 1396 ἐαυ-

404 1435 516 1488 τῶν
542 1436 796 1506 χιτῶνας.
840 1437 933 1489 καὶ
985 1433 1445 1505 ἀναισθητοῦντες
1474 1433 1778 1506 τρέχουσιν.
1817 1433 1989 1488 Aelii-

401 1530 575 1600 ληκεν
606 1529 663 1583 δὲ
698 1529 874 1593 τοῦτο,
919 1528 992 1600 μὴ
1038 1527 1362 1599 βουλόμενος
1395 1528 1700 1599 ἐκκαλύψαι
1727 1527 1827 1597 τὴν
1861 1528 1992 1598 ἀρε-

405 1621 505 1691 τὴν
534 1621 627 1674 τοῦ
669 1621 871 1675 Ὀσίου.
895 1620 1082 1674 Ταῦτα
1135 1621 1378 1685 ἀκούσας
1430 1622 1638 1682 ἐκεῖνος
1691 1620 1988 1692 ἡσύχαζεν,

409 1713 505 1765 καὶ
535 1710 726 1781 ὥσπερ
778 1711 986 1782 πένητα
1034 1711 1312 1782 οἰκτείρας
1355 1710 1420 1774 ἃς
1461 1713 1710 1780 κατεῖχεν
1743 1710 1992 1777 φοίνικας

406 1803 578 1857 ἐδίδου
606 1803 686 1873 τῷ
716 1804 990 1874 Μακαρίῳ
1016 1804 1195 1872 λέγων
1219 1820 1234 1836 ο
1257 1803 1417 1869 Δέξαι
1447 1803 1583 1866 τέως
1610 1802 1805 1866 ταῦτα,
1840 1803 1992 1854 ὲπει-

408 1896 471 1967 δὴ
506 1895 741 1948 ἐνταῦθα
772 1895 928 1949 οὐδὲν
960 1895 1149 1967 ἕτερον
1180 1897 1402 1967 ἔχομεν.
1435 1896 1496 1948 Ὀ
1533 1893 1590 1948 δὲ
1639 1894 1829 1956 "Orio;
1867 1910 1988 1945 νοεο

417 1987 538 2055 pob;
563 1986 879 2056 ὀφθαλμοὺς
908 1987 1273 2060 κεκτημένος,
1310 1987 1450 2056 ἔγνω
1483 1986 1550 2042 τὰ
1594 1985 1733 2056 ἔργα
1763 1985 1862 2054 τῆς
1887 1983 1992 2054 duo

413 2075 514 2146 κῆς
537 2077 728 2143 αὑτοῦ,
755 2078 849 2133 καὶ
879 2079 1128 2150 βλοσυρῷ
1150 2079 1228 2150 τῷ
1257 2081 1466 2150 ὄμματι
1490 2077 1699 2134 ἀπιδὼν
1723 2080 1801 2142 εἰς
1832 2077 1995 2130 αὑτὸν

410 2169 515 2240 ἔφη
553 2186 568 2201 ⁸
618 2170 801 2241 Δῶρον
833 2173 1170 2241 κωλοφονίας
1227 2175 1277 2226 oi
1322 2173 1478 2226 σαλοὶ
1535 2172 1639 2226 οὐκ
1700 2170 1995 2224 ἐσθίουσιν.

424 2261 724 2330 ’Λγνοήσας
753 2261 846 2316 οὖν
878 2265 1084 2328 ἐκεῖνος
1112 2265 1172 2318 τὸ
1198 2265 1389 2336 λεχθὲν
1413 2263 1580 2335 αὐτῷ,
1618 2263 1721 2334 ἔφη
1749 2279 1764 2293 °
1804 2263 1990 2330 Παρα-

419 2354 768 2426 τετραμμένε
795 2355 882 2408 ἐπ’
928 2355 1210 2426 ἀληθείας,
1254 2357 1503 2425 φοίνικας
1543 2355 1780 2426 βλέπων,
1823 2351 1998 2406 κωλο-

417 2447 604 2516 φονίας
633 2447 782 2502 δοκεῖ
815 2465 897 2502 σοι
925 2447 1098 2503 ταῦτα
1136 2445 1301 2502 εἶναι.

493 2643 597 2706 νη’.
624 2637 784 2705 Λέγει
812 2634 958 2706 αὐτῷ
986 2635 1014 2688 6
1047 2633 1334 2704 Μακάριος
1355 2649 1372 2666 ο
1404 2631 1577 2699 Δὸλιε,
1609 2633 1812 2687 ἄπελθε
1847 2636 1906 2687 ἐν
1934 2633 2012 2706 τῷ

420 2731 641 2786 κοιτῶνι
661 2729 752 2782 τοῦ
777 2728 996 2796 κυρίου,
1019 2727 1112 2781 καὶ
1133 2726 1368 2796 ἐργάζου
1399 2724 1518 2797 μετ’
1535 2724 1702 2779 αὐτοῦ
1723 2726 1822 2797 τὴν
1845 2727 2010 2780 ἀσθέ-

419 2836 568 2874 νειαν
588 2819 698 2872 τῶν
729 2820 1058 2889 Σοδομιτῶν,
1112 2819 1208 2874 καὶ
1241 2819 1497 2874 ἐπιδώσει
1547 2837 1631 2874 σοι
1673 2822 1770 2874 καὶ
1807 2819 2002 2891 ἑτέρας

420 2910 674 2979 φοίνικας
700 2928 716 2943 ο
749 2911 1088 2980 ταλαίπωρε,
1107 2913 1135 2965 6
1175 2911 1251 2984 μὴ
1283 2910 1498 2980 βλέπων
1523 2910 1622 2974 τὰς
1651 2910 1878 2972 ἀκτῖνας
1903 2909 2003 2979 τῆς

420 3001 530 3054 τῶν
557 3002 806 3072 οὐρανῶν
844 3001 1148 3073 βασιλείας,
1176 3005 1204 3056 6
1237 3003 1313 3075 μὴ
1351 3001 1475 3056 ίδὼν
1510 3002 1611 3071 τῆς
1645 3001 1872 3072 γεέννης
1904 3002 2003 3072 τὴν

422 3094 727 3164 ἀγριότητα
760 3093 860 3166 τὴν
899 3095 1237 3166 δριμυτάτην
1260 3135 1276 3159 ,
1332 3093 1460 3148 οὔτε
1510 3095 1612 3148 κᾶν
1645 3095 1738 3147 τὸν
1775 3092 2004 3163 ἄγγελον

423 3187 654 3258 αἰσχύνῃ
678 3188 770 3241 τὸν
796 3187 1051 3258 καθάπερ
1090 3186 1410 3259 Χριστιανῷ
1444 3185 1842 3240 ἁκολουθοῦντά
1897 3200 2002 3237 σοι.

423 3278 490 3332 Τί
517 3296 599 3333 σοι
632 3280 742 3333 δέει
781 3281 1058 3350 γενέσθαι,
1087 3281 1390 3352 ἀκάθαρτε,
1429 3281 1484 3332 ὲν
1503 3281 1622 3342 ταῖς
1651 3277 1877 3348 γωνίαις
1902 3292 2007 3329 πα-

427 3373 698 3444 ρεδρεύων
729 3373 794 3427 τὰ
839 3373 914 3446 μὴ
957 3373 1146 3428 δέοντα
1189 3372 1589 3446 ἐργαζόμενος,
1631 3370 1774 3441 ἅπερ
1799 3369 1920 3423 οὐδὲ
1957 3369 2006 3420 oi

425 3465 608 3530 κύνες,
633 3465 776 3536 άπερ
799 3465 868 3520 τὰ
901 3467 1108 3536 ἑρπετὰ
1140 3470 1234 3519 καὶ
1259 3465 1432 3535 ὄφεις,
1465 3465 1609 3535 ἅπερ
1633 3462 1753 3516 οὐδὲ
1796 3463 1847 3515 οί
1896 3462 2010 3531 χοῖ-

431 3576 512 3628 ροι
545 3560 808 3629 πράττειν
831 3562 931 3613 οὐκ
965 3562 1144 3614 ῐσασιν
1174 3573 1189 3590 ο
1228 3558 1394 3612 πόθεν
1429 3558 1716 3627 κατάρατε
1755 3554 2010 3625 μεμαθη-

427 3652 538 3715 κὼς
583 3653 756 3708 ταῦτα
805 3651 1176 3723 κατεργάζει;
1211 3652 1346 3706 Οὐαὶ
1386 3653 1450 3722 τῇ
1498 3653 1563 3722 σῇ
1604 3650 1838 3718 νεότητι,
1876 3649 1944 3719 ἢν
1983 3648 2010 3700 6

429 3745 674 3807 Σατανᾶς
719 3742 1098 3815 παρατρώσας
1154 3745 1236 3807 εἰς
1302 3742 1830 3812 φοδερδνπυθμένα
1878 3740 2008 3812 ᾅδου

431 3837 770 3910 σφοδροτάτῃ
798 3839 906 3890 τινὶ
932 3839 1026 3890 καὶ
1058 3835 1272 3906 ἀπείρῳ
1322 3836 1608 3905 ίταμότητι
1639 3835 2013 3904 κατεκρήμνιο

433 3946 546 3983 σεν.
588 3927 730 3998 Ὅρα
772 3927 865 3982 καί
907 3928 983 3999 μὴ
1034 3927 1370 3999 πορρωτέρω
1411 3925 1674 3995 πρόϐαινε
1712 3923 1845 3995 (79),
1883 3923 1903 3996 |_
1935 3922 2010 3995 μή

435 4036 566 4073 ποτε
605 4019 835 4081 δικαίως
870 4017 1120 4090 θεηλάτῳ
1155 4019 1290 4089 πυρὶ
1317 4016 1727 4081 καταναλωθεὶς
1759 4014 2012 4084 πρόωρον

432 4110 779 4182 ἀφαρπάζων
802 4128 895 4164 σου
924 4111 1026 4182 τὴν
1057 4111 1308 4182 νεότητα,
1343 4113 1439 4164 καὶ
1484 4108 1724 4162 ἐνταῦθα
1758 4107 1858 4180 μὲν
1907 4124 2017 4160 τοι-

433 4207 576 4277 ούτῳ
608 4205 888 4277 πρηστῆρι
910 4204 951 4278 ],
987 4207 1195 4260 ἐκεῖθεν
1233 4205 1291 4258 δὲ
1336 4205 1566 4275 γεέννης
1621 4203 1758 4274 πυρὶ
1801 4201 2017 4274 λυγρῶς

433 4297 800 4352 ὁλοκαυτώσει
829 4315 911 4353 σε.
940 4297 1124 4351 Ταῦτα
1164 4298 1403 4362 ἀκούσας
1424 4298 1629 4359 ἐκεῖνος
1661 4294 1901 4367 ἔφριξεν,
1940 4295 2017 4358 ὡς

435 4392 546 4462 πῦρ
559 4391 798 4461 γεγονὼς
828 4393 1121 4460 πρόσωπον
1139 4390 1326 4456 αὑτοῦ,
1353 4391 1446 4444 καὶ
1467 4389 1711 4461 ᾐσχύνθη
1747 4387 2017 4460 μεγάλωςο

437 4481 715 4555 λΧέγειοῦν
765 4485 1086 4553 Ἐπιφάνιος
1141 4484 1280 4556 πρὸς
1314 4483 1514 4539 αὐτόν’
1553 4482 1618 4536 Τί
1652 4499 1734 4536 σοι
1779 4483 2016 4551 ἐγένετο,

1555 391 1739 454 VITA
1782 387 1848 448 S.
1885 378 2220 444 ANDREAI
2259 374 2452 437 SALI.

1745 506 1841 559 καὶ
1880 519 1977 554 περ
2009 505 2052 560 Α
2083 503 2136 548 et
2171 488 2456 548 insolentis
2481 487 2558 543 rei
2588 485 2882 541 novitatem
2913 489 3164 542 miratus,
3206 478 3666 548 percunctabatur

3551 356 3664 421 6ος

2081 584 2442 656 Epiphaniam
2475 581 2580 636 hoc
2625 577 2830 634 modo":
2865 572 3224 629 Dilectissime
3266 569 3669 624 desideratiss-

2082 693 2278 747 meque
2312 674 2606 745 Epiphani,
2641 669 2772 740 quid
2803 667 2981 723 istboc
3013 666 3229 721 tandem
3271 671 3356 716 est
3387 660 3669 714 hominis?

2083 767 2440 840 quamobrem
2492 765 2673 820 nudus
2727 760 2989 832 procedit,
3024 758 3226 827 frigore
3264 753 3560 824 przcsertiiu
3589 753 3670 804 in-

2082 859 2349 918 tolerabili
2387 867 2442 914 et
2467 863 2788 927 tempestate
2815 851 3171 910 saevientibus
3203 849 3227 902 τ’
3273 845 3492 901 Nullum
3527 844 3667 896 inter

2083 955 2263 1020 ipsum
2295 959 2348 1006 et
2373 965 2456 1020 pet
2471 947 2739 1002 iclitantes
2769 946 2819 999 in
2855 943 2994 998 mari
3024 941 3317 998 discrimen
3363 937 3668 993 intercedit.

2085 1043 2182 1100 Cui
2242 1039 2577 1112 Epiphanius
2612 1035 3072 1093 :Jucuudissinte
3125 1022 3312 1094 frater,
3382 1029 3512 1100 quid
3576 1028 3672 1082 tibi

2085 1150 2252 1207 super
2279 1135 2387 1201 bis,
2411 1147 2532 1202 quae
2557 1129 2731 1187 oculis
2759 1136 2961 1199 patent,
3004 1125 3210 1188 dicam,
3245 1121 3496 1200 equidem
3523 1120 3676 1189 igno-

2088 1243 2182 1282 ro:
2209 1225 2516 1296 exagitante
2543 1196 2778 1276 mentem
2811 1219 2958 1274 illius
2975 1216 3168 1287 spiritu
3190 1253 3204 1276 ,
3234 1196 3463 1280 cam-que
3481 1226 3511 1264 a
3541 1210 3671 1264 sede

2087 1334 2188 1374 sua
2240 1315 2548 1387 dejiciente,
2602 1319 2828 1384 vagatur
2853 1325 2962 1366 non
2991 1308 3150 1363 aliter
3197 1319 3359 1374 quam
3424 1303 3676 1356 insessus

2089 1426 2120 1466 a
2178 1409 2465 1465 daemone:
2502 1405 2755 1461 homines
2832 1411 3013 1457 autem
3072 1396 3382 1454 istiusmodi
3439 1396 3678 1449 lacerare

2091 1501 2414 1558 vestimenta
2456 1512 2581 1562 sua,
2639 1505 2694 1551 et
2744 1494 2950 1563 absque
2982 1491 3186 1562 pudore
3225 1497 3320 1543 aut
3350 1485 3676 1541 verecundia

2091 1594 2359 1652 cursitare
2410 1591 2607 1648 solent.
2638 1587 2716 1644 lta
2773 1584 3138 1656 Epiphanius,
3195 1591 3254 1635 ut
3314 1588 3381 1634 ne
3424 1577 3675 1630 virtutem

2095 1688 2196 1743 viri
2249 1685 2424 1742 sancti
2485 1683 2542 1738 in
2604 1682 2780 1736 lucem
2832 1673 3374 1748 prol‘erret;quibus
3408 1669 3682 1740 acquievit

2095 1776 2418 1836 eunuchus.
2469 1775 2837 1841 miscrtusque
2883 1767 3159 1830 Andreae,
3237 1764 3317 1820 uti
3385 1762 3678 1832 pauperis.

2099 1867 2344 1940 porrexit
2378 1879 2518 1935 quos
2555 1862 2791 1918 habebat
2825 1859 3094 1930 dactylos,
3119 1857 3208 1914 his
3237 1851 3436 1908 additis
3467 1849 3679 1904 verbis:

2097 1963 2234 2021 Cum
2260 1959 2410 2016 aliud
2466 1958 2599 2012 mihi
2632 1955 2796 2010 modo
2829 1953 2882 2006 in
2917 1955 3168 2020 promptu
3228 1961 3333 2000 non
3377 1945 3470 2008 sit,
3499 1941 3683 2010 accipe

2100 2055 2235 2110 lure.
2267 2053 2335 2107 At
2399 2050 2656 2110 Sanctus.
2722 2047 2925 2101 mentis
2980 2041 3156 2097 oculis
3180 2038 3440 2093 interiora
3502 2033 3685 2088 cordis

2097 2148 2243 2204 illius
2275 2144 2597 2215 pervadens,
2633 2149 2899 2209 torvoque
2931 2136 2985 2191 in
3013 2133 3288 2189 hominem
3321 2129 3468 2184 vultu
3521 2125 3685 2180 intui-

2099 2253 2227 2296 tus:
2258 2237 2438 2304 Ficos,
2483 2234 2681 2304 inquit,
2730 2245 2837 2286 non
2899 2224 3192 2282 comedunt
3251 2219 3451 2277 insani.
3513 2217 3686 2286 Cujus

2099 2331 2229 2388 dicti
2283 2328 2556 2398 encrgiam
2595 2342 2702 2382 non
2763 2329 3050 2378 assecutus
3088 2317 3223 2371 alter
3255 2313 3368 2385 (78)
3400 2326 3414 2362 :
3457 2310 3684 2371 ltevcra,

2103 2423 2303 2493 inquit,
2356 2422 2585 2476 insanus
2615 2433 2694 2482 cs,
2721 2415 2814 2487 qui
2844 2429 2968 2470 cum
2995 2409 3244 2482 dactylos
3289 2405 3466 2467 vides,
3504 2401 3688 2455 videre

2103 2528 2155 2573 te
2186 2517 2321 2573 lices
2347 2513 2651 2570 arbitraris.

2179 2656 2268 2711 58.
2297 2655 2435 2709 Tum
2471 2653 2534 2706 Β.
2570 2649 2814 2706 Andreas
2844 2667 2858 2703 :
2890 2644 3206 2717 Versipellis
3226 2685 3240 2708 ,
3273 2657 3441 2713 apage
3472 2641 3598 2695 hinc
3622 2637 3690 2694 ad

2105 2748 2362 2806 conclave
2414 2744 2620 2801 domini
2655 2743 2753 2805 tui,
2789 2755 2914 2795 cum
2951 2739 3068 2809 ipso
3123 2736 3319 2792 sceleri
3354 2732 3690 2789 Sodomitico

2104 2857 2324 2912 operam
2362 2839 2594 2895 daturus
2616 2880 2630 2904 ,
2661 2846 2715 2891 et
2759 2833 3067 2889 aliosetiam
3108 2831 3204 2885 tibi
3229 2828 3473 2901 dactylos
3495 2841 3692 2896 suppe-

2104 2933 2318 2990 ditabit.
2355 2933 2396 2984 Ο
2425 2940 2474 2984 te
2502 2929 2760 2984 miserum
2797 2927 2810 2978 ί
2856 2923 2947 2995 qui
2981 2924 3045 2978 ad
3079 2919 3535 2991 fulgentissimam
3582 2932 3693 2972 c03-

2105 3025 2259 3079 lestis
2311 3021 2463 3093 regni
2523 3020 2700 3075 lucem
2744 3015 3002 3078 t‘tl‘t‘lilis,
3038 3012 3131 3083 qui
3186 3009 3562 3065 crudelissima
3604 3020 3692 3076 ge-

2109 3117 2301 3171 hennae
2325 3122 2592 3170 tormenta
2629 3125 2738 3164 non
2769 3105 3008 3178 cogitas,
3037 3103 3130 3174 qui
3164 3101 3338 3172 angeli
3391 3109 3476 3162 te,
3509 3104 3697 3166 utpote

2109 3205 2505 3268 Christianum,
2536 3196 2852 3254 comitantis
2908 3191 3214 3250 reverentia
3239 3204 3346 3245 non
3380 3201 3699 3258 compesce-

2110 3297 2208 3352 ris.
2264 3293 2403 3360 Quid
2457 3287 2811 3345 metuendum
2871 3284 2970 3340 tibi
3019 3291 3122 3346 est,
3179 3279 3428 3343 sceleste,
3483 3290 3607 3330 cum
3641 3274 3699 3328 in

2108 3387 2339 3459 angulos
2389 3383 2736 3451 latebrasque
2785 3385 2839 3434 te
2899 3374 3085 3438 abdis,
3139 3373 3234 3428 illa
3302 3367 3703 3425 commissurus

2110 3479 2333 3549 ﬂagitia,
2369 3491 2489 3547 quae
2519 3475 2683 3530 etiam
2711 3485 2896 3534 canes,
2935 3483 3057 3539 qua:
3074 3473 3352 3536 serpentes
3381 3470 3437 3518 et
3470 3473 3699 3530 angues,

2111 3585 2232 3642 quae
2255 3569 2358 3639 ipsi
2404 3575 2457 3622 et
2502 3564 2653 3636 porci
2673 3571 2892 3633 patrare
2913 3551 3487 3618 exhorrescuntiQuo
3513 3549 3703 3604 isthaec

2117 3669 2448 3736 praeceptore
2506 3654 2791 3712 didicisti?
2840 3652 2932 3708 Va:
2979 3646 3504 3706 adolescentizetuas,
3535 3655 3701 3710 quam

2115 3729 2346 3809 Satanas
2401 3748 2596 3803 misere
2644 3741 2964 3800 vulneribus
3037 3738 3311 3794 concisam
3360 3735 3414 3789 in
3460 3729 3705 3787 terribile

2116 3843 2311 3900 inferni
2338 3839 2676 3905 barathrum,
2709 3833 3194 3892 vehementissimo
3229 3845 3350 3885 cum
3400 3828 3606 3899 impetu
3638 3839 3704 3885 ac

2116 3935 2398 3998 violentia,
2461 3931 2796 4003 praecipitem
2857 3927 3026 3983 dedit.
3058 3925 3426 3993 Quamobrem
3478 3921 3707 3979 consule

2117 4029 2280 4084 rebus
2343 4027 2471 4092 tuis,
2524 4039 2625 4080 nec
2685 4037 2852 4095 porro
2919 4035 3103 4091 perge,
3156 4033 3224 4074 ue
3258 4018 3395 4073 forte
3440 4017 3706 4072 divinitus

2124 4117 2543 4189 superveniente
2578 4115 2702 4184 igne
2730 4119 3106 4179 consumptus,
3144 4108 3197 4162 in
3244 4105 3546 4178 juventutis
3577 4103 3710 4159 ﬂore

2119 4211 2387 4266 auferaris
2419 4247 2435 4272 ,
2465 4209 2654 4276 sicque
2684 4205 2772 4260 hic
2804 4203 2964 4270 igneo
2998 4202 3232 4268 turbine,
3268 4199 3392 4255 istic
3433 4212 3562 4253 vero
3592 4195 3711 4252 vio-

2121 4305 2286 4360 lentia
2318 4300 2516 4357 inl'erni
2573 4299 2794 4355 ﬂamma
2854 4295 3062 4352 misere
3117 4292 3482 4350 comburaris.
3507 4289 3708 4344 Audita

2125 4401 2228 4453 hac
2284 4393 2507 4452 salutari
2567 4391 2940 4447 admonitione
2978 4427 2996 4454 ,
3029 4397 3176 4443 totus
3216 4385 3488 4442 inhorruit
3529 4385 3713 4438 Eunu-

2082 4491 2261 4554 ,chus
2287 4525 2304 4552 ,
2351 4496 2426 4554 et,
2468 4485 2902 4554 excandescente
2958 4481 3014 4536 in
3071 4480 3292 4535 modum
3332 4479 3473 4548 ignis
3526 4476 3664 4532 facie
3691 4513 3708 4541 ,

438 4582 599 4654 κύριέ
638 4599 741 4651 μου
780 4581 972 4654 γνήσιε
1010 4581 1169 4652 φίλε,
1200 4580 1346 4643 τίνος
1375 4580 1538 4650 χάριν
1584 4577 1903 4648 διετράπης,
1947 4575 2004 4635 ὡς

2131 4581 2502 4650 maximopere
2523 4577 2785 4633 confusus
2811 4584 2915 4633 est.
2953 4574 3134 4641 Quare
3166 4571 3234 4628 ad
3272 4573 3451 4643 ipsum
3481 4571 3717 4641 Epipha-

443 4674 556 4746 πῦρ
585 4673 827 4744 γεγονὼς
853 4673 915 4727 τδ
950 4671 1243 4744 πρόσωπόν
1273 4689 1369 4725 σου
1403 4687 1418 4736 ;
1455 4669 1668 4726 Οὐκοῦν
1697 4667 1899 4739 εἴρηκά
1938 4684 2022 4720 σοι

443 4764 614 4818 ταῦτα
645 4781 662 4832 ;
692 4763 880 4834 ἐπειδὴ
929 4762 983 4815 εἴ
1026 4781 1079 4816 τι
1117 4761 1335 4832 φθάσει,
1378 4760 1532 4814 λαλεῖ
1561 4761 1588 4814 6
1627 4773 2023 4830 παρατετραμ-

449 4856 610 4925 μένος
639 4873 654 4924 ;
692 4856 864 4928 Πλὴν,
894 4856 1147 4926 ἀγαπητέ
1184 4873 1286 4926 μου
1318 4856 1375 4908 ὲν
1405 4853 1616 4924 Κυρίῳ,
1640 4852 1797 4922 εἴπερ
1843 4849 2024 4904 σύνοι-

445 4948 541 5014 δάς
569 4967 618 5004 τι
651 4949 762 5005 ἀπὸ
793 4950 904 5004 τῶν
937 4950 1038 5022 ἠδη
1072 4949 1164 5002 ὑπ’
1200 4946 1364 5003 αὑτοῦ
1392 4946 1691 5020 ῥηθέντων,
1727 4943 2024 5014 πορευθεὶς

442 5040 644 5113 ὕπαγε,
679 5044 778 5099 καὶ
801 5043 1027 5098 σεαυτὸν
1049 5044 1128 5108 είς
1153 5042 1443 5110 διόρθωσιν
1468 5039 1694 5109 ἆγε,καὶ
1720 5038 1796 5110 μὴ
1827 5037 2022 5108 ἁηδιάο

441 5136 535 5200 ζου
567 5135 663 5190 ἐπὶ
683 5138 795 5201 τοῖς
815 5136 997 5207 λόγοις
1020 5151 1037 5169 ο
1075 5135 1195 5198 νέος
1228 5135 1339 5205 γὰρ
1368 5129 1422 5187 εί
1449 5134 1544 5187 καὶ
1565 5130 1871 5204 τρυφερὸς,
1924 5130 2023 5185 καὶ

517 5332 629 5415 (78)
660 5332 796 5415 {ista
832 5343 936 5398 est,
967 5349 1143 5415 neque
1172 5333 1263 5389 hic
1302 5331 1488 5415 fusius
1530 5330 1872 5415 explicanda,
1901 5331 2030 5415 licet

445 5401 583 5484 satis
612 5401 693 5459 'ad
725 5421 848 5484 rem
881 5401 1182 5484 pertinens,
1209 5403 1539 5484 ambiguitas
1571 5401 2026 5484 signiﬁcationis,

443 5473 500 5545 in
546 5488 677 5530 voce
732 5473 922 5530 Latina
959 5477 1114 5545 ﬁcus,
1149 5475 1227 5529 uti
1268 5475 1400 5531 etin
1446 5473 1632 5545 Grarca
1660 5473 1822 5545 συκῆ.
1866 5473 2030 5526 Eam-

441 5543 572 5627 detu_
598 5559 748 5627 .ess‘e
807 5545 870 5627 in
909 5543 1045 5627 vace
1097 5546 1415 5627 κολοφωνια
1459 5545 1578 5601 sive
1611 5543 1694 5613 (ut
1719 5543 1808 5599 hic
1837 5551 2029 5627 argute

443 5614 728 5686 scribitur)
771 5615 1096 5686 κωλοφονία,
1150 5613 1262 5672 non
1329 5614 1506 5686 habeo
1549 5624 1802 5686 auctores
1823 5613 2027 5682 quibus

445 5683 672 5764 probem
705 5683 880 5768 i.sed_
911 5683 1179 5768 quoniam.
1218 5687 1356 5768 ﬁcus
1379 5685 1574 5768 ___albas
1604 5684 1898 5768 nigrasque
1932 5697 2025 5768 nec

445 5757 648 5835 vimus,
698 5756 791 5835 vix
832 5752 1055 5835 .dubito_
1091 5756 1222 5835 quin
1269 5756 1463 5835 similis
1494 5755 1637 5835 apud
1669 5753 1886 5809 Graecos
1917 5752 2024 5807 dit"-

446 5823 682 5883 ferentia
708 5825 891 5894 fuerit;
926 5837 980 5883 et
1012 5827 1091 5882 sic
1114 5823 1452 5898 Κολοφωνία,
1486 5823 1739 5883 dicantur
1770 5839 1864 5892 cae,
1901 5837 2020 5894 quae

2132 4673 2259 4729 nius
2297 4671 2479 4739 :Quid
2533 4671 2650 4733 tibi,
2705 4669 2928 4724 domine
2977 4675 3032 4722 et
3094 4665 3266 4720 amice
3317 4662 3513 4729 ﬁdelis,
3534 4662 3716 4714 evenit

2131 4763 2252 4819 rei?
2302 4763 2414 4819 Cur
2461 4768 2669 4815 mutata
2716 4759 2882 4814 l‘acies
2917 4767 3007 4812 tua
3037 4755 3406 4809 inﬂammatur
3449 4762 3508 4805 ut
3537 4747 3717 4819 ignis?

2131 4855 2324 4911 Nonne
2355 4854 2426 4910 ita
2479 4851 2704 4923 praedixi
2735 4851 2854 4916 tibi,
2891 4848 3035 4920 quod
3079 4847 3126 4902 si
3157 4845 3285 4916 quid
3328 4848 3616 4896 assecutus
3646 4837 3718 4892 sit

2130 4956 2310 5004 mente
2343 4954 2534 5016 captus
2569 4943 2924 5012 insessusque
2960 4955 2990 4994 a
3010 4940 3278 5005 daemone,
3308 4935 3362 4991 id
3388 4937 3440 4988 in
3471 4932 3710 4988 medium

2129 5036 2408 5110 proferat?
2459 5035 2616 5091 Nunc
2665 5033 2853 5104 igitur,
2885 5029 3170 5086 carissime
3242 5027 3296 5082 in
3356 5025 3627 5088 Domino,
3670 5021 3716 5076 si

2130 5129 2434 5202 cuiuspiam
2466 5127 2707 5194 inorum,
2748 5138 2869 5196 quae
2898 5123 3014 5194 ipse
3037 5121 3254 5177 locutus
3281 5128 3397 5188 cst,
3460 5117 3718 5174 conscius

2129 5329 2365 5386 colorem
2399 5329 2602 5384 habent
2638 5323 2987 5397 Colophonis;
3043 5322 3240 5379 resinae
3289 5335 3387 5375 seu
3418 5319 3578 5397 picis,
3637 5318 3718 5397 ci-_

2128 5399 2396 5456 thartedis
2429 5407 2593 5454 notae.
2635 5397 2752 5452 Dixi
2774 5389 2963 5450 'autem
2991 5401 3356 5450 commutatas
3386 5389 3625 5453 vocales,
3649 5389 3718 5442 ad

2129 5470 2308 5538 ipsum
2338 5469 2482 5539 quod
2539 5469 2788 5538 arguitur
2816 5466 3042 5539 vitium,
3071 5473 3126 5519 et
3155 5465 3288 5539 ﬁcos
3335 5476 3434 5539 seu
3459 5458 3720 5539 mariscas

2131 5527 2266 5596 illud
2304 5527 2706 5609 consequentes
2725 5535 3171 5609 exprimendum,
3209 5533 3408 5609 scienti
3432 5527 3581 5602 quod
3605 5527 3719 5581 κῶ-

2131 5610 2222 5674 λος
2250 5617 2440 5680 podex,
2469 5605 2652 5680 φόνιος
2680 5605 2913 5676 let/tifer,
2954 5606 3199 5680 mortalis
3240 5605 3332 5658 sit.

2200 5669 2320 5803 Πθό
2473 5669 2648 5766 Ϋαιίεξ
2686 5669 2909 5750 μήποτε
2957 5677 3182 5738 δικαίως
3228 5690 3288 5726 σε
3321 5671 3398 5742 τῷ
3424 5669 3554 5740 θείῳ
3575 5669 3714 5739 χρή-

2202 5769 2258 5803 τε
2325 5753 2520 5803 ειλατω
2551 5753 2828 5803 τινιποινῆ
2849 5748 3142 5803 ἐξέλκουσα
3168 5746 3232 5803 τῇ
3266 5745 3332 5803 σῇ
3363 5743 3592 5803 νεότητα
3619 5739 3714 5793 καὶ

2128 5739 2258 5822 σητε
2291 5739 2520 5818 θεῖλὰτῳ
2551 5739 2830 5820 τινἰποίνῇ
2849 5748 3142 5815 ἐξέλκουσα
3168 5746 3232 5815 τῇ
3266 5745 3332 5816 σῇ
3363 5739 3592 5815 νεότητα
3619 5739 3715 5793 καὶ

2128 5822 2277 5877 ἐειδεν
2296 5823 2393 5892 μὲν
2413 5822 2795 5892 παριστῆρσιν.
