4148 6424
506 379 541 441 6
556 382 618 445 '19

1572 382 1614 442 Ν
1632 381 1999 442 [CEI‘HORI
2036 381 2525 446 PRESBYTERI
2563 385 2675 446 GP.

3664 396 3785 459 700?

513 495 608 549 tibi
674 492 750 548 sis
784 533 798 559 ,
862 493 1018 558 vade,
1070 502 1125 549 et
1183 493 1248 547 ad
1283 493 1490 563 frugem
1519 493 1635 547 redi
1659 492 1958 557 meliorem,
1987 506 2068 546 net

2191 493 2219 545 6
2244 494 2512 560 Σατανᾶς,
2537 494 2789 564 ἀγαπητέ
2810 511 2935 564 μου,
2966 495 3204 565 χαλεπός
3226 496 3377 553 ἔστιν
3401 502 3496 556 ιιαῆ⁵
3529 502 3776 561 ἀποπλαο

509 586 576 640 ad
623 601 685 641 ea
726 602 847 657 quae
902 603 1032 642 vere
1066 587 1158 642 tibi
1199 585 1411 656 objecta
1450 595 1597 653 sunt,
1655 586 1957 651 erubesce;
1989 585 2080 654 ju—

509 677 662 732 venis
696 679 897 749 quippe
944 694 1025 741 es,
1062 677 1300 733 molliter
1329 678 1616 741 educatus,
1656 675 1908 730 diabolus
1957 690 2090 731 cou-

508 778 591 823 tra
623 769 872 835 infestus,
930 785 1031 824 nos
1060 769 1495 824 circumveniens
1528 768 1595 821 ad
1627 765 1964 836 peccandum
2000 767 2089 820 in-

508 861 678 925 ducit,
729 877 834 916 non
877 862 1037 918 aliam
1064 860 1135 914 ob
1184 874 1428 924 causam,
1476 873 1639 928 quam
1680 866 1742 913 ut
1796 873 1862 912 ex
1896 867 2080 912 nostra

2186 585 2253 655 νᾷ
2281 587 2428 655 ἡμᾶς
2460 587 2724 656 πράττειν
2756 585 2857 657 τὴν
2880 587 3180 658 ἁμαρτίαν,
3210 589 3280 643 δι’
3310 592 3419 644 οὐδ’
3445 592 3637 664 ἕτερον
3664 640 3679 663 ,
3720 603 3775 654 εἰ

2196 675 2274 745 μὴ
2316 675 2404 729 ἴνα
2443 675 2705 747 κέκτηται
2747 677 2896 745 ἡμᾶς
2935 678 3017 740 εἰς
3066 680 3429 747 παραμυθίαν
3461 682 3678 750 ἑαυτοῦ,
3713 690 3777 742 ἐν.

2192 766 2350 836 φλογὶ
2387 767 2616 836 γεέννης
2653 767 3126 837 κατακαιομένους
3158 769 3333 840 αὐτῷ.
3367 771 3557 828 Ταῦτα
3603 775 3766 829 ἀκού-

2190 874 2291 921 σας
2320 859 2527 921 ἐκεῖνος
2550 856 2923 928 ἀνεχώρησεν.

508 953 767 1024 gehenua:
799 954 1015 1025 ignibus
1043 953 1403 1009 nstuhtorum
1435 954 1698 1009 societate
1725 952 2165 1023 qualemqualem
2202 953 2317 1023 ipse
2375 952 2807 1009 consolationem
2860 955 3232 1012 nanciscatur.
3284 956 3497 1025 Quibus
3543 961 3770 1034 auditis,

510 1050 642 1103 abiit
669 1052 977 1105 eunuchus.
1000 1076 1003 1079 ·

580 1140 668 1195 59.
707 1138 1057 1196 Venerandus
1082 1151 1264 1196 autem
1292 1141 1509 1211 juvenis
1525 1141 1863 1213 Epiphanius
1896 1142 2097 1197 alleva-

510 1243 622 1285 tum
685 1234 955 1289 Andream
1006 1234 1064 1288 iu
1120 1235 1376 1291 conclave
1427 1251 1587 1291 suum
1624 1235 1964 1299 introduxit,
1996 1235 2088 1289 ubi

505 1327 826 1379 instructam
893 1325 1229 1396 reperientes
1309 1342 1587 1392 mensam,
1668 1326 2087 1392 discubuerunt,

507 1425 557 1466 e:
620 1412 921 1469 Salvatoris
967 1417 1141 1470 nostri
1214 1415 1529 1472 liberalibus
1609 1415 1771 1471 donis
1831 1415 2084 1471 delectati

505 1513 634 1559 sunt
664 1524 675 1557 :
718 1521 950 1575 quorum
989 1506 1078 1561 ubi
1107 1522 1201 1562 esu
1234 1506 1538 1564 refecerant
1581 1508 1767 1568 vires?
1795 1507 1882 1563 bis
1917 1508 2083 1564 dictis

498 1594 812 1663 aggreditur
839 1597 896 1653 Β.
946 1598 1218 1652 Andream
1279 1598 1617 1668 Epiphanius
1655 1599 2088 1666 :Qttamobrem,

504 1686 725 1740 domine
756 1684 809 1739 et
839 1689 1141 1742 amicorum
1199 1689 1455 1754 maxime,
1487 1699 1595 1743 tam
1633 1688 1858 1744 acribus
1907 1691 2089 1746 inces-

507 1776 625 1830 sisti
680 1777 841 1831 dictis
888 1777 1213 1833 Eunuchum
1280 1779 1433 1834 illum
1481 1778 1616 1833 mihi
1649 1778 1946 1834 intimum?
1975 1778 2077 1834 Cui

504 1865 744 1923 Sanctus
777 1885 791 1922 :
825 1868 921 1924 Vel
967 1870 1107 1934 ideo,
1168 1870 1366 1940 inquit,
1411 1871 1555 1941 quod
1614 1870 1836 1926 intimus
1862 1869 1961 1925 tibi
2004 1879 2089 1925 est

2255 1132 2352 1190 v0'.
2390 1135 2451 1191 '0
2479 1135 2537 1191 δὲ
2564 1137 2745 1207 τίμιος
2781 1138 3095 1209 Ἐπιφάνιος
3126 1142 3407 1215 διεγείρας
3439 1145 3530 1202 τὸν
3554 1148 3759 1216 Ὀσιον,

2187 1225 2568 1298 ἐπορεύθησαν
2612 1232 2672 1285 ιν
2716 1231 2797 1301 τῷ
2845 1232 3065 1288 κοιτῶνι
3117 1235 3319 1302 αὑτοῦ,
3375 1239 3466 1292 καὶ
3514 1240 3762 1310 εὑρόντες

2187 1313 2488 1385 τράπεζαν,
2504 1313 2861 1378 καθεσθέντες
2883 1317 3269 1391 εὑφράνθησαν
3288 1322 3380 1375 ἐπὶ
3401 1326 3518 1387 ταῖς
3531 1327 3759 1396 δωρεαῖς

2185 1404 2279 1456 τοῦ
2324 1404 2578 1474 Σωτῆρος
2600 1419 2615 1434 θ
2654 1404 2749 1458 καὶ
2785 1404 2927 1475 μετὰ
2973 1406 3033 1459 τὸ
3063 1409 3388 1477 μεταλαϐεῖν
3418 1412 3637 1478 αὑτοὺς,
3672 1417 3758 1469 λέ-

2184 1510 2274 1562 γει
2316 1494 2639 1563 Ἐπιφάνιος
2668 1494 2809 1565 πρὸς
2860 1496 2953 1549 τὸν
3010 1499 3339 1569 Μακάριόν·
3371 1501 3491 1556 Τίνι
3545 1507 3759 1578 τρόπῳ,

2184 1585 2314 1656 κύρι
2345 1584 2374 1640 6
2417 1587 2625 1654 μέγας,
2643 1585 2819 1648 οὕτως
2846 1590 3143 1660 ἀποτόμοις
3163 1592 3382 1663 ἐχρήσω
3408 1593 3656 1665 ὲλεγμοῖς
3682 1600 3758 1671 τῷ
3812 1596 3818 1602 ’

2185 1679 2481 1750 προσφιλεϊ
2519 1696 2611 1750 μοι
2664 1681 3103 1751 χρηματίζοντι;
3146 1685 3290 1756 Ἔφη
3340 1688 3479 1757 πρὸς
3520 1689 3681 1743 αὑτὸν
3731 1693 3760 1745 6

2183 1769 2474 1840 Μακάριος
2500 1786 2516 1803 '
2559 1771 2779 1843 Ἐπειδὴ
2820 1772 3127 1844 προσφιλής
3164 1792 3249 1828 σοι
3298 1777 3638 1848 καθέστηκεν
3666 1782 3760 1836 καὶ

2185 1863 2493 1933 ἀγαπητὸς,
2554 1863 2745 1918 τούτου
2779 1863 2939 1936 χάριν
2990 1866 3222 1937 ἐποίησα
3270 1868 3406 1940 πρὸς
3459 1871 3624 1925 αὑτὸν
3668 1875 3759 1927 τὸν

500 1973 566 2011 ac
608 1957 902 2027 plurimum
950 1960 1199 2025 dilectus,
1253 1962 1457 2017 scelera
1516 1962 1617 2032 ipsi
1644 1977 1738 2016 sua
1774 1962 1846 2017 ob
1891 1961 2068 2018 oculos

2180 1952 2481 2022 κατάλογον
2502 1970 2516 1985 ·
2551 1956 2675 2009 ἐπεὶ
2703 1956 2804 2009 οὑκ
2831 1952 2900 2027 ἦν
2928 1956 3080 2026 φίλος
3115 1976 3232 2025 σου,
3272 1960 3331 2012 τὸ
3363 1962 3574 2016 οἰονοῦν
3608 1966 3757 2035 ῥῆμα

496 2063 699 2117 ponere
733 2050 908 2103 visum
942 2061 1027 2104 est
1055 2065 1070 2105 :
1108 2050 1252 2121 quod
1282 2050 1327 2105 si
1378 2052 1559 2107 minus
1588 2052 1682 2106 tibi
1734 2050 1928 2107 fuisset
1945 2053 2081 2107 ami—

495 2157 617 2207 eis,
650 2140 958 2197 istiusmodi
992 2156 1095 2196 vox
1153 2144 1301 2198 nulla
1347 2158 1574 2214 prorsus
1637 2144 1825 2199 elicita
1869 2160 1935 2200 ex
1985 2161 2080 2203 ore

495 2246 615 2286 meo
648 2231 841 2286 luisset
863 2272 877 2298 ,
911 2247 1084 2303 neque
1118 2233 1262 2288 enim
1291 2234 1440 2288 illum
1467 2233 1601 2289 mihi
1659 2235 1921 2305 proposui
1957 2251 2078 2292 sco--

493 2339 645 2393 pum,
705 2335 766 2379 ut
822 2340 1047 2395 arguam
1101 2335 1154 2381 ct
1199 2328 1456 2398 castigem
1490 2336 1841 2395 peccatores,
1885 2327 1980 2384 sed
2018 2338 2077 2384 ut

492 2414 609 2483 ipse
656 2431 718 2471 ea
757 2430 793 2481 ,'
822 2432 943 2484 quae
974 2427 1116 2472 recta
1145 2417 1210 2472 ad
1241 2419 1631 2487 perfectionem
1669 2418 1841 2486 ducit,
1881 2420 2079 2475 decur-

490 2523 548 2560 ra
574 2523 604 2559 n
656 2507 762 2562 vis.
823 2506 963 2561 Tum
995 2508 1330 2578 Epiphanius
1365 2530 1378 2566 :
1413 2510 1469 2565 Id
1493 2511 1755 2581 equidem
1788 2513 1941 2576 novi,
1997 2514 2076 2567 fa-

490 2600 637 2654 tnule
677 2600 794 2668 Dei,
854 2602 949 2656 ait.
992 2600 1187 2656 Verum
1225 2603 1313 2658 hic
1363 2603 1707 2671 adolescens,
1751 2620 1942 2661 servus
1965 2613 2070 2671 cst,

485 2692 809 2763 cogiturque
858 2708 888 2748 a
943 2695 1165 2749 domino
1217 2696 1520 2765 suo:quid
1575 2697 1782 2752 faciat?
1840 2696 2074 2768 Repenit

487 2783 723 2838 Sanetus
766 2802 779 2839 :
813 2782 920 2840 Nec
952 2801 1039 2840 me
1071 2788 1223 2851 latet,
1264 2803 1482 2843 servum
1539 2805 1662 2847 esse
1689 2791 1839 2845 illum
1877 2832 1891 2855 ,
1926 2809 1993 2848 ne
2016 2793 2070 2848 id

487 2884 690 2944 putes:
737 2892 921 2933 verum
976 2893 1169 2934 servus
1224 2878 1369 2951 frugi
1420 2881 1487 2936 ad
1533 2882 1800 2953 obsequia
1827 2900 2073 2955 ususque

488 2967 828 3023 necessazios
865 2979 1074 3024 tantum
1129 2981 1324 3038 praesto
1371 2986 1491 3027 csso
1519 2973 1675 3027 debet
1699 2974 1922 3028 domino
1944 2990 2071 3044 suo,

486 3059 579 3125 qui
612 3075 668 3114 se
695 3060 825 3114 emit
856 3102 870 3127 ,
907 3077 1015 3116 non
1072 3062 1257 3117 itidem
1288 3063 1354 3117 ad
1378 3079 1541 3133 opera
1588 3065 1855 3121 diabolica
1897 3076 1948 3121 et
1977 3083 2070 3122 ne-

486 3150 913 3219 quitias,ncdum
950 3153 1016 3207 ad
1045 3153 1475 3211 abominandum
1522 3167 1684 3226 atque
1710 3158 2071 3228 exsecrabile,

484 3257 517 3311 q
561 3243 629 3294 od
693 3242 823 3308 dixi,
880 3242 1165 3315 ﬂagitium.
1216 3246 1349 3313 Quis
1374 3247 1518 3301 enim
1550 3248 1712 3303 homo
1755 3265 1858 3304 non
1893 3262 2064 3319 putet,

2180 2043 2242 2109 ἐξ
2268 2044 2404 2113 ἐμοῦ
2433 2046 2534 2100 οὑκ
2564 2048 2794 2120 ἠκηκόει
2826 2048 2887 2103 τὸ
2910 2049 3131 2104 σύνολον
3159 2067 3173 2082 ·
3202 2051 3388 2122 οὐγὰρ
3412 2054 3533 2123 ἐμοὶ
3563 2060 3756 2120 σκοπὸς

2178 2135 2318 2189 ὥστε
2355 2138 2596 2209 ἐλέγχειν
2639 2141 2732 2195 καὶ
2759 2142 3022 2213 ἐπιτιμᾷν
3063 2146 3177 2204 τοῖς
3208 2144 3580 2214 ἁμαρτωλοῖς.
3617 2148 3751 2202 ἀλλὰ

2177 2226 2397 2296 τρέχειν
2456 2245 2524 2299 με
2580 2228 2679 2300 τὴν
2732 2229 2951 2285 εὑθεῖαν
2999 2231 3118 2285 ὁδὸν
3161 2232 3263 2301 τὴν
3299 2233 3394 2286 ἐπὶ
3443 2233 3511 2287 τὰ
3552 2235 3751 2305 ἀμείνω

2176 2317 2526 2388 άπάγουσαν.
2591 2320 2913 2391 Ἐπιφάνιος
2982 2317 3174 2378 εἶπεν·
3229 2320 3387 2391 Οἶδα,
3449 2324 3606 2379 δοῦλε
3660 2327 3752 2380 τοῦ

2177 2410 2334 2479 Θεοῦ,
2379 2413 2557 2482 κάγὼ,
2591 2414 2708 2469 ἁλλ’
2737 2410 2892 2480 οὗτος
2928 2418 2958 2472 ὁ
2987 2419 3202 2482 νεανίας
3233 2420 3453 2490 οἰκέτης
3471 2421 3641 2485 ἐστὶν,
3667 2422 3759 2476 καί⁸

2179 2492 2502 2575 βιαζόμενος
2534 2507 2640 2560 ὑπὸ
2667 2506 2764 2561 τοῦ
2793 2509 2986 2579 κυρίου
3019 2508 3183 2563 αὑτοῦ
3213 2524 3231 2539 ⁶
3259 2511 3311 2564 τί
3332 2511 3449 2577 ἕξει
3483 2514 3755 2583 ποιῆσαις

2175 2596 2341 2665 Λέγει
2374 2600 2404 2652 6
2432 2600 2620 2664 Ὀσιος
2654 2617 2668 2633 ·
2709 2596 2840 2656 Οἶδα
2870 2603 2951 2656 ὅτι
2988 2604 3206 2673 οἰκέτης
3242 2604 3500 2676 ὑπάρχει,
3523 2606 3626 2660 οὑκ
3660 2607 3759 2675 ἁγ-

2176 2688 2281 2741 νοῶ
2305 2690 2484 2755 τοῦτο,
2522 2691 2667 2762 πλὴν
2710 2693 2793 2756 εἰς
2820 2692 2923 2756 τὰς
2963 2696 3285 2763 σωματικὰς
3328 2694 3518 2765 χρείας
3544 2695 3754 2765 ὀφείλει

2176 2778 2535 2852 ἐξυπηρετεῖν
2563 2783 2592 2835 6
2622 2783 2842 2856 οἰκέτης
2873 2784 2973 2838 τὸν
2994 2784 3361 2856 ὀνησάμενον,
3397 2787 3518 2857 οὑχὶ
3567 2790 3650 2850 εἰς
3685 2788 3760 2842 τὰ

2176 2871 2317 2942 ἔργα
2349 2874 2441 2928 τοῦ
2470 2876 2751 2943 διαϐόλου,
2770 2878 2866 2932 καὶ
2893 2881 2975 2943 εἰς
2996 2878 3096 2943 τὰς
3123 2880 3346 2950 πράξεις
3374 2881 3474 2949 τῆς
3500 2882 3765 2950 ἀτιμίας,

2175 2967 2415 3036 μάλιστα
2450 2968 2531 3031 εἰς
2568 2968 2630 3022 τὸ
2674 2970 3083 3043 ὲπικατάρατον
3120 2971 3278 3026 τοῦτο
3344 2975 3440 3027 καὶ
3489 2972 3757 3044 βδελυρὸν

2171 3058 2453 3129 ἀτόπημα,
2503 3058 2640 3129 ὅπερ
2687 3059 2808 3114 οὑδὲ
2881 3061 2950 3114 τὰ
3001 3062 3307 3135 ἀναίσθητα
3360 3065 3538 3136 κτήνη
3595 3063 3756 3118 τοῦτο

2171 3149 2431 3218 πράττειν
2473 3150 2573 3205 οὑκ
2604 3153 2810 3208 ῐσασιν.
2843 3153 3165 3226 Ἄνθρωπος
3205 3155 3314 3228 γὰρ
3353 3156 3434 3220 τίς
3477 3156 3652 3219 ἐστιν,
3695 3156 3754 3220 ὃς

2169 3242 2270 3294 οὐκ
2300 3241 2555 3312 αἴσθηται
2616 3243 2719 3311 τῆς
2800 3245 3007 3317 κόπρου
3081 3247 3288 3318 ταύτης
3338 3248 3437 3317 τὴν
3488 3248 3765 3302 δυσωδίαν

483 3334 707 3388 sceleris
738 3335 881 3390 illius
904 3335 1200 3392 foeditatem
1233 3340 1336 3393 sibi
1356 3339 1713 3395 aversandam
1742 3356 1887 3407 esse,
1913 3343 2059 3413 quod

2169 3334 2631 3403 άποδιδράσκεινς
2695 3335 3015 3406 Ἐπιφάνιος
3055 3338 3246 3407 λέγει’
3298 3339 3421 3394 Ἐὰν
3467 3341 3496 3392 6
3558 3342 3761 3413 κύριος

487 3424 605 3495 ipsa
636 3425 906 3495 jumeuta,
936 3430 1146 3484 ratione
1170 3431 1453 3499 destituta,
1486 3448 1765 3503 numquam
1824 3434 2059 3489 admise-

488 3519 636 3572 riut?
664 3520 898 3575 Rursum
928 3524 1265 3594 Epiphanius
1297 3540 1311 3579 :
1339 3523 1397 3581 Si
1429 3526 1684 3583 dominus
1720 3527 1897 3597 ipsum
1921 3544 2058 3584 suus

478 3612 546 3665 ad
581 3626 669 3667 sse
690 3613 934 3681 jusserit,
950 3615 1064 3671 sive
1079 3615 1145 3671 ad
1158 3617 1476 3689 obsequium
1497 3619 1778 3689 corporale
1803 3618 1917 3674 sive
1934 3634 2062 3689 pec-

481 3702 843 3770 caminosum,
876 3722 966 3761 seu
988 3708 1273 3777 spirituaie
1294 3710 1658 3780 praestandum
1697 3726 1712 3765 :
1751 3726 1850 3765 nec
1881 3719 2061 3765 tamen

482 3789 561 3842 illi
588 3806 795 3846 morem
822 3796 1075 3864 gesserit,
1100 3804 1161 3849 ut
1185 3811 1402 3852 servum
1433 3798 1607 3863 decet,
1641 3798 1894 3868 ignorare
1953 3814 2058 3853 non

475 3890 655 3950 pales,
714 3894 847 3954 quot
884 3889 1083 3943 misero
1112 3889 1187 3943 illi
1229 3898 1489 3945 maneant
1531 3889 1867 3960 perferenda:
1913 3890 2060 3961 inju-

476 3974 605 4039 riae,
668 3975 884 4033 intentae
937 3980 1116 4046 mintc,
1192 3981 1506 4036 sustinenda
1546 3983 1799 4049 verbera,
1831 3983 1939 4038 alia
1975 3983 2060 4036 iu-

480 4079 710 4119 numera
760 4068 1064 4124 subeunda.
1118 4069 1231 4125 lloe
1284 4072 1528 4141 quidem.
1560 4073 1739 4143 inquit
1786 4072 2054 4141 Sanctus,

483 4154 803 4222 martyrium
852 4165 935 4209 est
978 4156 1124 4225 quod
1183 4157 1508 4228 testiﬁcatur
1560 4158 1811 4216 Christus
1858 4159 2055 4228 Jcsus,

477 4239 712 4296 dicens:
748 4263 765 4295 ι
812 4242 985 4311 Beati,
1011 4246 1104 4316 qui
1165 4227 1598 4316 persecutionem
1633 4251 1912 4320 patiuntur
1932 4266 2058 4321 pro-

475 4343 597 4401 pter
642 4334 938 4403 justitiam,
972 4337 1234 4407 quoniam
1283 4340 1526 4411 ipsorum
1558 4353 1643 4397 est
1692 4356 1919 4412 regnum
1948 4357 2059 4397 caa-

470 4424 649 4479 lorum
689 4428 731 4479 ⁵.
773 4445 792 4479 ι
823 4427 877 4481 Si
910 4430 1004 4499 qui
1058 4431 1243 4501 itaque
1286 4433 1430 4488 servi
1491 4433 1733 4489 dominis
1791 4434 1931 4497 suis,
1988 4433 2057 4489 ad

470 4516 652 4573 scelus
686 4518 1052 4577 abominabile
1077 4523 1427 4580 Sodomitieae
1466 4525 1825 4580 immanitatis
1858 4526 2062 4581 sollici-

2165 3426 2330 3479 αὑτοῦ
2382 3427 2825 3498 προσκαλέσηται
2869 3430 3053 3495 αὑτὸν,
3100 3432 3157 3483 εἴ
3198 3448 3259 3484 τε
3309 3433 3391 3495 εἰς
3424 3434 3763 3506 σωματικὴν

2163 3512 2434 3579 δουλείαν,
2466 3514 2521 3567 ετ
2552 3531 2612 3567 τε
2659 3517 2738 3580 εἰς
2777 3517 3118 3589 ὲφάμαρτον,
3153 3520 3265 3573 εἴτε
3314 3521 3395 3585 εἰς
3449 3539 3764 3592 πνευματι-

2166 3604 2289 3676 κὴν,
2319 3605 2415 3660 ἐὰν
2444 3606 2519 3679 μὴ
2544 3607 2828 3681 ὑπακούσῃ
2850 3610 2925 3673 ὡς
2953 3609 3158 3676 δοῦλος,
3191 3611 3410 3676 πάντως
3430 3609 3584 3678 οἶδας
3614 3616 3764 3669 πόσα
3851 3645 3862 3653 -

2168 3695 2391 3765 πάσχει,
2418 3693 2801 3767 ὑϐριζόμενος,
2823 3698 3180 3768 τυπτόμενος,
3209 3701 3639 3771 ἀπειλούμενος,
3663 3707 3768 3759 καὶ

2161 3786 2231 3840 τὰ
2264 3786 2432 3841 λοιπὰ
2465 3788 2613 3842 κακά
2678 3789 3054 3860 ἐκδεχόμενος.
3096 3791 3242 3861 Ἔφη
3273 3793 3302 3846 6
3334 3792 3521 3857 ’Όσιος
3551 3809 3567 3824 ·
3611 3797 3759 3851 Τοῦ-

2159 3877 2221 3929 τό
2249 3879 2399 3937 ἐστιν
2441 3877 2627 3950 Ἰησοῦ
2650 3880 2888 3951 Χριστοῦ
2926 3881 2990 3934 τὸ
3029 3881 3350 3954 μαρτύριον,
3384 3886 3523 3959 ὅπερ
3574 3889 3757 3943 αἰνιτ-

2157 3971 2380 4041 τόμενος
2425 3970 2613 4041 ἔλεγεν
2652 3988 2668 4003 ⁸
2710 3991 2729 4024 ι
2764 3973 3044 4044 Μακάριοι
3069 3974 3117 4027 οἰ
3140 3974 3492 4045 δεδιωγμένοι
3556 3980 3765 4035 ἕνεκεν

2157 4061 2559 4134 δικαιοσοὺνης,
2582 4063 2666 4118 ὅτι
2700 4064 2881 4118 αὑτῶν
2915 4065 3066 4118 ἐστιν
3091 4066 3124 4136 ἡ
3166 4065 3415 4135 βασιλεία
3440 4070 3555 4124 τῶν
3586 4074 3764 4144 οὐρα-

2159 4155 2319 4209 νῶν.ι
2364 4154 2492 4210 Ἐὰν
2512 4155 2692 4211 τοίνυν
2710 4156 2918 4211 οἰκέται
2943 4159 3060 4220 τοῖς
3090 4158 3377 4224 δεσπόταις
3394 4162 3477 4227 είς
3502 4164 3613 4233 τὴν
3645 4166 3764 4220 τῶν

2159 4247 2412 4319 Σοδόμων
2469 4249 2723 4320 μυσαρὰν
2804 4250 2902 4306 καὶ
2954 4250 3253 4323 βδελυκτὴν
3307 4254 3615 4324 ἐπιθυμίαν
3658 4260 3766 4332 οὑχ

2158 4341 2588 4407 ὑποκύπτουσιν,
2614 4336 2762 4398 οὗτοί
2816 4345 2953 4398 εἰσιν
2985 4345 3251 4415 μακάριοι
3285 4346 3380 4400 καὶ
3426 4353 3764 4419 τρισμακά-

2160 4451 2291 4505 ριοι,
2317 4436 2400 4488 ὅτι
2428 4434 2517 4489 διὰ
2542 4435 2652 4488 τῶν
2689 4433 2941 4504 βασάνων
2981 4432 3055 4492 ὧν
3090 4438 3293 4509 λέγεις,
3337 4438 3432 4493 σῦν
3462 4442 3581 4504 τοῖς
3611 4444 3768 4516 pag.

2159 4541 2283 4579 τυσι
2313 4522 2761 4596 λογισθήσονται.

469 4610 730 4677 tautiiuis,
764 4629 868 4668 non
902 4632 1067 4672 suecu
1093 4618 1262 4673 ubant
1294 4659 1309 4684 ,
1347 4619 1382 4673 ii
1416 4634 1544 4675 vere
1587 4619 1731 4676 beati
1754 4628 1811 4676 et
1840 4619 2144 4677 beatissimi
2173 4629 2320 4689 sunt,
2349 4620 2477 4692 quia
2499 4635 2597 4692 per
2648 4622 2915 4694 supplicia
2939 4640 3102 4695 ,quaa
3136 4625 3485 4681 memorabas
3553 4626 3765 4686 modo.

470 4704 523 4761 id
580 4720 1010 4780 consequentur,
1078 4722 1140 4769 ut
1171 4715 1377 4772 sanctis
1426 4717 1757 4789 martyribus
1791 4718 2234 4774 adnumerentur.

538 4797 630 4854 60.
669 4799 805 4856 Dum
848 4806 1051 4863 talibus
1102 4809 1242 4864 inter
1267 4827 1327 4867 se
1356 4811 1643 4883 colloquiis
1675 4822 1893 4879 vacant,
1921 4813 2048 4884 qui-

2231 4812 2295 4878 E’.
2326 4811 2516 4867 Ταῦτα
2540 4812 2723 4867 αὑτῶν
2743 4813 3077 4885 ὁμιλούντων
3102 4809 3182 4878 εἷς
3208 4814 3317 4868 τῶν
3340 4810 3571 4867 οἰκετῶν
3599 4809 3765 4866 Ἐστι·

469 4892 606 4969 «ιιιιιι
644 4908 676 4948 e
738 4892 1058 4954 domesticis
1106 4899 1417 4971 Epiphauii,
1464 4913 1705 4973 paterna:
1748 4920 1949 4960 mensae
1978 4905 2056 4960 ci-

470 4978 671 5051 bisque
729 4988 987 5055 parandis
1060 4987 1388 5057 iuserviens,
1443 4992 1532 5047 ubi
1570 4991 1881 5062 suspicatus
1916 4988 2054 5046 San-

468 5084 616 5130 ctum
648 5076 875 5150 ejusque
899 5081 1019 5154 (sed
1051 5085 1327 5155 quomodo
1350 5125 1364 5151 ,
1411 5086 1564 5143 solus
1618 5086 1766 5143 Deus
1809 5085 2050 5158 noverit)

469 5176 759 5223 assecutus
783 5180 865 5226 est
898 5173 1097 5228 mentis
1117 5174 1291 5230 oculis
1349 5177 1561 5231 vivendi
1589 5177 1853 5233 rationem
1883 5218 1898 5242 ,
1922 5190 2053 5248 pro-

465 5254 599 5310 cidit
635 5256 723 5330 _ad
775 5259 936 5327 pedes
960 5260 1129 5330 illius,
1168 5264 1356 5320 multis
1385 5281 1509 5321 eum
1555 5267 1810 5338 lacrymis
1840 5267 2049 5337 suppli-

464 5364 619 5415 cans,
654 5363 751 5418 pro
800 5366 859 5406 se
890 5361 948 5406 ut
978 5353 1340 5411 intercederet
1378 5358 1521 5424 apud
1562 5358 1756 5428 Deum,
1788 5361 2046 5431 impetra-

467 5452 661 5513 rctque
695 5451 753 5497 ut
782 5443 884 5499 sibi
922 5459 1141 5516 quoque
1158 5446 1471 5506 istiusmodi
1507 5450 1814 5507 institutum
1850 5453 2049 5509 sectari

464 5531 678 5590 liceret.
706 5534 940 5593 Sanctus
968 5544 1175 5605 autem,
1203 5539 1332 5610 quid
1363 5542 1503 5597 alter
1545 5544 1881 5616 supplicibus
1904 5544 2047 5600 obti-

465 5639 595 5683 nere
647 5629 906 5698 precibus
951 5629 1214 5686 niteretur
1292 5646 1661 5705 cognoscens,
1715 5637 2049 5710 cupiensque

546 5807 569 5839 ⁸
598 5808 785 5864 Matth.
826 5828 879 5880 γ,
921 5814 1001 5872 10.

2157 4904 2347 4973 φανίου
2372 4943 2388 4969 ,
2425 4904 2455 4959 6
2495 4906 2876 4976 ἀφωρισμένος
2920 4908 3000 4970 εἰς
3032 4907 3094 4961 τὸ
3133 4905 3362 4977 ὀψώνιον
3396 4902 3490 4957 τοῦ
3532 4904 3761 4976 πατρὸς

2157 4993 2349 5059 αὑτοῦ,
2399 4991 2820 5067 [πνευματικοῖς
2868 4989 3138 5063 ῦμμασιν]
3189 4991 3445 5062 ἐπιγνοὺς
3490 4989 3598 5062 τὴν
3653 4990 3757 5045 τοῦ

2170 5086 2355 5140 Ὀσίου
2386 5088 2655 5158 ἐργασίαν
2683 5086 2822 5159 (πῶς
2856 5086 2914 5139 δὲ
2944 5087 3120 5140 ταῦτα
3161 5087 3380 5152 ἐπέγνω
3428 5082 3552 5152 Θεῷ
3596 5084 3757 5154 μόνῳ

2157 5180 2420 5249 γνωστόν)
2465 5178 2697 5243 καθίσας
2726 5178 2833 5249 πρὸ
2885 5177 2995 5231 τῶν
3043 5177 3222 5232 ποδῶν
3256 5175 3445 5239 αὑτοῦ,
3498 5174 3754 5245 δάκρυσι

2157 5272 2481 5325 καθικέτευε
2505 5270 2598 5325 τὸν
2629 5270 2840 5338 Ὅσιον,
2880 5270 3030 5332 ὅπως
3062 5267 3426 5339 παρακαλέσῃ
3475 5264 3572 5317 τὸν
3605 5265 3759 5322 Θεὸν

2100 5386 2109 5395 -
2156 5362 2297 5435 ὑπὲρ
2332 5361 2501 5416 αὑτοῦ
2531 5361 2624 5417 τοῦ
2658 5362 2913 5432 γενέσθαι
2946 5360 3110 5415 αὑτὸν
3159 5359 3413 5429 τοιαύτης
3441 5358 3756 5428 ἐργασίας.

2160 5457 2344 5524 Ἔγνω
2371 5454 2429 5510 δὲ
2456 5456 2535 5525 τῷ
2571 5454 2843 5527 πνεύματι
2886 5458 2916 5509 6
2960 5454 3180 5516 Δίκαιος
3221 5451 3275 5504 τί
3318 5454 3468 5506 ἔστιν
3515 5450 3672 5523 ὅπερ
3725 5453 3759 5505 6

2156 5548 2287 5609 παῖς
2330 5544 2647 5617 ὲξελιπάρει
2697 5543 3049 5616 κομίσασθαι,
3091 5541 3187 5599 καὶ
3236 5540 3566 5612 βουλόμενος
3618 5540 3757 5595 κατ-9

2159 5639 2298 5694 ἰδίαν
2329 5637 2586 5711 ὁμιλῆσαι
2623 5637 2771 5710 αὑτῷ
2798 5679 2815 5707 ,
2860 5639 2928 5709 τῇ
2969 5634 3196 5706 δυνάμει
3227 5632 3324 5688 τοῦ
3363 5632 3522 5703 ἁγίου
3564 5631 3752 5687 [lusti—
