4148 6404
412 395 513 458 ’101

1587 396 1765 457 VITA
1808 396 1867 457 S.
1907 392 2240 454 ANDRE/E
2278 392 2472 453 SALI.

3569 386 3680 452 702

416 521 591 575 ματος
629 504 999 575 μετέστρεψεν
1024 505 1119 558 καὶ
1149 505 1248 576 τὴν
1271 506 1490 577 ὁμιλίαν
1538 505 1632 558 τοῦ
1678 504 1867 568 παιδὸς
1910 506 1989 566 είς

2115 501 2325 555 ιεοιείιιι
2361 516 2485 555 cum
2517 500 2635 555 solo
2666 500 2923 570 colloqui,
2959 499 3186 555 mutavit
3230 501 3405 555 sancti
3448 502 3685 570 Spiritus

410 597 511 668 τὴν
538 598 647 649 τῶν
671 597 948 651 διάλεκτον
977 596 1131 668 (80),
1186 599 1281 650 καὶ
1326 596 1686 666 καθεζόμενος
1715 598 1745 648 ὁ
1784 596 1991 659 Ὀσιος,

411 687 605 757 ὡμίλει
631 685 780 756 αὐτῷ
806 688 1030 758 Συριστὶ
1059 688 1161 742 ὅσα
1186 688 1458 741 ἐϐούλετο.
1511 687 1570 740 '0
1601 686 1660 740 δὲ
1709 688 1839 747 παῖς
1883 685 1998 738 ἐλε-

411 796 528 846 γεν,
581 779 835 832 Ἐάνούκ
863 781 1163 850 ἠδυνάμην,
1182 781 1282 834 οὐκ
1304 780 1371 833 ἂν
1402 778 1747 850 παρεκάλουν
1780 795 1860 831 σοι
1882 794 1995 831 τοι-

411 866 571 932 οὗτος
595 869 851 938 γενέσθαι
888 870 1072 933 ὁποῖος
1110 865 1193 932 εἷς
1223 871 1319 923 καὶ
1367 870 1548 933 αὐτός.
1597 868 1657 923 '0
1704 868 1761 922 δὲ
1807 870 1996 932 "Oete;

414 960 567 1028 λέγει
593 959 731 1029 πρὸς
770 959 935 1012 αὐτόν
957 976 973 991 ·
1003 960 1078 1013 Οὐ
1103 960 1332 1015 δύνασαι
1354 961 1655 1032 ὑποφέρειν
1678 962 1805 1024 τοὺς
1843 961 2000 1031 ίδρῶ-

414 1069 515 1115 τας
554 1052 651 1104 καὶ
695 1050 767 1104 τὰ
798 1051 1102 1120 σκάμματα
1156 1051 1256 1121 τῆς
1293 1050 1495 1122 ἀρετῆς
1536 1051 1765 1123 ταύτης,
1808 1051 1998 1123 ἐπειδὴ

423 1143 614 1215 βιαστή
641 1144 790 1195 ἐστιν
823 1142 1018 1213 ἡὸδὸς,
1056 1143 1151 1196 καὶ¹
1183 1142 1412 1213 ἀπείρου
1445 1146 1609 1197 πόνου
1639 1145 1733 1198 καὶ
1758 1143 1958 1215 μόχθου
1981 1158 1995 1174 ·

422 1236 550 1305 μένε
578 1229 675 1287 οὖν
709 1234 913 1303 μᾶλλον
939 1234 1080 1287 καθὰ
1109 1230 1161 1288 εί
1189 1238 1247 1289 ἐν
1264 1236 1519 1308 εὐσεϐείᾳ
1549 1237 1643 1289 καὶ
1675 1236 1995 1305 σεμνότητι,

420 1323 803 1393 διδασκόμενος
852 1324 957 1376 ὑπὸ
1010 1323 1105 1377 τοῦ
1164 1324 1354 1394 κυρίου
1413 1342 1507 1377 σου
1557 1324 1880 1393 Ἐπιφανίου
1930 1324 2000 1378 τά

420 1417 710 1487 κρείττονά
738 1434 819 1469 σοι
846 1418 941 1471 καὶ
976 1419 1252 1487 σωτηρίας
1301 1418 1559 1488 ἐχόμενα,
1596 1417 1813 1485 φεύγων
1862 1433 2001 1487 πορ-

420 1509 593 1574 νείαν,
626 1510 1016 1581 μνησικακῖαν,
1040 1512 1137 1563 καλ⁸
1175 1509 1285 1564 τῶν
1315 1510 1523 1564 λοιπῶν
1550 1509 1739 1564 παθῶν
1770 1510 1862 1561 τὸν
1904 1524 2004 1561 κα·-

420 1606 654 1673 τάλογον
686 1621 700 1636 ’
730 1604 827 1657 καὶ
860 1604 912 1658 τί
942 1620 1024 1657 σοι
1054 1604 1217 1675 χρεία
1245 1604 1515 1673 ἀνάγκαις
1538 1603 1820 1665 τοιαύταις
1842 1618 2006 1655 03:10-

419 1698 513 1751 τὸν
536 1698 937 1751 καθυποόαλείν
975 1714 991 1763 ;
1039 1696 1098 1751 '0
1127 1696 1184 1750 δὲ
1216 1699 1349 1760 παῖς
1393 1692 1548 1750 εἶπεν
1577 1696 1762 1766 αὐτῷ’
1800 1698 1860 1749 lii
1904 1693 2004 1749 οὖν

426 1790 725 1861 βούλειτῆς
757 1789 899 1859 ἐμῆς
938 1789 1305 1859 ἐλεεινότητος
1336 1788 1667 1853 ὑπακοῦσαι,
1714 1788 1864 1853 λέξαι
1913 1807 2003 1858 μοι

2096 594 2299 647 virtute
2357 593 2703 647 vernaculam
2760 593 2900 647 servi
2957 592 3192 663 linguam
3261 594 3313 645 in
3364 592 3685 663 Syriacam;

2096 684 2421 753 locutusque
2452 682 2674 754 Syriat-e
2708 698 2831 738 cum
2866 684 2956 738 illo
2994 690 3097 745 cst,
3131 698 3468 752 qna'cnnque
3501 684 3683 737 vellet.

2097 772 2234 827 Cum
2282 788 2409 829 vero
2472 775 2743 830 Andream
2803 774 3175 844 compellans,
3230 773 3465 828 famulus
3494 788 3603 827 non
3628 788 3688 828 se

2097 867 2331 935 precari,
2362 868 2591 930 diceret,
2618 879 2674 922 ut
2708 868 2761 922 in
2786 868 3103 923 societatem
3154 868 3276 921 vita:
3306 866 3451 921 illius
3486 866 3688 920 admit-

2102 968 2332 1023 teretur,
2398 961 2443 1015 si
2496 975 2653 1031 pares
2713 960 2815 1015 sibi
2874 958 3020 1013 vires
3064 973 3170 1013 non
3216 967 3437 1024 essent;
3473 958 3691 1028 negavit

2098 1050 2363 1115 Andreas,
2389 1065 2550 1120 posse
2590 1051 2766 1120 ipsum
2825 1048 3055 1105 sudores
3084 1049 3443 1117 laboresque,
3478 1051 3543 1102 ait
3580 1059 3689 1101 tam

2106 1142 2338 1197 sublime
2391 1144 2611 1198 virtutis
2654 1142 2869 1196 culmen
2943 1141 3275 1197 enitentibus
3338 1140 3690 1205 subeundos,

2102 1249 2366 1304 superare
2403 1253 2416 1289 :
2450 1235 2710 1305 quoniam
2777 1234 2885 1299 via,
2946 1233 3245 1304 inquiebat,
3306 1242 3577 1302 prterupta
3636 1242 3692 1285 et

2101 1327 2347 1393 acclivis,
2378 1327 2652 1383 laboriosa
2675 1336 2729 1382 et
2765 1326 3001 1382 dillicilis
3033 1327 3328 1381 admodum
3373 1338 3476 1380 est.
3511 1325 3694 1392 Quare

2107 1430 2302 1474 auctor
2344 1419 2439 1473 tibi
2501 1435 2644 1485 sum,
2700 1428 2757 1474 ut
2811 1419 2863 1473 in
2889 1419 3142 1489 prtesenti
3174 1428 3319 1474 statu
3372 1427 3696 1472 constanter

2102 1512 2289 1581 pietati
2345 1513 2709 1583 religionique
2761 1527 2982 1582 operam
3038 1513 3160 1577 des,
3190 1520 3242 1565 ct
3275 1526 3303 1563 a
3343 1510 3574 1565 Domino
3598 1520 3694 1565 tuo

2105 1603 2409 1674 Epiphanio
2460 1604 2749 1674 diligenter
2807 1602 3007 1667 discas,
3033 1616 3155 1672 quze
3189 1602 3254 1656 ad
3314 1601 3569 1655 virtutem
3600 1617 3693 1657 sa-

2104 1694 2387 1765 lutemque
2434 1703 2583 1749 tuam
2619 1694 2855 1749 maxime
2900 1696 3251 1749 conducunt:
3281 1693 3694 1748 fornicationem

2109 1786 2259 1857 fuge,
2289 1787 2613 1857 injuriarum
2643 1786 2985 1851 obliviscere,
3045 1786 3183 1841 alias
3209 1784 3523 1839 affectiones
3574 1784 3699 1837 uni-

426 1883 508 1935 ὅτι
540 1881 603 1934 οὐ
638 1880 864 1933 δύνασαι
887 1878 1045 1933 τοῦτο
1100 1880 1343 1950 ποιῆσαι.
1393 1878 1577 1933 Ταῦτα
1621 1880 1676 1933 ὣ
1710 1878 1953 1942 ἀκούσας
1983 1881 2011 1932 6

2115 1895 2303 1935 versas
2352 1888 2637 1949 tempera:
2669 1892 2789 1947 qua:
2842 1878 2985 1931 enim
3027 1876 3227 1930 talibus
3266 1886 3317 1929 te
3372 1872 3696 1943 subjiciendi

432 1973 616 2033 Ὅσιος
650 1970 946 2042 ἡσύχαζεν.

2117 1972 2412 2028 necessitas
2445 1980 2598 2041 urget
2629 1971 2652 2023 ?
2682 1969 2762 2023 Ad
2795 1968 2910 2023 haec
2946 1967 3184 2023 famulus
3209 1983 3226 2027 ι
3255 1966 3312 2021 Si
3358 1965 3459 2031 vis,
3492 1964 3689 2033 inquit,

424 2064 745 2120 miserrimae
793 2078 927 2120 mete
983 2063 1176 2121 vilitati
1229 2063 1485 2135 obsequi,
1558 2064 1666 2129 die,
1718 2061 1859 2132 quod
1917 2076 2024 2117 non
2067 2071 2221 2130 potes
2281 2061 2332 2116 id
2380 2060 2631 2117 eﬂ‘ectum
2672 2060 2824 2117 dare.
2880 2057 3092 2125 Quibus
3178 2056 3377 2112 auditis
3459 2055 3692 2110 obticuit.

420 2156 693 2213 Andreas.

506 2250 606 2314 €01.
637 2249 697 2303 '0
719 2247 778 2302 δὲ
804 2248 1120 2317 Ἐπιφάνιος
1142 2248 1353 2319 βλέπων
1368 2249 1470 2317 τὴν
1490 2248 1694 2317 ἀθρόαν
1722 2248 2025 2319 μεταϐολὴν

435 2341 532 2411 τῆς
560 2340 807 2409 γλώττης
832 2339 926 2393 τοῦ
960 2340 1169 2405 παιδὸς,
1201 2342 1283 2393 ὅτι
1313 2338 1349 2392 ἃ
1380 2339 1457 2409 μὴ
1492 2340 1813 2410 μεμάθηκεν
1843 2342 2016 2409 ἀπεφο

436 2434 684 2501 θέγγετο,
707 2434 766 2487 ἐν
793 2436 859 2503 τῇ
889 2433 1093 2503 καρδίᾳ
1139 2432 1306 2486 αὐτοῦ
1351 2431 1524 2485 ταῦτα
1568 2430 1860 2483 συνέϐαλεν
1919 2433 2017 2485 καὶ

435 2524 586 2591 λέγει
615 2542 629 2556 ·
666 2524 837 2577 Βαὸαὶ
868 2525 962 2576 τοῦ
1005 2523 1310 2592 θαύματος,
1343 2523 1488 2576 πόσα
1528 2523 1579 2574 οι
1616 2522 2017 2590 ’Λγιοιδύναν-

431 2618 558 2669 tat!
613 2614 671 2668 ὐ
696 2616 753 2668 δὲ
788 2615 1076 2685 Μακάριος
1117 2615 1316 2685 ἐδεήθη
1358 2614 1452 2668 τοῦ
1490 2615 1697 2684 Κυρίου
1739 2614 1868 2686 περὶ
1911 2613 2007 2667 τοῦ

437 2706 628 2769 παιδὸς
657 2747 671 2771 ,
714 2706 877 2776 χάριν
920 2686 1043 2777 vi}?
1065 2706 1276 2760 ἐκείνου
1328 2708 1623 2777 αἰτήσεως,
1674 2706 1729 2760 τί
1773 2708 1880 2778 ἄρα
1927 2708 2010 2761 δεῖ

434 2796 694 2867 γενέσθαι
713 2813 725 2827 '
761 2800 855 2855 καὶ
881 2795 1046 2873 ἦλθεν
1072 2800 1224 2872 φωνὴ
1247 2798 1396 2870 αὐτῷ
1424 2798 1689 2870 λέγουσα·
1717 2799 1830 2857 Οὐκ
1858 2798 2009 2856 ἐστιν

435 2890 597 2945 τοῦτο
643 2894 945 2963 συμφέρον,
989 2895 1170 2959 ἄπαγε
1222 2893 1317 2947 τοῦ
1367 2893 1808 2963 ἐγχειρήματος
1839 2894 2014 2961 δεῖξον

437 2982 587 3054 αὐτῷ
634 2987 868 3056 πρᾶγμα
902 2987 1084 3040 ὁποῖόν
1118 2988 1289 3051 ἐστιν,
1331 2986 1405 3056 μὴ
1459 2985 1534 3047 ὠς
1585 2986 1849 3040 ἀδυνάτου
1896 3003 2014 3051 σου,

433 3076 660 3131 τοιαῦτα
689 3078 1166 3148 καταψηφίσηται.
1211 3078 1270 3131 'O
1300 3073 1393 3131 οὖν
1423 3079 1709 3150 Μακάριος
1737 3078 1907 3150 ἔφησε
1935 3078 2015 3149 τῷ

2184 2253 2274 2310 6i.
2328 2253 2539 2309 interea
2596 2267 2725 2308 vero
2780 2251 3139 2322 Epiphanius,
3222 2247 3702 2304 animadvertens,

2113 2344 2291 2399 subita
2317 2345 2514 2413 linguae
2536 2342 2841 2398 mutatione
2888 2341 3150 2396 fanmlum
3183 2355 3367 2406 suum,
3404 2353 3524 2407 qua:
3557 2353 3699 2391 nun-

2118 2450 2285 2505 quam
2336 2436 2626 2501 didicerat,
2693 2436 2746 2489 in
2802 2436 3042 2488 medium
3070 2432 3345 2503 proloqui,
3401 2429 3703 2499 impensius

2115 2544 2229 2585 rem
2290 2542 2475 2582 annuo
2502 2527 2784 2597 perpendit
2808 2526 3240 2594 exclamavitque
3273 2542 3285 2577 :
3314 2524 3498 2592 Papae!
3530 2537 3706 2585 quan-

2121 2635 2233 2679 tum
2286 2621 2651 2676 miraculum!
2685 2621 2814 2691 quid
2878 2618 3062 2675 Sancti
3090 2634 3197 2673 non
3223 2615 3493 2672 eﬂiciant!
3542 2614 3704 2666 Beato

2117 2725 2298 2770 autem
2324 2714 2537 2769 Andrea
2598 2712 2891 2768 Dominum
2922 2712 3176 2783 precibus
3211 2724 3307 2779 pro
3344 2708 3572 2769 fatnulo,
3608 2706 3701 2776 qui

2116 2822 2209 2863 eas
2236 2807 2394 2862 enixe
2418 2806 2707 2876 ﬂagitarat,
2732 2805 3126 2875 interrogante,
3144 2802 3271 2873 quid
3288 2801 3502 2854 tandem
3523 2801 3589 2856 de
3612 2800 3704 2852 illo

2100 2901 2363 2955 .l‘uturum
2430 2909 2595 2961 esset,
2668 2898 2875 2967 allapsa
2930 2912 3035 2951 vox
3094 2906 3197 2960 est,
3263 2894 3334 2947 ita
3391 2891 3701 2961 inquiens:

2117 2992 2445 3061 Neuliquam
2501 2991 2630 3044 illud
2668 2990 3112 3060 expedit,apage,
3139 3002 3261 3043 cum
3304 2985 3479 3040 istltoc
3504 2983 3697 3038 consi-

2118 3084 2191 3138 lio
2221 3104 2231 3137 :
2266 3083 2494 3138 ostende
2536 3082 2639 3152 ipsi
2693 3091 2892 3151 quanta
2924 3096 3009 3136 res
3057 3081 3161 3143 sit,
3196 3079 3429 3148 impares
3484 3076 3531 3129 ei
3563 3075 3705 3128 vires

453 3169 698 3239 Ἀγγέλῳ
753 3169 829 3240 τῷ
877 3171 1183 3237 ἐφεστιὶτιο
1230 3171 1451 3240 Πλῆσον
1504 3170 1563 3224 τὸ
1606 3171 1865 3241 ποτήριον
1915 3172 2009 3242 τῆς

2117 3190 2240 3231 esse
2288 3176 2353 3230 ad
2417 3174 2539 3229 talia
2602 3174 3048 3244 aggrediendum.
3101 3172 3345 3225 Andreas
3414 3169 3576 3239 igitur
3630 3165 3707 3219 ait

442 3260 737 3331 θυμηδίας,
769 3260 862 3329 ἀφ’
887 3256 953 3331 ἧς
983 3262 1016 3332 ή
1058 3264 1219 3331 χάρις
1253 3260 1348 3315 τοῦ
1392 3261 1514 3315 κατ’
1544 3263 1643 3332 ἐμὲ
1678 3264 2016 3333 χαρίσματος

437 3352 766 3423 ἐπήνοησεν.
810 3352 1097 3422 Ἐποίησεν
1136 3369 1193 3406 τε
1237 3354 1265 3406 ὁ
1317 3352 1582 3421 Ἀγγελος
1633 3354 1838 3424 Κυρίου
1868 3369 1882 3383 ο
1921 3353 2017 3407 καὶ

437 3442 586 3512 λέγει
626 3443 763 3514 πρὸς
796 3443 957 3495 αὑτὸν
986 3446 1013 3497 ὁ
1056 3446 1343 3514 Μακάριος
1374 3463 1388 3477 ⁸
1441 3448 1655 3505 Ποτιεῖς
1690 3448 1897 3501 ἐκεῖνον
1923 3446 2015 3500 τὸν

437 3534 661 3587 ἐπὶτῶν
685 3536 862 3589 ποδῶν
898 3554 1000 3605 μου
1028 3537 1358 3607 καθήμενον.
1400 3540 1461 3594 '0
1507 3540 1565 3595 δὲ
1601 3540 1807 3603 εὐθέως
1850 3541 2018 3611 ἀορά-

435 3642 539 3689 τως
567 3628 819 3681 ἐπότισεν
846 3628 1029 3693 αὐτὸν,
1064 3630 1157 3682 καὶ
1185 3632 1385 3701 ἤρξατο
1418 3631 1447 3685 δ
1479 3634 1611 3695 παῖς
1658 3633 2016 3705 παραπλήσια

440 3720 695 3788 σχήματα
720 3721 981 3789 πράττειν
1008 3722 1223 3775 ἐοικότα
1249 3723 1322 3793 τῷ
1354 3723 1599 3795 θεοφόρῳ
1632 3726 1822 3794 πατρὶ,
1867 3727 2015 3789 ὅστις

438 3813 580 3885 ὁρῶν
606 3814 771 3867 αὑτὸν
795 3814 1007 3883 ἐμειδία
1038 3815 1489 3886 εὐφραινόμενος.
1524 3816 1581 3868 '0
1601 3817 1656 3869 δὲ
1699 3817 2016 3886 Ἐπιφάνιος

440 3910 582 3980 ὀρῶν
612 3908 672 3961 τὸ
700 3909 921 3977 γεγονὸς
948 3910 1245 3980 ἐταράχθη,
1269 3909 1527 3978 φοϐηθεδς
1553 3912 1627 3980 μή
1661 3928 1791 3963 ποτε
1820 3914 2019 3965 ἐπανα-

443 4003 638 4073 δράμῃ
674 4004 823 4056 πᾶσα
862 4002 1235 4072 ἀγανάκτησις
1284 4002 1380 4056 τοῦ
1433 4004 1639 4074 πατρὸς
1681 4002 1868 4068 αὑτοῦ,
1924 4005 2020 4058 καὶ

442 4096 595 4163 λέγει
629 4096 765 4166 πρὸς
791 4097 883 4149 τὸν
912 4096 1200 4166 Μακάριον
1229 4112 1244 4128 ·
1289 4095 1495 4165 Δέομαί
1546 4112 1664 4159 σου,
1716 4095 1870 4149 δοῦλε
1922 4095 2017 4149 τοῦ

438 4184 597 4250 Θεοῦ,
638 4185 713 4255 μὴ
736 4185 971 4256 ποιήσῃς
992 4192 1154 4238 τοῦτο
1179 4185 1241 4238 τὸ
1288 4186 1525 4255 πρᾶγμα
1569 4185 1663 4237 ἐπὶ⁸
1707 4184 1783 4254 τῷ
1832 4184 2017 4255 οἰκέτῃ

439 4279 536 4332 τοῦ
569 4278 777 4349 πατρός
808 4296 938 4347 μου,
972 4279 1045 4349 μή
1076 4294 1208 4331 ποτε
1238 4280 1331 4332 καὶ
1361 4278 1523 4341 αὐτὸς
1572 4277 2015 4348 ἐξουδενωθείσῃ,

443 4371 535 4423 καὶ
570 4370 598 4421 ὀ
629 4369 759 4432 Θεὸς
791 4369 912 4422 ἀντὶ
937 4367 1144 4436 ἀγαθοῦ
1177 4368 1732 4439 βλασφημηθήσεται,
1780 4372 1876 4421 καὶ
1918 4367 2018 4437 ἐμὲ

2125 3270 2333 3340 Angelo
2369 3268 2604 3331 adstanti
2630 3267 2735 3323 sibi
2768 3286 2782 3321 :
2820 3265 2986 3335 Imple
3016 3265 3241 3320 calicem
3269 3265 3425 3331 ,lnmc
3484 3260 3706 3329 liquida:

2128 3362 2423 3431 voluptatis
2471 3376 2640 3426 n-ero,
2702 3359 2858 3429 cujus
2908 3358 3035 3411 olim
3084 3364 3244 3426 gustu
3280 3354 3477 3408 divinae
3519 3349 3707 3422 gratia:

2122 3455 2283 3509 donis
2331 3453 2639 3509 cumulatus
2689 3466 2832 3505 sum.
2902 3448 3227 3518 Parentique
3288 3461 3415 3500 mox
3465 3443 3702 3513 angelo:

2124 3552 2195 3604 Da
2235 3586 2249 3612 ,
2324 3545 2522 3614 inquit,
2574 3544 2650 3598 illi
2687 3544 2752 3597 ad
2790 3542 2954 3612 pedes
3011 3556 3160 3595 meos
3197 3546 3472 3609 prostrato
3514 3546 3710 3605 potan-

2118 3641 2269 3693 dum.
2323 3635 2478 3703 Quod
2541 3635 2740 3689 factum
2794 3634 3068 3687 continuo
3104 3640 3189 3686 est
3220 3630 3380 3684 modo
3408 3628 3704 3695 invisibili;

2119 3732 2391 3800 coepitque
2422 3729 2655 3781 famulus
2693 3727 2901 3780 similes
2946 3726 3103 3794 plane
3167 3733 3353 3793 gestus
3398 3723 3708 3790 exprimere

2120 3824 2312 3877 deit‘eri
2366 3821 2533 3892 patris
2576 3820 2824 3882 Andreae,
2868 3820 2959 3888 qui
3008 3819 3157 3871 illum
3215 3815 3559 3884 constticiens
3598 3829 3708 3869 non

2119 3928 2179 3969 se
2230 3911 2552 3981 temperavit
2607 3926 2637 3964 a
2668 3909 2805 3964 risu.
2869 3910 2940 3962 At
2980 3908 3321 3977 Epiphanius
3355 3907 3429 3961 rei
3466 3908 3708 3960 novitate

2121 4004 2391 4065 turbatus,
2428 4003 2765 4072 veritusque,
2821 4015 2890 4056 ne
2915 3999 3054 4069 patri
3089 3998 3215 4053 hinc
3248 4012 3350 4053 suo
3393 4012 3708 4053 commove-

2124 4104 2275 4150 retur
2300 4094 2444 4159 bilis,
2498 4093 2695 4148 talibus
2722 4092 2985 4148 Sanctum
3036 4089 3288 4161 precibus
3325 4088 3554 4143 adorsus
3581 4097 3705 4145 est:

2118 4190 2329 4243 Amabo
2400 4198 2474 4250 te,
2520 4185 2722 4240 lamule
2778 4185 2893 4251 Dei,
2943 4198 3013 4238 ne
3063 4184 3156 4237 tali
3192 4183 3356 4237 modo
3386 4181 3556 4251 patris
3601 4181 3705 4235 mei

2124 4279 2391 4335 famulum
2428 4278 2565 4333 allici
2607 4277 2872 4348 patiaris;
2908 4292 2975 4331 ne
2999 4275 3139 4329 forte
3170 4284 3225 4329 et
3245 4285 3298 4327 tu
3348 4274 3462 4344 ipse
3502 4273 3706 4327 malum

2123 4372 2218 4426 tibi
2269 4385 2539 4434 accersas,
2570 4378 2624 4424 et
2675 4368 2818 4424 Deus
2848 4383 2945 4437 pro
2971 4367 3129 4421 bonis
3160 4365 3529 4435 illaSphemias
3561 4363 3706 4418 reci-

447 4460 823 4530 μεμισημένον
852 4460 947 4514 καὶ
980 4460 1255 4530 ἐπάρατον
1272 4460 1450 4530 δείξῃς
1476 4460 1554 4531 τῷ
1580 4462 1887 4530 γεννήτορι,
1923 4461 2012 4513 καὶ

2121 4465 2255 4535 piat,
2304 4473 2359 4518 et
2391 4478 2479 4519 me
2502 4462 2642 4533 patri
2678 4476 2800 4516 meo
2826 4460 3078 4515 odiosum
3106 4467 3268 4527 atque
3308 4456 3707 4514 exsecrandum

440 4554 537 4623 οὐχ
570 4553 679 4617 ἐξω
710 4551 803 4604 τοῦ
838 4551 1091 4605 ἐντεῦθεν
1135 4552 1530 4619 εἰσαγαγέσθαι
1579 4567 1659 4604 σε.
1708 4551 2012 4622 Παρακαλῶ

2125 4529 2343 4619 reddas,
2379 4529 2553 4624 neque
2584 4553 2792 4609 audebo
2832 4552 3090 4620 deinceps
3124 4558 3176 4605 te
3210 4550 3317 4605 huc
3341 4550 3707 4604 introducere.

440 4636 532 4692 οὖν
587 4638 681 4691 καὶ
726 4638 917 4707 δέομαι
974 4639 1049 4709 μὴ
1104 4638 1267 4709 κενὴν
1311 4638 1645 4710 άποπέμψῃς
1689 4639 1788 4711 τὴν
1838 4639 2012 4711 δέησίκ

2126 4645 2238 4703 Oro
2287 4646 2452 4716 igitur
2498 4654 2659 4715 atque
2705 4645 2954 4705 obsecro,
2988 4648 3048 4695 ut
3094 4642 3290 4700 irritas
3326 4656 3393 4694 ne
3422 4640 3556 4697 velis
3587 4655 3709 4695 esse

446 4747 571 4798 μου,
609 4730 858 4801 μέμνησο
894 4730 1025 4800 μιᾶς
1060 4730 1275 4801 ἡμέρας
1320 4731 1546 4801 ἀγάπην
1586 4732 1719 4801 ἐμοῦ
1753 4732 1849 4786 τοῦ
1878 4732 2026 4786 οἰκέ-

443 4836 535 4871 του
566 4838 684 4875 σου.

520 4912 613 4981 ξβι.
647 4911 706 4966 '0
731 4912 789 4966 δὲ
814 4913 1101 4984 Μακάριος
1128 4913 1202 4985 μὴ
1226 4912 1394 4967 θέλων
1414 4912 1505 4967 τὸν
1535 4912 1851 4982 Ἔπιφάνιον
1876 4914 2031 4967 κενὸν

444 5005 792 5075 ἀποπέμψαι,
824 5007 1137 5075 ὑπήκουσεν
1162 5004 1326 5060 αὐτοῦ
1351 5006 1452 5076 τῆς
1477 5006 1739 5076 δεήσεως,
1769 5006 1862 5059 καὶ
1896 5022 2030 5076 προ-

445 5090 669 5156 σέταξεν
698 5091 861 5145 πάλιν
891 5092 969 5163 τῷ
996 5093 1214 5166 ἀγγέλῳ
1270 5095 1365 5149 τοῦ
1412 5093 1544 5167 ἆραι
1598 5096 1694 5149 ἀπ’
1750 5094 1918 5149 αὑτοῦ
1963 5097 2025 5150 τὸ

443 5183 717 5253 καταχθὲν
742 5184 894 5255 αὐτῷ
926 5184 1157 5255 δώρημα
1176 5202 1191 5217 ·
1223 5187 1317 5241 καὶ
1344 5186 1507 5241 πάλιν
1532 5182 1695 5258 ἦλθεν
1726 5187 1754 5239 ὁ
1782 5190 1913 5250 παῖς
1942 5188 2025 5251 είς

442 5276 541 5344 την
573 5279 843 5349 προτέραν
872 5281 1224 5343 κατάστασιν,
1270 5278 1452 5343 καθὼς
1498 5279 1689 5349 πρώην
1728 5280 2028 5352 ἐχρημάτι-

444 5367 559 5429 ζεν,
626 5373 714 5426 Ἐν
771 5372 916 5443 λύπη
973 5373 1032 5427 δὲ
1088 5373 1324 5445 μεγίστῃ
1373 5374 1663 5442 γενόμενος
1714 5377 1743 5428 ὁ
1782 5375 2023 5443 οἰκέτης,

446 5464 750 5531 παρεκάλει
778 5466 870 5518 τὸν
902 5466 1092 5520 Ὅσιον
1127 5465 1353 5535 δοθῆναι
1389 5465 1538 5536 αὐτῷ
1567 5467 1731 5521 πάλιν
1760 5466 1821 5518 τὸ
1851 5466 2024 5536 δῶρον

442 5554 642 5611 ἐκεῖνο.
687 5556 749 5610 '0
775 5558 834 5610 δέ
857 5559 995 5629 πρὸς
1028 5560 1193 5614 αὐτὸν
1219 5558 1604 5630 ἀπεφθέγξατο
1633 5572 1648 5589 °
1703 5558 2023 5628 Λελάληκάς

513 5700 626 5771 (80)
654 5698 849 5755 Mirum
887 5702 1030 5772 quod
1058 5718 1166 5758 non
1203 5703 1381 5771 potius
1421 5703 1477 5775 in
1538 5702 1872 5775 Scythicam,
1899 5722 2022 5775 qua:

442 5766 647 5844 Sancto
698 5766 945 5844 materna
998 5785 1134 5827 erat.
1198 5766 1302 5829 Sed
1338 5784 1391 5830 et
1448 5766 1725 5844 Syriacam
1763 5766 2021 5831 didicisse

441 5841 626 5910 aliqua
695 5841 982 5899 occasione
1030 5845 1223 5913 potuit,
1255 5856 1311 5900 ut
1340 5855 1453 5902 erat
1490 5841 1753 5916 perquam
1778 5844 1972 5903 docilis
2004 5864 2016 5902 :

2125 4753 2318 4810 preces
2342 4752 2511 4802 meas,
2534 4751 2744 4791 memor
2778 4734 2980 4789 amoris
3007 4742 3061 4787 et
3111 4731 3356 4787 beneficii
3382 4747 3413 4787 a
3446 4747 3530 4786 me
3553 4746 3711 4786 servo

2124 4843 2215 4887 tuo
2245 4830 2337 4885 tibi
2366 4829 2662 4901 aliquando
2684 4826 2933 4899 praestiti.

2198 4923 2284 4978 62.
2312 4921 2562 4977 Andreas
2602 4922 2766 4977 hasce
2815 4935 3005 4991 preces
3066 4920 3123 4974 in
3153 4925 3372 4973 ventum
3406 4915 3557 4970 abire
3590 4928 3702 4969 non

2120 5016 2326 5081 ferens,
2380 5013 2684 5086 Epiphanio
2716 5030 2923 5070 morem
2973 5014 3139 5086 gessit
3188 5011 3555 5083 prmcepitque
3586 5022 3712 5062 rur-

2130 5120 2252 5161 sum
2299 5107 2514 5177 angelo,
2544 5115 2603 5162 ut
2637 5106 2782 5177 quod
2834 5106 3037 5161 famulo
3095 5104 3316 5159 allatum
3341 5110 3461 5158 erat
3486 5101 3711 5163 donum,

2128 5200 2378 5267 protinus
2408 5198 2622 5252 tolleret
2653 5213 2668 5253 :
2697 5207 2751 5253 et
2781 5199 3068 5253 restitutus
3105 5205 3189 5253 est
3233 5196 3283 5252 ei
3315 5196 3575 5264 pristinus
3598 5192 3711 5246 oris

2129 5290 2489 5360 corporisque
2540 5290 2780 5346 habitus.
2811 5290 3176 5356 Quamobrem
3207 5304 3312 5343 non
3352 5287 3453 5341 levi
3480 5298 3712 5340 mcerorc

2130 5380 2378 5448 allectus,
2430 5380 2498 5436 ad
2553 5396 2740 5450 preces
2788 5382 2987 5437 iterum
3041 5381 3304 5450 confugit,
3335 5377 3710 5443 Sanctumquc

2129 5472 2365 5527 ablatum
2415 5473 2615 5528 donum
2659 5474 2984 5543 repoposcit.
3042 5473 3142 5528 Cui
3200 5471 3477 5525 Sanctus:
3516 5467 3709 5521 Dixisti

2130 5565 2290 5619 modo
2346 5564 2504 5628 mihi,
2537 5578 2643 5619 non
2675 5578 2834 5635 posse
2864 5581 2948 5620 me
2980 5580 3096 5619 rem
3148 5571 3352 5618 tantam
3379 5562 3432 5615 in
3467 5570 3519 5615 te
3544 5559 3707 5629 perll~

2129 5719 2182 5763 et
2230 5725 2351 5766 mox
2404 5709 2604 5765 dicitur
2665 5707 2809 5763 dono
2842 5707 3147 5776 linguarum
3184 5702 3462 5774 praeditus,
3515 5709 3575 5756 ut
3607 5713 3707 5754 sua

2129 5795 2404 5850 quemque
2431 5782 2610 5849 lingua
2640 5779 2841 5849 alloqui
2880 5786 3085 5848 posset.
