4148 6446
492 354 599 415 7θ3
1560 366 1608 425 Ν
1622 365 1978 430 [CEPHORI
2021 369 2130 430 PR

2134 371 2504 434 ESBYTERI
2545 376 2654 438 (ΖΡ.
3658 395 3772 457 ’704

492 479 617 517 (ιντο
653 481 666 519 :
700 481 841 521 nunc
900 469 1062 539 igitur
1093 470 1232 538 \ide,
1283 489 1388 543 quo
1425 492 1520 546 pro
1560 478 1712 533 libitu
1755 497 1875 535 meo
1899 482 1951 536 in
1980 497 2079 537 no-
2109 487 2130 540 1

2135 488 2152 540 ι
2187 497 2302 548 μοι,
2334 484 2394 537 οὐ
2425 484 2688 538 δύνασθαί
2727 503 2797 553 με
2845 487 3086 542 τοιοῦτον
3116 490 3489 558 ἐπιδείξασθαι
3544 499 3602 553 ἐν
3633 503 3719 554 σοί
3763 519 3773 534 ·

493 558 640 611 mine
695 558 908 614 Domini
963 564 1168 634 majora
1223 569 1383 620 etiam
1418 569 1470 624 in
1515 581 1566 626 te
1594 575 1792 640 possim
1827 593 1858 630 :-
1888 593 2072 630 verum

2182 572 2372 626 θέασαι
2404 575 2584 628 τοίνυν
2611 578 2706 630 καὶ
2740 579 2815 632 ἴδε
2838 580 2920 632 ὅτι
2947 581 3006 634 ἐν
3037 582 3114 652 τῷ
3155 583 3379 655 ὀνόματι
3430 590 3635 660 Κυρίου
3673 596 3771 646 καὶ

495 648 668 705 herus
701 661 827 706 tuus
855 654 1184 725 Epiphanius
1216 675 1378 727 porro
1402 662 1742 729 perficiendae
1763 668 1836 719 rei
1865 667 2074 722 obicem

2181 665 2428 731 μείζονα,
2460 669 2508 720 εί
2553 667 2848 738 βούλομαι,
2889 673 2954 724 ἐν
2993 648 3464 748 σοὶνέπιδείκνυμι
3502 648 3697 750 ’.πλὴν
3743 687 3771 736 6

490 740 842 811 interposuit,
876 748 1030 803 nefas
1061 750 1206 804 enim
1242 752 1440 806 ducunt
1472 756 1610 810 sacri
1647 773 1908 825 canones,
1946 776 2076 814 con-

2179 756 2368 826 κύριός
2403 775 2497 812 σου
2531 760 2848 830 Ἐπιφάνιος
2869 763 3098 832 κὼλυμά
3127 783 3208 818 σοι
3234 769 3770 842 καθέστηκεν,παρᾶ

493 844 574 888 tra
601 835 803 892 domini
847 841 921 894 tui
955 843 1282 899 voluntatem
1345 849 1642 918 quidquam
1692 868 1872 921 agerc.
1898 855 2077 910 ϐιαιο-

2177 852 2406 920 γνώμην
2437 853 2548 923 γὰρ
2579 854 2673 907 τοῦ
2705 857 2894 926 κυρίου
2940 874 3032 912 σου
3065 861 3113 912 οἱ
3152 860 3286 913 θεῖοι
3334 865 3560 927 κανόνες
3593 867 3763 937 πράτ-

491 942 611 980 rum
659 932 798 985 alius
835 949 864 987 c
909 934 1238 990 famulorum
1283 942 1457 1005 turba,
1506 943 1573 998 ab
1605 945 1891 1015 Epiphanii
1923 957 2076 1016 patre

2177 957 2293 993 τειν
2331 941 2429 994 οὐκ
2459 944 2870 1014 ὲπιτρέπονται.
2909 945 3006 1012 Εἷς
3051 949 3109 1002 δέ
3159 951 3270 1003 τῶν
3319 955 3623 1008 συνδούλων
3667 959 3763 1010 τοῦ

497 1021 564 1073 ad
619 1022 670 1075 id
724 1025 945 1092 missus,
1009 1029 1152 1084 hunc
1181 1033 1247 1085 ad
1280 1034 1640 1090 ministerium
1671 1055 1831 1094 suum
1855 1041 2072 1097 accivit.

2179 1034 2392 1099 παιδὸς,
2453 1037 2750 1103 προστάξει
2799 1039 2893 1092 τοῦ
2943 1041 3209 1096 δεσπότου
3252 1045 3442 1112 αὑτοῦ,
3492 1049 3761 1118 κέκληκεν

497 1111 725 1184 Jamque
775 1118 859 1171 die
887 1118 940 1172 in
994 1129 1208 1176 noctem
1244 1138 1517 1195 vergente,
1547 1132 1811 1199 compulit
1843 1132 2077 1201 Epipha-

2178 1127 2343 1180 αὑτὸν
2375 1130 2477 1204 ..είς
2510 1119 2807 1184 διακονίαν.
2858 1133 3135 1204 Ἐσπέρας
3181 1137 3238 1190 δὲ
3295 1141 3393 1210 ἤδη
3435 1111 3761 1213 γενομένης,

491 1205 617 1258 nius
679 1205 972 1277 Andream,
1035 1225 1353 1282 pernoctare
1413 1232 1728 1278 secutnzet
1780 1225 1868 1283 hic
1923 1242 2073 1281 com-

2178 1219 2441 1274 ἐϐιάσατο
2468 1223 2496 1274 6
2540 1223 2860 1292 ’Em;deg
2885 1225 2976 1279 τὸν
3001 1227 3192 1282 Ὀσιον
3226 1205 3326 1283 τοῦ.
3345 1205 3526 1301 μεῖναι
3553 1205 3760 1298 ἐκεῖσε,

490 1297 707 1364 peltenti
767 1317 972 1358 morem
1035 1309 1224 1376 gessit.
1280 1313 1420 1367 Ecce
1473 1323 1654 1370 autem
1705 1319 1809 1372 sub
1857 1321 2070 1375 tertiam

2175 1313 2271 1362 καὶ
2299 1310 2357 1374 ὃς
2385 1313 2687 1378 ὑπήκουσε.
2725 1316 2862 1387 Περὶ
2904 1318 2961 1370 δὲ
2993 1318 3188 1389 τρίτην
3220 1297 3471 1394 φυλακὴν
3503 1324 3601 1393 τῆς
3624 1297 3760 1377 νυκέ

493 1391 670 1445 unctis
725 1393 960 1462 vigiliam
1014 1398 1204 1457 famuli
1254 1419 1466 1469 omnes,
1522 1411 1759 1466 servitiis
1800 1415 1914 1468 suis
1940 1430 2076 1483 pra:-

2175 1399 2266 1463 τὺς
2312 1401 2763 1472 εὐκαιρησάντων
2794 1406 3016 1461 πάντων
3035 1410 3144 1462 τῶν
3184 1413 3436 1474 οἰκετῶν,
3475 1415 3752 1484 συνήχθη-

494 1483 636 1536 statis
698 1487 865 1541 otium
911 1493 1089 1558 nacti,
1147 1497 1212 1548 ad
1265 1496 1665 1568 Epiphaniam,
1718 1507 1813 1573 qui
1861 1508 2075 1564 cunctis

2179 1508 2280 1545 σαν
2314 1495 2435 1546 κατ’
2474 1494 2597 1558 ἔθος
2621 1496 2758 1564 πρὸς
2804 1499 2895 1551 τὸν
2941 1501 3281 1570 Ἐπιφάνιον,
3327 1506 3516 1574 ἀγάπῃ
3547 1483 3758 1558 δείδια-

492 1573 546 1625 in
591 1591 777 1633 amore
835 1595 901 1635 ac
947 1586 1298 1644 veneratione
1355 1604 1491 1658 crat,
1549 1611 1616 1648 cx
1670 1612 1823 1652 more
1870 1613 2074 1654 convc-

2177 1589 2337 1658 πύρῳ
2367 1590 2733 1659 κρατούμενοι
2769 1594 2906 1664 πρὸς
2943 1597 3126 1661 αὐτὸν,
3161 1594 3230 1669 ἦν
3271 1601 3382 1668 γὰρ
3423 1603 3538 1662 τοῖς
3590 1604 3759 1653 πᾶσιν

491 1665 692 1732 niunt,
736 1678 1053 1745 stantesque
1104 1680 1417 1750 conjunctis
1481 1688 1736 1746 nianibus
1791 1693 2077 1750 considere

2177 1679 2458 1748 αἰδέσιμος
2532 1685 2626 1738 καὶ
2691 1687 2956 1758 ἐράσμιος
3003 1704 3023 1720 ο
3079 1692 3386 1761 ἱσταμένων
3429 1689 3525 1746 οὖν
3582 1694 3760 1747 αὐτῶν

482 1755 621 1824 jussi
656 1772 803 1816 sunt;
2105 1774 2371 1879 Βχερσὶν
2450 1776 2850 1848 ἑσφιγμέναις,
2923 1785 3257 1855 προσέταξεν
3324 1787 3528 1847 αὐτοὺς
3597 1788 3763 1842 καθε-

509 1859 521 1870 ·
2105 1859 2146 1879 ”
2178 1862 2395 1932 σθῆναι.

558 1948 647 2002 65.
671 1951 1100 2013 Cousidentibus
1141 1957 1325 2036 itaque
1353 1962 1459 2018 illis
1489 1973 1542 2019 et
1584 1966 1950 2038 Epiphanium
1983 1989 2075 2031 co-

2248 1953 2348 2021 ξγ¹.
2379 1954 2468 2015 Ὠς
2492 1953 2587 2008 οὖν
2609 1955 2985 2026 ἐκαθέσθησαν
3007 1956 3192 2030 κύκλῳ
3215 1959 3406 2021 αὐτοῦ.
3433 1963 3461 2014 ὁ
3490 1965 3751 2034 μακάριος

489 2051 625 2092 rona
653 2040 1016 2112 cingentibus,
1059 2050 1194 2104 vidit
1251 2053 1496 2111 Andreas
1536 2062 1838 2129 perspicaci
1876 2064 2077 2121 mentis

2189 2045 2440 2115 Ἀνδρέας
2471 2045 2548 2116 τῷ
2594 2046 2765 2118 νοερῷ
2799 2048 2900 2118 τῆς
2937 2049 3178 2113 διανοίας
3213 2050 3425 2121 ὄμματι
3459 2053 3602 2121 ἐώρα
3637 2057 3751 2118 ἑνὸς

488 2135 674 2198 orulo,
732 2137 860 2206 quid
909 2140 1146 2212 quisque
1199 2159 1456 2215 operatus
1505 2163 1669 2216 esset,
1699 2171 1834 2225 quos
1863 2173 2077 2217 errores

2177 2139 2411 2193 ἑκάστου
2444 2141 2510 2194 τὰ
2545 2143 2707 2212 ἔργα,
2744 2146 2838 2198 καὶ
2873 2145 3012 2216 ποίῳ
3044 2145 3329 2216 σφάλματι
3379 2147 3606 2210 ἕκαστος
3652 2148 3755 2198 αὐ·-

493 2226 759 2283 delictave
824 2234 1517 2312 connuisissetzcumque
1601 2250 1854 2306 omnibus
1935 2262 2078 2308 recte

2178 2232 2288 2287 τῶν
2341 2235 2816 2307 προκατείληπτο·
2875 2240 2968 2292 καὶ
3007 2239 3178 2294 Θέλων
3223 2241 3417 2303 αὐτοὺς
3450 2239 3748 2309 ὠφελῆσαι,

489 2319 803 2375 consultum
830 2324 1009 2388 vellet,
1041 2328 1267 2385 exordio
1296 2332 1511 2389 dicendi
1550 2336 1726 2406 facto,
1758 2344 2074 2410 parabolam

2179 2325 2624 2398 τροπευσάμενος
2669 2329 2890 2399 ὁμιλίαν
2939 2330 3146 2402 ἧρξατο
3189 2332 3389 2400 λέγειν,
3445 2332 3753 2402 παραϐολήν

489 2412 778 2493 quamdam
837 2415 888 2468 in
937 2419 1171 2476 medium
1207 2427 1452 2492 protulit.
1479 2426 1557 2483 Illi
1591 2445 1720 2488 vero
1758 2435 1876 2504 ejus
1914 2440 2075 2493 verba

2178 2436 2303 2472 τινα
2331 2421 2710 2492 ἐρευγόμενος.
2746 2425 2916 2479 Αὐτοὶ
2944 2425 3002 2478 δὲ
3031 2427 3417 2497 ἐνωτιζόμενοι
3443 2426 3539 2480 τοῦ
3579 2426 3761 2479 Ὀσίου

486 2517 824 2576 sensumque
875 2525 1250 2582 assequentes,
1291 2521 1497 2588 pudore
1549 2525 1741 2582 suil‘nsi
1785 2540 1934 2593 sunt,
1969 2546 2076 2587 non

2179 2512 2251 2564 τὰ
2285 2513 2509 2581 ῥήματα
2541 2517 2634 2568 καὶ
2683 2518 3090 2588 αἰσχυνόμενοι,
3147 2519 3280 2572 ὡσεὶ
3313 2520 3491 2588 φλόγα
3526 2521 3589 2589 τῇ
3625 2517 3763 2572 αἰδοῖ

487 2609 649 2653 secus
672 2614 831 2665 quam
852 2602 899 2657 si
924 2602 1138 2662 ﬂamma
1158 2609 1298 2679 ignis
1329 2613 1628 2672 abstitisset
1651 2634 1680 2673 a
1704 2619 1840 2676 facie
1864 2637 2078 2694 eorum,

2185 2604 2570 2675 μετεφέροντο,
2623 2608 2674 2660 οἱ
2729 2608 2787 2662 δὲ
2851 2611 3020 2682 φρίκῃ
3083 2613 3546 2680 συνεσφίγγοντο,
3611 2609 3761 2664 ἄλλοι

487 2687 579 2741 alii
631 2691 880 2761 rigebant
905 2695 1154 2766 horrore,
1197 2718 1227 2756 a
1260 2706 1516 2762 sensibus
1547 2709 1662 2764 fere
1703 2713 1946 2783 abibant,
1987 2687 2078 2773 alii

2185 2694 2452 2764 ί).ιγγίουν
2493 2699 2584 2751 καὶ
2614 2699 2971 2769 ἐτρόματτον,
3005 2703 3183 2772 ἕτεροι
3215 2704 3598 2773 αἰσχυνόμενοι
3645 2701 3764 2753 ἀνε-

486 2785 809 2842 metuebant
861 2803 925 2845 ac
952 2794 1320 2864 trepidabant,
1351 2804 1598 2858 nonnulli
1646 2821 1754 2874 prae
1817 2823 2080 2866 verecun-

2180 2786 2394 2858 χώρουν
2428 2805 2443 2820 ⁸
2479 2791 2626 2861 ἡγὰρ
2653 2793 2798 2863 ἁπλῇ
2830 2792 2923 2846 τοῦ
2952 2795 3168 2848 Δικσίου
3198 2795 3402 2864 ὁμιλία,
3443 2795 3662 2847 πάντων
3692 2793 3761 2845 τὰ

492 2873 580 2927 dia
614 2889 674 2929 se
694 2877 1069 2938 subducebant
1101 2902 1114 2938 :
1149 2886 1380 2957 simplex
1421 2893 1567 2946 enim
1595 2903 1650 2948 ct
1675 2895 1947 2968 incompta
1979 2901 2080 2956 viri

2183 2882 2563 2953 ἁμαρτήματα
2610 2887 2905 2956 ἀποτόμως
2939 2887 3192 2958 ἤλεγχεν,
3241 2887 3374 2958 ποίῳ
3421 2886 3615 2957 τρόπῳ
3672 2885 3766 2937 καὶ

488 2965 666 3020 sancti
692 2969 864 3023 oratio
890 2972 1142 3030 universa
1173 2992 1366 3034 eorum
1394 2993 1614 3050 peccata
1646 2965 1873 3055 pra-cise
1894 2992 2081 3046 redar-

2184 2974 2302 3036 πῶς
2332 2974 2508 3028 ταῦτα
2543 2976 2952 3044 ἐξειργάσαντο.
2981 2978 3091 3032 Καὶ
3117 2979 3182 3049 δὴ
3207 2978 3366 3033 τοῦτο
3389 2977 3766 3047 θαυμαστότε-

487 3057 706 3125 gucbat,
769 3063 1150 3136 pendebatque
1200 3085 1306 3139 quo
1360 3075 1522 3129 modo
1564 3085 1620 3131 et
1673 3079 1782 3134 fine
1819 3084 2081 3140 commis-

2185 3084 2300 3138 ρον,
2337 3068 2420 3121 ὅτι
2471 3069 2578 3140 ἰδίᾳ
2621 3069 2890 3142 διαλέκτῳ
2941 3071 3157 3143 ἑκάστῳ
3211 3073 3392 3126 αὐτῶν
3441 3072 3681 3143 ἤλεγχεν
3713 3070 3770 3122 τδ

487 3166 548 3204 sa
596 3162 800 3210 essent.
862 3156 978 3223 Qua
1045 3161 1098 3215 in
1157 3178 1217 3218 re
1274 3164 1403 3220 illud
1430 3167 1483 3223 in
1525 3170 1718 3238 primis
1764 3164 2125 3233 mirandum‘

2135 3160 2487 3231 ἶάμάρτημα
2515 3177 2528 3191 ·
2585 3161 2772 3230 ἔλεγον
2818 3163 2875 3216 δὲ
2931 3163 3417 3234 ὑπολαμϐάνοντες
3451 3177 3466 3191 ⁶
3516 3163 3597 3217 Δι’
3674 3162 3773 3232 ἐμὲ

488 3246 661 3310 venit,
720 3249 866 3316 quod
917 3251 1137 3308 cuilibet
1179 3270 1339 3311 suum
1389 3259 1444 3313 in
1483 3275 1584 3315 sua
1635 3261 1814 3333 lingua
1846 3267 2079 3323 manife-

1523 3276 1584 3315 ua
1635 3261 1814 3333 lingua
1846 3267 2079 3323 manifc-
2183 3250 2358 3306 ταῦτα
2386 3251 2570 3322 ὁμιλεῖ
2595 3248 2751 3318 οὗτος
2783 3257 2812 3309 6
2845 3254 3161 3327 ἄνθρωπος.

487 3347 660 3394 staret
697 3353 1004 3412 peccatum,
1045 3349 1447 3417 prnsitantibus
1473 3354 1891 3429 dicentibusque
1934 3363 2075 3431 apud

485 3433 745 3489 se:llunc
785 3451 904 3492 mea
953 3438 1118 3494 homo
1165 3443 1254 3497 ille
1285 3459 1451 3500 causa
1477 3461 1788 3504 sermonem
1827 3453 2078 3510 instituit.

561 3526 649 3580 64.
683 3527 794 3581 lllis
817 3539 1133 3586 autemnon
1167 3533 1352 3590 minus
1413 3535 1609 3593 timore
1648 3553 1812 3608 quam
1845 3550 2082 3599 tremore

2249 3529 2343 3598 ξδ’.
2370 3532 2524 3600 Φόῦῳ
2544 3531 2601 3584 δὲ
2629 3531 2970 3602 βαλλομένων
2990 3532 3082 3584 καὶ
3099 3535 3289 3602 τρόμῳ
3313 3531 3372 3584 ἐν
3390 3531 3468 3602 τῷ
3494 3532 3594 3585 αὐτ
3605 3536 3674 3586 6v
3689 3531 3777 3584 ἐκ-

491 3623 877 3689 consternatis,
907 3622 1036 3678 dum
1063 3626 1316 3681 minutim
1357 3641 1548 3684 eorum
1610 3630 1804 3686 delicta
1829 3648 2080 3690 recense-

2177 3620 2460 3690 φαυλίζειν
2485 3623 2552 3675 τὰ
2579 3622 2957 3695 ἁμαρτήματα
2989 3625 3190 3688 αὐτῶν,
3216 3622 3356 3693 ὀρῶν
3381 3625 3409 3675 6
3440 3627 3773 3696 παμμίαρος

490 3715 583 3768 bet
611 3714 846 3771 Sanctus
872 3755 888 3782 ,
931 3718 1352 3775 scelestissimus
1380 3721 1614 3787 daemon,
1639 3723 2080 3781 animadvertens

2181 3715 2391 3785 δαίμων
2416 3716 2540 3780 τοὺς
2585 3717 2805 3779 οἰκέτας
2875 3716 3197 3784 Ἐπιφανίου
3253 3716 3659 3786 ἐλεγχομένους
3704 3716 3771 3770 τὰ

491 3806 782 3876 Epiphanii
819 3807 1056 3865 famulos
1077 3812 1289 3866 edoceri
1315 3821 1536 3882 peccata
1571 3829 1667 3870 sua
1688 3813 2077 3886 dedoccrique,

2183 3803 2608 3875 παραπτώματα
2651 3807 2831 3860 αὐτῶν
2863 3847 2876 3872 ,
2933 3807 3238 3878 συνεγείρει
3291 3809 3411 3878 μετ’
3456 3809 3633 3862 αὐτοῦ
3681 3810 3772 3863 καὶ

487 3914 612 3952 cum
644 3899 766 3956 aliis
798 3900 1043 3971 ejusdem
1081 3903 1270 3958 larinae
1296 3905 1463 3961 sociis
1499 3907 1616 3962 suis
1638 3907 1703 3962 ad
1754 3909 2082 3965 vestibulum

2182 3896 2392 3959 ἄλλους·
2413 3896 2522 3950 ἀπὸ
2553 3897 2662 3950 τῶν
2687 3897 3014 3968 ἀκαθάρτων
3054 3899 3405 3970 πνευμάτων,
3455 3899 3555 3952 καὶ
3604 3902 3661 3954 ἐν
3694 3898 3771 3970 τῷ

488 3993 684 4046 domus
703 3993 958 4058 accessit,
980 3995 1383 4066 considensque
1415 3997 1615 4053 elatum
1643 4000 1864 4055 sustulit
1888 4002 2081 4058 risum.

2184 3986 2466 4056 προαυλίῳ
2497 3986 2857 4057 καθεζόμενοι
2899 3987 3212 4056 ὲγελοίαζον
3239 4004 3251 4018 ·
3312 3989 3477 4057 γνοὺς
3520 3990 3582 4044 δὲ
3617 3989 3774 4043 τοῦτο

485 4081 607 4146 Quo
659 4085 903 4152 cognito,
950 4084 1068 4152 pari
1129 4085 1247 4140 risu
1322 4088 1605 4156 respondit
1644 4087 1902 4145 Sanctus.
1928 4090 2083 4156 Quod

2183 4079 2212 4131 6
2242 4076 2526 4148 Μακάριος
2561 4079 2800 4148 ἐμειδία,
2831 4078 3044 4133 ἁκούων
3075 4078 3270 4135 ταῦτα.
3309 4081 3371 4132 Ὀ
3393 4079 3486 4133 οὖν
3531 4080 3775 4150 Ἐπιφά-

490 4172 850 4242 Epiphanius,
905 4176 1113 4244 quique
1169 4177 1400 4232 aderant
1451 4178 1580 4246 ipsi,
1636 4180 1905 4245 videntes,
1966 4197 2082 4236 rem

2187 4189 2300 4232 νιος
2332 4171 2426 4224 ttat
2450 4171 2500 4224 οἱ
2529 4171 2627 4224 σὺν
2656 4169 2827 4242 αὐτῷ,
2859 4172 3244 4240 ἐνωτιζόμενοι
3293 4171 3355 4225 τὸ
3398 4172 3494 4226 τοῦ
3543 4173 3771 4227 Δικαίου

490 4267 767 4321 insolitam
823 4267 1260 4334 arbitrabantur,
1291 4277 1346 4324 et
1390 4285 1510 4340 quae
1557 4271 1700 4326 risus
1738 4286 1903 4327 causa
1938 4284 2086 4328 esset

2186 4262 2420 4331 γέλοιον,
2445 4261 2597 4326 ξένον
2619 4262 2780 4316 τοῦτο
2811 4262 3060 4332 ἡγοῦντο,
3093 4264 3188 4317 καὶ
3211 4264 3274 4318 δι’
3300 4265 3367 4336 ἣν
3401 4265 3588 4318 αἰτίαν
3617 4264 3775 4318 τοῦτο

489 4361 700 4416 discere
725 4359 781 4415 in
808 4360 999 4428 primis
1022 4361 1316 4431 cupiebant
1350 4379 1362 4414 :
1393 4377 1502 4416 non
1536 4363 1682 4416 enim
1726 4373 2086 4432 perceperant

2187 4356 2506 4427 εἰσπράττει
2539 4354 2736 4425 μαθεῖν
2767 4356 3053 4409 ἐϐούλοντο
3075 4372 3090 4388 ο
3119 4357 3179 4409 οὐ
3203 4358 3312 4426 γὰρ
3336 4358 3535 4427 ἤκουον
3567 4360 3770 4411 ἐκεῖνοι

493 4454 766 4511 malorum
813 4455 1106 4526 spirituum
1159 4455 1481 4523 cachinnos,
1529 4465 1716 4526 utpote
1742 4457 1833 4513 tali
1868 4458 2079 4514 visione
2111 4517 2131 4548 Ι

2187 4445 2298 4500 τῶν
2328 4446 2583 4516 πονηρῶν
2617 4448 2950 4516 πνευμάτων
2979 4447 3039 4500 τὸ
3069 4446 3304 4517 γέλοιον,
3359 4448 3458 4500 οὐκ
3487 4447 3644 4509 ὄντες
3674 4445 3772 4512 τῆς

2134 4520 2152 4548 ἱ
2317 4537 2326 4548 .
2490 4537 2514 4548 ι.
2583 4537 2628 4548 ι..
2657 4537 2669 4548 .
2688 4535 2700 4548 ι
2869 4537 2926 4548 ..-
3063 4540 3101 4548 ...
3222 4539 3232 4548 .
3323 4539 3361 4548 -.
3489 4539 3508 4548 -
3624 4539 3637 4548 .
3691 4538 3702 4548 .
3725 4535 3739 4548 ι

489 4567 599 4606 non
641 4517 869 4622 dignati.
910 4550 1016 4618 Qui
1048 4549 1321 4608 desiderio
1373 4553 1589 4608 illorum
1649 4553 1892 4624 cognito,
1939 4517 2127 4609 dixitl

2129 4519 2434 4608 )τοιαύτης
2486 4535 2820 4607 διαϐλέψεως
2861 4537 3022 4604 ἄξιοι.
3063 4539 3273 4603 Συνιεὶς
3317 4539 3372 4592 δὲ
3422 4539 3581 4592 τοῦτο
3613 4539 3642 4590 6
3678 4535 3767 4588 Δί-

486 4656 519 4694 a
545 4640 786 4697 dexteris
842 4642 1043 4697 astanti
1073 4641 1183 4698 sibi
1238 4643 1452 4712 angelo,
1486 4652 1546 4698 ut
1567 4642 1780 4700 tolleret
1811 4644 1936 4700 inde
1976 4645 2081 4700 ali-

2189 4649 2341 4694 καιος
2399 4631 2511 4703 (81)
2543 4629 2716 4703 [λέγει
2766 4631 2844 4702 τῷ
2892 4635 3006 4697 τοῖς
3039 4632 3232 4698 δεξιοῖς
3279 4633 3445 4687 αὐτοῦ
3501 4631 3772 4730 ἐφεστῶτι

490 4728 638 4798 quod
687 4730 1136 4800 impedimentum
1183 4740 1280 4787 :et
1323 4733 1583 4788 continuo
1643 4733 1914 4804 adapertae
1951 4744 2081 4792 sunt

2203 4721 2493 4794 ’Δγγέλῳ],
2539 4719 2712 4794 Ἀρον
2753 4723 2814 4776 τὸ
2858 4725 2986 4794 τῇδε
3043 4725 3309 4795 κάλυμμα
3340 4741 3354 4757 ο
3388 4724 3481 4778 καὶ
3528 4724 3646 4795 ἅμα
3691 4719 3767 4790 τῷ

491 4837 654 4878 aures
709 4824 956 4879 cordium
1020 4825 1262 4889 illorum,
1314 4837 1788 4897 perceperuntque
1829 4828 2082 4898 qualibet

2191 4817 2399 4888 ὸήματι
2439 4817 2910 4889 ἀπεκαλύφθησαν
2935 4819 2992 4870 αἱ
3019 4818 3182 4874 ἀκοαὶ
3208 4818 3316 4871 τῶν
3345 4818 3532 4888 ψυχῶν
3560 4815 3766 4876 αὐτῶν,

489 4914 888 4972 daemoniorum
940 4918 1084 4973 dicta
1128 4927 1183 4974 et
1242 4918 1405 4974 risus.
1439 4918 1577 4974 Tum
1617 4921 1685 4976 ad
1715 4919 2079 4991 Epiphanium

2189 4909 2283 4962 καὶ
2308 4909 2507 4980 ἢκουον
2531 4910 2600 4964 τὰ
2634 4911 2786 4982 παρὰ
2817 4911 2928 4965 τῶν
2972 4910 3242 4980 δαιμόνων
3281 4909 3550 4978 λεγόμενά
3583 4925 3641 4960 τε
3673 4905 3767 5006 καὶ

489 5009 743 5063 conversi
791 5007 1025 5075 famuli,
1089 5011 1548 5079 sciscitabantur,
1603 5028 1853 5083 quaenam
1883 5024 2071 5070 essent

2187 5000 2602 5072 γελοιαζόμενα.
2621 5002 2954 5074 Ἐπηρώτων
2975 5003 3029 5056 δὲ
3062 5004 3155 5057 τὸν
3175 5003 3489 5072 Ἐπιφάνιον
3507 5003 3553 5054 οἱ
3578 5000 3766 5101 αὐτου,

491 5097 758 5152 mulieres
800 5099 949 5167 istae,
1007 5115 1130 5172 quae
1193 5102 1326 5158 foris
1371 5104 1668 5168 astabant,
1727 5104 2071 5171 libidinose,

2189 5093 2440 5162 λέγοντες
2467 5110 2480 5124 ο
2514 5096 2712 5160 Κύριε,
2741 5094 2886 5158 τίνες
2906 5095 3044 5148 εἰσὶν
3075 5097 3131 5149 αἱ
3156 5096 3355 5150 ἄσωτοι
3384 5093 3547 5146 αὐταὶ
3576 5093 3769 5159 γυναῖ-

493 5189 946 5259 intemperantes,
993 5192 1047 5246 in
1095 5195 1265 5248 risum
1301 5195 1529 5251 effusae?
1571 5196 1781 5263 Quibus
1811 5198 1928 5254 haec
1958 5197 2085 5269 Epi-

2185 5206 2303 5256 κες,
2333 5189 2389 5240 αἱ
2415 5188 2522 5254 ἐξω
2549 5188 2810 5252 ἑστῶσαι,
2838 5189 2934 5244 καὶ
2957 5188 3036 5259 τῷ
3061 5187 3256 5258 γελοίῳ
3287 5185 3641 5256 κοπτόμεναι,
3669 5175 3766 5231 καὶ

493 5283 779 5350 ιειιαιιὶυεε
839 5285 1143 5353 Daemones,
1195 5299 1345 5356 sunt,
1406 5291 1499 5360 qui
1545 5305 1646 5346 nos
1693 5305 1880 5346 coram
1937 5292 1991 5346 in
2019 5307 2084 5348 os
2125 5349 2129 5354 ,

2183 5284 2304 5344 ταῖς
2334 5283 2632 5346 ἀναιδείαις
2659 5282 3056 5354 ἐπιφερόμεναι
3082 5297 3097 5349 ;
3159 5281 3218 5334 '0
3242 5280 3299 5334 δὲ
3350 5279 3500 5348 λέγει
3543 5277 3728 5334 αὐτοῖς
3748 5283 3765 5302 ⁸

491 5377 762 5442 tit-rident,
794 5379 919 5447 quia
955 5379 1168 5435 animas
1200 5391 1420 5437 nostras
1445 5381 1725 5452 peccando
1770 5398 2085 5440 commacu-

2189 5373 2314 5426 Ὅτι
2345 5374 2688 5446 ἁμαρτωλῶν
2729 5374 2890 5446 ἡμῶν
2917 5375 3123 5442 ὄντων,
3159 5372 3396 5441 γελῶσιν
3421 5373 3498 5434 είς
3535 5367 3605 5421 τὰ
3640 5361 3771 5434 πρό-

491 5471 746 5525 lavimus.
807 5469 929 5537 Quo
959 5472 1169 5537 audito,
1223 5487 1282 5526 se
1313 5487 1524 5543 suaque
1571 5488 1736 5542 opera
1772 5476 2086 5532 incusantes

2190 5481 2352 5519 σωπα
2383 5467 2542 5534 ἡμῶν
2568 5467 2618 5519 oi.
2649 5464 2930 5536 δαίμονες.
2963 5464 3148 5518 Ταῦτα
3171 5464 3524 5528 ἀκούσαντες,
3555 5453 3768 5513 ἐαυτοῖς

491 5575 804 5626 surrexere,
834 5572 891 5617 et
909 5562 1208 5618 venerabili
1228 5563 1533 5634 Epiphanio
1557 5562 1764 5619 honore
1809 5564 2071 5630 exhibito,

2190 5559 2636 5630 κατεμέμφοντο,
2679 5561 2775 5614 καὶ
2803 5559 2968 5624 εὐθὺς
2999 5557 3416 5622 ἐξαναστάντες,
3445 5557 3541 5610 καὶ
3583 5557 3662 5620 τῷ
3689 5560 3770 5597 τι⁴

565 5732 676 5794 (81)
713 5731 784 5785 M.
816 5731 994 5790 Vatic.
1017 5737 1128 5802 τοῖς
1163 5735 1356 5806 δεξιοῖς
1391 5737 1578 5805 αὐτοῦ,
1633 5737 1736 5811 ἔφη
1763 5737 1901 5809 μετά
1935 5755 2076 5803 τινος
2107 5741 2132 5795 ἐ

497 5795 624 5851 dam
658 5804 1004 5857 auctoritate.
1044 5825 1063 5857 ι

2128 5738 2376 5809 ξουσίας,
2421 5759 2439 5794 ι
2506 5739 2685 5798 Stanti
2745 5739 2913 5799 sibia
2963 5738 3169 5798 dextris
3225 5736 3406 5811 inquit
3476 5747 3599 5794 cum
3632 5735 3766 5797 ‘1“3‘

540 5813 624 5851 ain
658 5813 1004 5860 auctoritate.
1044 5825 1063 5857 ι
