4148 6402
388 289 500 355 ’ίο5

1558 279 1737 342 vrra
1776 278 1835 339 s.
1879 274 2214 340 ANDRE/E
2254 274 2449 335 situ.
3555 280 3665 344 τοδ

398 399 506 472 μίῳ
548 396 856 467 Ἐπιφανίῳ
889 393 1391 466 προσκυνήσαντες,
1443 389 1824 459 ιπορεύθησαν
1858 387 1989 441 ἕκα-

2094 384 2144 438 td
2174 399 2273 439 sua
2305 399 2365 439 se
2399 383 2600 439 cubilia
2630 384 2864 455 quisque
2919 386 3222 443 contulere.
3249 387 3395 444 Inter
3423 394 3666 447 eundum

399 508 525 554 στος
578 491 673 543 ἐπὶ
716 491 834 552 ταῖς
891 490 1100 552 κοίταις
1145 485 1348 541 αὐτῶν.
1412 482 1866 555 Ἀναχωρούντων
1922 481 1980 534 δὲ

2094 493 2214 534 vero
2269 477 2408 533 alter
2481 478 2714 533 alterum
2774 479 2857 534 sic
2925 480 3372 548 compellabant:
3417 483 3648 540 Vidistin

395 581 601 647 αὐτῶν,
652 580 842 650 ἕτερος
884 580 1022 650 πρὸς
1065 579 1158 633 τὸν
1199 579 1390 649 ἕτερον
1442 577 1630 646 ἔλεγον
1667 589 1681 607 ⁸
1740 573 1986 629 Ἐθεάσω

398 675 637 744 πρᾶγμα
691 672 1018 741 παράδοξον,
1070 671 1187 736 πῶς
1219 688 1311 741 μοι
1354 673 1383 724 6
1417 671 1589 743 πένης
1626 666 1781 734 οὗτος
1826 669 1983 724 λελά-

395 767 564 835 ληκεν
608 764 682 817 τὰ.
717 765 824 833 ἐμὰ
865 763 1355 832 πλημμελήματα;
1390 761 1555 830 Λέγει
1589 762 1777 834 ἕτερος
1811 779 1826 794 ·
1873 761 1984 816 Ναὶ

396 856 620 924 ames,
649 856 745 908 καὶ
774 856 838 907 τὰ
874 855 984 923 ἐμὰ
1014 854 1193 907 πάντα
1221 853 1540 924 διηγήσατο.
1585 852 1887 924 ’Λπεκρίθη
1926 851 1985 906 δι

399 950 496 1003 καὶ
521 948 748 1018 ἕτεροςδ
782 944 1124 999 Πιστεύσατὲ
1173 963 1286 1016 μοι,
1317 946 1561 1014 ἀδελφοὶ,
1608 946 1704 999 καὶ
1745 945 1872 1015 ἐμοὶ
1914 947 1985 999 τὰ

400 1042 502 1109 τῆς
534 1040 777 1110 ζκαρδίας
811 1056 910 1109 μου
964 1037 1180 1109 κρυπτὰ
1227 1037 1597 1108 ἀπεκάλυψεν.
1632 1039 1745 1092 Καὶ
1785 1040 1835 1092 ei
1884 1038 1983 1108 μὲν

405 1132 612 1200 ελεγον,
653 1131 736 1184 ὅτι
787 1128 942 1198 ἅγιός
995 1131 1144 1182 ἐστιν
1173 1145 1189 1161 ·
1218 1130 1269 1183 οί
1299 1130 1357 1183 δὲ
1406 1130 1616 1199 ελεγον,
1665 1130 1818 1201 Οὐχὶ,
1847 1128 1984 1183 ἀλλά

410 1223 599 1292 μάντις
628 1220 771 1285 ἐστὶ,
796 1221 894 1274 καὶ
924 1219 1032 1274 ἀπὸ
1056 1218 1152 1273 τοῦ
1165 1220 1278 1274 τῶν
1311 1219 1496 1284 ζὼξων
1522 1219 1833 1291 στοχασμοῦ
1869 1217 1986 1291 (82)

405 1313 731 1384 ἀναγγέλλει
794 1314 928 1383 ἡμῖν
987 1313 1087 1367 τὰ·
1127 1314 1501 1382 ἁμαρτήματα
1562 1314 1744 1387 ἡμῶν.
1797 1314 1985 1368 amet

405 1407 638 1475 ελεγον·
709 1405 845 1461 Ἀπὸ
893 1404 1218 1477 δαιμονικῆς
1281 1406 1567 1477 ἐνεργείας
1617 1407 1791 1460 ταῦτα
1850 1407 1985 1476 ἡμῖν

402 1498 785 1570 ἀπεκάλυψεν.

477 1616 570 1682 ξε⁹.
607 1612 1003 1669 ’Υπνωσάντων
1030 1610 1124 1666 σῦν
1151 1611 1370 1667 πάντων
1398 1613 1509 1667 τῶν
1537 1613 1764 1668 οἰκετῶν
1792 1612 1983 1679 αὐτοῦ,

403 1708 530 1760 τότε
562 1709 591 1760 6
624 1704 940 1773 Ἐπιφάνιος
961 1742 978 1771 ,
1008 1702 1084 1766 ὡς
1118 1700 1178 1767 ἐξ
1207 1700 1366 1764 ἔθους
1396 1704 1548 1774 αὐτῷ
1576 1700 1682 1775 ἦν,
1717 1705 1985 1775 καταλιμ-

409 1797 597 1851 πάνων
626 1794 727 1867 τὴν
753 1794 945 1865 κλίνην
973 1794 1397 1867 αύτοῦ,τάπητα
1421 1796 1536 1866 (83)
1564 1794 1735 1857 τιθεὶς
1764 1794 1859 1847 tu!
1884 1793 1978 1873 ﬂii

408 1890 654 1959 ἐδάφους,
711 1886 808 1941 τοῦ
864 1887 1034 1942 ὕπνου
1079 1886 1514 1957 μετελάμϐανεν.
1558 1886 1634 1959 :0
1678 1887 1737 1942 δι
1792 1887 1985 1952 ὐσιος

409 1945 891 2051 σχηματίσάμενος
916 1979 975 2031 ἐν
995 1945 1254 2049 τῇ’κλίνῃ
1279 1945 1351 2049 ἦν
1388 1977 1485 2032 τοῦ
1548 1945 1867 2048 Ἕπιφανίου
1886 1945 1983 2032 τοῦ

406 2073 652 2127 ύπνῶσαι
682 2086 697 2102 ’
727 2072 815 2125 ὅτε
865 2070 924 2127 δὲ
953 2072 1201 2125 ὕπνωσεν
1226 2072 1255 2124 6
1303 2070 1642 2137 Ἐπιφόινιος.
1665 2070 1986 2126 καταλιπὼν

401 2162 501 2235 τὴν
540 2163 836 2234 στρωμνὴν
867 2163 1212 2232 Ἐπιφανίου,
1270 2160 1550 2216 κατελθὼν
1606 2164 1664 2217 ἂν
1705 2165 1772 2235 τῇ
1821 2163 1985 2235 αὐλῇ,

408 2250 572 2328 εὗρεν
602 2253 862 2327 κοπρώδη
905 2254 1094 2321 τόπον,
1142 2255 1369 2311 κάκεῖσε
1422 2255 1697 2326 διέμεινεν
1724 2257 1825 2326 τῆς
1855 2272 1986 2311 νυκ-

407 2351 501 2414 τὸς
529 2348 591 2403 τὸ
635 2348 954 2404 ὑπόλοιπον.
1002 2349 1224 2421 Πρωΐας
1254 2347 1313 2403 δὲ
1334 2347 1633 2419 γενομᾶνης
1660 2350 1990 2421 προπεμπό-

409 2459 575 2515 μενος
609 2441 716 2496 ὑπὸ
744 2440 1090 2510 Ἐπιφανίου,
1114 2439 1343 2511 ἐξῆλθεν
1375 2441 1457 2503 είς
1487 2440 1579 2493 τὸν
1614 2439 1992 2512 πνευματικὸν

404 2535 597 2604 ἀγῶνα
643 2533 838 2589 αὐτοῦ.
882 2533 1020 2589 Τότε
1051 2532 1623 2605 προσκαλεσάμενοςό
1669 2532 1991 2601 Ἐπιφάνιος

403 2624 498 2680 τὸν
531 2626 722 2692 παῖδα,
763 2624 824 2678 ὃν
869 2624 1170 2693 λελάληκεν
1203 2624 1233 2677 6
1285 2623 1481 2691 ’Δγιος
1522 2625 1591 2693 τῇ
1632 2622 1784 2694 Σύρᾳ
1816 2622 1993 2677 διαλέ-

405 2734 546 2785 κτῳ,
594 2716 930 2772 ἐπυνθάνετο
964 2715 1097 2788 παρ’
1149 2714 1337 2782 αὑτοῦ,
1375 2715 1522 2786 Ποίῳ
1549 2715 1736 2785 τρόπῳ
1780 2714 1852 2768 τὰ
1882 2731 1988 2785 μυ-

405 2811 603 2882 στήρια
655 2813 841 2866 ἐκεῖνα
867 2812 926 2865 ὲν
954 2812 1037 2864 σοὶ
1067 2809 1512 2880 διεπράχθησαν;
1566 2807 1624 2862 '0
1653 2807 1711 2861 δὲ
1737 2807 1991 2876 φίλτατος

406 2902 484 2956 ὣν
520 2904 609 2957 ἀεὶ
653 2905 737 2966 εἰς
787 2902 972 2968 αὐτὸν,
1003 2900 1221 2957 ἅπαντα
1267 2902 1338 2956 τὰ
1402 2901 1482 2965 είς
1530 2899 1693 2954 αὑτὸν
1730 2901 1993 2971 γεγονότα

405 2995 713 3059 ἀνελλιπῶς
733 2995 1057 3067 διηγήσατο.

475 3113 583 3181 Eg’.
605 3114 736 3167 Ὅτε
759 3108 943 3184 ἦλθεν,
968 3112 1144 3186 Κύριέ
1175 3128 1300 3183 μου,
1325 3113 1353 3165 6
1371 3113 1556 3179 Ὀσιος
1584 3114 1640 3167 ὲν
1659 3113 1739 3184 τῷ
1764 3114 1983 3170 κοιτῶνί

2092 585 2207 628 rem
2272 560 2659 625 admirabilem
2684 570 3002 639 ,quomodo
3049 573 3334 627 mendicus
3361 573 3450 629 ille
3487 578 3672 634 omnia

2086 663 2221 719 mihi
2280 677 2400 718 mea
2454 661 2722 719 adversus
2774 661 2942 717 Deum
3003 665 3282 734 aperuerit
3334 668 3674 725 commissa?

2083 758 2184 815 Cui
2246 757 2432 813 alius:
2464 757 2580 812 ltno
2629 773 2780 823 vero,
2827 756 3022 822 frater;
3061 760 3157 814 sed
3194 770 3246 814 et
3275 775 3396 815 mea
3430 778 3536 816 non
3579 779 3674 818 ce-

2086 850 2239 905 lavit.
2274 850 2339 905 Et
2368 851 2475 904 illis
2516 865 2738 904 rursum
2770 850 2962 907 tertius
2994 867 3008 905 :
3042 850 3278 917 Credite,
3308 849 3502 922 inquit,
3537 856 3671 909 tnihi

2087 940 2306 1005 fratres,
2332 941 2496 995 etiam
2552 940 2923 995 occultissima
2956 955 3187 1011 quaeque
3235 945 3419 1000 cordis
3468 947 3573 1001 mei
3616 947 3671 1001 in

2085 1034 2260 1089 lucem
2311 1033 2564 1104 protulit.
2597 1034 2833 1104 Denique
2857 1033 2947 1087 alii
2975 1034 3197 1089 aiebant
3223 1047 3476 1093 sanctum
3508 1054 3630 1093 esse
3654 1079 3671 1105 ,

2085 1129 2358 1199 negabant
2412 1128 2527 1191 alii,
2585 1128 2949 1197 haruspicinae
2994 1139 3049 1182 et
3077 1129 3406 1199 conjectura:
3439 1147 3470 1186 e
3499 1134 3670 1204 signis

2084 1220 2402 1276 ctelestibus
2430 1220 2615 1290 petitae
2659 1220 2806 1276 illam
2861 1232 3208 1289 peccatorum
3242 1223 3660 1280 declarationem

2085 1312 2467 1376 attribuentes,
2498 1327 2810 1383 quanquam
2841 1312 2935 1368 alii
2950 1312 3232 1374 diabolicis
3253 1316 3664 1384 operationibus

2090 1403 2334 1459 mallent.

2155 1608 2248 1666 65.
2310 1607 2605 1679 Postquam
2641 1609 2804 1665 soluti
2861 1624 3056 1666 somno
3082 1611 3336 1682 iacebant
3374 1613 3659 1668 domestici

2083 1715 2295 1766 omnes,
2325 1701 2590 1771 proripuit
2637 1716 2696 1757 se
2756 1716 2906 1758 more
2936 1718 3038 1757 suo
3077 1702 3411 1772 Epiphanius
3443 1720 3473 1760 e
3495 1707 3657 1768 lecto,

2085 1795 2377 1865 positoque
2407 1792 2557 1847 ltumi
2591 1794 2860 1865 stragulo,
2894 1808 3091 1850 somno
3124 1796 3234 1850 illic
3268 1811 3327 1851 se
3351 1796 3519 1851 dedit.
3557 1798 3670 1850 An-

2089 1886 2252 1941 dreas
2283 1899 2436 1951 vero,
2455 1885 2548 1956 qui
2573 1885 2778 1943 interea
2808 1886 2862 1941 in
2912 1886 3201 1957 Epiphanii
3244 1887 3390 1942 lecto
3418 1902 3673 1943 somnum

2090 1977 2408 2043 simulabat,
2459 1976 2552 2032 ubi
2612 1978 2793 2048 sopori
2826 1978 3003 2048 ipsum
3037 1979 3394 2035 succubuisse
3430 1979 3678 2034 animad-

2089 2070 2274 2134 vertit,
2300 2069 2492 2125 relicto
2513 2078 2715 2134 strato,
2747 2068 3030 2125 descendit
3057 2069 3111 2124 in
3142 2079 3352 2125 cortem
3378 2111 3394 2138 ,
3430 2072 3680 2127 invento-

2089 2177 2195 2233 que
2222 2159 2593 2231 sterquilinio,
2625 2159 2773 2231 quod
2822 2160 3092 2228 reliquum
3122 2170 3242 2217 erat
3297 2164 3476 2219 noctis
3512 2164 3564 2218 in
3606 2180 3677 2220 eo

2087 2252 2284 2324 exegit.
2319 2251 2676 2309 illucescente
2698 2261 2883 2308 autem
2938 2253 3047 2314 die,
3065 2254 3329 2310 dimissus
3348 2256 3415 2309 ab
3436 2254 3677 2326 Epipha-

2091 2344 2205 2410 nio,
2261 2343 2332 2398 ad
2393 2342 2677 2414 spirituale
2735 2358 2896 2399 suum
2945 2353 3221 2401 certamen
3293 2347 3476 2403 exivit.
3534 2349 3673 2403 Tum

2088 2434 2453 2508 Epiphanius,
2520 2437 2791 2492 accersito
2840 2437 2906 2492 ad
2939 2453 2997 2493 se
3028 2437 3255 2505 famulo,
3312 2455 3473 2509 quem
3504 2443 3679 2511 pridie

2090 2531 2328 2588 Sanctus
2354 2531 2535 2601 lingua
2564 2528 2788 2600 Syriaca
2826 2531 3004 2585 fuerat
3025 2531 3317 2600 allocutus,
3344 2534 3678 2602 inquirebat,

2090 2639 2200 2696 quo
2226 2631 2382 2694 pacto
2415 2622 2672 2692 mysteria
2699 2622 2795 2677 illa
2819 2622 2872 2677 in
2906 2623 3031 2693 ipso
3054 2632 3273 2694 peracta
3314 2634 3516 2681 essent.
3551 2626 3675 2693 Qui,

2090 2727 2152 2774 ut
2188 2726 2305 2772 erat
2326 2714 2630 2787 Epiphanio
2663 2714 2718 2769 in
2752 2715 2945 2785 primis
2967 2717 3188 2780 eharus,
3215 2717 3350 2771 nihil
3374 2718 3674 2788 quidquam

2091 2823 2305 2868 eorum.
2328 2823 2450 2877 quae
2479 2806 2584 2862 sibi
2600 2806 3113 2876 evenerant,ipsum
3145 2807 3337 2864 celavit
3377 2808 3457 2864 sic
3482 2824 3678 2865 narra-

2094 2902 2298 2958 tionem
2327 2900 2618 2957 exordiens
2643 2914 2657 2952 :

2169 3129 2260 3185 66.
2296 3128 2473 3185 Simul
2522 3130 2771 3200 atquein
2817 3129 3077 3187 conclave
3131 3139 3285 3187 tuum
3332 3131 3682 3189 infcriusille

410 3223 501 3259 σου
520 3245 534 3269 ,
565 3206 831 3275 ἐγενόμην
859 3207 1060 3269 εὐθέως
1090 3204 1297 3269 ἐννεδς,
1331 3205 1425 3259 καὶ
1455 3203 1644 3277 ἑώρων
1671 3206 1735 3259 τὸ
1767 3206 1982 3277 πρόσω-

2103 3222 2296 3294 pedem
2345 3220 2570 3286 intulit,
2615 3220 2692 3276 mi
2753 3219 3006 3287 Domine,
3055 3237 3141 3276 me
3187 3233 3379 3293 stupor
3437 3223 3682 3291 invasit,

408 3308 512 3347 πον
554 3291 652 3347 τοῦ
693 3290 879 3361 Ἀγίου
923 3292 1136 3347 ἐκείνου
1192 3292 1286 3346 τὸν
1342 3292 1496 3365 ἥλιον
1552 3295 1986 3367 ἀπαστράπτονο

410 3382 774 3455 ἐξισταμένου
811 3402 914 3456 μου
952 3384 1034 3450 δὲ,
1084 3383 1413 3456 ἐνωτίζομαι
1461 3388 1647 3460 φωνῆς
1692 3388 1858 3444 ποθεν
1889 3389 1991 3444 οὐκ

409 3473 550 3543 οῖδα,
578 3476 845 3549 λεγούσης
879 3495 971 3549 μοι
998 3494 1012 3510 ’
1049 3479 1292 3550 Πρόσχες
1329 3483 1420 3534 καὶ
1451 3480 1554 3545 ἴδε,
1595 3481 1784 3552 ἡλίκον
1829 3483 1991 3537 αὐτὸν

409 3570 557 3640 ήδιὰ
599 3570 690 3623 τὸν
735 3570 940 3640 Κύριον
994 3570 1156 3625 σαλία
1208 3573 1512 3643 πεποίηκεν
1564 3574 1711 3645 (84).
1752 3575 1992 3646 Ἐὡρουν

413 3661 509 3718 οὖν
537 3663 630 3715 καὶ
676 3662 786 3717 ἰδοὺ
820 3662 929 3717 ἀπὸ
953 3662 1054 3733 τῆς
1081 3665 1303 3730 ἀκτῖνος
1332 3668 1432 3738 τῆς
1468 3668 1636 3737 οῦσης
1670 3668 1762 3721 ἐπὶ
1783 3667 1876 3723 τὸν
1903 3667 1993 3722 Δί-

406 3770 589 3817 καιον,
620 3753 794 3823 μικρά
834 3769 919 3815 τις
954 3756 1114 3819 ἀκτὶς
1154 3757 1395 3827 μερικῶς
1441 3759 1772 3829 χωρισθ;ἴσα
1816 3776 1992 3831 προσ-

405 3844 690 3915 επζ).αμψε
718 3846 785 3917 τῇ
842 3845 966 3916 ὄψει
1010 3863 1114 3917 μου
1145 3863 1160 3879 ο
1193 3849 1286 3904 καὶ
1309 3850 1512 3915 εὐθέως
1541 3852 1797 3923 ἠρξάμην
1819 3854 1993 3908 ποιεῖν

408 3939 479 3990 τὰ
534 3939 794 4009 σχήματα
864 3936 1032 3992 αὐτοῦ
1095 3939 1227 4010 ὅσην
1279 3943 1619 4013 προθεσμίαν
1682 3943 1989 3998 ὲτεθὲασοτ

406 4028 604 4082 ἔπειτα
645 4028 932 4098 ἀφείλασιν
959 4029 1131 4084 ταῦτα
1159 4031 1217 4099 ἐξ
1239 4033 1403 4100 ὲμσῦ,
1442 4036 1538 4087 καὶ
1572 4034 1820 4106 ὑπῆρχον
1850 4034 1993 4090 καθὰ

321 4129 339 4144 ⁸
408 4122 505 4173 καὶ
535 4119 729 4191 πρώην
764 4120 845 4184 εἰς
872 4114 943 4175 τά
972 4121 1069 4176 τοῦ
1094 4123 1303 4193 κόσμου
1333 4125 1754 4197 ὑπερειδόμενος
1778 4127 1989 4200 ἤθεσιν.

421 4210 576 4276 Ἰδοὺ,
596 4212 771 4282 Κύριέ
801 4228 928 4284 μου,
954 4213 1063 4268 ἀπὸ
1087 4213 1184 4269 τοῦ
1212 4216 1306 4270 νῦν
1350 4216 1511 4283 αὐτὸς
1562 4218 1722 4288 γενοῦ
1760 4236 1994 4291 προνοη-

408 4304 509 4375 τὴς
557 4302 660 4375 τῆς
696 4307 976 4376 σωτηρίας
1030 4324 1156 4378 μου,
1200 4308 1413 4379 ὁδηγῶν
1467 4326 1537 4382 με
1576 4311 1635 4366 ἐν
1679 4311 1853 4383 τρίϐῳ
1884 4312 1994 4367 τῶν

408 4395 507 4450 τοῦ
571 4394 711 4450 Θεοῦ
753 4397 1004 4454 ἐντολῶν.
1047 4399 1233 4455 Ταῦτα
1282 4400 1597 4465 ἐνωτισθεὶς
1623 4403 1652 4455 6
1692 4402 1996 4474 θαυμάσιος

423 4488 744 4558 Ἐπιφάνιος
775 4491 871 4545 καὶ
896 4490 1224 4568 ἰλιγγιάσας,
1253 4493 1450 4565 ἐξέστη
1470 4492 1546 4565 τῷ
1570 4495 1865 4566 πνεύματι,
1898 4496 1995 4550 καὶ

413 4581 775 4652 περιπλακεὶς
808 4582 957 4653 αύτῷ
979 4583 1267 4655 δάκρυσιν,
1303 4585 1591 4657 ἠσπάσατο
1638 4588 1769 4652 τοὺς
1796 4586 1995 4658 ὀφθαλ-

415 4673 555 4746 μοὺς
583 4674 770 4741 αὑτοῦ,
804 4675 879 4740 ὡς
911 4676 1109 4741 θεατὰς
1143 4677 1397 4746 γενέσθαι
1430 4678 1543 4736 τῶν
1589 4681 1853 4736 τοιούτων
1892 4697 1996 4751 μυ-

414 4768 674 4839 στηρίων,
721 4770 820 4823 καὶ
869 4768 1096 4840 ἔλεγεν·
1158 4769 1220 4827 Ὅ
1257 4771 1659 4844 παντοκράτωρ
1708 4771 1938 4845 Κύριος,
1968 4774 1997 4827 6

411 4860 591 4926 δείξας
625 4863 693 4916 τὰ
719 4862 1010 4934 θαυμαστὰ
1046 4866 1324 4939 μυστήρια
1349 4866 1548 4932 ταῦτα,
1584 4867 1812 4933 δυνατός
1843 4869 1994 4925 ἐστιν

415 4953 692 5008 σώσασθαι
721 4956 817 5009 καὶ
838 4955 936 5028 τὴν
956 4955 1128 5028 καλήν
1159 4974 1252 5012 σου
1272 4957 1472 5031 ψυχὴν,
1494 4959 1819 5032 ἡγαπημένε
1841 4961 1997 5017 ἁδελ-

409 5046 480 5115 φέ
517 5063 619 5117 μου
645 5065 659 5080 ·
686 5050 841 5119 κάγὼ
874 5051 983 5105 ἀπὸ
1011 5052 1110 5122 τῆς
1141 5054 1384 5124 σήμερον
1430 5054 1505 5120 ὡς
1537 5054 1677 5126 φίλῳ
1708 5072 1813 5127 μου
1859 5072 1994 5127 γνη-

360 5214 365 5218 _
410 5138 512 5211 σίῳ
547 5141 642 5194 καὶ
673 5143 960 5213 συναίμονι
1004 5146 1373 5217 πνευματικῷ
1425 5147 1571 5202 οὕτω
1606 5148 1676 5202 τὰ
1722 5148 1854 5220 περὶ
1892 5147 1990 5201 σοῦ

410 5232 764 5307 διαθήσομαι.
833 5236 1056 5308 Ἦγάπα
1116 5240 1299 5297 τοίνυν
1353 5241 1542 5297 ἔκτοτε
1597 5243 1691 5298 τὸν
1744 5243 1911 5298 παῖδα
1961 5244 1991 5298 6

484 5437 592 5521 (62)
660 5443 980 5521 Στοχασμοῦ
1035 5460 1105 5502 ex
1160 5460 1266 5521 ms.
1339 5447 1544 5506 Mazar.
1602 5452 1990 5511 est:babebat

406 5508 582 5566 Vatie.
618 5508 923 5577 συνθέσεως
947 5531 964 5548 ·
996 5531 1104 5572 non
1138 5519 1300 5574 male.

476 5580 589 5662 (8ᾷ)
644 5581 749 5662 με.
798 5581 921 5662 Vat.
978 5588 1429 5662 eratiustixtov,
1494 5590 1869 5662 signiﬁcatque
1929 5594 1984 5650 id

358 5696 359 5699 η
406 5650 553 5729 quod
581 5655 953 5729 substernitur
979 5657 1139 5729 alicui
1173 5658 1239 5714 ad
1266 5650 1572 5729 orandum:
1589 5672 1643 5716 et
1684 5670 1743 5716 tu
1773 5650 1986 5719 Euche-

407 5720 553 5793 logio
602 5720 765 5780 Goer.
833 5740 960 5797 pag.
1035 5727 1144 5784 852
1213 5731 1478 5800 invenies,
1537 5720 1757 5803 τάπητα
1817 5734 1984 5805 ἤγουν

2100 3315 2512 3386 conspicantem
2568 3315 2715 3370 illius
2767 3313 2965 3370 faciem
3003 3316 3276 3374 solatibus
3329 3319 3496 3376 radiis
3523 3319 3678 3392 fulgi-

2096 3407 2222 3463 dam
2250 3424 2267 3463 :
2301 3421 2541 3477 voxque,
2565 3406 2753 3462 nescio
2783 3408 2946 3473 unde,
2982 3408 3207 3464 auribus
3238 3411 3376 3467 meis
3412 3411 3679 3478 insonuit,

2097 3500 2325 3557 dicens:
2361 3501 2599 3554 Adverte
2652 3499 2897 3555 animum
2949 3509 3003 3555 et
3030 3501 3176 3568 vide,
3201 3512 3465 3572 quantum
3495 3505 3682 3560 stulti-

2099 3593 2199 3655 tia,
2229 3607 2394 3662 quam
2428 3591 2642 3647 Domini
2671 3606 2839 3649 causa
2878 3591 3123 3658 simulat,
3175 3594 3354 3665 ipsum
3400 3596 3681 3652 extulerit.

2098 3686 2388 3761 lntendens
2414 3686 2578 3757 igitur
2600 3687 2842 3741 animum
2871 3687 3190 3758 oculosque,
3217 3690 3326 3744 vidi
3347 3731 3363 3756 ,
3391 3707 3457 3745 ex
3492 3691 3683 3747 multis

2099 3781 2193 3851 qui
2250 3779 2511 3836 Sanctum
2579 3780 2892 3838 ambiebant
2940 3783 3131 3849 radiis,
3192 3799 3419 3854 parvum
3443 3787 3677 3859 aliquezu

2100 3872 2330 3928 seorsim
2356 3873 2539 3944 egredi
2597 3882 2651 3929 et
2690 3873 2895 3930 vultum
2931 3891 3118 3932 meum
3137 3879 3480 3945 illuminare,
3513 3883 3685 3951 caepi-

2097 3979 2205 4036 que
2228 3965 2412 4020 statim
2446 3965 2648 4020 imitari
2694 3975 2881 4037 gestus
2898 3969 3230 4040 modumque
3262 3972 3455 4042 agendi
3482 3973 3684 4042 ipsius,

2099 4056 2343 4128 quandiu
2398 4056 2585 4113 radius
2634 4057 2723 4114 ille
2785 4059 2918 4114 mihi
2959 4060 3109 4118 visus
3167 4072 3287 4128 est,
3319 4078 3430 4134 quo
3462 4066 3678 4121 tandem

2100 4147 2316 4203 sublato
2367 4148 2434 4204 ad
2466 4150 2707 4221 priorem
2740 4166 2924 4205 rerum
2951 4152 3140 4208 mundi
3169 4152 3336 4221 hujus
3385 4166 3685 4211 consuetu-

2102 4240 2286 4295 dinem
2317 4241 2580 4296 reductus
2609 4257 2758 4297 sum.
2789 4241 2933 4299 Ecce
2963 4254 3169 4310 autem,
3208 4244 3451 4311 Domine
3486 4247 3585 4314 mi,
3613 4262 3681 4303 ex

2103 4340 2380 4387 tuomeuto
2428 4332 2535 4389 hoc
2576 4332 2770 4390 salutis
2803 4350 2935 4391 mea:
2955 4335 3171 4408 adiutor
3200 4336 3309 4392 eris
3332 4344 3389 4391 et
3414 4337 3548 4399 dux.
3587 4340 3682 4407 qui

2103 4433 2416 4478 currentem
2472 4424 2528 4479 in
2569 4425 2655 4480 via
2697 4426 3083 4483 mandatorum
3130 4428 3225 4484 Dei
3273 4429 3500 4499 dirigas.
3529 4428 3684 4499 Talia

2102 4515 2389 4570 inaudiens
2415 4513 2753 4591 Epiphanius
2774 4518 3115 4576 admirabilis
3136 4521 3479 4588 adolescens,
3511 4522 3691 4577 sensi-

2099 4607 2204 4669 bus
2260 4622 2398 4678 pene
2428 4618 2484 4663 et
2540 4608 2735 4679 spiritu
2763 4608 3144 4666 deficientibus
3174 4627 3291 4681 pra:
3316 4622 3564 4682 stupore,
3593 4615 3682 4669 fa-

2102 4699 2309 4756 mulum
2354 4699 2704 4756 manantibus
2758 4700 2990 4757 ubertim
3016 4700 3274 4772 lacrymis
3314 4704 3601 4774 amplexus
3629 4717 3688 4767 et

2100 4792 2293 4849 oculos
2347 4793 2537 4848 talium
2609 4806 2935 4849 arcanorum
3011 4800 3177 4850 testes
3240 4803 3685 4865 spectatoresque

2099 4883 2452 4942 exosculatus
2481 4895 2585 4952 est,
2612 4885 2802 4943 dicens
2830 4901 2846 4942 :
2879 4884 3145 4941 Dominus
3193 4885 3564 4955 omnipotens,
3586 4889 3685 4958 qui

2101 4976 2374 5033 mirabilia
2425 4976 2542 5032 haec
2572 4978 2669 5033 tibi
2700 4978 2958 5050 mysteria
2990 4978 3232 5036 revelare
3278 4977 3537 5051 dignatus
3558 4987 3679 5046 est,

2099 5077 2278 5140 petest
2302 5068 2514 5134 itidem,
2535 5069 2704 5126 frater
2730 5070 3115 5138 dilectissime,
3135 5070 3374 5127 animam
3403 5071 3503 5129 tibi
3532 5082 3681 5131 tuam

2096 5162 2310 5219 salvare
2347 5176 2488 5234 :ego
2516 5170 2696 5218 autem
2723 5165 2795 5219 ab
2842 5164 3104 5239 hodierna
3141 5165 3229 5221 die
3259 5180 3350 5222 res
3381 5173 3526 5232 tuas,
3562 5182 3675 5222 non

2097 5267 2258 5310 secus
2312 5266 2380 5309 ac
2409 5251 2568 5310 amici
2612 5251 2790 5309 ﬁdelis
2804 5261 2860 5310 et
2895 5255 3167 5327 spirituali
3201 5256 3678 5327 consanguinitate

2092 5454 2370 5539 ὲπεύχιον,
2425 5451 2590 5509 etiam
2643 5466 2747 5524 pro
2800 5453 3044 5526 stragulo
3081 5466 3252 5514 sacra:
3301 5470 3680 5513 menszeusur-

2094 5539 2234 5596 part.

2142 5594 2278 5669 (84)
2334 5594 2513 5669 Vatic.
2569 5596 2650 5650 ὅτι
2698 5593 2787 5649 διὰ
2844 5593 3201 5669 τδνῌΚύριον
3251 5599 3401 5653 ποιεῖ
3426 5597 3464 5654 ἃ.
3511 5598 3677 5651 πεπό-
3781 5635 3792 5644 .

2093 5664 2284 5794 ἷέιέῗν,
2337 5684 2359 5721 ι
2428 5668 2587 5735 Quod
2644 5675 2865 5739 propter
2949 5664 3237 5724 Dominum
3315 5670 3484 5738 facit,
3556 5683 3683 5743 qua:

2182 5753 2195 5792 ι
2229 5777 2243 5791 .
2277 5757 2297 5792 ›

2182 5753 2243 5792 ιι.
2277 5757 2297 5792 D
