4148 6430
480 274 584 337 707

1536 269 1958 332 NlCEPIIORI
2002 266 2479 328 PRESBYTERi
2529 267 2640 331 (ΣΡ.

3637 275 3747 336 708

485 404 570 439 me
631 386 1040 456 contingentis,
1115 380 1268 439 cordi
1326 381 1550 436 habeto.
1615 381 1888 450 Stetitque
1956 393 2055 434 sua

2179 373 2523 441 Ἐπιφάνιος,
2572 371 2834 444 συνεργὸς
2878 372 3029 443 αὐτῷ
3089 371 3407 445 [γενόμενος
3438 375 3518 440 εἷς
3569 397 3628 432 τε
3683 387 3749 435 τὰ

481 478 646 531 dictis
679 477 812 530 lich
843 495 857 531 :
891 475 1228 546 Epiphanius
1261 473 1533 542 siquidem
1592 471 1854 525 famulum
1905 470 2058 523 illum

2166 464 2375 535 ψυχικὰ
2399 467 2494 519 καὶ
2529 467 2818 535 σωματικά
2849 464 2982 536 (εἶθ’
3015 462 3034 533 1

482 569 633 623 omni
692 570 957 638 deinceps
1025 579 1270 637 tempore
1342 573 1668 634 prosecutus
1725 575 1807 618 est
1875 574 2060 616 amore
2127 559 2436 630 singulari,
2495 561 2655 630 eique
2739 560 2794 615 in
2847 561 3106 616 omnibus
3175 577 3376 629 praesto
3437 566 3579 629 fuit,
3633 576 3749 620 tum

481 673 604 726 qua:
631 657 698 711 ad
725 657 942 722 animaa,
991 667 1103 710 tum
1143 671 1265 726 qua:
1295 657 1360 709 ad
1401 654 1650 723 corporis
1681 655 2060 708 necessitatem
2092 662 2426 720 spectarent.

1920 788 2155 844 CAPUT
2213 788 2299 844 IX.

474 940 602 996 Post
634 947 843 1008 accepta
869 937 1078 1008 verbera
1118 934 1171 987 in
1195 933 1373 1008 ﬁntelo
1407 931 1814 1008 obdormiscens,
1847 931 1943 984 sub
1983 942 2385 1008 pertranseunte
2417 950 2584 1008 currit
2605 933 2804 988 illazsus
2849 945 3022 1008 manet
3057 934 3324 1008 sanctus,
3361 948 3518 994 noctu
3577 951 3750 996 autem

865 1001 1212 1073 deprehensus
1242 1004 1292 1056 in
1316 1002 1534 1056 ecclesia
1561 1001 1701 1055 ultro
1723 1011 1956 1056 reserata
1985 1018 2138 1057 orare
2161 1045 2176 1070 ,
2225 1005 2486 1058 miraculo
2509 1005 2682 1074 eﬁicit,
2725 1022 2785 1058 ne
2817 1007 3036 1060 revelari
3069 1007 3122 1059 id
3142 1001 3345 1076 posset.

543 1146 629 1200 (ὶῖ.
659 1145 948 1214 Postquam
983 1141 1247 1206 Andreas,
1275 1138 1479 1192 relictis
1505 1136 1792 1206 Epiphanii
1821 1125 2077 1202 aedibus,

483 1239 591 1294 luci
645 1237 857 1307 solique
910 1251 971 1290 se
1010 1233 1283 1297 reddidit,
1323 1232 1627 1300 palmstram
1677 1230 1779 1284 sibi
1819 1230 2059 1298 deligens

471 1329 788 1399 ignobiliora
817 1327 969 1381 urbis
1001 1325 1119 1378 loca
1143 1325 1401 1391 vicosque
1421 1362 1435 1386 ,
1467 1320 1558 1375 ubi
1591 1320 1721 1375 nulli
1740 1321 2055 1374 mortalium

475 1420 828 1482 innotuerat,
882 1415 1194 1486 patiebatur
1241 1412 1411 1482 frigus
1453 1410 1816 1475 intolerabile,
1847 1410 2058 1479 rigebat

475 1511 620 1581 gelu,
657 1509 940 1565 deﬁciebat
1006 1507 1183 1561 inedia
1267 1503 1640 1575 jejuniisque:
1681 1510 1831 1556 tanto
1881 1511 2060 1556 autem

475 1612 597 1656 erat
647 1601 902 1656 omnibus
940 1599 1088 1661 odio,
1134 1606 1192 1651 ut
1225 1597 1379 1666 pueri
1423 1610 1642 1666 quoque
1666 1595 1841 1662 ipsum
1874 1593 2066 1646 verbe-

484 1696 637 1750 tamli
679 1693 1280 1764 raptandiquemodum
1313 1705 1419 1743 non
1460 1696 1724 1758 ponerent
1750 1704 1763 1739 :
1789 1687 2068 1741 credebant

2240 1141 2336 1208 ξξ.
2369 1142 2428 1193 '0
2451 1139 2510 1191 δὲ
2539 1137 2807 1207 μακάριος
2840 1134 3118 1204 Ἀνδρέας,
3151 1135 3288 1204 μετὰ
3313 1136 3372 1188 τδ
3400 1139 3757 1210 ἀναχωρῆσαι

2166 1235 2256 1287 τὶν
2283 1227 2433 1284 οἷκον
2465 1227 2787 1296 Ἐπιφανὶου
2809 1265 2825 1290 ,
2853 1225 3155 1294 ἠγωνίζετο
3183 1228 3242 1278 ἐν
3270 1230 3382 1290 τοῖς
3410 1228 3753 1299 ἀποκρύφοις

2165 1323 2353 1385 τόποις
2393 1322 2485 1375 καὶ
2518 1322 2723 1393 ῥύμαις
2773 1322 2872 1392 τῆς
2915 1322 3144 1387 πόλεως,
3179 1324 3313 1377 ὅπου
3364 1326 3544 1389 οὐδεὶς
3584 1328 3748 1380 αὑτὸν

2167 1414 2491 1480 ἐγίνωσκεν,
2541 1415 2804 1485 ἀφορήτῳ
2856 1415 3084 1486 παγετῷ
3131 1415 3490 1486 ψυχούμενος,
3544 1422 3638 1472 καί
3667 1421 3746 1490 τῷ

2166 1502 2326 1573 κρύει
2352 1503 2728 1573 πηγνύμενος,
2751 1507 3032 1576 νηστείαις
3058 1507 3601 1578 ταλαιπιιιρούμενος,
3641 1512 3747 1564 ὑπο

2166 1595 2390 1648 πάντων
2441 1595 2598 1667 mood
2608 1614 2790 1668 μενος,
2818 1597 2963 1652 ὥστε
2995 1599 3088 1652 καὶ
3114 1601 3162 1652 οἱ
3184 1600 3371 1664 παῖδες
3392 1604 3489 1671 τῆς
3515 1604 3744 1667 πόλεως,

2163 1688 2483 1754 τύπτοντες,
2521 1689 2800 1761 σύροντες,
2839 1690 2936 1743 καὶ
2971 1692 3293 1762 ῥαπῖζοντες
3328 1693 3596 1759 σφοδρῶς,
3652 1699 3749 1748 καὶ

473 1787 740 1855 colaphis,
807 1785 1005 1854 injecto
1063 1787 1116 1837 in
1161 1782 1358 1837 collum
1397 1780 1524 1835 fune
1549 1796 1644 1849 per
1671 1780 1787 1834 vias
1815 1779 2055 1849 publicas

2166 1780 2241 1850 τῷ
2271 1782 2458 1850 αὐχένι
2499 1781 2665 1836 αὐτοῦ
2721 1782 2955 1852 σχοινίον
3011 1782 3319 1852 βάλλοντες,
3364 1780 3531 1854 ἧλκον
3578 1786 3748 1854 δημνεο

468 1882 795 1946 trahebant,
841 1885 1200 1932 stramentum
1251 1891 1316 1929 ex
1375 1873 1704 1929 carbonibus
1765 1872 2060 1943 iacientes,

470 1989 646 2042 coque
700 1973 906 2026 vultum
937 1971 1108 2041 ipsius
1133 1969 1501 2038 denigrantes.
1537 1967 1614 2020 lta
1658 1966 1899 2030 habitus,
1935 1965 2062 2020 inde

479 2065 698 2119 transiit
718 2070 784 2118 ad
808 2063 1157 2133 artopolium,
1178 2078 1272 2117 seu
1303 2062 1477 2116 forum
1498 2061 1588 2116 ubi
1622 2075 1788 2129 panes
1805 2069 2061 2127 veneunt,

476 2161 623 2213 vires
658 2158 924 2227 corporis,
950 2171 1059 2226 prae
1080 2155 1250 2209 nimia
1276 2154 1470 2224 jejunii
1509 2153 1832 2208 assiduitate
1856 2152 2062 2205 exhau-

469 2253 564 2314 sti,
626 2250 1024 2320 aliquantnlum
1096 2257 1464 2316 reparaturus.
1533 2244 1611 2299 Eo
1676 2245 1793 2299 loco
1840 2243 2061 2313 quidam

468 2343 677 2398 Christi
703 2343 906 2404 lideles,
930 2341 1174 2394 videntes
1201 2340 1378 2408 ipsum
1403 2337 1665 2393 aerumnis
1695 2337 2060 2402 fatiscentem,

468 2435 630 2490 obolo
677 2433 1145 2503 impertiebantur,
1177 2431 1432 2500 quodque
1471 2431 1631 2499 longo
1671 2438 1914 2498 tempore
1957 2429 2061 2489 sibi

473 2536 801 2594 conspectus
853 2539 959 2578 non
1002 2523 1213 2584 luisset,
1244 2521 1691 2591 interrogabant:
1721 2518 1822 2575 Ubi
1879 2529 2061 2575 terra-

470 2631 592 2670 rum
646 2615 847 2670 latuisti
882 2615 933 2668 in
972 2615 1117 2669 hunc
1170 2628 1344 2681 usque
1373 2613 1516 2668 diem
1543 2652 1557 2677 ,
1587 2613 1794 2668 stulte?
1827 2613 1916 2667 ubi
1951 2612 2062 2667 ela-

469 2723 628 2777 psum
694 2717 908 2775 tempus
941 2705 1302 2774 transegisti?
1329 2703 1540 2770 Quibus
1570 2703 1861 2761 Andreas:
1893 2702 1936 2758 0
1964 2719 2062 2759 vos

471 2800 678 2864 insani,
728 2815 857 2855 num
884 2799 1168 2867 ignoratis,
1224 2798 1514 2853 Stultorum
1552 2813 1639 2851 me
1680 2798 1856 2851 turbis
1886 2797 2064 2850 immi-

467 2901 630 2955 stum,
654 2904 776 2944 cum
804 2888 988 2942 stultis
1017 2888 1243 2940 stultum
1271 2884 1600 2940 dimicasse?
1629 2884 1861 2951 vosipsi,
1881 2883 2061 2946 video,

470 2982 574 3038 soli
621 2981 799 3036 insani
841 2990 996 3034 esus.
1031 2979 1166 3033 llinc
1222 2978 1321 3044 illi,
1354 2993 1461 3031 non
1495 2976 1733 3032 assecuti
1787 2976 2059 3029 dictorum

471 3086 718 3134 sensum,
749 3071 802 3124 in
837 3069 1068 3123 eﬂ‘usnm
1107 3079 1408 3136 prorupere
1439 3067 1606 3120 risum
1636 3065 1894 3120 :nomine
1921 3065 2062 3120 stul-

2169 1877 2321 1942 σίως,
2349 1865 2517 1947 μέλαν
2551 1878 2607 1943 ἐξ
2637 1876 2928 1946 ἀνθράκων
2956 1876 3260 1939 ποιοῦντες,
3308 1879 3404 1930 καὶ
3435 1879 3496 1930 τὸ
3531 1879 3752 1948 πρόσω-

2166 1987 2266 2024 πον
2298 1969 2467 2024 αὐτοῦ
2508 1970 2776 2040 χρίοντες.
2814 1969 2987 2032 Οὔτος
3017 1969 3464 2039 κικουχούμενσς
3511 1973 3750 2039 μετανά-

2170 2081 2302 2134 στης
2341 2066 2399 2117 ἐν
2431 2067 2545 2126 τοῖς
2575 2062 2968 2135 ἀρτοπωλείοις
2993 2062 3232 2130 ἐγένετο,
3254 2063 3390 2132 πρὸς
3420 2065 3477 2118 τὸ
3507 2065 3744 2133 ἀνακτή-

2168 2155 2364 2208 σασοαι
2425 2154 2484 2207 τὸ
2547 2154 2706 2223 σῶμα
2766 2153 2929 2207 αὑτοῦ
3001 2155 3066 2207 ἐκ
3131 2152 3233 2224 τῆς
3287 2156 3424 2222 ἄγαν
3488 2157 3737 2224 νηστείας

2165 2246 2521 2301 ταπεινωϐἐν.
2561 2247 2772 2298 Ἐκείσε
2818 2245 2997 2298 τοίνυν
3041 2247 3392 2316 ὑπάρχοντος,
3439 2247 3582 2309 τινὲς
3630 2247 3738 2299 τῶν

2166 2339 2526 2410 φιλοχρίστων
2559 2339 2820 2394 ἐδίδωσαν
2843 2339 2994 2410 αύτῷ
3032 2340 3277 2405 ὀϐολοὺς,
3321 2340 3552 2410 ὁρῶντες
3577 2341 3740 2392 αὐτὸν

2165 2433 2715 2504 καταπεπονημένον,
2754 2434 2846 2486 καὶ
2890 2433 2965 2496 ὡς
3003 2433 3184 2487 ἰκανὸν
3213 2436 3403 2504 χρόνον
3432 2433 3504 2503 μὴ
3546 2433 3745 2485 θεασα-

2169 2542 2342 2596 μενοι,
2386 2525 2574 2593 ἔλεγον
2621 2525 2805 2595 αὐτῷ’
2846 2525 2958 2580 Ποῦ
3009 2525 3259 2596 ὑπῆρχες
3310 2525 3417 2588 ἕως
3470 2525 3563 2579 τοῦ
3614 2523 3740 2586 νῦν,

2165 2617 2365 2688 ἐξηχες
2406 2617 2510 2670 ποῦ
2565 2618 2751 2687 διῆγες
2798 2618 2899 2681 τὰς
2945 2617 3216 2680 τοσαύτας
3257 2617 3475 2688 ἡμέρας
3522 2633 3536 2682 ;
3586 2616 3644 2670 'O
3685 2616 3744 2668 δὲ

2167 2709 2352 2771 "Octo;
2380 2708 2718 2776 ἁπεκρίνατο
2742 2724 2754 2739 ·
2804 2707 3048 2777 Ἐξηχοι,
3085 2706 3185 2760 οὐκ
3205 2707 3383 2759 οἴδατε
3413 2706 3494 2758 ὅτι
3537 2705 3743 2773 μωροῖς

2167 2802 2610 2869 συμφυρόμενος,
2665 2800 2872 2869 μωροῖς
2909 2799 2984 2862 ὡς
3037 2798 3219 2868 μωρὸς
3250 2797 3606 2862 διεπάλαιονς
3648 2797 3743 2848 καὶ

2165 2890 2318 2943 αὐτοὶ
2355 2889 2446 2964 ἒξῃ
2457 2907 2539 2960 χοι
2573 2889 2726 2958 μόνοι
2754 2889 3148 2960 χρηματίξετε.
3198 2891 3263 2942 Ol
3321 2889 3377 2942 δὲ
3423 2887 3502 2958 τῷ
3545 2887 3742 2956 γελοίῳ

2165 2980 2518 3051 ἐπαιρόμενοι
2555 2980 2656 3032 οὑκ
2686 2979 2985 3047 ἐγίνωσκον
3034 2980 3102 3033 τὰ
3155 2978 3424 3049 λεγόμενα
3459 2995 3474 3010 ’
3524 2994 3624 3046 μω,
3649 2981 3742 3039 οὺς

2163 3070 2271 3141 γὰρ
2294 3070 2479 3124 ἐκάλει
2521 3069 2648 3132 τοὶς
2680 3068 2956 3142 ὀλεθρίους
2998 3070 3283 3140 δαίμοναέ,
3340 3069 3460 3138 μεθ’
3512 3064 3587 3122 ὧν
3643 3071 3740 3138 τὴν

475 3171 654 3216 torum
688 3129 885 3230 quippe
919 3129 1206 3213 veniebant
1228 3129 1458 3212 Andrem
1505 3156 1826 3227 nequissimi
1857 3157 2055 3212 d:emo«

2163 3162 2342 3233 πάλην
2371 3161 2632 3216 ἑκάστοτε
2659 3162 2917 3228 ἐποιεῖτο,
2949 3161 3036 3217 διὰ
3063 3159 3161 3232 τὴν
3189 3160 3299 3215 τῶν
3315 3159 3563 3232 οὐρανῶν
3588 3157 3743 3228 βασ-

475 3267 596 3318 ncs,
631 3251 960 3321 quibuscum
989 3249 1444 3320 congrediebatur
1489 3248 1756 3319 quotidie,
1786 3264 1884 3319 pro
1910 3249 2062 3319 regni

472 3344 715 3399 (celestis
775 3342 998 3412 pra2mio
1059 3341 1366 3396 decertans.
1394 3339 1602 3396 Interea
1636 3349 1813 3396 tamen
1862 3341 2061 3414 largie-

468 3439 670 3493 bantur
701 3437 841 3499 viro,
874 3434 964 3488 alii
989 3448 1154 3487 unum
1175 3433 1422 3497 obolum,
1445 3432 1581 3486 duos
1599 3433 1714 3496 alii,
1747 3432 1798 3486 hi
1837 3448 2055 3502 panem,

468 3530 546 3582 illi
601 3541 850 3590 caseum,
913 3524 1161 3578 nonnulli
1221 3524 1468 3592 piscem,
1522 3539 1622 3577 nec
1689 3524 1914 3578 deerant
1962 3525 2056 3596 qui

467 3621 664 3685 calida,
712 3619 914 3689 quique
961 3632 1120 3688 poma
1175 3616 1537 3686 purrigcrent,
1594 3625 1757 3685 prout
1817 3617 2054 3689 quisque

467 3712 584 3766 haec
605 3721 699 3766 aut
730 3711 820 3765 illa
852 3708 1063 3764 venalia
1090 3707 1364 3762 habebant
1401 3724 1414 3760 :
1445 3707 1647 3776 quibus
1690 3707 1777 3762 ille
1799 3719 2052 3776 onustus,

468 3803 776 3873 digrediens
803 3803 856 3856 in
884 3799 1240 3864 mnopolium,
1265 3801 1596 3871 pauperibus
1619 3799 1742 3856 aliis
1762 3801 2056 3860 distribue-

470 3897 563 3949 bat
593 3897 869 3949 universa.
902 3892 1090 3949 Fiebat
1116 3907 1222 3946 non
1256 3907 1401 3959 raro,
1435 3897 1700 3961 quosdam
1829 3895 2059 3951 miseros

469 3987 641 4056 magis
701 3987 1021 4050 clementes,
1076 3983 1305 4038 Andrea:
1364 3984 1659 4048 misertos,
1717 3997 1921 4041 vestem
1979 3987 2056 4042 illi

466 4081 706 4150 aliquam
737 4079 1056 4150 geStandam
1079 4078 1210 4131 dare
1247 4093 1261 4132 :
1295 4091 1483 4131 verum
1509 4078 1657 4133 illam
1690 4078 1781 4132 alii
1833 4079 2056 4149 quidam

468 4170 704 4225 mendici
737 4170 1103 4238 harpagones,
1129 4175 1314 4236 utpote
1331 4167 1480 4224 fures
1503 4168 1868 4237 impudentes,
1887 4181 2054 4226 noctu

464 4262 604 4316 clam
629 4263 973 4326 accedentes,
1001 4258 1324 4315 auiercbant
1348 4299 1364 4327 ,
1395 4261 1622 4329 ipsoque
1662 4260 1810 4315 nudo
1845 4261 2056 4330 relicto,

2161 3254 2310 3309 λείαν
2333 3254 2758 3324 ἀγωνιζόμενος.
2789 3254 2897 3308 Καὶ
2935 3255 2985 3307 οί
3019 3253 3117 3324 μὲν
3151 3253 3394 3306 ἐδίδοσαν
3429 3253 3579 3323 αὑτῷ
3621 3251 3740 3304 66c-

2161 3347 2275 3412 λὸν,
2301 3347 2351 3400 οί
2375 3347 2432 3401 δὲ
2465 3346 2561 3400 καὶ
2588 3347 2681 3400 δύο
2711 3365 2726 3380 ο
2763 3347 2811 3399 οἱ
2844 3345 2944 3416 μὲν
2976 3347 3159 3417 ἄρτον,
3194 3347 3244 3399 oi
3271 3347 3328 3399 δὲ
3362 3347 3547 3415 τυρὸν,
3589 3345 3738 3400 ἄλλοι

2156 3440 2212 3493 δὲ
2252 3441 2422 3511 ἰχθὺν,
2448 3441 2498 3494 οἱ
2526 3440 2582 3494 δὲ
2607 3440 2831 3512 Θέρμια,
2869 3441 2964 3494 καὶ
2987 3439 3234 3512 ὀπώρας,
3277 3439 3337 3504 ἐξ
3381 3435 3455 3494 ὧν
3508 3438 3743 3508 ἐπίπρα-

2167 3548 2296 3584 σκεν
2341 3531 2611 3594 ἕκαστος’
2665 3533 3047 3603 εἰσερχόμενος
3092 3532 3150 3584 δὲ
3200 3534 3258 3584 ἐν
3305 3532 3689 3602 καθαροποτίῳ
3719 3567 3739 3598 ,

2163 3627 2278 3687 τοῖς
2313 3622 2519 3693 ὁμοίοις
2549 3624 2778 3696 πένησιν
2807 3625 3044 3694 διένειμε
3076 3626 3272 3678 ταῦτα.
3317 3625 3426 3678 Καὶ
3478 3623 3738 3686 πολλάκις

2158 3716 2303 3778 τινὲς
2358 3717 2468 3769 τῶν
2517 3716 2851 3786 ἐλεημόνων,
2904 3715 3182 3780 ἐλεοῦντες
3234 3717 3330 3770 καὶ
3357 3716 3736 3787 ζοίκτείροντες

2162 3811 2429 3879 παρεῖχον
2463 3809 2612 3880 αὺτῷ
2660 3809 2757 3862 τοῦ
2808 3810 3036 3880 φορέσαι
3086 3810 3300 3880 ἱμάτιον
3330 3824 3345 3839 ο
3381 3808 3474 3863 καί
3499 3825 3643 3871 τινες
3681 3809 3737 3861 δὲ

2165 3899 2397 3967 πένητες
2427 3899 2701 3970 ἅρπαγες,
2739 3900 2813 3964 ὡς
2845 3895 2935 3953 οἷα
2969 3900 3165 3971 λῃσταὶ
3193 3899 3432 3962 ἀναιδεῖς
3462 3903 3737 3970 χρηματί-

2163 3990 2370 4058 ζοντες,
2405 3994 2600 4057 νυκτὸς
2625 3993 2777 4064 αὐτῷ
2819 3995 3270 4062 ἐπεμϐαίνοντες,
3303 3992 3532 4061 ἀφέντες
3577 3992 3740 4044 αὐτὸν

2164 4081 2262 4155 [ὡς
2299 4082 2547 4156 ἐγενὲοη]
2578 4085 2810 4156 γυμνὸν,
2838 4085 3060 4154 ἔφυγον.
3092 4076 3250 4137 Οὗτοι
3276 4084 3333 4137 δέ
3367 4086 3504 4136 εἰσιν
3530 4083 3739 4154 οὕσπερ

2161 4174 2211 4228 ol
2250 4175 2350 4245 τῆς
2379 4177 2587 4241 πόλεως
2620 4176 2877 4230 εἰώθασιν
2922 4175 3131 4244 καλεῖν,
3181 4184 3251 4228 τά
3303 4172 3396 4230 τοῦ
3437 4176 3738 4247 ἀρχιερέως

2167 4266 2376 4322 παιδία.

466 4369 525 4412 ut
550 4365 712 4412 natus
737 4365 878 4422 erat,
903 4355 1203 4427 fugiebant.
1237 4356 1319 4411 llli
1343 4365 1527 4412 autem
1580 4363 1760 4422 erant,
1824 4358 1916 4428 qui
1959 4373 1990 4414 a
2021 4362 2184 4434 vulgo
2241 4363 2466 4432 civium,
2522 4363 2823 4422 sacerdotis
2857 4363 2967 4435 (86)
3026 4363 3228 4420 summi
3301 4362 3420 4431 lilii,
3458 4362 3737 4432 indigitari

465 4457 889 4504 εοηευυγοτιιιιι.

539 4539 630 4595 68.
663 4542 786 4597 Alio
811 4556 1004 4597 rursus
1034 4541 1141 4610 die,
1159 4557 1283 4598 cum
1319 4551 1445 4613 post
1485 4542 1821 4613 oenopolinm
1851 4559 2055 4601 exone~

2226 4549 2328 4622 ξη’.
2355 4550 2523 4604 Πάλιν
2557 4547 2657 4618 μιᾷ
2683 4547 2792 4600 τῶν
2821 4544 3046 4616 ἡμερῶν
3072 4544 3170 4616 τὴν
3198 4541 3519 4612 σωματικὴν
3547 4541 3736 4611 χρείαν

464 4632 650 4688 randae
680 4633 784 4687 alvi
809 4648 973 4689 causa
995 4633 1280 4700 secedens,
1305 4634 1358 4688 in
1395 4635 1797 4690 transeuntium
1822 4651 2052 4708 conspe-

462 4735 576 4793 ctu,
599 4725 824 4795 pudoris
863 4737 918 4781 et
942 4727 1284 4783 verecundia:
1337 4725 1493 4795 quasi
1536 4726 1743 4782 oblitus
1811 4727 2047 4796 sederet,

466 4831 739 4872 nonnemo
770 4833 883 4872 rem
909 4819 975 4872 ad
1005 4832 1310 4888 cauponem
1344 4818 1540 4872 detulit
1565 4838 1580 4875 :
1608 4819 1702 4890 qui
1751 4817 1902 4875 foras
1927 4835 2052 4889 pro-

464 4909 643 4973 diens,
677 4909 977 4980 vidensque
999 4910 1145 4980 quod
1165 4909 1470 4964 nuntiatum
1496 4918 1631 4977 erat,
1663 4920 1880 4980 arrepto
1909 4910 2052 4966 fuste

465 5002 651 5057 tandiu
676 5003 998 5058 verberibus
1033 5003 1091 5056 in
1143 5000 1400 5056 Sanctum
1453 5002 1646 5073 saeviit,
1699 5003 1878 5073 quoad
1907 5005 2051 5059 vires

463 5096 644 5167 ipsum
681 5094 978 5150 deﬁcerent
1008 5093 1340 5148 saevientem.
1367 5094 1472 5149 Sed
1498 5102 1552 5149 et
1577 5094 1742 5160 alius,
1763 5095 2049 5164 insigniter

466 5187 748 5259 impudens
782 5186 1143 5255 moribusque
1165 5185 1462 5242 admodum
1487 5188 1740 5258 agrestis,
1763 5186 1887 5242 illac
1905 5186 2046 5242 forte

537 5365 652 5437 (85)
708 5363 854 5420 Idem
925 5366 1108 5422 minus
1155 5379 1399 5436 congrue
1435 5384 1450 5422 :
1482 5365 1540 5420 ἐν
1591 5368 1727 5437 πᾶσι
1795 5367 1905 5427 τοῖς
1965 5364 2044 5434 τῷ

461 5436 660 5524 κτίστῃ
711 5437 1097 5524 εὐαρεστοῦσιν
1145 5443 1457 5507 γενόμενος,
1514 5436 1612 5489 καὶ
1646 5439 1762 5502 ταῖς
1795 5452 2035 5506 σωματι-

460 5511 586 5571 καῖς
613 5505 845 5579 χρείαις.
1282 5505 1292 5507 ’
1881 5505 1889 5506 ί

474 5580 643 5648 η(8ϐ)
702 5578 873 5633 Notat
952 5577 1190 5648 Cangius
1241 5577 1295 5631 in
1361 5575 1670 5644 Glossario,
1719 5577 1784 5631 ad
1845 5591 2033 5648 vocem

461 5647 737 5714 Kalendae,
769 5647 1123 5719 petulantiam
1186 5650 1392 5703 laicoru
1421 5665 1454 5719 n_
1500 5649 1856 5719 quorumdam
1889 5647 2036 5702 Cra:-

463 5735 674 5786 corum,
702 5716 793 5790 qui
822 5721 982 5790 (sicut
1009 5721 1062 5775 in
1090 5719 1283 5774 Latina
1318 5717 1568 5775 versione
1598 5720 1793 5788 synodi
1825 5716 1878 5785 6,
1910 5733 2030 5788 cap.

2153 4642 2382 4698 ὄπισθεν
2413 4637 2809 4708 καθαροποτίου
2840 4635 3164 4707 ποιούμενος
3195 4633 3426 4688 ἐνώπιον
3457 4633 3563 4687 τῶν
3595 4634 3733 4703 διερ-

2163 4731 2432 4802 χομένων,
2492 4729 2828 4800 θεασάμενός
2863 4746 2949 4792 τις
2990 4727 3151 4783 αὐτὸν
3198 4726 3373 4790 οὕτως
3423 4727 3597 4791 ἀδεῶς
3645 4727 3738 4780 καὶ

2159 4823 2605 4894 ἀνερυθριάστως
2652 4820 3005 4892 καθήμενον,
3049 4822 3343 4892 ἀνήγγειλε
3380 4820 3455 4891 τῷ
3501 4822 3738 4891 καθαρο-

2154 4917 2336 4989 πότῃ⁶
2394 4919 2422 4969 ὁ
2473 4915 2530 4970 δὲ
2586 4914 2840 4980 ἐξελθὼν,
2885 4915 2980 4968 καὶ
3033 4913 3157 4967 ίδὼν
3203 4913 3295 4966 τὸν
3325 4915 3512 4966 Ὄσιον
3543 4911 3737 4976 οὕτως,

2156 5005 2509 5076 σπασάμενος
2539 5005 2756 5077 ῥάϐδον,
2789 5005 3044 5058 τοσοῦτον
3079 5003 3275 5073 ἔτυψεν
3298 5004 3483 5067 αὐτὸν,
3509 5007 3614 5068 ’ἐως
3647 5007 3736 5057 ὅτε

2153 5101 2186 5171 ἡ
2221 5101 2375 5171 ἰσχὺς
2412 5098 2578 5153 αὑτοῦ
2608 5098 2924 5166 ἠλάττωσεν
2957 5113 2971 5127 ·
2998 5097 3343 5169 διερχόμενος
3404 5097 3460 5150 δὲ
3499 5100 3592 5150 καὶ
3623 5098 3738 5148 ἐτε-

2154 5208 2248 5263 ρος
2285 5190 2532 5259 ἀναιδὴς,
2559 5190 2988 5263 ἀπηγριωμένον
3019 5191 3158 5261 ἔχων
3185 5187 3337 5262 ἦθος,
3367 5189 3736 5260 χειριζόμενος

2156 5364 2244 5431 16,
2279 5363 2496 5435 legitur)
2528 5383 2546 5416 ι
2592 5380 2687 5436 per
2725 5365 2972 5435 quaedam
3028 5364 3242 5419 indusia
3305 5373 3358 5420 et
3418 5364 3736 5436 vestimenta

2151 5439 2508 5492 sacerdOtalia
2531 5435 2854 5491 videbantur
2895 5438 3124 5505 gradum
3152 5439 3312 5504 quasi
3341 5435 3735 5490 sacerdotalem

2148 5521 2387 5574 sumere,
2459 5506 2740 5578 proprium
2796 5503 3099 5578 etia'tn_sibi
3127 5503 3534 5578 patriarcham
3570 5509 3739 5559 εει-νι-

2146 5581 2356 5642 bentes,
2397 5575 2474 5632 et“
2504 5575 2814 5646 quibusque
2872 5575 3072 5629 divinis
3125 5575 3436 5643 illudentes,
3479 5593 3498 5628 ι
3525 5586 3578 5631 οι
3603 5578 3738 5631 tales

2145 5663 2345 5710 scurrr
2378 5649 2623 5706 fortassis
2653 5648 2739 5704 hic
2766 5646 3158 5717 intelliguntur.
