4148 6404
371 281 484 346 Ἶθθ

1551 275 1734 336 VlTA
1775 276 1838 339 S.
1881 274 2214 337 ANDREJE
2254 276 2451 342 SALl.

3552 285 3660 346 't'iO

379 397 608 465 βόσκεον
636 390 857 463 ῥάϐδον,
901 390 998 445 καὶ
1023 390 1098 454 ὡς
1134 389 1397 445 ἐθεάσατο
1434 389 1525 444 τὸν
1550 391 1740 445 Ὅσιον
1768 391 1968 445 τυπτό-

2077 392 2380 459 transiens,
2414 393 2506 449 ubi
2541 394 2674 451 vidit
2697 394 2958 450 Sanctum
2994 395 3313 452 verberibus
3347 409 3658 466 exceptum,

390 503 576 556 μενον.
606 482 836 553 τρωθεὶς
868 483 974 537 ὑπὸ
1001 482 1093 537 τοῦ
1115 483 1394 553 διαόὀλου,
1418 482 1636 539 δίδωσιν
1661 485 1813 555 αὑτῷ
1848 485 1968 556 μεθ’

391 570 461 647 ἦς
514 572 736 643 ἐκράτει
786 571 1010 641 ῥάϐδου,
1051 573 1127 636 ὡς
1159 573 1415 642 ἠδύνατο,
1448 572 1588 629 ὥστε
1629 575 1969 645 ἀκουσθῆναι

384 669 476 721 τὸν
500 665 705 719 κτύπον
748 664 1056 737 πόρρωθεν.
1103 664 1336 719 Ἀπιδὼν
1366 666 1422 720 δὲ
1449 666 1478 720 ό
1508 667 1692 731 "Octo;
1718 667 1856 738 πρὸς
1877 667 1969 722 τὸν

386 759 662 831 τύψαντα,
703 759 920 829 πικρῶς
948 758 1304 823 άνεστέναξεν
1330 758 1407 831 τῷ
1441 759 1610 829 πόνῳο
1638 760 1879 825 ἀναστὰς
1910 760 1968 813 δέ

382 849 661 923 ἐπορεύθη
705 850 959 920 πλησίον,
1020 850 1115 903 καὶ
1168 849 1352 903 πεσὼν
1404 851 1794 921 κατησπάζετο
1839 854 1969 916 τοὺς

386 943 554 1005 πόδας
583 939 772 1004 αὐτοῦ,
826 940 1115 1010 διαλείχων
1146 944 1210 1012 τῇ
1240 926 1484 1013 γλώττῃ,
1519 943 1617 996 καὶ
1664 942 1969 1013 προσευχό-

390 1051 576 1107 μενος.
608 1032 771 1096 Τινές
801 1032 857 1085 δὲ
894 1032 1131 1102 ὁρῶντες
1178 1033 1340 1087 αὐτὸν
1384 1033 1571 1102 ελεγον
1600 1050 1615 1066 ’
1660 1035 1967 1103 Θεάσασθε,

388 1126 576 1197 φησὶν,
608 1125 723 1189 πῶς
751 1128 778 1179 ὁ
819 1125 1119 1196 δαιμονιῶν
1152 1119 1308 1191 οὗτος
1357 1127 1454 1180 καὶ
1499 1130 1973 1199 παρατετραμμέ-

392 1235 500 1283 νος,
528 1217 780 1288 καθάπερ
826 1217 974 1271 κύων
1010 1217 1131 1272 κατ’
1171 1218 1334 1272 αὑτοῦ
1372 1220 1619 1274 σταλέντι
1649 1220 1791 1274 οὕτω
1841 1221 1968 1285 τοὺς

389 1310 553 1373 πόδας
578 1309 673 1363 τοῦ
698 1309 964 1379 τύψαντος
985 1309 1149 1363 αὑτὸν
1171 1310 1585 1375 κατασπάζεται
1602 1312 1966 1384 ἀναισθήτως,

391 1402 583 1456 καθότι
616 1403 644 1455 ό
692 1402 917 1473 δαίμων
971 1402 1140 1457 αὐτοῦ
1194 1404 1343 1458 ἔνδον
1385 1404 1761 1476 ἐπιμαίνεται.
1828 1404 1884 1460 Ὀ
1909 1406 1967 1460 δὲ

389 1496 664 1564 μακάριος
707 1494 962 1561 Ἀνδρέας
991 1495 1091 1559 τὰς
1120 1496 1486 1559 ἁνυποίστους
1516 1497 1808 1567 δεχόμενος
1832 1498 1972 1569 πλη-

386 1590 490 1658 γὰς
522 1589 630 1643 τὼν
678 1592 796 1644 ἐκεῖ
849 1591 1309 1661 ὑπανεχώρησεν,
1351 1592 1447 1646 καὶ
1490 1593 1669 1665 εὑρὼν
1713 1593 1968 1665 κοπρώδη

389 1681 556 1733 τόπον
583 1682 764 1756 ἐκεῖσε
811 1682 1127 1749 ἐκάθευδεν,
1158 1682 1329 1737 ὕπνου
1363 1684 1704 1757 βραχυτάτου
1728 1687 1970 1757 ἐφαπτό-

391 1789 575 1841 μενος.
606 1774 669 1827 ΟΞ
697 1772 791 1827 οὖν
811 1775 1283 1846 ἐκεῖδιερχόμενοι
1308 1776 1540 1846 ὁρῶντες
1567 1776 1733 1831 αὑτὸν
1756 1778 1848 1830 ἐπὶ
1869 1777 1972 1847 τῆς
2003 1777 2047 1837 Β

392 1864 624 1935 κοπρίας
658 1865 1023 1935 ἡσυχάζοντα,
1054 1869 1117 1920 ἐκ
1145 1866 1342 1936 βάθους
1370 1866 1718 1933 στενάζοντες
1750 1868 1937 1937 ἔλεγεν
1957 1884 1971 1900 ⁸

399 1955 516 2025 ΙΙῦρ
542 1955 638 2009 καὶ
677 1955 823 2009 θεῖον
856 1959 949 2010 ἐπὶ
986 1957 1084 2029 τὴν
1126 1958 1372 2032 κορυφὴν
1416 1963 1516 2033 τῆς
1559 1961 1640 2024 εἷς
1691 1977 1751 2014 σε
1799 1961 1974 2015 ταῦτα

398 2049 797 2121 ἐργασαμένη;ο
823 2051 1060 2118 ἔφασκον
1081 2052 1299 2122 γὰρ,ὅτι
1331 2053 1439 2107 ἀπὸ
1464 2052 1724 2122 γυναικὸς
1746 2056 1978 2126 περιερέ

394 2143 563 2212 γασία
599 2145 866 2215 σατανικῇ
891 2144 1297 2215 ἐπαρέτραπτο.
1326 2146 1386 2200 Ol
1411 2145 1487 2211 δὲ,
1506 2145 1641 2199 Ἀπὸ
1660 2148 1974 2217 ἐπιλήψεως

392 2236 591 2308 συνέϐη
620 2237 769 2307 αὐτῴ
796 2237 956 2290 τοῦτο
986 2236 1048 2290 τὸ
1078 2237 1271 2301 πάθος.
1303 2237 1433 2302 Θεὸς
1452 2239 1680 2293 δὲότῶν
1712 2241 1975 2311 κρυπτῶν

390 2329 661 2399 γνώστης,
690 2329 718 2382 ὁ
739 2329 806 2383 τὰ
839 2327 1022 2396 ὑψηλὰ
1044 2329 1155 2382 ἀπὸ
1187 2329 1468 2401 μακρόθεν
1510 2330 1819 2400 γινώσκων,
1880 2336 1976 2389 καὶ

394 2422 521 2484 τοὺς
544 2419 930 2490 διαλογισμοὺς
951 2420 1060 2472 τῶν
1093 2420 1401 2491 ἀνθρώπων
1429 2421 1678 2493 ἐφορῶν,
1723 2423 1840 2494 εἴδη
1878 2422 1973 2477 τοῦ

389 2514 580 2570 δούλου
605 2513 769 2567 αὐτοῦ
796 2513 895 2583 τὴν
921 2511 1208 2583 ἐργασίαν,
1233 2513 1325 2567 καὶ
1352 2507 1432 2579 οἷς
1460 2514 1685 2586 τρόποις
1701 2515 1974 2589 ἔπραττεν

394 2623 592 2661 ταυτα.

426 2784 427 2787 “
472 2788 572 2853 ξθ’.
609 2788 878 2859 Κειμένου
903 2782 997 2843 οὖν
1020 2789 1114 2843 τοῦ
1140 2789 1346 2856 Ὀσίου,
1372 2790 1516 2846 καθὰ
1545 2795 1889 2866 προείρηται,
1917 2796 1979 2851 ἐν

394 2879 473 2949 τῷ
496 2880 763 2950 κοπρώδει
779 2881 949 2949 τόπῳ,
970 2882 1168 2950 συνέϐη
1193 2881 1408 2953 ἄμαξαν
1427 2883 1735 2954 διέρχεσθαι
1757 2886 1935 2940 ἐκεῖσε
1958 2902 1973 2918 ·

394 2970 422 3021 ὁ
454 2967 510 3020 δὲ
539 2968 831 3040 βοηλάτης,
858 2970 1064 3026 πλείονι
1091 2972 1224 3043 οἴνῳ
1244 2975 1734 3046 συμπεφυρμένος,
1757 2993 1975 3048 τραγῳ-

393 3058 499 3112 δῶν
553 3061 869 3131 ἐπορεύετο,
921 3063 982 3116 οὐ
1046 3063 1234 3134 μέντοι
1297 3065 1530 3119 συνείδει
1578 3065 1651 3119 τὰ
1695 3067 1835 3121 κατὰ
1879 3067 1971 3122 τὸν

395 3150 607 3225 ’Λγιον.
646 3155 942 3229 [ιαριόντες
967 3158 1150 3214 τοίνυν
1179 3160 1228 3214 οἱ
1261 3158 1405 3232 βόες,
1451 3160 1841 3234 κατεπάτησαν
1873 3162 1962 3217 τὸν

2077 3163 2299 3220 Andreae
2336 3179 2351 3217 :
2383 3161 2478 3234 qui
2518 3160 2847 3232 agitatorum
2898 3158 3063 3212 boum
3112 3150 3334 3221 ungulis
3388 3150 3664 3213 calcatus,
3778 3201 3786 3207 ,

408 3248 614 3312 Ὀσιον,
643 3248 928 3320 ἑλκόμενοι
958 3250 1014 3304 δὲ
1049 3250 1145 3305 καὶ
1171 3251 1220 3303 οἰ
1251 3254 1437 3323 τροχοὶ
1460 3252 1625 3323 μέσον
1647 3253 1745 3325 τῆς
1766 3252 1974 3319 κοιλίας

395 3339 563 3393 αὐτοῦ
596 3339 813 3411 διῆλθον
835 3341 970 3414 (87).
1015 3341 1357 3413 Θεασάμενοι
1403 3344 1462 3399 δὲ
1504 3344 1552 3398 οἱ
1582 3344 1682 3415 τὴν
1723 3345 1842 3399 ὁδὸν
1871 3362 1975 3401 πο·-

400 3432 705 3503 ρευόμενοι,
739 3433 1210 3504 κατεκραύγασαν
1252 3434 1348 3488 τοῦ
1391 3434 1656 3507 βοηλάτου
1699 3437 1977 3510 θυμούμε-

398 3538 501 3585 νοι,
557 3522 651 3576 καί
704 3540 852 3587 τινες
909 3523 1182 3594 τύψαντες
1232 3526 1397 3581 αὐτὸν
1441 3528 1690 3597 σφοδρῶς
1739 3528 1974 3599 ἔλεγονο

400 3615 582 3671 Ἔστω
610 3619 692 3672 ὅτι
719 3620 820 3673 οὐκ
845 3619 1082 3693 αἰσθάνῃ
1103 3661 1120 3687 ,
1158 3618 1263 3675 κᾶν
1304 3620 1405 3673 οὐκ
1438 3620 1661 3685 ἐὸλεπες
1694 3622 1859 3675 πόθεν
1876 3639 1975 3676 πο-

401 3709 619 3780 ρεύεται
652 3713 686 3782 ἡ
720 3710 906 3783 ἅμαξα
934 3728 950 3779 ;
996 3711 1055 3765 '0
1079 3710 1138 3764 δὲ
1169 3711 1249 3783 τῷ
1280 3712 1462 3783 πολλῷ
1495 3713 1623 3784 οἴνῳ
1652 3713 1978 3785 κεκαρωμέ-

398 3818 510 3868 νος,
537 3801 692 3872 μόλις
715 3803 1054 3874 ἀπεκρίνατο
1081 3820 1095 3834 ο
1130 3803 1227 3867 Τίς
1253 3804 1564 3872 ἠνάγκαζεν
1608 3803 1772 3858 αὐτὸν
1809 3804 1978 3875 μέσον

393 3889 499 3962 τῆς
527 3892 646 3946 ὁδοῦ
677 3892 1035 3960 καθεσθῆναι,
1064 3893 1161 3948 καὶ
1174 3881 1492 3964 ’σκηνώσεις
1527 3895 1749 3964 ποιῆσαι
1776 3909 1791 3960 ;
1825 3893 1890 3947 Οἱ
1920 3893 1979 3948 δέ

397 3984 538 4053 πρὸς
566 3984 730 4039 αὐτόν
758 4000 774 4016 ·
804 3982 927 4056 Δῴη
963 4001 1045 4039 σοι
1091 3986 1120 4039 ὁ
1152 3985 1286 4050 Θεὸς
1330 3985 1432 4057 τὴν
1492 3986 1658 4041 αὐτοῦ
1711 3986 1977 4059 φρόνησιν

396 4076 493 4130 καὶ
536 4075 599 4130 τὸ
632 4074 875 4146 πνεῦμα,
933 4076 1071 4149 ὅπερ
1124 4076 1287 4131 αὐτὸν
1323 4079 1404 4140 εἰς
1435 4076 1772 4149 τηλικαύτην
1820 4077 1978 4132 ἀπίει

395 4166 760 4238 ἀναισθησίαν
788 4168 1014 4238 ἤλασεν.
1063 4169 1123 4223 '0
1153 4168 1210 4224 δὲ
1236 4169 1459 4234 Δίκαιος
1490 4170 1676 4241 χάριτι
1708 4170 1805 4224 τοῦ
1836 4169 1979 4242 Χρι-

397 4261 528 4316 στοῦ
593 4263 866 4333 διέμεινεν
925 4263 1191 4334 ἀϐλαϐής.
1241 4263 1353 4320 Καί
1393 4282 1540 4330 τινες
1579 4264 1977 4337 θαυμάζοντες,

394 4351 586 4424 ελεγον
618 4370 635 4389 ο
681 4357 748 4410 Τί
796 4357 1064 4429 εἴπωμεν,
1107 4357 1140 4429 ἢ
1196 4356 1250 4413 τί
1301 4356 1668 4430 φθεγξώμεθα
1705 4359 1834 4429 περὶ
1884 4357 1978 4412 τοῦ

396 4447 751 4518 πεφυρμένου
779 4449 1013 4518 τούτου;
1078 4448 1517 4522 Ἐπαποροῢμεν,
1560 4448 1669 4521 ἄρα
1709 4449 1814 4503 ὑπὸ
1840 4448 1977 4503 Θεοῦ

398 4540 715 4612 ἐσκεπάσθη
742 4534 922 4608 οὗτος,
965 4541 1001 4613 ἢ
1034 4540 1138 4595 ὑπὸ
1168 4540 1279 4596 τῶν
1330 4540 1586 4614 πονηρῶν
1628 4540 1977 4613 πνευμάτων,

399 4632 460 4685 ἐν
488 4630 572 4697 οἷς
607 4634 1075 4706 κατατριϐόμενος
1101 4634 1325 4688 ῶλυται.
1365 4635 1430 4689 Ol.
1463 4635 1522 4689 δὲ
1547 4634 1732 4706 ἔλεγον
1754 4650 1769 4666 ⁸
1810 4635 1980 4690 Εἰκά-

397 4726 586 4798 ζομεν,
615 4727 698 4784 ὃτι
723 4729 753 4781 ό
807 4729 1359 4801 συμπεριφερόμενος
1391 4728 1542 4801 αὑτῷ
1572 4729 1804 4801 δαίμων,
1859 4732 1984 4784 ἐπι-

398 4817 582 4874 ποθῶν
633 4818 730 4873 τοῦ
781 4821 1020 4874 συνεῖναι
1067 4820 1246 4892 αὐτῷ,
1299 4818 1468 4888 ὀξέως
1524 4823 1625 4895 τῆς
1673 4823 1890 4896 ἁμάξης
1920 4823 1982 4879 τὸ

402 4910 566 4982 βάρος
611 4910 894 4982 ἐκούφισε,
925 4911 1020 4966 καὶ
1070 4912 1313 4986 ἀδλαὸἡς
1357 4913 1646 4986 διέμεινεν.
1691 4916 1879 4971 ’Δλλοι
1922 4918 1982 4973 δὲ

401 5000 587 5070 ἔλεγον
612 5017 626 5032 ⁸
665 5001 806 5068 Οὔκ,
837 5001 954 5058 ἀλλ’
980 5004 1008 5058 ό
1035 5003 1167 5068 Θεὸς
1205 5005 1453 5075 ἐλεήμων
1480 5004 1763 5080 ὑπάρχων,
1780 5011 1984 5063 οἰκτειο

403 5095 578 5164 ρήσας
620 5094 720 5168 τὴν
746 5094 911 5150 αὐτοῦ
942 5098 1190 5168 ἀτυχίαν,
1236 5098 1541 5154 ἐσκέπασεν
1579 5101 1763 5154 αὐτόν.
1796 5099 1981 5154 Ταῦτα

398 5187 580 5241 πάντα
629 5187 895 5251 ἑκουσίως
939 5186 1208 5260 ἔπραττεν
1266 5190 1294 5242 ὸ
1346 5191 1634 5262 Μακάριος
1668 5231 1685 5258 ,

400 5274 493 5330 ⁸τὸν
518 5278 719 5351 κόσμον
752 5278 847 5335 καλ⁵
870 5280 941 5335 τὰ
960 5282 1019 5335 ἐν
1044 5283 1236 5354 κόσμῳ
1264 5281 1353 5337 διὰ
1384 5283 1485 5355 τὴν
1543 5284 1829 5355 βασιλείαν
1871 5286 1981 5341 τῶν

398 5371 668 5443 οὐρανῶν.

1745 5191 1991 5264 μισήσας¹

2071 486 2341 556 impulsus
2362 501 2391 541 a
2428 487 2701 555 daemone,
2732 488 2989 543 eumdem
3026 488 3285 557 pastorali
3324 488 3482 558 pede,
3513 490 3661 559 quod

2075 594 2239 635 manu
2266 581 2534 650 gestabat,
2569 581 2814 637 collectis
2838 581 3048 637 viribus
3070 581 3320 650 pulsabat
3356 589 3507 638 tanto
3532 597 3659 637 cum

2071 672 2298 741 impetu,
2331 679 2391 725 ut
2428 672 2645 727 eminus
2677 671 2903 728 verbera
2942 671 3351 727 exaudirentur.
3412 673 3660 727 Andreas

2070 778 2198 817 vero
2222 765 2412 820 oculos
2441 766 2495 820 in
2527 767 2902 820 verberantetn
2945 765 3265 830 intendens,
3301 779 3517 819 amaros
3549 778 3662 833 pra:

2070 854 2261 911 dolore
2284 858 2516 928 gemitus
2537 857 2769 914 ducebat
2789 899 2803 923 ,
2832 872 3173 928 surgensque
3206 857 3434 928 pr0pius
3474 871 3660 911 acces-

2070 945 2143 1001 sit
2202 947 2435 1013 homini,
2488 959 2542 1003 et
2596 950 2662 1003 ad
2695 963 2871 1018 genua
2896 948 3205 1017 procidens,
3236 948 3489 1018 amplexu
3537 964 3664 1001 con-

2070 1042 2375 1111 stringchat
2402 1044 2568 1111 pedes
2595 1043 2939 1113 lingelvatque
2979 1041 3187 1110 lingua,
3221 1042 3422 1096 durum
3470 1051 3663 1110 peetus

2069 1133 2328 1203 precibus
2360 1134 2571 1188 mollire
2598 1143 2849 1189 conatus.
2871 1134 3027 1201 Quod
3052 1133 3348 1203 conspicati
3373 1131 3619 1188 nonnulli
3645 1144 3660 1183 :

2070 1226 2233 1289 Ecce,
2256 1225 2601 1296 inquiebant,
2621 1226 3016 1281 dacmoniacum
3039 1226 3215 1290 illum,
3237 1233 3420 1279 mente
3435 1225 3621 1279 laesum
3644 1264 3659 1288 ,

2071 1319 2350 1388 quomodo
2398 1317 2691 1372 advolutus
2739 1316 3015 1371 saevientis
3067 1317 3120 1370 in
3150 1332 3209 1371 se
3245 1315 3502 1383 pedibus,
3543 1326 3664 1370 tan-

2071 1425 2235 1480 quam
2268 1409 2422 1463 canis
2461 1409 2720 1478 praebenti
2749 1409 2850 1463 sibi
2886 1408 3190 1478 quidpiam,
3238 1407 3555 1460 blandiatur
3585 1406 3665 1459 in-

2072 1501 2350 1558 sensibilis
2374 1500 2440 1555 ad
2467 1500 2718 1557 verbera.
2744 1500 2951 1569 Nempe
2994 1499 3208 1553 daemon
3248 1498 3303 1552 in
3357 1497 3664 1553 visceribus

2072 1595 2195 1665 ejus
2221 1594 2402 1649 fuerit.
2443 1591 2694 1649 Andreas
2744 1602 2950 1660 autem,
2997 1592 3256 1662 gravibus
3283 1589 3514 1645 aﬂlictus
3546 1590 3665 1643 vul-

2074 1689 2321 1749 neribus,
2348 1687 2643 1743 astantium
2701 1687 2876 1742 oculis
2909 1702 2968 1740 se
2992 1685 3254 1740 subduxit
3282 1724 3296 1745 ,
3333 1683 3664 1752 inventoque

2077 1781 2444 1853 sterquilinio,
2469 1780 2795 1835 brevissimo
2825 1779 2936 1833 illic
2964 1792 3157 1832 somno
3177 1775 3423 1830 indulsit.
3478 1772 3665 1827 Viato-

2077 1889 2165 1930 res
2202 1882 2384 1929 autem
2450 1873 2574 1927 illac
2630 1872 2734 1927 iter
2780 1872 3074 1934 habentes,
3130 1878 3428 1938 conspecto
3493 1880 3660 1934 supra

2077 1969 2265 2023 [linum
2316 1968 2437 2021 viro
2506 1976 2718 2030 sancto,
2750 1978 2814 2020 ex
2849 1964 2960 2017 imo
3007 1962 3172 2017 corde
3214 1959 3659 2036 ingemiscentes,

2066 2061 2334 2116 dicebant
2369 2077 2384 2115 :
2422 2056 2568 2130 lgnis
2596 2068 2650 2113 et
2675 2058 2906 2126 sulphur
2939 2055 3101 2124 capiti
3140 2052 3307 2118 illius,
3329 2065 3450 2122 qua:
3472 2051 3661 2105 isthac

2077 2162 2297 2222 operata
2361 2160 2444 2207 est
2506 2150 2563 2205 in
2619 2159 2712 2215 te,
2761 2163 2886 2203 nam
2968 2146 3112 2200 fama
3144 2152 3299 2210 erat,
3354 2156 3383 2198 a
3431 2141 3664 2196 muliere

2076 2243 2331 2313 quapiam
2397 2256 2500 2312 ope
2555 2240 2821 2295 daemonis
2869 2237 3021 2291 illum
3083 2235 3149 2290 ad
3189 2232 3459 2289 insaniam
3493 2231 3665 2286 fuis:e

2078 2331 2669 2402 adactum:quamvis
2741 2329 2833 2384 alii
2888 2328 2943 2383 in
3010 2325 3325 2396 epilepsiam
3394 2322 3662 2392 originem

2077 2427 2207 2481 mali
2269 2423 2613 2480 referendam
2682 2421 3040 2477 sustinerent.
3107 2419 3173 2471 At
3228 2415 3375 2472 Deus
3421 2414 3513 2484 qui
3566 2428 3661 2467 ar-

2076 2533 2214 2573 cana
2294 2515 2543 2571 co'rdium
2621 2513 2922 2584 perspicit,
2980 2520 3035 2567 et
3114 2509 3222 2564 alta
3267 2523 3297 2562 a
3350 2506 3513 2575 longe
3568 2520 3664 2560 cn-

2075 2611 2308 2683 gnoscit,
2357 2618 2412 2663 et
2446 2608 2801 2679 cogitationes
2831 2604 3116 2659 hominum
3147 2600 3511 2660 considerat,
3551 2613 3602 2650 nt
3627 2612 3662 2649 n

2075 2702 2377 2773 ignorabat,
2410 2715 2534 2771 quae
2594 2698 2835 2753 famulus
2883 2710 3038 2760 suos,
3063 2702 3118 2748 et
3161 2708 3260 2748 cur
3308 2701 3659 2760 operaretur.

2145 2794 2237 2854 69.
2269 2792 2494 2849 J‘accnte
2526 2790 2692 2863 igitur
2717 2790 2932 2845 Andrea
2958 2788 3013 2842 in
3057 2799 3257 2857 spurco
3306 2782 3663 2851 sordidoque,

2075 2897 2136 2943 ut
2164 2867 2367 2942 dictum
2403 2894 2506 2950 est,
2533 2884 2675 2949 loco,
2709 2879 2934 2951 contigit
2978 2879 3283 2950 plaustrum
3351 2876 3477 2931 illae
3511 2882 3665 2928 tran-

2077 2982 2186 3036 sire
2213 3020 2229 3048 ,
2254 2980 2415 3048 cuius
2445 2977 2701 3049 agitator,
2734 2974 2908 3030 multo
2937 2973 3067 3029 vino
3100 2971 3326 3025 madens
3346 3007 3360 3034 ,
3393 2966 3671 3037 tragoedo-

2078 3089 2202 3128 rum
2231 3087 2383 3127 more
2410 3070 2710 3135 ferebatur,
2754 3068 2978 3139 ignarus
3037 3062 3364 3120 dormientis
3395 3061 3451 3115 in
3486 3060 3665 3130 platea

2077 3268 2532 3329 raptatarumque
2580 3256 2827 3310 retarum
2909 3250 3173 3320 impetum
3244 3242 3424 3299 medio
3477 3250 3667 3296 ventre

2076 3351 2374 3423 excipiens,
2436 3346 2776 3406 transeuntis
2811 3357 2978 3414 super
3049 3354 3111 3396 se
3172 3351 3370 3394 currus
3419 3333 3663 3406 pondere

2075 3459 2300 3518 pressus
2342 3443 2468 3500 fuit.
2530 3442 2646 3498 Hoc
2676 3439 2772 3510 qui
2799 3437 2990 3492 eadem
3018 3435 3122 3489 iter
3142 3429 3421 3486 habebant
3443 3425 3665 3497 conspi-

2076 3539 2207 3603 cati,
2235 3550 2361 3593 cum
2386 3533 2762 3606 indignatione
2793 3529 3184 3598 inerepuerunt
3232 3521 3509 3591 aurigam,
3528 3533 3671 3571 non-

2078 3631 2216 3687 nulli
2269 3629 2433 3685 etiam
2466 3627 2534 3682 ad
2584 3624 2811 3679 verbera
2843 3620 3159 3690 progressi,
3195 3614 3491 3670 dicebant:
3518 3608 3670 3663 Nihil

2077 3723 2283 3779 sentias
2334 3731 2390 3775 tu
2422 3721 2539 3789 ipse
2576 3718 2741 3781 licet,
2779 3727 2844 3769 ac
2878 3711 3070 3768 saltem
3114 3721 3223 3777 qua
3265 3717 3463 3761 currus
3496 3710 3672 3756 transv

2077 3824 2167 3871 eat
2204 3809 2647 3884 prospiciendum
2686 3806 2783 3861 tibi
2817 3803 2942 3889 fuit.
3013 3801 3086 3854 At
3119 3797 3233 3864 ille,
3268 3792 3670 3889 vinoplurimo

2081 3881 2349 3969 obrutus,
2365 3902 2455 3957 vix
2482 3899 2536 3956 id
2567 3895 2818 3968 responsi
2849 3881 3017 3949 dabat
3050 3906 3065 3945 :
3098 3889 3234 3954 Quis
3274 3884 3549 3941 hominem
3609 3881 3668 3936 in

2082 3995 2265 4051 media
2313 3994 2493 4064 coegit
2537 3990 2624 4045 via
2665 3988 2903 4058 quietem
2928 3982 3033 4038 sibi
3061 3982 3193 4036 dare
3225 3988 3279 4034 et
3318 3971 3671 4031 habitationis

2081 4087 2260 4144 locum
2317 4084 2608 4154 deligere?
2659 4078 2760 4136 Cui
2825 4090 3045 4133 rursum
3101 4072 3216 4130 illi:
3259 4068 3476 4126 Utinam
3510 4064 3567 4119 in
3617 4075 3671 4118 te

2082 4178 2382 4236 transferat
2434 4176 2580 4232 Deus
2631 4173 2943 4244 passionem
2983 4168 3131 4223 illius
3152 4176 3207 4220 et
3229 4155 3672 4233 spiritutn,unde

2083 4274 2151 4329 ad
2187 4288 2276 4329 res
2305 4280 2413 4327 tam
2440 4267 2691 4326 insolitas
2713 4271 2771 4319 et
2806 4278 2838 4318 a
2871 4261 3083 4317 ratione
3103 4257 3311 4312 alienas
3342 4249 3667 4322 impellitur!

2086 4366 2322 4422 Sanctus
2371 4361 2611 4427 interim,
2660 4372 2783 4429 qua:
2828 4353 3006 4427 gratia
3064 4347 3271 4407 Christi
3313 4344 3436 4411 fuit,
3469 4341 3674 4397 mansit

2085 4462 2310 4518 illaesos.
2353 4455 2723 4524 Quamobrem
2786 4451 3056 4505 mirantes
3115 4442 3288 4514 aliqui
3365 4439 3668 4495 dicebant:

2091 4557 2163 4613 De
2197 4554 2392 4610 insano
2421 4549 2601 4605 isthoc
2626 4545 2756 4617 quid
2787 4541 3088 4599 sentiemus
3134 4529 3531 4605 loquemurvel
3564 4528 3673 4582 Do-

2085 4647 2238 4705 bium
2268 4659 2401 4701 sane
2428 4651 2532 4706 est,
2561 4648 2746 4697 utrum
2785 4634 2969 4698 aDeo,
3000 4645 3070 4687 an
3115 4646 3148 4685 a
3182 4626 3342 4682 malis
3365 4621 3668 4694 spiritibus,

2089 4755 2120 4797 a
2187 4737 2389 4810 quibus
2441 4734 2509 4790 ad
2574 4729 2869 4804 perniciem
2920 4737 3097 4794 usque
3145 4719 3477 4810 exagitator,
3506 4712 3674 4810 fuerit

2088 4805 2469 4889 conservatus.
2522 4823 2625 4881 Alii
2681 4820 3087 4880 existimabant,
3144 4811 3380 4869 incolam
3432 4805 3671 4863 hominis

2086 4934 2290 4982 tetrum
2341 4923 2587 4977 daemone
2619 4955 2635 4983 ,
2692 4913 2840 4986 quod
2896 4909 3107 4983 perdite
3163 4903 3497 4961 desideraret
3544 4912 3669 4953 eum

2083 5031 2250 5090 porro
2288 5013 2548 5079 incolere,
2579 5007 2866 5066 confestim
2886 5002 3116 5075 plaustri
3138 4997 3354 5070 pondus
3385 4993 3672 5090 alleviasse

2087 5088 2326 5181 hincque
2374 5107 2496 5164 sine
2549 5104 2770 5160 laesione
2799 5097 3141 5156 transivisse.
3192 5092 3299 5148 Alii
3328 5104 3461 5146 vero
3488 5088 3542 5145 id
3573 5103 3672 5143 ne-

2089 5212 2321 5275 gantes,
2372 5199 2673 5256 attribuere
2734 5193 2845 5249 Deo
2897 5190 3194 5255 malebant,
3227 5187 3321 5259 qui
3344 5183 3673 5241 calamitatis

2087 5296 2318 5351 Andreae
2370 5294 2646 5359 misertus,
2700 5287 2880 5359 ipsum
2923 5285 3273 5358 protexisset.
3342 5281 3523 5352 Atque
3555 5276 3673 5331 haec

2087 5387 2269 5445 omnia
2296 5387 2528 5445 iaciebat
2558 5387 2802 5443 Sanctus
2834 5382 3020 5439 animo
3044 5380 3280 5447 lubenti,
3332 5374 3459 5435 odio
3487 5384 3677 5444 prose—

396 5481 574 5538 quens
605 5471 871 5528 mundum
900 5481 955 5529 et
983 5489 1045 5531 ea
1067 5489 1190 5548 qua:
1215 5474 1271 5532 in
1300 5477 1508 5535 mundo
1530 5488 1700 5550 .sunt,
1733 5490 1792 5538 ut
1846 5486 2112 5555 potiretur
2132 5486 2429 5558 aliquando
2451 5487 2602 5559 regni
2630 5486 2892 5544 caelestis.

473 5634 587 5725 (ξιτ)
636 5635 883 5725 προ-λιιι
928 5634 1136 5696 Mazar.
1172 5653 1276 5712 pro
1327 5655 1438 5714 quo
1462 5641 1714 5702 Vatican.
1765 5642 1884 5704 haec
1909 5659 1976 5704 ou

2077 5662 2095 5704 ι
2137 5646 2419 5709 habebat:
2477 5649 2862 5725 Δῳϐήσαντες,
2919 5651 3256 5718 σπασθέντες
3327 5652 3384 5708 δὲ
3413 5651 3673 5725 διᾶὃησσν

402 5702 590 5763 ἐπάνω
623 5702 812 5762 αὐτοῦ.
