4148 6418
480 212 595 321 ἰιι

1542 260 1972 323 NICEPHORI
2012 261 2490 323 PRESBYTERI
2530 264 2640 326 CP.

3658 277 3766 342 712

561 366 652 422 70.
683 366 843 423 Aliud
877 385 1094 441 quoque
1118 382 1419 429 memoratu
1449 373 1699 446 dignum,
1751 376 2081 447 benignissi-

2256 396 2317 443 o'.
2340 391 2568 464 Ἕτερον
2593 394 2653 448 δὲ
2684 398 2917 469 πρᾶγμα
2944 399 2972 451 6
2998 396 3216 468 Δίκαιος
3242 405 3534 477 ἔπραττεν,
3561 409 3658 464 τοῦ
3687 429 3774 480 cpt-

490 476 583 515 mo
639 459 870 516 Domino
928 473 1116 521 nostro
1154 467 1297 520 vires
1328 464 1649 532 suﬁieiente,
1680 479 1941 536 operatus
1975 478 2079 524 est.

488 551 626 606 Illud
658 553 870 608 aestatis
903 563 1116 625 tempus
1144 557 1441 627 agebatur,
1502 573 1613 628 quo
1644 568 1810 617 aestus
1840 560 1974 617 solis
2000 561 2091 617 ina

493 640 794 697 tolerabilis
847 651 1048 700 terram
1100 646 1505 715 quodammodo
1530 658 1588 703 ut
1651 648 1927 705 clibanum
1957 667 2084 707 suo.

492 731 712 798 cendit;
738 747 862 787 cum
898 734 1095 791 Beatus
1126 736 1339 791 ebrium
1367 753 1428 793 se
1469 738 1770 807 simulavit,
1801 741 2082 798 ebriorum

490 823 847 892 exprimendo
883 836 1069 896 gestus
1096 843 1425 900 gressusque
1445 831 1731 898 imitando,
1753 836 2085 905 procedens-

493 930 602 985 que
636 914 689 969 in
744 916 924 971 locum
976 919 1211 974 maxime
1256 923 1528 990 apricum,
1580 926 1870 994 procubuit
1903 929 2084 983 media

494 1007 605 1073 via,
630 1009 778 1065 nullo
804 1011 909 1064 (ibi
937 1019 1167 1081 potusve
1189 1013 1431 1071 admisso
1455 1016 1669 1084 solatio,
1694 1028 1747 1074 et
1761 1029 2083 1078 aestuantem

398 1163 412 1176 _
492 1086 607 1153 illic
664 1101 833 1155 solem
887 1101 977 1156 diu
1012 1102 1279 1159 toleravit.
1316 1104 1716 1164 Prmtercuntes
1754 1126 1906 1176 vero,
1937 1112 2085 1182 quod

491 1196 819 1252 oﬂ'rndiculo
879 1198 982 1254 sibi
1036 1209 1203 1267 esset,
1260 1217 1292 1257 a
1342 1203 1556 1261 diabolo
1604 1206 1673 1261 ad
1742 1207 2084 1265 iracundiam

495 1289 752 1358 instigati,
804 1306 930 1359 pars
982 1291 1194 1350 baculis
1241 1294 1521 1353 caedebant
1575 1299 1888 1369 iacentem,
1957 1317 2086 1373 pars

491 1376 730 1448 impacto
790 1380 843 1435 in
884 1382 1060 1451 ipsum
1114 1383 1265 1440 calce
1300 1387 1655 1455 transibant,
1692 1390 1785 1445 alii
1834 1392 2092 1464 blasphe-

499 1480 714 1526 mantes
768 1474 1167 1531 conculcabant
1219 1478 1467 1547 pedibus,
1500 1483 1748 1537 nonnulli
1794 1500 1893 1555 per
1923 1489 2088 1556 pedes

496 1569 733 1617 tractum
787 1565 842 1620 in
901 1581 1142 1638 prarceps
1237 1571 1564 1640 rapiebant:
1597 1575 1742 1632 unde
1798 1577 2088 1648 ingruente

490 1666 652 1711 nocte
736 1673 1097 1735 resurgens,_
1128 1663 1444 1721 conferebat
1511 1682 1570 1722 se
1628 1668 1697 1724 ad
1724 1670 2083 1729 ecclesiarum

487 1749 794 1817 vestibula,
864 1753 1222 1824 vacabatque,
1273 1765 1479 1826 quanta
1514 1769 1718 1829 quanta
1746 1777 1853 1819 nox
1917 1777 2082 1834 esset,
2120 1768 2161 1823 Β

488 1842 758 1897 orationi.

570 1934 657 1988 7|.
710 1935 850 1989 Cum
909 1937 991 1991 sic
1022 1936 1316 2009 aliquando
1343 1941 1675 2002 circumiens
1724 1948 1839 2005 suis
1864 1961 2084 2006 vacaret

2180 482 2507 555 λανθρὼπου
2540 488 2676 543 Θεοῦ
2709 491 3135 564 ἐνδυναμοῦντος
3167 497 3351 556 αὐτόν.
3390 502 3483 558 Ἐν
3515 505 3625 575 γὰρ
3653 507 3776 569 ταῖς

2184 584 2280 638 τοῦ
2318 584 2514 654 θέρους
2546 588 2806 658 ἡμέραις,
2842 589 3006 659 ἡνίκα
3043 591 3073 644 6
3102 592 3383 665 ἀφόρητος
3415 597 3637 653 καύσων
3674 600 3772 655 τοῦ

2186 678 2337 747 ¹ἡλίου
2368 678 2636 750 ὑπῆρχεν,
2688 683 2716 735 6
2747 681 2838 734 καὶ
2870 682 2969 754 τὴν
3003 686 3108 756 γῆν
3150 684 3227 748 ὡς
3271 686 3503 757 κάμινον
3541 691 3773 762 ἐργαζόο

2189 785 2354 839 μενος
2378 784 2393 801 ·
2417 770 2542 822 τότε
2566 772 2594 823 6
2623 762 2910 843 Μακάριος
2939 774 3418 848 σχηματιζόμενος
3456 783 3631 838 ἐποίει
3675 787 3775 840 αύ-

2185 859 2279 914 τὸν
2310 860 2387 924 ὼς
2412 860 2699 932 μεθύοντα,
2731 862 3062 935 ἀφικόμενος
3089 867 3149 921 ἐν
3177 869 3257 938 τῷ
3286 872 3560 927 καυσώδει
3598 877 3769 947 τόπῳ,

2188 952 2367 1005 ἐκεῖσε
2409 953 2682 1023 ὑπέμενεν
2731 954 2827 1010 τὸν
2880 955 3144 1029 φλογερὸν
3183 961 3463 1031 καύσωνα,
3523 966 3774 1038 ἄϐρωτος

2189 1047 2283 1099 καὶ
2344 1047 2548 1111 ἄποτος
2608 1049 2774 1118 μέσον
2825 1048 2924 1120 τῆς
2964 1051 3086 1106 ὀδοῦ
3132 1054 3515 1128 ἀνακείμενος.
3564 1062 3626 1114 Οἱ
3678 1059 3771 1117 οὖν

2186 1135 2529 1207 διερχόμενοι
2569 1137 3032 1210 συμποδιζόμενοι
3073 1142 3155 1205 είς
3190 1142 3377 1210 αὑτὸν,
3431 1147 3495 1199 ἐκ
3526 1135 3772 1203 διαϐολι-

2189 1229 2294 1298 κῆς
2332 1230 2595 1299 ἐργασίας
2620 1228 2977 1301 θυμούμενοι,
3014 1232 3063 1285 οί
3105 1235 3207 1303 μὲν
3246 1236 3466 1305 ῥάϐδοις
3511 1238 3768 1307 ἔτυπτον,

2186 1321 2239 1374 oi
2269 1321 2326 1375 δὲ
2354 1321 2703 1388 λακτίζοντες
2724 1323 3016 1390 διέϐαινον,
3054 1325 3235 1397 ἕτεροι
3274 1326 3332 1380 δὲ
3376 1328 3769 1402 βλασφημοῦν-

2186 1429 2279 1480 τες
2306 1417 2401 1471 καὶ
2435 1416 2551 1479 τοῖς
2567 1418 2695 1470 ποσὶ
2721 1418 3183 1485 καταπατοῦντες,
3209 1420 3358 1475 ἄλλοι
3379 1421 3437 1475 δὲ
3459 1425 3586 1487 τοὺς
3599 1423 3766 1489 πόδας

2188 1508 2356 1564 αὐτοῦ
2389 1508 2684 1579 λαϐόμενοι
2722 1512 2805 1574 είς
2853 1510 2916 1565 τὸ
2963 1512 3229 1578 κάταντες
3278 1513 3494 1585 ἔσυρον.
3573 1515 3768 1571 Ἧνίκσ.

2188 1602 2246 1656 δὲ
2275 1603 2311 1676 ἡ
2355 1601 2455 1669 νὺξ
2503 1603 2829 1670 κατέλαϐεν,
2859 1604 3221 1675 ἀνιστάμενος
3284 1607 3516 1671 ἐκεῖθεν,
3567 1609 3771 1680 1ἤρχετο

2190 1697 2250 1751 ὲν
2306 1696 2423 1761 τοῖς
2481 1695 2782 1770 προθύροις
2830 1696 2939 1754 τῶν
2993 1698 3327 1771 ἐκκλησιῶν,
3370 1700 3468 1753 καὶ
3521 1701 3592 1755 δι’
3638 1701 3769 1773 ὅλης

2187 1790 2384 1851 νυκτὸς
2427 1788 2678 1861 ὑπῆρχεν
2723 1790 3127 1862 ἀσχολούμενος
3177 1790 3242 1847 ἐν
3292 1795 3626 1864 προσευχαῖς
3674 1796 3772 1849 καὶ

2184 1882 2459 1954 δεήσεσιν.

2242 1976 2344 2026 οα⁸.
2378 1971 2469 2025 Ἐν
2494 1973 2592 2045 μιᾷ
2620 1971 2714 2028 οὖν
2739 1975 2974 2047 περιόδῳ
2997 1978 3095 2047 τῆς
3122 1977 3287 2032 αὑτοῦ
3313 1978 3607 2050 ἐργασίας,
3637 2001 3764 2038 συν-

489 2025 815 2093 exercitiis,
875 2029 1104 2101 conligit
1151 2032 1476 2089 miraculum
1536 2036 1812 2106 quoddam
1894 2043 2080 2111 perlici

492 2117 547 2145 ιη
603 2117 808 2145 r...“..l..
863 2118 952 2145 n-:
1043 2119 1317 2145 v-.-.:|.-_|_
1408 2142 1635 2145 __-__a,_
1744 2129 1811 2145 με
1881 2132 1892 2143 ε

2183 2061 2270 2135 ἒϐη
2295 2025 2350 2118 τι
2379 2025 2796 2138 ἐπιτελεσθηναι
2816 2025 2909 2133 ιείς
2935 2025 3032 2123 τὸν
3050 2025 3152 2123 τοῦ
3181 2025 3745 2145 Κυρίοΐυιθερὰζτοντα.

490 2117 547 2170 in
602 2117 811 2174 farinulo
862 2118 978 2175 Dei.
1043 2119 1323 2179 Vestibula
1408 2142 1644 2197 namque
1699 2129 2080 2200 ecclesiarum,

490 2206 830 2278 intempestae
893 2212 1073 2267 noctis
1126 2225 1391 2283 tempore,
1422 2232 1531 2287 quo
1577 2218 1757 2275 minus
1787 2234 1953 2291 opera
1982 2237 2081 2278 sua

491 2298 819 2356 hominibus
878 2302 1300 2368 inualescerent,
1361 2321 1511 2362 more
1559 2324 1659 2364 suo
1682 2310 2086 2369 visitabatora-

493 2391 662 2447 tionis
694 2408 859 2448 causa
895 2434 910 2458 .
974 2412 1097 2459 eum
1149 2396 1287 2453 forte
1320 2398 1387 2454 ad
1436 2399 1607 2455 a‘dem
1638 2417 1858 2473 quoque
1885 2404 2084 2475 glorio-

489 2483 724 2541 sissimae
775 2487 866 2542 Dei
910 2487 1226 2555 Gcnitricis,
1257 2507 1286 2545 c
1325 2491 1550 2548 sinistra
1608 2493 1712 2551 fori
1765 2495 1881 2568 (88)
1933 2496 2080 2553 COll-

491 2576 816 2631 stantiniani
882 2589 1036 2646 parte
1092 2583 1278 2648 sitam,
1338 2583 1552 2640 delatus
1602 2597 1711 2652 est,
1771 2589 2082 2660 acciditque

495 2667 606 2722 θιὼ
664 2670 805 2724 idem
868 2680 1082 2741 tempus
1151 2672 1416 2730 famulum
1462 2678 1756 2747 quemdam
1794 2695 1823 2732 ιι
1855 2680 2081 2735 domino

501 2774 605 2816 suo
660 2763 906 2831 responsi
965 2766 1269 2836 cujuspiam
1333 2770 1552 2839 petendi
1597 2786 1764 2829 causa
1825 2774 2079 2839 missum,

491 2852 618 2909 illac
666 2856 926 2913 transire.
960 2857 1062 2914 llic
1090 2859 1277 2929 igitur,
1314 2872 1374 2917 ut
1408 2865 1752 2922 contentiore
1801 2866 2088 2925 incedebat

492 2948 690 3016 gradu,
721 2947 1097 3006 conferentem
1136 2966 1199 3006 se
1244 2954 1523 3023 precandi,
1558 2970 1690 3028 ergo
1717 2958 1786 3014 ad
1813 2974 2085 3016 memora-

490 3048 608 3093 tum
663 3039 960 3096 oratorium
1007 3040 1282 3098 Andream
1335 3054 1618 3109 assecutus
1677 3059 1796 3116 est,
1853 3050 1977 3121 ipso
2024 3051 2084 3108 id

488 3148 602 3188 non
652 3134 1000 3195 observante.
1019 3136 1157 3193 Cum
1188 3139 1354 3209 igitur
1382 3149 1605 3197 ventum
1626 3151 1709 3198 est
1737 3145 1960 3215 propius
2013 3145 2086 3204 ad

488 3224 673 3292 templi
757 3226 1128 3292 vestibulum,
1175 3228 1391 3286 volente
1457 3230 1570 3287 Deo
1613 3242 2083 3303 commonstrare,

488 3325 730 3384 quantus
751 3317 991 3375 {annulus
1025 3335 1160 3376 suus
1184 3331 1356 3388 esset,
1395 3324 1460 3378 ad
1508 3322 1726 3393 signum
1764 3327 2088 3383 venerandae

489 3406 673 3463 erucis
702 3447 719 3472 ,
753 3409 898 3477 quod
952 3408 1184 3468 Sanctus
1236 3423 1462 3470 extensa
1525 3430 1687 3471 manu
1716 3414 1943 3472 dextera
1969 3416 2086 3474 for-

494 3498 704 3564 mabat,
757 3504 1020 3556 continuo
1074 3502 1241 3559 valva:
1294 3519 1392 3560 sua
1472 3514 1665 3575 sponte
1732 3517 2082 3577 patuerunt:

489 3594 585 3660 qui
641 3592 962 3662 ingressus,
1012 3596 1248 3651 orationi
1294 3611 1489 3654 secure
1557 3598 1818 3666 vacabat,
1879 3601 2085 3661 nullius

491 3686 665 3752 magis
725 3686 983 3754 nescius,
1027 3702 1192 3757 quam
1245 3689 1391 3759 quod
1421 3689 1491 3744 ab
1518 3689 1704 3759 aliquo
1734 3706 1876 3761 pone
1894 3703 2084 3751 secuto

493 3776 879 3845 deprehensus
940 3787 1108 3834 esset.
1144 3778 1523 3850 Deprehensor
1579 3791 1764 3838 autem
1791 3781 1881 3837 ille
1911 3783 2085 3853 probe

491 3879 720 3923 noverat
753 3868 1051 3938 Andream,
1087 3870 1404 3942 sciebatque
1425 3884 1456 3926 e
1489 3885 1721 3927 numero
1760 3870 2083 3928 insanorum

490 3980 614 4019 esse
636 3979 804 4019 unum
836 3981 854 4019 :
879 3965 966 4019 cui
985 3964 1206 4034 quando
1224 3974 1414 4035 portas
1433 3964 1706 4035 adaperiri
1733 3967 2085 4036 conspicatus

492 4067 598 4123 est,
649 4058 942 4124 inhorruit,
985 4058 1227 4127 totisque
1256 4058 1486 4112 artubus
1520 4056 1974 4121 contremiscens,
2007 4057 2083 4113 ita

489 4165 677 4205 secum
707 4151 1017 4220 pensitabat
1051 4165 1066 4205 :
1095 4147 1237 4207 Ecce
1278 4149 1504 4219 qualem
1557 4159 1937 4220 quantumque
1983 4148 2081 4206 Dei

494 4243 760 4297 famulum
793 4243 835 4298 ii
871 4241 964 4311 qui
996 4255 1123 4297 vere
1178 4241 1359 4295 insani
1411 4247 1560 4307 sunt,
1614 4255 1876 4296 vesanum
1892 4240 2080 4311 appel-

489 4332 654 4388 litant
685 4334 699 4387 l
735 4348 768 4389 ο
823 4341 959 4404 quot
979 4332 1089 4387 Deo
1150 4332 1363 4387 eximia:
1392 4330 1699 4387 sanctitatis
1724 4332 1969 4387 cultores
1991 4346 2085 4388 oc-

492 4423 625 4478 culti
684 4433 835 4491 sunt,
890 4437 1124 4491 quorum
1155 4420 1305 4475 nulla
1352 4419 1512 4476 nobis
1540 4430 1692 4491 gesta
1744 4429 1838 4476 aut
1878 4420 2079 4475 indicia
2110 4450 2155 4505 ο

492 4515 847 4569 innotescunt
870 4514 885 4571 l

524 4660 527 4665 _
565 4606 657 4661 72.
727 4605 833 4663 Ubi
878 4605 1032 4669 talia,
1060 4604 1366 4661 consistens
1417 4617 1516 4676 pro
1546 4604 1776 4683 foribus,
1825 4603 2086 4661 volvisset

492 4699 701 4764 animo,
723 4699 959 4756 accessit
988 4698 1241 4770 propius,
1274 4698 1657 4768 speculaturus
1705 4696 1837 4768 quid
1888 4713 2070 4753 rerum

491 4794 641 4849 intus
705 4801 929 4863 ageret:
957 4791 1200 4862 viditque
1223 4799 1349 4847 ante
1379 4791 1671 4847 ambonem
1710 4790 1765 4844 in
1795 4804 1919 4844 aere
1945 4804 2080 4860 pen-

490 4885 682 4941 dulum
741 4899 922 4951 orare,
968 4883 1188 4940 ﬂamma
1247 4883 1392 4954 ignis
1438 4883 1646 4939 circum
1690 4881 1997 4946 emicante,
2024 4888 2083 4936 et

491 4978 834 5035 scindebatur
902 4977 1088 5049 egredi
1121 4975 1191 5033 ab
1245 4976 1365 5048 ipso
1392 4973 1684 5047 singularis
1702 4973 1931 5030 odorum
1961 4972 2074 5028 fra-

491 5070 731 5142 grantia,
763 5084 884 5140 qua:
914 5069 983 5124 ad
1005 5077 1219 5139 portam
1253 5083 1428 5139 usque
1459 5066 1799 5137 pertingebat
1830 5064 2078 5121 ecclesiae

494 5160 590 5217 ubi
620 5160 857 5217 lamulus
899 5158 1184 5231 spectandi
1221 5172 1390 5215 causa
1408 5158 1627 5214 stabat:
1661 5156 1755 5228 qui
1788 5167 1897 5210 tam
1917 5155 2073 5211 inso-

492 5254 593 5310 lito
642 5252 912 5308 miraculo
961 5250 1400 5322 obstupefactus,
1451 5248 1579 5305 inde
1635 5246 1830 5319 pedem
1892 5243 2080 5318 retulit

495 5346 756 5407 mandata
794 5345 1022 5421 domini
1074 5345 1163 5402 sui
1194 5351 1579 5401 exsecuturus.
1632 5340 1872 5395 Sanctus
1918 5351 2076 5402 vero,

564 5503 851 5581 (3311381
896 5506 1013 5581 haec
1067 5503 1211 5573 apud
1263 5496 1684 5581 Canngium,‘lib.
1719 5511 1771 5581 Iv
1808 5493 2073 5581 Constant

494 5566 738 5647 ιὶηορόίὶι
786 5566 1145 5653 Christiani,
1190 5566 1438 5653 πῃπῇ,
1496 5571 1645 5653 inter
1674 5566 1865 5653 cedes,
1926 5578 2072 5653 quas

492 5641 779 5705 enumerat
849 5641 1279 5719 quinquaginta:
1314 5641 1558 5719 θείνει-αξ
1629 5652 1857 5719 sacras,
1925 5641 2072 5719 vice-

497 5719 637 5771 sima
702 5706 1200 5786 secunda,'qu3m
1248 5706 1465 5770 docct’a
1520 5709 1746 5807 Basilio‘
1780 5706 2075 5762 Macedone

2185 2160 2345 2214 Κατά
2375 2160 2483 2229 γάρ
2530 2159 2590 2211 τὸ
2618 2159 2811 2223 εἰωθὸς
2860 2162 3228 2232 πορευομένου
3259 2165 3426 2218 αὑτοῦ
3470 2167 3530 2218 ἐν
3560 2164 3757 2233 ἀωρίᾳ,

2184 2255 2322 2325 πρὸς
2353 2254 2416 2308 τὸ
2448 2254 2524 2325 μὴ
2551 2252 2862 2324 γνωσθῆναί
2898 2270 3006 2307 τινι
3056 2253 3162 2325 τὴν
3186 2256 3455 2325 ἐργασίαν
3487 2257 3672 2320 αὐτοῦ,
3704 2257 3762 2308 ὲν

2180 2349 2296 2410 τοῖς
2327 2346 2618 2418 προθύροις
2645 2346 2755 2401 τῶν
2783 2345 3088 2415 ἐκκλησιῶν
3145 2346 3304 2417 χάριν
3344 2347 3535 2419 εὐχῆς,
3565 2347 3762 2418 συνέϐη

2183 2438 2591 2512 παραγενέσθαι
2609 2438 2792 2504 αύτὶν,
2811 2438 2906 2492 καὶ
2934 2439 2999 2490 ἐν.
3017 2436 3096 2509 τῷ
3121 2438 3394 2510 εύκτηρίῳ
3420 2440 3519 2507 τῆς
3548 2454 3762 2506 πανομ-

2183 2536 2345 2605 νήτου
2371 2534 2660 2597 Θεοτόκου,
2694 2532 2774 2599 τῷ
2801 2534 2917 2589 δντι
2942 2535 2999 2588 ἐν
3016 2530 3093 2598 τῷ
3118 2532 3386 2603 εὐωνύμῳ
3417 2530 3631 2601 ἐμϐόλῳ
3661 2529 3757 2584 τοῦ

2185 2629 2352 2700 φόρου
2384 2626 2825 2683 Κωνσταντίνου.
2859 2629 3092 2698 Ἔτυχεν
3121 2626 3179 2681 δέ
3203 2643 3325 2680 τινα
3354 2625 3519 2679 παῖδα
3541 2625 3611 2679 δι’
3639 2626 3763 2677 ἐπι-

2183 2720 2358 2790 ταγῆς
2381 2718 2477 2773 τοῦ
2498 2718 2689 2788 κυρίου
2713 2718 2880 2772 αὑτοῦ
2910 2720 2968 2772 ἐν
2990 2722 3057 2790 τῇ
3083 2716 3341 2788 λεωφόρῳ
3356 2717 3445 2771 ἐπ’
3464 2716 3763 2787 ἀποκρίσει

2183 2811 2517 2884 διέρχεσθαι.
2567 2811 2676 2865 Τοῦ
2731 2809 2826 2864 οὖν
2867 2810 3046 2864 Ὀσίου
3092 2809 3440 2881 διερχομένου
3487 2807 3624 2878 προς
3667 2806 3763 2860 τδν

2185 2901 2476 2972 εύκτήριον
2503 2898 2653 2955 οἶκον
2676 2899 2770 2955 τοῦ
2804 2899 3228 2972 προσεύξασθαι,
3267 2897 3576 2968 ἐπεφθάκει
3601 2896 3766 2951 αὖτδν

2184 2997 2212 3050 6
2243 2996 2373 3060 παῖς
2401 2993 2680 3063 ὀξυτέροις
2719 2991 2953 3064 βαδίζων
2978 2992 3135 3046 ποσίν
3168 3008 3185 3027 ο
3208 2994 3236 3047 6
3265 2991 3323 3046 δὲ
3355 2992 3544 3045 Ὀσιον
3576 2990 3766 3061 ἠγνόει

2112 3108 2158 3164 ο
2187 3087 2280 3142 τὸν
2329 3085 2613 3157 βαδίζοντα
2640 3085 2888 3142 ὄπισθεν.
2935 3085 3021 3148 '0;
3052 3085 3112 3139 δὲ
3156 3083 3387 3156 πλησίον
3420 3084 3528 3138 τῶν
3556 3079 3765 3153 προθύ-

2191 3196 2301 3252 ρων
2331 3179 2550 3249 ἐγένετο
2581 3178 2674 3232 τοῦ
2711 3179 2861 3246 ναοῦ,
2901 3179 2996 3232 τοῦ
3020 3177 3157 3231 Θεοῦ
3195 3176 3442 3238 θέλοντος
3482 3166 3762 3244 δειχθῆναι

2185 3272 2370 3335 ὁποῖός
2419 3274 2591 3336 ἐστιν,
2643 3273 2944 3335 ἐκτείναςό
2973 3271 3161 3335 Ὄσιος
3207 3270 3307 3340 τὴν
3360 3267 3539 3334 δεξιὰν
3596 3265 3760 3320 αὐτοῦ

2186 3368 2368 3437 χεῖρα,
2424 3367 2518 3418 καὶ
2568 3364 2882 3434 σφραγίσας
2918 3363 3018 3427 τὰς
3067 3363 3246 3425 πύλας
3277 3362 3356 3434 τῷ
3403 3361 3617 3432 σημείῳ
3663 3356 3760 3412 τοῦ

2186 3460 2366 3529 τιμίου
2431 3457 2707 3528 σταυροῦ,
2767 3457 2971 3520 εὐθέως
3029 3454 3298 3526 αὐτοματὶ
3346 3452 3701 3525 ἠνεῴχθησαν
3740 3467 3757 3485 ο

2188 3548 2451 3606 εἰσελθὼν
2477 3550 2535 3605 δέ
2565 3549 2733 3615 ἔνδον,
2766 3550 2937 3613 ἀδεῶς
2965 3549 3064 3620 τὴν
3094 3547 3403 3619 προσευχὴν
3447 3546 3651 3612 ἐποίει,
3682 3542 3756 3614 μή

2186 3646 2546 3717 ἐπιστάμενος
2576 3647 2657 3719 ὅτι
2682 3643 2904 3699 ὄπισθεν
2928 3642 3032 3695 ύπό
3063 3656 3208 3705 τινος
3240 3638 3654 3694 κατοπτεύεται.
3699 3637 3759 3690 '0

2184 3734 2279 3794 οὖν
2316 3742 2470 3805 παῖς,
2495 3737 2553 3803 ὃς
2581 3736 2806 3792 ὄπισθεν
2835 3733 3139 3807 ἠκολούθει,
3168 3727 3264 3788 εἶδ’
3305 3732 3488 3798 αὐτὸν,
3521 3731 3616 3786 καὶ
3643 3731 3759 3799 ἐγί-

2184 3849 2396 3888 νωσκεν
2440 3833 2539 3889 ἕνα
2583 3835 2692 3889 τῶν
2735 3835 3286 3907 παρατετραμμένων
3332 3833 3640 3903 ὑπάρχειν,
3666 3831 3762 3885 καὶ

2185 3925 2525 3999 θεασάμενος
2548 3929 2652 3991 τὰς
2671 3928 2847 3994 πύλας
2872 3928 3257 4000 ἀνεῳχθείσας,
3285 3926 3505 3999 ἔφριξεν
3532 3925 3765 3993 mnta.

2186 4035 2306 4085 σας,
2335 4020 2430 4074 καὶ
2448 4020 2636 4093 τρόμῳ
2661 4021 2946 4092 συσχεθεὶς
2976 4020 3248 4091 ἐλογίζετο
3267 4023 3324 4073 ἐν
3346 4018 3522 4090 ἐαυτῷ
3542 4019 3717 4086 λέγων
3741 4033 3757 4050 ·

2189 4109 2296 4165 Ἴδε
2323 4113 2474 4165 ποῖον
2503 4111 2691 4167 δοῦλον
2724 4110 2819 4166 τοῦ
2860 4109 2996 4165 Θεοῦ
3031 4112 3082 4165 oi
3114 4109 3254 4165 κατὰ
3281 4111 3538 4180 ἀλήθειαν
3583 4125 3764 4178 παρα-

2182 4203 2552 4275 τετραμμένοι
2569 4203 2876 4276 ἠπιώτερον
2908 4203 3306 4275 όνομάζουσινί
3338 4203 3522 4266 ὁποῖος
3570 4202 3762 4271 Ἀγιος

2183 4297 2546 4369 καθέστηκεν,
2576 4297 2671 4352 καὶ
2711 4297 3016 4370 ἠγνοοῦμεν
3064 4298 3224 4368 ἡμεῖς
3260 4298 3273 4351 l
3318 4294 3364 4350 ὣ
3402 4296 3602 4359 πόσους
3631 4312 3764 4362 κρυ-

2185 4393 2355 4454 πτοὺς
2397 4390 2620 4456 δούλους
2681 4391 2848 4463 ἐχειό
2874 4390 3028 4458 Θεὸς,
3073 4394 3169 4445 καὶ
3218 4388 3392 4454 οὐδεὶς
3421 4391 3450 4442 6
3480 4387 3676 4444 συνιὼν
3724 4387 3759 4459 ἦ

2181 4484 2469 4554 γινώσκων
2496 4482 2565 4537 τὰ
2593 4482 2715 4537 κατ’
2738 4482 2935 4546 αὐτούς
2965 4484 2978 4539 l

2251 4581 2352 4653 οβ’.
2381 4580 2467 4646 Ὠς
2483 4580 2542 4635 δὲ
2559 4580 2732 4634 ταῦτα
2748 4580 3094 4649 διελογίζετο,
3116 4578 3287 4642 ἑστὼς
3306 4577 3412 4648 πρὸ
3431 4575 3536 4628 τῶν
3558 4574 3766 4641 πυλῶν,

2181 4672 2466 4747 πορευθεὶς
2489 4671 2811 4746 ἐγγύτερον,
2835 4670 3168 4726 ἐσκόπευσεν
3191 4669 3245 4723 τί
3268 4668 3417 4722 ἔνδον
3441 4667 3761 4738 ἐργάζεται,

2185 4765 2280 4818 καὶ
2303 4762 2490 4835 βλέπει
2511 4763 2673 4818 αὐτὸν
2704 4762 2810 4835 πρὸ
2824 4760 2920 4817 τοῦ
2944 4762 3195 4834 ἄμϐωνας
3226 4761 3320 4815 ἐπὶ
3341 4761 3434 4814 τὸν
3462 4754 3601 4831 ἀέρα
3630 4776 3761 4830 κρε-

2185 4858 2432 4928 μάμενον
2464 4860 2557 4911 καλ⁵
2598 4858 3038 4929 προσευχόμενον
3072 4872 3089 4890 ο
3122 4853 3306 4924 κύκλῳ
3352 4852 3411 4908 δὲ
3435 4852 3597 4906 αὑτοῦ
3629 4850 3761 4921 φλὸξ

2184 4949 2356 5020 πυρὸς
2395 4946 2772 5019 ἐξεπορεύετο,
2829 4948 2892 5014 ἐξ
2937 4947 3104 5003 αὐτοῦ
3145 4942 3202 5001 δέ
3253 4947 3516 5019 ἐξήρχετο
3562 4945 3760 4998 εὐωδία

2183 5041 2540 5112 ἀσύγκριτος,
2560 5041 2723 5111 μέχρι
2747 5056 2811 5108 γε
2849 5036 2961 5095 τῶν
2993 5038 3178 5094 πυλῶν
3207 5038 3303 5093 τοῦ
3341 5035 3494 5102 ναοῦ,
3534 5037 3669 5089 ὅπου
3696 5050 3760 5102 γε

2184 5135 2213 5187 6
2240 5133 2368 5199 παῖς
2409 5132 2643 5204 θεωρίας
2681 5132 2848 5187 ἕνεκα
2905 5132 3113 5188 ἵστατο.
3163 5128 3552 5197 Καταπλαγεὶς
3604 5123 3702 5221 οὖν
3731 5127 3760 5177 6

2186 5233 2317 5295 παῖς
2376 5230 2467 5284 ἐπὶ
2511 5228 2590 5302 τῷ
2637 5227 2927 5301 παραδόξῳ
2973 5227 3154 5299 τούτῳ
3201 5225 3481 5297 θαύματι,
3546 5217 3760 5273 ἐκεῖθεν

2184 5324 2752 5400 ἁνακεχώρηκενκτὴν
2784 5318 3084 5396 πρόσταξιν
3107 5318 3385 5374 ἐκτελέσαι
3429 5310 3525 5369 τοῦ
3565 5314 3761 5385 κυρίου
3800 5370 3806 5376 ,

2181 5493 2269 5549 vel
2324 5498 2665 5567 exstructam
2705 5484 2945 5567 primum
2996 5470 3760 5567 νοέονεειειιτειειηίιιίεες.

2183 5543 2657 5690 ediscamus
2691 5543 3014 5627 simpliciter
3047 5548 3352 5620 Εὐκτήριον
3380 5547 3548 5617 φόρου
3578 5543 3776 5629 δίψει-⁸

2205 5651 2310 5692 an.
