4090 6426
370 265 480 329 ’225

1532 263 1709 325 VlTA
1750 263 1815 324 S.
1860 264 2194 326 ANDREAS
2234 266 2429 327 SALl'.

3534 272 3638 336 726

371 379 538 449 χάριν
571 374 924 450 ὀλοφύρεται,
968 380 1157 453 ὥσπερ
1215 380 1608 456 ἐπιλαθόμενος
1669 387 1771 455 τῆς
1820 385 1953 438 κατᾶ

2062 385 2167 443 bus
2217 384 2459 442 defuncti
2512 385 2722 456 (utpote
2790 400 2949 456 quem
3007 388 3203 443 lalultal
3258 391 3429 447 divini
3461 400 3640 463 operis

369 470 508 524 Θεὸν
537 470 829 539 ἐργασίας,
877 474 1126 537 ἐκτείνας
1179 474 1279 548 τὴν
1314 478 1493 546 χεῖρα,
1533 477 1628 531 καὶ
1660 476 1951 547 κατασχὼν

368 565 464 617 τὸν
517 564 900 634 θρηνωδοῦντα
953 568 1175 623 νεανίαν
1229 569 1599 641 παρακλήσει,
1658 571 1764 640 ἔφη
1815 570 1951 641 πρὸς

370 654 566 707 αὐτόν·
599 654 703 708 Τὸν
732 655 866 709 Θεὸν
899 658 995 711 τοῦ
1026 657 1261 730 ούρανοῦ
1280 660 1493 731 καὶτῆς
1520 661 1623 729 γῆς
1651 660 1856 731 ὁρκίζω
1892 679 1952 715 σε

368 744 425 798 τί
486 761 568 798 σοι
607 745 842 813 ὴαίτία,
900 747 969 801 δι’
1018 749 1086 821 ἢν
1131 748 1370 804 τοσαῦτα
1416 749 1630 820 δάκρυα
1671 752 1952 824 προϐάλλῃ

368 837 775 905 ὀλοφυρόμενος
804 854 822 903 ;
862 839 981 893 οὐδὲ
1007 840 1116 911 γὰρ
1157 841 1378 895 πώποτε
1409 843 1675 913 τεθέαμαι
1700 842 1954 913 τηλικοῦ-

368 947 463 981 τον
487 929 690 999 θρῆνον
724 932 819 984 ἐπὶ
850 931 1031 1002 νεκρῷ
1064 949 1078 964 ·
1118 933 1420 1002 σαφήνισόν
1457 951 1571 1005 μοι,
1625 933 1950 1005 παρακαλῶ,

368 1020 460 1074 διὰ
485 1020 537 1072 τί
567 1020 730 1076 οὕτω.
757 1022 923 1091 Λέγει
951 1023 1092 1091 πρὸς
1119 1022 1284 1076 αύτδν
1324 1025 1351 1077 6
1398 1022 1631 1093 ἄγγελος
1655 1042 1670 1056 ο
1715 1026 1779 1078 Ἠ
1805 1024 1954 1079 αἰτία

369 1111 466 1163 τοῦ
502 1112 738 1181 θρήνους
772 1129 876 1181 μου
912 1112 1055 1182 αῦτη
1085 1114 1258 1181 ἐστὶν,
1291 1114 1418 1167 ἐττελ⁸
1465 1115 1953 1187 κεκληρονόμηκεν

373 1204 537 1257 αὐτὸν
593 1202 622 1256 6
681 1204 947 1272 διάϐολος,
980 1198 1044 1260 οὗ
1098 1223 1248 1271 τινος
1296 1207 1358 1261 τὸ
1402 1208 1604 1273 ἐξόδιον
1651 1207 1908 1280 ἑώρακας
1936 1225 1949 1238 ·

373 1297 534 1359 αὑτός
560 1297 709 1350 ἐστιν
736 1295 768 1366 ἡ
797 1297 951 1351 αίτξα
999 1298 1102 1370 τῆς
1145 1298 1379 1369 θλίψεως
1428 1318 1554 1369 μου,
1584 1300 1679 1353 καὶ
1711 1299 1804 1354 τοῦ
1834 1301 1955 1353 όλο-

370 1387 619 1459 φυρμοῦ,
642 1389 718 1453 ὡς
747 1388 845 1443 ἆτε
875 1390 1024 1444 ἀπω)
1040 1391 1170 1454 ἐσας
1195 1390 1360 1445 αὑτὸν
1388 1390 1561 1455 οὔτως
1593 1390 1952 1462 ὲποδύρομαι.

372 1486 519 1555 Ἔφη
553 1484 691 1552 πρὸς
717 1482 882 1538 αὐτὸν
919 1484 948 1537 6
982 1484 1255 1557 μακάριος
1286 1500 1301 1516 ·
1357 1484 1711 1554 ’Ᾱνάγγειλον
1742 1483 1805 1557 δή
1841 1502 1956 1556 μοι,

372 1577 624 1647 φίλτατε,
650 1576 826 1646 ἔγνων
857 1577 968 1648 γὰρ
990 1578 1075 1640 τίς
1119 1573 1191 1643 εί,
1245 1577 1303 1630 τί
1355 1577 1465 1649 ἄρα
1508 1571 1850 1650 ﬁuvde
1876 1576 1955 1632 τὰ

368 1689 447 1724 πα
457 1670 825 1740 ραπτὼματα;
842 1672 1005 1741 Λέγει
1032 1671 1171 1741 πρὸς
1199 1670 1365 1725 αὐτὸν
1385 1672 1413 1725 6
1436 1670 1671 1740 ἄγγελος
1694 1670 1952 1742 ’Ἐπειδὴ

370 1766 534 1829 αὐτὸς
556 1762 607 1818 εἷ
653 1764 913 1835 Ἀνδρέας
941 1763 1089 1819 ότοῦ
1124 1764 1261 1819 Θεοῦ
1307 1762 1588 1829 ἐκλεκτὸς,
1640 1766 1737 1819 καὶ
1788 1764 1952 1830 αὐτὸς

374 1857 603 1927 συνῆκα.
623 1858 720 1911 καὶ
746 1858 934 1929 ἐπειδὴ
967 1857 1179 1925 ἔξεστίν
1210 1875 1293 1912 σοι
1320 1857 1534 1929 μαθεῖν,
1559 1859 1835 1931 πρόσσχες
1857 1860 1952 1913 καὶ

374 1953 608 2006 ἄκουσον
643 1967 660 1984 ο
696 1951 817 2006 νυνὶ
837 1952 949 2022 γάρ
978 1968 1072 2005 σου
1100 1951 1161 2005 τὸ
1192 1952 1393 2016 κάλλος
1423 1952 1520 2023 τῆς
1558 1952 1950 2021 ὡραιομόρφου

369 2042 549 2113 ψυχῆς
577 2043 816 2114 καθαρὸν
848 2043 947 2099 καὶ
979 2044 1197 2098 στίλσον
1225 2045 1319 2099 καὶ
1349 2044 1541 2114 ὥσπερ
1569 2045 1793 2115 χρυσίον
1827 2044 1952 2098 θεα-

374 2137 637 2205 σάμενος,
659 2136 843 2204 ὀλίγον
872 2137 1074 2207 ἀνέϐην
1097 2137 1198 2207 τῆς
1228 2136 1409 2206 λύπης
1440 2154 1572 2208 μου.

440 2225 725 2291 πδ’.οὗτο;
751 2228 864 2295 οὖν,
887 2224 931 2286 ὦ
953 2228 1393 2300 σεδασμιὼτατε,
1417 2229 1749 2301 μεγιστάνος
1768 2229 1878 2300 ύπῆ
1889 2249 1949 2299 ρ-

367 2342 463 2396 χεν
490 2324 585 2378 τοῦ
622 2325 915 2396 βασιλέως,
955 2321 1024 2397 ἦν
1056 2326 1113 2379 δὲ
1150 2326 1468 2397 ὲφάμαρτος
1514 2325 1828 2395 ἄνθρωπος,
1855 2327 1950 2379 καὶ

368 2418 608 2488 χαλεπὸς
659 2418 779 2473 λίαν
811 2420 868 2472 ὲν
901 2420 1054 2493 πάσῃ
1084 2422 1151 2489 τῇ
1196 2419 1310 2490 ζωῇ
1342 2421 1545 2473 αὐτοῦ’
1574 2420 1822 2490 ὑπῆρχεν
1857 2420 1951 2475 οὖν

368 2511 571 2580 πόρνος
596 2513 693 2564 καὶ
727 2510 938 2582 μοιχὸς,
977 2510 1198 2577 ἀλαζὼν
1247 2513 1341 2566 καὶ
1376 2512 1750 2583 ὑπερήφανος,
1782 2515 1951 2584 ἀρσε-

367 2598 642 2671 νοκοίτης,
673 2600 959 2668 φειδωλὸς,
1009 2601 1380 2673 ἄσπλαγχνος,
1425 2603 1785 2675 φιλάργυρος,
1818 2604 1951 2675 ψεύο

369 2709 524 2763 στης,
560 2694 924 2764 μνησίκακος,
964 2694 1376 2765 μισάνθρωπος,
1410 2697 1789 2768 δωρολήπτης,
1823 2698 1951 2751 ἐπί-

364 2801 555 2852 ορκος,
597 2783 729 2848 τοὺς
752 2784 975 2849 οἰκέτας
1020 2785 1186 2840 αὐτοῦ
1218 2786 1480 2855 κατάγων
1542 2790 1610 2859 τῇ
1647 2787 1829 2859 πείνῃ,
1854 2789 1951 2842 καὶ

366 2878 436 2945 τῇ
486 2874 638 2946 δίψη,
688 2876 784 2929 καὶ
835 2879 959 2940 ταῖς
1014 2876 1310 2946 μάστιξιν,
1362 2879 1457 2931 καὶ
1494 2881 1562 2949 τῇ
1619 2882 1948 2950 γυμνότητι,

368 2968 640 3037 ἀχίτωνας
668 2967 763 3021 καὶ
783 2968 1153 3039 ἀνυποδήτους
1177 2970 1428 3039 ὲπαφίων
1455 2973 1575 3034 ταῖς
1608 2972 1703 3026 τοῦ
1740 2972 1948 3044 χειμῶ-

2055 477 2202 533 istud
2250 477 2416 547 esse),
2454 490 2705 549 protensa
2732 495 2892 535 manu
2950 482 3153 537 detinet
3190 484 3463 555 lugentem
3496 506 3510 542 :
3547 492 3638 544 sed

2053 579 2109 624 et
2180 584 2307 625 eum
2360 570 2770 636 consolaturus,
2841 572 3079 643 inquit:
3143 575 3242 629 Per
3300 576 3466 633 Deum
3516 584 3638 636 coli

2056 670 2324 733 terraeque
2340 661 2865 735 Dominum,adjuro
2895 676 2978 730 te;
3012 667 3098 721 die
3119 683 3240 736 age,
3284 671 3640 737 quamobrem

2056 763 2339 826 tantOpere
2400 769 2526 811 cum
2573 756 2831 828 lacrytnis
2910 759 3223 829 gemituque
3293 763 3641 818 lamenteris?

2059 863 2165 902 non
2221 847 2369 905 enim
2442 848 2669 903 memini
2733 865 2974 919 unquam
3044 866 3130 906 me
3182 852 3365 908 videre
3426 862 3637 908 tantum

2055 940 2285 996 excitari
2326 940 2529 997 luctum
2563 940 3051 1009 aliettjttsdefuncti
3077 960 3208 1016 ergo
3235 963 3249 1000 :
3275 945 3451 1000 indica
3482 946 3637 1009 mihi,

2056 1049 2240 1104 qtueso
2298 1044 2370 1094 te.
2425 1035 2698 1091 maestitia:
2752 1050 3000 1090 causam.
3033 1036 3138 1090 Cui
3196 1036 3423 1105 auge-lus
3467 1055 3481 1091 :
3526 1037 3636 1102 Ille,

2056 1126 2213 1195 cujus
2245 1126 2333 1182 hic
2389 1125 2554 1182 funus
2577 1127 2755 1182 ell‘erri
2792 1127 2994 1193 vidisti,
3034 1129 3178 1198 quod
3237 1129 3488 1198 poti-stati
3519 1130 3634 1184 dte-

2058 1234 2289 1273 monnm
2337 1218 2568 1275 traditus
2630 1220 2723 1284 sit,
2749 1220 2966 1275 dolendi
3022 1220 3464 1291 lamentandique
3497 1220 3628 1276 mihi

2056 1324 2221 1364 causa
2253 1321 2339 1365 est
2365 1326 2379 1364 :
2411 1310 2490 1366 sie
2514 1311 2659 1365 enim
2696 1312 3126 1381 illumdeploro,
3153 1313 3308 1382 quasi
3374 1312 3645 1382 perdidis—

2055 1419 2205 1459 sent.
2255 1403 2495 1459 Rursum
2550 1406 2799 1461 Andreas
2835 1421 2851 1461 :
2883 1405 3074 1470 Narra,
3136 1406 3482 1472 charissitne,
3522 1406 3636 1475 jam

2053 1495 2199 1549 enim
2236 1495 2363 1551 novi
2417 1495 2545 1567 quis
2573 1496 2675 1561 sis,
2708 1511 2958 1566 quaenam
3000 1497 3293 1567 deliquerit
3329 1497 3495 1551 homo
3527 1496 3651 1551 ille-

2059 1583 2374 1654 ltespoudct
2404 1585 2669 1655 angelus:
2699 1584 2965 1651 Quoniam
3001 1586 3248 1641 Andreas
3279 1595 3334 1640 tu
3365 1601 3500 1651 es,a
3532 1586 3641 1641 Deo

2058 1677 2269 1733 electus
2308 1678 2555 1749 mihique
2585 1693 2694 1734 non
2726 1680 2966 1747 ignotus,
3004 1679 3096 1734 cui
3130 1679 3291 1735 liceat
3318 1678 3437 1734 haee
3480 1679 3641 1734 addit-

2059 1783 2234 1831 scere,
2265 1784 2428 1826 aures
2446 1768 2627 1839 arrige
2655 1778 2712 1824 et
2738 1769 3023 1825 ausculta:
3047 1784 3174 1839 pars
3215 1772 3413 1839 quippe
3434 1770 3640 1827 doloris

2055 1861 2160 1916 mei
2218 1859 2390 1916 levata
2421 1870 2526 1926 est,
2580 1877 2704 1917 cum
2742 1862 2978 1930 primunt
3028 1861 3488 1932 pulchritudinem
3514 1877 3641 1931 spe-

2053 1952 2378 2007 ciosissima:
2411 1954 2605 2008 animae
2658 1962 2766 2008 tute
2820 1953 3267 2020 mundissimam,
3318 1950 3638 2023 fulgentem,

2052 2058 2219 2098 aureo
2243 2043 2426 2100 colore
2460 2045 2774 2100 rutilantem
2802 2045 3087 2115 conspexi.

2123 2230 2214 2288 84.
2274 2229 2449 2286 ﬂotno
2494 2231 2658 2302 igitur
2714 2232 2824 2297 ille,
2908 2231 3322 2302 religiosissime
3384 2233 3636 2298 Andrea,

2052 2335 2218 2390 Quam
2267 2324 2370 2376 fuit
2409 2337 2640 2392 magnus
2686 2321 3013 2379 auctoritate
3054 2324 3193 2392 apud
3228 2323 3637 2391 imperatorem,

2053 2423 2161 2467 tam
2191 2412 2292 2469 fuit
2330 2430 2545 2484 semper
2577 2414 2860 2483 flagitiosa:
2886 2424 3055 2485 atque
3104 2415 3465 2470 intractabilis
3494 2416 3637 2470 vitae.

2051 2505 2176 2561 Fuit
2203 2506 2350 2561 enim
2384 2516 2655 2563 scortator
2680 2517 2734 2562 et
2768 2507 3038 2569 mazcbus,
3058 2506 3296 2576 jactator
3343 2508 3636 2574 superbus,

2052 2601 2426 2656 masculorum
2460 2598 2752 2654 concubitu
2786 2598 3031 2675 infantis,
3063 2607 3221 2653 tenax
3265 2609 3320 2653 et
3350 2597 3642 2654 immiseri-

2050 2707 2196 2757 Cors,
2252 2707 2474 2756 avarus,
2541 2693 2795 2755 mendax,
2857 2691 3178 2761 injuriarutn
3234 2691 3453 2753 vindex,
3511 2705 3641 2744 osor

2050 2784 2307 2846 aliorum,
2334 2793 2622 2853 susceptor
2652 2798 2961 2849 munerum,
2999 2793 3054 2838 et
3108 2782 3362 2852 perjurus
3391 2799 3405 2836 :
3432 2782 3637 2851 afﬂige-

2050 2878 2143 2931 bat
2166 2891 2353 2931 servos
2379 2891 2509 2931 suos
2542 2875 2706 2939 fatue,
2733 2876 2848 2941 siti,
2884 2874 3090 2945 flagris,
3122 2874 3405 2940 nuditate;
3450 2874 3640 2927 diluit-

2052 2971 2200 3026 lebat
2265 2970 2388 3024 illos
2419 2968 2657 3024 brumali
2693 2976 2936 3037 tempore
2978 2966 3301 3022 vestimento
3349 2966 3551 3036 [taliter
3586 2975 3655 3020 eL

373 3075 464 3121 νος
497 3059 754 3130 ἡμέραις,
789 3060 1012 3123 ἱκανούς
1044 3078 1105 3115 τε
1147 3062 1240 3116 καὶ
1273 3064 1385 3127 τοῖς
1423 3065 1682 3133 ῥοπάλοις
1715 3068 1945 3132 ἀνεῖλεν,

2055 3063 2254 3120 calceis
2285 3062 2618 3129 destitutos;
2656 3062 2837 3130 plures
2897 3059 3134 3115 fustibus
3174 3060 3313 3114 male
3345 3060 3661 3114 mulctatos-

372 3151 465 3203 καὶ
502 3154 614 3215 τοῖς
643 3152 959 3216 σπονδύλοις
983 3154 1090 3209 τῶν
1111 3154 1322 3225 ἀλόγων
1346 3156 1651 3225 συνέχωσεν
1673 3174 1689 3189 ο
1716 3175 1769 3210 τι
1780 3157 1955 3224 ιοῦτος

369 3243 426 3296 δὲ
467 3238 535 3314 ἦν
584 3245 665 3307 εἰς
722 3246 822 3317 τὴν
878 3248 1134 3317 μυσαράν
1171 3248 1267 3301 καὶ
1298 3250 1679 3318 πυρίκαυστον
1723 3251 1955 3321 ἀρσενο-

370 3337 607 3399 κοιτέαν,
636 3338 715 3400 εἰς
746 3353 805 3389 τε
838 3337 949 3390 τῶν
983 3339 1192 3391 παίδων
1219 3340 1313 3393 καὶΙ
1341 3339 1449 3392 τῶν
1492 3340 1766 3412 εὐνούχων
1797 3343 1956 3396 ἀσελ-

369 3425 443 3494 γῆ
467 3428 561 3479 καὶ
591 3427 917 3497 θεομίσητον
938 3429 1263 3497 ἐπιθυμίαν,
1294 3429 1371 3494 ὡς
1394 3434 1585 3503 μιᾶναι
1609 3433 1791 3487 αὐτῶν
1823 3433 1956 3489 ὡσεὶ

370 3516 693 3585 τριακοσίας
739 3518 918 3589 ψυχὰς
950 3520 1042 3573 τὸν
1084 3522 1320 3591 ἀριθμὸν
1375 3524 1657 3595 αίμοὸὀρῳ
1699 3527 1956 3599 ὲπιμιξᾳ

371 3610 469 3677 τῆς
506 3609 773 3681 βδελυροῖς
807 3613 1017 3684 ταύτης
1065 3616 1158 3668 καὶ
1202 3616 1440 3685 αἰσχρᾶς
1498 3618 1775 3689 ἁμαρτίας
1803 3637 1818 3650 ·
1847 3620 1959 3672 λοι-

372 3704 497 3769 πὸν,
531 3703 824 3774 φιλούμενε
866 3704 971 3758 ὑπὸ
1020 3707 1253 3777 Κυρίου,
1307 3707 1546 3776 ἔφθασεν
1597 3712 1679 3774 εἰς
1731 3712 1894 3764 αὑτὸν
1927 3712 1955 3763 6

372 3797 659 3867 θερισμὸς,
696 3799 791 3852 καὶ
844 3798 1296 3867 παραγενόμενος
1338 3801 1367 3853 6
1402 3800 1634 3865 θάνατος
1670 3798 1828 3873 εὗρεν
1858 3805 1955 3857 αὐ-

375 3890 464 3941 τὸν
495 3892 895 3959 ἀμετανόητον,
927 3892 986 3943 ἐν
1016 3892 1246 3959 ἀφάτοις
1274 3893 1693 3963 ἁμαρτημάτων
1719 3895 1955 3965 πλήθεσι

381 3986 742 4054 συνεχόμενον
762 4000 776 4015 ⁸
808 3985 869 4038 τὸ
905 3985 959 4037 δὲ
988 3983 1217 4056 βέϐηλον
1240 3988 1333 4039 καὶ
1369 3988 1569 4058 μιαρὸν
1600 3987 1767 4042 αὐτοῦ
1795 3990 1956 4059 σῶμα

376 4077 540 4140 αὐτὸς
578 4078 939 4149 καθεώρακας
979 4081 1171 4143 ὁποίας
1209 4080 1433 4151 ἀτιμίας
1490 4082 1723 4153 ὑπέστη,
1761 4084 1837 4147 ὡς
1885 4080 1954 4154 ἦν

373 4170 523 4234 ἄξιον
549 4188 563 4202 ·
596 4174 692 4224 καὶ
736 4172 832 4226 νῦν
881 4173 1156 4242 ἀπάγεται
1208 4174 1582 4245 κατακαῆναι.
1621 4176 1854 4230 Ἕνεκεν
1898 4178 1956 4231 δὲ

372 4263 587 4330 τούτου,
629 4259 673 4319 ὦ
727 4266 861 4334 ἁγία
891 4267 988 4319 καὶ
1020 4267 1278 4337 θεοφιλὴς
1314 4268 1485 4339 ψυχὴ,
1535 4270 1630 4321 καὶ
1658 4271 1821 4334 αὐτὸς
1844 4270 1953 4338 ἐγὼ

372 4357 660 4427 ἀσχάλλων
710 4360 996 4430 ἀλοιοῦμαι
1034 4360 1186 4432 (sic),
1229 4362 1365 4415 διότι
1413 4363 1637 4431 γέγονεν
1679 4363 1954 4433 δαιμόνων

376 4450 650 4519 παίγνιον,
670 4454 763 4506 καὶ
796 4452 1063 4518 δυσωδίας
1092 4453 1337 4525 μυσαρὸν
1368 4456 1736 4525 καταγώγιον.

447 4639 551 4693 πε’.
579 4640 767 4694 Ταῦτα
810 4638 907 4715 τοῦ
955 4640 1233 4696 θειοτάτου
1273 4641 1511 4710 ἀγγέλου
1540 4642 1819 4711 λέγοντος,
1847 4642 1954 4714 ἔφη

374 4732 511 4804 πρὸς
542 4732 706 4787 αὐτὸν
740 4735 768 4787 6
809 4734 1083 4804 μακάριος
1106 4750 1118 4764 ·
1137 4734 1387 4788 Ἰκετεύω
1415 4753 1496 4799 σε,
1524 4736 1770 4804 φίλτατε,
1802 4737 1955 4803 δέξα-

374 4824 499 4877 σθαι
538 4825 757 4892 ἀγαθὴν
800 4823 1159 4897 παραμυθέαν
1206 4823 1325 4897 [καὶ
1377 4826 1451 4895 μὴ
1500 4826 1642 4879 οὕτω
1670 4827 1889 4880 πενθεῖν
1936 4868 1951 4885 ,

370 4917 497 4968 ἐπεὶ
531 4910 690 4977 οὗτος
717 4916 834 4986 βίου
861 4917 923 4969 τὸ
952 4917 1122 4987 πέρας
1161 4916 1382 4982 ἐδέξατο
1404 4915 1531 4989 (4)].
1550 4918 1721 4981 Λύτὸς
1746 4919 1822 4977 δὲ.
1855 4938 1956 4973 πυ-

294 5018 326 5074 χ
374 5010 638 5080 ρίμορφε,
705 5012 962 5079 μέγιστε,
1000 5008 1270 5079 θυμηδίας
1301 5009 1567 5075 ἁνάπλεε,
1619 5013 1677 5063 ἐν
1728 5011 1955 5081 ὀνόματι

374 5103 582 5171 Κυρίου
616 5102 837 5155 σασαὼθ
863 5102 998 5156 Θεοῦ
1026 5104 1495 5174 παντοκράτορος,
1522 5104 1620 5176 ἔσῃ
1641 5106 1699 5157 ὲν
1727 5106 1956 5172 ἀγαθοῖς

374 5199 808 5266 κραταιούμενος
835 5197 944 5250 ἀπὸ
966 5195 1059 5251 τοῦ
1084 5195 1178 5249 νῦν
1210 5198 1304 5249 καὶ
1337 5200 1416 5259 είς
1443 5198 1569 5261 τοὺς
1599 5199 1825 5262 αἰῶνας.
1870 5200 1958 5251 Ἐν

377 5291 441 5355 τῇ
472 5280 702 5362 τοιαύτῃ
731 5290 823 5343 οὖν
856 5290 1049 5361 ὁμιλίᾳ
1075 5291 1170 5342 ἀπ’
1207 5289 1374 5343 αὐτοῦ
1405 5291 1623 5358 ἐγένετο
1659 5292 1687 5343 ό
1721 5293 1955 5361 ἄγγελος

375 5378 608 5447 ἀόρατος
630 5396 644 5410 ⁸
679 5381 729 5433 οἱ
763 5381 819 5433 δὲ
850 5382 950 5452 τὴν
978 5381 1094 5433 ὁδὸν
1125 5380 1506 5449 πορευόμενοι,
1543 5383 1601 5433 ἐν
1631 5376 1663 5456 ᾗ
1692 5385 1831 5450 μετὰ
1859 5384 1953 5437 τοῦ

375 5475 615 5539 ἀγγέλου
646 5474 845 5544 ὡμίλει
871 5478 899 5529 6
927 5476 1168 5539 Δίκαιος,
1211 5474 1502 5545 βλέποντες
1548 5476 1709 5544 μόνον
1745 5477 1954 5528 ἑστῶτα

378 5566 478 5618 καὶ
512 5566 915 5638 φθεγγόμενον,
949 5568 1041 5621 τὸν
1084 5568 1195 5636 γὰρ
1227 5564 1462 5633 ἄγγελον
1494 5565 1596 5636 οὐχ
1640 5565 1844 5634 ἑώρουν
1877 5564 1953 5629 ὡς

2057 3173 2088 3214 e
2125 3157 2304 3212 medio
2341 3156 2588 3220 sustulit,
2621 3170 2859 3225 cumque
2887 3156 3056 3210 aridis
3097 3156 3382 3209 brutorunt
3418 3152 3663 3209 ossibus-—

2058 3249 2476 3305 contumulavit.
2529 3247 2701 3305 Tanta
2757 3258 2936 3303 autem
2994 3248 3272 3303 ferebatur
3324 3247 3534 3303 insania
3583 3248 3662 3300 in.

2057 3343 2450 3399 exsecrabilem
2510 3342 2837 3413 ignibusque
2892 3341 3218 3412 castigatum
3269 3340 3635 3394 masculorum

2056 3436 2436 3502 concubitum,
2472 3448 2530 3491 ut
2554 3450 2842 3504 puerorum
2871 3444 3033 3503 atque
3053 3433 3430 3489 cunuchorum
3451 3431 3638 3487 odiosa

2058 3528 2171 3584 Deo
2220 3527 2478 3597 cupidine
2538 3541 2859 3589 succensus,
2916 3534 3186 3581 trecentas
3234 3522 3397 3579 facile
3426 3523 3641 3576 animas

2057 3621 2413 3677 abontiuabili
2475 3620 2731 3689 turpique
2791 3620 2883 3673 illo
2939 3618 3143 3673 stelere
3205 3615 3639 3670 conttnacnlarit.

2058 3713 2330 3779 Tandem,
2352 3711 2545 3766 dilecte
2567 3711 2676 3765 Deo
2688 3711 2925 3775 Andrea,
2946 3720 3159 3763 matura
3187 3720 3345 3764 {etate
3369 3708 3663 3770 veniente,

2058 3804 2204 3859 venit
2230 3814 2283 3859 et
2322 3818 2470 3858 mors
2490 3820 2513 3870 ;,
2551 3803 2865 3871 invenitque
2904 3802 3199 3867 hominem,
3236 3816 3400 3870 quam
3460 3800 3663 3868 nupti--

2057 3909 2238 3953 catum
2269 3898 2452 3952 multis
2504 3895 2873 3962 gravibusque
2905 3894 3226 3959 sceleribus,
3289 3902 3397 3947 tam
3445 3909 3637 3961 parum

2058 3974 2437 4061 paettiletttettt.
2497 3988 2709 4053 Quanta
2747 4002 2873 4041 vero
2897 4002 3021 4041 cum
3075 3985 3397 4055 ignominia,
3433 3995 3493 4038 ιιι
3527 4002 3639 4039 me-

2058 4086 2191 4149 ruit,
2236 4083 2561 4138 set-leratntu
2618 4080 2930 4149 fceluntqne
2975 4079 3208 4133 cadaver
3280 4079 3481 4131 elatum
3542 4079 3634 4139 sit,

2059 4178 2175 4247 ipse
2234 4177 2415 4230 vidiSti
2450 4194 2465 4231 :
2498 4175 2721 4244 jamque
2746 4176 2795 4228 id
2824 4175 3000 4243 ipsum
3040 4171 3274 4225 [latomie
3316 4172 3648 4225 tradendum-

2058 4270 2327 4325 aufertur.
2395 4268 2739 4337 Quapropter
2790 4280 2892 4335 ego
2931 4278 3152 4334 quoque
3212 4263 3346 4332 ipse,
3382 4263 3640 4332 quodque

2060 4359 2453 4415 daemoniorum
2514 4356 2808 4412 ludibrium
2871 4364 2939 4411 et.
2992 4356 3372 4409 detestandum
3459 4354 3639 4407 omnia

1986 4429 2030 4483 θ
2059 4451 2274 4509 {tutoris
2309 4452 2711 4519 receptaculum
2748 4423 2925 4504 factus
2973 4449 3043 4503 sit
3079 4446 3262 4500 infelix
3297 4447 3405 4509 ille,
3438 4446 3635 4500 mirum

2056 4553 2261 4616 quanto
2292 4543 2476 4599 dolore
2503 4542 2820 4598 excrucior.

2130 4639 2219 4693 85.
2255 4637 2333 4692 Ita
2377 4638 2677 4692 disSerente
2705 4644 2897 4690 sancto
2962 4633 3177 4701 angelo,
3201 4632 3478 4701 excipiens
3522 4634 3640 4684 An-

2059 4734 2220 4788 dreas
2257 4750 2270 4787 :
2297 4732 2507 4787 Atuabo
2539 4741 2610 4794 te,
2638 4731 2835 4800 inquit,
2856 4728 3230 4786 dilectissime.
3262 4742 3413 4795 spent
3439 4729 3634 4780 bonam

2060 4828 2308 4898 concipe,
2332 4836 2387 4882 et
2418 4825 2844 4881 consolationem
2885 4824 3121 4891 aliquant
3176 4821 3429 4884 admitte,
3462 4834 3638 4888 neque

2066 4930 2347 4988 tantopere
2378 4921 2574 4983 dolori,
2607 4919 2766 4973 istius
2805 4917 3044 4971 defuncti
3075 4930 3262 4978 causa,
3286 4915 3542 4982 indulge:
3579 4922 3636 4965 tu

2064 5016 2236 5079 enim,
2290 5013 2574 5082 serapltice
2624 5020 2679 5066 et
2729 5009 2931 5080 liquida
2993 5010 3273 5076 voluptate
3324 5006 3637 5076 plenissime

2062 5107 2321 5175 spiritus,
2373 5106 2425 5157 in
2446 5102 2663 5157 nomine
2696 5102 2907 5156 Domini
2965 5099 3200 5155 Sabaoth
3248 5097 3640 5167 omnipotentis

2064 5198 2180 5262 Dei,
2225 5198 2277 5251 itt
2312 5196 2467 5251 bonis
2497 5195 2808 5251 coelestibus
2831 5193 3184 5248 continuatos
3235 5194 3359 5246 eris.
3384 5191 3638 5257 deinceps

2064 5291 2117 5345 in
2177 5292 2592 5359 sempiternum.
2648 5286 2797 5342 Talia
2854 5286 3110 5356 loquente
3183 5286 3296 5349 illo,
3372 5283 3641 5350 disparuit

2063 5381 2309 5448 angelus.
2359 5381 2461 5446 Qui
2515 5394 2644 5435 vero
2701 5379 2857 5443 illac,
2890 5379 3082 5450 angelo
3138 5378 3445 5445 Sancteque
3469 5375 3640 5429 collo-

2062 5473 2393 5543 quentibus,
2449 5472 2791 5538 transibant,
2840 5483 2894 5528 et
2944 5475 3088 5527 hunc
3137 5474 3311 5525 solum
3384 5468 3640 5524 videbant

2061 5567 2371 5637 loquentem
2404 5565 2575 5637 (illum
2638 5564 2781 5620 enim
2821 5579 3045 5621 cernere
3087 5564 3295 5635 indigni
3338 5562 3541 5633 erant),
3565 5562 3636 5615 ita

455 5722 530 5791 (4)
588 5722 677 5781 Sic
742 5725 831 5781 illa
888 5726 1020 5797 legit
1064 5744 1165 5784 tus.
1221 5724 1394 5781 Vatic.
1442 5724 1526 5795 ἐφ’
1561 5725 1623 5795 ἣν
1656 5724 1714 5778 τὸ
1756 5725 1951 5796 πονηρδ

2055 5725 2194 5788 ;έοχς
2227 5723 2439 5791 ἐδέξατο
2474 5724 2612 5780 καθᾶ
2645 5719 2735 5779 οὖν
2761 5724 3050 5783 ἔσπευσεν.
