4090 6434
358 380 462 442 Τίς)

1426 378 1849 439 NICEPIIORI
1898 378 2368 439 PRESBYTERI
2408 379 2516 437 CP.

3522 373 3630 434 ’740

352 502 460 557 est,
505 491 581 545 uti
652 490 894 561 petiISti.
951 488 1285 546 desiderium
1379 496 1534 543 tuum
1565 504 1578 541 :
1609 501 1939 558 quapropter

2046 490 2341 559 πλήρωκεν
2371 507 2385 520 ·
2426 486 2663 541 σπεῦσον
2696 485 2792 540 οὖν
2824 482 2919 538 καὶ
2950 483 3113 546 αὐτὸς
3142 484 3295 547 ὅπως
3329 485 3408 555 μὴ
3437 502 3631 555 στερη-

353 592 540 654 satage
571 594 626 639 tu
661 599 905 655 quoque,
936 590 996 637 ιιι
1019 600 1086 638 ne
1113 583 1335 638 excidas
1372 598 1469 652 spe
1488 583 1638 651 regni
1671 581 1937 637 coriorum

352 675 749 745 consequendi.
785 674 851 729 Et
907 675 990 730 his
1021 689 1051 729 a
1084 689 1215 731 sene
1270 674 1717 730 commemoratis
1747 688 1943 743 exper-

355 777 536 822 rectus
559 777 644 822 est
674 768 1043 837 Epiphanius,
1074 768 1265 822 eodem
1287 777 1532 836 tempore
1553 780 1663 836 quo
1691 766 1942 820 ecclesias

352 869 660 914 conventus
730 861 797 914 ad
868 859 1097 914 canonis
1155 859 1395 913 medium
1454 859 1565 928 jam
1599 864 1939 927 pervenerat.

355 949 419 1003 Et
483 950 732 1003 recolens
800 950 985 1003 animo
1040 948 1313 1014 universa,
1367 964 1491 1017 quae
1536 949 1770 1014 viderat,
1832 961 1939 1001 non

351 1042 470 1096 sine
496 1043 723 1095 horrore
751 1055 815 1094 ac
847 1040 1231 1106 admiratione,
1251 1040 1303 1095 in
1329 1042 1443 1095 haec
1470 1041 1631 1095 verba
1654 1040 1901 1108 prorupit
1927 1057 1940 1095 :

350 1133 394 1187 Ο
453 1148 537 1188 me
581 1133 875 1187 miserum!
933 1132 1026 1201 qui
1098 1132 1150 1185 in
1207 1133 1441 1202 peceatis
1498 1134 1771 1187 enutritus
1812 1140 1866 1185 et
1913 1146 1944 1185 e

258 1256 267 1277 μ
358 1224 616 1278 sordibus
639 1224 889 1288 eductus,
934 1222 1108 1277 merui
1151 1224 1508 1292 constricuum
1533 1223 1707 1278 oculis
1742 1223 1942 1277 habere

356 1315 643 1367 Dominum
698 1314 885 1367 Jesnm
940 1317 1412 1383 omnipotentem,
1475 1315 1938 1383 quemadmodum

347 1418 404 1461 et
452 1406 919 1474 pulchritudinem
995 1406 1185 1460 famuli
1235 1405 1355 1475 ejus
1413 1405 1657 1476 gloriosi.
1731 1407 1942 1473 Quibus

347 1499 529 1562 dictis,
590 1497 836 1554 surrexit
878 1497 1121 1567 abiitque
1182 1496 1234 1551 in
1272 1497 1604 1564 ecclesiam,
1672 1514 1941 1553 canonem

346 1591 705 1646 absoluturus
738 1628 755 1655 ,
788 1599 839 1644 et
871 1589 1197 1645 adveniente
1223 1590 1339 1655 die,
1366 1591 1437 1644 ah
1481 1590 1615 1645 hora
1666 1594 1839 1660 prima
1874 1595 1939 1648 ad

352 1699 525 1752 usque
543 1684 780 1745 tertiam.
813 1682 867 1737 iu
901 1682 1144 1738 conclavi
1178 1698 1279 1739 suo
1305 1682 1492 1739 multis
1523 1699 1647 1739 cum
1681 1684 1938 1756 lacrymis

345 1776 584 1831 orationi
634 1790 859 1840 vacans,
917 1778 1122 1847 gratias
1164 1777 1426 1845 persolvit
1469 1779 1612 1844 Deo,
1666 1779 1937 1849 quodipsi

348 1870 552 1922 incerta
615 1876 670 1921 et
722 1867 935 1921 oet-ulta
998 1868 1282 1937 sapientiae
1341 1883 1455 1923 sua:
1512 1871 1941 1927 manifestasset.

347 1961 487 2015 'l'um
539 1976 774 2029 surgens
837 1961 902 2014 ad
964 1960 1400 2016 mediocritatem
1470 1976 1646 2017 meam
1680 1965 1939 2029 accessit,

350 2052 793 2120 renuutiavitque
859 2067 1078 2107 summo
1141 2066 1264 2106 cum
1300 2052 1499 2108 timore
1522 2068 1587 2108 ac
1636 2054 1942 2109 humilitate

347 2145 553 2207 omnia,
612 2160 732 2214 qua:
799 2143 910 2214 jam
971 2144 1211 2198 narravi.
1261 2142 1443 2210 Quare
1496 2146 1783 2215 perculsus
1840 2163 1941 2217 ego

346 2237 646 2291 exclamavi
676 2236 891 2291 subito:
920 2236 1054 2301 Quis
1084 2251 1315 2306 magnus
1341 2246 1426 2292 est
1447 2237 1522 2292 uti
1554 2238 1693 2296 Deus
1713 2239 1945 2294 noster?

350 2338 405 2385 tu
441 2327 577 2383 facis
606 2327 908 2397 mirabilia,
950 2326 1124 2383 Deusl

2049 578 2148 649 θῇς
2174 580 2273 650 τῆς
2309 579 2589 649 βασιλείας
2617 573 2713 629 τοῦ
2748 573 2909 628 Θεοῦ.
2959 575 3069 628 Καὶ
3121 574 3280 627 τοῦτο
3327 573 3565 645 εἰρηκὼς
3605 577 3635 628 ὁ

2043 671 2378 742 πρεσϐύτης,
2411 669 2637 735 ἔξυπνος
2665 668 2893 737 γέγονεν
2939 667 2967 719 ό
3021 665 3362 735 Ἐπιφάνιοςο
3396 663 3464 739 ἦν
3493 668 3549 720 δὲ
3594 668 3626 737 ἡ

2042 763 2311 835 ἐκκλησία
2341 765 2434 817 τὸν
2471 763 2674 819 κανόνα
2705 761 2995 833 μεσάσασα
3039 759 3179 831 (l9).
3218 761 3307 813 ‘Ev
3350 761 3530 831 ἑαυτίρ
3575 759 3634 816 δὲ

2041 855 2218 911 ταῦτα
2244 855 2724 926 ἀναμνησάμενος,
2759 855 2840 917 εἰς
2868 853 3077 923 φρίκην
3131 852 3375 923 φοϐερὰν
3404 853 3634 923 μετηνέ-

2042 949 2171 1022 χθη,
2200 950 2296 1002 καὶ
2322 947 2737 1016 ἀποθαυμάζων
2771 946 2871 1015 τὴν
2895 946 3110 1016 ὅρασιν,
3158 945 3346 1013 ἔλεγεν
3378 962 3392 978 ·
3438 946 3502 998 ’Ὡ
3530 946 3629 1000 τά-

2042 1044 2139 1106 λας
2172 1044 2284 1109 ἐγὼ
2311 1042 2324 1096 l
2364 1042 2445 1093 ὅτι
2480 1039 2765 1108 ἄνθρωπος
2790 1038 2850 1090 ὲν
2884 1036 3190 1107 ἁμαρτίαις
3220 1037 3627 1108 τεθραμμένος,

2044 1135 2141 1187 καὶ
2170 1133 2388 1203 λυγρῶς
2416 1134 2538 1195 ταῖς
2568 1130 2938 1199 ἀκαθαρσίαις
2969 1129 3357 1199 ἁντλούμενος,
3378 1134 3470 1183 τ’ν
3492 1148 3633 1184 παν-

2043 1229 2355 1299 τοκράτορα
2389 1225 2599 1297 Κύριον
2641 1222 2852 1292 Ἰησοῦν
2901 1224 3014 1285 τοῖς
3049 1221 3355 1291 ὀφθαλμοῖς
3388 1222 3633 1294 ἠξιώθην

2045 1321 2367 1381 θεάσασθαι,
2400 1318 2496 1371 ἆτε
2528 1316 2592 1388 δὴ
2622 1315 2719 1369 καὶ
2753 1316 2853 1385 τὴν
2880 1313 3199 1383 ὡραιότητα
3226 1313 3319 1367 τοῦ
3360 1314 3632 1384 θεραπον-

2044 1428 2136 1475 τος
2165 1410 2354 1464 αὐτοῦ.
2386 1406 2572 1461 Ταῦτα
2602 1404 2867 1476 εἰρηκὼς,
2902 1405 3144 1468 ἀναστὰς
3173 1408 3451 1477 ἐπορεύθη
3483 1410 3541 1460 ὲν
3561 1411 3628 1475 τῇ

2044 1504 2314 1575 ἐκκλησία
2347 1501 2436 1555 τὸν
2460 1502 2661 1554 κανόνα
2686 1500 2901 1554 τελέσαι
2929 1515 2944 1531 '
2971 1501 3186 1571 πρωῒας
3212 1500 3269 1553 δὲ
3304 1501 3629 1569 γενομένης,
3654 1538 3670 1553 ,

2044 1599 2151 1653 ἀπὸ
2193 1597 2418 1667 πρώτης
2458 1596 2607 1666 ὥρας
2641 1596 2808 1665 μέχρι
2839 1593 3053 1663 τρίτης,
3078 1593 3135 1645 ἐν
3173 1592 3254 1663 τῷ
3281 1593 3502 1646 κοιτῶνι
3530 1594 3630 1645 αὖ-

2044 1688 2139 1741 τοῦ
2174 1688 2311 1758 μετά
2338 1686 2594 1755 δακρύων
2621 1684 2838 1737 πολλῶν
2869 1685 3337 1754 προσευξάμενος,
3386 1686 3631 1755 ἀπευχα-

2046 1778 2305 1849 ρίστησεν
2331 1776 2409 1847 τῷ
2438 1775 2576 1845 Θεῷ,
2611 1774 2689 1844 τῷ
2722 1774 3139 1845 ἀποκαλύψαντι
3176 1774 3330 1844 αύτῷ
3361 1777 3427 1827 τὰ
3456 1774 3631 1844 ἄδηλα

1975 1851 2013 1905 Β
2046 1874 2140 1925 καὶ
2172 1870 2382 1939 κρύφια
2415 1869 2514 1940 τῆς
2550 1868 2869 1939 ἀπορρήτου
2895 1869 3092 1935 σοφίας
3121 1867 3286 1921 αὐτοῦ
3321 1883 3334 1897 ⁸
3370 1868 3464 1920 καὶ
3490 1869 3629 1920 ἁνα-

2049 1964 2181 2025 στάς
2216 1961 2352 2032 πρὸς
2380 1959 2481 2031 τὴν
2514 1965 2851 2030 μετριότητα
2890 1962 3228 2031 παρεγένετο
3263 1961 3401 2031 πρός
3431 1977 3520 2030 με,
3561 1961 3629 2012 τὰ

2048 2053 2437 2125 προρρηθέντα
2465 2068 2558 2121 μοι
2586 2051 2803 2106 ἅπαντα
2832 2052 3183 2120 ἀναγγέλλων
3211 2053 3270 2104 ὲν
3293 2051 3488 2120 ἀφάτῳ
3515 2050 3626 2102 δέτι

2049 2149 2143 2199 καὶ
2173 2145 2539 2210 ταπεινῧτητι.
2569 2140 2676 2194 Καὶ
2700 2140 3070 2210 καταπλαγεὶς
3092 2141 3297 2203 εὐθέως
3313 2141 3433 2193 alvi;
3450 2138 3585 2210 ργξα
3606 2151 3625 2169 ο
3709 2194 3717 2201 _

2048 2238 2144 2300 Τίς
2174 2239 2347 2306 μέγας
2379 2238 2453 2299 ὡς
2498 2237 2526 2288 ό
2557 2235 2688 2299 Θεὸς
2716 2234 2915 2306 ἡμῶνς
2954 2236 3018 2289 σὺ
3062 2230 3114 2288 εί
3150 2236 3178 2287 ό
3209 2234 3343 2298 Θεὸς
3381 2233 3411 2287 ὁ
3456 2231 3625 2286 ποιῶν

2046 2332 2351 2400 θαυμάσια..

1790 2440 2015 2499 CAPUT
2047 2442 2189 2498 Xlll.

622 2555 965 2625 Propheticus
994 2557 1217 2612 Δηώ-ειν
1241 2559 1462 2629 spiritus
1497 2560 1552 2613 in
1584 2559 1779 2629 futuris
1825 2559 2147 2629 occultisque
2166 2557 2357 2621 rebus;
2378 2557 2538 2625 pestis
2571 2555 2810 2627 depulsa,
2850 2565 3067 2624 peccata
3100 2567 3364 2627 correpta.

421 2676 509 2733 96.
568 2675 765 2731 Beatus
822 2676 1040 2731 interim
1095 2678 1361 2746 Andreas,
1396 2694 1518 2732 cum
1546 2692 1646 2747 pro
1672 2693 1768 2731 sua
1801 2694 1937 2733 cou—

348 2770 639 2823 suetudine
665 2770 841 2824 solitis
866 2785 988 2824 sese
1019 2770 1298 2825 laboribus
1349 2786 1609 2825 exercens
1634 2786 1663 2825 a
1696 2780 1941 2841 tempore

348 2860 661 2929 vespertino
717 2861 766 2912 itt
807 2864 1038 2915 multam
1095 2873 1307 2917 noctem
1344 2863 1531 2917 urbem
1566 2863 1739 2917 obiret
1760 2863 1935 2930 solus,

345 2952 559 3006 delatus
615 2951 755 3006 forte
810 2957 988 3008 estad
1047 2959 1345 3010 oratorium
1399 2956 1698 3025 quoddam,
1734 2957 1939 3011 sanctis

343 3042 718 3113 apostolorum
756 3047 1094 3116 principibus
1127 3046 1288 3102 Petro
1330 3057 1495 3114 atque
1532 3048 1701 3103 Paulo
1736 3062 1937 3103 conse-

343 3145 581 3201 cratum,
602 3138 749 3206 quod
777 3147 905 3192 natu
935 3139 1260 3208 grandiores
1300 3139 1493 3195 incola:
1520 3154 1549 3195 a
1583 3138 1640 3194 S.
1666 3140 1940 3195 Constan-

2116 2673 2233 2744 ις’.
2254 2676 2312 2729 Ὀ
2329 2675 2386 2730 δὲ
2402 2675 2689 2742 Μακάριος
2717 2672 2813 2741 ἀφ’
2836 2673 3187 2741 ὲσπέρας,ώς
3211 2669 3339 2744 ἦθος
3359 2669 3503 2743 εἶχεν
3534 2675 3629 2729 τοῦ

2045 2769 2417 2837 ἀγωνίζεσθαι
2459 2772 2518 2821 ἑν
2546 2771 2657 2830 τοῖς
2707 2766 2939 2839 ξιάροις,
2984 2769 3149 2837 μόνου
3197 2767 3630 2838 περιπατοῦντος

2043 2866 2164 2927 ταῖς
2190 2865 2538 2934 νυκτεριναῖς
2565 2862 2856 2931 περιόδοις,
2887 2861 3086 2931 συνέϐη
3109 2860 3269 2913 αὑτὸν
3297 2862 3629 2930 πορευθῆναι

2044 2956 2276 3026 πλησίον
2312 2956 2606 3027 εὐκτῃρίου
2650 2958 2794 3019 τινὸς
2824 2955 2934 3009 τῶν
2970 2954 3143 3024 ἁγίων
3174 2957 3267 3008 καὶ
3306 2956 3628 3025 κορυφαίων

2056 3048 2401 3102 ’Λποστόλων
2434 3049 2643 3116 Πέτρου
2670 3050 2768 3102 καὶ
2820 3047 3062 3111 Παύλου,
3102 3049 3239 3118 ὅπερ
3287 3049 3528 3117 ἔφασκον
3579 3050 3629 3102 οῖ

2047 3140 2270 3194 παλαιοὶ
2298 3142 2399 3208 τῆς
2429 3141 2637 3203 πόλεως
2680 3140 2773 3193 τόν
2803 3141 2860 3192 ἐν
2890 3139 3068 3207 ἁγίοις
3108 3142 3517 3194 Κωνσταντῖνον
3539 3142 3633 3196 τόν

345 3228 462 3281 tino
520 3227 847 3298 imperatore
875 3231 1273 3285 enedilicatum
1326 3242 1652 3287 memorant.
1686 3230 1941 3287 lllaeita-

2049 3231 2276 3303 βασιλέα
2307 3206 2689 3301 οἰκοδομῆσαι.
2712 3206 3025 3300 Παράγοντι
3056 3227 3152 3286 οὗν
3184 3234 3388 3296 ἐκεῖσε,
3432 3235 3633 3306 ἀσελή-

305 3323 472 3390 ’ῳιο,
530 3319 872 3374 teuebricosa
925 3322 1044 3375 sine
1078 3322 1205 3376 luna
1256 3333 1449 3389 nocte,
1501 3322 1714 3378 nebulis
1754 3324 1942 3379 stellas

344 3413 468 3466 ωιιί
502 3410 981 3479 obnubilantibus,
1039 3415 1141 3468 iter
1163 3415 1381 3469 habenti
1418 3416 1648 3471 Andreae
1703 3419 1946 3475 occurrit

344 3503 432 3557 via
478 3503 656 3558 media
720 3514 941 3574 puteus,
1022 3506 1138 3561 sive
1205 3516 1265 3561 ut
1319 3507 1729 3577 receptaculum
1807 3508 1944 3567 l‘oret

346 3609 638 3663 aquarum.
707 3597 824 3649 sive
877 3597 980 3649 alia
1013 3597 1080 3649 de
1111 3611 1303 3659 causa,
1331 3611 1497 3665 quatn
1531 3596 1673 3651 Deus
1705 3599 1940 3662 noverit,

346 3688 581 3743 cﬂossus
611 3704 626 3752 ;
661 3688 715 3743 in
751 3706 914 3759 quem
958 3689 1214 3756 Satanas,
1248 3688 1526 3758 ASthiopis
1562 3691 1744 3760 specie
1771 3706 1942 3761 appa-

349 3795 503 3845 rens,
540 3790 918 3835 transeuntem
946 3796 1115 3852 prope
1149 3781 1327 3843 virum
1382 3790 1632 3836 sanctum
1662 3821 1679 3847 ,
1714 3784 1943 3852 pennit-

349 3882 497 3927 teute
564 3874 960 3943 benignissimo
1028 3875 1174 3940 Deo,
1233 3874 1504 3929 trudendo
1565 3876 1941 3946 prwcipitavit.

348 3960 471 4028 llic,
506 3964 621 4017 luto
654 3982 787 4035 pene
813 3966 1046 4020 obrutus
1077 3965 1369 4035 uliginoso,
1414 3965 1703 4021 confestim
1758 3968 1945 4023 excla-

348 4057 516 4109 mavit
546 4072 562 4110 :
592 4055 636 4110 0
666 4058 758 4126 qui
793 4069 1029 4125 quatuor
1055 4058 1205 4112 orbis
1226 4067 1406 4127 partes
1437 4060 1663 4114 salutari
1690 4059 1939 4117 doctrina

347 4158 526 4201 vestra
552 4149 925 4214 illuminastis,
959 4149 1234 4218 apostoli,
1265 4164 1364 4206 vos
1399 4150 1690 4207 luminaria
1715 4169 1833 4207 mea
1862 4153 1944 4208 ln-

346 4240 650 4307 cidissima,
685 4243 963 4312 suppetias
993 4242 1129 4296 ferte
1159 4241 1426 4298 vilissimo
1482 4244 1702 4299 servulo
1733 4254 1939 4314 vestro,

345 4334 540 4403 eripite
572 4348 658 4389 me
705 4349 772 4389 ex
806 4344 970 4404 puteo
1001 4335 1106 4390 hoc
1133 4334 1599 4406 profundissimol
1631 4336 1768 4392 Cum
1795 4337 1940 4393 illico

350 4426 596 4489 etnicans
647 4440 710 4479 ex
746 4426 1003 4497 oratorio
1051 4441 1212 4492 crux,
1256 4427 1307 4482 in
1360 4442 1486 4483 aere
1523 4429 1782 4499 suspendi
1827 4431 1942 4485 visa

344 4526 450 4581 est,
482 4515 737 4571 emittens
758 4516 1022 4588 fulgorem
1047 4519 1122 4574 uti
1152 4520 1296 4590 ignis
1321 4520 1651 4577 immensum
1675 4524 1940 4580 adversus

351 4606 615 4662 Sanetqu
651 4608 704 4663 in
736 4619 899 4678 puteo
932 4625 1137 4681 :quatn
1171 4621 1231 4666 ut
1279 4613 1566 4684 conspexit
1617 4615 1945 4673 exclamavit

345 4698 570 4754 denuo:
607 4699 868 4771 Signetur
904 4715 1070 4771 super
1128 4716 1218 4757 me
1265 4702 1449 4757 lumen
1487 4704 1672 4761 vultus
1718 4706 1818 4769 tui,
1844 4705 1949 4762 Do-

344 4790 515 4846 mine.
551 4789 619 4846 Et
644 4792 910 4848 continuo
948 4803 1323 4865 apparuerunt
1366 4795 1484 4850 .viri
1507 4796 1617 4852 duo
1646 4798 1950 4868 pulchritu-

348 4881 490 4937 linis
518 4883 734 4940 eximiae
785 4899 883 4955 per
908 4899 1093 4940 aerem
1127 4885 1316 4951 delati,
1349 4901 1492 4943 unus
1527 4888 1596 4943 ab
1631 4905 1739 4943 una
1763 4929 1778 4956 ,
1810 4893 1948 4947 alter

344 4973 414 5027 ab
472 4975 641 5031 altera
692 4987 847 5047 parte
878 4977 1080 5044 crucis,
1146 4979 1200 5034 in
1259 4994 1385 5035 aere
1447 4982 1737 5050 pendentis
1757 4992 1812 5038 et
1841 4984 1948 5038 late

344 5067 532 5121 omnia
600 5068 960 5126 illuminantis
995 5089 1011 5126 :
1043 5071 1263 5127 illorum
1334 5088 1468 5130 vero
1523 5074 1666 5131 alter
1720 5077 1944 5132 dextera

343 5157 530 5215 Sancti
562 5160 851 5231 prehensa.
881 5162 1020 5219 alter
1043 5165 1287 5231 sinistra.
1334 5182 1368 5222 e
1396 5168 1578 5225 lutoso
1595 5179 1761 5241 puteo
1791 5172 1942 5227 illum

343 5256 673 5319 eduxerunt,
724 5255 779 5311 in
848 5268 1108 5328 rectaque
1152 5259 1238 5315 via
1280 5262 1660 5328 restituerunt,
1693 5265 1945 5335 gentibus

351 5354 510 5400 tenus
573 5360 735 5402 caeno
784 5347 1143 5416 immersam;
1195 5358 1251 5406 et
1281 5350 1465 5407 statim
1492 5366 1560 5408 ex
1609 5354 1787 5412 oculis
1817 5370 1945 5413 eva-

349 5448 609 5496 nuerunt.

425 5759 535 5836 (l9)
588 5763 688 5821 llic
745 5766 899 5832 item,
927 5782 1049 5836 qua:
1108 5767 1175 5822 de
1207 5766 1429 5823 (latrone
1465 5767 1845 5825 ecclesiastico
1886 5769 1938 5824 in

347 5823 560 5882 duobus
609 5836 759 5899 locis,
789 5823 909 5903 qua:
940 5823 1004 5890 de
1054 5848 1316 5906 tempore,
1378 5854 1500 5903 qua:
1539 5838 1606 5892 de
1641 5823 1937 5903 cottarcssu

2045 3340 2138 3376 νου
2166 3321 2334 3390 ούσης
2360 3321 2460 3392 τῆς
2491 3323 2710 3386 νυκτὸς,
2743 3322 2839 3374 καὶ
2867 3320 2977 3374 τῶν
3010 3320 3250 3391 νεφελῶν
3278 3324 3633 3395 ἀπκρυψάν-

2050 3430 2162 3467 των
2186 3413 2316 3476 τοὺς
2347 3415 2406 3465 έν
2432 3411 2511 3482 τῷ
2543 3410 2889 3482 στερεώματι
2934 3412 3199 3483 ἀστέρας,
3253 3414 3445 3483 ἔτυχεν
3488 3411 3634 3469 εἶναι

2044 3505 2189 3558 κατά
2226 3505 2288 3557 τὸ
2326 3505 2493 3574 μέσον
2538 3504 2637 3574 τῆς
2676 3502 2800 3557 ὀδοῦ
2859 3504 3056 3575 βόθρον
3110 3505 3237 3558 τινὰ
3292 3506 3633 3578 ὀρύγματος,

2043 3598 2155 3651 εἴτε
2184 3596 2273 3649 διὰ
2306 3595 2479 3665 νομὴν
2512 3595 2743 3661 ὑδάτων,
2778 3596 2892 3648 cits
2941 3595 3012 3649 δι’
3056 3596 3219 3650 ἄλλον
3261 3597 3383 3651 τινὰ
3427 3599 3632 3669 τρόπον

2042 3688 2353 3759 ἁνὼρυξαν,
2398 3688 2425 3740 ό
2460 3688 2667 3757 Κύριος
2714 3688 3030 3744 ἐπίσταται.
3088 3689 3179 3753 Ὠς
3222 3688 3316 3744 οὖν
3347 3690 3577 3763 πλησίον
3605 3695 3635 3748 ὁ

2046 3780 2316 3851 μακάριος
2348 3778 2633 3844 διώδευεν,
2662 3783 3171 3852 παραχωρήσαντος
3198 3784 3295 3837 τοῦ
3323 3783 3630 3854 φιλανθρὼο

2041 3889 2147 3926 που
2174 3871 2333 3937 Θεοῦ,
2364 3873 2473 3926 ἰδοὺ
2501 3872 2529 3924 ό
2560 3872 2806 3935 Σατανᾶς
2828 3872 2904 3937 ὡς
2926 3872 3122 3943 Αἰθίοψ
3150 3891 3234 3937 τις
3263 3878 3636 3947 παραφανεὶς,

2044 3960 2376 4033 συμποδίσαι
2439 3960 2607 4014 αὐτὸν
2675 3962 2757 4025 είς
2807 3962 2899 4015 τὸν
2953 3963 3147 4036 βόθρον
3205 3969 3633 4036 παρενέπειρεν.

2058 4052 2269 4105 Ἐκεῖσε
2298 4051 2481 4105 τοίνυν
2506 4053 2584 4122 τῷ
2616 4051 2809 4105 ύλώδει
2838 4052 2998 4124 πηλῷ
3032 4056 3393 4125 συγχωσθεὶς,
3428 4073 3637 4128 παρευ-

2045 4144 2145 4208 θῦς
2205 4146 2496 4216 ἐξεϐόησεν
2534 4163 2548 4178 ο
2592 4147 2660 4199 υἱ
2689 4147 2790 4216 τὴν
2840 4149 3253 4219 τετραπέρατον
3292 4151 3635 4221 φωταγωγή·

2046 4252 2243 4298 σαντες
2294 4236 2551 4307 πυρίναις
2595 4236 2843 4306 διδαχαῖς
2872 4237 3185 4299 ἀπόστολοι,
3218 4237 3507 4308 φωστῆρὲς
3530 4256 3635 4307 μου

2046 4332 2380 4399 φαινότατοι,
2403 4331 2706 4401 βοηθήσατε
2730 4330 2807 4400 τῷ
2832 4330 3269 4403 εὐτελεῖοὶκέτῃ,
3285 4332 3540 4403 ῥυόμενοί
3562 4349 3629 4403 με

2045 4424 2110 4478 ὲκ
2139 4423 2234 4478 τοῦ
2254 4424 2551 4495 βυθοτάτου
2571 4424 2689 4495 (sic)
2715 4423 3026 4493 ὀρύγματος
3049 4423 3062 4477 l
3090 4424 3199 4476 Καὶ
3231 4426 3433 4488 εὐθέως
3454 4426 3631 4493 ὲφάνη

2050 4516 2290 4589 σταυρὸς
2314 4515 2424 4572 ἀπὸ
2453 4517 2549 4569 τοῦ
2579 4516 2877 4587 εὐκτηρίου
2909 4517 3002 4569 ἐπὶ
3055 4515 3151 4569 τοῦ
3200 4518 3364 4587 ἀέρος
3422 4520 3635 4589 κρεμά-

2052 4625 2234 4680 μενος,
2263 4611 2356 4662 καὶ
2384 4604 2456 4679 ἦν
2488 4608 2679 4680 ὥσπερ
2714 4610 2824 4680 πῦρ
2857 4609 3057 4679 φλέγον
3084 4611 3456 4681 μαρμαρυγὰς
3489 4611 3636 4681 λαμ-

2051 4702 2302 4773 πηδόνων
2333 4699 2427 4752 ἐπὶ
2458 4699 2556 4753 τοῦ
2589 4702 2796 4754 λάκκου
2841 4703 3152 4773 ἐκπέμπων
3194 4701 3330 4771 πρὸς
3362 4703 3456 4756 τὸν
3509 4703 3635 4756 Μα-

2048 4795 2265 4864 κάριον.
2320 4793 2533 4863 Ὀνπερ
2582 4792 2922 4864 θεασάμενος
2972 4794 3206 4865 ὲόόησε’
3259 4795 3637 4865 Σημειωθήςω

2047 4887 2136 4957 ἐφ’
2165 4886 2314 4956 ἡμᾶς
2354 4887 2416 4939 τὸ
2448 4885 2567 4954 φῶς
2600 4886 2695 4941 τοῦ
2727 4890 3022 4958 προσώπου
3052 4904 3169 4952 σου,
3216 4889 3411 4957 Κυρίε.
3456 4889 3641 4959 Παρα-

2047 4981 2239 5051 χρῆμα
2277 4979 2333 5033 δὲ
2367 4981 2652 5050 ἐφάνησαν
2696 4979 2790 5032 δύο
2820 4980 3017 5051 ἄνδρες
3062 4981 3258 5052 ὡραῖοι
3308 4980 3512 5052 σφόδρα
3544 4984 3640 5033 ἐπὶ

2046 5072 2143 5125 τοῦ
2181 5071 2404 5143 αἰθέρος
2439 5073 2751 5143 φερόμενοι,
2786 5065 2868 5134 εἷς
2902 5071 3177 5140 ὲντεῦθεν,
3206 5075 3302 5128 καὶ
3333 5069 3414 5136 εἷς
3454 5072 3640 5127 ἐντεῦ-

2048 5165 2142 5219 θεν
2180 5167 2434 5233 ἐγένοντο
2476 5164 2575 5218 τοῦ
2620 5166 2945 5237 φωτοφόρου
2983 5168 3199 5220 ἑκείνου
3246 5167 3508 5237 σταυροῦ,
3544 5168 3643 5221 ἐπὶ

2045 5258 2144 5312 τοῦ
2186 5259 2349 5331 ἀέρος
2378 5258 2618 5321 ἑστῶτος
2668 5260 2765 5311 καὶ
2805 5258 3135 5328 φωτίζοντος
3159 5272 3175 5289 ⁸
3225 5261 3255 5314 ό
3294 5259 3396 5331 μὲν
3428 5255 3510 5323 εἷς
3540 5261 3642 5331 τῆς

2048 5352 2237 5421 δεξιᾶς
2262 5352 2448 5423 χειρὸς
2479 5352 2836 5423 mamonae
2881 5350 2940 5405 δὲ
2978 5352 3165 5423 ἕτερος
3200 5356 3301 5423 τῆς
3330 5354 3645 5426 εὐωνύμου,

2044 5447 2155 5501 ἀπὺ
2178 5446 2273 5499 τοῦ
2305 5443 2482 5516 πηλοῦ
2521 5446 2616 5499 καὶ
2652 5444 2749 5497 τοῦ
2792 5444 2991 5517 βόθρου
3046 5447 3353 5516 ἀνήγαγον,
3408 5449 3506 5500 καὶ
3548 5447 3642 5499 ἐπὶ

2046 5541 2148 5611 τῆς
2184 5538 2403 5602 εὐθείας
2439 5538 2562 5592 ὀδοῦ
2598 5538 2954 5610 παρέστησαν
2976 5552 2994 5569 ⁶
3039 5534 3263 5610 ἧν.γάρ
3291 5542 3643 5611 κεχωσμένος

2045 5632 2151 5696 ἓως
2184 5631 2294 5686 τῶν
2325 5630 2568 5701 γονάτων
2602 5646 2617 5662 ο
2649 5631 2745 5684 καὶ
2788 5631 2994 5695 εὐθέως
3037 5632 3271 5702 ἄφαντοι
3299 5636 3569 5703 ἐγένοντο.

2045 5766 2330 5838 Epipltanii
2384 5783 2509 5821 eum
2544 5766 2833 5838 scriptore
2866 5766 3000 5824 νιιω
3025 5767 3308 5837 dicuntur,
3335 5784 3441 5825 non
3488 5769 3643 5826 i..ve-

2045 5837 2269 5893 utuntur
2299 5842 2349 5891 in
2386 5838 2484 5890 Ms.
2513 5837 2715 5890 Mal-ar.
