4090 6394
406 316 513 378 745

1571 305 1744 376 \‘mt
1781 319 1842 379 s.
1881 315 2208 377 ANDREA-J
2251 315 2442 374 SALI.

3568 319 3674 382 7i6

408 430 498 480 ἐπ’
532 427 681 498 αὖτῷ
733 427 800 482 τὰ
850 428 1011 498 ὃμοια
1067 427 1602 496 κατεισπράξασθαι.
1652 430 1885 499 Ἔτυχεν
1929 429 1985 481 δὲ

2099 427 2255 492 igitur
2302 425 2538 492 hujusce
2580 439 2801 494 quoque
2850 427 3041 495 puellae
3108 431 3344 485 cadaver
3379 433 3464 487 ubi
3517 443 3673 487 terra:

408 521 712 573 διαϐαίνειν
771 522 951 572 ἐκεῖσε
1002 499 1307 589 Μακάριόν,
1354 521 1423 572 τὰ
1470 519 1560 572 διὰ
1608 519 1841 588 Χριστὸν
1887 521 1984 588 ἔθη

412 612 580 665 αὑτὸν
633 611 892 665 ποιοῦντα
918 628 932 642 ·
969 611 1066 666 καὶ
1097 612 1173 674 ὡς
1216 611 1311 666 ἅτε
1365 611 1581 680 βλέπων
1611 613 1724 674 τοῖς
1777 615 1984 682 νοεροῖς

409 700 922 769 ὀφθαλμοῖς,”ἕγνω
951 701 1029 772 τῷ
1057 702 1330 771 πνεύματι
1359 703 1448 756 τὸν
1472 702 1745 773 μοχθηρὸν
1775 701 1983 756 ἐκείνου

408 793 504 845 τοῦ
548 793 725 846 δολίου
767 794 989 858 σκοπὸν,
1037 796 1133 846 καὶ
1170 792 1495 863 βουλόμενος
1538 791 1856 848 ἀναστεῖλαι
1888 791 1987 861 τὴν

409 883 604 938 τούτου
661 885 976 955 ἐγχείρησιν
1013 883 1184 954 (ἐώρα
1227 886 1334 955 γὰρ
1376 881 1486 948 οἷος
1526 884 1748 955 ὄλεθρος
1797 884 1987 954 μέλλει

409 976 559 1045 αὐτῷ
586 975 934 1045 συναντῆσαι)
972 976 1067 1028 καὶ
1093 974 1355 1045 βλοσυρὸς
1377 975 1586 1029 ἀπιδὼν
1628 977 1711 1038 είς
1752 977 1852 1044 τὴν
1891 974 1988 1028 αὑ-

409 1069 504 1120 τοῦ
541 1066 686 1137 δψιν,
723 1069 828 1138 ἔφη
863 1067 1002 1136 πρὸς
1036 1068 1201 1120 αὐτόν
1235 1083 1250 1096 ·
1287 1068 1426 1121 Τάδε
1458 1067 1610 1136 λέγει
1642 1066 1704 1120 τὸ
1765 1067 1989 1138 Πνεῦμα

406 1159 471 1211 τὸ
498 1136 674 1227 ἅγιον,
710 1136 795 1212 σοὶ
818 1136 900 1228 Ἵτῷ
931 1157 1166 1211 ἐσθίοντι
1188 1158 1255 1212 τὰ
1285 1159 1464 1228 ἀμφία
1489 1159 1596 1216 τῶν
1621 1160 1679 1212 ὲν
1704 1136 1991 1229 μνημείοις

412 1251 886 1320 κατατιθεμένων,
918 1251 1018 1303 οὐκ
1044 1251 1127 1304 ἔτι
1175 1251 1290 1324 ἴδῃς
1319 1251 1412 1304 τὸν
1437 1251 1612 1323 ἥλιον,
1647 1251 1832 1304 οὐκέτι
1863 1250 1992 1304 θεά-

413 1361 482 1416 σῃ
511 1345 750 1416 ἡμέραν,
790 1345 976 1398 οὐκέτι
1011 1343 1183 1416 θεάσῃ
1214 1345 1429 1415 μορφὴν
1469 1341 1760 1416 ἀνθρώπου
1789 1358 1805 1374 ο
1842 1343 1990 1396 κλει-

411 1440 707 1509 σθὴσονται
731 1439 838 1510 γὰρ
867 1439 917 1490 oi
955 1437 1202 1500 πυλῶνες
1229 1434 1323 1490 τοῦ
1355 1436 1508 1492 οἴκου
1535 1452 1652 1502 σου,
1683 1437 1778 1492 καὶ
1807 1435 1991 1490 οὐκέτι

411 1530 872 1600 διανοιγήσονται,
907 1531 1001 1583 καὶ
1039 1528 1318 1582 σκοτιάσει
1357 1531 1390 1600 ἡ
1425 1528 1629 1601 ἡμέρα,
1679 1531 1775 1584 καὶ
1817 1529 1880 1582 οὺ
1914 1529 1990 1600 μὴ

412 1622 686 1696 διαφαύσῃ
715 1623 793 1686 εἰς
821 1622 910 1678 τὸν
943 1621 1138 1681 αίῶνα.

487 1901 670 1974 ρα’.’0
697 1901 752 1956 δὲ
791 1900 960 1956 ταῦτα
999 1903 1259 1968 ἀκούσας,
1295 1903 1354 1958 οὐ
1391 1903 1595 1975 συνῆκε
1625 1903 1694 1958 τὰ
1729 1905 1993 1977 παράτοῦ

418 1997 635 2050 Δικαίου
669 1996 926 2067 ρηθέντα,
967 1998 1059 2050 καὶ
1095 1998 1261 2066 μηδὲν
1293 1997 1565 2069 μελλήσας
1591 1999 1908 2074 ἐπορεύετο,
1935 2000 1994 2054 Ὀ

413 2086 470 2141 δὲ
499 2091 682 2152 Ὀσιος
711 2089 922 2141 ἀπιδὼν
953 2090 1088 2160 πρὸς
1125 2091 1308 2155 αὑτὸν,
1354 2090 1766 2160 ἀπεφθέγξατο·
1804 2092 1994 2146 "Amet

413 2179 633 2249 κλέψαι,
696 2183 918 2250 μάταιε.
956 2181 1049 2233 Μὰ
1094 2180 1184 2235 τὸν
1220 2181 1427 2251 Ἰησοῦν
1479 2184 1540 2236 οὐ
1581 2183 1659 2254 μὴ
1703 2183 1870 2256 θεάσῃ
1900 2182 1995 2236 τὸν

416 2273 593 2343 ἣλιον.
639 2273 696 2326 Ὀ
728 2274 786 2328 δὲ
819 2276 998 2338 συνεὶς
1030 2275 1338 2339 τελείωςτά
1382 2275 1617 2346 ρηθέντα
1658 2276 1829 2347 αὐτῷ,
1881 2277 1994 2331 διε-

415 2367 653 2438 χλεύῖισε
709 2367 798 2420 τὸν
835 2368 1044 2433 Ὄσιον,
1077 2370 1246 2422 είπών
1270 2385 1284 2400 ο
1313 2369 1445 2438 Ναὶ,
1475 2371 1994 2442 παρατετραμμὲνε,

411 2460 584 2528 ἄδηλα
609 2460 826 2530 φήσεις,
849 2459 1054 2514 καὶτοῦ
1084 2461 1304 2531 φυρμοῦ
1325 2461 1435 2514 τῶν
1461 2462 1734 2532 δαιμόνων
1757 2463 1993 2534 ἐφάμιλ-

411 2552 479 2604 λα
511 2567 526 2581 ο
563 2553 674 2619 ἐγὼ
712 2556 830 2605 ἐκεῖ
862 2553 1199 2624 ἀπέρχομαι,
1247 2556 1340 2608 καὶ
1393 2554 1578 2625 βλέψω
1627 2557 1678 2608 εί
1707 2556 1994 2628 ἐνεργήσει

413 2662 507 2696 σου
531 2645 598 2699 τὰ
627 2646 870 2716 ῥήματα.
907 2647 963 2700 Ὀ
991 2648 1048 2701 δὲ
1073 2646 1262 2712 "Octo;
1293 2647 1678 2718 μετριοπαθῶν
1699 2648 1853 2720 διέϐη
1898 2648 1992 2701 τὸν

413 2739 605 2792 τόπον.
648 2736 921 2809 Ἐσπέρας
947 2739 1004 2792 δὲ
1035 2739 1137 2809 ἤδη
1177 2739 1500 2811 γενομένης,
1545 2741 1728 2795 ἄδειαν
1765 2741 1940 2812 εὑρὼν
1965 2742 1992 2794 ὁ

408 2831 796 2899 ἀτυχέστατος,
819 2830 1071 2886 ἀπελθὼν
1106 2833 1198 2885 καὶ
1231 2832 1572 2895 ἀποκυλίσας
1605 2832 1698 2887 τὸν
1730 2832 1876 2886 λίθον
1897 2832 1990 2887 τοῦ

415 2924 728 2994 μνήματος,
758 2924 916 2976 είσίει
948 2926 1007 2978 ὲν
1037 2923 1218 2995 αὐτῷ’
1245 2925 1338 2977 καὶ
1372 2924 1587 2995 πρῶτον
1625 2925 1723 2994 μὲν
1755 2919 1860 2995 ἦρε
1930 2925 1993 2978 τὸ

415 3015 668 3081 σάϐανον,
699 3016 794 3070 καὶ
817 3016 878 3068 τὺ
895 3016 1164 3087 μαφόριον
1189 3016 1449 3070 κάλλιστα
1477 3015 1880 3087 δειτα(26).”οτε
1897 3013 1989 3071 οὖν

2095 517 2408 571 mandatum
2469 524 2616 572 esset
2671 519 3006 586 speculatus,
3054 522 3170 588 pari
3221 525 3382 577 modo
3431 536 3484 578 et
3540 527 3672 579 illud

2093 609 2328 677 spoliare
2355 609 2648 665 induxerat
2672 610 2917 665 animum
2943 627 3102 667 :cum
3128 612 3268 669 forte
3291 616 3412 671 illac
3439 619 3675 673 transire

2093 701 2318 770 contigit
2349 698 2406 756 Β.
2446 701 2742 768 Andream,
2778 703 2938 759 solita
2963 719 3124 776 opera
3159 721 3258 762 sua
3282 707 3484 762 Christi
3509 724 3674 764 Causa

2061 793 2432 847 actitautem.
2489 793 2590 858 Qui
2652 795 2845 850 oculos
2906 797 3107 852 mentis
3159 797 3453 855 interiores
3496 801 3673 854 inten-

2094 886 2231 939 deus
2273 886 2326 940 in
2379 887 2656 943 hominem
2719 888 3154 955 fraudulentum,
3205 894 3462 961 ceguovit
3527 893 3680 948 nefa-

2096 975 2238 1028 rium
2283 979 2403 1046 ejus
2467 978 2757 1032 consilium
2787 979 2974 1049 ,quod
3029 990 3090 1034 ut
3136 980 3380 1050 impense
3423 982 3680 1051 cupiebat

2097 1075 2363 1122 mutatum
2413 1068 2654 1140 (videbat
2709 1071 2856 1125 enim
2913 1080 3121 1142 quanta
3157 1073 3360 1127 misero
3396 1073 3680 1129 calamitas

2095 1160 2483 1234 impenderet),
2518 1172 2676 1219 torvo
2756 1164 2810 1219 in
2857 1165 3006 1220 illum
3084 1166 3311 1222 intuitus
3370 1167 3546 1232 vultu,
3597 1167 3675 1220 ita

2095 1255 2246 1326 loqui
2288 1257 2454 1328 cmpit
2487 1257 2655 1314 :llazc
2705 1257 2841 1312 dicit
2887 1256 3124 1327 Spiritus
3170 1269 3394 1312 sanctus
3441 1261 3560 1324 tibi,
3584 1262 3681 1329 qui

2098 1355 2277 1402 vestes
2326 1347 2561 1403 mortuis
2611 1359 2665 1402 et
2715 1359 2876 1403 terrae
2927 1349 3198 1404 mandatis
3243 1350 3516 1405 detractas
3547 1351 3682 1405 abli-

2098 1441 2285 1511 guris,
2342 1457 2452 1496 non
2507 1442 2746 1512 amplius
2791 1452 3018 1510 aspectu
3063 1443 3220 1508 solis,
3263 1458 3368 1498 nou
3403 1443 3530 1506 diei,
3567 1459 3676 1497 nou

2096 1533 2290 1590 forma:
2318 1534 2571 1589 humanae
2597 1534 2872 1591 fruiturus
2897 1551 2988 1599 es,
3011 1535 3338 1590 claudentur
3385 1537 3528 1590 enim
3554 1552 3682 1605 por-

2100 1638 2169 1684 tae
2211 1628 2411 1684 domus
2470 1637 2612 1692 tum,
2671 1629 2931 1699 drinceps
2990 1645 3100 1684 non
3140 1631 3478 1699 aperiendae;
3528 1639 3680 1684 teuc-

2103 1722 2216 1784 bris
2253 1723 2558 1778 iuvolvetur
2604 1723 2737 1787 dies,
2776 1730 2828 1778 et
2868 1739 2975 1778 non
3005 1722 3401 1779 illumiuahitur
3447 1725 3498 1779 iu
3527 1735 3684 1779 attri-

2097 1832 2250 1872 num.
3573 1877 3576 1881 _

2171 1910 2296 1965 101.
2347 1910 2536 1966 Audiit
2581 1910 2798 1981 quidem
2846 1910 2935 1966 ille
2972 1910 3088 1966 haec
3144 1910 3330 1966 Sancti
3367 1909 3548 1976 effata,
3580 1909 3676 1966 sed

2097 2021 2207 2059 non
2261 2003 2603 2074 intelligens,
2633 2002 2635 2005 ’
2664 2005 2784 2060 sine
2828 2005 3178 2060 cunctatione
3220 2004 3499 2075 digressus
3572 2013 3679 2062 est.

2097 2097 2268 2164 Quem
2321 2098 2502 2154 oculis
2537 2112 2882 2168 prosequens
2933 2098 3181 2154 Andreas
3215 2116 3230 2153 :
3268 2097 3406 2161 Abi,
3453 2097 3633 2168 inquit
3664 2136 3681 2162 ,

2095 2190 2207 2254 abi,
2266 2186 2469 2255 furare,
2512 2189 2760 2245 sceleste.
2790 2188 2977 2244 Jesum
3024 2189 3302 2246 Christum
3353 2197 3681 2252 testor,nou

2097 2281 2335 2353 amplius
2399 2281 2647 2337 visurum
2713 2290 2766 2336 te
2801 2283 2996 2339 solem.
3047 2280 3178 2348 Quae
3239 2281 3494 2344 tandem,
3548 2280 3680 2350 quid

2094 2376 2200 2431 sibi
2234 2375 2457 2440 vellent,
2486 2374 2575 2429 ille
2604 2379 2848 2444 capiens,
2901 2373 3215 2428 vaticinanti
3266 2372 3463 2429 Sancto
3494 2374 3684 2427 isthaic

2095 2484 2220 2525 cum
2276 2467 2515 2522 ludibrio
2551 2466 2826 2537 ingessit:
2864 2464 2956 2520 Nae
3013 2475 3094 2528 tu,
3141 2479 3528 2535 energumene,
3581 2466 3682 2519 ob-

2094 2575 2258 2617 scura
2287 2560 2559 2629 loqueris;
2592 2559 2772 2638 qualia
2830 2558 3152 2614 daunoniaci
3212 2558 3424 2614 effutire
3451 2573 3686 2613 consuc-

2092 2663 2329 2709 verunt:
2362 2667 2466 2723 ego
2512 2668 2644 2708 vero
2700 2654 2828 2708 illuc
2859 2653 3018 2714 abeo,
3067 2651 3370 2716 perieulum
3402 2651 3646 2706 facturus
3667 2690 3682 2714 .

2096 2761 2228 2803 num
2281 2747 2428 2816 quod
2462 2746 2622 2802 dictis
2679 2746 2789 2801 tuis
2849 2745 3062 2815 pondus
3111 2744 3261 2800 insit.
3314 2743 3678 2813 Posteaquam

2092 2856 2223 2896 vero
2294 2840 2552 2906 Sanctus,
2601 2840 2812 2894 modice
2867 2840 3096 2904 dolens,
3150 2838 3251 2892 iter
3303 2852 3464 2892 suum
3517 2852 3684 2906 porro

2093 2943 2416 3003 prosecutus
2449 2941 2615 2998 esset,
2667 2931 3078 2986 infeliciSsimus
3132 2930 3222 2984 ille
3269 2930 3381 2999 jam
3427 2929 3686 2998 iugi-uena

2095 3035 2146 3080 te
2203 3040 2450 3095 vespera,
2483 3035 2594 3080 tuta
2628 3025 2812 3079 omnia
2866 3024 3345 3091 cit‘cutusliicicns,
3389 3023 3457 3076 ad
3488 3038 3685 3075 monu—

413 3106 584 3161 ταίτα
609 3103 766 3178 ἦρεν,
804 3106 1168 3161 ἐϐουλεύσατο
1199 3105 1552 3176 ἀναχωρῆσαι
1586 3123 1600 3136 ·
1641 3109 1668 3159 ὁ
1698 3105 1757 3158 δὲ
1798 3108 1990 3178 μισάν-

2099 3126 2344 3172 mentum
2397 3117 2648 3181 accessit,
2691 3117 3046 3186 revolutaque
3084 3115 3260 3184 lapide
3295 3113 3559 3170 introivit.
3607 3116 3697 3170 Ac,

416 3196 632 3267 θρωπος
657 3198 870 3266 δαίμων
918 3195 1218 3248 ὑπέϐαλλεν
1248 3196 1412 3249 αὑτὸν
1440 3192 1572 3268 ἆραι
1613 3197 1707 3252 καὶ
1742 3198 1841 3269 τὴν
1873 3199 1991 3250 ὀθό-

411 3307 532 3358 νην,
580 3293 677 3341 καὶ
709 3288 918 3358 γυμνὸν
966 3289 1028 3341 τὸ
1075 3289 1236 3358 σῶμα
1274 3288 1600 3359 καταλιπεῖν
1636 3304 1651 3319 ⁶
1687 3289 1716 3342 ὃ
1750 3291 1844 3342 καὶ
1890 3308 1989 3342 πε-

413 3384 665 3451 ποίηκεν.
715 3384 847 3434 "Urs
899 3378 993 3436 οὖν
1065 3382 1270 3452 ταύτην
1315 3377 1443 3454 ἦρε,
1490 3382 1670 3436 νεύσει
1711 3381 1872 3447 Θεοῦ,
1913 3385 1989 3446 ὼς

412 3474 724 3544 ἀπόρρητόν
776 3475 894 3527 ἐστι
967 3472 1028 3525 τὸ
1076 3473 1323 3544 διήγημα
1374 3474 1389 3527 l
1451 3473 1547 3544 τὴν
1595 3473 1776 3536 δεξιὰν
1818 3472 1992 3541 αὐτῆς

416 3571 575 3638 χεῖρα
612 3567 942 3635 κουφίσασα,
994 3567 1207 3619 δίδωσιν
1255 3566 1405 3636 αὐτῷ
1441 3566 1716 3636 ῥάπισμα,
1754 3567 1845 3620 καὶ
1882 3581 1991 3620 πα-

417 3657 591 3727 ραυτὰ
643 3657 1034 3728 ὲτυςλὼθησαν
1090 3658 1257 3710 αὐτοῦ
1311 3660 1360 3710 οἱ
1419 3658 1720 3728 ὀφθαλμοίο
1766 3658 1989 3726 συνέσχε

411 3751 468 3802 δὲ
494 3750 658 3803 αὑτὸν
683 3751 884 3820 τρόμος
902 3751 1130 3820 φοϐερὸς
1162 3751 1429 3820 καὶφόϐος
1463 3752 1815 3820 ἀσύγκριτος,
1849 3749 1992 3802 ὥστε

413 3843 520 3895 ἀπὸ
587 3842 682 3894 τοῦ
735 3844 1031 3911 γενομένου
1094 3843 1244 3912 αὐτῷ
1300 3843 1488 3895 κλόνου
1562 3843 1660 3906 τὰς
1735 3842 1994 3908 σιαγόνας

417 3933 578 3988 αὑτοῦ
611 3933 709 3986 σὺν
733 3936 848 3997 τοῖς
875 3933 1057 3988 ὀδοῦσι
1089 3933 1497 3999 συντοίϐεσθαι,
1541 3934 1746 4002 ὁμοίως
1789 3932 1848 3985 δὲ
1898 3936 1992 3984 καὶ

416 4026 482 4079 τὰ
509 4027 734 4093 γόνατα.

490 4309 593 4384 ρβ’.
635 4311 925 4377 Ἀνοίξασα
952 4309 1007 4364 δὲ
1052 4312 1086 4380 ἡ
1117 4310 1288 4381 νεκρά
1316 4310 1454 4383 κόρη
1484 4311 1546 4363 τὸ
1591 4309 1768 4382 στόμα
1800 4312 1995 4382 αὐτῆς,

414 4407 540 4460 τάδε
564 4405 698 4477 πρὸς
718 4404 880 4458 αὑτὸν
901 4402 1306 4473 ἀπεφθέγξατο·
1329 4404 1516 4457 Ἃθλιε
1541 4406 1635 4456 καὶ
1657 4405 1994 4475 ταλαίπωρε,

2095 3211 2272 3280 primo
2304 3209 2522 3280 qu‘dem
2564 3211 2830 3264 sabanum
2861 3217 2914 3261 et
2942 3208 3307 3274 maphorium,
3357 3217 3530 3260 vestes
3562 3206 3683 3274 pul-

2093 3303 2417 3367 cherrimas,
2453 3301 2709 3364 abstulit;
2735 3300 3060 3369 quibuscum
3093 3299 3245 3354 abire
3284 3297 3502 3372 paranti
3531 3298 3680 3350 aliud

2093 3396 2384 3450 consilium
2422 3394 2693 3463 suggessit
2720 3395 3091 3458 cacodaamon,
3117 3391 3421 3447 acerrimus
3462 3389 3685 3446 lmmaui

2096 3488 2312 3557 generis
2362 3486 2572 3551 hostis,
2628 3485 2878 3540 \idelicet
2914 3485 3196 3554 interulam
3250 3499 3467 3553 quoque
3499 3483 3687 3537 uttol-

2096 3584 2254 3642 teret,
2303 3578 2504 3632 nudato
2573 3579 2840 3632 cadavere
2916 3577 3104 3630 relicto
3157 3592 3171 3627 :
3225 3575 3685 3642 quemadmodum

2097 3680 2154 3723 et
2219 3685 2277 3723 re
2316 3670 2433 3737 ipsa
2489 3668 2669 3722 facere
2700 3681 2990 3735 aggressus
3017 3673 3124 3723 est.
3152 3663 3355 3719 Verum
3395 3665 3604 3719 nefario
3629 3667 3681 3718 iu

2095 3767 2318 3821 conatu,
2370 3757 2584 3810 volente
2645 3755 2786 3824 Deo,
2819 3756 3077 3810 defuncta
3114 3755 3290 3824 puclla
3317 3757 3504 3826 (quam
3528 3757 3686 3810 inex-

2095 3851 2366 3921 plicabilis
2409 3850 2525 3905 haec
2575 3866 2663 3904 res
2725 3850 2877 3918 est!)
2931 3840 3144 3903 sublata
3177 3850 3231 3903 in
3262 3851 3430 3904 altum
3461 3850 3687 3904 dextera
3748 3925 3750 3927 γ

2097 3945 2366 4014 insignem
2421 3944 2671 4000 violatori
2721 3944 3014 4012 colaphum
3072 3942 3336 4012 impegit;
3370 3956 3480 4010 quo
3500 3942 3683 3996 statim

2103 4039 2388 4094 oculorum
2447 4053 2546 4092 usu
2603 4038 2900 4091 destitutus
2958 4048 3064 4100 est,
3105 4045 3502 4104 correptusque
3540 4046 3687 4088 tnezu

2097 4148 2162 4185 ac
2211 4141 2447 4186 tremore
2502 4139 2611 4184 tam
2637 4128 2969 4192 vehementi,
2998 4137 3059 4182 ut
3097 4127 3334 4182 maxillae
3382 4137 3440 4182 ut
3471 4125 3706 4187 dentes,

2099 4234 2160 4277 ut
2182 4238 2356 4292 genua
2388 4222 2532 4277 inter
2561 4237 2620 4277 se
2652 4220 3064 4286 cotliderentur,
3705 4273 3707 4278 .

2173 4315 2297 4368 102.
2326 4315 2407 4367 Ad
2450 4313 2564 4369 haec
2597 4324 2649 4368 et
2697 4328 2760 4368 os
2794 4329 2952 4367 suum
2980 4313 3232 4382 aperiens
3268 4310 3544 4375 defuncta,
3570 4310 3708 4368 talfa,

2100 4406 2202 4459 bus
2253 4407 2404 4459 illum
2477 4405 2638 4460 dictis
2705 4405 2978 4464 incessit:
3012 4405 3174 4460 Miser
3217 4419 3281 4461 ac
3336 4403 3685 4463 miserande,

420 4500 581 4560 ἔστω,
617 4497 717 4549 οὐκ
757 4497 1034 4578 ἐφοϐήθης
1071 4497 1162 4548 τὸν
1203 4495 1356 4562 Θεὸν,
1395 4493 1522 4547 οὔτε
1560 4496 1684 4557 τοὺς
1735 4494 1993 4564 ἀγγέλους

2106 4509 2224 4552 esto
2257 4512 2410 4561 sane,
2443 4511 2545 4552 nec
2572 4495 2739 4551 Deum
2772 4513 2868 4552 nec
2899 4497 3122 4567 angelos
3170 4497 3291 4566 ejus
3317 4496 3636 4550 reformides
3675 4513 3688 4547 :

421 4591 607 4656 αὑτοῦ,
639 4591 745 4644 κᾶν
792 4591 868 4652 ὼς
907 4584 988 4652 είς
1030 4589 1138 4641 τῶν
1181 4589 1490 4660 ἀνθρώπων
1545 4587 1860 4658 ἀπῃδὲσθης
1900 4588 1995 4640 τοῦ

420 4681 719 4737 θεάσασθαι
747 4681 969 4752 θηλείας
1001 4681 1160 4751 σῶμα
1189 4681 1652 4750 γεγυμνωμένον;
1685 4680 1799 4734 Οὐκ
1833 4681 2000 4750 ἠρκέ-

421 4775 553 4844 σθης
578 4775 727 4843 ἅπερ
762 4776 1028 4844 πρότερον
1060 4771 1272 4838 ἔλαϐες,
1313 4772 1419 4825 κᾶν
1447 4773 1548 4839 τὴν
1589 4771 1783 4843 εὐτελῆ
1808 4771 2001 4842 ὀθόνην

417 4871 516 4922 οὐκ
559 4868 802 4938 ἐχαρίσω
850 4868 928 4937 τῷ
975 4868 1231 4937 adaperi;
1279 4866 1426 4918 Ἀλλ’
1469 4867 1594 4918 ἐπεὶ
1646 4867 1875 4937 ἀνηλεής
1908 4867 2002 4918 καὶ

420 4960 794 5032 ἀπάνθρωπος
838 4962 933 5012 καὶ
985 4958 1135 5029 ὠμὸς
1183 4959 1304 5013 κατ’
1357 4960 1456 5028 ἐμὲ
1518 4958 1860 5030 ἀπεφάνθης,
1909 4959 2004 5010 καὶ

419 5053 754 5126 ἐϐουλεύθης
813 5052 1030 5121 γέλοιόν
1088 5070 1156 5121 με
1213 5051 1448 5120 ὀφθῆναι
1513 5054 1572 5104 ἐν
1633 5055 1698 5120 τῇ
1775 5052 2004 5122 δευτέρα

421 5145 640 5199 ὲλεύσει
668 5147 873 5207 πάσαις
907 5146 1026 5206 ταῖς
1059 5144 1243 5211 ἁγίαις
1279 5143 1572 5214 παρθένοις
1597 5157 1611 5171 ⁸
1645 5141 1754 5194 ἰδοὺ
1781 5141 1892 5208 ἐγώ
1922 5157 2004 5193 σοι

421 5238 580 5305 δείξω
610 5241 812 5311 μηκέτι
841 5236 1100 5291 κλέπτειν
1120 5253 1134 5268 ⁸
1189 5238 1383 5289 ἔπειτα
1437 5237 1523 5289 ἱνα
1553 5239 1829 5308 γινώσκῃς
1861 5235 2002 5288 Θεὸν

423 5331 600 5396 ζῶντα
637 5334 732 5386 καὶ
765 5330 1025 5400 ἀληθινὸν
1059 5327 1202 5384 εἶναι
1227 5330 1320 5383 τὸν
1346 5330 1604 5400 Χριστὸν,
1637 5330 1734 5381 καὶ
1769 5329 1850 5382 ὅτι
1886 5329 2008 5397 κρί-

421 5441 504 5488 σις
539 5428 656 5480 ἐστὶ
731 5426 826 5479 καὶ
862 5424 1247 5486 ἀνταπόδοσις,
1276 5423 1369 5474 καὶ
1427 5423 1568 5490 μετὰ
1597 5421 1827 5475 θάνατον
1867 5422 2004 5486 ζῶσι

496 5629 607 5698 (26)
663 5629 761 5683 his.
813 5628 951 5682 Μαι.
1001 5625 1335 5696 ὡμοφόριον,
1366 5623 1641 5678 humerale
1670 5630 1792 5676 :esl
1827 5631 2005 5677 autem

421 5697 786 5768 Maphurium,
813 5699 1076 5751 muliebre
1107 5713 1140 5764 p
1160 5699 1347 5749 illum.

497 5763 606 5839 (2t?)
650 5769 927 5834 Quantum
983 5763 1188 5820 sedieet
1215 5777 1332 5820 erat
1364 5767 1416 5820 iu
1473 5766 1587 5835 ipso
1624 5763 1741 5820 fure
1780 5783 1792 5819 :
1825 5779 2002 5833 neque

744 5865 1011 5922 ιἈτιιυι..
1057 5863 1170 5919 GR.
1213 5862 1365 5921 (LXI.

2103 4601 2158 4645 at
2183 4590 2400 4654 saltem,
2431 4604 2555 4644 cum
2593 4590 2712 4658 ipse
2747 4588 2911 4644 homo
2938 4589 3038 4654 sis,
3068 4604 3180 4658 quo
3219 4597 3376 4656 pacto
3423 4587 3692 4641 reveritus

2104 4701 2211 4739 non
2261 4699 2322 4738 es
2359 4682 2590 4738 femellas
2635 4696 2870 4752 corpus,
2925 4681 3166 4737 vestibus
3229 4682 3347 4736 suis
3371 4679 3688 4749 spoliatum,

2106 4777 2350 4832 intueri?
2398 4775 2540 4833 Num
2595 4776 2814 4845 explere
2871 4775 3158 4830 avaritiam
3211 4782 3356 4828 tuam
3415 4788 3523 4828 non
3578 4789 3694 4841 pii-

2105 4869 2340 4922 tuisseut
2388 4881 2510 4936 qua:
2561 4866 2796 4934 primum
2853 4865 3222 4933 surripueras,
3274 4866 3318 4918 si
3359 4863 3520 4930 huius
3568 4863 3696 4917 vilis

2106 4959 2353 5016 iutcrulm
2371 4959 2598 5027 gratiam
2627 4957 2846 5026 corpori
2877 4971 2999 5010 meo
3033 4956 3294 5011 fecisses?
3313 4956 3417 5011 Sed
3435 4957 3693 5026 quoniam

2111 5051 2603 5111 immiscricordem
2661 5061 2716 5104 et
2765 5050 3124 5104 inhumanum
3193 5059 3246 5103 et
3309 5049 3584 5104 crudelem
3647 5062 3697 5102 te

2109 5147 2240 5202 mihi
2276 5131 2594 5208 exhibuisti,
2624 5145 2717 5214 qui
2747 5159 2835 5198 me
2860 5143 3116 5198 onmibus
3134 5142 3340 5198 sanctis
3368 5143 3694 5212 virginibus,

2109 5239 2162 5291 in
2222 5237 2465 5292 secundo
2497 5235 2712 5290 Domini
2741 5234 2915 5290 nostri
2971 5236 3205 5289 advequ
3225 5273 3242 5299 ,
3269 5235 3403 5289 risui
3431 5234 3694 5288 ludibrio-

2109 5346 2216 5400 que
2271 5343 2544 5400 exponere
2615 5328 2831 5383 tentasti
2915 5326 3062 5398 (27),
3141 5344 3358 5383 omnem
3428 5344 3527 5396 ego
3598 5319 3691 5377 tibi

2109 5425 2363 5494 deinceps
2403 5422 2617 5477 furandi
2645 5420 3206 5478 facultatemadimam
3233 5463 3248 5486 ,
3286 5431 3345 5474 ut
3365 5435 3712 5489 cognoscam,

2110 5624 2252 5677 enim
2291 5631 2400 5676 tam
2445 5597 2675 5674 stolidus
2702 5631 2814 5674 erat
2849 5620 3079 5687 scriptor
3103 5659 3117 5683 ,
3156 5628 3214 5672 ut
3248 5625 3461 5686 putaret
3492 5624 3694 5687 vestem

2111 5709 2231 5745 eam
2273 5693 2326 5746 iu
2370 5699 2617 5745 extremo
2661 5689 2854 5761 judicii
2912 5685 2996 5745 die
3053 5691 3171 5744 usui
3209 5685 3448 5742 futuram
3499 5685 3694 5740 deluu-

2115 5774 2234 5818 ctzc.
2905 5767 2918 5784 ‘
3067 5796 3071 5801 -

3222 5852 3297 5913 24
