  <div class='ocr_page' id='page_1' title='image "/cluster/home/n/w/nwhite01/storage/ocr_20150623/111/coo.31924054870153/385.png"; bbox 0 0 4090 6436; ppageno 0'>
   <div class='ocr_carea' id='block_1_1' title="bbox 335 334 436 398">
    <p class='ocr_par' dir='ltr' id='par_1_1' title="bbox 335 334 436 398">
     <span class='ocr_line' id='line_1_1' title="bbox 335 334 436 398; baseline 0.059 -7"><span class='ocrx_word' id='word_1_1' title='bbox 335 334 436 398; x_wconf 76' lang='grc' dir='ltr'><strong>7ἴι1</strong></span> 
     </span>
    </p>
   </div>
   <div class='ocr_carea' id='block_1_2' title="bbox 1430 317 2529 384">
    <p class='ocr_par' dir='ltr' id='par_1_2' title="bbox 1430 317 2529 384">
     <span class='ocr_line' id='line_1_2' title="bbox 1430 317 2529 384; baseline -0.005 -2"><span class='ocrx_word' id='word_1_2' title='bbox 1430 324 1855 384; x_wconf 70' lang='grc' dir='ltr'><strong>ΝΙΓΕΡΗΟΒΙ</strong></span> <span class='ocrx_word' id='word_1_3' title='bbox 1900 318 2375 379; x_wconf 69' lang='lat' dir='ltr'><strong>l’llESllY&#39;l‘ERl</strong></span> <span class='ocrx_word' id='word_1_4' title='bbox 2421 317 2529 377; x_wconf 89' lang='lat' dir='ltr'><strong>CP.</strong></span> 
     </span>
    </p>
   </div>
   <div class='ocr_carea' id='block_1_3' title="bbox 3506 313 3619 374">
    <p class='ocr_par' dir='ltr' id='par_1_3' title="bbox 3506 313 3619 374">
     <span class='ocr_line' id='line_1_3' title="bbox 3506 313 3619 374; baseline -0.009 0"><span class='ocrx_word' id='word_1_5' title='bbox 3506 313 3619 374; x_wconf 58' lang='lat'><strong>7.52</strong></span> 
     </span>
    </p>
   </div>
   <div class='ocr_carea' id='block_1_4' title="bbox 337 427 1943 510">
    <p class='ocr_par' dir='ltr' id='par_1_4' title="bbox 337 430 1925 510">
     <span class='ocr_line' id='line_1_4' title="bbox 337 430 1925 510; baseline -0.008 -17"><span class='ocrx_word' id='word_1_6' title='bbox 337 441 502 506; x_wconf 69' lang='lat' dir='ltr'><strong>Deus,</strong></span> <span class='ocrx_word' id='word_1_7' title='bbox 541 440 809 510; x_wconf 87' lang='lat' dir='ltr'><strong>iuquibat,</strong></span> <span class='ocrx_word' id='word_1_8' title='bbox 841 437 1190 492; x_wconf 77' lang='lat' dir='ltr'><strong>miserebitur</strong></span> <span class='ocrx_word' id='word_1_9' title='bbox 1240 434 1318 488; x_wconf 88' lang='lat' dir='ltr'><strong>tui</strong></span> <span class='ocrx_word' id='word_1_10' title='bbox 1344 473 1360 495; x_wconf 79' lang='lat'><strong>,</strong></span> <span class='ocrx_word' id='word_1_11' title='bbox 1395 436 1535 487; x_wconf 78' lang='lat' dir='ltr'><strong>hunc</strong></span> <span class='ocrx_word' id='word_1_12' title='bbox 1567 435 1670 486; x_wconf 82' lang='lat' dir='ltr'><strong>vir.</strong></span> <span class='ocrx_word' id='word_1_13' title='bbox 1701 430 1761 484; x_wconf 65' lang='lat' dir='ltr'><strong>Iit</strong></span> <span class='ocrx_word' id='word_1_14' title='bbox 1791 446 1925 500; x_wconf 85' lang='lat' dir='ltr'><strong>pau-</strong></span> 
     </span>
    </p>
   </div>
   <div class='ocr_carea' id='block_1_5' title="bbox 2048 427 3615 510">
    <p class='ocr_par' dir='ltr' id='par_1_5' title="bbox 2048 427 3615 498">
     <span class='ocr_line' id='line_1_5' title="bbox 2048 427 3615 498; baseline 0.001 -18"><span class='ocrx_word' id='word_1_15' title='bbox 2048 428 2429 497; x_wconf 65' lang='grc' dir='ltr'>ςεγραμμένην</span> <span class='ocrx_word' id='word_1_16' title='bbox 2452 428 2752 490; x_wconf 70' lang='grc' dir='ltr'><strong>σκοτεινοῖς</strong></span> <span class='ocrx_word' id='word_1_17' title='bbox 2775 427 3120 496; x_wconf 72' lang='grc' dir='ltr'>γράμμασιν.</span> <span class='ocrx_word' id='word_1_18' title='bbox 3158 427 3406 496; x_wconf 72' lang='grc' dir='ltr'>Δράκων,</span> <span class='ocrx_word' id='word_1_19' title='bbox 3458 431 3615 498; x_wconf 56' lang='grc' dir='ltr'>φτιοὶ,</span> 
     </span>
    </p>
   </div>
   <div class='ocr_carea' id='block_1_6' title="bbox 336 524 1922 594">
    <p class='ocr_par' dir='ltr' id='par_1_6' title="bbox 336 524 1922 594">
     <span class='ocr_line' id='line_1_6' title="bbox 336 524 1922 594; baseline -0.006 -9"><span class='ocrx_word' id='word_1_20' title='bbox 336 533 505 586; x_wconf 82' lang='lat' dir='ltr'><strong>lulutn</strong></span> <span class='ocrx_word' id='word_1_21' title='bbox 551 533 902 587; x_wconf 86' lang='lat' dir='ltr'><strong>rctrocedens</strong></span> <span class='ocrx_word' id='word_1_22' title='bbox 945 530 1213 594; x_wconf 80' lang='lat' dir='ltr'><strong>Andreas,</strong></span> <span class='ocrx_word' id='word_1_23' title='bbox 1250 525 1455 582; x_wconf 71' lang='lat' dir='ltr'><strong>circium</strong></span> <span class='ocrx_word' id='word_1_24' title='bbox 1505 527 1677 593; x_wconf 83' lang='lat' dir='ltr'><strong>ipsum</strong></span> <span class='ocrx_word' id='word_1_25' title='bbox 1712 524 1763 576; x_wconf 92' lang='lat' dir='ltr'><strong>in</strong></span> <span class='ocrx_word' id='word_1_26' title='bbox 1799 538 1922 576; x_wconf 88' lang='lat' dir='ltr'><strong>acre</strong></span> 
     </span>
    </p>
   </div>
   <div class='ocr_carea' id='block_1_7' title="bbox 335 609 2237 680">
    <p class='ocr_par' dir='ltr' id='par_1_7' title="bbox 335 609 2237 680">
     <span class='ocr_line' id='line_1_7' title="bbox 335 609 2237 680; baseline -0.006 -5"><span class='ocrx_word' id='word_1_27' title='bbox 335 622 587 675; x_wconf 80' lang='lat' dir='ltr'><strong>obscuris</strong></span> <span class='ocrx_word' id='word_1_28' title='bbox 655 614 931 677; x_wconf 80' lang='lat' dir='ltr'><strong>exaratam</strong></span> <span class='ocrx_word' id='word_1_29' title='bbox 989 617 1398 674; x_wconf 81' lang='lat' dir='ltr'><strong>cliaracteribus</strong></span> <span class='ocrx_word' id='word_1_30' title='bbox 1483 616 1622 667; x_wconf 85' lang='lat' dir='ltr'><strong>hanc</strong></span> <span class='ocrx_word' id='word_1_31' title='bbox 1672 611 1999 668; x_wconf 75' lang='lat' dir='ltr'><strong>Sententiam</strong></span> <span class='ocrx_word' id='word_1_32' title='bbox 2065 609 2237 680; x_wconf 85' lang='lat' dir='ltr'><strong>legit:</strong></span> 
     </span>
    </p>
   </div>
   <div class='ocr_carea' id='block_1_8' title="bbox 338 716 515 771">
    <p class='ocr_par' dir='ltr' id='par_1_8' title="bbox 338 716 515 771">
     <span class='ocr_line' id='line_1_8' title="bbox 338 716 515 771; baseline -0.017 0"><span class='ocrx_word' id='word_1_33' title='bbox 338 716 515 771; x_wconf 79' lang='lat' dir='ltr'><strong>radix.</strong></span> 
     </span>
    </p>
   </div>
   <div class='ocr_carea' id='block_1_9' title="bbox 411 804 1929 873">
    <p class='ocr_par' dir='ltr' id='par_1_9' title="bbox 411 804 1929 873">
     <span class='ocr_line' id='line_1_9' title="bbox 411 804 1929 873; baseline -0.007 -7"><span class='ocrx_word' id='word_1_34' title='bbox 411 812 533 866; x_wconf 71' lang='lat'><strong>107.</strong></span> <span class='ocrx_word' id='word_1_35' title='bbox 570 810 697 865; x_wconf 82' lang='lat' dir='ltr'><strong>Post</strong></span> <span class='ocrx_word' id='word_1_36' title='bbox 726 810 843 864; x_wconf 87' lang='lat' dir='ltr'><strong>ha-c</strong></span> <span class='ocrx_word' id='word_1_37' title='bbox 874 808 979 863; x_wconf 89' lang='lat' dir='ltr'><strong>alio</strong></span> <span class='ocrx_word' id='word_1_38' title='bbox 1010 807 1294 863; x_wconf 83' lang='lat' dir='ltr'><strong>reﬂectens</strong></span> <span class='ocrx_word' id='word_1_39' title='bbox 1323 806 1533 871; x_wconf 88' lang='lat' dir='ltr'><strong>oculos,</strong></span> <span class='ocrx_word' id='word_1_40' title='bbox 1600 804 1748 860; x_wconf 76' lang='lat' dir='ltr'><strong>videt</strong></span> <span class='ocrx_word' id='word_1_41' title='bbox 1786 818 1929 873; x_wconf 92' lang='lat' dir='ltr'><strong>pone</strong></span> 
     </span>
    </p>
   </div>
   <div class='ocr_carea' id='block_1_10' title="bbox 345 898 1933 970">
    <p class='ocr_par' dir='ltr' id='par_1_10' title="bbox 345 898 1933 970">
     <span class='ocr_line' id='line_1_10' title="bbox 345 898 1933 970; baseline -0.006 -11"><span class='ocrx_word' id='word_1_42' title='bbox 345 904 677 960; x_wconf 82' lang='lat' dir='ltr'><strong>monachum</strong></span> <span class='ocrx_word' id='word_1_43' title='bbox 701 902 842 956; x_wconf 92' lang='lat' dir='ltr'><strong>duos</strong></span> <span class='ocrx_word' id='word_1_44' title='bbox 872 903 925 955; x_wconf 93' lang='lat' dir='ltr'><strong>in</strong></span> <span class='ocrx_word' id='word_1_45' title='bbox 953 901 1190 970; x_wconf 90' lang='lat' dir='ltr'><strong>speciem</strong></span> <span class='ocrx_word' id='word_1_46' title='bbox 1216 900 1519 962; x_wconf 85' lang='lat' dir='ltr'><strong>eunuchos,</strong></span> <span class='ocrx_word' id='word_1_47' title='bbox 1544 898 1746 953; x_wconf 81' lang='lat' dir='ltr'><strong>acriter</strong></span> <span class='ocrx_word' id='word_1_48' title='bbox 1788 898 1933 950; x_wconf 90' lang='lat' dir='ltr'><strong>inter</strong></span> 
     </span>
    </p>
   </div>
   <div class='ocr_carea' id='block_1_11' title="bbox 337 992 1933 1059">
    <p class='ocr_par' dir='ltr' id='par_1_11' title="bbox 337 992 1933 1059">
     <span class='ocr_line' id='line_1_11' title="bbox 337 992 1933 1059; baseline -0.008 -7"><span class='ocrx_word' id='word_1_49' title='bbox 337 1013 399 1053; x_wconf 86' lang='lat' dir='ltr'><strong>se</strong></span> <span class='ocrx_word' id='word_1_50' title='bbox 431 998 581 1052; x_wconf 88' lang='lat' dir='ltr'><strong>illius</strong></span> <span class='ocrx_word' id='word_1_51' title='bbox 607 1011 775 1051; x_wconf 85' lang='lat' dir='ltr'><strong>causa</strong></span> <span class='ocrx_word' id='word_1_52' title='bbox 806 996 1222 1057; x_wconf 73' lang='lat' dir='ltr'><strong>contendentes,</strong></span> <span class='ocrx_word' id='word_1_53' title='bbox 1256 1008 1490 1059; x_wconf 86' lang='lat' dir='ltr'><strong>quorum</strong></span> <span class='ocrx_word' id='word_1_54' title='bbox 1532 992 1669 1045; x_wconf 83' lang='lat' dir='ltr'><strong>alter</strong></span> <span class='ocrx_word' id='word_1_55' title='bbox 1696 1000 1933 1057; x_wconf 84' lang='lat' dir='ltr'><strong>corpore</strong></span> 
     </span>
    </p>
   </div>
   <div class='ocr_carea' id='block_1_12' title="bbox 340 1083 1935 1159">
    <p class='ocr_par' dir='ltr' id='par_1_12' title="bbox 340 1083 1935 1159">
     <span class='ocr_line' id='line_1_12' title="bbox 340 1083 1935 1159; baseline -0.008 -13"><span class='ocrx_word' id='word_1_56' title='bbox 340 1091 627 1159; x_wconf 83' lang='lat' dir='ltr'><strong>oculisque</strong></span> <span class='ocrx_word' id='word_1_57' title='bbox 687 1089 861 1157; x_wconf 80' lang='lat' dir='ltr'><strong>niger.</strong></span> <span class='ocrx_word' id='word_1_58' title='bbox 926 1085 1064 1140; x_wconf 83' lang='lat' dir='ltr'><strong>alter</strong></span> <span class='ocrx_word' id='word_1_59' title='bbox 1098 1102 1227 1140; x_wconf 80' lang='lat' dir='ltr'><strong>vero</strong></span> <span class='ocrx_word' id='word_1_60' title='bbox 1285 1084 1467 1139; x_wconf 74' lang='lat' dir='ltr'><strong>eximii</strong></span> <span class='ocrx_word' id='word_1_61' title='bbox 1512 1084 1769 1137; x_wconf 88' lang='lat' dir='ltr'><strong>candoris</strong></span> <span class='ocrx_word' id='word_1_62' title='bbox 1794 1083 1935 1136; x_wconf 84' lang='lat' dir='ltr'><strong>sicut</strong></span> 
     </span>
    </p>
   </div>
   <div class='ocr_carea' id='block_1_13' title="bbox 340 1174 1933 1252">
    <p class='ocr_par' dir='ltr' id='par_1_13' title="bbox 340 1174 1933 1252">
     <span class='ocr_line' id='line_1_13' title="bbox 340 1174 1933 1252; baseline -0.008 -14"><span class='ocrx_word' id='word_1_63' title='bbox 340 1183 579 1238; x_wconf 75' lang='lat' dir='ltr'><strong>ctelestis</strong></span> <span class='ocrx_word' id='word_1_64' title='bbox 627 1179 936 1252; x_wconf 74' lang='lat' dir='ltr'><strong>et-ystallus.</strong></span> <span class='ocrx_word' id='word_1_65' title='bbox 969 1177 1132 1249; x_wconf 85' lang='lat' dir='ltr'><strong>Niger</strong></span> <span class='ocrx_word' id='word_1_66' title='bbox 1188 1184 1368 1231; x_wconf 90' lang='lat' dir='ltr'><strong>autem</strong></span> <span class='ocrx_word' id='word_1_67' title='bbox 1405 1176 1486 1230; x_wconf 91' lang='lat' dir='ltr'><strong>sic</strong></span> <span class='ocrx_word' id='word_1_68' title='bbox 1536 1191 1697 1230; x_wconf 88' lang='lat' dir='ltr'><strong>orsus</strong></span> <span class='ocrx_word' id='word_1_69' title='bbox 1729 1194 1742 1230; x_wconf 93' lang='lat'><strong>:</strong></span> <span class='ocrx_word' id='word_1_70' title='bbox 1778 1174 1933 1238; x_wconf 81' lang='lat' dir='ltr'><strong>Mihi,</strong></span> 
     </span>
    </p>
   </div>
   <div class='ocr_carea' id='block_1_14' title="bbox 270 1266 1932 1347">
    <p class='ocr_par' dir='ltr' id='par_1_14' title="bbox 270 1266 1932 1347">
     <span class='ocr_line' id='line_1_14' title="bbox 270 1266 1932 1347; baseline -0.007 -17"><span class='ocrx_word' id='word_1_71' title='bbox 270 1326 277 1340; x_wconf 83' lang='grc'><strong>,</strong></span> <span class='ocrx_word' id='word_1_72' title='bbox 341 1275 643 1347; x_wconf 74' lang='lat' dir='ltr'><strong>inquniebat,</strong></span> <span class='ocrx_word' id='word_1_73' title='bbox 680 1272 885 1341; x_wconf 88' lang='lat' dir='ltr'><strong>primas</strong></span> <span class='ocrx_word' id='word_1_74' title='bbox 920 1270 974 1323; x_wconf 90' lang='lat' dir='ltr'><strong>in</strong></span> <span class='ocrx_word' id='word_1_75' title='bbox 1034 1270 1211 1338; x_wconf 85' lang='lat' dir='ltr'><strong>ipsum</strong></span> <span class='ocrx_word' id='word_1_76' title='bbox 1250 1268 1489 1330; x_wconf 86' lang='lat' dir='ltr'><strong>\indico,</strong></span> <span class='ocrx_word' id='word_1_77' title='bbox 1546 1266 1674 1336; x_wconf 86' lang='lat' dir='ltr'><strong>quia</strong></span> <span class='ocrx_word' id='word_1_78' title='bbox 1709 1282 1831 1320; x_wconf 82' lang='lat' dir='ltr'><strong>meo</strong></span> <span class='ocrx_word' id='word_1_79' title='bbox 1863 1281 1932 1320; x_wconf 77' lang='lat' dir='ltr'><strong>ex</strong></span> 
     </span>
    </p>
   </div>
   <div class='ocr_carea' id='block_1_15' title="bbox 254 1358 1933 1430">
    <p class='ocr_par' dir='ltr' id='par_1_15' title="bbox 254 1358 1933 1430">
     <span class='ocr_line' id='line_1_15' title="bbox 254 1358 1933 1430; baseline -0.005 -10"><span class='ocrx_word' id='word_1_80' title='bbox 254 1366 259 1372; x_wconf 85' lang='grc'><strong>’</strong></span> <span class='ocrx_word' id='word_1_81' title='bbox 341 1377 475 1420; x_wconf 87' lang='lat' dir='ltr'><strong>nutu</strong></span> <span class='ocrx_word' id='word_1_82' title='bbox 537 1375 590 1419; x_wconf 90' lang='lat' dir='ltr'><strong>et</strong></span> <span class='ocrx_word' id='word_1_83' title='bbox 641 1363 919 1418; x_wconf 87' lang='lat' dir='ltr'><strong>voluntate</strong></span> <span class='ocrx_word' id='word_1_84' title='bbox 972 1371 1169 1416; x_wconf 87' lang='lat' dir='ltr'><strong>cuncta</strong></span> <span class='ocrx_word' id='word_1_85' title='bbox 1229 1361 1481 1430; x_wconf 75' lang='lat' dir='ltr'><strong>peragit;</strong></span> <span class='ocrx_word' id='word_1_86' title='bbox 1539 1358 1933 1415; x_wconf 83' lang='lat' dir='ltr'><strong>immisericors</strong></span> 
     </span>
    </p>
   </div>
   <div class='ocr_carea' id='block_1_16' title="bbox 339 1450 1933 1522">
    <p class='ocr_par' dir='ltr' id='par_1_16' title="bbox 339 1450 1933 1522">
     <span class='ocr_line' id='line_1_16' title="bbox 339 1450 1933 1522; baseline -0.004 -10"><span class='ocrx_word' id='word_1_87' title='bbox 339 1460 486 1513; x_wconf 89' lang='lat' dir='ltr'><strong>enim</strong></span> <span class='ocrx_word' id='word_1_88' title='bbox 544 1465 597 1511; x_wconf 82' lang='lat' dir='ltr'><strong>et</strong></span> <span class='ocrx_word' id='word_1_89' title='bbox 644 1470 844 1511; x_wconf 88' lang='lat' dir='ltr'><strong>avarus</strong></span> <span class='ocrx_word' id='word_1_90' title='bbox 911 1468 1036 1508; x_wconf 81' lang='lat' dir='ltr'><strong>Cum</strong></span> <span class='ocrx_word' id='word_1_91' title='bbox 1065 1451 1173 1507; x_wconf 89' lang='lat' dir='ltr'><strong>Deo</strong></span> <span class='ocrx_word' id='word_1_92' title='bbox 1195 1462 1404 1522; x_wconf 78' lang='lat' dir='ltr'><strong>partem</strong></span> <span class='ocrx_word' id='word_1_93' title='bbox 1464 1465 1573 1507; x_wconf 89' lang='lat' dir='ltr'><strong>non</strong></span> <span class='ocrx_word' id='word_1_94' title='bbox 1608 1452 1789 1506; x_wconf 74' lang='lat' dir='ltr'><strong>habet.</strong></span> <span class='ocrx_word' id='word_1_95' title='bbox 1832 1450 1933 1505; x_wconf 73' lang='lat' dir='ltr'><strong>Cui</strong></span> 
     </span>
    </p>
   </div>
   <div class='ocr_carea' id='block_1_17' title="bbox 338 1542 1937 1621">
    <p class='ocr_par' dir='ltr' id='par_1_17' title="bbox 338 1542 1937 1621">
     <span class='ocr_line' id='line_1_17' title="bbox 338 1542 1937 1621; baseline -0.004 -19"><span class='ocrx_word' id='word_1_96' title='bbox 338 1549 477 1603; x_wconf 87' lang='lat' dir='ltr'><strong>alter</strong></span> <span class='ocrx_word' id='word_1_97' title='bbox 518 1544 683 1621; x_wconf 79' lang='lat' dir='ltr'><strong>:Non</strong></span> <span class='ocrx_word' id='word_1_98' title='bbox 748 1544 842 1609; x_wconf 88' lang='lat' dir='ltr'><strong>ita,</strong></span> <span class='ocrx_word' id='word_1_99' title='bbox 869 1542 962 1598; x_wconf 85' lang='lat' dir='ltr'><strong>sed</strong></span> <span class='ocrx_word' id='word_1_100' title='bbox 993 1543 1125 1597; x_wconf 88' lang='lat' dir='ltr'><strong>mihi</strong></span> <span class='ocrx_word' id='word_1_101' title='bbox 1174 1542 1358 1613; x_wconf 83' lang='lat' dir='ltr'><strong>potius</strong></span> <span class='ocrx_word' id='word_1_102' title='bbox 1400 1542 1588 1611; x_wconf 67' lang='lat' dir='ltr'><strong>prima:</strong></span> <span class='ocrx_word' id='word_1_103' title='bbox 1618 1542 1818 1597; x_wconf 83' lang='lat' dir='ltr'><strong>debent</strong></span> <span class='ocrx_word' id='word_1_104' title='bbox 1846 1556 1937 1596; x_wconf 84' lang='lat' dir='ltr'><strong>ce-</strong></span> 
     </span>
    </p>
   </div>
   <div class='ocr_carea' id='block_1_18' title="bbox 340 1633 1938 1708">
    <p class='ocr_par' dir='ltr' id='par_1_18' title="bbox 340 1633 1938 1708">
     <span class='ocr_line' id='line_1_18' title="bbox 340 1633 1938 1708; baseline -0.005 -13"><span class='ocrx_word' id='word_1_105' title='bbox 340 1641 468 1695; x_wconf 87' lang='lat' dir='ltr'><strong>dere</strong></span> <span class='ocrx_word' id='word_1_106' title='bbox 494 1681 510 1706; x_wconf 93' lang='lat'><strong>,</strong></span> <span class='ocrx_word' id='word_1_107' title='bbox 551 1639 679 1708; x_wconf 86' lang='lat' dir='ltr'><strong>quia</strong></span> <span class='ocrx_word' id='word_1_108' title='bbox 702 1636 950 1707; x_wconf 85' lang='lat' dir='ltr'><strong>jejuniis,</strong></span> <span class='ocrx_word' id='word_1_109' title='bbox 984 1634 1259 1704; x_wconf 83' lang='lat' dir='ltr'><strong>precibus,</strong></span> <span class='ocrx_word' id='word_1_110' title='bbox 1291 1633 1573 1702; x_wconf 82' lang='lat' dir='ltr'><strong>probitati,</strong></span> <span class='ocrx_word' id='word_1_111' title='bbox 1616 1643 1938 1688; x_wconf 87' lang='lat' dir='ltr'><strong>mansuetu-</strong></span> 
     </span>
    </p>
   </div>
   <div class='ocr_carea' id='block_1_19' title="bbox 2031 516 3446 588">
    <p class='ocr_par' dir='ltr' id='par_1_19' title="bbox 2031 516 3446 588">
     <span class='ocr_line' id='line_1_19' title="bbox 2031 516 3446 588; baseline 0 -16"><span class='ocrx_word' id='word_1_112' title='bbox 2031 519 2129 588; x_wconf 75' lang='grc' dir='ltr'>τῆς</span> <span class='ocrx_word' id='word_1_113' title='bbox 2156 516 2525 588; x_wconf 78' lang='grc' dir='ltr'>φιλαργυρίας</span> <span class='ocrx_word' id='word_1_114' title='bbox 2576 519 2610 588; x_wconf 75' lang='grc' dir='ltr'><strong>ἡ</strong></span> <span class='ocrx_word' id='word_1_115' title='bbox 2654 516 2781 587; x_wconf 72' lang='grc' dir='ltr'>ῥίζα</span> <span class='ocrx_word' id='word_1_116' title='bbox 2813 518 3003 570; x_wconf 77' lang='grc' dir='ltr'>πασῶν</span> <span class='ocrx_word' id='word_1_117' title='bbox 3038 517 3148 570; x_wconf 71' lang='grc' dir='ltr'>τῶν</span> <span class='ocrx_word' id='word_1_118' title='bbox 3182 518 3446 586; x_wconf 80' lang='grc' dir='ltr'><strong>ἀνομιῶν.</strong></span> 
     </span>
    </p>
   </div>
   <div class='ocr_carea' id='block_1_20' title="bbox 2337 608 3618 670">
    <p class='ocr_par' dir='ltr' id='par_1_20' title="bbox 2337 608 3618 670">
     <span class='ocr_line' id='line_1_20' title="bbox 2337 608 3618 670; baseline 0.002 -8"><span class='ocrx_word' id='word_1_119' title='bbox 2337 608 2596 662; x_wconf 76' lang='lat' dir='ltr'><strong>Avaritia:</strong></span> <span class='ocrx_word' id='word_1_120' title='bbox 2684 608 2928 670; x_wconf 62' lang='lat' dir='ltr'><strong>daemon.</strong></span> <span class='ocrx_word' id='word_1_121' title='bbox 3021 609 3268 662; x_wconf 88' lang='lat' dir='ltr'><strong>omnium</strong></span> <span class='ocrx_word' id='word_1_122' title='bbox 3346 611 3618 665; x_wconf 80' lang='lat' dir='ltr'><strong>malorum</strong></span> 
     </span>
    </p>
   </div>
   <div class='ocr_carea' id='block_1_21' title="bbox 2103 795 3622 874">
    <p class='ocr_par' dir='ltr' id='par_1_21' title="bbox 2103 795 3622 874">
     <span class='ocr_line' id='line_1_21' title="bbox 2103 795 3622 874; baseline -0.002 -17"><span class='ocrx_word' id='word_1_123' title='bbox 2103 796 2206 870; x_wconf 73' lang='grc' dir='ltr'>ρξ’.</span> <span class='ocrx_word' id='word_1_124' title='bbox 2224 796 2456 851; x_wconf 83' lang='grc' dir='ltr'>’Λπιδὼν</span> <span class='ocrx_word' id='word_1_125' title='bbox 2487 795 2543 850; x_wconf 79' lang='grc' dir='ltr'>δὲ</span> <span class='ocrx_word' id='word_1_126' title='bbox 2575 795 2801 849; x_wconf 76' lang='grc' dir='ltr'>δπισθεν</span> <span class='ocrx_word' id='word_1_127' title='bbox 2831 795 3023 859; x_wconf 78' lang='grc' dir='ltr'>αὑτοῦ,</span> <span class='ocrx_word' id='word_1_128' title='bbox 3056 796 3247 866; x_wconf 78' lang='grc' dir='ltr'><strong>βλέπει</strong></span> <span class='ocrx_word' id='word_1_129' title='bbox 3270 798 3365 852; x_wconf 88' lang='grc' dir='ltr'><strong>δύο</strong></span> <span class='ocrx_word' id='word_1_130' title='bbox 3381 800 3535 864; x_wconf 77' lang='grc' dir='ltr'>τινὰς</span> <span class='ocrx_word' id='word_1_131' title='bbox 3554 806 3622 874; x_wconf 76' lang='grc' dir='ltr'>τῇ</span> 
     </span>
    </p>
   </div>
   <div class='ocr_carea' id='block_1_22' title="bbox 2034 887 3625 963">
    <p class='ocr_par' dir='ltr' id='par_1_22' title="bbox 2034 887 3625 963">
     <span class='ocr_line' id='line_1_22' title="bbox 2034 887 3625 963; baseline 0.003 -20"><span class='ocrx_word' id='word_1_132' title='bbox 2034 891 2199 961; x_wconf 83' lang='grc' dir='ltr'>φύσει</span> <span class='ocrx_word' id='word_1_133' title='bbox 2248 887 2539 960; x_wconf 78' lang='grc' dir='ltr'><strong>εὐνούχους</strong></span> <span class='ocrx_word' id='word_1_134' title='bbox 2573 889 2642 942; x_wconf 85' lang='grc' dir='ltr'>δι’</span> <span class='ocrx_word' id='word_1_135' title='bbox 2686 888 2851 942; x_wconf 85' lang='grc' dir='ltr'>αὐτὸν</span> <span class='ocrx_word' id='word_1_136' title='bbox 2890 889 3287 958; x_wconf 74' lang='grc' dir='ltr'><strong>δικαζομένους</strong></span> <span class='ocrx_word' id='word_1_137' title='bbox 3317 908 3332 922; x_wconf 73' lang='grc'><strong>⁸</strong></span> <span class='ocrx_word' id='word_1_138' title='bbox 3389 887 3461 963; x_wconf 78' lang='grc' dir='ltr'>ἦν</span> <span class='ocrx_word' id='word_1_139' title='bbox 3506 893 3565 948; x_wconf 69' lang='lat' dir='ltr'><strong>et</strong></span> <span class='ocrx_word' id='word_1_140' title='bbox 3595 900 3625 948; x_wconf 89' lang='lat'><strong>6</strong></span> 
     </span>
    </p>
   </div>
   <div class='ocr_carea' id='block_1_23' title="bbox 2037 977 3622 1055">
    <p class='ocr_par' dir='ltr' id='par_1_23' title="bbox 2037 977 3622 1055">
     <span class='ocr_line' id='line_1_23' title="bbox 2037 977 3622 1055; baseline -0.003 -18"><span class='ocrx_word' id='word_1_141' title='bbox 2037 984 2138 1055; x_wconf 88' lang='grc' dir='ltr'>μὲν</span> <span class='ocrx_word' id='word_1_142' title='bbox 2160 977 2241 1045; x_wconf 76' lang='grc' dir='ltr'><strong>εἷς</strong></span> <span class='ocrx_word' id='word_1_143' title='bbox 2276 982 2471 1051; x_wconf 78' lang='grc' dir='ltr'>μέλας,</span> <span class='ocrx_word' id='word_1_144' title='bbox 2497 983 2920 1051; x_wconf 82' lang='grc' dir='ltr'>ἑσκοτισμένους</span> <span class='ocrx_word' id='word_1_145' title='bbox 2942 982 3081 1052; x_wconf 76' lang='grc' dir='ltr'>ἐχως</span> <span class='ocrx_word' id='word_1_146' title='bbox 3108 985 3234 1047; x_wconf 83' lang='grc' dir='ltr'>τοὺς</span> <span class='ocrx_word' id='word_1_147' title='bbox 3256 985 3578 1055; x_wconf 74' lang='grc' dir='ltr'>ὀφθαλμούς</span> <span class='ocrx_word' id='word_1_148' title='bbox 3607 1007 3622 1019; x_wconf 87' lang='lat'><strong>-</strong></span> 
     </span>
    </p>
   </div>
   <div class='ocr_carea' id='block_1_24' title="bbox 2036 1072 3625 1151">
    <p class='ocr_par' dir='ltr' id='par_1_24' title="bbox 2036 1072 3625 1151">
     <span class='ocr_line' id='line_1_24' title="bbox 2036 1072 3625 1151; baseline 0.003 -20"><span class='ocrx_word' id='word_1_149' title='bbox 2036 1080 2065 1130; x_wconf 99' lang='lat'><strong>6</strong></span> <span class='ocrx_word' id='word_1_150' title='bbox 2118 1078 2174 1131; x_wconf 76' lang='grc' dir='ltr'>δὲ</span> <span class='ocrx_word' id='word_1_151' title='bbox 2212 1078 2402 1145; x_wconf 82' lang='grc' dir='ltr'>ἓτερος</span> <span class='ocrx_word' id='word_1_152' title='bbox 2432 1072 2502 1147; x_wconf 83' lang='grc' dir='ltr'>ἦν</span> <span class='ocrx_word' id='word_1_153' title='bbox 2547 1075 2763 1141; x_wconf 82' lang='grc' dir='ltr'>λευκὸς,</span> <span class='ocrx_word' id='word_1_154' title='bbox 2804 1075 2880 1140; x_wconf 84' lang='grc' dir='ltr'><strong>ὡς</strong></span> <span class='ocrx_word' id='word_1_155' title='bbox 2934 1075 2996 1130; x_wconf 84' lang='grc' dir='ltr'>τὸ</span> <span class='ocrx_word' id='word_1_156' title='bbox 3037 1076 3208 1146; x_wconf 81' lang='grc' dir='ltr'>κρύος</span> <span class='ocrx_word' id='word_1_157' title='bbox 3239 1077 3337 1130; x_wconf 81' lang='grc' dir='ltr'>τοῦ</span> <span class='ocrx_word' id='word_1_158' title='bbox 3365 1080 3625 1151; x_wconf 62' lang='grc' dir='ltr'>ούρακοῦ.</span> 
     </span>
    </p>
   </div>
   <div class='ocr_carea' id='block_1_25' title="bbox 2040 1166 3624 1238">
    <p class='ocr_par' dir='ltr' id='par_1_25' title="bbox 2040 1166 3624 1238">
     <span class='ocr_line' id='line_1_25' title="bbox 2040 1166 3624 1238; baseline 0.016 -37"><span class='ocrx_word' id='word_1_159' title='bbox 2040 1169 2235 1236; x_wconf 70' lang='grc' dir='ltr'>Ἔλεγε</span> <span class='ocrx_word' id='word_1_160' title='bbox 2262 1167 2318 1219; x_wconf 70' lang='grc' dir='ltr'><strong>δὲ</strong></span> <span class='ocrx_word' id='word_1_161' title='bbox 2343 1169 2372 1222; x_wconf 69' lang='grc' dir='ltr'>ὁ</span> <span class='ocrx_word' id='word_1_162' title='bbox 2405 1166 2601 1236; x_wconf 82' lang='grc' dir='ltr'><strong>μέλας,</strong></span> <span class='ocrx_word' id='word_1_163' title='bbox 2651 1167 2792 1236; x_wconf 86' lang='grc' dir='ltr'><strong>Ἑμά</strong></span> <span class='ocrx_word' id='word_1_164' title='bbox 2832 1168 2939 1219; x_wconf 83' lang='grc' dir='ltr'>εἰσι</span> <span class='ocrx_word' id='word_1_165' title='bbox 2980 1168 3051 1220; x_wconf 82' lang='grc' dir='ltr'>τὰ</span> <span class='ocrx_word' id='word_1_166' title='bbox 3082 1169 3380 1238; x_wconf 78' lang='grc' dir='ltr'>προτέλεια</span> <span class='ocrx_word' id='word_1_167' title='bbox 3430 1172 3624 1237; x_wconf 78' lang='grc' dir='ltr'>αὑτοῦ,</span> 
     </span>
    </p>
   </div>
   <div class='ocr_carea' id='block_1_26' title="bbox 2032 1261 3624 1334">
    <p class='ocr_par' dir='ltr' id='par_1_26' title="bbox 2032 1261 3624 1334">
     <span class='ocr_line' id='line_1_26' title="bbox 2032 1261 3624 1334; baseline 0.002 -19"><span class='ocrx_word' id='word_1_168' title='bbox 2032 1262 2117 1317; x_wconf 83' lang='grc' dir='ltr'>ὅτι</span> <span class='ocrx_word' id='word_1_169' title='bbox 2144 1264 2205 1316; x_wconf 81' lang='grc' dir='ltr'>τὸ</span> <span class='ocrx_word' id='word_1_170' title='bbox 2244 1261 2377 1333; x_wconf 78' lang='grc' dir='ltr'>ὲμδν</span> <span class='ocrx_word' id='word_1_171' title='bbox 2403 1261 2617 1333; x_wconf 82' lang='grc' dir='ltr'>θέλημα</span> <span class='ocrx_word' id='word_1_172' title='bbox 2663 1262 3058 1332; x_wconf 71' lang='grc' dir='ltr'><strong>εἰσπράττεται</strong></span> <span class='ocrx_word' id='word_1_173' title='bbox 3091 1277 3106 1292; x_wconf 76' lang='grc'><strong><em>⁸</em></strong></span> <span class='ocrx_word' id='word_1_174' title='bbox 3137 1262 3460 1333; x_wconf 83' lang='grc' dir='ltr'>ἁνελεήμων</span> <span class='ocrx_word' id='word_1_175' title='bbox 3508 1264 3624 1334; x_wconf 78' lang='grc' dir='ltr'>γὰρ</span> 
     </span>
    </p>
   </div>
   <div class='ocr_carea' id='block_1_27' title="bbox 2036 1353 3624 1429">
    <p class='ocr_par' dir='ltr' id='par_1_27' title="bbox 2036 1353 3624 1429">
     <span class='ocr_line' id='line_1_27' title="bbox 2036 1353 3624 1429; baseline 0.002 -20"><span class='ocrx_word' id='word_1_176' title='bbox 2036 1358 2133 1409; x_wconf 78' lang='grc' dir='ltr'>καὶ</span> <span class='ocrx_word' id='word_1_177' title='bbox 2187 1356 2533 1427; x_wconf 73' lang='grc' dir='ltr'><strong>φιλάργυρος</strong></span> <span class='ocrx_word' id='word_1_178' title='bbox 2589 1355 2731 1425; x_wconf 78' lang='grc' dir='ltr'>μετὰ</span> <span class='ocrx_word' id='word_1_179' title='bbox 2780 1354 2919 1407; x_wconf 76' lang='grc' dir='ltr'>Θεοῦ</span> <span class='ocrx_word' id='word_1_180' title='bbox 2982 1353 3180 1426; x_wconf 79' lang='grc' dir='ltr'>μερίδα</span> <span class='ocrx_word' id='word_1_181' title='bbox 3218 1356 3281 1411; x_wconf 84' lang='grc' dir='ltr'><strong>ού</strong></span> <span class='ocrx_word' id='word_1_182' title='bbox 3311 1358 3624 1429; x_wconf 70' lang='grc' dir='ltr'>κέκτηται*</span> 
     </span>
    </p>
   </div>
   <div class='ocr_carea' id='block_1_28' title="bbox 2040 1446 3624 1517">
    <p class='ocr_par' dir='ltr' id='par_1_28' title="bbox 2040 1446 3624 1517">
     <span class='ocr_line' id='line_1_28' title="bbox 2040 1446 3624 1517; baseline -0.004 -14"><span class='ocrx_word' id='word_1_183' title='bbox 2040 1448 2213 1502; x_wconf 75' lang='grc' dir='ltr'>Πάλιν</span> <span class='ocrx_word' id='word_1_184' title='bbox 2244 1450 2272 1502; x_wconf 90' lang='lat'><strong>6</strong></span> <span class='ocrx_word' id='word_1_185' title='bbox 2298 1448 2497 1517; x_wconf 73' lang='grc' dir='ltr'>ἕτερος</span> <span class='ocrx_word' id='word_1_186' title='bbox 2529 1447 2717 1514; x_wconf 79' lang='grc' dir='ltr'>ἔλεγεν</span> <span class='ocrx_word' id='word_1_187' title='bbox 2748 1463 2760 1477; x_wconf 94' lang='grc'><strong>·</strong></span> <span class='ocrx_word' id='word_1_188' title='bbox 2799 1446 2958 1517; x_wconf 70' lang='grc' dir='ltr'><strong>Οὐχὶ,</strong></span> <span class='ocrx_word' id='word_1_189' title='bbox 2986 1447 3125 1502; x_wconf 60' lang='lat' dir='ltr'><strong>ana</strong></span> <span class='ocrx_word' id='word_1_190' title='bbox 3148 1448 3259 1517; x_wconf 80' lang='grc' dir='ltr'><strong>ἐμά</strong></span> <span class='ocrx_word' id='word_1_191' title='bbox 3286 1451 3429 1504; x_wconf 83' lang='grc' dir='ltr'>εἰσιν</span> <span class='ocrx_word' id='word_1_192' title='bbox 3457 1450 3624 1504; x_wconf 74' lang='grc' dir='ltr'>αὑτοῦ</span> 
     </span>
    </p>
   </div>
   <div class='ocr_carea' id='block_1_29' title="bbox 2038 1536 3625 1613">
    <p class='ocr_par' dir='ltr' id='par_1_29' title="bbox 2038 1536 3625 1613">
     <span class='ocr_line' id='line_1_29' title="bbox 2038 1536 3625 1613; baseline 0.001 -18"><span class='ocrx_word' id='word_1_193' title='bbox 2038 1541 2109 1595; x_wconf 84' lang='grc' dir='ltr'>τὰ</span> <span class='ocrx_word' id='word_1_194' title='bbox 2137 1540 2453 1613; x_wconf 78' lang='grc' dir='ltr'>προτέλεια,</span> <span class='ocrx_word' id='word_1_195' title='bbox 2482 1540 2607 1594; x_wconf 73' lang='grc' dir='ltr'>ἐπεὶ</span> <span class='ocrx_word' id='word_1_196' title='bbox 2653 1540 2751 1592; x_wconf 75' lang='grc' dir='ltr'><strong>καὶ</strong></span> <span class='ocrx_word' id='word_1_197' title='bbox 2784 1536 3063 1608; x_wconf 76' lang='grc' dir='ltr'><strong>νηστεύει,</strong></span> <span class='ocrx_word' id='word_1_198' title='bbox 3112 1539 3211 1591; x_wconf 81' lang='grc' dir='ltr'>καὶ</span> <span class='ocrx_word' id='word_1_199' title='bbox 3249 1538 3493 1610; x_wconf 76' lang='grc' dir='ltr'>εὔχεται,</span> <span class='ocrx_word' id='word_1_200' title='bbox 3530 1544 3625 1596; x_wconf 76' lang='grc' dir='ltr'>καὶ</span> 
     </span>
    </p>
   </div>
   <div class='ocr_carea' id='block_1_30' title="bbox 2039 1628 3628 1704">
    <p class='ocr_par' dir='ltr' id='par_1_30' title="bbox 2039 1628 3628 1704">
     <span class='ocr_line' id='line_1_30' title="bbox 2039 1628 3628 1704; baseline -0.006 -17"><span class='ocrx_word' id='word_1_201' title='bbox 2039 1632 2188 1687; x_wconf 71' lang='grc' dir='ltr'>ἔστιν</span> <span class='ocrx_word' id='word_1_202' title='bbox 2240 1632 2472 1696; x_wconf 79' lang='grc' dir='ltr'><strong>ἄκακος,</strong></span> <span class='ocrx_word' id='word_1_203' title='bbox 2508 1632 2706 1702; x_wconf 74' lang='grc' dir='ltr'>πρᾶος,</span> <span class='ocrx_word' id='word_1_204' title='bbox 2734 1628 3015 1694; x_wconf 82' lang='grc' dir='ltr'>ταπεινὸς,</span> <span class='ocrx_word' id='word_1_205' title='bbox 3070 1632 3166 1685; x_wconf 75' lang='grc' dir='ltr'>καὶ</span> <span class='ocrx_word' id='word_1_206' title='bbox 3201 1631 3445 1704; x_wconf 69' lang='grc' dir='ltr'>ἡσύχως.</span> <span class='ocrx_word' id='word_1_207' title='bbox 3489 1636 3628 1689; x_wconf 67' lang='grc' dir='ltr'>Ἐδι..</span> 
     </span>
    </p>
   </div>
   <div class='ocr_carea' id='block_1_31' title="bbox 344 1719 1943 1798">
    <p class='ocr_par' dir='ltr' id='par_1_31' title="bbox 344 1721 1935 1798">
     <span class='ocr_line' id='line_1_31' title="bbox 344 1721 1935 1798; baseline -0.005 -12"><span class='ocrx_word' id='word_1_208' title='bbox 344 1732 482 1798; x_wconf 88' lang='lat' dir='ltr'><strong>diui,</strong></span> <span class='ocrx_word' id='word_1_209' title='bbox 542 1728 857 1795; x_wconf 69' lang='lat' dir='ltr'><strong>humilitati,</strong></span> <span class='ocrx_word' id='word_1_210' title='bbox 914 1721 1133 1783; x_wconf 86' lang='lat' dir='ltr'><strong>silentio</strong></span> <span class='ocrx_word' id='word_1_211' title='bbox 1191 1726 1444 1779; x_wconf 77' lang='lat' dir='ltr'><strong>addictus</strong></span> <span class='ocrx_word' id='word_1_212' title='bbox 1500 1726 1554 1780; x_wconf 90' lang='lat' dir='ltr'><strong>in</strong></span> <span class='ocrx_word' id='word_1_213' title='bbox 1610 1725 1803 1797; x_wconf 87' lang='lat' dir='ltr'><strong>primis</strong></span> <span class='ocrx_word' id='word_1_214' title='bbox 1832 1734 1935 1779; x_wconf 89' lang='lat' dir='ltr'><strong>est.</strong></span> 
     </span>
    </p>
   </div>
   <div class='ocr_carea' id='block_1_32' title="bbox 2048 1719 3622 1798">
    <p class='ocr_par' dir='ltr' id='par_1_32' title="bbox 2048 1719 3622 1796">
     <span class='ocr_line' id='line_1_32' title="bbox 2048 1719 3622 1796; baseline 0.001 -17"><span class='ocrx_word' id='word_1_215' title='bbox 2048 1725 2275 1790; x_wconf 75' lang='grc' dir='ltr'>κὰζοντο</span> <span class='ocrx_word' id='word_1_216' title='bbox 2299 1720 2394 1779; x_wconf 86' lang='grc' dir='ltr'>οὖν</span> <span class='ocrx_word' id='word_1_217' title='bbox 2425 1724 2476 1778; x_wconf 68' lang='lat' dir='ltr'><strong>oi</strong></span> <span class='ocrx_word' id='word_1_218' title='bbox 2507 1724 2624 1790; x_wconf 89' lang='grc' dir='ltr'>δύο,</span> <span class='ocrx_word' id='word_1_219' title='bbox 2654 1723 2753 1777; x_wconf 73' lang='grc' dir='ltr'>καὶ</span> <span class='ocrx_word' id='word_1_220' title='bbox 2780 1723 2884 1779; x_wconf 82' lang='grc' dir='ltr'>οὒκ</span> <span class='ocrx_word' id='word_1_221' title='bbox 2916 1719 2984 1795; x_wconf 74' lang='grc' dir='ltr'>ἦν</span> <span class='ocrx_word' id='word_1_222' title='bbox 3028 1724 3219 1796; x_wconf 81' lang='grc' dir='ltr'>εἰρήνη</span> <span class='ocrx_word' id='word_1_223' title='bbox 3271 1725 3481 1794; x_wconf 71' lang='grc' dir='ltr'>μεταξὺ</span> <span class='ocrx_word' id='word_1_224' title='bbox 3512 1727 3622 1781; x_wconf 81' lang='grc' dir='ltr'><strong>τῶν</strong></span> 
     </span>
    </p>
   </div>
   <div class='ocr_carea' id='block_1_33' title="bbox 338 1817 1944 1888">
    <p class='ocr_par' dir='ltr' id='par_1_33' title="bbox 338 1817 1944 1888">
     <span class='ocr_line' id='line_1_33' title="bbox 338 1817 1944 1888; baseline -0.007 -8"><span class='ocrx_word' id='word_1_225' title='bbox 338 1826 477 1881; x_wconf 90' lang='lat' dir='ltr'><strong>Cum</strong></span> <span class='ocrx_word' id='word_1_226' title='bbox 515 1823 714 1878; x_wconf 76' lang='lat' dir='ltr'><strong>talibus</strong></span> <span class='ocrx_word' id='word_1_227' title='bbox 747 1821 889 1875; x_wconf 91' lang='lat' dir='ltr'><strong>ultro</strong></span> <span class='ocrx_word' id='word_1_228' title='bbox 918 1819 1167 1888; x_wconf 78' lang='lat' dir='ltr'><strong>citroque</strong></span> <span class='ocrx_word' id='word_1_229' title='bbox 1194 1817 1441 1887; x_wconf 74' lang='lat' dir='ltr'><strong>prolatis,</strong></span> <span class='ocrx_word' id='word_1_230' title='bbox 1481 1818 1668 1873; x_wconf 89' lang='lat' dir='ltr'><strong>nullus</strong></span> <span class='ocrx_word' id='word_1_231' title='bbox 1717 1824 1944 1872; x_wconf 76' lang='lat' dir='ltr'><strong>conten-</strong></span> 
     </span>
    </p>
   </div>
   <div class='ocr_carea' id='block_1_34' title="bbox 342 1910 1945 1983">
    <p class='ocr_par' dir='ltr' id='par_1_34' title="bbox 342 1910 1945 1983">
     <span class='ocr_line' id='line_1_34' title="bbox 342 1910 1945 1983; baseline -0.006 -12"><span class='ocrx_word' id='word_1_232' title='bbox 342 1916 505 1971; x_wconf 85' lang='lat' dir='ltr'><strong>dendi</strong></span> <span class='ocrx_word' id='word_1_233' title='bbox 543 1914 758 1978; x_wconf 83' lang='lat' dir='ltr'><strong>modus,</strong></span> <span class='ocrx_word' id='word_1_234' title='bbox 793 1928 896 1983; x_wconf 80' lang='lat' dir='ltr'><strong>pax</strong></span> <span class='ocrx_word' id='word_1_235' title='bbox 947 1910 1097 1965; x_wconf 91' lang='lat' dir='ltr'><strong>nulla</strong></span> <span class='ocrx_word' id='word_1_236' title='bbox 1128 1919 1313 1977; x_wconf 81' lang='lat' dir='ltr'><strong>esset,</strong></span> <span class='ocrx_word' id='word_1_237' title='bbox 1354 1912 1465 1965; x_wconf 55' lang='lat' dir='ltr'><strong>haec</strong></span> <span class='ocrx_word' id='word_1_238' title='bbox 1511 1910 1729 1964; x_wconf 78' lang='lat' dir='ltr'><strong>tandem</strong></span> <span class='ocrx_word' id='word_1_239' title='bbox 1763 1924 1858 1979; x_wconf 85' lang='lat' dir='ltr'><strong>pro</strong></span> <span class='ocrx_word' id='word_1_240' title='bbox 1887 1922 1945 1962; x_wconf 88' lang='lat' dir='ltr'><strong>se</strong></span> 
     </span>
    </p>
   </div>
   <div class='ocr_carea' id='block_1_35' title="bbox 344 2000 1941 2075">
    <p class='ocr_par' dir='ltr' id='par_1_35' title="bbox 344 2000 1941 2075">
     <span class='ocr_line' id='line_1_35' title="bbox 344 2000 1941 2075; baseline -0.008 -10"><span class='ocrx_word' id='word_1_241' title='bbox 344 2010 574 2065; x_wconf 75' lang='lat' dir='ltr'><strong>adduxit</strong></span> <span class='ocrx_word' id='word_1_242' title='bbox 604 2008 888 2062; x_wconf 83' lang='lat' dir='ltr'><strong>eunuchus</strong></span> <span class='ocrx_word' id='word_1_243' title='bbox 919 2005 1075 2075; x_wconf 81' lang='lat' dir='ltr'><strong>niger</strong></span> <span class='ocrx_word' id='word_1_244' title='bbox 1112 2019 1126 2056; x_wconf 95' lang='lat'><strong>:</strong></span> <span class='ocrx_word' id='word_1_245' title='bbox 1169 2002 1413 2073; x_wconf 85' lang='lat' dir='ltr'><strong>Agedum</strong></span> <span class='ocrx_word' id='word_1_246' title='bbox 1471 2002 1763 2057; x_wconf 79' lang='lat' dir='ltr'><strong>audiamus</strong></span> <span class='ocrx_word' id='word_1_247' title='bbox 1810 2000 1941 2071; x_wconf 81' lang='lat' dir='ltr'><strong>quid</strong></span> 
     </span>
    </p>
   </div>
   <div class='ocr_carea' id='block_1_36' title="bbox 341 2091 1939 2170">
    <p class='ocr_par' dir='ltr' id='par_1_36' title="bbox 341 2091 1939 2170">
     <span class='ocr_line' id='line_1_36' title="bbox 341 2091 1939 2170; baseline -0.007 -14"><span class='ocrx_word' id='word_1_248' title='bbox 341 2102 410 2156; x_wconf 88' lang='lat' dir='ltr'><strong>de</strong></span> <span class='ocrx_word' id='word_1_249' title='bbox 447 2100 532 2156; x_wconf 87' lang='lat' dir='ltr'><strong>his</strong></span> <span class='ocrx_word' id='word_1_250' title='bbox 558 2099 725 2170; x_wconf 83' lang='lat' dir='ltr'><strong>judex</strong></span> <span class='ocrx_word' id='word_1_251' title='bbox 758 2115 773 2165; x_wconf 91' lang='lat'><strong>;</strong></span> <span class='ocrx_word' id='word_1_252' title='bbox 804 2112 933 2151; x_wconf 89' lang='lat' dir='ltr'><strong>num</strong></span> <span class='ocrx_word' id='word_1_253' title='bbox 959 2097 1005 2151; x_wconf 90' lang='lat' dir='ltr'><strong>is</strong></span> <span class='ocrx_word' id='word_1_254' title='bbox 1030 2094 1158 2149; x_wconf 87' lang='lat' dir='ltr'><strong>dicit</strong></span> <span class='ocrx_word' id='word_1_255' title='bbox 1193 2113 1206 2150; x_wconf 92' lang='lat'><strong>:</strong></span> <span class='ocrx_word' id='word_1_256' title='bbox 1241 2091 1450 2160; x_wconf 82' lang='lat' dir='ltr'><strong>Venite,</strong></span> <span class='ocrx_word' id='word_1_257' title='bbox 1484 2094 1663 2158; x_wconf 89' lang='lat' dir='ltr'><strong>avari,</strong></span> <span class='ocrx_word' id='word_1_258' title='bbox 1700 2105 1939 2157; x_wconf 80' lang='lat' dir='ltr'><strong>tenaces,</strong></span> 
     </span>
    </p>
   </div>
   <div class='ocr_carea' id='block_1_37' title="bbox 344 2184 1943 2256">
    <p class='ocr_par' dir='ltr' id='par_1_37' title="bbox 344 2184 1943 2256">
     <span class='ocr_line' id='line_1_37' title="bbox 344 2184 1943 2256; baseline -0.007 -8"><span class='ocrx_word' id='word_1_259' title='bbox 344 2190 838 2253; x_wconf 75' lang='lat' dir='ltr'><strong>immisericordes,</strong></span> <span class='ocrx_word' id='word_1_260' title='bbox 898 2190 1132 2243; x_wconf 89' lang='lat' dir='ltr'><strong>aliorum</strong></span> <span class='ocrx_word' id='word_1_261' title='bbox 1191 2187 1454 2240; x_wconf 82' lang='lat' dir='ltr'><strong>voluntati</strong></span> <span class='ocrx_word' id='word_1_262' title='bbox 1491 2201 1599 2240; x_wconf 92' lang='lat' dir='ltr'><strong>non</strong></span> <span class='ocrx_word' id='word_1_263' title='bbox 1647 2184 1943 2256; x_wconf 82' lang='lat' dir='ltr'><strong>parentes?</strong></span> 
     </span>
    </p>
   </div>
   <div class='ocr_carea' id='block_1_38' title="bbox 347 2277 1940 2345">
    <p class='ocr_par' dir='ltr' id='par_1_38' title="bbox 347 2277 1940 2345">
     <span class='ocr_line' id='line_1_38' title="bbox 347 2277 1940 2345; baseline -0.008 -3"><span class='ocrx_word' id='word_1_264' title='bbox 347 2302 418 2342; x_wconf 89' lang='lat' dir='ltr'><strong>an</strong></span> <span class='ocrx_word' id='word_1_265' title='bbox 482 2283 889 2345; x_wconf 83' lang='lat' dir='ltr'><strong>misericordes,</strong></span> <span class='ocrx_word' id='word_1_266' title='bbox 944 2281 1138 2341; x_wconf 84' lang='lat' dir='ltr'><strong>mites.</strong></span> <span class='ocrx_word' id='word_1_267' title='bbox 1199 2280 1527 2334; x_wconf 83' lang='lat' dir='ltr'><strong>miserantes</strong></span> <span class='ocrx_word' id='word_1_268' title='bbox 1580 2277 1940 2331; x_wconf 69' lang='lat' dir='ltr'><strong>calamitatem</strong></span> 
     </span>
    </p>
   </div>
   <div class='ocr_carea' id='block_1_39' title="bbox 351 2370 1946 2442">
    <p class='ocr_par' dir='ltr' id='par_1_39' title="bbox 351 2370 1946 2442">
     <span class='ocr_line' id='line_1_39' title="bbox 351 2370 1946 2442; baseline -0.008 -7"><span class='ocrx_word' id='word_1_269' title='bbox 351 2380 609 2442; x_wconf 89' lang='lat' dir='ltr'><strong>aliorum,</strong></span> <span class='ocrx_word' id='word_1_270' title='bbox 642 2386 695 2430; x_wconf 89' lang='lat' dir='ltr'><strong>et</strong></span> <span class='ocrx_word' id='word_1_271' title='bbox 727 2375 814 2429; x_wconf 88' lang='lat' dir='ltr'><strong>his</strong></span> <span class='ocrx_word' id='word_1_272' title='bbox 861 2374 1067 2429; x_wconf 84' lang='lat' dir='ltr'><strong>similes</strong></span> <span class='ocrx_word' id='word_1_273' title='bbox 1099 2373 1164 2427; x_wconf 89' lang='lat' dir='ltr'><strong>ad</strong></span> <span class='ocrx_word' id='word_1_274' title='bbox 1191 2388 1248 2426; x_wconf 91' lang='lat' dir='ltr'><strong>se</strong></span> <span class='ocrx_word' id='word_1_275' title='bbox 1275 2371 1519 2426; x_wconf 79' lang='lat' dir='ltr'><strong>invitat?</strong></span> <span class='ocrx_word' id='word_1_276' title='bbox 1572 2370 1651 2424; x_wconf 79' lang='lat' dir='ltr'><strong>Ad</strong></span> <span class='ocrx_word' id='word_1_277' title='bbox 1709 2370 1823 2424; x_wconf 81' lang='lat' dir='ltr'><strong>hare</strong></span> <span class='ocrx_word' id='word_1_278' title='bbox 1848 2385 1946 2423; x_wconf 89' lang='lat' dir='ltr'><strong>au-</strong></span> 
     </span>
    </p>
   </div>
   <div class='ocr_carea' id='block_1_40' title="bbox 352 2458 1939 2541">
    <p class='ocr_par' dir='ltr' id='par_1_40' title="bbox 352 2458 1939 2541">
     <span class='ocr_line' id='line_1_40' title="bbox 352 2458 1939 2541; baseline -0.006 -18"><span class='ocrx_word' id='word_1_279' title='bbox 352 2470 506 2541; x_wconf 87' lang='lat' dir='ltr'><strong>gelus</strong></span> <span class='ocrx_word' id='word_1_280' title='bbox 538 2487 551 2522; x_wconf 93' lang='lat'><strong>:</strong></span> <span class='ocrx_word' id='word_1_281' title='bbox 587 2467 697 2536; x_wconf 83' lang='lat' dir='ltr'><strong>Age</strong></span> <span class='ocrx_word' id='word_1_282' title='bbox 755 2464 1045 2519; x_wconf 87' lang='lat' dir='ltr'><strong>audiamus</strong></span> <span class='ocrx_word' id='word_1_283' title='bbox 1100 2463 1229 2532; x_wconf 90' lang='lat' dir='ltr'><strong>quid</strong></span> <span class='ocrx_word' id='word_1_284' title='bbox 1273 2461 1585 2532; x_wconf 88' lang='lat' dir='ltr'><strong>pronuntiet</strong></span> <span class='ocrx_word' id='word_1_285' title='bbox 1636 2458 1939 2514; x_wconf 86' lang='lat' dir='ltr'><strong>Dominus:</strong></span> 
     </span>
    </p>
   </div>
   <div class='ocr_carea' id='block_1_41' title="bbox 351 2551 1944 2627">
    <p class='ocr_par' dir='ltr' id='par_1_41' title="bbox 351 2551 1944 2627">
     <span class='ocr_line' id='line_1_41' title="bbox 351 2551 1944 2627; baseline -0.004 -16"><span class='ocrx_word' id='word_1_286' title='bbox 351 2576 371 2611; x_wconf 78' lang='grc' dir='ltr'><strong>ι</strong></span> <span class='ocrx_word' id='word_1_287' title='bbox 411 2560 591 2627; x_wconf 79' lang='lat' dir='ltr'><strong>Super</strong></span> <span class='ocrx_word' id='word_1_288' title='bbox 641 2571 802 2626; x_wconf 79' lang='lat' dir='ltr'><strong>quem</strong></span> <span class='ocrx_word' id='word_1_289' title='bbox 857 2553 1168 2623; x_wconf 74' lang='lat' dir='ltr'><strong>respiciam,</strong></span> <span class='ocrx_word' id='word_1_290' title='bbox 1222 2552 1328 2607; x_wconf 84' lang='lat' dir='ltr'><strong>nisi</strong></span> <span class='ocrx_word' id='word_1_291' title='bbox 1361 2567 1525 2620; x_wconf 87' lang='lat' dir='ltr'><strong>super</strong></span> <span class='ocrx_word' id='word_1_292' title='bbox 1572 2551 1852 2615; x_wconf 82' lang='lat' dir='ltr'><strong>humilem,</strong></span> <span class='ocrx_word' id='word_1_293' title='bbox 1890 2562 1944 2609; x_wconf 86' lang='lat' dir='ltr'><strong>et</strong></span> 
     </span>
    </p>
   </div>
   <div class='ocr_carea' id='block_1_42' title="bbox 345 2637 1944 2719">
    <p class='ocr_par' dir='ltr' id='par_1_42' title="bbox 345 2637 1944 2719">
     <span class='ocr_line' id='line_1_42' title="bbox 345 2637 1944 2719; baseline -0.013 -15"><span class='ocrx_word' id='word_1_294' title='bbox 345 2650 618 2719; x_wconf 78' lang='lat' dir='ltr'><strong>quietum,</strong></span> <span class='ocrx_word' id='word_1_295' title='bbox 650 2657 725 2701; x_wconf 74' lang='lat' dir='ltr'><strong>&#39;et</strong></span> <span class='ocrx_word' id='word_1_296' title='bbox 779 2652 1103 2699; x_wconf 77' lang='lat' dir='ltr'><strong>trementem</strong></span> <span class='ocrx_word' id='word_1_297' title='bbox 1164 2655 1449 2696; x_wconf 83' lang='lat' dir='ltr'><strong>sermones</strong></span> <span class='ocrx_word' id='word_1_298' title='bbox 1506 2638 1697 2693; x_wconf 68' lang='lat' dir='ltr'><strong>meos“</strong></span> <span class='ocrx_word' id='word_1_299' title='bbox 1731 2638 1753 2691; x_wconf 84' lang='lat'><strong>?</strong></span> <span class='ocrx_word' id='word_1_300' title='bbox 1792 2656 1810 2689; x_wconf 73' lang='grc' dir='ltr'><strong>ι</strong></span> <span class='ocrx_word' id='word_1_301' title='bbox 1878 2637 1944 2691; x_wconf 83' lang='grc' dir='ltr'>Ει</span> 
     </span>
    </p>
   </div>
   <div class='ocr_carea' id='block_1_43' title="bbox 347 2732 1937 2810">
    <p class='ocr_par' dir='ltr' id='par_1_43' title="bbox 347 2732 1937 2810">
     <span class='ocr_line' id='line_1_43' title="bbox 347 2732 1937 2810; baseline -0.008 -11"><span class='ocrx_word' id='word_1_302' title='bbox 347 2743 479 2799; x_wconf 85' lang='lat' dir='ltr'><strong>alibi</strong></span> <span class='ocrx_word' id='word_1_303' title='bbox 511 2761 526 2798; x_wconf 87' lang='lat'><strong>:</strong></span> <span class='ocrx_word' id='word_1_304' title='bbox 570 2761 593 2796; x_wconf 71' lang='grc' dir='ltr'><strong>ι</strong></span> <span class='ocrx_word' id='word_1_305' title='bbox 647 2740 797 2796; x_wconf 80' lang='lat' dir='ltr'><strong>Beati</strong></span> <span class='ocrx_word' id='word_1_306' title='bbox 840 2754 1110 2810; x_wconf 73' lang='lat' dir='ltr'><strong>pauperes</strong></span> <span class='ocrx_word' id='word_1_307' title='bbox 1134 2737 1357 2806; x_wconf 83' lang='lat' dir='ltr'><strong>spiritu,</strong></span> <span class='ocrx_word' id='word_1_308' title='bbox 1392 2736 1534 2791; x_wconf 87' lang='lat' dir='ltr'><strong>beati</strong></span> <span class='ocrx_word' id='word_1_309' title='bbox 1584 2734 1764 2799; x_wconf 85' lang='lat' dir='ltr'><strong>mites,</strong></span> <span class='ocrx_word' id='word_1_310' title='bbox 1795 2732 1937 2787; x_wconf 82' lang='lat' dir='ltr'><strong>beati</strong></span> 
     </span>
    </p>
   </div>
   <div class='ocr_carea' id='block_1_44' title="bbox 354 2825 1940 2897">
    <p class='ocr_par' dir='ltr' id='par_1_44' title="bbox 354 2825 1940 2897">
     <span class='ocr_line' id='line_1_44' title="bbox 354 2825 1940 2897; baseline -0.006 -7"><span class='ocrx_word' id='word_1_311' title='bbox 354 2834 564 2890; x_wconf 78' lang='lat' dir='ltr'><strong>inundo</strong></span> <span class='ocrx_word' id='word_1_312' title='bbox 597 2834 786 2897; x_wconf 84' lang='lat' dir='ltr'><strong>corde,</strong></span> <span class='ocrx_word' id='word_1_313' title='bbox 814 2851 834 2884; x_wconf 82' lang='grc' dir='ltr'><strong>ι</strong></span> <span class='ocrx_word' id='word_1_314' title='bbox 876 2842 932 2886; x_wconf 92' lang='lat' dir='ltr'><strong>ct</strong></span> <span class='ocrx_word' id='word_1_315' title='bbox 959 2832 1066 2885; x_wconf 83' lang='lat' dir='ltr'><strong>alia</strong></span> <span class='ocrx_word' id='word_1_316' title='bbox 1102 2829 1188 2885; x_wconf 88' lang='lat' dir='ltr'><strong>his</strong></span> <span class='ocrx_word' id='word_1_317' title='bbox 1235 2829 1437 2885; x_wconf 88' lang='lat' dir='ltr'><strong>similia</strong></span> <span class='ocrx_word' id='word_1_318' title='bbox 1472 2830 1513 2880; x_wconf 79' lang='lat'><strong>’.</strong></span> <span class='ocrx_word' id='word_1_319' title='bbox 1544 2825 1684 2881; x_wconf 86' lang='lat' dir='ltr'><strong>Tum</strong></span> <span class='ocrx_word' id='word_1_320' title='bbox 1733 2827 1885 2896; x_wconf 82' lang='lat' dir='ltr'><strong>niger</strong></span> <span class='ocrx_word' id='word_1_321' title='bbox 1921 2841 1940 2880; x_wconf 91' lang='lat'><strong>:</strong></span> 
     </span>
    </p>
   </div>
   <div class='ocr_carea' id='block_1_45' title="bbox 348 2918 1937 2996">
    <p class='ocr_par' dir='ltr' id='par_1_45' title="bbox 348 2918 1937 2996">
     <span class='ocr_line' id='line_1_45' title="bbox 348 2918 1937 2996; baseline -0.005 -14"><span class='ocrx_word' id='word_1_322' title='bbox 348 2928 395 2982; x_wconf 82' lang='lat'>0</span> <span class='ocrx_word' id='word_1_323' title='bbox 430 2925 859 2996; x_wconf 71' lang='lat' dir='ltr'><strong>spectaculuml</strong></span> <span class='ocrx_word' id='word_1_324' title='bbox 891 2922 1069 2978; x_wconf 87' lang='lat' dir='ltr'><strong>tremit</strong></span> <span class='ocrx_word' id='word_1_325' title='bbox 1104 2922 1195 2976; x_wconf 91' lang='lat' dir='ltr'><strong>ille</strong></span> <span class='ocrx_word' id='word_1_326' title='bbox 1217 2920 1429 2977; x_wconf 84' lang='lat' dir='ltr'><strong>scilicet</strong></span> <span class='ocrx_word' id='word_1_327' title='bbox 1460 2920 1529 2976; x_wconf 87' lang='lat' dir='ltr'><strong>ad</strong></span> <span class='ocrx_word' id='word_1_328' title='bbox 1564 2923 1677 2973; x_wconf 83' lang='lat' dir='ltr'><strong>haec</strong></span> <span class='ocrx_word' id='word_1_329' title='bbox 1716 2918 1875 2973; x_wconf 73' lang='lat' dir='ltr'><strong>verba</strong></span> <span class='ocrx_word' id='word_1_330' title='bbox 1921 2936 1937 2974; x_wconf 92' lang='lat'><strong>:</strong></span> 
     </span>
    </p>
   </div>
   <div class='ocr_carea' id='block_1_46' title="bbox 356 3011 1936 3086">
    <p class='ocr_par' dir='ltr' id='par_1_46' title="bbox 356 3011 1936 3086">
     <span class='ocr_line' id='line_1_46' title="bbox 356 3011 1936 3086; baseline -0.006 -14"><span class='ocrx_word' id='word_1_331' title='bbox 356 3038 376 3072; x_wconf 78' lang='grc' dir='ltr'><strong>ι</strong></span> <span class='ocrx_word' id='word_1_332' title='bbox 416 3018 566 3077; x_wconf 75' lang='lat' dir='ltr'><strong>Beati</strong></span> <span class='ocrx_word' id='word_1_333' title='bbox 595 3017 1002 3081; x_wconf 84' lang='lat' dir='ltr'><strong>misericordes,</strong></span> <span class='ocrx_word' id='word_1_334' title='bbox 1056 3015 1314 3086; x_wconf 87' lang='lat' dir='ltr'><strong>quoniam</strong></span> <span class='ocrx_word' id='word_1_335' title='bbox 1344 3014 1447 3084; x_wconf 85' lang='lat' dir='ltr'><strong>ipsi</strong></span> <span class='ocrx_word' id='word_1_336' title='bbox 1501 3011 1936 3068; x_wconf 84' lang='lat' dir='ltr'><strong>misericordiam</strong></span> 
     </span>
    </p>
   </div>
   <div class='ocr_carea' id='block_1_47' title="bbox 348 3103 1944 3182">
    <p class='ocr_par' dir='ltr' id='par_1_47' title="bbox 348 3103 1944 3182">
     <span class='ocr_line' id='line_1_47' title="bbox 348 3103 1944 3182; baseline -0.007 -14"><span class='ocrx_word' id='word_1_337' title='bbox 348 3122 772 3182; x_wconf 83' lang='lat' dir='ltr'><strong>consequentur.</strong></span> <span class='ocrx_word' id='word_1_338' title='bbox 812 3127 834 3163; x_wconf 74' lang='grc' dir='ltr'><strong>ο</strong></span> <span class='ocrx_word' id='word_1_339' title='bbox 870 3112 934 3163; x_wconf 62' lang='lat' dir='ltr'><strong>lat</strong></span> <span class='ocrx_word' id='word_1_340' title='bbox 972 3123 1205 3164; x_wconf 79' lang='lat' dir='ltr'><strong>rursus:</strong></span> <span class='ocrx_word' id='word_1_341' title='bbox 1241 3124 1260 3158; x_wconf 82' lang='grc' dir='ltr'><strong>ι</strong></span> <span class='ocrx_word' id='word_1_342' title='bbox 1294 3108 1486 3162; x_wconf 79' lang='lat' dir='ltr'><strong>Estote</strong></span> <span class='ocrx_word' id='word_1_343' title='bbox 1536 3103 1944 3169; x_wconf 83' lang='lat' dir='ltr'><strong>misericordes,</strong></span> 
     </span>
    </p>
   </div>
   <div class='ocr_carea' id='block_1_48' title="bbox 350 3195 1938 3260">
    <p class='ocr_par' dir='ltr' id='par_1_48' title="bbox 350 3195 1938 3260">
     <span class='ocr_line' id='line_1_48' title="bbox 350 3195 1938 3260; baseline -0.009 0"><span class='ocrx_word' id='word_1_344' title='bbox 350 3206 493 3260; x_wconf 86' lang='lat' dir='ltr'><strong>sicut</strong></span> <span class='ocrx_word' id='word_1_345' title='bbox 533 3213 589 3259; x_wconf 86' lang='lat' dir='ltr'><strong>et</strong></span> <span class='ocrx_word' id='word_1_346' title='bbox 631 3201 796 3257; x_wconf 78' lang='lat' dir='ltr'><strong>Pater</strong></span> <span class='ocrx_word' id='word_1_347' title='bbox 848 3212 1030 3257; x_wconf 75' lang='lat' dir='ltr'><strong>vester</strong></span> <span class='ocrx_word' id='word_1_348' title='bbox 1085 3200 1325 3257; x_wconf 76' lang='lat' dir='ltr'><strong>ctelestis</strong></span> <span class='ocrx_word' id='word_1_349' title='bbox 1350 3200 1668 3256; x_wconf 81' lang='lat' dir='ltr'><strong>misericors</strong></span> <span class='ocrx_word' id='word_1_350' title='bbox 1700 3195 1875 3252; x_wconf 80' lang='lat' dir='ltr'><strong>est“.</strong></span> <span class='ocrx_word' id='word_1_351' title='bbox 1918 3212 1938 3245; x_wconf 72' lang='grc' dir='ltr'><strong>ι</strong></span> 
     </span>
    </p>
   </div>
   <div class='ocr_carea' id='block_1_49' title="bbox 2044 1816 3624 1890">
    <p class='ocr_par' dir='ltr' id='par_1_49' title="bbox 2044 1816 3624 1890">
     <span class='ocr_line' id='line_1_49' title="bbox 2044 1816 3624 1890; baseline 0.001 -17"><span class='ocrx_word' id='word_1_352' title='bbox 2044 1818 2401 1889; x_wconf 77' lang='grc' dir='ltr'><strong>ἀμφοτέρων.</strong></span> <span class='ocrx_word' id='word_1_353' title='bbox 2436 1818 2583 1889; x_wconf 85' lang='grc' dir='ltr'>Ἔφη</span> <span class='ocrx_word' id='word_1_354' title='bbox 2609 1817 2840 1888; x_wconf 79' lang='grc' dir='ltr'>ἔσχατον</span> <span class='ocrx_word' id='word_1_355' title='bbox 2888 1818 2916 1871; x_wconf 89' lang='lat'><strong>6</strong></span> <span class='ocrx_word' id='word_1_356' title='bbox 2963 1816 3135 1887; x_wconf 81' lang='grc' dir='ltr'><strong>μέλας</strong></span> <span class='ocrx_word' id='word_1_357' title='bbox 3172 1818 3301 1873; x_wconf 82' lang='grc' dir='ltr'>τάδε</span> <span class='ocrx_word' id='word_1_358' title='bbox 3331 1837 3347 1851; x_wconf 68' lang='grc' dir='ltr'><em>υ</em></span> <span class='ocrx_word' id='word_1_359' title='bbox 3375 1819 3440 1874; x_wconf 82' lang='grc' dir='ltr'>Τί</span> <span class='ocrx_word' id='word_1_360' title='bbox 3473 1822 3624 1890; x_wconf 77' lang='grc' dir='ltr'>λέγει</span> 
     </span>
    </p>
   </div>
   <div class='ocr_carea' id='block_1_50' title="bbox 2044 1908 3625 1981">
    <p class='ocr_par' dir='ltr' id='par_1_50' title="bbox 2044 1908 3625 1981">
     <span class='ocr_line' id='line_1_50' title="bbox 2044 1908 3625 1981; baseline 0.003 -18"><span class='ocrx_word' id='word_1_361' title='bbox 2044 1912 2071 1963; x_wconf 93' lang='lat'><strong>6</strong></span> <span class='ocrx_word' id='word_1_362' title='bbox 2098 1911 2294 1981; x_wconf 85' lang='grc' dir='ltr'>κριτής</span> <span class='ocrx_word' id='word_1_363' title='bbox 2316 1925 2338 1975; x_wconf 83' lang='lat'><strong>;</strong></span> <span class='ocrx_word' id='word_1_364' title='bbox 2358 1909 2546 1973; x_wconf 84' lang='grc' dir='ltr'>Δεῦτε,</span> <span class='ocrx_word' id='word_1_365' title='bbox 2579 1909 2726 1973; x_wconf 87' lang='grc' dir='ltr'>τίνες</span> <span class='ocrx_word' id='word_1_366' title='bbox 2758 1909 2809 1963; x_wconf 87' lang='grc' dir='ltr'><strong>οί</strong></span> <span class='ocrx_word' id='word_1_367' title='bbox 2844 1908 3192 1979; x_wconf 83' lang='grc' dir='ltr'>φιλάργυροι,</span> <span class='ocrx_word' id='word_1_368' title='bbox 3236 1912 3289 1965; x_wconf 80' lang='grc' dir='ltr'>οἱ</span> <span class='ocrx_word' id='word_1_369' title='bbox 3333 1915 3542 1977; x_wconf 77' lang='grc' dir='ltr'>κνιποὶ,</span> <span class='ocrx_word' id='word_1_370' title='bbox 3574 1916 3625 1968; x_wconf 76' lang='grc' dir='ltr'>οἱ</span> 
     </span>
    </p>
   </div>
   <div class='ocr_carea' id='block_1_51' title="bbox 2045 2001 3624 2078">
    <p class='ocr_par' dir='ltr' id='par_1_51' title="bbox 2045 2001 3624 2078">
     <span class='ocr_line' id='line_1_51' title="bbox 2045 2001 3624 2078; baseline 0.001 -20"><span class='ocrx_word' id='word_1_371' title='bbox 2045 2004 2404 2075; x_wconf 79' lang='grc' dir='ltr'>ἄσπλαγχνοι,</span> <span class='ocrx_word' id='word_1_372' title='bbox 2436 2002 2487 2056; x_wconf 88' lang='grc' dir='ltr'><strong>οἰ</strong></span> <span class='ocrx_word' id='word_1_373' title='bbox 2519 2002 2947 2075; x_wconf 74' lang='grc' dir='ltr'>ἀπροαίρετοιςῆ</span> <span class='ocrx_word' id='word_1_374' title='bbox 2977 2001 3103 2067; x_wconf 78' lang='grc' dir='ltr'>τοὺς</span> <span class='ocrx_word' id='word_1_375' title='bbox 3128 2003 3432 2075; x_wconf 63' lang='grc' dir='ltr'>ἐλεήμονας</span> <span class='ocrx_word' id='word_1_376' title='bbox 3458 2024 3624 2078; x_wconf 80' lang='grc' dir='ltr'>προσ·-</span> 
     </span>
    </p>
   </div>
   <div class='ocr_carea' id='block_1_52' title="bbox 2044 2093 3619 2167">
    <p class='ocr_par' dir='ltr' id='par_1_52' title="bbox 2044 2093 3619 2167">
     <span class='ocr_line' id='line_1_52' title="bbox 2044 2093 3619 2167; baseline 0.001 -20"><span class='ocrx_word' id='word_1_377' title='bbox 2044 2094 2291 2148; x_wconf 84' lang='grc' dir='ltr'>καλεῖται</span> <span class='ocrx_word' id='word_1_378' title='bbox 2356 2094 2611 2154; x_wconf 75' lang='grc' dir='ltr'>καὶτοὺς</span> <span class='ocrx_word' id='word_1_379' title='bbox 2643 2093 2980 2163; x_wconf 71' lang='grc' dir='ltr'><strong>συμπαθεῖς,</strong></span> <span class='ocrx_word' id='word_1_380' title='bbox 3029 2094 3126 2148; x_wconf 79' lang='grc' dir='ltr'>καὶ</span> <span class='ocrx_word' id='word_1_381' title='bbox 3171 2097 3299 2158; x_wconf 70' lang='grc' dir='ltr'>τοὺς</span> <span class='ocrx_word' id='word_1_382' title='bbox 3343 2096 3619 2167; x_wconf 79' lang='grc' dir='ltr'>οἰκτίρμοο</span> 
     </span>
    </p>
   </div>
   <div class='ocr_carea' id='block_1_53' title="bbox 2046 2183 3614 2257">
    <p class='ocr_par' dir='ltr' id='par_1_53' title="bbox 2046 2183 3614 2257">
     <span class='ocr_line' id='line_1_53' title="bbox 2046 2183 3614 2257; baseline -0.019 -6"><span class='ocrx_word' id='word_1_383' title='bbox 2046 2202 2167 2250; x_wconf 83' lang='grc' dir='ltr'>νας.</span> <span class='ocrx_word' id='word_1_384' title='bbox 2219 2184 2317 2239; x_wconf 75' lang='grc' dir='ltr'>καὶ</span> <span class='ocrx_word' id='word_1_385' title='bbox 2376 2186 2504 2248; x_wconf 66' lang='grc' dir='ltr'>τοὺς</span> <span class='ocrx_word' id='word_1_386' title='bbox 2562 2183 2773 2238; x_wconf 87' lang='grc' dir='ltr'>τούτων</span> <span class='ocrx_word' id='word_1_387' title='bbox 2810 2184 3073 2253; x_wconf 79' lang='grc' dir='ltr'>δμοίουςς</span> <span class='ocrx_word' id='word_1_388' title='bbox 3111 2186 3258 2257; x_wconf 80' lang='grc' dir='ltr'><strong>Ἔφη</strong></span> <span class='ocrx_word' id='word_1_389' title='bbox 3286 2188 3313 2240; x_wconf 71' lang='grc' dir='ltr'><strong><em>ὁ</em></strong></span> <span class='ocrx_word' id='word_1_390' title='bbox 3340 2186 3568 2256; x_wconf 63' lang='grc' dir='ltr'><strong>ἄγγελος</strong></span> <span class='ocrx_word' id='word_1_391' title='bbox 3599 2205 3614 2221; x_wconf 94' lang='grc'><strong>.</strong></span> 
     </span>
    </p>
   </div>
   <div class='ocr_carea' id='block_1_54' title="bbox 2038 2276 3622 2348">
    <p class='ocr_par' dir='ltr' id='par_1_54' title="bbox 2038 2276 3622 2348">
     <span class='ocr_line' id='line_1_54' title="bbox 2038 2276 3622 2348; baseline -0.001 -16"><span class='ocrx_word' id='word_1_392' title='bbox 2038 2279 2157 2332; x_wconf 75' lang='grc' dir='ltr'>Καὶ</span> <span class='ocrx_word' id='word_1_393' title='bbox 2181 2279 2237 2330; x_wconf 88' lang='grc' dir='ltr'><strong>τί</strong></span> <span class='ocrx_word' id='word_1_394' title='bbox 2270 2276 2419 2346; x_wconf 86' lang='grc' dir='ltr'>λέγει</span> <span class='ocrx_word' id='word_1_395' title='bbox 2455 2279 2483 2331; x_wconf 87' lang='lat'><strong>6</strong></span> <span class='ocrx_word' id='word_1_396' title='bbox 2511 2276 2717 2345; x_wconf 81' lang='grc' dir='ltr'>Κύριος</span> <span class='ocrx_word' id='word_1_397' title='bbox 2750 2293 2765 2343; x_wconf 92' lang='lat'><strong>;</strong></span> <span class='ocrx_word' id='word_1_398' title='bbox 2806 2295 2825 2329; x_wconf 79' lang='grc' dir='ltr'><strong>ι</strong></span> <span class='ocrx_word' id='word_1_399' title='bbox 2869 2276 2995 2331; x_wconf 78' lang='grc' dir='ltr'><strong>Ἐπὶ</strong></span> <span class='ocrx_word' id='word_1_400' title='bbox 3025 2278 3146 2331; x_wconf 85' lang='grc' dir='ltr'>τίνα</span> <span class='ocrx_word' id='word_1_401' title='bbox 3180 2278 3271 2331; x_wconf 78' lang='grc' dir='ltr'>ἴδω</span> <span class='ocrx_word' id='word_1_402' title='bbox 3299 2279 3412 2331; x_wconf 80' lang='grc' dir='ltr'>ἀλλ’</span> <span class='ocrx_word' id='word_1_403' title='bbox 3450 2278 3484 2348; x_wconf 83' lang='grc' dir='ltr'>ἢ</span> <span class='ocrx_word' id='word_1_404' title='bbox 3528 2279 3622 2331; x_wconf 68' lang='grc' dir='ltr'><strong>ἐπὶ</strong></span> 
     </span>
    </p>
   </div>
   <div class='ocr_carea' id='block_1_55' title="bbox 2045 2368 3624 2441">
    <p class='ocr_par' dir='ltr' id='par_1_55' title="bbox 2045 2368 3624 2441">
     <span class='ocr_line' id='line_1_55' title="bbox 2045 2368 3624 2441; baseline -0.001 -18"><span class='ocrx_word' id='word_1_405' title='bbox 2045 2368 2135 2423; x_wconf 79' lang='grc' dir='ltr'>τὸν</span> <span class='ocrx_word' id='word_1_406' title='bbox 2164 2369 2342 2439; x_wconf 80' lang='grc' dir='ltr'>πρᾶον</span> <span class='ocrx_word' id='word_1_407' title='bbox 2376 2368 2469 2421; x_wconf 78' lang='grc' dir='ltr'><strong>καὶ</strong></span> <span class='ocrx_word' id='word_1_408' title='bbox 2498 2370 2725 2441; x_wconf 77' lang='grc' dir='ltr'>ἥσυχον,</span> <span class='ocrx_word' id='word_1_409' title='bbox 2755 2369 2850 2424; x_wconf 80' lang='grc' dir='ltr'>καὶ</span> <span class='ocrx_word' id='word_1_410' title='bbox 2894 2370 3170 2440; x_wconf 66' lang='grc' dir='ltr'>τρέμοντα</span> <span class='ocrx_word' id='word_1_411' title='bbox 3220 2387 3325 2439; x_wconf 88' lang='grc' dir='ltr'><strong>μου</strong></span> <span class='ocrx_word' id='word_1_412' title='bbox 3379 2370 3504 2432; x_wconf 73' lang='grc' dir='ltr'>τοὺς</span> <span class='ocrx_word' id='word_1_413' title='bbox 3533 2369 3624 2422; x_wconf 74' lang='grc' dir='ltr'><strong>λό-</strong></span> 
     </span>
    </p>
   </div>
   <div class='ocr_carea' id='block_1_56' title="bbox 2045 2462 3627 2534">
    <p class='ocr_par' dir='ltr' id='par_1_56' title="bbox 2045 2462 3627 2534">
     <span class='ocr_line' id='line_1_56' title="bbox 2045 2462 3627 2534; baseline -0.003 -17"><span class='ocrx_word' id='word_1_414' title='bbox 2045 2480 2177 2532; x_wconf 76' lang='grc' dir='ltr'>γους</span> <span class='ocrx_word' id='word_1_415' title='bbox 2211 2480 2227 2530; x_wconf 85' lang='grc'>;</span> <span class='ocrx_word' id='word_1_416' title='bbox 2255 2482 2272 2514; x_wconf 79' lang='grc' dir='ltr'><strong>ι</strong></span> <span class='ocrx_word' id='word_1_417' title='bbox 2309 2464 2417 2517; x_wconf 80' lang='lat' dir='ltr'><strong>Kal</strong></span> <span class='ocrx_word' id='word_1_418' title='bbox 2440 2464 2522 2517; x_wconf 77' lang='grc' dir='ltr'>ὅτι</span> <span class='ocrx_word' id='word_1_419' title='bbox 2556 2481 2575 2514; x_wconf 77' lang='grc' dir='ltr'><strong>ι</strong></span> <span class='ocrx_word' id='word_1_420' title='bbox 2602 2464 2881 2531; x_wconf 80' lang='grc' dir='ltr'>Μακάριοι</span> <span class='ocrx_word' id='word_1_421' title='bbox 2911 2464 2959 2515; x_wconf 91' lang='grc' dir='ltr'><strong>οἰ</strong></span> <span class='ocrx_word' id='word_1_422' title='bbox 2990 2463 3197 2533; x_wconf 85' lang='grc' dir='ltr'>πτωχοὶ</span> <span class='ocrx_word' id='word_1_423' title='bbox 3223 2463 3301 2534; x_wconf 81' lang='grc' dir='ltr'><strong>τῷ</strong></span> <span class='ocrx_word' id='word_1_424' title='bbox 3328 2462 3627 2533; x_wconf 83' lang='grc' dir='ltr'>πνεύματι,</span> 
     </span>
    </p>
   </div>
   <div class='ocr_carea' id='block_1_57' title="bbox 2049 2552 3622 2627">
    <p class='ocr_par' dir='ltr' id='par_1_57' title="bbox 2049 2552 3622 2627">
     <span class='ocr_line' id='line_1_57' title="bbox 2049 2552 3622 2627; baseline -0.003 -19"><span class='ocrx_word' id='word_1_425' title='bbox 2049 2557 2313 2626; x_wconf 80' lang='grc' dir='ltr'>μακάριοι</span> <span class='ocrx_word' id='word_1_426' title='bbox 2334 2557 2382 2608; x_wconf 88' lang='grc' dir='ltr'><strong>οἰ</strong></span> <span class='ocrx_word' id='word_1_427' title='bbox 2409 2557 2626 2627; x_wconf 81' lang='grc' dir='ltr'>πραεῖς,</span> <span class='ocrx_word' id='word_1_428' title='bbox 2655 2555 2919 2625; x_wconf 83' lang='grc' dir='ltr'>μακάριοι</span> <span class='ocrx_word' id='word_1_429' title='bbox 2940 2554 2996 2606; x_wconf 83' lang='grc' dir='ltr'><strong>οἰ</strong></span> <span class='ocrx_word' id='word_1_430' title='bbox 3024 2552 3259 2623; x_wconf 78' lang='grc' dir='ltr'>καθαροὶ</span> <span class='ocrx_word' id='word_1_431' title='bbox 3278 2557 3346 2623; x_wconf 76' lang='grc' dir='ltr'>τῇ</span> <span class='ocrx_word' id='word_1_432' title='bbox 3366 2553 3622 2624; x_wconf 61' lang='grc' dir='ltr'>καρδίαρ</span> 
     </span>
    </p>
   </div>
   <div class='ocr_carea' id='block_1_58' title="bbox 2045 2645 3631 2718">
    <p class='ocr_par' dir='ltr' id='par_1_58' title="bbox 2045 2645 3631 2718">
     <span class='ocr_line' id='line_1_58' title="bbox 2045 2645 3631 2718; baseline -0.001 -18"><span class='ocrx_word' id='word_1_433' title='bbox 2045 2647 2139 2700; x_wconf 79' lang='grc' dir='ltr'>καὶ</span> <span class='ocrx_word' id='word_1_434' title='bbox 2192 2646 2262 2701; x_wconf 78' lang='grc' dir='ltr'><strong>τὰ</strong></span> <span class='ocrx_word' id='word_1_435' title='bbox 2308 2648 2521 2711; x_wconf 84' lang='grc' dir='ltr'>τούτοις</span> <span class='ocrx_word' id='word_1_436' title='bbox 2555 2647 2938 2718; x_wconf 65' lang='grc' dir='ltr'>παραπλήσια.</span> <span class='ocrx_word' id='word_1_437' title='bbox 2981 2646 3126 2717; x_wconf 76' lang='grc' dir='ltr'>Ἔφη</span> <span class='ocrx_word' id='word_1_438' title='bbox 3175 2647 3203 2699; x_wconf 90' lang='lat'><strong>6</strong></span> <span class='ocrx_word' id='word_1_439' title='bbox 3237 2645 3407 2714; x_wconf 83' lang='grc' dir='ltr'>μέλας</span> <span class='ocrx_word' id='word_1_440' title='bbox 3434 2663 3446 2677; x_wconf 92' lang='grc'><strong>·</strong></span> <span class='ocrx_word' id='word_1_441' title='bbox 3492 2646 3631 2699; x_wconf 78' lang='grc' dir='ltr'><strong>Θέα-</strong></span> 
     </span>
    </p>
   </div>
   <div class='ocr_carea' id='block_1_59' title="bbox 2048 2732 3629 2809">
    <p class='ocr_par' dir='ltr' id='par_1_59' title="bbox 2048 2732 3629 2809">
     <span class='ocr_line' id='line_1_59' title="bbox 2048 2732 3629 2809; baseline -0.001 -20"><span class='ocrx_word' id='word_1_442' title='bbox 2048 2754 2126 2808; x_wconf 87' lang='grc' dir='ltr'><strong>μα</strong></span> <span class='ocrx_word' id='word_1_443' title='bbox 2159 2738 2172 2790; x_wconf 88' lang='lat'><strong>!</strong></span> <span class='ocrx_word' id='word_1_444' title='bbox 2219 2739 2415 2809; x_wconf 79' lang='grc' dir='ltr'>τρέμει</span> <span class='ocrx_word' id='word_1_445' title='bbox 2459 2732 2616 2801; x_wconf 72' lang='grc' dir='ltr'>οὗτος</span> <span class='ocrx_word' id='word_1_446' title='bbox 2655 2738 2749 2790; x_wconf 77' lang='grc' dir='ltr'><strong>ἐπὶ</strong></span> <span class='ocrx_word' id='word_1_447' title='bbox 2776 2737 2854 2808; x_wconf 82' lang='grc' dir='ltr'>τῷ</span> <span class='ocrx_word' id='word_1_448' title='bbox 2883 2737 3026 2807; x_wconf 82' lang='grc' dir='ltr'>λόγῳ</span> <span class='ocrx_word' id='word_1_449' title='bbox 3053 2751 3069 2765; x_wconf 83' lang='lat'><strong>&#39;</strong></span> <span class='ocrx_word' id='word_1_450' title='bbox 3100 2736 3183 2791; x_wconf 85' lang='grc' dir='ltr'>ὅτι</span> <span class='ocrx_word' id='word_1_451' title='bbox 3218 2754 3237 2788; x_wconf 76' lang='grc' dir='ltr'><strong>ι</strong></span> <span class='ocrx_word' id='word_1_452' title='bbox 3267 2738 3549 2806; x_wconf 74' lang='grc' dir='ltr'>Μακάριοι</span> <span class='ocrx_word' id='word_1_453' title='bbox 3581 2737 3629 2788; x_wconf 83' lang='grc' dir='ltr'><strong>οἰ</strong></span> 
     </span>
    </p>
   </div>
   <div class='ocr_carea' id='block_1_60' title="bbox 2044 2830 3631 2902">
    <p class='ocr_par' dir='ltr' id='par_1_60' title="bbox 2044 2830 3631 2902">
     <span class='ocr_line' id='line_1_60' title="bbox 2044 2830 3631 2902; baseline -0.002 -20"><span class='ocrx_word' id='word_1_454' title='bbox 2044 2832 2359 2902; x_wconf 83' lang='grc' dir='ltr'>ἐλεήμονες,</span> <span class='ocrx_word' id='word_1_455' title='bbox 2392 2832 2475 2885; x_wconf 83' lang='grc' dir='ltr'>ὅτι</span> <span class='ocrx_word' id='word_1_456' title='bbox 2500 2831 2656 2884; x_wconf 74' lang='grc' dir='ltr'>αὐτοὶ</span> <span class='ocrx_word' id='word_1_457' title='bbox 2690 2831 3081 2902; x_wconf 77' lang='grc' dir='ltr'>ἐλεηθήσονται</span> <span class='ocrx_word' id='word_1_458' title='bbox 3116 2848 3135 2882; x_wconf 84' lang='grc'><strong>›</strong></span> <span class='ocrx_word' id='word_1_459' title='bbox 3169 2832 3277 2885; x_wconf 79' lang='lat' dir='ltr'><strong>Kal</strong></span> <span class='ocrx_word' id='word_1_460' title='bbox 3300 2831 3515 2885; x_wconf 69' lang='grc' dir='ltr'>πάλινδι</span> <span class='ocrx_word' id='word_1_461' title='bbox 3543 2830 3631 2882; x_wconf 77' lang='lat' dir='ltr'><strong>l‘i-‘</strong></span> 
     </span>
    </p>
   </div>
   <div class='ocr_carea' id='block_1_61' title="bbox 2043 2920 3634 2993">
    <p class='ocr_par' dir='ltr' id='par_1_61' title="bbox 2043 2920 3634 2993">
     <span class='ocr_line' id='line_1_61' title="bbox 2043 2920 3634 2993; baseline -0.002 -17"><span class='ocrx_word' id='word_1_462' title='bbox 2043 2924 2203 2976; x_wconf 83' lang='grc' dir='ltr'>νεσθε</span> <span class='ocrx_word' id='word_1_463' title='bbox 2228 2923 2609 2993; x_wconf 74' lang='grc' dir='ltr'>οἰκτίρμονες,</span> <span class='ocrx_word' id='word_1_464' title='bbox 2652 2921 2837 2985; x_wconf 84' lang='grc' dir='ltr'>καθὼς</span> <span class='ocrx_word' id='word_1_465' title='bbox 2866 2922 2960 2976; x_wconf 78' lang='grc' dir='ltr'><strong>καὶ</strong></span> <span class='ocrx_word' id='word_1_466' title='bbox 3004 2924 3032 2974; x_wconf 89' lang='grc' dir='ltr'><em>ὀ</em></span> <span class='ocrx_word' id='word_1_467' title='bbox 3082 2922 3270 2993; x_wconf 62' lang='grc' dir='ltr'>Πατὴρ</span> <span class='ocrx_word' id='word_1_468' title='bbox 3301 2920 3458 2993; x_wconf 81' lang='grc' dir='ltr'>ἡμῶν</span> <span class='ocrx_word' id='word_1_469' title='bbox 3487 2922 3515 2973; x_wconf 93' lang='lat'><strong>6</strong></span> <span class='ocrx_word' id='word_1_470' title='bbox 3541 2922 3634 2974; x_wconf 68' lang='lat' dir='ltr'><strong>cir-</strong></span> 
     </span>
    </p>
   </div>
   <div class='ocr_carea' id='block_1_62' title="bbox 2057 3014 3629 3087">
    <p class='ocr_par' dir='ltr' id='par_1_62' title="bbox 2057 3014 3629 3087">
     <span class='ocr_line' id='line_1_62' title="bbox 2057 3014 3629 3087; baseline -0.003 -17"><span class='ocrx_word' id='word_1_471' title='bbox 2057 3017 2237 3087; x_wconf 84' lang='grc' dir='ltr'>ράνιος</span> <span class='ocrx_word' id='word_1_472' title='bbox 2268 3016 2574 3087; x_wconf 84' lang='grc' dir='ltr'>οἰκτίρμων</span> <span class='ocrx_word' id='word_1_473' title='bbox 2598 3014 2740 3069; x_wconf 77' lang='grc' dir='ltr'>ἐστί.</span> <span class='ocrx_word' id='word_1_474' title='bbox 2774 3033 2793 3066; x_wconf 73' lang='grc' dir='ltr'><strong>ι</strong></span> <span class='ocrx_word' id='word_1_475' title='bbox 2816 3015 2929 3072; x_wconf 80' lang='lat' dir='ltr'><strong>Kal</strong></span> <span class='ocrx_word' id='word_1_476' title='bbox 2957 3016 3121 3071; x_wconf 83' lang='grc' dir='ltr'>πάλιν</span> <span class='ocrx_word' id='word_1_477' title='bbox 3146 3033 3161 3049; x_wconf 78' lang='grc' dir='ltr'><strong><em>ο</em></strong></span> <span class='ocrx_word' id='word_1_478' title='bbox 3185 3027 3209 3067; x_wconf 73' lang='grc' dir='ltr'><strong>ι</strong></span> <span class='ocrx_word' id='word_1_479' title='bbox 3246 3014 3437 3068; x_wconf 78' lang='grc' dir='ltr'>Ἐλεον</span> <span class='ocrx_word' id='word_1_480' title='bbox 3470 3015 3629 3075; x_wconf 79' lang='grc' dir='ltr'>θέλω,</span> 
     </span>
    </p>
   </div>
   <div class='ocr_carea' id='block_1_63' title="bbox 2054 3108 3632 3179">
    <p class='ocr_par' dir='ltr' id='par_1_63' title="bbox 2054 3108 3632 3179">
     <span class='ocr_line' id='line_1_63' title="bbox 2054 3108 3632 3179; baseline -0.003 -16"><span class='ocrx_word' id='word_1_481' title='bbox 2054 3110 2147 3163; x_wconf 74' lang='grc' dir='ltr'>καὶ</span> <span class='ocrx_word' id='word_1_482' title='bbox 2170 3110 2230 3163; x_wconf 80' lang='grc' dir='ltr'><strong>ού</strong></span> <span class='ocrx_word' id='word_1_483' title='bbox 2264 3109 2512 3163; x_wconf 71' lang='grc' dir='ltr'>Θυσίαν.»</span> <span class='ocrx_word' id='word_1_484' title='bbox 2538 3109 2650 3162; x_wconf 80' lang='grc' dir='ltr'><strong>Καὶ</strong></span> <span class='ocrx_word' id='word_1_485' title='bbox 2672 3125 2718 3160; x_wconf 79' lang='grc'><strong>⁸(</strong></span> <span class='ocrx_word' id='word_1_486' title='bbox 2738 3108 3047 3179; x_wconf 81' lang='grc' dir='ltr'>Διάθρυπτε</span> <span class='ocrx_word' id='word_1_487' title='bbox 3073 3114 3325 3164; x_wconf 79' lang='grc' dir='ltr'>πεινῶντι</span> <span class='ocrx_word' id='word_1_488' title='bbox 3353 3110 3443 3162; x_wconf 69' lang='grc' dir='ltr'>τὸν</span> <span class='ocrx_word' id='word_1_489' title='bbox 3463 3110 3632 3179; x_wconf 74' lang='grc' dir='ltr'>ἄρτον</span> 
     </span>
    </p>
   </div>
   <div class='ocr_carea' id='block_1_64' title="bbox 2054 3200 3632 3275">
    <p class='ocr_par' dir='ltr' id='par_1_64' title="bbox 2054 3200 3632 3275">
     <span class='ocr_line' id='line_1_64' title="bbox 2054 3200 3632 3275; baseline 0 -18"><span class='ocrx_word' id='word_1_490' title='bbox 2054 3220 2175 3257; x_wconf 87' lang='grc' dir='ltr'>σου.</span> <span class='ocrx_word' id='word_1_491' title='bbox 2194 3222 2212 3255; x_wconf 78' lang='grc' dir='ltr'><strong>ι</strong></span> <span class='ocrx_word' id='word_1_492' title='bbox 2241 3204 2352 3256; x_wconf 82' lang='lat' dir='ltr'><strong>Kal</strong></span> <span class='ocrx_word' id='word_1_493' title='bbox 2383 3201 2518 3258; x_wconf 76' lang='grc' dir='ltr'>ἄλλα</span> <span class='ocrx_word' id='word_1_494' title='bbox 2554 3200 2784 3256; x_wconf 83' lang='grc' dir='ltr'>πλείονα</span> <span class='ocrx_word' id='word_1_495' title='bbox 2813 3200 3252 3275; x_wconf 81' lang='grc' dir='ltr'>παραγγέλματα</span> <span class='ocrx_word' id='word_1_496' title='bbox 3285 3201 3380 3257; x_wconf 83' lang='grc' dir='ltr'>τοῦ</span> <span class='ocrx_word' id='word_1_497' title='bbox 3407 3201 3566 3269; x_wconf 80' lang='grc' dir='ltr'>Θεοῦ,</span> <span class='ocrx_word' id='word_1_498' title='bbox 3596 3202 3632 3257; x_wconf 75' lang='grc' dir='ltr'>ἃ.</span> 
     </span>
    </p>
   </div>
   <div class='ocr_carea' id='block_1_65' title="bbox 348 3290 1943 3368">
    <p class='ocr_par' dir='ltr' id='par_1_65' title="bbox 348 3290 1941 3355">
     <span class='ocr_line' id='line_1_65' title="bbox 348 3290 1941 3355; baseline -0.007 -3"><span class='ocrx_word' id='word_1_499' title='bbox 348 3298 416 3352; x_wconf 81' lang='lat' dir='ltr'><strong>Et</strong></span> <span class='ocrx_word' id='word_1_500' title='bbox 442 3296 572 3355; x_wconf 87' lang='lat' dir='ltr'><strong>alibi</strong></span> <span class='ocrx_word' id='word_1_501' title='bbox 597 3314 610 3351; x_wconf 95' lang='lat'><strong>:</strong></span> <span class='ocrx_word' id='word_1_502' title='bbox 645 3294 1109 3351; x_wconf 63' lang='lat' dir='ltr'><strong>«Misericordian:</strong></span> <span class='ocrx_word' id='word_1_503' title='bbox 1132 3294 1256 3348; x_wconf 72' lang='lat' dir='ltr'><strong>volo</strong></span> <span class='ocrx_word' id='word_1_504' title='bbox 1281 3303 1334 3347; x_wconf 89' lang='lat' dir='ltr'><strong>et</strong></span> <span class='ocrx_word' id='word_1_505' title='bbox 1359 3307 1466 3346; x_wconf 93' lang='lat' dir='ltr'><strong>non</strong></span> <span class='ocrx_word' id='word_1_506' title='bbox 1502 3290 1941 3346; x_wconf 72' lang='lat' dir='ltr'><strong>sacriﬁcinm“.o</strong></span> 
     </span>
    </p>
   </div>
   <div class='ocr_carea' id='block_1_66' title="bbox 2048 3290 3635 3368">
    <p class='ocr_par' dir='ltr' id='par_1_66' title="bbox 2052 3294 3635 3368">
     <span class='ocr_line' id='line_1_66' title="bbox 2052 3294 3635 3368; baseline -0.001 -19"><span class='ocrx_word' id='word_1_507' title='bbox 2052 3296 2113 3349; x_wconf 75' lang='grc' dir='ltr'>οὒ</span> <span class='ocrx_word' id='word_1_508' title='bbox 2146 3296 2297 3366; x_wconf 66' lang='grc' dir='ltr'>ςέρω</span> <span class='ocrx_word' id='word_1_509' title='bbox 2347 3296 2530 3364; x_wconf 84' lang='grc' dir='ltr'>λέγειν</span> <span class='ocrx_word' id='word_1_510' title='bbox 2562 3294 2842 3365; x_wconf 82' lang='grc' dir='ltr'>βδέλυγμά</span> <span class='ocrx_word' id='word_1_511' title='bbox 2873 3312 2975 3365; x_wconf 89' lang='grc' dir='ltr'><strong>μου</strong></span> <span class='ocrx_word' id='word_1_512' title='bbox 3002 3296 3342 3368; x_wconf 83' lang='grc' dir='ltr'>ὑπάρχοντα,</span> <span class='ocrx_word' id='word_1_513' title='bbox 3366 3297 3448 3349; x_wconf 80' lang='grc' dir='ltr'>ὅτι</span> <span class='ocrx_word' id='word_1_514' title='bbox 3480 3297 3635 3349; x_wconf 68' lang='grc' dir='ltr'>ἐνρν-</span> 
     </span>
    </p>
   </div>
   <div class='ocr_carea' id='block_1_67' title="bbox 348 3382 1943 3460">
    <p class='ocr_par' dir='ltr' id='par_1_67' title="bbox 348 3382 1941 3458">
     <span class='ocr_line' id='line_1_67' title="bbox 348 3382 1941 3458; baseline -0.004 -16"><span class='ocrx_word' id='word_1_515' title='bbox 348 3391 531 3458; x_wconf 83' lang='lat' dir='ltr'><strong>Atque</strong></span> <span class='ocrx_word' id='word_1_516' title='bbox 586 3387 720 3442; x_wconf 87' lang='lat' dir='ltr'><strong>illud</strong></span> <span class='ocrx_word' id='word_1_517' title='bbox 756 3404 768 3439; x_wconf 93' lang='lat'><strong>:</strong></span> <span class='ocrx_word' id='word_1_518' title='bbox 800 3405 819 3437; x_wconf 75' lang='grc' dir='ltr'><strong>ι</strong></span> <span class='ocrx_word' id='word_1_519' title='bbox 855 3385 1065 3457; x_wconf 77' lang='lat' dir='ltr'><strong>Frange</strong></span> <span class='ocrx_word' id='word_1_520' title='bbox 1098 3385 1372 3441; x_wconf 83' lang='lat' dir='ltr'><strong>esurienti</strong></span> <span class='ocrx_word' id='word_1_521' title='bbox 1412 3397 1619 3454; x_wconf 70' lang='lat' dir='ltr'><strong>panem</strong></span> <span class='ocrx_word' id='word_1_522' title='bbox 1650 3390 1808 3437; x_wconf 74' lang='lat' dir='ltr'><strong>tuum</strong></span> <span class='ocrx_word' id='word_1_523' title='bbox 1841 3382 1941 3435; x_wconf 66' lang='lat' dir='ltr'><strong>&quot;.i</strong></span> 
     </span>
    </p>
   </div>
   <div class='ocr_carea' id='block_1_68' title="bbox 2048 3382 3635 3460">
    <p class='ocr_par' dir='ltr' id='par_1_68' title="bbox 2048 3387 3635 3460">
     <span class='ocr_line' id='line_1_68' title="bbox 2048 3387 3635 3460; baseline 0.001 -19"><span class='ocrx_word' id='word_1_524' title='bbox 2048 3389 2139 3442; x_wconf 85' lang='grc' dir='ltr'><strong>τία</strong></span> <span class='ocrx_word' id='word_1_525' title='bbox 2185 3389 2289 3459; x_wconf 83' lang='grc' dir='ltr'><strong>μού</strong></span> <span class='ocrx_word' id='word_1_526' title='bbox 2325 3389 2487 3444; x_wconf 85' lang='grc' dir='ltr'>εἰσιν.</span> <span class='ocrx_word' id='word_1_527' title='bbox 2526 3388 2649 3452; x_wconf 82' lang='grc' dir='ltr'><strong>Πῶς</strong></span> <span class='ocrx_word' id='word_1_528' title='bbox 2676 3387 2770 3442; x_wconf 81' lang='grc' dir='ltr'>οὖν</span> <span class='ocrx_word' id='word_1_529' title='bbox 2802 3393 2871 3442; x_wconf 77' lang='grc' dir='ltr'>τὰ</span> <span class='ocrx_word' id='word_1_530' title='bbox 2912 3389 3208 3460; x_wconf 74' lang='grc' dir='ltr'>προτέλεια</span> <span class='ocrx_word' id='word_1_531' title='bbox 3246 3390 3467 3460; x_wconf 54' lang='grc' dir='ltr'>ἐπέχειν</span> <span class='ocrx_word' id='word_1_532' title='bbox 3510 3387 3635 3460; x_wconf 75' lang='grc' dir='ltr'>βού-</span> 
     </span>
    </p>
   </div>
   <div class='ocr_carea' id='block_1_69' title="bbox 350 3473 1943 3551">
    <p class='ocr_par' dir='ltr' id='par_1_69' title="bbox 350 3473 1943 3548">
     <span class='ocr_line' id='line_1_69' title="bbox 350 3473 1943 3548; baseline -0.002 -17"><span class='ocrx_word' id='word_1_533' title='bbox 350 3478 418 3532; x_wconf 72' lang='lat' dir='ltr'><strong>lit</strong></span> <span class='ocrx_word' id='word_1_534' title='bbox 473 3478 577 3533; x_wconf 85' lang='lat' dir='ltr'><strong>alia</strong></span> <span class='ocrx_word' id='word_1_535' title='bbox 613 3479 770 3548; x_wconf 82' lang='lat' dir='ltr'><strong>plura</strong></span> <span class='ocrx_word' id='word_1_536' title='bbox 824 3477 995 3532; x_wconf 84' lang='lat' dir='ltr'><strong>divini</strong></span> <span class='ocrx_word' id='word_1_537' title='bbox 1026 3476 1281 3531; x_wconf 76' lang='lat' dir='ltr'><strong>Numinis</strong></span> <span class='ocrx_word' id='word_1_538' title='bbox 1329 3475 1608 3539; x_wconf 81' lang='lat' dir='ltr'><strong>mandata,</strong></span> <span class='ocrx_word' id='word_1_539' title='bbox 1639 3489 1775 3544; x_wconf 65' lang='lat' dir='ltr'><strong>qua:</strong></span> <span class='ocrx_word' id='word_1_540' title='bbox 1796 3473 1943 3543; x_wconf 75' lang='lat' dir='ltr'><strong>quod</strong></span> 
     </span>
    </p>
   </div>
   <div class='ocr_carea' id='block_1_70' title="bbox 2048 3473 3634 3551">
    <p class='ocr_par' dir='ltr' id='par_1_70' title="bbox 2048 3475 3634 3551">
     <span class='ocr_line' id='line_1_70' title="bbox 2048 3475 3634 3551; baseline 0.001 -20"><span class='ocrx_word' id='word_1_541' title='bbox 2048 3478 2132 3531; x_wconf 84' lang='grc' dir='ltr'><strong>λει</strong></span> <span class='ocrx_word' id='word_1_542' title='bbox 2165 3495 2180 3543; x_wconf 89' lang='grc'><strong>;</strong></span> <span class='ocrx_word' id='word_1_543' title='bbox 2232 3478 2585 3548; x_wconf 76' lang='grc' dir='ltr'>Ἀποκριθεὶς</span> <span class='ocrx_word' id='word_1_544' title='bbox 2613 3475 2709 3533; x_wconf 80' lang='grc' dir='ltr'>οὖν</span> <span class='ocrx_word' id='word_1_545' title='bbox 2741 3479 2899 3543; x_wconf 75' lang='grc' dir='ltr'>δ,τοῦ</span> <span class='ocrx_word' id='word_1_546' title='bbox 2950 3482 3131 3551; x_wconf 82' lang='grc' dir='ltr'>φωτὸς</span> <span class='ocrx_word' id='word_1_547' title='bbox 3170 3482 3380 3545; x_wconf 81' lang='grc' dir='ltr'>ἐκεῖνος</span> <span class='ocrx_word' id='word_1_548' title='bbox 3424 3479 3634 3551; x_wconf 77' lang='grc' dir='ltr'>ὑπηρέ-</span> 
     </span>
    </p>
   </div>
   <div class='ocr_carea' id='block_1_71' title="bbox 351 3567 1943 3646">
    <p class='ocr_par' dir='ltr' id='par_1_71' title="bbox 351 3567 1943 3640">
     <span class='ocr_line' id='line_1_71' title="bbox 351 3567 1943 3640; baseline -0.003 -15"><span class='ocrx_word' id='word_1_549' title='bbox 351 3573 714 3626; x_wconf 82' lang='lat' dir='ltr'><strong>adversentur</strong></span> <span class='ocrx_word' id='word_1_550' title='bbox 773 3572 930 3636; x_wconf 89' lang='lat' dir='ltr'><strong>mihi,</strong></span> <span class='ocrx_word' id='word_1_551' title='bbox 983 3569 1229 3640; x_wconf 63' lang='lat' dir='ltr'><strong>proferre</strong></span> <span class='ocrx_word' id='word_1_552' title='bbox 1273 3582 1378 3621; x_wconf 88' lang='lat' dir='ltr'><strong>non</strong></span> <span class='ocrx_word' id='word_1_553' title='bbox 1416 3567 1664 3623; x_wconf 82' lang='lat' dir='ltr'><strong>sustineo</strong></span> <span class='ocrx_word' id='word_1_554' title='bbox 1699 3579 1756 3621; x_wconf 89' lang='lat' dir='ltr'><strong>et</strong></span> <span class='ocrx_word' id='word_1_555' title='bbox 1805 3568 1943 3621; x_wconf 76' lang='lat' dir='ltr'><strong>inter</strong></span> 
     </span>
    </p>
   </div>
   <div class='ocr_carea' id='block_1_72' title="bbox 2048 3567 3635 3646">
    <p class='ocr_par' dir='ltr' id='par_1_72' title="bbox 2048 3571 3635 3646">
     <span class='ocr_line' id='line_1_72' title="bbox 2048 3571 3635 3646; baseline 0.002 -20"><span class='ocrx_word' id='word_1_556' title='bbox 2048 3589 2168 3643; x_wconf 88' lang='grc' dir='ltr'>της,</span> <span class='ocrx_word' id='word_1_557' title='bbox 2200 3571 2306 3644; x_wconf 75' lang='grc' dir='ltr'>ἔφη</span> <span class='ocrx_word' id='word_1_558' title='bbox 2338 3586 2354 3602; x_wconf 81' lang='grc'><strong>⁸</strong></span> <span class='ocrx_word' id='word_1_559' title='bbox 2391 3574 2529 3642; x_wconf 83' lang='grc' dir='ltr'>Δίκη</span> <span class='ocrx_word' id='word_1_560' title='bbox 2564 3573 2775 3645; x_wconf 78' lang='grc' dir='ltr'>μεγάλη</span> <span class='ocrx_word' id='word_1_561' title='bbox 2812 3574 3059 3645; x_wconf 68' lang='grc' dir='ltr'>σήμερον</span> <span class='ocrx_word' id='word_1_562' title='bbox 3093 3574 3299 3645; x_wconf 77' lang='grc' dir='ltr'>μεταξὺ</span> <span class='ocrx_word' id='word_1_563' title='bbox 3325 3577 3505 3646; x_wconf 80' lang='grc' dir='ltr'>ὴμῶν,</span> <span class='ocrx_word' id='word_1_564' title='bbox 3538 3579 3635 3630; x_wconf 70' lang='grc' dir='ltr'>καὶ</span> 
     </span>
    </p>
   </div>
   <div class='ocr_carea' id='block_1_73' title="bbox 352 3659 1943 3737">
    <p class='ocr_par' dir='ltr' id='par_1_73' title="bbox 352 3659 1943 3731">
     <span class='ocr_line' id='line_1_73' title="bbox 352 3659 1943 3731; baseline -0.004 -12"><span class='ocrx_word' id='word_1_565' title='bbox 352 3664 795 3723; x_wconf 84' lang='lat' dir='ltr'><strong>abominationes</strong></span> <span class='ocrx_word' id='word_1_566' title='bbox 830 3677 1056 3731; x_wconf 88' lang='lat' dir='ltr'><strong>repono.</strong></span> <span class='ocrx_word' id='word_1_567' title='bbox 1108 3663 1229 3726; x_wconf 84' lang='lat' dir='ltr'><strong>Quo</strong></span> <span class='ocrx_word' id='word_1_568' title='bbox 1258 3659 1422 3729; x_wconf 77' lang='lat' dir='ltr'><strong>igitur</strong></span> <span class='ocrx_word' id='word_1_569' title='bbox 1471 3668 1634 3729; x_wconf 83' lang='lat' dir='ltr'><strong>pacto</strong></span> <span class='ocrx_word' id='word_1_570' title='bbox 1675 3660 1943 3729; x_wconf 83' lang='lat' dir='ltr'><strong>primitias</strong></span> 
     </span>
    </p>
   </div>
   <div class='ocr_carea' id='block_1_74' title="bbox 2048 3659 3632 3737">
    <p class='ocr_par' dir='ltr' id='par_1_74' title="bbox 2048 3662 3632 3737">
     <span class='ocr_line' id='line_1_74' title="bbox 2048 3662 3632 3737; baseline 0.002 -22"><span class='ocrx_word' id='word_1_571' title='bbox 2048 3663 2149 3715; x_wconf 81' lang='grc' dir='ltr'>οὐκ</span> <span class='ocrx_word' id='word_1_572' title='bbox 2181 3663 2492 3732; x_wconf 74' lang='grc' dir='ltr'>ἀφίσταμαι</span> <span class='ocrx_word' id='word_1_573' title='bbox 2540 3662 2735 3735; x_wconf 81' lang='grc' dir='ltr'>μέχρις</span> <span class='ocrx_word' id='word_1_574' title='bbox 2774 3663 2842 3718; x_wconf 81' lang='grc' dir='ltr'>ἂν</span> <span class='ocrx_word' id='word_1_575' title='bbox 2868 3663 2960 3717; x_wconf 83' lang='grc' dir='ltr'>τὸν</span> <span class='ocrx_word' id='word_1_576' title='bbox 3001 3664 3197 3737; x_wconf 73' lang='grc' dir='ltr'>κριτὴν</span> <span class='ocrx_word' id='word_1_577' title='bbox 3238 3664 3336 3737; x_wconf 81' lang='grc' dir='ltr'>τῆς</span> <span class='ocrx_word' id='word_1_578' title='bbox 3372 3665 3632 3737; x_wconf 74' lang='grc' dir='ltr'>ἀληθείας</span> 
     </span>
    </p>
   </div>
   <div class='ocr_carea' id='block_1_75' title="bbox 352 3749 1943 3825">
    <p class='ocr_par' dir='ltr' id='par_1_75' title="bbox 352 3749 1943 3825">
     <span class='ocr_line' id='line_1_75' title="bbox 352 3749 1943 3825; baseline -0.002 -13"><span class='ocrx_word' id='word_1_579' title='bbox 352 3769 582 3825; x_wconf 84' lang='lat' dir='ltr'><strong>cperam</strong></span> <span class='ocrx_word' id='word_1_580' title='bbox 652 3754 799 3810; x_wconf 90' lang='lat' dir='ltr'><strong>illius</strong></span> <span class='ocrx_word' id='word_1_581' title='bbox 849 3754 946 3813; x_wconf 85' lang='lat' dir='ltr'><strong>tibi</strong></span> <span class='ocrx_word' id='word_1_582' title='bbox 1015 3751 1303 3807; x_wconf 76' lang='lat' dir='ltr'><strong>vindicas?</strong></span> <span class='ocrx_word' id='word_1_583' title='bbox 1355 3749 1658 3822; x_wconf 79' lang='lat' dir='ltr'><strong>Respondit</strong></span> <span class='ocrx_word' id='word_1_584' title='bbox 1721 3754 1943 3824; x_wconf 87' lang='lat' dir='ltr'><strong>angelus</strong></span> 
     </span>
    </p>
   </div>
   <div class='ocr_carea' id='block_1_76' title="bbox 2048 3749 3627 3825">
    <p class='ocr_par' dir='ltr' id='par_1_76' title="bbox 2049 3753 3627 3824">
     <span class='ocr_line' id='line_1_76' title="bbox 2049 3753 3627 3824; baseline 0 -19"><span class='ocrx_word' id='word_1_585' title='bbox 2049 3753 2449 3824; x_wconf 66' lang='grc' dir='ltr'>ἐρωτήσωμεν.</span> <span class='ocrx_word' id='word_1_586' title='bbox 3622 3766 3627 3769; x_wconf 63' lang='grc'>⁷</span> 
     </span>
    </p>
   </div>
   <div class='ocr_carea' id='block_1_77' title="bbox 352 3848 3633 3923">
    <p class='ocr_par' dir='ltr' id='par_1_77' title="bbox 352 3848 3633 3923">
     <span class='ocr_line' id='line_1_77' title="bbox 352 3848 3633 3923; baseline -0 -17"><span class='ocrx_word' id='word_1_587' title='bbox 352 3850 798 3908; x_wconf 79' lang='lat' dir='ltr'><strong>luciszDilliciiis</strong></span> <span class='ocrx_word' id='word_1_588' title='bbox 861 3851 1022 3906; x_wconf 85' lang='lat' dir='ltr'><strong>hodie</strong></span> <span class='ocrx_word' id='word_1_589' title='bbox 1060 3864 1162 3906; x_wconf 89' lang='lat' dir='ltr'><strong>nos</strong></span> <span class='ocrx_word' id='word_1_590' title='bbox 1205 3848 1441 3906; x_wconf 89' lang='lat' dir='ltr'><strong>interlis</strong></span> <span class='ocrx_word' id='word_1_591' title='bbox 1472 3858 1736 3908; x_wconf 83' lang='lat' dir='ltr'><strong>ortaest:</strong></span> <span class='ocrx_word' id='word_1_592' title='bbox 1799 3865 1978 3921; x_wconf 83' lang='lat' dir='ltr'><strong>neque</strong></span> <span class='ocrx_word' id='word_1_593' title='bbox 2050 3850 2396 3921; x_wconf 84' lang='lat' dir='ltr'><strong>acquiescam</strong></span> <span class='ocrx_word' id='word_1_594' title='bbox 2442 3865 2566 3923; x_wconf 81' lang='lat' dir='ltr'><strong>ego,</strong></span> <span class='ocrx_word' id='word_1_595' title='bbox 2629 3852 2809 3921; x_wconf 83' lang='lat' dir='ltr'><strong>quoad</strong></span> <span class='ocrx_word' id='word_1_596' title='bbox 2858 3851 3062 3923; x_wconf 87' lang='lat' dir='ltr'><strong>judicis</strong></span> <span class='ocrx_word' id='word_1_597' title='bbox 3117 3868 3301 3907; x_wconf 71' lang='lat' dir='ltr'><strong>veram</strong></span> <span class='ocrx_word' id='word_1_598' title='bbox 3357 3867 3517 3922; x_wconf 85' lang='lat' dir='ltr'><strong>super</strong></span> <span class='ocrx_word' id='word_1_599' title='bbox 3542 3851 3633 3906; x_wconf 84' lang='lat' dir='ltr'><strong>illa</strong></span> 
     </span>
    </p>
   </div>
   <div class='ocr_carea' id='block_1_78' title="bbox 355 3943 1142 4002">
    <p class='ocr_par' dir='ltr' id='par_1_78' title="bbox 355 3943 1142 4002">
     <span class='ocr_line' id='line_1_78' title="bbox 355 3943 1142 4002; baseline -0.008 -1"><span class='ocrx_word' id='word_1_600' title='bbox 355 3946 688 4002; x_wconf 86' lang='lat' dir='ltr'><strong>dccisionem</strong></span> <span class='ocrx_word' id='word_1_601' title='bbox 718 3943 1142 4002; x_wconf 86' lang='lat' dir='ltr'><strong>obtinuerimus.</strong></span> 
     </span>
    </p>
   </div>
   <div class='ocr_carea' id='block_1_79' title="bbox 431 4063 1949 4135">
    <p class='ocr_par' dir='ltr' id='par_1_79' title="bbox 431 4063 1949 4135">
     <span class='ocr_line' id='line_1_79' title="bbox 431 4063 1949 4135; baseline -0.003 -16"><span class='ocrx_word' id='word_1_602' title='bbox 431 4064 558 4121; x_wconf 67' lang='lat'><strong>108.</strong></span> <span class='ocrx_word' id='word_1_603' title='bbox 614 4063 831 4119; x_wconf 68' lang='lat' dir='ltr'><strong>Auditis</strong></span> <span class='ocrx_word' id='word_1_604' title='bbox 880 4063 1054 4131; x_wconf 85' lang='lat' dir='ltr'><strong>hisce,</strong></span> <span class='ocrx_word' id='word_1_605' title='bbox 1116 4063 1429 4134; x_wconf 84' lang='lat' dir='ltr'><strong>indignatus</strong></span> <span class='ocrx_word' id='word_1_606' title='bbox 1463 4073 1548 4118; x_wconf 88' lang='lat' dir='ltr'><strong>est</strong></span> <span class='ocrx_word' id='word_1_607' title='bbox 1598 4067 1754 4135; x_wconf 88' lang='lat' dir='ltr'><strong>niger</strong></span> <span class='ocrx_word' id='word_1_608' title='bbox 1773 4078 1949 4117; x_wconf 89' lang='lat' dir='ltr'><strong>eunu-</strong></span> 
     </span>
    </p>
   </div>
   <div class='ocr_carea' id='block_1_80' title="bbox 359 4154 1953 4227">
    <p class='ocr_par' dir='ltr' id='par_1_80' title="bbox 359 4154 1953 4227">
     <span class='ocr_line' id='line_1_80' title="bbox 359 4154 1953 4227; baseline -0.004 -14"><span class='ocrx_word' id='word_1_609' title='bbox 359 4159 524 4226; x_wconf 87' lang='lat' dir='ltr'><strong>chus,</strong></span> <span class='ocrx_word' id='word_1_610' title='bbox 558 4157 809 4227; x_wconf 77' lang='lat' dir='ltr'><strong>dixitque</strong></span> <span class='ocrx_word' id='word_1_611' title='bbox 827 4154 1063 4211; x_wconf 77' lang='lat' dir='ltr'><strong>eandido</strong></span> <span class='ocrx_word' id='word_1_612' title='bbox 1096 4171 1111 4209; x_wconf 94' lang='lat'><strong>:</strong></span> <span class='ocrx_word' id='word_1_613' title='bbox 1143 4156 1410 4222; x_wconf 81' lang='lat' dir='ltr'><strong>Quoniam</strong></span> <span class='ocrx_word' id='word_1_614' title='bbox 1446 4172 1475 4212; x_wconf 92' lang='lat' dir='ltr'><strong>a</strong></span> <span class='ocrx_word' id='word_1_615' title='bbox 1508 4157 1843 4225; x_wconf 75' lang='lat' dir='ltr'><strong>benignitate</strong></span> <span class='ocrx_word' id='word_1_616' title='bbox 1859 4172 1953 4209; x_wconf 86' lang='lat' dir='ltr'><strong>ur-</strong></span> 
     </span>
    </p>
   </div>
   <div class='ocr_carea' id='block_1_81' title="bbox 356 4246 1946 4317">
    <p class='ocr_par' dir='ltr' id='par_1_81' title="bbox 356 4246 1946 4317">
     <span class='ocr_line' id='line_1_81' title="bbox 356 4246 1946 4317; baseline -0.003 -14"><span class='ocrx_word' id='word_1_617' title='bbox 356 4248 507 4303; x_wconf 89' lang='lat' dir='ltr'><strong>ditur</strong></span> <span class='ocrx_word' id='word_1_618' title='bbox 551 4249 825 4317; x_wconf 84' lang='lat' dir='ltr'><strong>benignns</strong></span> <span class='ocrx_word' id='word_1_619' title='bbox 851 4246 1133 4302; x_wconf 85' lang='lat' dir='ltr'><strong>hominum</strong></span> <span class='ocrx_word' id='word_1_620' title='bbox 1159 4258 1371 4303; x_wconf 86' lang='lat' dir='ltr'><strong>amator</strong></span> <span class='ocrx_word' id='word_1_621' title='bbox 1421 4249 1584 4315; x_wconf 83' lang='lat' dir='ltr'><strong>Deus,</strong></span> <span class='ocrx_word' id='word_1_622' title='bbox 1617 4257 1671 4303; x_wconf 86' lang='lat' dir='ltr'><strong>et</strong></span> <span class='ocrx_word' id='word_1_623' title='bbox 1704 4247 1757 4301; x_wconf 93' lang='lat' dir='ltr'><strong>in</strong></span> <span class='ocrx_word' id='word_1_624' title='bbox 1789 4246 1946 4301; x_wconf 83' lang='lat' dir='ltr'><strong>beni-</strong></span> 
     </span>
    </p>
   </div>
   <div class='ocr_carea' id='block_1_82' title="bbox 356 4339 1955 4412">
    <p class='ocr_par' dir='ltr' id='par_1_82' title="bbox 356 4339 1955 4412">
     <span class='ocr_line' id='line_1_82' title="bbox 356 4339 1955 4412; baseline -0.001 -19"><span class='ocrx_word' id='word_1_625' title='bbox 356 4340 621 4411; x_wconf 80' lang='lat' dir='ltr'><strong>gnitatem</strong></span> <span class='ocrx_word' id='word_1_626' title='bbox 683 4339 902 4405; x_wconf 84' lang='lat' dir='ltr'><strong>desiuit,</strong></span> <span class='ocrx_word' id='word_1_627' title='bbox 932 4339 1061 4396; x_wconf 85' lang='lat' dir='ltr'><strong>hinc</strong></span> <span class='ocrx_word' id='word_1_628' title='bbox 1085 4350 1263 4397; x_wconf 88' lang='lat' dir='ltr'><strong>astute</strong></span> <span class='ocrx_word' id='word_1_629' title='bbox 1303 4341 1439 4398; x_wconf 86' lang='lat' dir='ltr'><strong>satis</strong></span> <span class='ocrx_word' id='word_1_630' title='bbox 1466 4341 1644 4412; x_wconf 87' lang='lat' dir='ltr'><strong>ipsum</strong></span> <span class='ocrx_word' id='word_1_631' title='bbox 1689 4340 1955 4409; x_wconf 79' lang='lat' dir='ltr'><strong>appellas,</strong></span> 
     </span>
    </p>
   </div>
   <div class='ocr_carea' id='block_1_83' title="bbox 357 4432 1948 4501">
    <p class='ocr_par' dir='ltr' id='par_1_83' title="bbox 357 4432 1948 4501">
     <span class='ocr_line' id='line_1_83' title="bbox 357 4432 1948 4501; baseline -0.001 -15"><span class='ocrx_word' id='word_1_632' title='bbox 357 4448 389 4486; x_wconf 89' lang='lat' dir='ltr'><strong>a</strong></span> <span class='ocrx_word' id='word_1_633' title='bbox 420 4446 532 4501; x_wconf 92' lang='lat' dir='ltr'><strong>quo</strong></span> <span class='ocrx_word' id='word_1_634' title='bbox 592 4432 760 4501; x_wconf 82' lang='lat' dir='ltr'><strong>probe</strong></span> <span class='ocrx_word' id='word_1_635' title='bbox 784 4432 910 4488; x_wconf 81' lang='lat' dir='ltr'><strong>nevi</strong></span> <span class='ocrx_word' id='word_1_636' title='bbox 946 4433 1257 4489; x_wconf 87' lang='lat' dir='ltr'><strong>ablaturum</strong></span> <span class='ocrx_word' id='word_1_637' title='bbox 1305 4442 1378 4499; x_wconf 89' lang='lat' dir='ltr'><strong>te,</strong></span> <span class='ocrx_word' id='word_1_638' title='bbox 1414 4447 1540 4489; x_wconf 90' lang='lat' dir='ltr'><strong>cum</strong></span> <span class='ocrx_word' id='word_1_639' title='bbox 1584 4433 1784 4488; x_wconf 87' lang='lat' dir='ltr'><strong>damno</strong></span> <span class='ocrx_word' id='word_1_640' title='bbox 1808 4448 1948 4496; x_wconf 90' lang='lat' dir='ltr'><strong>meo,</strong></span> 
     </span>
    </p>
   </div>
   <div class='ocr_carea' id='block_1_84' title="bbox 359 4522 1948 4597">
    <p class='ocr_par' dir='ltr' id='par_1_84' title="bbox 359 4522 1948 4597">
     <span class='ocr_line' id='line_1_84' title="bbox 359 4522 1948 4597; baseline 0.001 -20"><span class='ocrx_word' id='word_1_641' title='bbox 359 4523 507 4592; x_wconf 75' lang='lat' dir='ltr'><strong>quod</strong></span> <span class='ocrx_word' id='word_1_642' title='bbox 561 4524 812 4593; x_wconf 80' lang='lat' dir='ltr'><strong>expetis:</strong></span> <span class='ocrx_word' id='word_1_643' title='bbox 848 4536 1182 4597; x_wconf 86' lang='lat' dir='ltr'><strong>quapropter</strong></span> <span class='ocrx_word' id='word_1_644' title='bbox 1230 4529 1373 4581; x_wconf 83' lang='lat' dir='ltr'><strong>hanc</strong></span> <span class='ocrx_word' id='word_1_645' title='bbox 1435 4539 1536 4595; x_wconf 81' lang='lat' dir='ltr'><strong>ego</strong></span> <span class='ocrx_word' id='word_1_646' title='bbox 1580 4522 1948 4579; x_wconf 87' lang='lat' dir='ltr'><strong>conditionem</strong></span> 
     </span>
    </p>
   </div>
   <div class='ocr_carea' id='block_1_85' title="bbox 358 4615 1951 4688">
    <p class='ocr_par' dir='ltr' id='par_1_85' title="bbox 358 4615 1951 4688">
     <span class='ocr_line' id='line_1_85' title="bbox 358 4615 1951 4688; baseline 0.001 -20"><span class='ocrx_word' id='word_1_647' title='bbox 358 4629 470 4669; x_wconf 85' lang='lat' dir='ltr'><strong>non</strong></span> <span class='ocrx_word' id='word_1_648' title='bbox 509 4625 755 4685; x_wconf 82' lang='lat' dir='ltr'><strong>accepto.</strong></span> <span class='ocrx_word' id='word_1_649' title='bbox 813 4616 914 4672; x_wconf 88' lang='lat' dir='ltr'><strong>Cui</strong></span> <span class='ocrx_word' id='word_1_650' title='bbox 974 4621 1203 4688; x_wconf 81' lang='lat' dir='ltr'><strong>angelus</strong></span> <span class='ocrx_word' id='word_1_651' title='bbox 1232 4615 1446 4672; x_wconf 90' lang='lat' dir='ltr'><strong>Domini</strong></span> <span class='ocrx_word' id='word_1_652' title='bbox 1510 4627 1635 4668; x_wconf 89' lang='lat' dir='ltr'><strong>cum</strong></span> <span class='ocrx_word' id='word_1_653' title='bbox 1668 4615 1951 4669; x_wconf 85' lang='lat' dir='ltr'><strong>stomacho</strong></span> 
     </span>
    </p>
   </div>
   <div class='ocr_carea' id='block_1_86' title="bbox 370 4706 1950 4778">
    <p class='ocr_par' dir='ltr' id='par_1_86' title="bbox 370 4706 1950 4778">
     <span class='ocr_line' id='line_1_86' title="bbox 370 4706 1950 4778; baseline 0 -16"><span class='ocrx_word' id='word_1_654' title='bbox 370 4708 444 4762; x_wconf 68' lang='lat' dir='ltr'><strong>ita</strong></span> <span class='ocrx_word' id='word_1_655' title='bbox 469 4710 710 4763; x_wconf 88' lang='lat' dir='ltr'><strong>occurrit</strong></span> <span class='ocrx_word' id='word_1_656' title='bbox 739 4731 751 4762; x_wconf 86' lang='lat'><strong>;</strong></span> <span class='ocrx_word' id='word_1_657' title='bbox 782 4709 976 4765; x_wconf 88' lang='lat' dir='ltr'><strong>Dolose</strong></span> <span class='ocrx_word' id='word_1_658' title='bbox 1008 4711 1355 4766; x_wconf 85' lang='lat' dir='ltr'><strong>machinator</strong></span> <span class='ocrx_word' id='word_1_659' title='bbox 1376 4708 1619 4773; x_wconf 82' lang='lat' dir='ltr'><strong>fraudis;</strong></span> <span class='ocrx_word' id='word_1_660' title='bbox 1654 4706 1748 4777; x_wconf 86' lang='lat' dir='ltr'><strong>qui</strong></span> <span class='ocrx_word' id='word_1_661' title='bbox 1780 4709 1950 4778; x_wconf 84' lang='lat' dir='ltr'><strong>legem</strong></span> 
     </span>
    </p>
   </div>
   <div class='ocr_carea' id='block_1_87' title="bbox 361 4800 1953 4871">
    <p class='ocr_par' dir='ltr' id='par_1_87' title="bbox 361 4800 1953 4871">
     <span class='ocr_line' id='line_1_87' title="bbox 361 4800 1953 4871; baseline 0 -18"><span class='ocrx_word' id='word_1_662' title='bbox 361 4801 650 4856; x_wconf 84' lang='lat' dir='ltr'><strong>constituit</strong></span> <span class='ocrx_word' id='word_1_663' title='bbox 692 4801 821 4858; x_wconf 78' lang='lat' dir='ltr'><strong>ﬁliis</strong></span> <span class='ocrx_word' id='word_1_664' title='bbox 841 4802 1153 4865; x_wconf 84' lang='lat' dir='ltr'><strong>hominum,</strong></span> <span class='ocrx_word' id='word_1_665' title='bbox 1187 4815 1298 4871; x_wconf 88' lang='lat' dir='ltr'><strong>quo</strong></span> <span class='ocrx_word' id='word_1_666' title='bbox 1326 4800 1590 4871; x_wconf 73' lang='lat' dir='ltr'><strong>iubentur</strong></span> <span class='ocrx_word' id='word_1_667' title='bbox 1638 4809 1783 4855; x_wconf 84' lang='lat' dir='ltr'><strong>recta</strong></span> <span class='ocrx_word' id='word_1_668' title='bbox 1810 4800 1953 4854; x_wconf 84' lang='lat' dir='ltr'><strong>terre</strong></span> 
     </span>
    </p>
   </div>
   <div class='ocr_carea' id='block_1_88' title="bbox 357 4892 1953 4967">
    <p class='ocr_par' dir='ltr' id='par_1_88' title="bbox 357 4892 1953 4967">
     <span class='ocr_line' id='line_1_88' title="bbox 357 4892 1953 4967; baseline -0.003 -17"><span class='ocrx_word' id='word_1_669' title='bbox 357 4894 585 4967; x_wconf 83' lang='lat' dir='ltr'><strong>judicia,</strong></span> <span class='ocrx_word' id='word_1_670' title='bbox 611 4893 689 4949; x_wconf 89' lang='lat' dir='ltr'><strong>nil</strong></span> <span class='ocrx_word' id='word_1_671' title='bbox 718 4896 1040 4950; x_wconf 86' lang='lat' dir='ltr'><strong>miserantes</strong></span> <span class='ocrx_word' id='word_1_672' title='bbox 1071 4892 1349 4948; x_wconf 85' lang='lat' dir='ltr'><strong>fortunam</strong></span> <span class='ocrx_word' id='word_1_673' title='bbox 1374 4893 1652 4964; x_wconf 82' lang='lat' dir='ltr'><strong>pauperis,</strong></span> <span class='ocrx_word' id='word_1_674' title='bbox 1676 4894 1752 4948; x_wconf 90' lang='lat' dir='ltr'><strong>nil</strong></span> <span class='ocrx_word' id='word_1_675' title='bbox 1779 4895 1953 4962; x_wconf 84' lang='lat' dir='ltr'><strong>respi-</strong></span> 
     </span>
    </p>
   </div>
   <div class='ocr_carea' id='block_1_89' title="bbox 364 4982 1961 5056">
    <p class='ocr_par' dir='ltr' id='par_1_89' title="bbox 364 4982 1961 5056">
     <span class='ocr_line' id='line_1_89' title="bbox 364 4982 1961 5056; baseline -0.003 -14"><span class='ocrx_word' id='word_1_676' title='bbox 364 4991 575 5042; x_wconf 87' lang='lat' dir='ltr'><strong>cientes</strong></span> <span class='ocrx_word' id='word_1_677' title='bbox 608 5000 898 5056; x_wconf 84' lang='lat' dir='ltr'><strong>personam</strong></span> <span class='ocrx_word' id='word_1_678' title='bbox 923 4986 1142 5051; x_wconf 81' lang='lat' dir='ltr'><strong>divitis;</strong></span> <span class='ocrx_word' id='word_1_679' title='bbox 1182 4984 1271 5039; x_wconf 90' lang='lat' dir='ltr'><strong>ille</strong></span> <span class='ocrx_word' id='word_1_680' title='bbox 1300 4984 1468 5048; x_wconf 90' lang='lat' dir='ltr'><strong>idem,</strong></span> <span class='ocrx_word' id='word_1_681' title='bbox 1489 4985 1767 5054; x_wconf 71' lang='lat' dir='ltr'><strong>sapientiae</strong></span> <span class='ocrx_word' id='word_1_682' title='bbox 1789 4982 1961 5055; x_wconf 86' lang='lat' dir='ltr'><strong>justi-</strong></span> 
     </span>
    </p>
   </div>
   <div class='ocr_carea' id='block_1_90' title="bbox 366 5074 1960 5149">
    <p class='ocr_par' dir='ltr' id='par_1_90' title="bbox 366 5074 1960 5149">
     <span class='ocr_line' id='line_1_90' title="bbox 366 5074 1960 5149; baseline -0.003 -15"><span class='ocrx_word' id='word_1_683' title='bbox 366 5081 565 5149; x_wconf 79' lang='lat' dir='ltr'><strong>tiseque</strong></span> <span class='ocrx_word' id='word_1_684' title='bbox 596 5076 890 5145; x_wconf 77' lang='lat' dir='ltr'><strong>terminus,</strong></span> <span class='ocrx_word' id='word_1_685' title='bbox 918 5089 1011 5134; x_wconf 89' lang='lat' dir='ltr'><strong>tua</strong></span> <span class='ocrx_word' id='word_1_686' title='bbox 1037 5076 1445 5133; x_wconf 81' lang='lat' dir='ltr'><strong>sceleratissimi</strong></span> <span class='ocrx_word' id='word_1_687' title='bbox 1469 5092 1638 5133; x_wconf 86' lang='lat' dir='ltr'><strong>causa</strong></span> <span class='ocrx_word' id='word_1_688' title='bbox 1689 5092 1718 5130; x_wconf 89' lang='lat' dir='ltr'><strong>a</strong></span> <span class='ocrx_word' id='word_1_689' title='bbox 1764 5074 1960 5147; x_wconf 89' lang='lat' dir='ltr'><strong>judicii</strong></span> 
     </span>
    </p>
   </div>
   <div class='ocr_carea' id='block_1_91' title="bbox 338 5160 1961 5238">
    <p class='ocr_par' dir='ltr' id='par_1_91' title="bbox 338 5160 1961 5238">
     <span class='ocr_line' id='line_1_91' title="bbox 338 5160 1961 5238; baseline -0.002 -11"><span class='ocrx_word' id='word_1_690' title='bbox 338 5160 692 5227; x_wconf 75' lang='lat' dir='ltr'><strong>rectitudine</strong></span> <span class='ocrx_word' id='word_1_691' title='bbox 748 5172 912 5226; x_wconf 84' lang='lat' dir='ltr'><strong>modo</strong></span> <span class='ocrx_word' id='word_1_692' title='bbox 984 5168 1283 5224; x_wconf 77' lang='lat' dir='ltr'><strong>deﬂectat?</strong></span> <span class='ocrx_word' id='word_1_693' title='bbox 1338 5168 1615 5223; x_wconf 84' lang='lat' dir='ltr'><strong>Adesdum</strong></span> <span class='ocrx_word' id='word_1_694' title='bbox 1660 5170 1825 5238; x_wconf 85' lang='lat' dir='ltr'><strong>igitur</strong></span> <span class='ocrx_word' id='word_1_695' title='bbox 1856 5170 1961 5223; x_wconf 89' lang='lat' dir='ltr'><strong>httc</strong></span> 
     </span>
    </p>
   </div>
   <div class='ocr_carea' id='block_1_92' title="bbox 363 5261 1959 5331">
    <p class='ocr_par' dir='ltr' id='par_1_92' title="bbox 363 5261 1959 5331">
     <span class='ocr_line' id='line_1_92' title="bbox 363 5261 1959 5331; baseline 0 -14"><span class='ocrx_word' id='word_1_696' title='bbox 363 5279 471 5319; x_wconf 87' lang='lat' dir='ltr'><strong>una</strong></span> <span class='ocrx_word' id='word_1_697' title='bbox 500 5280 711 5320; x_wconf 82' lang='lat' dir='ltr'><strong>mecum</strong></span> <span class='ocrx_word' id='word_1_698' title='bbox 744 5282 759 5318; x_wconf 91' lang='lat'><strong>:</strong></span> <span class='ocrx_word' id='word_1_699' title='bbox 795 5272 849 5318; x_wconf 90' lang='lat' dir='ltr'><strong>et</strong></span> <span class='ocrx_word' id='word_1_700' title='bbox 884 5263 937 5317; x_wconf 88' lang='lat' dir='ltr'><strong>in</strong></span> <span class='ocrx_word' id='word_1_701' title='bbox 958 5262 1170 5330; x_wconf 88' lang='lat' dir='ltr'><strong>judicio</strong></span> <span class='ocrx_word' id='word_1_702' title='bbox 1219 5262 1426 5328; x_wconf 91' lang='lat' dir='ltr'><strong>divino,</strong></span> <span class='ocrx_word' id='word_1_703' title='bbox 1458 5271 1550 5317; x_wconf 83' lang='lat' dir='ltr'><strong>aut</strong></span> <span class='ocrx_word' id='word_1_704' title='bbox 1577 5261 1959 5331; x_wconf 86' lang='lat' dir='ltr'><strong>persuadendo</strong></span> 
     </span>
    </p>
   </div>
   <div class='ocr_carea' id='block_1_93' title="bbox 2128 4052 3633 4137">
    <p class='ocr_par' dir='ltr' id='par_1_93' title="bbox 2128 4052 3633 4137">
     <span class='ocr_line' id='line_1_93' title="bbox 2128 4052 3633 4137; baseline 0.006 -26"><span class='ocrx_word' id='word_1_705' title='bbox 2128 4054 2235 4129; x_wconf 88' lang='grc' dir='ltr'>ρη’.</span> <span class='ocrx_word' id='word_1_706' title='bbox 2261 4057 2447 4113; x_wconf 83' lang='grc' dir='ltr'>Ταῦτα</span> <span class='ocrx_word' id='word_1_707' title='bbox 2468 4052 2711 4123; x_wconf 73' lang='grc' dir='ltr'>ἀκούσας</span> <span class='ocrx_word' id='word_1_708' title='bbox 2727 4060 2756 4112; x_wconf 92' lang='lat'><strong>6</strong></span> <span class='ocrx_word' id='word_1_709' title='bbox 2780 4059 2969 4130; x_wconf 80' lang='grc' dir='ltr'>μέλας,</span> <span class='ocrx_word' id='word_1_710' title='bbox 2989 4061 3361 4133; x_wconf 52' lang='grc' dir='ltr'>ὲδυσλέραινε,</span> <span class='ocrx_word' id='word_1_711' title='bbox 3385 4066 3478 4119; x_wconf 88' lang='grc' dir='ltr'><strong>καί</strong></span> <span class='ocrx_word' id='word_1_712' title='bbox 3497 4084 3633 4137; x_wconf 63' lang='grc' dir='ltr'>φησι</span> 
     </span>
    </p>
   </div>
   <div class='ocr_carea' id='block_1_94' title="bbox 2059 4148 3635 4229">
    <p class='ocr_par' dir='ltr' id='par_1_94' title="bbox 2059 4148 3635 4229">
     <span class='ocr_line' id='line_1_94' title="bbox 2059 4148 3635 4229; baseline 0.008 -29"><span class='ocrx_word' id='word_1_713' title='bbox 2059 4148 2196 4220; x_wconf 80' lang='grc' dir='ltr'>πρὸς</span> <span class='ocrx_word' id='word_1_714' title='bbox 2229 4148 2320 4202; x_wconf 80' lang='grc' dir='ltr'><strong>τδν</strong></span> <span class='ocrx_word' id='word_1_715' title='bbox 2377 4148 2710 4221; x_wconf 82' lang='grc' dir='ltr'>λευχείμονα</span> <span class='ocrx_word' id='word_1_716' title='bbox 2744 4167 2760 4182; x_wconf 82' lang='grc'><strong>’</strong></span> <span class='ocrx_word' id='word_1_717' title='bbox 2824 4151 3046 4224; x_wconf 74' lang='grc' dir='ltr'>Ἐπειδὴ</span> <span class='ocrx_word' id='word_1_718' title='bbox 3075 4156 3184 4207; x_wconf 74' lang='grc' dir='ltr'><strong>ἀπὸ</strong></span> <span class='ocrx_word' id='word_1_719' title='bbox 3218 4159 3635 4229; x_wconf 68' lang='grc' dir='ltr'>φιλανθρωπίας</span> 
     </span>
    </p>
   </div>
   <div class='ocr_carea' id='block_1_95' title="bbox 2055 4241 3637 4318">
    <p class='ocr_par' dir='ltr' id='par_1_95' title="bbox 2055 4241 3637 4318">
     <span class='ocr_line' id='line_1_95' title="bbox 2055 4241 3637 4318; baseline 0.005 -23"><span class='ocrx_word' id='word_1_720' title='bbox 2055 4241 2288 4313; x_wconf 77' lang='grc' dir='ltr'>ἄρχεται</span> <span class='ocrx_word' id='word_1_721' title='bbox 2316 4245 2344 4297; x_wconf 91' lang='lat'><strong>6</strong></span> <span class='ocrx_word' id='word_1_722' title='bbox 2376 4241 2779 4313; x_wconf 80' lang='grc' dir='ltr'>φιλάνθρωπος,</span> <span class='ocrx_word' id='word_1_723' title='bbox 2827 4250 2923 4300; x_wconf 74' lang='grc' dir='ltr'>καὶ</span> <span class='ocrx_word' id='word_1_724' title='bbox 2970 4247 3124 4318; x_wconf 76' lang='grc' dir='ltr'>λήγει</span> <span class='ocrx_word' id='word_1_725' title='bbox 3171 4249 3252 4313; x_wconf 75' lang='grc' dir='ltr'><strong>είς</strong></span> <span class='ocrx_word' id='word_1_726' title='bbox 3297 4250 3637 4318; x_wconf 73' lang='grc' dir='ltr'>ἁγαθὸτι,τα,</span> 
     </span>
    </p>
   </div>
   <div class='ocr_carea' id='block_1_96' title="bbox 2056 4334 3640 4412">
    <p class='ocr_par' dir='ltr' id='par_1_96' title="bbox 2056 4334 3640 4412">
     <span class='ocr_line' id='line_1_96' title="bbox 2056 4334 3640 4412; baseline 0.006 -26"><span class='ocrx_word' id='word_1_727' title='bbox 2056 4334 2154 4403; x_wconf 79' lang='grc' dir='ltr'>τῆς</span> <span class='ocrx_word' id='word_1_728' title='bbox 2185 4335 2363 4399; x_wconf 87' lang='grc' dir='ltr'>αἰτίας</span> <span class='ocrx_word' id='word_1_729' title='bbox 2388 4336 2578 4390; x_wconf 73' lang='grc' dir='ltr'>ἕνεκεν</span> <span class='ocrx_word' id='word_1_730' title='bbox 2606 4337 2933 4409; x_wconf 79' lang='grc' dir='ltr'>πανούργως</span> <span class='ocrx_word' id='word_1_731' title='bbox 2959 4341 3095 4411; x_wconf 67' lang='grc' dir='ltr'>πρὸς</span> <span class='ocrx_word' id='word_1_732' title='bbox 3120 4340 3212 4394; x_wconf 74' lang='grc' dir='ltr'><strong>τὸν</strong></span> <span class='ocrx_word' id='word_1_733' title='bbox 3242 4341 3376 4394; x_wconf 80' lang='grc' dir='ltr'>Θεὸν</span> <span class='ocrx_word' id='word_1_734' title='bbox 3399 4343 3640 4412; x_wconf 70' lang='grc' dir='ltr'>κατέφυ-</span> 
     </span>
    </p>
   </div>
   <div class='ocr_carea' id='block_1_97' title="bbox 2055 4424 3641 4507">
    <p class='ocr_par' dir='ltr' id='par_1_97' title="bbox 2055 4424 3641 4507">
     <span class='ocr_line' id='line_1_97' title="bbox 2055 4424 3641 4507; baseline 0.006 -27"><span class='ocrx_word' id='word_1_735' title='bbox 2055 4443 2172 4494; x_wconf 82' lang='grc' dir='ltr'>γες.</span> <span class='ocrx_word' id='word_1_736' title='bbox 2203 4429 2297 4481; x_wconf 65' lang='grc' dir='ltr'>καὶ</span> <span class='ocrx_word' id='word_1_737' title='bbox 2327 4424 2447 4482; x_wconf 79' lang='grc' dir='ltr'>οἰδα</span> <span class='ocrx_word' id='word_1_738' title='bbox 2474 4429 2554 4482; x_wconf 81' lang='grc' dir='ltr'>ὅτι</span> <span class='ocrx_word' id='word_1_739' title='bbox 2577 4431 2698 4483; x_wconf 80' lang='grc' dir='ltr'><strong>κάτ’</strong></span> <span class='ocrx_word' id='word_1_740' title='bbox 2727 4431 2863 4500; x_wconf 77' lang='grc' dir='ltr'>ἐμοῦ</span> <span class='ocrx_word' id='word_1_741' title='bbox 2896 4433 3039 4503; x_wconf 81' lang='grc' dir='ltr'>ἔχεις</span> <span class='ocrx_word' id='word_1_742' title='bbox 3070 4434 3351 4503; x_wconf 74' lang='grc' dir='ltr'>ἐξενέγκαι</span> <span class='ocrx_word' id='word_1_743' title='bbox 3377 4437 3476 4507; x_wconf 82' lang='grc' dir='ltr'>τὴν</span> <span class='ocrx_word' id='word_1_744' title='bbox 3503 4440 3641 4507; x_wconf 45' lang='lat' dir='ltr'><strong>at:qu</strong></span> 
     </span>
    </p>
   </div>
   <div class='ocr_carea' id='block_1_98' title="bbox 2057 4506 3635 4596">
    <p class='ocr_par' dir='ltr' id='par_1_98' title="bbox 2057 4521 3635 4596">
     <span class='ocr_line' id='line_1_98' title="bbox 2057 4521 3635 4596; baseline 0.006 -22"><span class='ocrx_word' id='word_1_745' title='bbox 2057 4539 2243 4590; x_wconf 81' lang='grc' dir='ltr'>φασιν.</span> <span class='ocrx_word' id='word_1_746' title='bbox 2292 4521 2406 4594; x_wconf 77' lang='grc' dir='ltr'>[Διὸ</span> <span class='ocrx_word' id='word_1_747' title='bbox 2468 4527 2557 4576; x_wconf 76' lang='grc' dir='ltr'><strong>καὶ</strong></span> <span class='ocrx_word' id='word_1_748' title='bbox 2608 4524 2981 4596; x_wconf 84' lang='grc' dir='ltr'>ἀπαναίνομαι</span> <span class='ocrx_word' id='word_1_749' title='bbox 3049 4528 3141 4581; x_wconf 83' lang='grc' dir='ltr'><strong>τδν</strong></span> <span class='ocrx_word' id='word_1_750' title='bbox 3202 4527 3448 4584; x_wconf 78' lang='grc' dir='ltr'>τοιοῦτον</span> <span class='ocrx_word' id='word_1_751' title='bbox 3505 4548 3635 4584; x_wconf 83' lang='grc' dir='ltr'>σκο-</span> 
     </span>
    </p>
   </div>
   <div class='ocr_carea' id='block_1_99' title="bbox 2061 4611 3635 4689">
    <p class='ocr_par' dir='ltr' id='par_1_99' title="bbox 2061 4611 3635 4689">
     <span class='ocr_line' id='line_1_99' title="bbox 2061 4611 3635 4689; baseline 0.006 -25"><span class='ocrx_word' id='word_1_752' title='bbox 2061 4612 2161 4664; x_wconf 87' lang='grc' dir='ltr'>πόν</span> <span class='ocrx_word' id='word_1_753' title='bbox 2195 4611 2306 4684; x_wconf 70' lang='grc'><strong>(34)</strong></span> <span class='ocrx_word' id='word_1_754' title='bbox 2430 4613 2490 4667; x_wconf 84' lang='lat'><strong>&#39;0</strong></span> <span class='ocrx_word' id='word_1_755' title='bbox 2519 4615 2575 4667; x_wconf 85' lang='grc' dir='ltr'>δὲ</span> <span class='ocrx_word' id='word_1_756' title='bbox 2637 4615 2868 4684; x_wconf 80' lang='grc' dir='ltr'>ἅγγελος</span> <span class='ocrx_word' id='word_1_757' title='bbox 2894 4618 3098 4687; x_wconf 69' lang='grc' dir='ltr'>Κυρίου</span> <span class='ocrx_word' id='word_1_758' title='bbox 3130 4618 3235 4689; x_wconf 72' lang='grc' dir='ltr'><strong>ἔφη</strong></span> <span class='ocrx_word' id='word_1_759' title='bbox 3268 4620 3404 4689; x_wconf 65' lang='grc' dir='ltr'>πρὸς</span> <span class='ocrx_word' id='word_1_760' title='bbox 3435 4621 3596 4677; x_wconf 72' lang='grc' dir='ltr'>αὐτόν</span> <span class='ocrx_word' id='word_1_761' title='bbox 3618 4636 3635 4651; x_wconf 69' lang='grc' dir='ltr'><strong>ο</strong></span> 
     </span>
    </p>
   </div>
   <div class='ocr_carea' id='block_1_100' title="bbox 2058 4702 3639 4778">
    <p class='ocr_par' dir='ltr' id='par_1_100' title="bbox 2058 4702 3639 4778">
     <span class='ocr_line' id='line_1_100' title="bbox 2058 4702 3639 4778; baseline 0.009 -24"><span class='ocrx_word' id='word_1_762' title='bbox 2058 4702 2212 4755; x_wconf 67' lang='grc' dir='ltr'>Δάλιε</span> <span class='ocrx_word' id='word_1_763' title='bbox 2272 4703 2370 4757; x_wconf 76' lang='grc' dir='ltr'>καὶ</span> <span class='ocrx_word' id='word_1_764' title='bbox 2423 4704 2703 4771; x_wconf 84' lang='grc' dir='ltr'>ἀπατεὼν,</span> <span class='ocrx_word' id='word_1_765' title='bbox 2739 4707 2767 4759; x_wconf 96' lang='lat'><strong>6</strong></span> <span class='ocrx_word' id='word_1_766' title='bbox 2808 4709 3121 4778; x_wconf 78' lang='grc' dir='ltr'>νομοθετῶν</span> <span class='ocrx_word' id='word_1_767' title='bbox 3162 4710 3290 4769; x_wconf 81' lang='grc' dir='ltr'>τοὺς</span> <span class='ocrx_word' id='word_1_768' title='bbox 3337 4713 3485 4776; x_wconf 80' lang='grc' dir='ltr'>υἱοὺς</span> <span class='ocrx_word' id='word_1_769' title='bbox 3528 4714 3639 4768; x_wconf 83' lang='grc' dir='ltr'><strong>τῶν</strong></span> 
     </span>
    </p>
   </div>
   <div class='ocr_carea' id='block_1_101' title="bbox 2058 4794 3639 4878">
    <p class='ocr_par' dir='ltr' id='par_1_101' title="bbox 2058 4794 3639 4878">
     <span class='ocr_line' id='line_1_101' title="bbox 2058 4794 3639 4878; baseline 0.011 -31"><span class='ocrx_word' id='word_1_770' title='bbox 2058 4794 2364 4866; x_wconf 75' lang='grc' dir='ltr'>ἀνθρώπων</span> <span class='ocrx_word' id='word_1_771' title='bbox 2406 4795 2617 4865; x_wconf 88' lang='grc' dir='ltr'>κρίνειν</span> <span class='ocrx_word' id='word_1_772' title='bbox 2643 4797 2846 4864; x_wconf 81' lang='grc' dir='ltr'>δίκαια,</span> <span class='ocrx_word' id='word_1_773' title='bbox 2883 4802 2979 4853; x_wconf 79' lang='grc' dir='ltr'><strong>καὶ</strong></span> <span class='ocrx_word' id='word_1_774' title='bbox 3022 4803 3098 4874; x_wconf 83' lang='grc' dir='ltr'>μὴ</span> <span class='ocrx_word' id='word_1_775' title='bbox 3131 4803 3302 4858; x_wconf 83' lang='grc' dir='ltr'>ἐλεεῖν</span> <span class='ocrx_word' id='word_1_776' title='bbox 3334 4808 3549 4878; x_wconf 67' lang='grc' dir='ltr'>πτωχὶν</span> <span class='ocrx_word' id='word_1_777' title='bbox 3578 4812 3639 4864; x_wconf 80' lang='grc' dir='ltr'>ἐν</span> 
     </span>
    </p>
   </div>
   <div class='ocr_carea' id='block_1_102' title="bbox 2061 4888 3643 4968">
    <p class='ocr_par' dir='ltr' id='par_1_102' title="bbox 2061 4888 3643 4968">
     <span class='ocr_line' id='line_1_102' title="bbox 2061 4888 3643 4968; baseline 0.009 -27"><span class='ocrx_word' id='word_1_778' title='bbox 2061 4888 2267 4959; x_wconf 84' lang='grc' dir='ltr'>κρίσει,</span> <span class='ocrx_word' id='word_1_779' title='bbox 2302 4888 2399 4941; x_wconf 77' lang='grc' dir='ltr'>καὶ</span> <span class='ocrx_word' id='word_1_780' title='bbox 2431 4890 2509 4960; x_wconf 83' lang='grc' dir='ltr'>μὴ</span> <span class='ocrx_word' id='word_1_781' title='bbox 2542 4888 2844 4961; x_wconf 73' lang='grc' dir='ltr'>λαμϐάνειν</span> <span class='ocrx_word' id='word_1_782' title='bbox 2892 4894 3185 4966; x_wconf 83' lang='grc' dir='ltr'>πρόσωπον</span> <span class='ocrx_word' id='word_1_783' title='bbox 3226 4899 3512 4968; x_wconf 77' lang='grc' dir='ltr'>δυνάστου,</span> <span class='ocrx_word' id='word_1_784' title='bbox 3542 4902 3643 4956; x_wconf 78' lang='grc' dir='ltr'><strong>αὐ-</strong></span> 
     </span>
    </p>
   </div>
   <div class='ocr_carea' id='block_1_103' title="bbox 2060 4980 3641 5064">
    <p class='ocr_par' dir='ltr' id='par_1_103' title="bbox 2060 4980 3641 5064">
     <span class='ocr_line' id='line_1_103' title="bbox 2060 4980 3641 5064; baseline 0.008 -29"><span class='ocrx_word' id='word_1_785' title='bbox 2060 4981 2151 5045; x_wconf 84' lang='grc' dir='ltr'>τὸς</span> <span class='ocrx_word' id='word_1_786' title='bbox 2184 4980 2259 5034; x_wconf 81' lang='grc' dir='ltr'>ὢν</span> <span class='ocrx_word' id='word_1_787' title='bbox 2288 4982 2415 5053; x_wconf 81' lang='grc' dir='ltr'>ὅρος</span> <span class='ocrx_word' id='word_1_788' title='bbox 2447 4986 2639 5052; x_wconf 81' lang='grc' dir='ltr'>σοφίας</span> <span class='ocrx_word' id='word_1_789' title='bbox 2670 4988 2766 5040; x_wconf 77' lang='grc' dir='ltr'>καὶ</span> <span class='ocrx_word' id='word_1_790' title='bbox 2794 4988 3165 5064; x_wconf 72' lang='grc' dir='ltr'>δικαιοσύνης,</span> <span class='ocrx_word' id='word_1_791' title='bbox 3199 4994 3384 5047; x_wconf 75' lang='grc' dir='ltr'>ἕνεκεν</span> <span class='ocrx_word' id='word_1_792' title='bbox 3419 4994 3514 5047; x_wconf 85' lang='grc' dir='ltr'>σοῦ</span> <span class='ocrx_word' id='word_1_793' title='bbox 3544 4995 3641 5049; x_wconf 80' lang='grc' dir='ltr'>τοῦ</span> 
     </span>
    </p>
   </div>
   <div class='ocr_carea' id='block_1_104' title="bbox 2063 5075 3643 5157">
    <p class='ocr_par' dir='ltr' id='par_1_104' title="bbox 2063 5075 3643 5157">
     <span class='ocr_line' id='line_1_104' title="bbox 2063 5075 3643 5157; baseline 0.009 -32"><span class='ocrx_word' id='word_1_794' title='bbox 2063 5075 2414 5144; x_wconf 83' lang='grc' dir='ltr'>μιαρωτάτου</span> <span class='ocrx_word' id='word_1_795' title='bbox 2472 5077 2678 5145; x_wconf 78' lang='grc' dir='ltr'>ἀρτίως</span> <span class='ocrx_word' id='word_1_796' title='bbox 2726 5075 2839 5149; x_wconf 79' lang='grc' dir='ltr'>ἔχει</span> <span class='ocrx_word' id='word_1_797' title='bbox 2896 5084 3305 5155; x_wconf 85' lang='grc' dir='ltr'>παροιστρῆσαι</span> <span class='ocrx_word' id='word_1_798' title='bbox 3329 5086 3386 5137; x_wconf 77' lang='grc' dir='ltr'>ἐν</span> <span class='ocrx_word' id='word_1_799' title='bbox 3413 5086 3643 5157; x_wconf 83' lang='grc' dir='ltr'>κρίσει;</span> 
     </span>
    </p>
   </div>
   <div class='ocr_carea' id='block_1_105' title="bbox 2058 5166 3639 5247">
    <p class='ocr_par' dir='ltr' id='par_1_105' title="bbox 2058 5166 3639 5247">
     <span class='ocr_line' id='line_1_105' title="bbox 2058 5166 3639 5247; baseline 0.008 -30"><span class='ocrx_word' id='word_1_800' title='bbox 2058 5166 2231 5237; x_wconf 82' lang='grc' dir='ltr'>Δεῦρο</span> <span class='ocrx_word' id='word_1_801' title='bbox 2273 5168 2457 5220; x_wconf 91' lang='grc' dir='ltr'>τοίνυν</span> <span class='ocrx_word' id='word_1_802' title='bbox 2503 5168 2612 5236; x_wconf 82' lang='grc' dir='ltr'>ἄρα</span> <span class='ocrx_word' id='word_1_803' title='bbox 2657 5169 2802 5240; x_wconf 82' lang='grc' dir='ltr'>ἐμοὶ,</span> <span class='ocrx_word' id='word_1_804' title='bbox 2857 5175 2953 5226; x_wconf 79' lang='grc' dir='ltr'><strong>καὶ</strong></span> <span class='ocrx_word' id='word_1_805' title='bbox 2993 5174 3082 5227; x_wconf 85' lang='grc' dir='ltr'><strong>διὰ</strong></span> <span class='ocrx_word' id='word_1_806' title='bbox 3124 5178 3394 5247; x_wconf 84' lang='grc' dir='ltr'>κρίματος</span> <span class='ocrx_word' id='word_1_807' title='bbox 3440 5176 3639 5247; x_wconf 69' lang='grc' dir='ltr'><strong>Θεςῦἢ</strong></span> 
     </span>
    </p>
   </div>
   <div class='ocr_carea' id='block_1_106' title="bbox 2058 5259 3641 5341">
    <p class='ocr_par' dir='ltr' id='par_1_106' title="bbox 2058 5259 3641 5341">
     <span class='ocr_line' id='line_1_106' title="bbox 2058 5259 3641 5341; baseline 0.007 -28"><span class='ocrx_word' id='word_1_808' title='bbox 2058 5261 2252 5313; x_wconf 83' lang='grc' dir='ltr'>πεῖσου</span> <span class='ocrx_word' id='word_1_809' title='bbox 2311 5259 2344 5328; x_wconf 78' lang='grc' dir='ltr'>ἢ</span> <span class='ocrx_word' id='word_1_810' title='bbox 2397 5259 2655 5330; x_wconf 82' lang='grc' dir='ltr'>πείσθητι</span> <span class='ocrx_word' id='word_1_811' title='bbox 2711 5266 2943 5335; x_wconf 75' lang='grc' dir='ltr'>ταχέως.</span> <span class='ocrx_word' id='word_1_812' title='bbox 2999 5268 3224 5333; x_wconf 87' lang='grc' dir='ltr'>Τούτοις</span> <span class='ocrx_word' id='word_1_813' title='bbox 3281 5271 3394 5331; x_wconf 84' lang='grc' dir='ltr'>τοῖς</span> <span class='ocrx_word' id='word_1_814' title='bbox 3429 5270 3641 5341; x_wconf 71' lang='grc' dir='ltr'>ῥήμασι</span> 
     </span>
    </p>
   </div>
   <div class='ocr_carea' id='block_1_107' title="bbox 434 5438 1943 5515">
    <p class='ocr_par' dir='ltr' id='par_1_107' title="bbox 434 5438 1943 5505">
     <span class='ocr_line' id='line_1_107' title="bbox 434 5438 1943 5505; baseline -0.003 -6"><span class='ocrx_word' id='word_1_815' title='bbox 434 5442 455 5475; x_wconf 84' lang='grc'><strong><em>⁸</em></strong></span> <span class='ocrx_word' id='word_1_816' title='bbox 498 5446 603 5499; x_wconf 88' lang='lat' dir='ltr'><strong>lsa.</strong></span> <span class='ocrx_word' id='word_1_817' title='bbox 649 5458 796 5505; x_wconf 68' lang='lat' dir='ltr'><strong>Lit-vt,</strong></span> <span class='ocrx_word' id='word_1_818' title='bbox 828 5440 885 5497; x_wconf 72' lang='grc'><strong>2.</strong></span> <span class='ocrx_word' id='word_1_819' title='bbox 964 5442 984 5473; x_wconf 77' lang='grc'><em>⁸</em></span> <span class='ocrx_word' id='word_1_820' title='bbox 1011 5438 1200 5495; x_wconf 79' lang='lat' dir='ltr'><strong>Matth.</strong></span> <span class='ocrx_word' id='word_1_821' title='bbox 1237 5456 1288 5505; x_wconf 82' lang='grc' dir='ltr'><strong>ν,</strong></span> <span class='ocrx_word' id='word_1_822' title='bbox 1315 5440 1437 5494; x_wconf 74' lang='grc'>2-8.</span> <span class='ocrx_word' id='word_1_823' title='bbox 1519 5440 1562 5471; x_wconf 82' lang='grc'><strong>¹⁰</strong></span> <span class='ocrx_word' id='word_1_824' title='bbox 1601 5438 1732 5494; x_wconf 89' lang='lat' dir='ltr'><strong>Luc.</strong></span> <span class='ocrx_word' id='word_1_825' title='bbox 1759 5454 1837 5504; x_wconf 81' lang='lat' dir='ltr'><strong>Vl,</strong></span> <span class='ocrx_word' id='word_1_826' title='bbox 1876 5439 1943 5495; x_wconf 81' lang='lat'><em>56</em></span> 
     </span>
    </p>
   </div>
   <div class='ocr_carea' id='block_1_108' title="bbox 2048 5438 3529 5515">
    <p class='ocr_par' dir='ltr' id='par_1_108' title="bbox 2048 5439 3529 5515">
     <span class='ocr_line' id='line_1_108' title="bbox 2048 5439 3529 5515; baseline 0.006 -20"><span class='ocrx_word' id='word_1_827' title='bbox 2048 5439 2220 5497; x_wconf 87' lang='lat' dir='ltr'><strong>&#39;Osee</strong></span> <span class='ocrx_word' id='word_1_828' title='bbox 2250 5443 2701 5512; x_wconf 74' lang='lat' dir='ltr'><strong>v1,l2;Matth.</strong></span> <span class='ocrx_word' id='word_1_829' title='bbox 2739 5464 2797 5503; x_wconf 67' lang='grc' dir='ltr'>ιι</span> <span class='ocrx_word' id='word_1_830' title='bbox 2825 5490 2838 5515; x_wconf 93' lang='grc'><strong>,</strong></span> <span class='ocrx_word' id='word_1_831' title='bbox 2869 5448 2956 5502; x_wconf 77' lang='grc'><strong>15.</strong></span> <span class='ocrx_word' id='word_1_832' title='bbox 3040 5449 3084 5480; x_wconf 81' lang='grc'>¹¹</span> <span class='ocrx_word' id='word_1_833' title='bbox 3120 5450 3223 5503; x_wconf 84' lang='lat' dir='ltr'><strong>lsa.</strong></span> <span class='ocrx_word' id='word_1_834' title='bbox 3259 5463 3391 5503; x_wconf 73' lang='lat' dir='ltr'><strong>cvm</strong></span> <span class='ocrx_word' id='word_1_835' title='bbox 3414 5496 3429 5515; x_wconf 81' lang='lat'><strong>,</strong></span> <span class='ocrx_word' id='word_1_836' title='bbox 3475 5451 3529 5504; x_wconf 84' lang='lat'><strong>7.</strong></span> 
     </span>
    </p>
   </div>
   <div class='ocr_carea' id='block_1_109' title="bbox 433 5618 1959 5691">
    <p class='ocr_par' dir='ltr' id='par_1_109' title="bbox 433 5618 1959 5691">
     <span class='ocr_line' id='line_1_109' title="bbox 433 5618 1959 5691; baseline -0.003 -15"><span class='ocrx_word' id='word_1_837' title='bbox 433 5622 547 5685; x_wconf 74' lang='lat'><strong>(35)</strong></span> <span class='ocrx_word' id='word_1_838' title='bbox 569 5619 670 5676; x_wconf 83' lang='lat' dir='ltr'><strong>Ms.</strong></span> <span class='ocrx_word' id='word_1_839' title='bbox 730 5620 905 5676; x_wconf 79' lang='lat' dir='ltr'><strong>Vatic.</strong></span> <span class='ocrx_word' id='word_1_840' title='bbox 944 5621 1033 5676; x_wconf 89' lang='lat' dir='ltr'><strong>hic</strong></span> <span class='ocrx_word' id='word_1_841' title='bbox 1067 5637 1080 5673; x_wconf 89' lang='lat'><strong>:</strong></span> <span class='ocrx_word' id='word_1_842' title='bbox 1114 5620 1261 5672; x_wconf 81' lang='grc' dir='ltr'>Αλλὰ</span> <span class='ocrx_word' id='word_1_843' title='bbox 1289 5620 1397 5690; x_wconf 80' lang='grc' dir='ltr'>γὰρ</span> <span class='ocrx_word' id='word_1_844' title='bbox 1441 5619 1518 5682; x_wconf 82' lang='grc' dir='ltr'><strong>ὡς</strong></span> <span class='ocrx_word' id='word_1_845' title='bbox 1549 5618 1777 5691; x_wconf 79' lang='grc' dir='ltr'>δευτέρᾳ</span> <span class='ocrx_word' id='word_1_846' title='bbox 1803 5619 1959 5691; x_wconf 76' lang='grc' dir='ltr'>εἰδω-</span> 
     </span>
    </p>
   </div>
   <div class='ocr_carea' id='block_1_110' title="bbox 365 5689 1954 5761">
    <p class='ocr_par' dir='ltr' id='par_1_110' title="bbox 365 5689 1954 5761">
     <span class='ocr_line' id='line_1_110' title="bbox 365 5689 1954 5761; baseline -0.002 -18"><span class='ocrx_word' id='word_1_847' title='bbox 365 5691 654 5761; x_wconf 76' lang='grc' dir='ltr'>λολατρείᾳ</span> <span class='ocrx_word' id='word_1_848' title='bbox 684 5692 1082 5761; x_wconf 78' lang='grc' dir='ltr'>σεμνυνόμενος</span> <span class='ocrx_word' id='word_1_849' title='bbox 1122 5692 1244 5760; x_wconf 78' lang='grc' dir='ltr'>ἐμοὶ</span> <span class='ocrx_word' id='word_1_850' title='bbox 1296 5689 1529 5759; x_wconf 63' lang='grc' dir='ltr'>ἐπήρκει</span> <span class='ocrx_word' id='word_1_851' title='bbox 1558 5689 1654 5743; x_wconf 75' lang='grc' dir='ltr'><strong>καὶ</strong></span> <span class='ocrx_word' id='word_1_852' title='bbox 1684 5689 1805 5759; x_wconf 72' lang='grc' dir='ltr'>ἐμοὶ</span> <span class='ocrx_word' id='word_1_853' title='bbox 1832 5689 1954 5741; x_wconf 81' lang='grc' dir='ltr'>δου-</span> 
     </span>
    </p>
   </div>
   <div class='ocr_carea' id='block_1_111' title="bbox 376 5759 1883 5830">
    <p class='ocr_par' dir='ltr' id='par_1_111' title="bbox 376 5759 1883 5830">
     <span class='ocr_line' id='line_1_111' title="bbox 376 5759 1883 5830; baseline 0.005 -22"><span class='ocrx_word' id='word_1_854' title='bbox 376 5759 543 5824; x_wconf 79' lang='grc' dir='ltr'>λεύει,</span> <span class='ocrx_word' id='word_1_855' title='bbox 580 5759 670 5811; x_wconf 76' lang='grc' dir='ltr'>καὶ</span> <span class='ocrx_word' id='word_1_856' title='bbox 695 5759 1000 5827; x_wconf 69' lang='grc' dir='ltr'>ὀφείλουσιν</span> <span class='ocrx_word' id='word_1_857' title='bbox 1024 5759 1165 5815; x_wconf 75' lang='grc' dir='ltr'>εἶναι</span> <span class='ocrx_word' id='word_1_858' title='bbox 1202 5761 1295 5813; x_wconf 78' lang='grc' dir='ltr'>καὶ</span> <span class='ocrx_word' id='word_1_859' title='bbox 1327 5764 1394 5813; x_wconf 76' lang='grc' dir='ltr'>τὰ</span> <span class='ocrx_word' id='word_1_860' title='bbox 1434 5761 1719 5829; x_wconf 65' lang='grc' dir='ltr'>προτέλεια</span> <span class='ocrx_word' id='word_1_861' title='bbox 1752 5761 1883 5830; x_wconf 78' lang='grc' dir='ltr'>ἐμά.</span> 
     </span>
    </p>
   </div>
   <div class='ocr_carea' id='block_1_112' title="bbox 2137 5619 3642 5701">
    <p class='ocr_par' dir='ltr' id='par_1_112' title="bbox 2137 5619 3642 5701">
     <span class='ocr_line' id='line_1_112' title="bbox 2137 5619 3642 5701; baseline 0.006 -28"><span class='ocrx_word' id='word_1_862' title='bbox 2137 5619 2249 5701; x_wconf 42' lang='grc'><strong>(3.4)</strong></span> <span class='ocrx_word' id='word_1_863' title='bbox 2295 5621 2519 5701; x_wconf 75' lang='lat' dir='ltr'><strong>Ibidem,</strong></span> <span class='ocrx_word' id='word_1_864' title='bbox 2553 5624 2649 5678; x_wconf 60' lang='grc' dir='ltr'><strong>καὶ¹</strong></span> <span class='ocrx_word' id='word_1_865' title='bbox 2693 5625 3041 5695; x_wconf 81' lang='grc' dir='ltr'>ἁπονὲμομαι</span> <span class='ocrx_word' id='word_1_866' title='bbox 3069 5624 3146 5696; x_wconf 85' lang='grc' dir='ltr'>τῷ</span> <span class='ocrx_word' id='word_1_867' title='bbox 3177 5627 3405 5699; x_wconf 80' lang='grc' dir='ltr'>τοιούτῳ</span> <span class='ocrx_word' id='word_1_868' title='bbox 3448 5630 3642 5701; x_wconf 75' lang='grc' dir='ltr'>σκοπῷ</span> 
     </span>
    </p>
   </div>
   <div class='ocr_carea' id='block_1_113' title="bbox 2070 5693 2568 5763">
    <p class='ocr_par' dir='ltr' id='par_1_113' title="bbox 2070 5693 2568 5763">
     <span class='ocr_line' id='line_1_113' title="bbox 2070 5693 2568 5763; baseline 0.008 -21"><span class='ocrx_word' id='word_1_869' title='bbox 2070 5693 2143 5761; x_wconf 78' lang='grc' dir='ltr'>μὴ</span> <span class='ocrx_word' id='word_1_870' title='bbox 2180 5693 2568 5763; x_wconf 74' lang='grc' dir='ltr'>ἀρεσκόμενος.</span> 
     </span>
    </p>
   </div>
  </div>
