4090 6484
357 396 385 448 '1
397 395 467 449 59

1427 397 1850 458 ΝΙΟΕΡΗΟΒΙ
1892 400 2368 462 PRESBYTERI
2412 403 2518 462 [ΣΡ.

3529 365 3635 467 r63

356 513 411 559 et
457 503 510 558 in
570 515 793 575 egentes
836 508 1130 577 dispertlor
1162 529 1174 564 :
1202 511 1295 564 sed
1327 520 1378 564 et
1414 510 1517 563 hoc
1579 511 1768 564 incidit
1803 513 1955 581 cogi-

2078 515 2156 567 ιαὶ
2203 516 2317 578 τοῖς
2370 515 2744 586 προσάγουσιν
2801 516 3044 588 ἔπρεπεν
3109 517 3410 590 ἔδιοχείρως
3464 521 3638 574 ταῦτα

361 608 500 664 tare,
562 600 735 664 mihi,
799 610 985 671 utpote
1031 603 1397 667 distributori,
1447 605 1751 659 mercedem
1780 643 1796 670 ,
1846 621 1950 660 non

362 702 543 746 autem
601 692 722 746 aliis
776 693 1155 751 distribuenda
1221 696 1628 752 conferentibus
1682 713 1951 753 manere:

365 786 511 838 unde
534 796 585 839 et
619 788 927 850 consultius
956 788 1118 845 fuerit
1137 790 1237 845 hos
1267 791 1414 860 ipsos
1442 807 1541 846 sua
1561 793 1677 847 suis
1701 793 1952 846 manibus

366 893 616 949 erogare.
677 879 752 934 ita
813 891 958 935 recte
1025 897 1088 935 ac
1136 883 1241 950 pie,
1278 897 1376 938 nec
1426 898 1586 938 secus
1617 899 1780 952 quam
1827 885 1954 937 reli-

360 971 574 1040 giosum
631 971 788 1026 decet
829 972 1053 1036 viventi,
1113 976 1266 1029 adest
1312 990 1408 1044 per
1455 977 1693 1043 quietem
1757 979 1952 1033 visibili

360 1064 671 1134 ridentique
714 1065 896 1134 specie
953 1066 1193 1124 famulus
1253 1068 1345 1123 Dei
1389 1069 1670 1133 Andreas,
1707 1071 1954 1128 indicans

365 1157 599 1223 quodam
630 1157 682 1210 in
707 1171 900 1227 campo
930 1159 1180 1214 arborem
1238 1160 1644 1230 perpulehram,
1682 1161 1950 1228 ﬂoridam,

361 1249 629 1303 fructibus
671 1259 926 1305 onustam
989 1252 1383 1321 sapidissimis,
1435 1263 1491 1308 et
1543 1254 1721 1310 dicit:
1757 1254 1955 1312 Multas

367 1341 644 1411 equidem,
707 1357 900 1412 magno
950 1341 1132 1408 Pater,
1187 1345 1392 1414 gratias
1440 1344 1572 1399 mihi
1601 1324 1785 1407 debes.
1808 1347 1952 1417 quod

363 1436 601 1488 animam
664 1442 814 1488 tuam
865 1436 1116 1491 arborem
1149 1435 1454 1508 ilorigeram
1505 1437 1697 1506 eﬂeci;
1746 1439 1830 1492 fac
1857 1441 1957 1509 igi-

372 1537 459 1581 tur
509 1542 608 1596 pro
650 1528 858 1583 viribus
885 1544 1104 1598 operam
1157 1529 1275 1595 des,
1311 1541 1368 1585 ut
1385 1531 1437 1585 hi
1467 1529 1630 1586 ﬂores
1659 1532 1715 1586 iu
1747 1533 1958 1589 suavis-

365 1619 536 1673 simos
586 1619 817 1684 fructus,
878 1621 1023 1692 quod
1086 1631 1278 1692 potes.
1364 1634 1774 1679 convertantur.
1831 1623 1956 1679 Hatc

363 1711 533 1773 enim,
595 1727 908 1780 quamcum
965 1715 1242 1785 voluptate
1271 1724 1485 1783 spectas
1540 1717 1721 1777 arbor,
1761 1716 1958 1785 anima:

363 1811 470 1856 tua:
523 1811 765 1869 statum,
817 1808 886 1859 ab
942 1806 1036 1861 illo
1093 1817 1359 1876 tempore,
1422 1821 1534 1877 quo
1578 1823 1666 1862 me
1717 1808 1952 1878 primum

2057 605 2262 677 νέμειν.
2323 607 2483 660 Οὖτω
2531 609 2708 671 καλῶς
2764 611 2858 663 καὶ
2911 610 3179 676 εὐσεϐῶς,
3241 611 3376 665 καθὸ
3426 613 3639 682 πρέπον

2061 701 2320 768 μοναχοῖς
2370 700 2777 767 πολιτεύεσθαι,
2822 698 3250 770 πολιτευομένου
3285 702 3474 766 αὑτοῦ,
3513 703 3640 771 φαί-

2059 807 2210 846 νεται
2233 791 2387 862 αὐτῷ
2420 791 2544 846 καθ’
2575 792 2778 856 ὕπνους
2809 795 2838 846 ὁ
2869 793 3055 857 δοῦλος
3083 793 3176 848 τοῦ
3208 793 3369 860 Θεοῦ,
3419 797 3641 867 μειδιῶν

2059 881 2139 952 τῷ
2165 881 2462 954 προσώπῳ,
2503 883 2599 936 καὶ
2651 883 2926 938 δείκνυσιν
2969 885 3118 955 αὐτῷ
3160 885 3376 955 δένδρον
3417 887 3641 957 φαιδρὸν

2056 975 2115 1028 ἐν
2178 973 2392 1027 πεδιάδι
2451 975 2560 1028 τινὶ
2607 974 2948 1046 ἀνθοφόρον,
3019 977 3229 1049 πλῆρες
3284 979 3642 1046 γλυκυτάτων

2057 1068 2288 1137 καρπῶν
2341 1067 2436 1122 καὶ
2495 1067 2598 1140 ἔφη
2628 1085 2641 1100 ο
2676 1069 2890 1134 Πολλάς
2937 1088 3028 1140 μοι
3081 1073 3316 1143 χάριτας
3363 1071 3642 1143 ὀφείλεις,

2057 1162 2205 1231 Κὺρι
2244 1163 2271 1213 ὁ
2301 1161 2498 1232 μέγας,
2527 1163 2611 1215 δτι
2649 1163 2931 1234 πεποίηκα
2970 1163 3072 1233 τὴν
3104 1141 3289 1236 ψυχήν
3351 1179 3445 1217 σου
3483 1141 3646 1218 ἁνθοί

2058 1254 2228 1323 φόρον
2282 1255 2488 1322 φυτόν·
2547 1254 2853 1309 σπούδασον
2914 1256 3008 1309 οὖν
3061 1257 3131 1310 τά
3181 1253 3319 1325 ἄνθη
3363 1255 3538 1310 ταῦτα
3563 1257 3647 1319 εἰς

2055 1347 2268 1419 καρπὸν
2327 1347 2667 1416 γλυκύτατον
2718 1349 3143 1420 μετατραπῆναι
3175 1351 3253 1414 ὼς
3289 1348 3517 1404 δύνασαι
3544 1365 3559 1380 ⁸
3583 1348 3646 1401 τὸ

2057 1439 2166 1508 γὰρ
2198 1437 2385 1507 φυτὸν,
2411 1438 2438 1490 ὃ
2461 1439 2594 1506 ὁρᾶς
2630 1440 2689 1491 ἐν
2735 1440 3085 1511 τερπνότητι,
3124 1442 3157 1512 η
3191 1438 3294 1510 τῆς
3338 1439 3520 1510 ψυχῆς
3550 1455 3646 1492 σου

2062 1531 2302 1601 ὑπάρχει
2334 1531 2803 1602 κατάστασις,άφ’
2835 1529 2900 1604 ἦς
2932 1535 3144 1604 ἡμέρας
3169 1527 3309 1597 εἶδες
3339 1551 3429 1605 με,
3463 1534 3559 1588 καὶ
3583 1533 3650 1588 τδ

2059 1624 2288 1693 χρυσίον
2344 1623 2642 1692 διένειμας.
2703 1625 2978 1691 Ἕξυπνος
3041 1627 3097 1679 δὲ
3151 1626 3494 1695 γενόμενος,
3555 1627 3650 1678 ἐπὶ

2057 1715 2246 1768 πλεῖον
2299 1717 2623 1788 ἐστηρίχθη,
2660 1718 2750 1770 ἐπὶ
2799 1718 2897 1789 τὴν
2947 1721 3332 1791 πνευματικὴν
3383 1719 3649 1791 ἐργασίαν

2059 1809 2408 1877 προκόπτων,
2443 1810 2536 1861 καὶ
2564 1809 2663 1879 τὴν
2693 1810 3049 1880 εὐχαριστίαν
3085 1811 3436 1883 καθεκάστην
3478 1826 3651 1880 προσ-

368 1894 557 1949 vidisti
599 1906 655 1950 et
689 1898 974 1965 pecuniam
1031 1901 1297 1970 erogasti,
1331 1901 1506 1970 magis
1546 1901 1829 1972 magisque
1858 1902 1956 1957 ﬂo-

2078 1903 2225 1974 Ξφερε
2281 1903 2367 1974 τῷ
2395 1903 2516 1973 Θεῷ
2536 1904 2634 1956 καὶ
2655 1903 2734 1972 τῷ
2762 1904 3062 1974 θεράποντι
3101 1903 3293 1959 αὑτοῦ.

365 1998 577 2051 rentem
616 2000 990 2060 repraesentat.
1043 1991 1406 2062 Experrectus
1447 1995 1576 2051 hinc
1631 1997 1952 2062 monachus,
1991 1998 2290 2067 plurimum
2348 1999 2705 2052 conﬁrmatus
2761 1997 2813 2049 in
2877 1997 3014 2051 bene
3065 1999 3282 2068 emptis,
3318 1999 3562 2069 quotidie
3590 1999 3647 2055 in

365 2085 564 2158 spiritu
601 2085 940 2156 proﬁciebat,
967 2088 1282 2158 gratiasque
1301 2090 1648 2159 persolvebat
1679 2090 1791 2146 Deo
1820 2091 2050 2160 ejusque
2075 2092 2300 2146 famulo.

1807 2208 2034 2266 CAPUT
2070 2208 2201 2267 XV-

439 2325 560 2380 Duo
585 2323 793 2380 sodales
823 2322 1129 2395 Epiphanii,
1152 2325 1290 2382 alter
1327 2328 1389 2382 ob
1436 2327 1784 2451 hypocrisg‘n.
1806 2327 2100 2448 clauigalus
2123 2328 2186 2380 ab
2213 2328 2448 2392 Andrea,
2487 2327 2623 2380 alter
2657 2325 2718 2379 ob
2755 2327 2991 2380 animum
3015 2325 3360 2378 libidinosum
3384 2324 3448 2377 ab
3467 2328 3580 2396 ipso

1707 2414 1819 2451 .mn
1840 2415 1982 2451 mmo
2027 2408 2320 2451 correntus.

1707 2408 1982 2468 L'ptpltamo
2027 2408 2320 2470 correptus.

446 2517 571 2570 1M.
627 2516 952 2573 Adhmrebat
1013 2518 1354 2572 familiariter
1411 2519 1749 2588 Epiphanio,
1809 2520 1967 2590 cujus

368 2609 695 2679 jampridem
751 2610 1120 2673 meminimus,
1161 2611 1480 2666 adolescens
1545 2611 1790 2680 quidam,
1820 2613 1962 2667 fama

377 2702 644 2755 virtutum
705 2700 822 2768 ejus
891 2702 1212 2757 excitatus:
1250 2716 1411 2770 quem
1466 2702 1576 2767 ille,
1632 2704 1707 2758 uti
1763 2703 1968 2758 multos

379 2795 540 2856 alios,
591 2809 872 2848 sacrarum
931 2793 1258 2848 Litterarum
1310 2793 1539 2850 scientia
1582 2795 1871 2860 imbutum,
1914 2797 1968 2849 in

381 2887 606 2941 salutari
644 2890 836 2944 timore
860 2887 955 2942 Dei
992 2888 1325 2953 conﬁrmare
1369 2889 1686 2944 nitebatur:
1719 2889 1972 2959 quamvis

380 2981 473 3036 ille
532 2998 638 3037 non
691 2999 752 3038 se
809 2982 1153 3050 adiunxisset
1207 2981 1554 3053 Epiphanio,
1601 2991 1662 3037 ut
1706 2984 1970 3037 virtutum

2141 2518 2262 2589 ριδ.
2298 2520 2538 2585 Νεανίας
2561 2538 2647 2584 τις
2679 2521 3096 2592 προσεκολλήθη
3133 2520 3212 2594 τῷ
3242 2519 3568 2589 Ἐπιφανίῳ,
3593 2511 3656 2571 οὗ

2068 2611 2263 2682 πρώην
2314 2613 2695 2683 ἐμνήσθημεν,
2737 2612 2954 2666 ἀκούων
2991 2613 3091 2675 τὰς
3131 2613 3336 2683 ἀρετὰς
3381 2609 3549 2664 αὐτοῦ
3575 2625 3590 2640 ο
3627 2607 3656 2658 δ

2021 2756 2028 2764 ,
2066 2701 2123 2754 δὲ
2159 2702 2476 2770 Ἐπιφάνιος
2519 2702 2794 2756 ἐνουθέτει
2834 2703 3000 2756 αὐτὸν
3035 2703 3143 2757 ἀπὸ
3175 2703 3285 2756 τῶν
3327 2702 3487 2756 θείων
3518 2701 3657 2772 Γρα-

2066 2793 2205 2860 φῶν,
2241 2793 2314 2857 ὡς
2337 2794 2441 2864 ,καὶ
2478 2793 2673 2858 ἄλλους
2701 2794 2954 2857 πολλοὺς,
2981 2794 3307 2864 βουλόμενος
3336 2794 3503 2848 αὐτδν
3527 2809 3660 2861 στι,-

2069 2883 2219 2954 ρίξαι
2251 2885 2334 2947 εἰς
2365 2885 2456 2938 τὸν
2489 2885 2656 2955 φόϐον
2688 2884 2785 2939 τοῦ
2826 2885 2967 2938 Θεοῦ
2994 2904 3010 2918 ο
3043 2888 3251 2949 ἐκεῖνος
3289 2885 3345 2939 δὲ
3393 2885 3452 2936 οὐ
3481 2883 3568 2937 διὰ
3598 2883 3660 2935 τὸ

2070 2974 2312 3046 ζηλῶσαι
2336 2977 2428 3030 τοῦ
2449 2977 2636 3047 τιμίου
2669 2977 2858 3040 παιδὸς
2886 2977 3098 3031 ἐκείνου
3131 2977 3230 3048 τὴν
3255 2977 3456 3048 ἀρετὴν
3482 2978 3661 3045 τούτῳ

382 3073 954 3138 cvaderetemulator,
1011 3075 1104 3128 sed
1137 3075 1438 3129 utinanem
1476 3077 1758 3130 hominum
1782 3085 1971 3144 capta-

2078 3068 2529 3140 προσεκολλήθη,
2592 3069 2733 3124 ἀλλὰ
2795 3069 2888 3124 τοῦ
2946 3069 3054 3123 τῶν
3112 3068 3422 3139 ἀνθρώπων
3470 3068 3660 3121 ’ἐνεκεν

382 3188 463 3232 ret
496 3177 730 3243 laudem,
759 3177 1098 3233 dicturorum
1146 3169 1212 3233 de
1244 3194 1324 3242 se,
1365 3177 1547 3247 qualia
1579 3177 1647 3231 de
1666 3175 1967 3246 Epiphanio

2078 3138 2323 3228 ἐτταίνου,
2372 3138 2485 3216 ἷνι-
2531 3163 2732 3231 λέγωσι
2793 3163 2885 3216 καὶ
2941 3164 3070 3232 περὶ
3137 3138 3329 3224 αὑτοῦ,
3389 3161 3535 3229 ἅπερ
3572 3162 3662 3214 διὰ

383 3270 674 3336 solebant,
741 3271 1015 3326 eneomia.
1094 3271 1198 3337 Qui
1274 3280 1455 3326 autem
1531 3272 1597 3324 de
1669 3269 1970 3339 Epiphanio

389 3364 672 3416 hominum
703 3362 1025 3418 sermones?
1068 3361 1205 3416 Audi
1241 3378 1256 3414 :
1299 3360 1602 3432 explicabo.
1629 3360 1972 3414 Transcunte

385 3456 479 3510 illo
535 3470 631 3523 per
684 3454 919 3509 mediam
961 3471 1104 3524 saepe
1162 3456 1390 3521 urbem,
1452 3463 1718 3525 quotquot
1772 3453 1970 3507 famam

389 3549 656 3602 virtutum
697 3544 819 3613 ejus
873 3557 1218 3616 acceperant,
1254 3549 1432 3603 indice
1461 3547 1514 3601 in
1547 3547 1725 3616 ipsum
1763 3545 1975 3600 intento

389 3650 760 3696 monstrantes
799 3623 1430 3710 :Ecee,‘inq~uiebant,
1495 3655 1660 3709 quam
1715 3638 1976 3708 praeclare

392 3737 472 3791 illi
521 3736 830 3794 traducitur
867 3735 1258 3801 adolescentia,
1311 3733 1518 3789 deliciis
1542 3733 1732 3787 mundi
1769 3730 1973 3785 moveri

393 3829 617 3894 nescia,
700 3831 756 3886 in
833 3831 1026 3886 mediis
1102 3829 1321 3900 ignibus
1365 3826 1570 3890 illaesa,
1634 3825 1974 3894 voluptatum

397 3922 669 3978 illecebris
715 3938 828 3978 non
890 3931 1172 3992 corrupta.
1224 3921 1401 3990 Atque
1475 3918 1639 3973 etiam
1698 3916 1976 3972 communi

395 4015 643 4069 omnium
685 4030 782 4072 ore
811 4014 880 4071 de
910 4014 1031 4085 ipso
1056 4014 1338 4070 dicebatur
1365 4032 1378 4068 :
1415 4008 1818 4068 Commercium
1851 4022 1977 4062 cum

395 4104 596 4160 femina
657 4121 937 4175 nunquam
996 4105 1205 4171 habuit,
1239 4105 1330 4159 sed
1354 4113 1560 4158 castam
1608 4113 1771 4170 atque
1801 4099 1978 4154 incul—

395 4207 577 4266 patam
636 4199 802 4250 vitam
854 4205 1117 4266 perpetuo
1148 4195 1448 4265 transegit;
1478 4193 1727 4263 jejuniis,
1779 4191 1981 4261 vigiliis

400 4291 765 4362 precibusque
840 4289 1123 4354 vacando;
1201 4288 1351 4342 omni
1425 4289 1688 4340 virtutum
1785 4298 1983 4354 genere

398 4385 638 4440 animam
715 4382 1068 4446 exornando,
1143 4395 1346 4449 corpus
1393 4394 1424 4434 a
1471 4379 1666 4450 quavis
1737 4375 1982 4443 nequitia

399 4477 672 4548 corporali
745 4476 1090 4532 abstinendo.
1141 4473 1366 4529 Talibus
1446 4473 1631 4542 itaque
1696 4471 1983 4526 hominum

2090 3252 2414 3321 Ἐπιφανίου
2459 3253 2698 3323 ὁρῶντες
2741 3253 3185 3322 ἐγκωμιάζοντες
3244 3252 3454 3318 ἔλεγον.
3497 3252 3562 3303 Τί
3602 3251 3662 3304 δὲ

2078 3344 2302 3411 ἕλεγον;
2332 3346 2465 3416 ἐρῶ.
2521 3343 2791 3408 Πολλάκις
2840 3345 3196 3416 διερχομένου
3247 3343 3416 3398 αὑτοῦ
3469 3344 3665 3412 ἐπιμέ-

2081 3451 2189 3497 σως
2228 3434 2520 3497 ἀκούοντες
2547 3435 2789 3496 ἅπαντες
2817 3433 2918 3497 τὰς
2946 3434 3113 3488 αὑτοῦ
3145 3434 3372 3504 ἀρετὰς,
3401 3432 3668 3485 δακτυλο-

2079 3524 2421 3589 δεικτοῦντες
2467 3525 2654 3594 ελεγον
2682 3540 2699 3556 ο
2739 3524 2841 3577 Ἴδε
2905 3525 3036 3578 ποία
3083 3526 3274 3596 νεότης
3328 3523 3507 3595 ὡραία
3569 3524 3668 3576 καὶ

2081 3620 2486 3688 κατάτερπνος,
2526 3619 2693 3688 μέσον
2728 3616 2824 3670 τοῦ
2861 3617 3034 3687 πυρὸς
3067 3617 3419 3687 διερχομένη.
3458 3615 3554 3669 καὶ
3588 3613 3669 3684 μὴ

2083 3713 2374 3782 καιομένη.
2415 3711 2551 3783 μηδὲ
2584 3710 2937 3781 βλαπτομένη
2965 3709 3075 3763 τῶν
3103 3709 3306 3781 ἡδονῶν
3343 3711 3456 3770 τοῖς
3494 3709 3668 3760 ὑπεκ-

2084 3805 2368 3876 καύμασιν
2401 3823 2416 3839 ο
2452 3806 2592 3876 φησι
2638 3805 2749 3876 γὰρ
2791 3803 3035 3868 ἅπαντες
3076 3803 3145 3857 δι’
3177 3802 3362 3866 αὑτὸν,
3413 3800 3564 3854 Καθό
3614 3819 3666 3854 τι

2085 3893 2197 3964 γὰρ
2238 3895 2462 3964 γυναικὶ
2511 3894 2610 3965 οὐχ
2651 3893 2905 3964 ὡμίλησέ
2961 3911 3115 3952 ποτε.
3158 3892 3277 3948 ἀλλ’
3334 3893 3502 3961 ἁγνὸς
3571 3893 3671 3944 καὶ

2086 3988 2380 4057 ἄμεμπτος
2430 3987 2524 4039 τὸν
2576 3986 2693 4056 βίον
2735 3984 2907 4038 αὐτοῦ
2953 3985 3325 4056 διεπορεύετο,
3364 3983 3670 4054 νηστείαις,

2085 4080 2444 4150 ἀγρυπνίαις,
2501 4079 2878 4149 προσευχαῖς,
2935 4078 3032 4132 καὶΙ
3095 4077 3313 4148 δεήσεσι
3367 4077 3668 4146 σχολάζων,

2088 4175 2186 4228 καὶ
2218 4175 2441 4244 ἀρεταῖς
2498 4173 2742 4234 άπάσαις
2784 4169 3064 4240 καθαίρων
3125 4170 3342 4234 ἐαυτὸν,
3401 4171 3495 4222 καὶ
3540 4169 3679 4222 ἁπο-

2091 4269 2320 4337 σμήχων
2347 4265 2455 4319 ἀπὸ
2505 4265 2687 4334 πάσης
2729 4262 2922 4332 ὑλικῆς
2956 4261 3280 4333 μοχθηρίας.
3325 4260 3514 4313 Ταῦτα
3562 4259 3676 4312 τῶν

2091 4359 2400 4429 ἀνθρώπων
2432 4358 2725 4426 λεγόντων,
2753 4355 2961 4410 τούτων
2982 4357 3168 4408 ἕνεκεν
3207 4351 3304 4406 τοῦ
3328 4351 3676 4424 προρρηθὲν-ο

2091 4470 2184 4517 τος
2219 4452 2507 4507 νεανίσκου
2536 4452 2629 4504 τὸν
2655 4449 2810 4518 παρὰ
2838 4448 3145 4519 ἀνθρώπων
3163 4503 3168 4510 ,
3188 4446 3409 4500 ἔπαινον
3439 4445 3677 4515 θηράσαι.

400 4569 669 4626 encomiis
729 4577 958 4638 captus,
1019 4582 1178 4638 quem
1228 4567 1379 4630 dixi,
1438 4565 1794 4626 adolescens,
1844 4576 1973 4632 quat

2093 4547 2434 4618 γλιχόμενος.
2463 4541 2884 4616 προσεκολλήθη
2908 4543 2987 4611 τῷ
3043 4539 3367 4609 Ἐπιφανίῳ.

403 4663 554 4732 paria
627 4661 728 4716 sibi
790 4662 1044 4716 ardenter
1095 4659 1525 4730 concupisceret,
1588 4658 1642 4711 in
1692 4653 1982 4727 Epiphanii

405 4753 830 4810 f.:miliaritatcm
862 4768 984 4809 sese
1018 4753 1418 4808 insinuaverat.

482 4849 609 4902 115.
664 4848 882 4904 Accidit
914 4862 1042 4917 ergo
1073 4847 1392 4916 aliquando,
1441 4845 1810 4916 Epiphanium
1844 4844 1988 4897 dilu-

408 4941 532 4995 culo
556 4956 614 4996 se
641 4942 920 5010 proripere
947 4955 978 4994 e
1028 4947 1220 5001 strato,
1258 4950 1315 4994 ut
1358 4939 1548 4994 laudes
1577 4939 1686 4994 Deo
1710 4938 1988 5009 persolve-

413 5042 540 5089 ret:
569 5033 940 5104 proripuitque
989 5048 1048 5088 se
1087 5033 1251 5086 etiam
1317 5032 1634 5088 adolescens
1679 5031 1989 5101 praedictus,

413 5137 466 5180 et
510 5139 616 5179 una
666 5125 916 5194 precibus
961 5123 1246 5178 matutinis
1287 5123 1559 5178 vacabat:
1592 5138 1741 5187 cum,
1783 5122 1892 5178 Deo
1918 5123 1992 5176 ita

412 5221 759 5289 disponente,
788 5217 976 5273 eodem
1009 5231 1228 5288 quoque
1265 5217 1483 5271 advenit
1505 5219 1697 5272 beatus
1723 5216 1993 5279 Andreas,

415 5326 846 5381 cuergumenum
876 5326 1062 5381 agens.
1095 5311 1266 5378 Quem
1309 5312 1399 5366 ubi
1431 5308 1713 5380 conspexit
1755 5307 1989 5376 Epipha-

418 5402 563 5461 nius.
629 5401 699 5455 ob
755 5399 1116 5471 frequentiam
1183 5401 1368 5470 populi
1422 5400 1666 5464 veritus,
1715 5413 1784 5452 ue
1829 5397 2000 5466 ipsius

419 5494 614 5563 agendi
658 5496 852 5549 modus
886 5495 1122 5562 cuipiam
1172 5494 1558 5557 innotesceret,
1587 5489 1792 5544 nullum
1825 5488 2001 5544 sensi-

423 5588 528 5643 bile
567 5587 826 5641 indicium
899 5587 1047 5649 fecit,
1075 5588 1168 5642 sed
1235 5588 1352 5641 Solo
1376 5586 1570 5655 spiritu
1621 5581 2000 5637 advenientem

426 5680 702 5733 salutavit.
754 5680 1038 5749 Ingressus
1089 5688 1271 5733 autem
1301 5677 1568 5744 Andreas,
1607 5671 1910 5745 Epiphanio
1944 5686 2004 5726 sc

429 5768 716 5835 adiunxit;
773 5772 1032 5841 stetitque
1060 5773 1222 5841 longo
1254 5781 1515 5842 tempore,
1555 5767 1783 5824 verbum
1823 5764 2004 5837 profc-

435 5869 559 5916 rens
610 5861 854 5926 nullum,
907 5863 1096 5919 obtutu
1159 5864 1442 5924 duntaxat.
1501 5877 1675 5932 coque
1726 5870 1880 5916 torvo
1943 5872 2006 5914 ac

2166 4833 2285 4906 ριε⁸.
2303 4833 2392 4886 Ἐν
2427 4832 2526 4902 μιᾷ
2545 4830 2602 4883 δὲ
2633 4829 2741 4882 τῶν
2769 4826 3013 4899 ἡμερῶν,
3032 4827 3389 4896 όρθρίσαντος
3414 4825 3508 4879 τοῦ
3526 4825 3682 4879 Ἐπι-

2097 4929 2290 4997 φανίου
2312 4927 2393 4989 είς
2421 4925 2518 4994 τὴν
2546 4923 2638 4978 τοῦ
2655 4921 2795 4975 Θεοῦ
2825 4920 3158 4989 δοξολογίαν,
3187 4919 3498 4991 συνηγέρθη
3529 4919 3681 4986 αὐτῷ

2098 5021 2190 5074 καὶ
2219 5020 2248 5073 ό
2289 5018 2480 5091 ῥηθεὶς
2501 5018 2740 5082 νεανίας,
2773 5017 2867 5069 καὶ
2896 5014 2994 5068 σὺν
3028 5012 3180 5083 αὑτῷ
3205 5013 3392 5067 ἵστατο
3415 5012 3636 5082 ψάλλων
3664 5029 3679 5044 ·

2099 5113 2282 5164 νεύσει
2312 5111 2369 5163 δὲ
2410 5110 2546 5164 Θεοῦ
2570 5110 2791 5179 ἔρχεται
2826 5109 3008 5161 ἐκεῖσε
3037 5109 3066 5162 ὁ
3099 5107 3374 5177 μακάριος
3425 5105 3684 5174 Ἀνδρέας

2098 5206 2174 5268 ὡς
2204 5200 2283 5268 εἷς
2323 5203 2431 5257 τῶν
2461 5201 3042 5274 παρατετραμμένων.
3095 5198 3392 5270 Ἑωρακὼς
3418 5197 3477 5250 δὲ
3521 5198 3685 5250 αὐτὸν

2101 5298 2129 5348 ὁ
2176 5296 2516 5365 Ἐπιφάνιος⁸
2565 5295 2655 5349 διὰ
2683 5296 2812 5358 τοὺς
2852 5291 3201 5364 ἀνθρώπους,
3249 5293 3400 5354 ὅπως
3436 5293 3514 5361 μὴ
3541 5307 3687 5358 γνωο

2104 5390 2299 5458 σθῆναι
2357 5386 2452 5441 τοῦ
2514 5387 2692 5442 Ὁσίου
2748 5387 2849 5458 τὴν
2899 5387 3187 5458 ἐργασίαν,
3230 5386 3384 5438 οὐδὲν
3417 5385 3688 5456 ἀἰσθητὸν

2105 5482 2242 5553 πρὸς
2274 5481 2436 5534 αὑτὸν
2465 5479 2802 5546 ἐπεδείξατο,
2835 5479 2973 5533 ἀλλὰ
3004 5479 3280 5548 πνεύματι
3304 5478 3468 5531 αὐτὸν
3501 5477 3689 5549 ἠσπά-

2108 5592 2262 5630 σατο.
2311 5575 2403 5636 Ὠς
2451 5573 2544 5628 οὖν
2573 5572 2724 5626 ἔνδον
2751 5573 3000 5640 ἐγένετο,
3029 5568 3201 5624 ἐλθὼν
3227 5569 3457 5641 πλησίον
3493 5569 3686 5633 αὐτοῦ,

2109 5669 2240 5738 ἔστη
2287 5669 2382 5721 ἐπὶ
2429 5666 2631 5736 πολλὴν
2654 5665 2804 5737 ὥραν
2835 5664 3058 5717 σιωπῶν
3085 5682 3100 5696 υ
3135 5662 3348 5718 ἀπιδὼν
3375 5663 3433 5718 δὲ
3479 5665 3558 5724 είς
3587 5663 3689 5733 τὴν

2110 5762 2232 5831 ὕψιν
2282 5759 2376 5814 τοῦ
2433 5760 2717 5813 νεανίσκου
2773 5759 2982 5811 ἐκείνου
3031 5756 3277 5830 βλοσυρῷ
3329 5757 3408 5826 τῷ
3449 5756 3684 5827 δμματι,

2109 5855 2321 5909 δίδωσιν
2353 5852 2499 5923 αὑτῴ
2541 5853 2754 5918 κόσσον,
2792 5851 2863 5917 ὡ,
2906 5851 3155 5922 ἠδύνατο,
3211 5851 3303 5905 καί
3348 5865 3480 5921 φησι
3549 5845 3690 5916 πρὸς
