4090 6394
353 367 473 433 761.

1556 378 1736 439 VITA
1780 380 1841 439 S.
1884 378 2216 439 ANDitErE
2259 380 2452 443 ΞΛΜ.

3516 372 3622 453 762

354 478 515 531 αὐτόν
540 496 554 508 ’
605 479 903 552 Ἀπόστηθι
936 481 1030 535 τοῦ
1061 484 1273 548 παιδός·
1307 485 1368 539 ού
1393 485 1502 555 γάρ
1532 484 1584 540 εἴ
1608 488 1757 554 ἄξιος
1779 489 1938 543 ésra’t-

2054 507 2269 555 severo,
2330 493 2385 546 in
2452 492 2704 548 comitem
2765 495 2910 551 illius
2952 497 3170 566 deﬁxo,
3236 501 3325 556 cui
3375 510 3431 557 et
3473 503 3625 558 cola-

356 588 441 626 ναι
474 571 706 640 πλησίον
733 573 900 626 αὐτοῦ
936 590 949 605 ·
981 574 1116 628 διότι
1142 579 1328 642 κακῶς
1370 578 1644 648 κέχρηται
1695 582 1762 652 τῇ
1799 581 1938 652 ψαλ-

355 663 553 737 μῳδίᾳ.
589 663 1021 735 ὲξουθενημένον
1072 685 1131 721 σε
1162 672 1501 741 κεκτημένος
1526 672 1557 726 6
1582 672 1808 744 Κύριος.
1848 672 1939 735 Ὠς

354 754 445 810 οῦν
476 757 779 827 ἐρράπισεν
817 756 982 811 αὐτὸν
1008 760 1037 811 6
1066 760 1307 825 Δίκαιος,
1340 750 1548 826 ἐκείνος
1593 764 1797 827 εὐθέως
1837 765 1940 833 ἐμ-

357 849 532 918 μανὴς
583 851 823 918 ἐγένετο,
875 851 972 905 καὶ
1021 852 1250 924 ὥρμησε
1313 856 1410 908 τοῦ
1445 855 1744 928 δράξασθαι
1776 856 1939 909 αὑτὸν

355 941 463 994 ἀπὸ
498 942 607 993 τῶν
635 941 841 1011 τριχῶν
877 954 893 969 ⁸
933 942 1160 1014 δραμὼν
1188 946 1247 999 δὲ
1271 947 1301 999 6
1349 948 1690 1017 Ἐπιφάνιος,
1733 948 1941 1003 ἐκώλυ-

354 1050 447 1086 σεν
475 1034 637 1086 αὐτον
664 1033 761 1089 τοῦ
792 1036 1217 1107 ὲγχειρήματος,
1236 1039 1611 1106 ὀνειδιπικῶς
1632 1042 1940 1115 ἐπιπλήξας

355 1122 515 1179 αὐτὸν
538 1126 633 1178 καὶ
658 1123 835 1194 λέγων
863 1140 878 1156 ⁸

429 1408 562 1472 ρις·’.
583 1400 795 1471 Οὕτως,
817 1402 981 1475 εξηχε
1017 1405 1107 1460 ἐπ’
1127 1407 1410 1479 ἀληθείας,
1436 1409 1643 1481 μεταξὺ
1669 1412 1766 1467 τοῦ
1790 1414 1941 1470 θείου

356 1495 519 1565 χοροῦ
540 1495 850 1566 ἱστάμενος,
869 1497 1094 1552 τοιαῦτα
1123 1501 1493 1572 ἐπεχείρησας
1514 1503 1939 1575 διαπράξασθαις

357 1582 544 1645 οὕτως
565 1584 954 1653 ἁναγιὼσκεις,
970 1588 1053 1641 ὅτι
1079 1589 1299 1643 «Κακὸν
1318 1592 1440 1645 ἀντὶ
1466 1594 1641 1646 κακοῦ
1670 1595 1744 1665 μὴ
1778 1597 1946 1651 αντα-

355 1672 826 1745 ποδώσῃς;»οῦτω
849 1676 998 1746 λέγει
1030 1679 1254 1751 Κύριος,
1283 1698 1304 1733 ι
1356 1682 1484 1737 Ἐάν
1516 1683 1602 1748 τίς
1645 1699 1707 1737 σε
1731 1686 1939 1759 ραπίσῃ

2042 582 2232 651 phum,
2291 592 2493 655 quanta
2561 585 2736 656 potuit
2785 588 3065 656 violentia,
3132 590 3626 662 impingeus:Re-

2041 676 2192 741 cede,
2247 676 2445 747 inquit,
2500 678 2569 732 ab
2621 679 2799 737 isthoe
2854 682 3225 747 adolescente,
3264 694 3451 755 utpote
3481 688 3626 743 indi-
3722 694 3734 705 '

2039 782 2178 838 guns
2237 769 2500 825 societate
2559 770 2744 839 illius;
2779 775 2923 844 quod
2963 774 3124 830 enim-
3153 776 3360 833 abusus
3389 779 3465 834 sis
3510 780 3629 835 lau-

2038 861 2167 915 dum
2230 861 2540 917 divinarum
2589 865 2826 936 hymnis,
2886 867 3149 925 Dominus
3181 879 3234 925 te
3261 886 3362 941 pro
3392 873 3628 941 reprobo

2040 954 2223 1007 habet.
2290 954 2359 1009 At
2391 955 2504 1023 ille,
2534 957 2605 1012 ob
2664 957 2928 1027 inﬂictum
2965 952 3254 1031 colaphum
3284 962 3338 1017 in
3382 962 3626 1018 furerent

2043 1061 2256 1111 versns,
2318 1045 2479 1103 irruit
2531 1048 2586 1104 in
2641 1050 2818 1105 virum
2854 1061 3128 1121 sanctum,
3186 1070 3385 1111 ntanus
3413 1056 3628 1125 capillis

2038 1138 2343 1210 injeclurtts
2372 1156 2386 1196 :
2416 1143 2510 1197 sed
2557 1144 2833 1207 curriculo
2861 1146 3229 1203 interveniens
3268 1148 3628 1219 Epiphanius,

2044 1229 2261 1284 facinus
2288 1232 2643 1301 pra‘pedivit;
2668 1235 2999 1306 acribusque
3018 1237 3424 1295 adolescentem
3447 1241 3630 1299 verbis

2043 1318 2336 1391 increpans
2366 1342 2381 1379 :

2124 1415 2248 1471 H6.
2309 1415 2482 1482 Itane,
2539 1418 2734 1486 inquit,
2789 1421 2989 1477 mentis
3040 1421 3199 1492 inops
3230 1438 3297 1478 ac
3346 1422 3632 1481 verissim

2045 1508 2228 1566 stultis
2282 1511 2714 1573 annumerande,
2740 1512 2794 1565 in
2821 1512 3009 1567 divino
3045 1513 3147 1569 hoc
3195 1524 3338 1570 coetu
3368 1516 3474 1571 tale
3499 1516 3635 1572 facio

2045 1618 2149 1657 nus
2182 1599 2382 1657 audere
2413 1603 2930 1672 praasumasHtane
2980 1604 3120 1675 legis
3155 1622 3171 1659 :
3212 1623 3232 1659 ι
3276 1605 3395 1661 Noli
3421 1608 3627 1662 malum

2046 1709 2145 1766 pro
2193 1692 2334 1749 malo
2385 1692 2614 1750 reddere
2646 1694 2730 1749 “‘3
2793 1714 2813 1747 ›
2869 1697 3023 1751 itane
3055 1696 3298 1766 loquitur
3320 1698 3579 1755 Dominus
3615 1717 3632 1755 :

360 1767 442 1829 είς
470 1763 573 1837 τὴν
609 1765 791 1832 δεξιὰν
824 1771 1073 1838 σιαγόνα,
1109 1772 1342 1843 στρέψον
1387 1774 1538 1846 αὐτῷ
1579 1776 1678 1829 καὶ
1717 1776 1818 1849 τὴν
1846 1776 1945 1832 ἄλ-

2054 1763 2070 1839 ὲ
2117 1784 2175 1842 Si
2219 1787 2345 1858 quis
2406 1796 2456 1843 te
2497 1788 2830 1858 percusserit
2883 1788 2939 1843 in
2987 1763 3268 1845 dexteram
3329 1792 3634 1859 maxillam,

358 1857 458 1926 λην
490 1873 506 1922 ;
537 1876 556 1907 ι
596 1860 954 1932 Δίσχυνθήτω
980 1863 1009 1914 ὁ
1038 1864 1348 1934 κατάρατος
1396 1865 1631 1936 δαίμων,
1685 1868 1715 1921 6
1771 1869 1946 1924 ταῦτα

369 1950 704 2006 ὑποσάλλων.
739 1951 805 2007 Τί
840 1952 1022 2022 λέγειν
1063 1955 1283 2026 ἔχουσιν
1307 1959 1357 2010 oi
1391 1957 1582 2014 ἑνθάδε
1638 1961 1944 2032 παρόντες;

360 2043 493 2113 Οὐχὶ
515 2044 815 2099 σκάνδαλον
844 2045 1105 2118 ὀφθῶμεν
1133 2048 1351 2113 αὑτοῐς;
1377 2051 1512 2122 Οὐχὶ
1543 2055 1573 2106 6
1606 2054 1808 2125 Κύριος
1844 2070 1949 2109 κα-

357 2136 587 2206 τηγορεῖ
607 2134 766 2206 ἡμῶν
797 2137 1008 2205 λέγων’
1043 2156 1063 2190 t
1099 2140 1238 2194 Οὐαὶ
1264 2140 1346 2211 τῷ
1375 2142 1673 2216 ἀνθρώπῳ,
1694 2146 1762 2200 δι’
1796 2144 1857 2201 οὗ
1884 2149 1947 2201 τὸ

360 2228 662 2282 σκάνδαλον
678 2228 922 2297 γίνεταιί
954 2250 975 2282 ι
996 2231 1062 2285 Ei
1088 2228 1183 2286 οὖν
1208 2232 1394 2303 βούλει
1413 2237 1534 2305 μετ’
1557 2239 1694 2307 ἐμοῦ
1719 2241 1949 2295 συνδυά-

361 2320 503 2382 (etv,
536 2319 647 2389 ἐγὼ
693 2320 938 2375 τοιοῦτόν
979 2340 1039 2377 σε
1089 2321 1229 2379 εἶναι
1277 2327 1339 2379 οὐ
1373 2326 1637 2399 βούλομαι
1668 2347 1684 2363 ο
1713 2332 1810 2385 ἐὰν
1840 2335 1950 2405 γάρ

364 2412 592 2486 ὀφείλῃς
627 2410 768 2467 εἶναι
820 2414 918 2467 σὺν
963 2415 1111 2485 ἐμοὶ,
1166 2419 1389 2488 μακρὰν
1447 2421 1676 2475 σεαυτὸν
1718 2423 1949 2493 ποίησον

362 2505 567 2575 ἔριδος,
623 2505 814 2576 ὀργῆς,
870 2502 1088 2577 φθόνου,
1143 2513 1238 2563 καὶ
1293 2512 1464 2567 κακὸν
1501 2513 1624 2566 ἀντὶ
1670 2516 1840 2569 κακοῦ
1874 2516 1950 2587 μὴ

364 2597 603 2669 σπεύδῃς
632 2597 931 2652 ἀποδοῦναί
962 2617 1072 2654 τινι
1104 2615 1119 2629 ·
1150 2600 1290 2656 ἀλλὰ
1321 2603 1525 2672 μᾶλλον
1551 2605 1705 2673 γίνου
1734 2606 1949 2675 πτωχὸς

260 2742 267 2749 ,
361 2692 441 2763 τῷ
472 2692 771 2764 πνεύματι,
809 2696 904 2750 καὶ
931 2699 1398 2768 συντετριμμένος
1432 2701 1498 2771 τῇ
1541 2701 1761 2772 καρδίᾳ,
1817 2717 1952 2753 πεν-

363 2784 475 2837 (ιῶν
507 2787 602 2838 καὶ
630 2788 1054 2857 σκυθρωπάζων
1095 2789 1165 2842 τά
1199 2789 1429 2844 σεαυτοῦ
1477 2791 1950 2864 πλημμελήματα,

364 2880 540 2950 πρᾶος
566 2880 662 2933 καὶ
678 2880 972 2952 φιλήσυχος
998 2883 1415 2954 καθεσταμένος
1441 2884 1730 2953 πάντοθεν,
1755 2888 1849 2939 καὶ
1875 2884 1951 2956 μὴ

367 2970 735 3041 κλεπτόμενος
770 2973 877 3026 ὑπὸ
909 2973 1018 3027 τῶν
1046 2973 1328 3045 βλασερῶν
1362 2977 1457 3030 καὶ
1493 2977 1751 3048 πονηρῶν
1785 2995 1945 3050 κινη-

377 3064 561 3131 μάτων
586 3065 690 3135 τῆς
718 3067 1019 3137 ἁμαρτίας,
1050 3068 1110 3122 ἐν
1148 3069 1458 3139 σίκτιρμοίς
1491 3069 1814 3140 διαπρέπων
1855 3073 1952 3124 καὶ

369 3158 728 3229 χρηστότησι,
770 3159 866 3212 καὶ
918 3159 1369 3230 καλλωπισμένος
1397 3165 1467 3232 τῇ
1496 3163 1695 3234 γνώμῃ
1733 3163 1829 3216 καὶ
1874 3162 1952 3235 τῷ

368 3249 504 3316 ἔθει,
529 3252 625 3303 καὶ
653 3252 776 3314 ταῖς
807 3252 1037 3321 σεμναῖς
1066 3252 1165 3324 τῆς
1197 3254 1575 3326 πνευματικῆς
1603 3254 1807 3326 ἀρετῆς
1836 3254 1956 3309 δια-

369 3343 592 3394 θέσεσιν
628 3356 645 3372 ο
682 3340 903 3411 φεύγων
957 3343 1244 3413 βλακείαν,
1282 3345 1483 3416 οἴησιν,
1520 3346 1951 3416 ὑπερηφάνειαν,

370 3431 830 3504 ὑψηλοφροσύνην
862 3450 881 3468 ·
937 3433 1282 3505 ἀπεχόμενος
1359 3435 1669 3505 φειδωλίας,
1716 3438 1956 3508 κνηπίας

370 3526 660 3596 πορνείας,
694 3526 935 3596 μοιχίας,
957 3527 1351 3598 άνδρομανίας,
1384 3529 1683 3599 μαλακίας,
1727 3540 1959 3601 γαστρι-

373 3615 640 3687 μαργίας,
691 3620 790 3671 καὶ
818 3618 918 3685 τῆς
952 3618 1353 3691 βεὸυθισμένης
1401 3622 1575 3691 μέθης
1600 3638 1615 3653 ·
1662 3621 1751 3675 διὰ
1783 3620 1957 3674 ταῦτα

379 3714 482 3782 γὰρ
510 3712 810 3782 ἐπέρχεται
837 3714 1038 3785 ήὸργὴ
1068 3714 1166 3768 τοῦ
1200 3714 1340 3767 θεοῦ
1370 3715 1463 3769 ἐπὶ
1485 3716 1616 3780 τοὺς
1655 3716 1805 3780 υίοῦς
1852 3717 1956 3786 τῆς

373 3806 661 3870 ἀπειθείας
688 3798 823 3878 (59).
859 3807 922 3859 Εί
955 3807 1136 3861 τοίνυν
1158 3807 1340 3878 βούλει
1369 3808 1614 3862 συνεῖναί
1641 3824 1753 3878 μοι,
1783 3808 1957 3862 ταῦτα

375 3899 553 3952 πάντα
611 3898 873 3968 φύλαττε.
917 3900 1065 3953 Διότι
1107 3899 1170 3952 τὸ
1219 3901 1633 3971 παριστάμενον
1670 3900 1816 3969 λέγω
1851 3916 1955 3964 σοι,

377 3990 613 4061 πρόσεχε
641 3990 879 4062 σεαυτῷ,
919 3991 1010 4045 ἴνα
1061 3992 1136 4063 μὴ
1168 3990 1410 4064 μολύνῃς
1457 4008 1550 4044 σου
1590 3991 1690 4064 τὴν
1730 3991 1959 4061 νεότητα

377 4084 661 4153 πορνείαις
693 4085 928 4146 καὶτοῖς
973 4084 1373 4155 γαργαλισμοῖς
1420 4085 1517 4157 τῆς
1560 4084 1825 4150 ἀσωτίας,
1863 4084 1960 4158 [ὲν

375 4177 604 4248 οὐδεμιᾷ
638 4178 748 4248 γάρ
782 4177 919 4248 ἄλλῃ
947 4177 1206 4230 τοσοῦτον
1230 4179 1412 4248 χαίρει
1447 4180 1474 4230 ὁ
1501 4178 1743 4240 Σατανᾶ,
1780 4179 1961 4251 ἁμαρ-

375 4270 490 4339 τίᾳ,
525 4271 647 4323 ὅσον
677 4272 736 4324 ἐν
763 4271 939 4341 ταύτῃ
1000 4272 1095 4324 καὶ
1133 4272 1253 4333 ταῖς
1295 4270 1512 4340 ὁμοίαις
1544 4269 1719 4338 αὐτῆς
1770 4268 1882 4341 (40)

391 4362 527 4417 Ἰδοὺ
568 4362 749 4418 τοίνυν
781 4364 903 4428 νέος
931 4358 1003 4430 εἴ,
1032 4364 1177 4432 φίλε,
1210 4365 1307 4417 καὶ
1339 4363 1516 4433 μέγας
1560 4379 1642 4416 σοι
1676 4360 1828 4430 ἀγὼν
1863 4378 1964 4415 κα-

2047 1874 2228 1948 ρι-εοὺο
2275 1878 2353 1933 illi
2402 1884 2457 1933 et
2511 1877 2736 1933 alteram
2771 1879 2815 1911 ⁸³
2847 1878 2871 1932 ?
2907 1897 2927 1931 ι
2962 1879 3098 1951 Age,
3141 1879 3511 1936 confundatur
3534 1883 3637 1935 im-

2050 1971 2261 2041 pudens
2313 1976 2368 2024 et
2399 1964 2720 2025 maledictus
2742 1967 2983 2038 daemon,
3038 1974 3132 2042 qui
3169 1972 3265 2027 tibi
3293 1972 3420 2027 talia
3441 1987 3640 2043 sugge-

2022 2070 2025 2073 λ
2050 2063 2143 2117 rit.
2172 2061 2437 2128 Qualiter,
2460 2076 2668 2132 quaeso,
2697 2062 2993 2132 loquentur
3008 2063 3382 2133 quotquothie
3400 2062 3641 2118 adsunt?

2049 2152 2243 2208 Nonne
2296 2152 2553 2209 seandalo
2607 2153 2742 2219 ipsis
2785 2154 2994 2209 erimus
3026 2155 3049 2209 ί
3080 2152 3271 2210 Nonne
3319 2155 3501 2225 arguit
3535 2169 3639 2209 nos

2052 2245 2341 2309 Dominus,
2378 2260 2501 2300 cum
2531 2246 2607 2299 ait
2637 2261 2653 2298 :
2697 2261 2716 2294 ι
2764 2241 2851 2300 ναι
2880 2243 3090 2300 homini
3124 2259 3218 2316 per
3266 2256 3430 2315 quem
3477 2259 3640 2300 scan-

2050 2335 2237 2392 dalum
2266 2336 2415 2391 venit
2444 2335 2529 2390 ηε
2568 2355 2588 2387 ι
2628 2331 2688 2391 Si
2713 2351 2834 2391 mea
2864 2336 3035 2406 igitur
3078 2334 3185 2391 frui
3222 2337 3381 2406 cupis
3407 2334 3642 2392 familia-

2052 2429 2235 2494 ritate,
2292 2427 2490 2505 talibus
2547 2438 2598 2483 te
2642 2443 2766 2484 esse
2799 2427 3049 2483 moribus
3076 2443 3174 2501 per
3201 2443 3288 2482 tne
3330 2443 3439 2483 non
3464 2427 3635 2482 licet:

2053 2534 2240 2573 verum
2296 2520 2473 2574 danda
2528 2534 2693 2590 opera
2733 2527 2836 2583 est,
2870 2527 2983 2575 uta
3015 2519 3390 2583 contentione,
3432 2518 3504 2572 ait
3529 2519 3640 2572 ira-

2053 2612 2273 2677 cundia,
2333 2612 2402 2667 ab
2458 2611 2662 2667 invidia
2697 2628 2859 2683 quam
2896 2613 3267 2669 alienissimus
3296 2611 3395 2673 sis.
3429 2620 3490 2666 ut
3540 2625 3639 2678 pro

2053 2704 2196 2759 malo
2226 2720 2332 2759 non
2358 2704 2573 2760 coneris
2605 2705 2807 2759 malum
2839 2705 3144 2760 retribuere
3181 2703 3442 2773 cuipiam.
3494 2699 3638 2768 Quin

2053 2799 2219 2853 etiam
2277 2797 2363 2853 fac
2417 2810 2625 2868 panper
2680 2797 2876 2867 spiritu
2907 2794 3004 2851 tias
3038 2804 3093 2851 et
3117 2795 3283 2851 corde
3330 2793 3641 2858 contritus;

2053 2887 2190 2944 deﬂe
2215 2899 2436 2960 peccata
2467 2898 2598 2956 tua;
2631 2888 3107 2944 mansuetudinem
3143 2897 3203 2948 et,
3243 2885 3483 2956 quietem
3514 2884 3638 2940 ubi-

2055 3000 2161 3055 que
2222 2999 2367 3050 ama,
2432 2980 2599 3037 nullis
2644 2981 2901 3036 vitiorum
2936 2981 3120 3050 pravis
3166 2978 3483 3049 nocivisquc
3512 2976 3646 3031 περ..

2056 3076 2329 3132 ctionibus
2344 3084 2553 3139 motus;
2580 3083 2776 3145 praesta
2795 3071 3132 3144 benignitate
3155 3085 3220 3127 ac
3246 3068 3643 3133 misericordia;

2057 3168 2327 3225 contende
2394 3177 2454 3222 ut
2517 3167 2745 3222 scientia
2798 3165 3002 3236 pariter
3025 3171 3080 3218 et
3130 3162 3363 3234 egregiis
3395 3161 3641 3223 moribus

2054 3277 2269 3317 necnon
2322 3259 2590 3328 spirituali
2634 3274 2762 3329 erga
2827 3258 3080 3327 virtutem
3125 3256 3320 3310 affectu
3365 3254 3642 3318 excellas;

2056 3354 2343 3408 mollitiem
2391 3367 2456 3407 ac
2484 3352 2652 3406 animi
2688 3349 2979 3405 elationem
3011 3348 3436 3419 superbiamque
3474 3345 3644 3416 fuge;

2061 3440 2228 3518 supra
2287 3447 2424 3501 alios
2472 3462 2542 3501 ne
2574 3445 2802 3514 sapias;
2840 3457 3039 3513 parcns
3081 3440 3311 3495 nimium
3339 3452 3649 3507 avarosque

2056 3542 2167 3598 noli
2224 3556 2391 3601 esse:
2439 3538 2855 3603 fornicationes,
2885 3536 3176 3601 adulteria,
3218 3535 3474 3589 insanum
3528 3545 3649 3586 ma.

2057 3634 2336 3690 sculorum
2386 3647 2653 3694 amorem,
2714 3628 2919 3700 gulam,
2968 3642 3198 3698 quaque
3259 3624 3537 3680 hominem
3590 3623 3645 3677 in

2060 3727 2316 3781 vitiorum
2343 3724 2587 3776 muniunt
2616 3721 2928 3791 voraginem
2966 3717 3291 3788 praecipitat,
3325 3715 3645 3771 ebrietatem

2057 3818 2262 3884 devita,
2327 3825 2613 3886 prepterea
2664 3812 2808 3868 enim
2863 3815 3012 3866 venit
3043 3813 3122 3865 ira
3159 3808 3253 3864 Dei
3311 3822 3477 3877 super
3506 3806 3648 3862 illius

2063 3909 2395 3968 diﬂidentize.
2457 3908 2583 3963 Περ
2613 3904 2819 3968 omnia,
2856 3903 2902 3958 si
2957 3919 3042 3957 me
3074 3901 3169 3955 tibi
3199 3900 3520 3954 familiarem
3549 3913 3645 3952 cu~

2061 4005 2169 4076 pis,
2199 4003 2387 4060 sedulo
2413 3999 2650 4054 cavenda
2677 4006 2825 4052 sunt.
2852 3995 3197 4065 Quapropter
3224 3991 3368 4063 quod
3399 4006 3429 4045 e
3464 4005 3522 4043 re
3553 3995 3647 4044 tua

2063 4108 2166 4163 est,
2231 4110 2448 4164 moneo,
2512 4092 2691 4146 tibiut
2744 4088 3021 4153 consulas,
3061 4102 3160 4140 nec
3188 4082 3649 4138 fornicationibus

2061 4203 2155 4246 aut
2182 4188 2538 4258 cupiditatum
2567 4179 2991 4245 titillatinnibus,
3049 4174 3473 4231 adolescentiam
3502 4186 3650 4227 tuam

2066 4280 2454 4341 commaCules,
2492 4275 2639 4330 nullo
2693 4287 2929 4341 namque
2980 4270 3089 4323 alio
3155 4284 3222 4323 ex
3274 4275 3495 4336 peccato
3528 4274 3654 4319 tan-

2065 4385 2177 4429 tam
2235 4371 2470 4428 Satanas
2516 4369 2848 4436 voluptatcm
2881 4363 3044 4434 capit,
3071 4369 3338 4433 quantum
3368 4375 3434 4413 ex
3462 4361 3563 4411 hoc
3594 4361 3652 4409 ct

379 4455 614 4526 θέστηκε
674 4456 811 4524 πρὸς
834 4456 964 4520 τοὺς
1000 4459 1277 4525 τέσσαρας
1309 4456 1608 4526 δράκοντας
1647 4454 1751 4524 τῆς
1782 4454 1952 4524 ἁμαρ-

2067 4467 2232 4536 hujus
2277 4463 2571 4521 similibus.
2610 4458 2750 4514 Ecce
2791 4458 2844 4512 in
2885 4457 3065 4527 primo
3088 4454 3264 4509 aetatis
3296 4452 3431 4506 ﬂore
3461 4463 3651 4504 versa-

380 4547 503 4609 τίας
529 4562 545 4576 ·
573 4545 670 4600 καὶ
716 4546 769 4598 εί
820 4546 1002 4617 βούλει
1048 4547 1216 4612 ὀξέως
1280 4546 1488 4600 τούτων
1553 4543 1960 4614 περιγενέσθαι,

386 4640 679 4712 σύντριψον
713 4641 804 4695 τὸν
837 4638 1098 4711 βραχίονα
1144 4636 1240 4691 τοῦ
1272 4637 1511 4708 χαλεποῦ
1541 4655 1637 4690 σου
1670 4637 1962 4708 φρονήμα-

382 4753 476 4801 τος
499 4738 718 4808 καὶτῆς
751 4733 1152 4805 φιλυπαυχένου
1186 4734 1460 4802 νεότητος,
1481 4732 1575 4785 καὶ
1594 4730 1966 4801 ταπεινώθητι

387 4830 648 4883 ὑποκάτω
678 4829 786 4883 τῶν
815 4829 913 4882 τοῦ
947 4827 1205 4898 Σωτῆρος
1242 4824 1405 4896 ἰχνῶν
1437 4841 1453 4857 ο
1499 4825 1649 4886 ὅπως
1678 4823 1842 4886 αὐτὸς
1865 4823 1964 4876 ἅν-

383 4924 773 4991 ταγωνισάμεν
805 4940 834 4987 ς
884 4922 1029 4991 ὑπὲρ
1063 4919 1182 4985 σοῦ,
1213 4920 1413 4989 νικήσῃ
1467 4919 1562 4971 τὸν
1633 4916 1962 4986 φιλόσαρκον

386 5018 480 5069 καὶ
501 5014 867 5085 φιλοπόλεμον
894 5012 1149 5084 δαίμονα,
1176 5012 1270 5066 καί
1294 5028 1377 5065 σοι
1406 5010 1506 5082 τὴν
1536 5010 1696 5082 νίκην
1736 5009 1971 5081 ὲπιγρὰ⁴

386 5109 578 5178 ψηταιο
605 5108 810 5177 Κύριος
853 5106 965 5176 γὰρ
999 5105 1378 5177 ὑπερηφάνοις
1427 5103 1835 5170 ἀντιτάσσεται,
1868 5121 1966 5159 τα-

390 5202 592 5264 πεινοῖ,
632 5199 692 5253 δὲ
721 5198 906 5255 δίδωσι
935 5197 1120 5268 χάριν.

2060 4564 2160 4627 ris,
2201 4575 2234 4615 ο
2291 4560 2491 4623 amice,
2553 4564 2606 4611 et
2642 4553 3009 4627 periculosum
3068 4548 3163 4604 tibi
3211 4548 3478 4603 adversus
3513 4560 3653 4615 qua-

2061 4666 2186 4712 tuor
2235 4653 2531 4718 dracones,
2598 4655 2946 4719 peccatorum
3002 4646 3333 4708 incentores,
3363 4644 3655 4710 perlatum

2058 4755 2312 4820 paratum
2363 4751 2482 4820 est,
2511 4740 2712 4812 quibus
2746 4738 2793 4794 si
2844 4735 3097 4806 superior
3150 4733 3381 4789 evadere
3421 4730 3665 4800 expetis,

2061 4816 2321 4900 ferocitas
2353 4816 2451 4891 illa
2496 4833 2699 4904 ingenii
2727 4830 2803 4884 tui
2839 4828 2936 4883 tibi
2996 4824 3316 4881 refrenanda
3338 4863 3355 4890 ,
3395 4830 3449 4877 et
3486 4821 3654 4876 robur

2071 4932 2350 4990 indomita:
2402 4924 2706 4999 iuventutis
2782 4915 3175 4981 conterendutn
3241 4923 3357 4981 est,
3438 4925 3652 4966 necnon

2071 5022 2320 5093 vestigiis
2354 5014 2653 5074 Salvatoris
2701 5012 2872 5067 nostri
2904 5026 3027 5066 cum
3060 5006 3369 5063 humilitate
3394 5004 3657 5059 insisten-

2071 5122 2203 5172 dum
2239 5121 2340 5168 :ut
2392 5124 2495 5182 pro
2549 5117 2600 5162 te
2656 5106 2774 5176 ipse
2821 5104 3129 5166 decertans,
3183 5098 3378 5170 spiritu
3410 5094 3657 5152 libidinis

2072 5205 2310 5274 bellique
2361 5207 2582 5255 amante
2616 5192 2920 5265 proﬂigato,
2951 5189 3047 5246 tibi
3073 5188 3357 5245 victoriam
3380 5194 3657 5259 .reportct.

2072 5294 2339 5355 Dominus
2369 5295 2572 5366 quippe
2606 5286 2860 5359 superbis
2885 5284 3112 5349 resistit,
3145 5281 3443 5339 humilibus
3471 5286 3665 5359 autem.

2072 5388 2168 5449 dat
2202 5390 2429 5460 gratiam
2474 5385 2539 5439 ¹⁷.

400 5524 424 5602 ἀ
474 5559 565 5616 "l
594 5563 736 5619 Petr.
771 5576 864 5628 tu,
894 5560 950 5618 9.
1000 5560 1057 5611 ,ιδ
1079 5516 1285 5621 Πειιὶι,
1318 5571 1371 5622 v,
1402 5552 1491 5610 39.
1567 5552 1611 5585 "
1643 5549 1779 5608 Luc.
1813 5565 1942 5606 xvttt

2054 5590 2064 5605 .
2136 5550 2189 5582 ‘"
2225 5548 2344 5604 Jac.
2365 5561 2458 5607 tv,
2495 5541 2550 5597 6.
2616 5559 2623 5566 ·

475 5732 590 5802 (39)
619 5732 720 5803 his.
751 5730 923 5803 Vatic.
943 5728 1012 5803 τά
1027 5727 1253 5803 τοιαῦτα
1279 5722 1641 5803 πράσαοντας.

475 5791 588 5874 (40)
618 5800 743 5859 Hoc
780 5804 850 5857 ita
884 5800 1196 5870 legebantur
1229 5796 1280 5852 in
1315 5791 1415 5851 ins.
1450 5791 1622 5850 Vatic.
1648 5793 1970 5864 depravata:

2089 5714 2164 5779 ὥς
2187 5711 2340 5767 οὐδὲν
2367 5708 2546 5781 χαίρει
2566 5709 2602 5781 -ὁ
2629 5709 2872 5772 Σατανᾶς
2900 5703 3190 5776 ἁμαρτίαν,
3209 5703 3334 5757 ὅσον
3364 5694 3535 5769 ταύτῃ
3568 5694 3665 5750 καὶ

2084 5788 2199 5849 ταῖς
2223 5779 2435 5852 ὁμοίαις
2459 5779 2644 5851 αὐτῆς.
2709 5805 2712 5809 ~
