4090 6456
457 357 567 422 763

460 575 578 619 tum
648 576 732 622 est
781 585 809 620 a
860 568 1004 622 malo
1033 570 1278 626 dazmone
1309 587 1404 626 cor
1446 570 1835 633 adulescentis,
1875 581 2052 638 usque

461 659 600 713 adeo
632 670 692 713 ut
724 661 1004 730 trgerrime
1030 661 1340 716 hortantem
1369 663 1574 725 tulerit,
1637 670 2052 732 prostratus‘que

455 753 863 820 quodammodo
897 762 947 807 et
973 763 1198 808 moestus
1220 753 1439 816 abierit,
1465 755 1536 808 ita
1576 755 1836 823 loquens:
1869 751 2054 818 Quan-

453 843 530 895 do
579 843 743 914 igitur
791 844 935 907 licet,
1002 844 1187 898 mundi
1233 859 1318 898 me
1380 844 1589 899 deliciis
1641 843 1821 904 dabo,
1852 840 2051 896 deinde

463 933 556 988 ubi
604 935 783 988 visunt
850 933 1034 998 fuerit,
1070 935 1144 988 illi
1171 936 1426 989 nuntium
1456 936 1814 992 remissurus.
1862 931 2052 1000 Neque

460 1025 726 1093 deinceps
755 1025 806 1077 in
830 1025 1076 1079 animum
1111 1025 1328 1079 induxit
1375 1026 1665 1080 convenire
1694 1024 2054 1094 Epiphanium

462 1127 524 1172 ut
577 1117 631 1170 in
690 1117 883 1184 spiritu
940 1117 1271 1180 erudiretur,
1339 1127 1393 1172 et
1449 1128 1618 1173 totum
1677 1133 1735 1171 se
1769 1115 2059 1186 voluptati-

471 1211 574 1264 bus
623 1209 903 1271 addicens,
936 1209 1261 1279 nullumque
1318 1208 1599 1264 scortandi
1632 1224 1695 1262 ac
1718 1207 2058 1263 adnlterandi

468 1302 690 1355 modum
724 1299 950 1364 faciens,
1006 1301 1434 1370 pulcherrimam
1487 1302 1728 1378 animam
1756 1316 1913 1356 suam
1957 1299 2061 1354 mi-

468 1390 774 1445 serabiliter
790 1393 1195 1462 conspurcavit.
1220 1392 1610 1448 Verumtamen
1636 1394 1913 1464 aliquanto
1937 1401 2061 1463 post

469 1482 525 1536 in
577 1483 908 1538 tentationes
961 1492 1016 1538 et
1061 1485 1400 1540 calamitates
1463 1486 1815 1555 gravissimas
1848 1485 2060 1551 incidit,

465 1574 666 1644 quibus
715 1574 782 1628 ad
843 1576 1041 1630 incitas
1092 1579 1368 1641 redactus,
1397 1577 1644 1646 quotidie
1680 1593 1873 1646 panem
1900 1593 2060 1632 suum

465 1666 781 1722 mendicare
816 1683 1101 1724 necessum
1147 1668 1358 1723 habuit.
1407 1668 1546 1723 Hine
1589 1679 1824 1724 mmstus
1882 1668 2068 1723 turba-

472 1772 674 1830 tusque
727 1759 1095 1830 Epiphanius,
1154 1761 1418 1815 [amulum
1473 1759 1564 1816 Dei
1619 1761 1892 1814 Andream
1953 1760 2065 1813 adit

466 1861 724 1922 oratque,
777 1862 836 1906 ut
887 1853 1082 1909 miselli
1136 1851 1504 1908 adolescentis
1569 1855 1918 1907 misereatur.
1963 1852 2063 1908 Cui

475 1945 752 2002 Sanctus:
789 1948 965 2014 Absit,
1019 1948 1090 2001 illi
1141 1949 1258 2012 mi,
1315 1950 1410 2002 sed
1455 1948 1652 2002 anima:
1687 1947 1835 2002 illius
1883 1945 2066 2015 capiat

468 2049 525 2095 te
585 2042 772 2111 potius
827 2041 1112 2096 miseratio
1169 2058 1333 2111 quam
1379 2043 1659 2112 corporis;
1723 2041 1795 2094 ita
1821 2055 1984 2111 porro
2007 2053 2067 2093 se

469 2133 708 2199 habeat,
782 2134 860 2188 uti
923 2135 1126 2198 modo,
1181 2135 1231 2188 id
1266 2150 1505 2204 namque
1568 2131 1806 2202 expedit.
1881 2129 2069 2185 Veniet

470 2233 652 2280 autem
691 2235 929 2295 tempus,
979 2243 1090 2297 quo
1120 2227 1399 2282 miseriam
1438 2225 1581 2280 illitis
1617 2234 1670 2278 et
1703 2222 2065 2277 humilitatem

469 2316 805 2386 respiciente
862 2317 1112 2378 Domino,
1146 2318 1197 2370 in
1227 2317 1522 2387 pristinum
1572 2323 1777 2372 statum
1807 2313 2070 2368 restitue-

473 2418 585 2464 tur.
634 2407 773 2462 Tum
847 2406 1500 2479 Epiphanius:0bsecro
1571 2415 1656 2468 te,
1704 2405 1923 2475 inquit,
1984 2403 2069 2457 fa-

473 2499 622 2553 mule
677 2501 792 2562 Dei,
843 2510 902 2554 ut
954 2515 1196 2570 exponas
1246 2497 1402 2561 mhi,
1455 2499 1815 2567 quamobrem
1878 2496 2070 2550 adole-

473 2607 636 2647 scens
663 2594 755 2647 ille
785 2601 893 2646 tam
938 2592 1121 2648 subito
1147 2589 1456 2643 daemonum
1511 2589 1795 2644 tentationi
1838 2588 2070 2645 traditus

473 2685 570 2740 sit.
631 2687 816 2750 Nulla,
879 2683 1094 2755 reponit
1152 2683 1418 2744 Andreas,
1454 2683 1559 2737 alia
1594 2683 1660 2737 de
1719 2699 1884 2737 causa
1939 2698 2068 2739 suc-

471 2777 694 2833 censuit
751 2777 828 2831 illi
893 2774 1175 2838 Dominus,
1234 2773 1338 2828 nisi
1397 2773 1543 2846 quod
1597 2775 1875 2850 periurus,
1915 2790 2070 2828 men-

473 2864 952 2939 dan'pneiidens
1014 2883 1079 2921 ac
1147 2867 1393 2922 tumidus
1442 2878 1622 2932 esset,
1694 2869 1948 2940 quamvis
2017 2878 2072 2922 et

479 2962 589 3016 alia
617 2960 780 3025 forte,
803 2962 968 3013 etiam
1002 2959 1276 3030 graviora,
1306 2961 1359 3015 in
1391 2977 1451 3016 se
1496 2961 1703 3016 scelera
1735 2959 2024 3015 admiserit
2057 2975 2070 3011 :

478 3053 576 3109 sed
609 3067 714 3107 non
742 3059 948 3106 tantam
980 3063 1204 3122 propter
1234 3053 1370 3118 hazc,
1429 3061 1693 3124 quantam
1728 3064 1946 3126 propter
1981 3053 2072 3107 illa

1539 352 1969 424 NICEPHORI
2014 352 2491 419 I’RESBYTERI
2531 355 2639 420 (ΣΡ.

530 474 650 528 H7.
706 474 858 529 Talia
917 488 1171 534 monente
1229 475 1428 535 illustri
1463 474 1791 548 Epiphanio,
1826 479 2048 531 indura-
2077 481 2120 535 Α

3638 367 3745 429 764

2226 474 2351 542 ριζ¹.
2381 474 2564 528 Ταῦτα
2602 473 2696 527 τοῦ
2739 474 3362 546 φωστῆροςἙπιφανίςυ
3397 477 3473 550 τῷ
3496 483 3746 553 νεωτέρῳ

2157 567 2354 637 ἐκείνῳ
2384 565 2788 629 νουθετοῦντος,
2834 567 2940 620 ὑπὸ
2986 568 3080 621 τοῦ
3119 573 3360 640 πονηροῦ
3409 574 3747 643 σκληρωθεί-

2159 678 2258 729 σης
2284 659 2450 712 αὑτοῦ
2480 661 2578 729 τῆς
2609 653 2858 730 καρδίας,
2893 659 3106 731 βαρέως
3134 663 3200 716 τά
3233 664 3459 734 ῥήματα
3518 666 3745 735 ἦνεγκε,

2164 754 2261 806 καὶ
2293 753 2532 815 ὀκλάσας
2560 749 2696 822 πρὸς
2729 754 2796 806 τὰ
2827 752 3122 823 λεγόμενα,
3151 754 3440 826 λυπηθεὶς,
3467 759 3748 830 ἀνεχώρη-

2162 865 2256 901 σεν
2282 845 2454 900 εἰπών
2477 865 2489 878 ·
2509 846 2781 914 Ὁπηνίκα
2813 847 3036 917 ὀφείλω,
3069 848 3367 902 ἀπολαύσω
3392 851 3486 904 τὸν
3518 853 3744 922 κόσμον,

2159 941 2280 994 τότε
2307 939 2473 994 αὐτοῦ
2501 939 2840 1008 άπόσχομαι.
2883 940 3085 994 Οὐκέτι
3112 935 3205 993 οὖν
3231 942 3532 1009 προσέθετο
3562 944 3750 996 συνελ-

2162 1032 2275 1088 Θεῖν
2298 1031 2375 1102 τῷ
2416 1031 2722 1101 Ἐπιφανίῳ
2760 1033 2838 1095 εἰς
2869 1032 2962 1087 τὸν
2992 1033 3366 1103 πνευματικὸν
3389 1034 3600 1102 ἀγῶνα,
3631 1035 3750 1090 ἀλλ’

2161 1123 2557 1194 ἑμφιλοχωρῶν
2591 1128 2710 1184 ταῖς
2743 1122 3123 1193 ἡδυπαθείαις,
3161 1125 3446 1195 πορνείαις
3485 1127 3581 1180 καὶ
3626 1145 3748 1196 μοι·

2161 1214 2356 1285 χείαις,
2397 1215 2496 1283 τῆς
2530 1215 2772 1283 ἐλεεινῆς
2819 1215 2986 1268 αὐτοῦ
3028 1215 3210 1285 ψυχῆς
3249 1215 3308 1269 τὸ
3360 1217 3559 1282 κάλλος
3589 1221 3752 1273 κατε-

2171 1307 2385 1378 μίανεν.
2437 1308 2593 1362 Μετὰ
2655 1309 2833 1362 ταῦτα
2917 1309 3211 1378 περιέπεσε
3269 1313 3597 1380 πειρασμοῖς
3656 1313 3755 1367 καὶ⁸
3813 1297 3829 1310 ν

2166 1399 2380 1471 θλίψεσι
2447 1401 2866 1470 σφοδροτάταις.
2899 1399 3042 1456 ὥστε
3087 1402 3181 1458 καὶ
3233 1401 3314 1466 ιίς
3359 1403 3624 1473 μεγίστην
3650 1422 3752 1457 πε-

2167 1493 2286 1548 νίαν
2312 1494 2512 1559 ὲλθεῐν,
2540 1491 2638 1548 καὶ
2665 1493 2758 1547 τὸν
2785 1494 2951 1563 ἄρτον
2977 1494 3162 1564 ζητεῖν
3194 1495 3542 1566 καθημέραν.
3598 1495 3756 1549 Ἐλυ-

2166 1584 2316 1654 πήθη
2352 1580 2447 1638 οὖν
2482 1585 2577 1640 ἐπὶ
2610 1583 2788 1656 τούτῳ
2839 1586 2870 1641 ὁ
2915 1587 3255 1655 Ἐπιφάνιος,
3310 1589 3404 1641 καὶ
3453 1590 3757 1659 παρεκάλει

2167 1676 2262 1730 τὸν
2292 1674 2478 1729 δοῦλον
2504 1675 2600 1728 τοῦ
2624 1675 2761 1729 Θεοῦ
2794 1675 3020 1745 ποιῆσαι
3067 1677 3187 1746 μετ’
3217 1673 3384 1731 αὐτοῦ
3413 1677 3581 1740 ἔλεος.
3618 1678 3679 1729 ’0
3700 1676 3760 1730 δὲ

2174 1767 2366 1832 Ὀσιος
2395 1765 2500 1838 ἔφη
2531 1783 2545 1798 υ
2583 1767 2742 1837 Οὐχὶ,
2771 1767 2984 1833 τέκνον,
3031 1770 3169 1824 ἀλλὰ
3203 1770 3562 1840 συμπάθησον
3591 1769 3756 1824 αὐτοῦ

2173 1858 2376 1927 μᾶλλον
2425 1862 2491 1928 τῇ
2542 1858 2712 1931 ψυχῇ,
2759 1860 3062 1930 κάμνοντος
3105 1861 3203 1915 τοῦ
3257 1861 3512 1932 σώματος
3547 1879 3560 1893 ·
3599 1862 3760 1916 ἔασον

2169 1951 2352 2005 τοίνυν
2382 1951 2551 2004 αὐτὸν
2578 1951 2754 2016 οὕτως
2791 1967 2806 1982 ⁸
2835 1954 3096 2024 ἁρμόδιον
3140 1955 3248 2024 γὰρ
3276 1955 3436 2007 τοῦτο
3477 1954 3626 2024 αὑτῷ
3661 1973 3760 2006 πεο

2175 2041 2400 2111 ρίεστιν.
2475 2037 2786 2098 Ἐλεὺσεται
2833 2045 2890 2096 δὲ
2932 2043 3142 2112 καιρὸς,
3194 2044 3433 2114 ὁπηνίκα
3486 2049 3514 2097 ὀ
3552 2045 3756 2113 Κύριος

2174 2131 2511 2202 θεασάμενος
2530 2136 2627 2201 τῆς
2652 2133 3033 2202 ταλαιπωρίας
3059 2134 3156 2205 τὴν
3197 2135 3556 2192 ταπείνωσιν,
3595 2135 3757 2203 μετέ-

2174 2233 2339 2274 πειτα
2367 2223 2460 2275 ἐπὶ
2504 2223 2603 2291 τὴν
2645 2223 2922 2293 προτέραν
2967 2224 3136 2277 αὐτοῦ
3176 2224 3516 2278 κατάστασιν
3546 2225 3757 2276 ἀνακα-

2173 2313 2400 2384 λέσηται
2451 2315 2640 2370 αὐτόν.
2707 2315 3026 2383 Ἐπιφάνιος
3079 2314 3183 2385 ἔφη
3227 2331 3242 2349 ’
3299 2314 3611 2386 Παρακαλῶ
3675 2331 3757 2379 σε,

2170 2404 2324 2459 δοῦλε
2357 2405 2583 2475 Κυρίου,
2611 2406 2881 2477 γνώρισόν
2914 2425 3008 2481 μοι
3034 2407 3126 2462 διὰ
3167 2408 3332 2462 ποίαν
3379 2407 3562 2461 αἰτίαν
3587 2406 3759 2470 οὕτως

2175 2497 2345 2563 ὀξέως
2381 2501 2494 2564 τοῖς
2527 2501 2858 2570 πειρασμοῖς
2894 2500 3191 2570 παρεδόθη.
3235 2499 3298 2555 Ὀ
3325 2499 3384 2554 δὲ
3409 2496 3567 2552 εἶπεν
3602 2515 3616 2528 ·
3647 2499 3761 2552 Οὐκ

2178 2590 2427 2660 ὠργίσθη
2457 2591 2610 2662 αὐτῷ
2646 2594 2673 2644 ὀ
2697 2592 2904 2660 Κύριος
2949 2591 3019 2645 δι’
3043 2593 3200 2645 οὐδὲν
3227 2592 3438 2662 ἕτερον,
3481 2587 3531 2644 ei
3563 2589 3638 2661 μὴ
3675 2592 3762 2644 ὅτι

2175 2679 2245 2754 ἦν
2273 2684 2554 2752 ἐπίορκος,
2590 2683 2685 2736 καὶ
2719 2682 2986 2753 ψεύστης,
3020 2685 3116 2740 καὶ
3148 2683 3376 2755 θρασὺς,
3423 2684 3521 2736 καὶ
3552 2684 3763 2753 ὑπερή-

2176 2793 2345 2846 φανος
2376 2791 2390 2806 ·
2430 2776 2536 2829 κᾶν
2569 2776 2709 2846 τάχα
2738 2777 2846 2844 γάρ
2873 2779 2966 2830 καὶ
3000 2776 3136 2830 ἄλλα
3170 2777 3390 2847 χείρονα
3431 2777 3764 2847 διεπράξατο

2177 2865 2470 2935 σωματικὰ
2503 2865 2960 2938 πλημμελήματα
2988 2883 3002 2897 ·
3036 2866 3152 2920 ἀλλ’
3179 2863 3274 2921 οὖν
3300 2868 3360 2921 οὐ
3387 2866 3642 2921 τοσοῦτον
3673 2867 3764 2921 διὰ

2177 2957 2370 3025 ταῦτα,
2394 2957 2517 3010 ὅσον
2550 2957 2620 3010 δι’
2650 2957 2858 3012 ἐκεῖνα.
2914 2958 3072 3012 Οὕτω
3101 2959 3210 3028 γάρ
3237 2959 3410 3021 ἐστιν,
3435 2959 3530 3010 ἐὰν
3555 2957 3664 3026 γὰρ
3687 2955 3764 3027 μὴ

2179 3050 2358 3122 βράσῃ
2387 3051 2421 3120 ἡ
2469 3049 2648 3120 κύθρα
2678 3047 2960 3120 ὑψουμένη
3001 3050 3259 3121 ἰσχυρῶς,
3294 3051 3536 3121 ἠδύτητα
3559 3050 3764 3120 βρῶσις

479 3143 908 3210 indignationem
964 3143 1220 3197 incurrit.
1278 3143 1351 3197 lta
1407 3144 1550 3198 enim
1598 3159 1658 3198 se
1715 3159 1803 3198 res
1859 3142 2070 3197 habet:

2178 3142 2279 3194 οὐκ
2317 3141 2430 3210 ἔχει
2456 3155 2472 3171 ·
2508 3137 2651 3192 οὕτω
2703 3138 2799 3194 καὶ
2836 3141 2990 3210 ἡμεῖς
3017 3141 3065 3194 oi
3097 3139 3420 3210 ἁμαρτωλοὶ
3448 3140 3542 3193 καὶ
3569 3156 3766 3192 ταπει-

475 3229 593 3291 Nisi
621 3235 730 3288 olla
764 3234 872 3305 igni
905 3235 1159 3304 imposita
1186 3235 1416 3290 multum
1448 3233 1736 3298 ferbucrit,
1767 3232 1902 3287 nihil
1946 3248 2074 3286 sua-

479 3325 664 3380 vitatis
699 3325 920 3380 habebit
951 3327 1129 3392 cibus,
1171 3327 1266 3396 qui
1322 3327 1679 3380 continetur:
1711 3325 1784 3378 ita
1801 3334 1855 3378 et
1882 3324 2072 3378 nobis-

477 3433 602 3494 eum
631 3417 809 3487 agitur
858 3416 1086 3472 misellis
1113 3419 1448 3488 abjectisque
1480 3417 1863 3487 peccatoribus
1893 3455 1908 3479 ,
1958 3415 2062 3469 nisi

479 3509 674 3563 multis
709 3509 1117 3564 calamitatibus
1150 3510 1326 3580 pressi
1359 3524 1424 3564 ac
1447 3508 1838 3563 tentationibus
1869 3507 2080 3562 exerci-

479 3600 580 3653 tati
617 3599 910 3664 fuerimus,
968 3601 1147 3657 aditus
1176 3618 1282 3656 non
1318 3602 1524 3673 patebit
1552 3601 1608 3656 in
1658 3617 1882 3670 regnum
1912 3601 2082 3656 eozlo-
2126 3620 2136 3626 ν

482 3703 628 3745 rum.
698 3691 838 3746 Tum
890 3692 1270 3763 Epiphanius:
1303 3693 1460 3750 Siita
1523 3694 1782 3749 conducit
1835 3694 1901 3748 ad
1932 3693 2081 3748 salu-

482 3795 591 3840 tem
628 3785 826 3839 anima:
859 3787 1026 3850 illius,
1058 3790 1284 3843 verbum
1320 3804 1427 3843 non
1478 3788 1738 3858 adjiciam
1773 3787 2080 3857 depreCan-

2180 3235 2288 3302 νοὶ,
2322 3233 2417 3288 ἐὰν
2451 3232 2526 3302 μὴ
2555 3230 2850 3304 ὲψηθῶμεν
2885 3232 2972 3286 διὰ
3015 3232 3224 3289 πολλῶν
3264 3233 3499 3303 θλίψεων
3520 3233 3615 3285 καὶ
3649 3249 3764 3285 πει-

2181 3327 2432 3396 ρασμῶν,
2463 3328 2524 3379 οὐ
2557 3305 3003 3396 μὴ“ἐίσέλοωμεν
3056 3329 3138 3389 εὶς
3189 3328 3290 3397 τὴν
3339 3327 3616 3396 βασιλείαν
3657 3326 3767 3378 τῶν

2177 3418 2447 3489 οὐρανῶν,
2496 3420 2813 3488 Ἐπιφάνιος
2843 3415 2998 3474 εἶπεν
3027 3435 3042 3450 ⁸
3074 3417 3139 3474 Εἰ
3161 3418 3338 3484 οὕτως
3367 3419 3485 3472 ἐστὶ
3545 3418 3606 3472 τὺ
3631 3435 3766 3488 συμ·

2183 3511 2350 3582 φέρον
2407 3513 2509 3582 τῆς
2567 3510 2744 3580 ψυχῆς
2799 3510 2967 3565 αὑτοῦ
3031 3511 3345 3580 σωτηρίας,
3394 3510 3580 3564 οὐκέτι
3639 3512 3769 3581 περὶ

2179 3602 2346 3657 αὑτοῦ
2390 3602 2698 3674 φθέγξομαι
2730 3619 2744 3632 ⁸
2778 3603 2941 3674 μόνον
2989 3603 3084 3657 ίδω
3121 3601 3286 3657 αὐτὸν
3316 3604 3374 3655 ἐν
3400 3603 3644 3673 ὑπομονῇ
3673 3604 3768 3655 άν-

2179 3695 2558 3766 δρειούμενον,
2595 3696 2691 3748 καὶ
2737 3697 2819 3762 εἰς
2867 3695 3082 3764 ἀγαθὰς
3117 3695 3342 3759 ἐλπίδας
3384 3698 3478 3749 καὶ
3509 3695 3768 3760 ἐπαύλεις

2188 3787 2342 3857 παρὰ
2369 3787 2578 3860 Κυρίου
2613 3786 2921 3861 βαδίζοντα.
3405 3785 3412 3793 ’

483 3879 534 3930 di
571 3893 782 3934 causa:
822 3880 982 3934 modo
1012 3880 1244 3950 videam,
1273 3898 1539 3951 generose
1567 3881 1929 3937 sustinentem
1982 3880 2241 3948 adversa,
2297 3881 2364 3935 ad
2388 3895 2539 3953 spem
2585 3879 2746 3938 bonis
2799 3881 3162 3952 propositam,
3188 3890 3243 3939 et
3317 3882 3501 3936 aulam
3553 3881 3767 3937 Domini

483 3975 763 4030 emlestem
789 3978 1093 4046 pervenire.

561 4073 684 4128 “8.
739 4073 896 4130 Alius
931 4089 1152 4145 quoque
1175 4076 1518 4141 adolescens,
1545 4075 1632 4130 cui
1659 4090 1854 4129 nomen
1917 4068 2086 4127 Joan-

487 4182 626 4231 nes,
693 4166 1038 4222 familiariter
1127 4170 1383 4223 utebatur
1457 4168 1802 4239 Epiphanio,
1845 4180 2086 4235 eumque

487 4269 548 4314 ut
577 4260 1040 4329 condiscipulum,
1060 4264 1206 4331 quod
1237 4263 1402 4316 silnul
1434 4277 1718 4317 sacrarum
1753 4259 2082 4314 Litterarum

483 4354 674 4407 studio
725 4365 1035 4418 vacassent,
1094 4355 1314 4408 amabat
1350 4371 1364 4407 :
1397 4353 1493 4410 sed
1553 4354 1773 4408 amabat
1834 4362 2084 4418 tantum,

2258 4066 2523 4140 ριη’.Ἕτε
2532 4081 2624 4139 ρος
2638 4067 2698 4120 δέ
2709 4083 2792 4132 τις
2807 4069 3046 4133 νεανίας,
3064 4069 3292 4140 ὀνόματι
3309 4064 3584 4140 Ἰωάννης,
3603 4072 3771 4144 ἐχρησ-

2193 4159 2389 4231 μάτιζε
2417 4159 2728 4231 προσφιλὴς
2773 4161 3095 4230 Ἐπιφανίῳ,
3132 4163 3325 4217 καθότι
3353 4165 3446 4216 καὶ
3470 4165 3580 4220 τῶν
3613 4165 3773 4236 ίερῶν

2187 4254 2538 4325 γραμμάτων
2571 4254 2876 4326 ἀμφότεροι
2903 4254 2971 4306 τὰ
2997 4255 3298 4326 μαθήματα
3323 4257 3729 4327 ὲπαιδεύθησαν
3753 4271 3770 4289 ⁹

2184 4348 2381 4420 ἠγάπα
2405 4342 2500 4401 οὖν
2539 4347 2631 4400 τὸν
2655 4346 2978 4416 Ἐπιφάνιον
3009 4349 3410 4421 συμφοιτητὴν,
3439 4349 3536 4420 τὴν
3556 4351 3614 4403 δὲ
3639 4353 3774 4420 ἀρε-

484 4461 597 4503 uon
627 4447 790 4501 etiam
823 4448 1184 4502 aemulabatur
1216 4449 1492 4502 virtutem.
1517 4446 1760 4517 Contigit
1786 4447 2075 4517 aliquandc

2185 4443 2286 4510 τὴν
2335 4438 2502 4493 αὑτοῦ
2550 4439 2653 4494 οὐκ
2700 4439 2960 4510 ἐμιμεῖτο
3000 4440 3065 4494 τὶ
3111 4441 3354 4498 σύνολον.
3399 4445 3516 4515 Μιᾷ
3544 4443 3638 4497 οὖν
3663 4445 3773 4498 τῶν

488 4540 904 4596 coasidentibus
931 4548 1166 4610 utroque
1192 4541 1244 4594 in
1280 4542 1400 4595 loco
1431 4540 1647 4610 publico
1673 4547 1728 4594 et
1760 4539 2075 4610 colloquen-

2189 4534 2438 4605 ἡμερῶν,
2465 4531 2957 4600 συγκαθεζομένων
2985 4534 3096 4587 τῶν
3123 4534 3452 4604 ἀμφοτέρων
3481 4536 3692 4588 παίδων
3713 4538 3772 4590 ὲν

486 4631 660 4698 tibus,
724 4632 1065 4687 meretricem
1098 4632 1224 4687 illac
1248 4633 1350 4688 iter
1403 4633 1603 4686 habere
1631 4650 1644 4685 :
1671 4647 1795 4701 quae
1832 4632 1922 4685 ubi
1948 4630 2084 4684 ado-

491 4727 762 4781 lesrentes
809 4726 1115 4796 conspexit,
1173 4727 1410 4797 primum
1470 4724 1785 4798 gesticulari
1838 4724 2086 4795 impura,

482 4817 686 4874 deinde
716 4835 919 4889 corpus
951 4819 1128 4874 modis
1165 4818 1437 4874 indecoris
1489 4832 1730 4882 movere,
1782 4831 1848 4871 eo
1878 4831 1977 4871 sua
2004 4815 2088 4869 di-

485 4915 673 4984 rigens
714 4914 1041 4979 eonanima,
1083 4922 1142 4970 ut
1171 4914 1401 4968 alterum
1437 4911 1630 4966 saltem
1666 4911 1884 4967 illorum
1918 4911 1971 4963 in
2001 4907 2088 4964 sui

483 5007 993 5076 concupiscentiam
1037 5007 1376 5076 pertraheret
1408 5004 1738 5076 perniciosa.
1768 5001 1979 5060 Interea
2011 5002 2088 5053 fa-

491 5099 634 5152 ciem
670 5115 822 5155 suam
848 5107 1123 5155 averterat
1140 5097 1504 5170 Epiphanius,
1525 5096 1785 5168 socioque
1801 5095 2090 5151 subridens

496 5192 635 5245 dicei
658 5199 712 5244 at
760 5208 773 5244 :
839 5190 980 5246 Ecce
1027 5190 1360 5262 vulpiculam
1409 5187 1874 5256 inverecundam,
1922 5201 2086 5259 quam

496 5280 698 5340 blande
737 5283 1007 5340 aviculam
1074 5293 1243 5338 tentet
1292 5283 1658 5352 intercipere.
1701 5279 1950 5348 juvenis,
2013 5277 2094 5332 in-

492 5393 685 5448 quam,
756 5378 991 5448 alicujus
1041 5377 1279 5432 animam
1333 5377 1586 5448 praedari.
1635 5377 1704 5430 At
1759 5390 1889 5430 vero
1923 5371 2092 5431 Joan-

498 5487 623 5538 nes,
683 5483 743 5526 ut
793 5479 915 5526 erat
973 5470 1398 5540 perditissimus,
1435 5469 1636 5524 furtivo
1669 5470 1718 5522 in
1752 5467 1899 5522 illam
1933 5467 2088 5521 obtu-

499 5581 556 5622 tu
589 5582 888 5622 conversus
907 5575 1047 5630 erat,
1077 5567 1240 5630 clam,
1269 5573 1329 5620 ut
1355 5564 1604 5634 putabat,
1625 5561 1928 5632 Epiphanio
1956 5576 1971 5614 :
1997 5559 2089 5628 qui

499 5659 798 5726 perniciem
852 5657 1051 5712 anima:
1102 5657 1273 5720 illius,
1306 5670 1493 5710 revera
1528 5652 1825 5717 libidinosi,
1862 5661 1916 5706 ct
1949 5653 2094 5706 insa-

501 5757 578 5802 no
608 5764 739 5818 erga
795 5750 1030 5806 feminas
1082 5764 1270 5804 amore
1298 5747 1566 5811 succensi,
1615 5747 1876 5803 uberibus
1905 5758 2091 5813 prose-

512 5839 1083 5913 quebaturlacrymis,
1113 5849 1166 5898 et
1200 5839 1484 5898 minaciter
1536 5843 1589 5896 in
1630 5839 1969 5897 meretricem
2016 5840 2096 5894 in-

2185 4624 2264 4696 τῷ
2289 4623 2554 4694 δημοσίῳ,
2605 4623 2699 4676 καὶ
2746 4624 2818 4675 τὰ
2860 4625 3086 4693 ῥήματα
3120 4623 3479 4692 ὁμιλούντων,
3517 4628 3654 4698 γυνή
3688 4645 3774 4692 τις

2192 4717 2368 4791 μιμὰς
2397 4715 2720 4786 διερχομένη
2752 4715 2809 4768 ἐν
2848 4717 2960 4778 τοῖς
2993 4717 3128 4782 ἐκεῖ,
3159 4717 3234 4778 ὡς
3263 4718 3393 4782 τοὺς
3422 4720 3772 4790 ἀμφοτέρους

2191 4810 2390 4871 παῖδας
2453 4808 2739 4874 ἐθεάσατο,
2795 4804 3000 4879 ἤρξατο
3053 4810 3085 4879 ἡ
3149 4809 3462 4882 ἀκάθαρτος
3514 4814 3772 4883 σχήματα

2194 4901 2484 4972 πράττειν,
2525 4900 2652 4970 ἑξῆς
2687 4902 2782 4953 καὶ
2812 4901 3093 4973 κινήματα
3118 4901 3213 4956 καὶ
3241 4902 3619 4974 βλακεύματα,
3655 4923 3774 4960 πει-

2194 4993 2420 5064 ρωμένη
2454 4994 2488 5066 ἡ
2519 4992 2832 5063 γάγγραινα
2865 4995 2971 5046 κᾶν
2999 4993 3096 5048 ἕνα
3134 4995 3366 5065 συλῆσαι
3401 4998 3482 5060 εἰς
3518 4997 3775 5068 τὴνιὲπι-

2194 5087 2396 5157 θυμίαν
2435 5089 2631 5158 αὐτῆς.
2677 5087 2768 5148 Ὦς
2799 5086 2857 5141 δὲ
2891 5087 3068 5142 ταῦτα
3094 5087 3470 5160 διεπράττετο,
3506 5091 3776 5161 ἀπέστρε-

2194 5180 2264 5249 ψε
2319 5179 2421 5250 τὴν
2461 5180 2584 5251 ὄψιν
2624 5181 2790 5234 αὐτοῦ
2831 5180 2958 5235 ἰδὼν
2996 5182 3316 5252 Ἐπιφάνιος
3359 5182 3774 5251 ὑπομειδιάσας,
3814 5197 3817 5199 ‘

2195 5273 2288 5327 καί
2320 5290 2487 5344 φησιν
2517 5290 2532 5306 ·
2585 5273 2758 5327 Βλέπε
2788 5274 2888 5345 τὴν
2935 5274 3199 5328 ἀλώπεκα
3248 5273 3347 5345 τὴν
3391 5275 3775 5345 ἀναίσχυντον,

2194 5365 2312 5429 πῶς
2356 5367 2757 5421 ὑποκυνεύεται
2801 5343 2952 5438 ὄρνιν
3007 5343 3328 5437 πειρωμένη
3379 5343 3589 5433 λαϐεῖν,
3622 5343 3778 5438 ’φημὶ

2194 5458 2464 5528 νεωτέρου
2491 5457 2642 5523 Δτινὸς
2669 5457 2849 5530 ψυχὴν
2880 5457 2977 5512 τοῦ
3011 5457 3297 5528 θηρεῦσαι.
3337 5456 3397 5512 Ὀ
3423 5460 3480 5513 δὲ
3498 5461 3774 5530 Ἰωάννης,

2195 5554 2270 5618 ὡς
2304 5551 2379 5606 ὢν
2406 5552 2790 5618 ἐξωλέστατος,
2845 5551 3180 5606 κατεσκόπει
3226 5551 3491 5621 κρυφίως,
3528 5553 3602 5616 ὡς
3640 5554 3775 5606 ὓπο-

2197 5645 2472 5701 λανθάνων
2495 5645 2575 5717 τῷ
2613 5645 2940 5715 Ἐπιιρανίῳ.
2975 5644 3268 5713 Πορευθεὶς
3299 5646 3356 5698 δὲ
3380 5647 3406 5698 ό
3436 5645 3777 5715 Ἐπιφάνιος,

2198 5741 2452 5793 ἐλυπεῖτο
2499 5739 2592 5792 ἐπὶ
2638 5742 2705 5808 τῇ
2763 5738 3009 5808 ἀπωλείᾳ
3057 5737 3156 5806 τῆς
3192 5736 3370 5808 ψυχῆς
3412 5739 3576 5792 αὑτοῦ
3611 5754 3627 5768 ·
3687 5737 3776 5791 ἐπ’

2200 5833 2460 5904 ἀληθείας
2499 5833 2607 5901 γὰρ
2648 5832 2851 5894 itam-.9;
2890 5830 2987 5897 ὢν,
3041 5831 3296 5900 ἐμαίνετο
3346 5833 3425 5896 εἰς
3465 5832 3530 5885 τὰ
3568 5831 3778 5902 σκωλη-
