4090 6474
484 418 584 480 n57
1564 422 1989 482 NlCEl‘lIOlll
2033 421 2512 482 PRESBYTERI
2564 423 2675 487 cr.
3666 404 3780 489 γει

430 602 434 606 _
484 551 726 605 unquam
750 535 1129 590 consolatione
1155 542 1181 587 In
1204 535 1480 589 nil-udus?
1505 536 1692 602 quales
1717 535 1951 589 tenebrae
1970 534 2088 588 ista}

2193 538 2491 607 καρτερεῖν
2547 540 2608 587 ἐν
2651 536 2866 607 ἁγνείᾳ,
2928 536 3134 607 χρῆσον
3172 539 3315 590 κατὰ
3362 535 3454 589 τὶν
3497 538 3659 606 νόμον
3686 538 3789 591 τοῦ

483 627 830 684 exteriores?
888 631 1080 697 quales
1151 628 1326 696 angeli
1377 626 1462 680 isti
1527 635 1799 691 tortores,
1842 625 2086 682 turribus

2192 627 2355 692 θεοῦ,
2406 628 2557 689 ὅπως
2600 628 2694 680 καὶ
2751 626 2992 681 ἐνταῦθα
3044 628 3261 697 σεμνῶς
3311 626 3536 699 βειιῦσῃς,
3578 632 3673 683 καὶ
3728 634 3793 683 ὲν

485 721 704 785 armati,
738 731 1163 791 peccatoresque
1197 720 1301 776 mei
1327 720 1567 786 similes,
1598 719 1651 774 in
1714 719 1895 790 ignem
1921 720 2074 773 illum

2192 719 2270 788 τῷ
2307 718 2556 790 μέλλοντι
2584 718 2785 789 πολλῆς
2820 718 3145 792 ἀπολαύσῃς
3177 719 3277 789 τῆς
3310 719 3407 772 τοῦ
3451 719 3589 772 Θεοῦ
3631 723 3794 775 ἀπ..-

486 814 986 884 inexstinguibilem
1051 812 1495 884 praecipitandos,
1549 811 1862 868 caedentes?
1915 809 2073 867 Nunc
2178 812 2413 882 λήψεως.

486 910 653 975 igitur
709 917 764 962 et
823 915 907 974 tu,
947 909 993 962 si
1056 921 1298 975 nequeas
1337 908 1728 962 caStimoniam
1763 910 2021 971 servare',
2088 922 2154 962 ex
2194 909 2394 962 divina:
2432 908 2567 979 legis
2603 907 2924 978 prreseripto
2977 908 3390 962 matrimonium
3445 909 3521 963 ini
3553 925 3568 964 :
3596 921 3654 966 ut
3686 924 3790 981 pro

486 1003 700 1057 ratione
754 1014 932 1059 status
974 1003 1064 1057 hic
1125 1013 1277 1058 caste
1307 1003 1516 1071 vivens,
1585 1004 1639 1058 in
1686 1003 1892 1059 saeculo
1962 1003 2151 1059 laturo
2189 1010 2430 1075 amplam
2462 1018 2492 1056 a
2556 1001 2816 1057 munifica
2855 1000 2945 1056 Dei
3010 1017 3179 1056 manu
3231 1003 3538 1058 mercedem
3583 1019 3790 1059 conse-

486 1097 697 1166 quaris.

559 1237 680 1290 120.
718 1237 795 1289 Ad
838 1237 949 1291 bare
1000 1234 1284 1291 Joannes:
1318 1234 1542 1291 Beatum
1567 1277 1581 1302 ,
1635 1235 1856 1306 inquit,
1894 1251 1979 1302 os,
2027 1244 2084 1291 et

485 1332 625 1388 labia
674 1338 788 1393 tua,
840 1328 1064 1385 domine
1122 1328 1411 1400 Epiphani,
1447 1330 1539 1400 qui
1605 1330 1730 1384 talia
1784 1328 2081 1398 loqueris:

489 1435 681 1475 verum
732 1436 800 1475 ne
830 1431 1013 1491 putes,
1050 1436 1244 1483 omnes
1290 1430 1442 1477 tanta
1476 1421 1774 1476 instructos
1805 1435 1835 1475 a
1862 1418 1972 1474 Deo
1997 1434 2086 1475 sa-

484 1513 714 1584 pirnlia,
742 1515 835 1568 tali
872 1515 1109 1570 donatos
1161 1516 1476 1581 sanctitate,
1519 1522 1629 1569 tam
1694 1523 1846 1570 certo
1890 1513 1968 1569 ad'
1988 1527 2083 1568 sae

484 1607 653 1663 lutem
709 1608 1043 1678 prmcIl-ctos,
1103 1609 1567 1677 quemadmodum
1618 1617 1693 1667 te.
1742 1607 1885 1678 Opto
1937 1607 2084 1662 enim

482 1716 584 1771 ego
638 1702 832 1756 similis
856 1717 979 1759 esse
1011 1704 1087 1757 tui
1109 1741 1125 1768 ,
1160 1702 1256 1759 sed
1296 1703 1410 1757 ﬁeri
1459 1717 1673 1774 nequeo
1704 1722 1717 1757 :
1744 1703 1908 1774 cupio
1940 1700 2082 1773 jeju-

485 1794 594 1850 niis
653 1811 934 1852 macerare
981 1811 1208 1867 corpus,
1231 1807 1285 1853 et
1337 1797 1467 1852 totis
1489 1797 1682 1852 diebus
1711 1811 1777 1852 ac
1827 1795 2080 1851 noctibus

484 1889 794 1944 orationem
863 1892 1210 1956 continuare,
1239 1884 1333 1946 sed
1360 1905 1575 1961 nequeo
1603 1909 1618 1946 :
1647 1891 1811 1961 cupio
1833 1889 2078 1946 eleemo-
2113 1930 2156 1987 Β

424 2020 429 2026 -
483 1997 648 2053 synas
700 1998 931 2055 erogare
971 1985 1346 2057 pauperibus,
1383 1984 1481 2040 sed
1540 1984 1771 2041 facultas
1822 1999 1932 2040 non
1975 1992 2083 2049 est,

483 2089 662 2139 auro,
722 2086 995 2146 argento,
1040 2078 1321 2148 rebusque
1377 2077 1503 2132 aliis
1554 2076 1961 2134 deﬁcientibus.
2025 2076 2086 2133 Si

485 2169 541 2222 in
603 2177 876 2237 potestate
931 2186 1049 2225 mea
1123 2170 1285 2238 foret,
1346 2172 1551 2229 nollem
1598 2187 1928 2229 succensere
1963 2172 2085 2228 eui-

482 2263 676 2329 piam,
724 2272 818 2317 ant
862 2263 1150 2320 detrahere
1211 2274 1306 2320 aut
1380 2281 1579 2320 noxam
1633 2264 1877 2332 inferre;
1938 2280 2087 2322 nunc

484 2367 616 2406 vero
669 2353 754 2407 vel
817 2354 1024 2410 inritus
1052 2370 1243 2427 cogor,
1299 2365 1413 2435 tum
1455 2373 1485 2410 a
1532 2357 1830 2428 depravata
1863 2365 2082 2423 natura,

482 2456 598 2499 tmn
646 2462 677 2501 a
703 2447 973 2518 llzeinone,
999 2461 1113 2505 tum
1147 2467 1175 2504 a
1208 2451 1449 2522 pessima
1495 2452 1919 2520 consuetudine,
1958 2451 2082 2507 talia

482 2550 723 2611 patrare.

558 2679 679 2734 121.
715 2679 876 2735 Hisce
912 2681 982 2735 ita
1020 2696 1239 2736 rursum
1288 2682 1532 2738 occurrit
1572 2683 1910 2754 Epiphanius
1945 2701 1958 2738 :
1990 2680 2083 2738 Nae

483 2783 563 2834 tu,
594 2773 868 2843 inquiens,
898 2778 1150 2842 speciose
1179 2774 1475 2830 admodum
1524 2776 1613 2830 illa
1675 2777 1818 2832 nosti
1886 2782 2084 2847 pnete-

483 2882 632 2922 χοι-θ.
696 2867 948 2934 Dixeras,
980 2878 1030 2925 te
1061 2884 1195 2924 mete
1248 2869 1482 2923 similem
1508 2871 1706 2925 sectari
1754 2870 1919 2923 vitam
1959 2884 2085 2939 pcr-

483 2976 707 3030 cupere,
772 2960 866 3016 sed
929 2978 1037 3016 non
1095 2976 1283 3031 posse.
1341 2962 1458 3032 Age
1491 2962 1660 3032 igitur
1696 2965 1859 3017 modo
1899 2981 1913 3018 :
1950 2960 2081 3032 quid

483 3053 748 3107 eximium
797 3061 852 3107 et
908 3054 1257 3118 inimitabile,
1310 3055 1387 3108 nti
1442 3055 1615 3120 dicis,
1671 3054 1847 3109 inme
1892 3055 2084 3125 depre-

486 3145 727 3201 hendis!
782 3144 921 3201 Num
971 3146 1157 3217 quiete
1200 3155 1354 3201 extra
1383 3148 1572 3202 turbas
1616 3161 1778 3216 agere
1839 3162 1949 3201 non
1980 3162 2080 3218 po-

486 3246 589 3301 tes,
647 3239 724 3291 uti
758 3238 903 3310 ego?
962 3255 1093 3293 num
1144 3254 1357 3294 sacram
1406 3238 1627 3294 volvere
1693 3239 2080 3309 Scripturam,

486 3328 684 3400 templa
740 3328 1092 3398 frequentare.
1117 3341 1458 3393 sanctorum,
1484 3345 1678 3385 omnes
1728 3344 1918 3396 amore
1956 3346 2077 3400 pro-

485 3423 663 3492 sequi,
703 3438 904 3493 corpus
935 3427 1206 3496 castigare
1239 3426 1467 3496 jejunjis
1517 3440 1624 3480 non
1677 3426 1872 3496 potes?
1899 3428 1967 3479 At
1994 3426 2085 3480 illa

499 3520 643 3570 inter
698 3519 1010 3572 neressaria
1056 3520 1122 3572 ad
1171 3520 1406 3575 salutem
1465 3536 1573 3575 non
1632 3521 1852 3591 reponit
1900 3519 2088 3573 Domi-

489 3625 610 3671 nus,
651 3609 792 3663 nihil
831 3612 1123 3681 requirens
1156 3613 1326 3676 aliud,
1384 3612 1561 3683 quam
1608 3623 1670 3668 ut
1708 3629 1777 3668 ne
1832 3612 1972 3682 gula:
2021 3623 2087 3664 ac

489 3702 743 3756 ebrietati
774 3704 1153 3760 immoderata:
1184 3706 1459 3760 serviatur
1494 3724 1508 3761 :
1544 3720 1725 3773 neque
1747 3707 1891 3758 enim
1931 3718 2088 3756 man-

486 3796 690 3851 ducare
743 3806 837 3851 aut
882 3797 1091 3861 bibere,
1137 3799 1230 3852 sed
1262 3809 1510 3852 ventrem
1565 3798 1695 3850 cibo
1721 3804 1969 3865 potnqne
2021 3796 2088 3850 ad

489 3889 809 3942 ebrietatem
867 3888 1069 3943 fat-circ
1126 3899 1223 3945 aut
1269 3891 1675 3960 aliterpeccarc
1728 3895 1892 3941 vetat.
1925 3881 2136 3942 Dixe-'

488 3994 600 4042 ras,
662 3987 715 4032 te
747 3980 1007 4048 precibus
1044 3996 1243 4036 vacare
1304 3981 1577 4035 volentem
1613 3994 1719 4033 non
1774 3995 1956 4049 posse.
1997 3979 2088 4045 At,

489 4087 697 4140 qnzeso.
735 4090 835 4127 cur
865 4090 970 4128 non
1025 4076 1230 4145 possis,
1263 4072 1584 4129 adolescens
1635 4088 1761 4128 cum
1792 4075 1869 4128 sis
1924 4084 1978 4128 et
2011 4073 2095 4127 in-

494 4168 666 4234 tegi-is
716 4166 981 4222 viribus?
1041 4166 1350 4222 istiusmodi
1407 4165 1781 4222 defensionem
1815 4167 1865 4222 si‘
1895 4166 2092 4221 attule-

492 4262 570 4314 ris
607 4273 704 4325 ιντο
729 4271 780 4313 te
809 4260 858 4311 in
886 4269 1135 4314 extremo
1156 4258 1352 4328 judicii
1375 4257 1484 4322 die,
1510 4258 1833 4313 muliercula
1870 4275 1973 4312 una
1999 4266 2096 4312 aut

490 4354 744 4415 anicula,
775 4353 993 4409 virtutis
1015 4353 1298 4418 studiosa,
1346 4353 1603 4422 quamvis
1656 4352 1871 4408 viribus
1926 4352 2098 4407 desti-

489 4454 630 4511 tuta,
679 4448 969 4500 convinret
1026 4454 1077 4500 te
1128 4459 1194 4500 ac
1217 4444 1633 4499 condemnabit.
1689 4443 1912 4499 Dicetur
1934 4458 2097 4497 nam-

488 4550 597 4606 que
637 4537 730 4592 tibi
769 4553 783 4591 :
826 4536 964 4591 Ecce
1009 4536 1158 4590 illam
1184 4576 1200 4600 ,
1248 4536 1528 4592 nullarum
1586 4536 1785 4591 virium
1855 4535 2098 4590 aﬂlictae-

488 4644 594 4698 que
647 4627 981 4684 valetudinis
1037 4626 1325 4696 feminam,
1377 4644 1506 4685 ecce
1557 4628 1833 4698 quomodo
1887 4636 2092 4683 conatu

489 4730 600 4775 toto
652 4722 706 4775 in
772 4722 1022 4791 palaestra
1081 4721 1304 4778 virtutis
1349 4722 1651 4778 decertavit
1687 4739 1700 4775 :
1736 4728 1790 4776 et
1845 4729 1924 4786 tu,
1965 4733 2093 4774 cum

2264 1228 2369 1303 ρκ’.
2398 1232 2564 1300 Λέγει
2598 1232 2850 1301 Ἰωάννης
2873 1247 2889 1262 ⁶
2914 1232 3218 1303 Μακάριόν⁵
3237 1234 3356 1288 ἐστι
3384 1234 3446 1287 τὸ
3482 1234 3657 1305 στόμα
3684 1250 3785 1290 σου

2188 1328 2285 1382 καὶ
2314 1326 2384 1381 τὰ
2413 1325 2581 1398 χείλη
2614 1343 2734 1385 σου.
2766 1325 2898 1396 κύρι
2939 1326 3249 1396 Ἐπιφάνιε,
3282 1326 3366 1380 ὅτι
3404 1327 3579 1381 ταῦτα
3607 1327 3787 1396 φθέγ-

2187 1442 2352 1494 γεσαι
2377 1440 2391 1455 ·
2434 1423 2578 1493 πλὴν
2616 1423 2691 1495 μὴ
2730 1424 2959 1496 νομίσῃς
2986 1424 3070 1477 ὅτι
3119 1424 3332 1487 πάντας
3375 1425 3404 1476 ὁ
3432 1423 3567 1487 Θεὸς
3604 1421 3786 1486 οὕτως

2189 1519 2436 1589 ὲσόφισε,
2491 1518 2591 1575 καὶ
2637 1519 2882 1589 ἡγίαεε,
2929 1518 3026 1572 καὶ
3070 1517 3359 1585 ἐξελέξατο
3419 1515 3610 1586 ὥσπερ
3667 1516 3731 1571 σέ
3759 1532 3780 1550 ·

2189 1611 2572 1683 προαιροῦμαι
2603 1610 2713 1683 γὰρ
2742 1609 2890 1665 εἶναι
2921 1611 3000 1675 ὡς
3032 1611 3121 1678 σὺ,
3160 1610 3280 1666 ἀλλ’
3309 1611 3374 1665 οὐ
3416 1610 3655 1681 δύναμαι
3692 1626 3785 1679 γε-

2187 1704 2411 1760 νέσθαι·
2435 1703 2635 1775 ἤθελον
2658 1703 2966 1775 νηστεύειν,
2999 1705 3098 1757 καὶ
3144 1703 3215 1757 δι’
3245 1703 3378 1772 ὅλης
3419 1706 3521 1775 τῆς
3563 1703 3782 1774 ἡμέρας

2186 1797 2285 1852 καὶ
2323 1798 2523 1862 νυκτὸς
2558 1797 2994 1870 προσεύχεσθαι,
3024 1796 3142 1851 ἀλλ’
3169 1796 3231 1851 οὐ
3262 1796 3506 1868 δύναμαι
3527 1812 3543 1829 ο
3583 1796 3782 1868 ἤθελον

2185 1888 2391 1943 διδόναι
2435 1889 2553 1952 τοῖς
2600 1890 2862 1959 πτωχοῖς,
2896 1886 3016 1942 ἀλλ’
3044 1888 3147 1942 οὐκ
3193 1887 3306 1957 ἔχω
3336 1888 3584 1959 χρυσίον,
3615 1887 3649 1957 ἢ
3681 1887 3785 1957 dp-

2185 1980 2400 2053 γῦριον,
2425 1971 2550 2036 οὔτε
2575 1997 2629 2034 τι
2661 1980 2849 2051 ἕτερον
2903 1981 2985 2045 είς
3017 1980 3343 2050 πλησμονὴν
3384 1978 3776 2048 ἀποκείμενον.

2187 2075 2253 2133 El
2278 2074 2347 2149 ἦν
2373 2076 2436 2131 τὸ
2462 2076 2585 2130 κατ’
2610 2075 2734 2146 ἐμὲ,
2758 2076 2861 2130 οὐκ
2889 2074 3196 2143 ἐϐουλόμην
3228 2073 3341 2126 τινὶ
3369 2073 3711 2142 ὀργίζεσθαι,
3742 2070 3778 2140 ἦ

2186 2186 2310 2224 τινα
2336 2168 2692 2232 καταλαϐεῖν,
2723 2169 2758 2238 ἦ
2783 2185 2837 2220 τι
2860 2166 2972 2221 τῶν
3007 2163 3304 2236 ’βλαϐερῶν
3338 2166 3515 2218 ποιεῖν
3542 2181 3571 2204 ἰ
3599 2162 3781 2216 νῦνδὲ

2188 2265 2285 2319 καὶ
2315 2264 2467 2319 ἄκων
2502 2263 2914 2333 ἀναγκάζομαι,
2945 2261 3015 2315 τὰ
3044 2261 3143 2330 μὲν
3179 2262 3287 2314 ὑπὸ
3315 2261 3421 2329 τῆς.
3439 2259 3677 2327 φύσεως,
3709 2256 3784 2309 τὰ

2185 2357 2244 2412 δὲ
2272 2357 2381 2411 ὑπὸ
2420 2355 2515 2410 τοῦ
2551 2356 2834 2428 δαίμονος,
2859 2355 2997 2409 ἄλλα
3041 2354 3101 2410 δὲ
3131 2355 3239 2409 ὑπὸ
3265 2354 3464 2424 κακῆς·
3479 2351 3778 2423 συνηθείας

2188 2451 2399 2523 πρᾶττε
2409 2465 2483 2503 ιν.

2260 2682 2603 2753 ρκαςηΛέγει
2657 2679 2794 2755 πρὸς
2853 2680 3017 2735 αὐτὸν
3062 2677 3410 2748 Ἒπιφάνιος·
3472 2680 3788 2752 Προφάσεις

2186 2775 2384 2829 ταῦτα’
2406 2768 2569 2836 εἴπας
2584 2772 2677 2827 οὖν
2700 2774 2782 2826 ὅτι
2808 2772 3036 2826 Ἦθελον
3058 2768 3199 2826 εἶναι
3214 2772 3406 2844 ὥσπερ
3432 2773 3529 2826 καὶ
3562 2774 3652 2838 σὺ,
3670 2771 3788 2826 ἀλλ’

2185 2873 2246 2926 οὐ
2270 2870 2656 2940 δύναμαι.ἰ(α“ι
2681 2867 2773 2921 νῦν
2806 2867 2859 2919 τί
2888 2866 2996 2938 ἄρα
3026 2868 3085 2920 ὲν
3113 2866 3238 2936 ἐμοὶ
3260 2866 3623 2938 στοχάζῃιὼς
3654 2864 3792 2936 ἔφη.

2192 2981 2292 3027 σας
2321 2981 2335 3030 ;
2374 2963 2469 3030 Μὴ
2511 2962 2572 3015 οὑ
2605 2960 2739 3039 δύνῃ
2776 2959 3076 3032 ἡσυχάζειν
3105 2959 3183 3023 ὡς
3216 2957 3328 3029 ἐγώ
3357 2975 3372 3026 ;
3424 2959 3500 3028 μὴ
3554 2958 3624 3021 οὐ,
3655 2958 3792 3033 δύνῃ

2185 3057 2285 3119 τὰς
2327 3055 2480 3117 θείας
2510 3054 2735 3126 Γραφάς
2770 3053 3175 3122 ἀναγινώσκειν
3210 3068 3224 3118 ;
3265 3051 3341 3121 μὴ
3393 3050 3457 3104 οὐ
3491 3050 3629 3123 δύνῃ
3667 3069 3793 3122 σχο-

2187 3149 2374 3215 λάζειν
2401 3149 2513 3210 τοῖς
2548 3149 2697 3210 ναοῖς
2751 3146 2861 3201 τῶν
2912 3145 3090 3211 ἁγίων
3127 3163 3143 3211 ;
3174 3144 3251 3215 μὴ
3282 3145 3385 3204 οὐκ
3416 3144 3621 3215 ἰσχύεις
3645 3144 3792 3219 ἔχειν

2188 3243 2412 3314 ἀγάπην
2456 3239 2596 3311 μετὰ
2624 3241 2844 3297 πάντων
2875 3255 2891 3307 ;
2941 3238 3004 3290 οὐ
3040 3237 3265 3290 δύνασαι
3309 3237 3593 3309 νηστεύειν
3615 3239 3793 3304 ;,.Κα“ι

2192 3333 2271 3405 μὴ
2302 3332 2330 3387 ὁ
2356 3331 2564 3403 Κύριος
2592 3331 2682 3389 ἐπ’
2722 3330 2998 3400 ἀνάγκαις
3041 3326 3217 3389 τοῦτο,
3232 3327 3368 3399 ἔχει,
3414 3329 3567 3383 οὐδὲν
3596 3329 3791 3401 ἕτερον

2192 3427 2466 3498 ἐπιζητεῖ,
2494 3427 2542 3478 εἱ
2575 3423 2663 3497 μὴ⁷
2678 3421 2772 3476 τοῦ
2810 3423 2885 3495 μὴ
2912 3424 3510 3494 γαστριμαργίξεεθαι,
3547 3427 3645 3486 καὶ
3694 3424 3791 3478 τοῦ

2192 3519 2269 3589 μὴ
2300 3516 2693 3588 μεθύσκεσθαι.
2719 3514 2815 3585 Μὴ
2867 3509 3021 3568 εἶπεν
3048 3530 3065 3548 ’
3097 3516 3190 3586 Μὴ
3239 3516 3455 3589 φάγῃς,
3494 3520 3569 3589 μὴ
3611 3517 3740 3591 πίῃς
3772 3535 3788 3550 ε

2191 3610 2311 3666 ἀλλ’
2363 3604 2521 3663 εἶπεν
2559 3624 2574 3639 ⁸
2607 3606 2701 3678 Μὴ
2762 3610 3229 3678 γαστριμαργετν,
3279 3607 3356 3679 μὴ
3411 3609 3643 3680 μεθύειν.
3696 3612 3795 3665 καὶ

2193 3706 2372 3756 ποιεῖν
2404 3700 2502 3771 τὴν
2553 3700 2855 3771 ἁμαρτίαν.
2890 3700 3156 3771 Εἰρηκας,
3208 3703 3291 3756 ὅτι
3322 3701 3462 3761 θέλω
3491 3704 3797 3776 προσεύχε-

2195 3795 2341 3861 σθαι,
2379 3796 2471 3848 καὶ
2515 3794 2576 3846 οὺ
2610 3791 2849 3864 δύναμαι
2871 3808 2884 3822 ⁸
2913 3793 3059 3851 διατι
3090 3792 3152 3846 οὐ
3186 3792 3342 3872 δύνῃ,
3396 3794 3661 3867 νεώτερος
3692 3798 3795 3862 ὣν,

2194 3893 2289 3944 καὶ
2321 3888 2491 3961 ρὦιν
2527 3889 2665 3961 ἔχων
2700 3887 2956 3959 σώματος
2989 3905 3004 3955 ;
3033 3888 3096 3941 Εί
3124 3888 3332 3960 ταύτην
3362 3889 3462 3960 τὴν
3493 3890 3795 3957 ἀπολογίαν

2195 3981 2374 4054 δώσῃς
2410 3983 2468 4035 ὲν
2493 3981 2679 4058 ἡμέρᾳ
2701 3980 2960 4053 κρίσεως,
2997 3977 3058 4033 ἓν
3089 3980 3470 4051 γυναικάριον,
3523 3981 3792 4052 γραΐδιον,

2194 4077 2473 4148 ἐνάρετον,
2518 4074 2799 4139 ἀδύνατον,
2832 4073 2947 4144 ἔχει
2981 4072 3258 4138 ὲκεαὶεῖν,
3301 4071 3398 4124 καὶ
3428 4072 3796 4127 καταδικάσαι

2199 4187 2260 4224 σε
2287 4185 2301 4200 ’
2338 4169 2527 4239 ἐροῦσι
2555 4167 2665 4239 γὰρ
2698 4160 2837 4237 πρός
2866 4183 2928 4225 σε
2968 4183 2981 4197 ’
3023 4166 3230 4219 Θέασαι
3260 4164 3360 4237 τὴν
3392 4154 3660 4220 ἀδύνατον
3696 4165 3795 4220 καὶ

2198 4244 2559 4331 ταλαίπωρον,
2593 4258 2670 4332 τῷ
2706 4256 3031 4331 σκηνώματι
3080 4259 3198 4323 πῶς
3259 4258 3540 4332 ὀλοψύχως
3594 4261 3798 4331 ἠγωνί-

2199 4372 2331 4409 σατο
2362 4371 2378 4386 ο
2406 4355 2500 4408 καὶ
2532 4350 2596 4407 σὺ
2633 4352 2752 4416 νέος
2784 4350 2862 4405 ὢν
2891 4351 3099 4422 τολμᾷς
3134 4349 3478 4419 φθέγξασθαι
3522 4351 3747 4406 τοιαῦτα
3776 4369 3792 4416 ;

2198 4447 2325 4511 Πῶς
2361 4445 2451 4500 διὰ
2497 4446 2597 4515 τὴν
2647 4446 2872 4516 ἀγάπην
2918 4443 3014 4497 τοῦ
3071 4443 3207 4497 Θεοῦ
3260 4442 3418 4498 νυκτὶ
3467 4444 3563 4500 καὶ
3612 4444 3798 4515 ἡμέρᾳ

2203 4541 2538 4611 προσευχαῖς
2563 4539 2658 4593 καὶ
2689 4538 2943 4610 δεήσεσιν
2971 4535 3296 4608 έσλόλπζεη
3335 4538 3429 4590 καὶ
3454 4538 3519 4590 σὺ
3546 4538 3665 4600 νέος
3695 4538 3796 4603 ὢν,

2200 4635 2324 4688 οὐδὲ
2358 4633 2465 4687 κᾶν
2497 4633 2620 4702 ῐσην
2644 4633 2745 4703 τῆς
2779 4631 3009 4702 γραῖδος
3035 4629 3296 4697 ἐπεδείξω
3326 4629 3654 4695 εὑλὰϐειαν;
3686 4631 3798 4683 Καὶ

2201 4727 2290 4779 ἵνα
2328 4722 2593 4796 παρεάσω
2624 4722 2694 4775 τὰ
2743 4721 2938 4786 πολλὰ,
2990 4720 3050 4775 ἓν
3101 4724 3264 4791 μόνον
3295 4737 3379 4775 σοι
3414 4719 3596 4789 λέγωο
3638 4721 3799 4788 γίνωο

491 4813 717 4868 robusta
770 4814 1058 4883 iuventute
1124 4822 1386 4885 praestes,
1451 4816 1602 4871 ausis
1649 4813 1848 4869 ali'erre
1920 4808 2091 4866 talia!

2199 4835 2299 4871 σκε
2329 4819 2407 4871 ὅτι
2439 4815 2594 4869 οῦδὲν
2645 4817 2794 4886 ἡμᾶς
2826 4813 3105 4884 ὠφελήσει
3137 4815 3195 4867 ἐν
3241 4813 3322 4883 τῷ
3371 4814 3564 4884 κόσμῳ
3599 4812 3796 4883 τούτῳ,

490 4905 631 4961 Ecce
682 4907 959 4977 quomodo
1000 4907 1117 4975 illa,
1148 4906 1386 4980 propter'
1418 4924 1663 4965 amorem
1719 4907 1852 4974 Dei,
1904 4914 2091 4961 noctes

2199 4905 2261 4958 οὐ
2296 4904 2591 4976 πρόφασις,
2622 4904 2724 4957 οὐκ
2752 4902 3042 4972 ἀπολογία,
3067 4903 3223 4967 ὄντος
3241 4905 3299 4958 ὲν
3322 4904 3453 4975 ἡμῖν
3474 4902 3569 4957 τοῦ
3598 4902 3798 4967 αὐτεξ-

494 4999 690 5054 diebus
743 5000 1095 5071 coniunxerit
1145 5002 1383 5059 orationi
1437 5018 1687 5057 vacans:
1721 5011 1776 5057 et
1819 5010 1876 5055 tu
1904 5000 2091 5054 adole-

2198 4997 2407 5051 ουσίου.
2467 4997 2579 5051 Καὶ
2629 4997 2679 5048 εἰ
2729 4995 2867 5059 ὅλως
2914 4995 3142 5068 ἀγαπᾷς
3170 5013 3263 5067 με,
3308 4997 3404 5049 καὶ
3433 4995 3559 5067 ἐμοὶ
3606 4992 3797 5069 πείθῃ,

498 5109 681 5159 scens,
722 5109 909 5163 parem
939 5096 1174 5152 aniculae
1197 5097 1419 5167 pietatis
1445 5095 1672 5166 gradum
1705 5096 1975 5165 attingere
2005 5108 2091 5148 ne-

2202 5090 2668 5164 φεῦγε,ταπεινὲ,
2688 5089 2787 5159 τὴν
2812 5088 3093 5160 πορνείαν,
3129 5093 3225 5142 καί
3253 5088 3354 5159 τὴν
3385 5086 3667 5159 βλακείαν,
3703 5089 3799 5141 καὶ

494 5187 762 5257 quiviti?
795 5186 975 5260 thue
1026 5190 1414 5261 supersedeam
1443 5188 1715 5258 pluribus,
1762 5187 1864 5242 hoc
1917 5200 2091 5241 unum

497 5280 593 5335 tibi
649 5281 811 5336 modo
862 5281 1197 5336 inculcatum
1263 5281 1424 5335 velim
1468 5280 1772 5335 :videlicet
1829 5288 1889 5333 ut
1924 5277 2095 5348 probe

496 5371 811 5442 intelligas,
877 5373 1013 5427 nihil
1055 5373 1357 5444 quidquam
1409 5373 1463 5428 in
1527 5373 1632 5429 hoc
1672 5360 1879 5426 munde
1934 5384 2095 5436 esse,

498 5467 645 5535 quod
698 5476 812 5519 tum
876 5464 1138 5535 temporis
1198 5464 1547 5536 profuturum
1573 5467 1666 5533 sit,
1724 5464 1931 5519 nullum
1963 5477 2105 5535 pra:-

504 5567 711 5610 textum
774 5566 870 5611 aut
927 5556 1359 5624 excusationem,
1421 5556 1795 5612 defensionem
1850 5552 2100 5619 nullain,

501 5667 627 5707 cum
682 5653 911 5708 liberum
957 5653 1012 5706 in
1054 5652 1213 5709 nobis
1279 5653 1567 5710 arbitrium
1614 5652 1767 5706 insit.
1831 5650 1985 5717 Quod
2052 5651 2100 5703 si

505 5759 594 5797 me
645 5746 859 5800 sim-ere
903 5761 1055 5802 ames
1084 5747 1388 5817 audiasque
1415 5787 1431 5814 ,
1489 5747 1615 5815 fuge
1652 5745 2099 5807 fornicationem,

2203 5184 2305 5256 τὴν
2347 5183 2539 5257 μέθην,
2578 5182 2674 5236 καὶ
2708 5181 2769 5236 τὸ
2802 5182 3011 5254 ἑκάστη
3043 5180 3166 5253 ὥρα
3221 5184 3502 5253 ἐπιμέσως
3556 5179 3796 5250 προσέρ-

2202 5276 2421 5348 χεσθαι,
2457 5276 2554 5330 καὶ
2591 5275 2818 5347 βλέπειν
2857 5274 2958 5338 τὰς
3002 5272 3232 5345 θυρίδας
3285 5270 3383 5324 τοῦ
3426 5269 3798 5324 καθοπτεῦσαι

2200 5370 2399 5432 κάλλος
2459 5367 2769 5440 μοχθηρὸνο
2808 5367 2905 5422 καὶ
2938 5365 3205 5435 ἀγώνισαι
3252 5361 3515 5434 σωθῆναι,
3557 5362 3657 5416 καὶ
3708 5363 3799 5415 εὑ-

2206 5464 2321 5534 ρεῖν
2349 5460 2501 5525 ἔλεος
2531 5463 2626 5514 καὶ
2657 5460 2822 5533 χάριν
2855 5459 3011 5532 παρὰ
3049 5458 3260 5530 Κυρίου
3289 5459 3349 5511 ἐν
3386 5461 3451 5528 τῇ
3478 5458 3667 5529 ἡμέρᾳ
3699 5457 3798 5528 τῆς

2202 5557 2443 5626 κρίσεως
2467 5572 2482 5586 ⁸
2517 5553 2674 5609 οὐδὲν
2704 5555 2815 5624 γὰρ
2845 5553 2980 5623 ἡμῖν
3022 5551 3318 5622 ὠφελήσει,
3356 5550 3431 5616 ὡς
3463 5550 3796 5621 προείρηκα,

2202 5648 2254 5700 εἰ
2286 5645 2364 5718 μὴ
2402 5645 2538 5717 μόνη
2570 5646 2604 5715 ἡ
2655 5641 3033 5713 εὐσπλαγχνία
3079 5640 3175 5695 τοῦ
3221 5640 3385 5709 Θεοῦ,
3428 5640 3527 5695 καὶ
3555 5641 3625 5695 τά
3660 5639 3798 5711 ἔργα

2200 5742 2234 5810 ἡ
2244 5739 2383 5809 μῶν.

508 5833 1189 5906 luxuriam,cbrictatem;
1239 5854 1371 5894 cave
1423 5840 1664 5910 qualibet
1711 5838 1816 5893 diei
1870 5838 2001 5892 liora
2079 5835 2134 5890 in
2177 5835 2453 5904 publicum
2523 5832 2809 5903 procedas,
2873 5828 3265 5900 ﬂagitiosarum
3305 5827 3633 5884 feminarum
3675 5827 3796 5895 pul-

516 5925 882 5984 chritudinem
918 5947 1011 6000 per
1066 5932 1336 5988 fenestras
1370 5933 1882 6003 euntemplalurus;
1919 5931 2104 5989 labora
2148 5930 2363 5986 salrare
2428 5930 2668 5983 animam
2728 5933 2898 5993 tuam,
2972 5931 3024 5980 et
3082 5920 3465 5980 misericordia
3512 5920 3796 5992 gratiaque
