4090 6398
366 276 474 343 769

1568 290 1750 352 VITA
1792 288 1853 349 S.
1894 286 2225 349 ANDREE
2262 287 2457 351 SALI.
2535 304 2541 311 '

3514 293 3621 354 777)

364 387 577 440 ttonrlni
651 390 812 459 potiri
854 390 905 445 in
935 390 1133 457 judicii
1192 396 1281 452 die
1316 416 1331 453 :
1368 397 1505 453 nihil
1540 398 1742 469 quippe
1770 397 1962 462 nobis,
2006 397 2084 451 uti
2111 397 2225 466 jam
2268 399 2479 466 monui,
2509 400 2711 457 solatio
2768 402 2890 457 istic
2922 409 3015 457 aut
3051 403 3297 459 subsidio
3331 407 3454 472 erit,
3491 422 3626 475 pra:-

362 487 610 548 terquam
662 483 774 536 sola
814 483 1033 557 benigni
1091 490 1302 545 Domini
1346 489 1742 553 misericordia.
1778 501 1833 546 et
1861 491 1998 547 bona
2020 505 2141 559 qua:
2168 488 2462 546 fecerimus
2496 506 2684 561 Opera.

1789 648 2019 705 CAPUT
2054 649 2170 707 XVI

849 781 1079 853 Pra'futi
1086 785 1293 855 juvenis
1346 789 1622 844 damnatio
1643 790 1709 843 ab
1741 789 1951 843 Andrea
1988 798 2312 859 praestema
2346 786 2665 857 Epiphanio,
2692 805 2916 862 moxque
2939 801 3136 846 secuta.

428 917 682 989 ρκβ’.Ὠς
701 919 755 974 δὲ
785 922 962 979 ταῦτα
982 914 1177 993 ὡμίλει
1210 929 1571 997 όἘπιφάνιος
1602 933 1681 1003 τῷ
1705 932 1931 1005 Ἰωάννῃ

2131 933 2253 991 12:2.
2299 934 2378 990 lla
2437 935 2583 991 inter
2634 950 2695 991 se
2745 936 3185 1006 colloquentibns
3235 937 3539 1008 Epiphanio
3587 950 3638 993 ιιι

357 1011 643 1080 αἰφνιδίως
674 1013 873 1084 εὑρέθη
908 1019 935 1069 ὁ
969 1018 1240 1089 μακάρ.ος
1280 1022 1537 1093 Ἀνδρέας
1583 1027 1762 1078 ἐκεῖσε
1800 1026 1946 1098 διερ-

357 1104 636 1175 χόμενοςο
698 1105 797 1160 καὶ
846 1107 922 1170 ὡς
976 1110 1244 1166 ἐθεάσατο
1296 1115 1458 1167 αὐτὸν
1517 1118 1546 1169 6
1607 1117 1941 1188 Ἐπιςάνιος,

359 1197 599 1261 ἀναστὰς
628 1198 859 1268 ταχέως,
886 1202 981 1254 καὶ
1004 1203 1166 1271 ἀφεὶς
1188 1204 1279 1259 τὸν
1317 1208 1594 1281 Ἰωάννην,
1624 1211 1777 1265 ἀπίει
1808 1211 1944 1282 πρὸς

360 1289 450 1342 τὸν
483 1289 774 1360 Μακάρων
806 1307 820 1322 ·
872 1294 968 1346 καὶ
1007 1295 1297 1365 γενόμενοι
1327 1299 1384 1353 ὲν
1412 1301 1718 1373 ἀποκρύφῳ
1769 1305 1942 1374 τόπῳ,

363 1381 598 1451 ἤρξαντό
629 1398 750 1435 τινα
779 1384 1120 1440 θεόπνευστα
1149 1390 1373 1461 ῥήματα
1418 1395 1630 1461 ὁμιλεῖν
1661 1395 1770 1449 τῶν
1799 1396 1838 1448 Γ
1842 1413 1944 1467 pa.-

354 1473 498 1539 φῶν.
544 1472 867 1528 ’Υπολαὸὼν
892 1477 949 1531 δὲ
979 1481 1006 1531 ὀ
1031 1480 1321 1554 Μακάριος
1353 1485 1491 1558 πρὸς
1511 1487 1600 1540 τὸν
1624 1486 1942 1558 Ἐπιφάνιον

355 1561 465 1633 ἔφη
492 1580 507 1594 ⁸
543 1560 734 1634 Οῐμαι,
765 1559 812 1621 ὧ
842 1568 1071 1637 φίλτατέ
1136 1589 1239 1643 μου
1291 1578 1387 1631 καὶ
1431 1578 1750 1652 μελίρῤυτε,
1797 1582 1941 1647 οἵους

354 1656 550 1723 λόγους
582 1659 673 1710 καὶ
705 1660 983 1730 μυρίπνοα
1020 1663 1245 1734 ῥήματα
1266 1668 1345 1737 τῷ
1376 1669 1482 1738 νέῳ
1521 1672 1714 1743 ἐκείνῳ
1743 1673 1820 1744 τῷ
1843 1676 1941 1727 σύν

355 1763 440 1799 σοι
492 1748 599 1820 πρὸ
627 1749 726 1820 τῆς
766 1750 919 1823 ὧρας
945 1753 1288 1824 καθεσθέντι,
1320 1761 1403 1825 εἰς
1468 1764 1651 1833 μάτην
1699 1767 1941 1820 κεκένω-

357 1853 484 1899 κας.
510 1838 674 1905 Λέγει
719 1840 1036 1910 Ἐπιφάνιος
1062 1860 1077 1877 ·
1108 1846 1205 1911 Εἰς
1236 1849 1419 1920 μάτην
1449 1870 1465 1918 ;
1493 1854 1635 1908 κατὰ
1667 1854 1791 1909 τίνα
1817 1858 1941 1928 τρό-

359 1944 461 1980 πον
495 1944 512 1992 ;
548 1930 692 2000 Ἔφη
719 1933 747 1985 6
779 1933 967 1998 Ὃσιος
999 1951 1013 1964 ·
1051 1938 1167 1992 Οὐκ
1197 1940 1580 2000 είσακούσεταί
1616 1964 1711 2001 σου
1741 1951 1822 2015 εἰς
1848 1952 1939 2005 τὸν

357 2020 528 2073 αἰῶνα
552 2059 568 2087 ,
608 2022 732 2074 ἐπεὶ
771 2024 976 2096 σφόδρα
1017 2028 1167 2082 ἑστῖν
1217 2030 1584 2100 ἐξωλέστατος
1621 2054 1636 2069 ο
1688 2036 1801 2107 ἐγὼ
1831 2040 1940 2111 γὰρ

363 2110 512 2180 ἥμην
537 2112 674 2182 πρὸς
713 2113 858 2184 ὑμᾶς
899 2116 976 2186 τῷ
1018 2121 1311 2191 πνεύματι,
1357 2125 1598 2197 ὁπηνίκα
1637 2130 1772 2201 πρὸς
1811 2110 1939 2186 ἑαυέ-

351 2205 479 2261 τοὺς
530 2203 943 2264 διεσκέπτεσθε.
1007 2212 1249 2285 Πρόσεχε
1307 2216 1388 2286 δὲ,
1452 2221 1575 2275 τίνα
1614 2224 1751 2277 εἰσὶν
1792 2226 1936 2298 ἅπερ

352 2297 706 2366 συμϐήσεται
749 2301 899 2372 αὐτῷ
945 2305 1006 2357 οὔ
1061 2308 1203 2376 μετὰ
1264 2310 1435 2364 πολὺν
1464 2314 1657 2384 χρόνον
1697 2316 1803 2369 ἀπὸ
1837 2317 1938 2388 τῆς

350 2389 725 2460 προκειμένης
755 2391 925 2463 ὥρας,
978 2398 1044 2450 δι’
1074 2392 1148 2452 ὧν
1187 2402 1305 2454 ἔστι
1345 2403 1545 2475 πόρνος
1589 2407 1685 2460 καὶ
1749 2412 1939 2480 μοιχὸς

350 2484 444 2532 καὶ
475 2481 860 2555 ἁρσενοκοίτης
885 2488 945 2541 τὸ
976 2488 1404 2563 βδελυρώτατον.
1443 2497 1559 2568 Πρὸ
1581 2499 1776 2569 ὀλίγων
1802 2504 1940 2572 ήμε-

358 2568 471 2636 ρῶν
507 2572 732 2664 ἔμελλεν
760 2578 788 2631 ὁ
818 2580 1021 2651 Κύριος
1059 2581 1440 2652 ἐξολοθρεῦσαι
1473 2591 1637 2647 αὑτὸν
1676 2568 1786 2647 ἀπὸ
1822 2568 1935 2664 ’τῆς

350 2662 475 2731 γῆς,
501 2661 571 2714 δι’
591 2657 668 2719 ὧν
698 2664 871 2721 θλίϐει
903 2671 1069 2727 αὑτοῦ
1099 2675 1158 2726 τὸ
1190 2676 1416 2747 Πνεῦμα
1447 2679 1506 2732 τὸ
1535 2680 1691 2751 ἅγιον
1722 2686 1781 2738 ὲν
1814 2657 1937 2751 tati,-

345 2754 616 2821 ἁσωτίεις
648 2761 816 2813 αὐτοῦ
852 2765 1242 2837 πορευόμενος.
1281 2771 1553 2841 ᾘτήσατο
1578 2774 1636 2829 δὲ
1687 2776 1779 2830 τὸν
1817 2778 1934 2832 Κύ-

342 2850 467 2915 ’ριον
495 2850 523 2901 6
558 2849 811 2919 ἄγγελος,
847 2857 876 2908 6
912 2856 1209 2925 φυλάσσων
1257 2862 1421 2917 αὑτοῦ
1465 2867 1564 2936 τὴν
1610 2868 1811 2939 ψυχὴν,
1848 2869 1931 2922 δο-

354 2939 515 3008 θῆναι
568 2945 719 3015 αὐτῷ
764 2947 892 3019 ὅρον
940 2955 1235 3021 μετανοίας
1294 2954 1395 3010 κᾶν
1451 2957 1545 3015 ἕνα
1596 2961 1811 3032 καιρὸν,
1840 2961 1936 3019 καὶ

349 3032 620 3103 ἐπήκουσε
669 3037 877 3109 Κύριος
923 3042 952 3096 6
1004 3043 1136 3107 Θεὸς
1181 3046 1276 3103 τοῦ
1323 3049 1579 3119 ἀγγέλου,
1640 3053 1736 3106 καὶ
1776 3052 1935 3126 ἐδόθη

349 3122 501 3193 αὐτῷ
544 3129 788 3194 ἐνιαυτὸς
846 3133 1094 3205 ἡμερῶν,
1136 3128 1390 3210 καθάπερ
1421 3134 1734 3213 ᾑτήσατοό
1772 3122 1936 3213 ἄγγελ

346 3214 458 3278 λος.
503 3218 842 3289 ξΕνετεὶλατο
897 3225 953 3279 δὲ
992 3227 1020 3279 6
1049 3227 1263 3294 δίκαιος
1299 3234 1494 3304 κριτὴς
1522 3235 1600 3305 τῷ
1632 3236 1730 3307 τῆς
1757 3237 1936 3308 λύμης

345 3309 692 3379 ὀλοθρεύοντι
741 3315 882 3385 ἁγίῳ
907 3319 1148 3390 ἀγγέλῳ,
1173 3322 1301 3376 Ἐὰν
1325 3323 1540 3380 ἔνδοθεν
1570 3326 1669 3398 τῆς
1698 3328 1936 3398 ὁρισθείο

343 3418 447 3472 σης
493 3407 766 3477 περιοπῆς
823 3411 1098 3483 μεταγνῷ,
1142 3407 1202 3469 οὗ
1245 3414 1312 3468 ἂν
1352 3416 1467 3488 ἔχοι
1494 3433 1510 3451 ο
1554 3420 1603 3472 ei
1662 3420 1725 3474 δὲ’
1768 3422 1931 3491 μήγε,

339 3494 546 3565 Χρῆσαι
579 3496 727 3569 αὖτῷ
774 3503 840 3573 τῇ
870 3501 975 3572 ίδίξι
1003 3505 1102 3573 τῆς
1137 3506 1356 3576 σήψεως
1404 3511 1643 3583 ἀνάγκῃ,
1682 3511 1805 3583 ἥτις
1840 3512 1934 3569 καὶ

341 3584 593 3640 διαλύσει
651 3589 750 3653 τὰς
799 3592 1066 3664 ἁρμονίας
1122 3596 1325 3665 αὑτοῦ,
1394 3601 1491 3653 καὶ
1555 3604 1932 3677 καταρρεῦσαι

339 3678 564 3747 ποιήσει
591 3681 692 3744 τὰς
727 3682 938 3754 σάρκας
992 3686 1183 3753 αὐτοῦ,
1232 3690 1327 3743 καὶ
1358 3690 1504 3745 οὕτω
1560 3693 1660 3765 τὴν
1691 3696 1931 3764 ἐλεεινὴν

342 3766 511 3820 αὑτοῦ
536 3767 715 3840 ψυχὴν
746 3774 828 3836 εἰς
859 3773 952 3827 τὸν
981 3774 1117 3848 ᾅδην
1149 3780 1536 3851 παραπέμψει.
1582 3783 1726 3845 Ἀλλ’
1773 3781 1932 3851 οὗτος

340 3853 424 3916 εις
453 3856 750 3929 ἀνονήτους
776 3861 1085 3934 ιρληναφίας
1126 3868 1222 3920 καὶ
1254 3869 1417 3924 αὐτὸν
1468 3872 1557 3924 τὸν
1604 3876 1799 3946 καιρὸν
1831 3896 1928 3932 κα-

340 3944 707 4020 τεδαπάνησε,
756 3953 853 4005 καὶ
924 3955 1078 4009 οὐδὲν
1113 3957 1405 4030 ὠφελήσας
1458 3962 1559 4034 τὴν
1604 3944 1775 4036 ὀργὴν
1799 3970 1930 4021 ἐπε-

344 4037 613 4095 σπάσατο.
667 4043 776 4096 Καὶ
828 4046 950 4099 οὐαὶ
996 4047 1074 4119 τῷ
1115 4050 1449 4124 φιλοπόρνῳ,
1491 4055 1568 4126 τῷ
1589 4056 1809 4130 ὲλεεινῷ
1833 4059 1928 4114 καὶ

340 4126 555 4202 βεϐήλῳ
579 4133 673 4186 καὶ
697 4135 1028 4209 ταλαιπώρῳ
1057 4141 1069 4195 l
1102 4143 1262 4197 ἱκανὰ
1288 4148 1396 4216 γὰρ
1420 4126 1927 4221 μεταμεληθήσεται

336 4220 398 4273 ὲν
428 4227 726 4289 σκοτεινοῖς
753 4228 851 4282 καὶ
879 4233 1007 4301 σκιᾷ
1034 4220 1269 4302 θανάτου
1291 4220 1793 4310 καθεζόμενος,καὶ
1816 4243 1927 4298 τῶν

334 4308 515 4383 λόγων
545 4331 639 4370 σου
675 4319 785 4374 τῶν
804 4319 1180 4378 θεοπνεύστων
1205 4308 1577 4399 μεμνημένος.

412 4619 553 4691 ρκγ’.
575 4623 739 4693 Λέγει
763 4625 900 4695 πρὸς
923 4627 1085 4681 αὐτὸν
1102 4628 1413 4700 Ἐπιφάνιος
1439 4649 1454 4666 ο
1484 4633 1657 4706 Κύριέ
1695 4655 1798 4708 μου
1826 4681 1840 4705 ,
1871 4641 1921 4694 εξ

334 4715 602 4801 κελεύεις,
622 4720 909 4788 ἁναγγελῶ
924 4721 1072 4792 αύτῷ
1087 4722 1282 4789 ταῦτα,
1306 4725 1452 4793 ἅπερ
1477 4744 1567 4798 μοι
1595 4729 1919 4802 λελάληκαςο

338 4792 472 4874 ἴσως
535 4810 906 4865 εἰσελεύσεται
967 4816 1048 4877 εἰς
1104 4817 1204 4889 τὴν
1253 4819 1485 4890 καρδίαν
1535 4824 1702 4878 αὐτοῦ
1755 4826 1919 4895 φόϐος

340 4901 569 4970 Κυρίου,
602 4905 698 4956 καί
730 4906 1131 4976 μεταμεληθεὶς
1176 4911 1496 4987 ἀποστρέψῃ
1522 4915 1631 4967 ἀπὸ
1659 4917 1756 4988 τῆς
1793 4919 1917 4974 ὁδἰὖ

2054 1025 2285 1093 Joanne,
2308 1027 2490 1082 subito
2513 1029 2634 1083 illac
2652 1031 2947 1099 praeterivit
2963 1030 3156 1087 beatus
3170 1031 3416 1088 Andreas
3438 1049 3452 1096 ;
3478 1050 3639 1103 quem

2054 1127 2115 1171 ιιι
2145 1117 2278 1172 \idit
2323 1116 2683 1189 Epiphanius,
2737 1118 2969 1175 dimisso
3021 1121 3254 1189 Joanne,
3283 1123 3464 1177 statim
3500 1139 3636 1177 con-

2053 1210 2203 1263 venit
2229 1223 2327 1264 :ac
2387 1210 2708 1267 secedentes
2758 1211 2921 1268 simul
2975 1215 3031 1283 in
3061 1215 3255 1275 locum.
3285 1230 3314 1269 a
3343 1217 3515 1273 turbis
3549 1234 3638 1289 re-

2054 1308 2286 1362 motum,
2350 1309 2634 1370 coeperunt
2694 1317 2974 1359 sermones
3036 1305 3102 1361 de
3148 1322 3304 1362 sacra
3354 1306 3635 1379 Scriptura

2049 1391 2312 1447 divinitus
2378 1395 2673 1464 inspiratus
2697 1396 2960 1464 miscere;
2989 1397 3069 1453 sic
3102 1399 3339 1469 primum
3390 1404 3634 1472 compel-

2049 1481 2194 1538 lante
2256 1483 2618 1555 Epiphanium
2697 1487 2914 1542 Andrea
2961 1505 2976 1543 :
3023 1491 3255 1560 Assequi
3313 1507 3399 1545 me
3459 1503 3631 1562 puto,

2049 1575 2307 1631 dlectissi
2321 1591 2405 1631 me
2423 1578 2855 1650 suavissimeque
2872 1579 3214 1649 adolescens,
3232 1584 3447 1653 qualem
3472 1587 3635 1647 modo

2048 1668 2374 1734 oralionem,
2429 1684 2593 1738 quam
2651 1672 2841 1727 suavia
2884 1672 2950 1728 ad
3008 1676 3297 1742 juvenem,
3338 1676 3493 1731 lateri
3540 1687 3635 1733 tuo

2051 1757 2407 1823 assidentem,
2462 1760 2625 1815 Verba
2674 1761 2897 1830 feceris;
2957 1764 3051 1819 sed
3109 1764 3163 1819 in
3211 1781 3431 1821 vanum.
3466 1767 3629 1834 Quid,

2050 1848 2128 1904 ait
2181 1848 2541 1920 Epiphanius,
2598 1853 2651 1907 in
2710 1854 2958 1909 vanum?
3017 1858 3418 1923 quauobreur?
3470 1860 3630 1926 Quia.

2046 1941 2341 2010 respondet
2379 1939 2637 2006 Sanctus,
2690 1942 2978 2016 insigniter
3017 1945 3255 2001 lascivus
3300 1957 3404 2009 est,
3440 1964 3544 2001 non
3583 1959 3635 2003 te

2047 2028 2230 2084 audiet
2260 2030 2313 2084 in
2346 2032 2647 2099 aeternum;
2676 2049 2775 2104 ego
2817 2051 3054 2108 namque
3082 2037 3238 2093 vobis
3272 2040 3635 2109 colloquenzi-

2047 2121 2148 2178 bus
2184 2123 2236 2176 in
2274 2124 2469 2194 Spiritu
2507 2125 2679 2180 adfui.
2719 2128 2921 2198 Accipe
2974 2145 3135 2196 vero,
3167 2147 3288 2203 qua:
3319 2133 3516 2188 misero
3546 2134 3632 2187 is'i

2046 2213 2345 2269 obventu‘ra
2396 2225 2526 2271 sunt
2588 2232 2694 2273 non
2752 2215 2922 2274 multo
2971 2233 3112 2291 post,
3151 2236 3440 2294 propterea
3487 2230 3630 2296 quod

1970 2305 2011 2360 Β
2041 2315 2334 2372 scortator,
2395 2309 2630 2372 adulter,
2666 2311 3037 2367 masculorum
3086 2319 3407 2371 concubitor
3437 2319 3506 2372 sit
3541 2336 3628 2371 nc-

2043 2396 2418 2455 fandissimus.
2446 2399 2646 2457 Paucis
2676 2404 2872 2460 abhinc
2898 2407 3089 2463 diebus
3119 2409 3431 2465 sublaturus
3479 2411 3630 2466 illum

2040 2505 2103 2544 ac
2157 2491 2557 2561 disperditurus
2606 2507 2779 2551 erata
2817 2509 2962 2552 terra
2999 2497 3287 2566 Dominus,
3328 2506 3472 2572 quod
3504 2521 3626 2573 per-

2039 2591 2193 2638 stans
2219 2584 2270 2637 in
2304 2587 2643 2656 turpitudine
2664 2604 2767 2643 sua
2818 2591 3167 2648 contristaret
3198 2592 3463 2665 Spiritum
3494 2613 3626 2651 san-

2038 2684 2185 2729 ctum
2221 2692 2234 2728 :
2266 2694 2387 2730 cum
2441 2679 2688 2751 angelus,
2752 2681 2840 2736 cui
2908 2698 3040 2739 cura
3097 2686 3291 2741 animae
3329 2688 3473 2744 illius
3507 2706 3628 2745 ser-

2038 2767 2229 2822 vandae
2277 2769 2602 2826 demandata
2654 2782 2772 2837 est,
2833 2774 3174 2831 intercedens
3201 2793 3300 2848 pro
3333 2779 3452 2850 ipso
3482 2781 3627 2850 apud

2040 2857 2357 2926 Dominum,
2407 2865 2641 2933 spatium
2679 2866 2978 2936 pwnitendi
3031 2884 3235 2924 annum
3284 2872 3475 2926 salt-tn
3506 2876 3629 2927 utri-

2038 2958 2161 3007 eum
2228 2954 2380 3024 petiit
2416 2956 2806 3028 obtinuitque;
2897 2962 3222 3018 exaudiente
3280 2959 3511 3018 Domino
3574 2979 3628 3022 et

2037 3050 2389 3113 concedente,
2446 3062 2506 3106 ut
2553 3068 2642 3107 ex.
2679 3062 2806 3109 voto
2849 3052 3023 3126 angeli
3058 3070 3236 3111 annus
3275 3072 3417 3113 unus
3443 3060 3629 3113 adole-

2037 3140 2209 3194 scwti
2263 3141 2504 3198 daretur.
2546 3141 2811 3215 Praecepit
2873 3144 3093 3216 quoque
3128 3146 3270 3202 idem
3318 3147 3623 3216 Dominus,

2031 3227 2199 3299 judex
2227 3231 2429 3298 justus,
2452 3241 2645 3302 parato
2669 3233 2722 3288 in
2750 3236 3044 3304 perniciem
3083 3248 3329 3292 nostram
3356 3240 3499 3294 malo
3532 3257 3627 3310 ge-

2036 3323 2151 3385 nio,
2206 3333 2266 3376 ut
2314 3323 2361 3379 si
2413 3334 2540 3380 ante
2568 3328 2867 3396 praescripti
2926 3328 3188 3399 tempmis
3228 3332 3520 3389 decursum
3555 3326 3622 3389 ad

2034 3414 2411 3483 pcenitentiam
2466 3416 2731 3487 adjiceret
2783 3419 3051 3489 animum,
3105 3423 3292 3480 salvus
3329 3433 3505 3494 esset;
3537 3428 3624 3483 sin

2037 3516 2242 3573 autem,
2275 3519 2334 3563 ut
2366 3509 2471 3564 sibi
2535 3512 2686 3566 illum
2722 3513 3025 3570 vindicaret
3076 3519 3336 3588 perniciei
3377 3522 3623 3576 destina-~

2034 3606 2173 3663 tum,
2208 3608 2265 3653 ut
2292 3602 2660 3657 membrorum
2702 3606 3083 3675 compaginem
3120 3608 3466 3673 dissolveret,
3500 3627 3622 3665 car-

1960 3659 2000 3712 Ο
2032 3704 2155 3743 nem
2189 3692 2552 3761 putrefacram
2603 3694 2852 3752 drllluere
2886 3695 3109 3764 faceret,
3153 3702 3342 3772 sicque
3378 3704 3617 3759 animam

2034 3782 2401 3838 miserabilem
2465 3786 2532 3840 ad
2589 3801 2780 3841 orcum
2839 3789 3150 3848 deduceret.
3185 3792 3291 3849 Sed
3322 3792 3453 3850 ilfud
3483 3813 3615 3865 quo.

2031 3884 2139 3940 que
2194 3881 2413 3943 tempus
2461 3877 2620 3946 nttgis
2678 3878 3619 3957 inutilibusimpenditperdiditque

2030 3962 2244 4026 infelix,
2307 3980 2370 4020 ac
2437 3966 2575 4022 nihil
2619 3971 2844 4026 omnino
2891 3971 2961 4027 ad
2987 3973 3183 4030 animae
3231 3991 3344 4031 suae
3382 3978 3616 4037 salutem

2031 4055 2340 4123 proficiens,
2392 4059 2528 4113 iram
2574 4061 2626 4114 in
2659 4071 2825 4132 caput
2875 4078 3031 4119 suum
3076 4065 3318 4122 divinam
3350 4085 3616 4140 provrcr-

2029 4149 2128 4202 vit.
2200 4147 2292 4204 Va:
2353 4151 2562 4207 homini
2616 4152 2919 4224 luxurioso,
2979 4159 3311 4228 uiserabili,
3364 4165 3615 4235 impuro,

2029 4243 2374 4312 miserando;
2421 4261 2583 4316 quam
2624 4248 2859 4315 crebro,
2906 4256 3030 4307 eum
3058 4251 3107 4307 in
3140 4256 3379 4311 tenebris
3402 4270 3457 4312 ct
3489 4274 3613 4311 um-

2024 4330 2123 4387 bra
2156 4337 2347 4391 mortis
2382 4339 2616 4406 sedebit,
2642 4343 3017 4410 pmniteutiam
3051 4348 3419 4419 nequidquam
3443 4352 3615 4408 duce-

2024 4435 2135 4488 tnr,
2186 4442 2466 4499 nunquam
2497 4447 2605 4487 non
2648 4450 2858 4489 memor
2909 4437 3346 4495 admonitionum
3396 4452 3615 4500 tuarum

2025 4514 2290 4575 divinitus
2314 4521 2707 4592 inspiratur-um
2731 4526 2745 4580 l

2098 4632 2221 4689 l2'5.
2272 4633 2410 4690 Tum
2474 4653 2603 4695 \ero
2653 4641 3033 4712 Epiphanius:
3067 4643 3300 4700 Domine
3357 4645 3468 4713 mi,
3498 4649 3613 4714 ait,

2024 4723 2067 4778 si
2104 4723 2177 4778 ita
2208 4724 2393 4795 jubes.
2433 4730 2759 4785 renuntiabo
2789 4733 2994 4788 homini
3028 4734 3118 4790 isti
3151 4736 3266 4791 haec
3289 4736 3435 4793 dicta
3481 4749 3610 4805 tua;

2022 4815 2148 4885 quis
2199 4818 2305 4872 scit
2340 4833 2408 4871 an
2440 4819 2606 4874 timor
2641 4819 2852 4877 Domini
2890 4836 3258 4894 occupaturus
3307 4829 3378 4884 sit
3404 4844 3503 4885 cor
3542 4831 3611 4884 il-

2022 4906 2149 4976 lius,
2213 4910 2594 4979 pmnitentiam
2649 4915 2826 4968 acturi
2880 4925 2935 4970 et
2956 4918 3276 4974 declinaturi
3323 4935 3357 4975 a
3423 4921 3508 4975 via
3555 4902 3611 4979 ui

335 4990 502 5045 αὑτοῦ
552 4993 652 5062 τῆς
695 4998 964 5066 πονηρᾶς.
1015 4997 1161 5071 Ἔφη
1201 5000 1229 5052 6
1278 5000 1566 5075 Μακάριος
1600 5020 1616 5035 ⁸
1648 5004 1714 5059 El
1742 5007 1916 5064 ταῦτα

2032 5013 2128 5068 qua
2162 4999 2410 5071 graditur
2449 5000 2686 5074 pessima
2709 5004 2732 5060 ?
2753 5006 2834 5060 Ad
2863 5007 2976 5062 haec
3008 5009 3199 5065 beatus
3219 5010 3467 5097 Andreas
3499 5029 3515 5066 :
3551 5013 3608 5069 Si

331 5086 483 5155 ἐρεῖς
507 5086 675 5157 αὐτῷ,
706 5089 1035 5158 γελάσεται·
1084 5088 1206 5157 ὅλος
1238 5096 1348 5165 γάρ
1393 5098 1513 5151 ἐστι
1574 5103 1923 5173 πεπωρωμέ-

333 5193 424 5240 νος
461 5178 556 5233 τοῦ
608 5182 709 5253 τῆς
737 5184 997 5255 πορνείας
1015 5185 1291 5257 δαίμονος.
1332 5189 1473 5244 Ἀλλ’
1498 5192 1623 5246 οὐδὲ
1654 5196 1681 5248 ό
1719 5193 1924 5266 Κύρος

332 5268 404 5322 τὰ
426 5273 650 5327 τοιαῦτα
675 5275 824 5344 λέγει
858 5278 967 5330 τινὶ
992 5276 1086 5332 τοῦ
1121 5280 1490 5351 ἐπιστρέφειν·
1520 5285 1620 5338 οὐκ
1665 5285 1781 5341 ἔστι
1814 5290 1923 5360 γὰρ

330 5358 494 5413 τοῦτο
522 5365 803 5435 συμφέρον
831 5366 984 5439 αὐτῷ
1019 5384 1035 5400 ο
1064 5369 1115 5421 εἰ
1144 5369 1253 5440 γὰρ
1281 5363 1351 5440 ἦν
1384 5371 1685 5444 συμφέρον,
1726 5376 1754 5428 6
1784 5358 1917 5440 Θεὲς

328 5452 398 5507 ἂν
431 5454 545 5518 τοῖς
575 5455 748 5512 ἅπασι
779 5460 878 5530 τὴν
905 5459 1058 5532 ὤραν
1113 5460 1208 5515 τοῦ
1237 5462 1470 5517 θανάτου
1501 5466 1596 5517 καὶ
1641 5466 1740 5536 τὴν
1777 5469 1913 5537 ἡμέ-

330 5563 433 5621 ραν
469 5546 536 5601 δι⁹
581 5549 829 5619 ἀγγέλων
876 5554 1134 5623 ἐμήνυεν.
1186 5553 1257 5606 Σὺ
1296 5554 1376 5621 δὲ,
1408 5555 1693 5627 ἀγαπητὸν
1724 5559 1913 5612 τέκνον

330 5654 464 5707 μου,
491 5640 785 5707 ἀγωιίζου,
820 5646 873 5696 εἴ
905 5660 954 5697 τι
990 5644 1237 5712 δύνασαι,
1268 5647 1375 5710 ἵνα,
1403 5646 1481 5700 ὅτ’
1509 5647 1720 5718 ἂνέλθῃ
1742 5648 1768 5699 6
1802 5648 1913 5702 Κύ-

333 5745 449 5797 ριος
487 5731 828 5802 μεταστῆσαι
858 5735 1003 5804 ἡμᾶς
1028 5737 1090 5788 ἐκ
1117 5735 1225 5789 τῶν
1250 5730 1375 5803 ὦδε,
1408 5739 1911 5811 κληρονομήσωμεν

2022 5089 2151 5145 talia
2180 5092 2228 5146 ei
2258 5094 2675 5162 renuntiaveris,
2730 5096 2931 5154 ridebit
2964 5107 3018 5155 te
3052 5115 3066 5153 :
3106 5110 3255 5157 tctus
3282 5089 3481 5174 quippe
3530 5108 3610 5159 iu-

1982 5176 1986 5180 Α
2021 5183 2210 5238 duruit
2262 5199 2360 5254 per
2424 5187 2662 5243 libidinis
2687 5189 3014 5247 damuonem.
3046 5189 3252 5248 Verum
3303 5210 3477 5265 neque
3499 5193 3605 5250 Do-

2019 5276 2204 5333 minus
2260 5277 2376 5347 ipse
2424 5279 2549 5333 talia
2578 5283 2854 5337 renuntiat
2882 5285 3141 5354 cuipiam,
3173 5297 3233 5342 ut
3289 5303 3346 5342 se
3373 5302 3601 5342 Conver~

2019 5382 2135 5439 tat;
2198 5387 2374 5443 neque
2397 5391 2524 5430 vero
2568 5378 2783 5447 expedit
2816 5398 2829 5435 :
2865 5380 2908 5433 si
2959 5381 3101 5435 enim
3124 5381 3439 5452 expediret,
3469 5396 3603 5433 cun-

2018 5464 2122 5517 ctis
2178 5463 2496 5521 hominibus
2552 5469 2788 5536 aperiret
2840 5485 2935 5539 per
2971 5470 3190 5541 angelos
3239 5472 3382 5524 diem
3414 5470 3600 5524 aelio-

2019 5574 2136 5611 ram
2170 5561 2363 5615 mortis
2396 5575 2525 5615 Sum.
2587 5561 2667 5614 'l‘u
2709 5579 2856 5629 vero,
2892 5564 2964 5616 fili
3017 5562 3390 5624 dilectissime,
3426 5577 3595 5631 quar-

2021 5661 2133 5705 tum
2196 5661 2369 5723 potes,
2428 5654 2713 5717 contende,
2777 5666 2833 5707 ut
2880 5670 3000 5708 cum
3041 5656 3247 5708 venerit
3301 5652 3594 5712 Dominus,

2022 5745 2149 5800 hinc
2192 5762 2291 5799 nos
2318 5746 2426 5801 alo
2461 5747 2845 5815 translaturus,
2875 5747 3139 5800 tonorum
3199 5743 3447 5807 lJ‘Jl'lllll,
3480 5759 3598 5805 utne

3661 757 3669 787 ι
