4090 6414
486 298 594 359 775

1564 301 1610 359 Ν
1625 301 1637 358 l
1652 297 1982 358 CEPIIORI
2033 294 2131 356 PR
2145 295 2515 355 ESBYTERI
2557 296 2666 355 ΟΡ.

3662 295 3774 356 Τῖῦ

487 421 810 480 ton-eutque
848 428 861 466 :
908 407 1158 478 Domine,
1215 411 1496 465 miserere.
1541 413 1720 479 Atque
1788 410 1861 462 ita
1900 408 1953 459 in
1985 406 2222 459 summis
2286 407 2457 460 animi
2510 405 2873 477 corporisque
2910 405 3193 463 doloribus
3235 406 3401 462 vitam
3463 409 3779 462 terminavit

492 506 676 560 infelix

560 598 683 654 128.
723 597 853 653 Post
902 597 1018 652 dies
1040 600 1251 668 aliquot
1275 598 1578 667 Epiphanio
1624 596 1676 649 in
1716 595 1929 665 publica
1956 594 2077 663 pla-
2109 602 2160 657 Α

487 700 570 747 tea
602 690 780 746 factus
822 691 1040 745 obviam
1085 691 1354 755 Andreas,
1408 690 1457 744 ei
1505 698 1703 743 cuncta
1729 703 1852 757 qua:
1879 702 1973 756 per
2010 687 2091 739 vi.

489 783 702 835 sionem
758 780 942 833 oblata
995 781 1042 833 ei
1092 780 1309 834 fuerant
1365 780 1417 833 in
1473 778 1792 833 memoriam
1840 783 2088 840 revocat,

492 889 599 929 non
633 873 752 929 sine
774 872 1001 927 horrore
1032 873 1296 943 quodam,
1329 887 1392 926 ac
1423 883 1668 940 stupore,
1688 855 1768 925 sic
1792 856 2089 939 inquiens:

491 966 741 1031 Nostine,
790 966 891 1030 iili,
929 966 1209 1035 quomodo
1261 963 1543 1033 superiore
1582 971 1741 1016 nocte
1772 977 1869 1031 per
1901 962 2092 1030 caligi-

492 1074 657 1113 nosas
690 1057 886 1111 inferni
926 1057 1109 1126 plagas
1168 1056 1634 1110 ambulaverimus
1682 1054 1946 1124 uterque?
1981 1053 2091 1109 Mc-

487 1166 679 1205 morne
711 1166 792 1214 es,
814 1149 994 1219 qualia
1032 1151 1084 1203 in
1122 1149 1478 1204 subterraneo
1506 1148 1599 1201 illo
1629 1163 1797 1217 specu
1851 1148 2088 1203 claustra

488 1256 847 1311 carceresque
909 1241 1060 1296 sint?
1100 1242 1428 1309 recordaris,
1470 1256 1636 1310 quam
1695 1240 1997 1311 caliginosa
2038 1252 2092 1297 et

490 1335 773 1387 lCllel‘OSd
833 1338 991 1388 δρύες
1049 1334 1283 1389 οιιιίουιιι
1321 1345 1472 1388 ιυιιιιι
1508 1332 1778 1388 Joannem
1827 1317 2089 1389 maneat?

485 1425 737 1496 legistine
808 1425 996 1480 feralis
1055 1426 1213 1482 istius
1242 1426 1436 1481 tabula:
1474 1427 1930 1497 inscriptionem?
1960 1442 2093 1482 ocu—

486 1515 626 1571 lisne
681 1519 1048 1573 obversantur
1102 1520 1280 1572 adhuc
1334 1520 1550 1579 animm.
1587 1520 1796 1589 pridem
1856 1519 1927 1573 ob
1964 1535 2090 1589 pec-

487 1620 607 1665 cata
648 1610 938 1673 damnatae,
982 1611 1258 1681 quomodo
1285 1611 1338 1665 in
1376 1612 1614 1665 tenebris
1637 1622 1693 1666 et
1718 1613 1907 1667 umbra
1939 1628 2091 1667 mor-

487 1704 560 1757 tis
591 1704 856 1771 sedeant?
900 1703 1097 1758 Procul
1126 1705 1195 1759 ab
1226 1720 1414 1758 eorum
1444 1706 1705 1759 societate
1741 1717 1979 1759 remotos
2012 1706 2091 1759 vi-

486 1810 613 1851 vere
671 1813 772 1851 nos
800 1798 992 1866 jubeat
1027 1797 1290 1851 Dominus
1323 1796 1468 1852 Deus
1522 1808 1729 1854 noster.
1776 1799 2091 1853 Admirabi-

487 1888 553 1942 lis
607 1890 930 1943 adolescens
978 1888 1337 1959 Epiphanius,
1371 1891 1499 1943 dum
1525 1892 1604 1943 sic
1626 1892 1939 1958 loquentem
1976 1897 2091 1946 An-

750 522 763 558 :
824 512 879 558 et
939 505 1203 573 dissipata
1259 516 1385 559 sunt
1450 519 1573 557 ossa
1640 507 1758 573 ejus
1793 517 1954 557 secus
1996 498 2293 553 infernum.

2281 591 2427 660 ρκη’.
2445 593 2600 644 Μετὰ
2628 587 2721 643 οὖν
2740 590 2955 660 ἡμέρας
2989 590 3142 653 τινὰς
3172 594 3406 663 συναντᾷ
3441 594 3468 645 6
3495 592 3782 657 θεσπέσιος

2210 684 2467 752 Ἀνδρέας
2487 684 2563 753 τῷ
2584 684 2635 735 Ἐ
2645 683 2886 752 πιφανίῳ
2901 682 3043 736 κατά
3061 682 3159 753 τὴν
3182 684 3447 736 πλατεῖαν
3464 684 3562 754 τῆς
3580 686 3787 753 λεωφό-

2198 796 2314 848 ρου,
2345 778 2441 831 καὶ
2472 778 2539 831 τὰ
2571 777 2841 846 ὁραθέντα
2878 776 3046 830 αὐτοῦ
3096 778 3155 830 ἐν
3188 777 3426 848 ὁράματι
3458 782 3554 847 τῆς
3590 780 3786 843 νυκτὸς

2194 871 2515 939 ἀναμνήσας
2568 870 2751 932 αὐτὸν,
2810 871 2889 932 εἰς
2930 870 3136 941 φρίκην
3167 874 3263 924 καὶ
3295 872 3498 940 τρόμον
3529 874 3785 925 ἐνέϐαλεν

2193 962 2409 1029 λέγων·
2440 958 2627 1025 Οἶδας,
2690 962 2903 1026 τέκνον,
2958 967 3023 1034 τῇ
3078 966 3327 1035 προτέρᾳ
3381 968 3535 1019 νυκτὶ
3589 967 3692 1018 το)
3735 970 3784 1020 οῖ

2192 1056 2498 1125 ἀμφότεροι
2550 1057 2933 1126 ἐπορεύθημεν
2973 1059 3033 1109 ἐν
3080 1061 3194 1119 τοῖς
3236 1056 3489 1129 ζοφεροῖς
3539 1062 3786 1128 ταμείοις

2192 1148 2289 1200 τοῦ
2322 1147 2449 1218 ᾅδου
2488 1165 2502 1211 ;
2542 1149 2881 1218 κατενόησας
2911 1149 2979 1201 τὰ
3004 1151 3121 1201 ἐκεῖ
3163 1148 3387 1218 κλεῖθρα
3414 1151 3506 1203 καὶ
3535 1150 3788 1218 φυλακὰς

2193 1242 2293 1301 τὰς
2338 1242 2395 1292 ἐν
2450 1242 2562 1302 τοῖς
2597 1240 2976 1311 καταχθονίοις
3006 1259 3019 1307 ;
3052 1238 3200 1305 οἶδας
3232 1242 3327 1296 τοῦ
3367 1243 3522 1311 φίλου
3558 1260 3651 1296 σου
3685 1245 3785 1313 τὴν

2194 1332 2541 1404 καχέσπερον
2571 1336 2667 1386 καὶ
2701 1333 2939 1402 ζοφερὰν
2969 1336 3319 1389 κατάπαυσιν
3351 1352 3366 1401 ;
3421 1336 3664 1402 ἀνέγκως
3691 1338 3785 1389 τὸν

2193 1423 2435 1493 χαλεπὸν
2463 1427 2674 1477 ἐκεῖνον
2716 1424 2946 1491 πίνακα,
2984 1426 3082 1479 καὶ
3123 1426 3269 1498 ἆπερ
3316 1429 3373 1480 ἐν
3397 1427 3545 1497 αὑτῴ
3576 1430 3787 1498 γέγρα-

2198 1531 2344 1581 πτο;
2396 1518 2733 1587 κατενόησας
2787 1518 2896 1571 τῶν
2942 1520 3039 1572 ἀπ’
3095 1520 3293 1583 αἰῶνος
3341 1521 3685 1588 ἁμαρτωλῶν
3717 1522 3786 1573 τὰ

2195 1608 2507 1678 πνεύματα,
2541 1611 2688 1674 ὅπως
2726 1613 2783 1664 ἐν
2814 1615 3112 1676 σκοτεινοῖς
3142 1614 3235 1666 καὶ
3273 1616 3401 1684 σκιᾷ
3432 1613 3522 1667 τοῦ
3554 1613 3783 1666 θανάτου

2194 1702 2553 1756 καθεύδουσιν
2590 1720 2604 1768 ;
2654 1704 3001 1776 ’Λφαιρεῖται
3032 1709 3183 1775 ἡμᾶς
3213 1708 3323 1759 τῶν
3365 1708 3543 1760 ἐκεῖσε
3581 1708 3786 1775 Κύριος

2191 1794 2220 1845 6
2252 1794 2406 1855 Θεός.
2450 1796 2508 1847 '0
2538 1795 2595 1848 δέ
2629 1796 2937 1866 θαυμάσιος
2978 1800 3299 1868 Ἐπιφάνιος
3346 1802 3406 1852 ἐν
3440 1800 3517 1869 τῴ
3552 1802 3775 1869 ἀκηκοέ-

2194 1902 2281 1938 ναι
2333 1886 2497 1939 αύτδν
2540 1888 2717 1941 ταῦτα
2798 1890 2949 1961 παρά
3000 1891 3095 1944 τοῦ
3142 1892 3369 1945 Δικαίου
3409 1932 3422 1957 ,
3483 1892 3786 1960 ἰλιγγιάσας

486 1979 672 2034 dream
726 1981 899 2046 audit,
928 1982 1055 2036 10tis
1081 1996 1218 2051 pene
1275 1982 1502 2036 artubus
1559 1992 1796 2039 tremore
1852 2000 2091 2039 concus-

2200 1978 2407 2047 ἔφριξε,
2443 1982 2534 2033 καί
2566 1999 2700 2049 φησι
2737 1986 2875 2053 πρὸς
2905 1984 3069 2036 αὐτόν
3096 2000 3113 2016 ο
3148 1984 3454 2053 Τεθέαμαι,
3482 1986 3630 2054 τίμιε
3674 1987 3788 2038 Πά-

493 2088 589 2126 sus
644 2088 659 2125 :
705 2071 863 2136 Vidi,
938 2075 1047 2138 ait,
1116 2078 1441 2129 venerande
1486 2074 1681 2140 Pater,
1745 2084 1798 2129 et
1860 2076 2093 2131 videndo

488 2164 742 2219 inhorrui
783 2181 797 2217 :
832 2176 1165 2235 quapropter
1221 2167 1495 2220 intercedc
1557 2182 1654 2236 pro
1698 2167 1810 2222 [ilio
1866 2177 1980 2234 tuo,
2039 2178 2095 2222 ut

486 2270 557 2310 ne
587 2257 652 2310 ad
687 2256 902 2311 illorum
940 2259 1278 2312 consortium
1313 2274 1615 2330 pceuasque
1659 2261 2090 2317 condemnetur:

486 2349 647 2403 irruit
702 2358 940 2419 namQue
998 2350 1164 2405 timor
1217 2367 1382 2420 super
1428 2368 1536 2417 me,
1595 2362 1647 2407 et
1696 2354 1932 2408 tenebrae
1962 2368 2090 2422 0pc.

487 2452 716 2497 ruerunt
775 2458 883 2508 me,
936 2452 990 2498 et
1038 2459 1228 2498 vereor
1271 2461 1337 2499 ne
1395 2446 1650 2516 princeps
1717 2449 2090 2508 tenebrarum,

488 2535 768 2590 illecebris
820 2547 1169 2606 peccatorum
1230 2550 1623 2611 expugnatum,
1670 2556 1735 2595 eo
1795 2558 1878 2595 me
1908 2543 2094 2595 detra-

490 2625 608 2684 hat.
672 2628 756 2683 Ad
803 2630 919 2685 haec
964 2629 1203 2685 Beatus:
1236 2633 1475 2687 Delectat
1536 2650 1623 2689 me
1704 2643 1833 2689 tuus
1891 2636 1997 2689 iste
2029 2635 2091 2689 ti-

488 2738 648 2791 mor;
706 2742 876 2796 quare
938 2728 1181 2798 quotidie
1211 2741 1261 2785 te
1289 2731 1576 2796 adhortor,
1642 2741 1701 2785 ut
1740 2745 1965 2786 strenue
1996 2732 2093 2786 de-

488 2830 691 2887 certes,
743 2821 1040 2890 quominus
1090 2823 1240 2893 regni
1301 2823 1541 2879 celestis
1572 2824 1883 2880 haereditate
1942 2827 2091 2878 exci-

487 2910 623 2976 das;
686 2911 820 2980 quin
881 2917 1048 2967 etiam
1079 2929 1178 2968 oro
1232 2924 1397 2984 atque
1428 2916 1656 2970 obsecro
1689 2926 1761 2979 te,
1807 2915 2095 2969 benedicte

485 3004 587 3067 lili,
647 3004 906 3059 alacriter
955 3006 1187 3063 decurre
1260 3007 1683 3078 pulcherrimmn
1741 3007 2093 3063 continentiae

500 3097 763 3163 stadium,
792 3106 852 3151 ut
883 3113 985 3169 ego
1023 3115 1265 3171 quoque,
1303 3102 1606 3170 profectum
1641 3109 1791 3155 tuum
1829 3102 2092 3170 spiritua-

484 3185 595 3241 lem
658 3187 873 3254 videns,
915 3192 967 3243 in
1011 3190 1204 3259 spiritu
1251 3192 1539 3247 exsultent.
1609 3191 1707 3246 L'bi
1744 3192 1870 3245 talia
1921 3192 2094 3246 collo-

491 3280 602 3334 cuti
638 3290 857 3346 essent,
894 3283 1223 3352 quibusdam
1260 3283 1397 3339 forte
1446 3287 1665 3339 eminus
1690 3299 1759 3339 eo
1798 3284 2095 3353 apprOpin-

2196 2087 2315 2139 τερ,
2362 2072 2458 2123 καὶ
2505 2071 2844 2142 θεασάμενος
2890 2076 3077 2144 τρόμῳ
3125 2074 3458 2144 συνεσχέθην
3492 2089 3506 2102 ⁸
3562 2075 3784 2143 δεήθητι

2198 2161 2292 2215 οὖν
2332 2163 2469 2233 ὑπὲρ
2503 2165 2598 2217 τοῦ
2642 2168 2834 2218 τέκνου
2878 2183 2992 2230 σου,
3022 2166 3114 2219 τοῦ
3152 2168 3228 2237 μὴ
3266 2167 3665 2237 κατακριθῆναί
3717 2184 3785 2237 με

2201 2260 2260 2311 ἐν
2296 2261 2404 2321 τοῖς
2431 2262 2611 2312 ἐκεῖσε
2648 2275 2663 2290 ⁸
2697 2261 2815 2323 δέος
2847 2260 2955 2330 γὰρ
2981 2262 3221 2328 ἐγεγόνει
3253 2262 3341 2313 ἐπ’
3377 2260 3498 2330 ἐμὲ,
3534 2261 3630 2313 καὶ
3656 2260 3789 2312 ἐκά·

2198 2350 2332 2420 λυψέ
2365 2368 2435 2420 με
2487 2354 2699 2417 σκότος,
2730 2354 2822 2406 καὶ
2853 2352 3129 2423 φοϐοῦμαι
3167 2354 3241 2422 μή
3276 2370 3406 2406 ποτε
3446 2356 3473 2406 6
3523 2352 3619 2421 τού
3657 2352 3787 2404 σκό-

2197 2459 2323 2506 τους
2352 2444 2536 2512 άρχων
2571 2446 2902 2516 κατασπάσῃ
2939 2462 3029 2513 με,
3067 2447 3187 2507 ταῖς
3230 2445 3341 2497 τῶν
3371 2443 3789 2513 πλημμελημά-

2198 2554 2307 2589 των
2362 2537 2724 2606 ἡδυπαθείαις
2767 2538 3164 2609 κρατούμενον.
3207 2539 3353 2607 Ἔφη
3383 2539 3411 2589 6
3445 2538 3737 2606 Μακάριος
3772 2553 3786 2567 ο

2203 2631 2316 2684 Καὶ
2347 2631 2473 2700 ἐμοὶ
2501 2630 2675 2694 οὓτως
2704 2632 2853 2684 ἐστὶν
2899 2633 3165 2702 ἐράσμιον
3215 2630 3311 2683 τοῦ
3355 2630 3656 2700 φοϐηθῆναί
3681 2646 3739 2683 σε
3773 2645 3785 2658 ·

2198 2722 2287 2775 διὰ
2318 2721 2477 2775 τοῦτο
2507 2724 2770 2776 ἑκάστοτε
2803 2725 3053 2795 παραινῶ
3081 2742 3139 2776 σε
3161 2724 3256 2776 τοῦ
3281 2723 3671 2792 ἀγωνίζεσθαι,
3706 2726 3791 2775 ἵνα

2199 2816 2543 2886 κληρονόμος
2603 2818 2807 2888 γενήσῃ
2858 2818 2959 2887 τὴς
3010 2818 3121 2871 τῶν
3169 2818 3415 2887 οὐρανῶν
3460 2816 3736 2886 βασιλείας
3773 2832 3787 2850 ’

2200 2909 2292 2962 διὰ
2334 2910 2497 2963 τοῦτο
2529 2910 2835 2981 παρακαλῶ
2891 2912 2984 2963 καὶ
3032 2910 3282 2974 ἱκετεύω,
3317 2914 3510 2963 τέκνον
3555 2911 3788 2981 εὐλογη-

2202 3003 2387 3073 μένον,
2421 3003 2725 3067 σπούδαζον
2753 3005 3015 3057 ἑκάστοτε
3044 3005 3259 3074 τρέχειν
3281 3005 3372 3058 τὸν
3404 3006 3569 3059 καλὸν
3601 3006 3789 3073 ἀγῶνα.

2199 3095 2300 3166 τῆς
2327 3096 2677 3165 ἐγκρατείας,
2714 3095 2863 3159 ὅπως
2903 3096 3088 3167 ὁρῶσά
3122 3113 3181 3149 σε
3217 3097 3417 3168 ἡψυχὴ
3456 3114 3560 3167 μου
3593 3098 3650 3150 ἐν
3678 3101 3792 3162 τοῖς

2200 3192 2598 3259 πνευματικοῖς
2648 3192 3050 3260 προκόπτοντα,
3107 3191 3510 3262 ἀγαλλιάσηται
3560 3192 3655 3244 σὺν
3714 3190 3793 3260 τῷ

2200 3283 2498 3353 πνεύματι.
2540 3283 2630 3346 Ὠς
2678 3283 2734 3336 δὲ
2790 3284 2965 3337 ταῦτα
3010 3283 3267 3353 ὡμίλουν,
3321 3284 3486 3337 τινῶν
3521 3285 3593 3354 τῷ
3640 3285 3792 3354 τόπῳ

485 3373 816 3441 quantibus,
874 3372 1151 3442 Andreas,
1190 3378 1527 3433 occultanda:
1558 3377 1772 3431 virtutis
1826 3391 1941 3430 suae
1971 3386 2090 3431 stu-

2200 3376 2694 3445 προσεγγιζόντων,
2722 3377 2943 3429 σκέπων
2966 3381 3064 3446 τὴν
3089 3377 3252 3431 αὑτοῦ
3268 3378 3481 3451 ἀρετὴν
3498 3382 3525 3431 6
3544 3380 3789 3442 Δίκαιος,

484 3465 577 3518 dio
614 3467 934 3535 priusquam
971 3476 1199 3539 propius
1241 3471 1621 3535 adventarent,
1665 3472 1879 3526 salvere
1921 3471 2080 3539 jusso
2138 3528 2141 3529 ν

488 3559 795 3630 Epiphanio
832 3561 957 3617 inde
993 3578 1053 3619 se
1084 3565 1381 3633 subduxit”

2196 3467 2305 3537 πρὸ
2341 3468 2436 3519 τοῦ
2466 3468 2709 3533 ἐκείνους
2743 3468 3069 3540 πλησιάσαι,
3102 3472 3489 3542 ἀσπασάμενος
3515 3474 3605 3525 τὸν
3637 3475 3794 3526 Ἐπιυ

2199 3564 2410 3632 φάνιον,
2438 3562 2808 3633 ἀνεχώρησεν.

1925 3706 2155 3763 CAPUT
2180 3703 2343 3762 XVII.

861 3814 1084 3872 Mulieri
1112 3835 1143 3871 a
1174 3835 1327 3890 mago
1350 3820 1603 3890 deceptw,
1638 3832 1689 3877 et
1739 3822 2025 3877 diabolicis
2058 3821 2400 3877 illusiom’bus
2426 3819 2697 3890 subjeclaz,
2743 3822 3008 3875 succurrit
3038 3820 3398 3892 Epiphanius.

557 3932 681 3988 1‘29.
732 3930 930 3989 Mulier
988 3935 1238 4005 quaedam
1297 3936 1366 3991 ad
1404 3935 1628 3992 Portum
1667 3938 1780 4010 (ιῖ)
1822 3940 2094 4002 habitans,

484 4025 777 4080 admodum
802 4026 1082 4096 religiosa,
1110 4039 1163 4082 et
1184 4032 1381 4084 timore
1413 4029 1629 4085 Domini
1653 4032 1876 4098 eximia,
1913 4033 2093 4087 virum

485 4126 647 4173 nacta
691 4130 810 4173 erat
870 4119 1155 4189 dyscolum
1188 4130 1356 4190 atque
1384 4122 1675 4191 insigniter
1699 4124 2094 4193 Voluptarium,

483 4210 579 4279 qui
632 4212 900 4280 quidquid
957 4222 1077 4267 erat
1100 4213 1176 4266 rei
1236 4212 1529 4270 l‘atiiiliaris
1551 4216 1884 4285 dilapidabat
1922 4218 1974 4270 in
2009 4218 2097 4271 lu-

485 4305 788 4372 panarihus
843 4302 1056 4359 infelix.
1115 4302 1267 4359 Uxor
1298 4308 1506 4375 itaque,
1544 4316 1606 4361 ut
1664 4320 1781 4363 erat
1822 4311 2097 4378 piissima,

485 4395 1056 4465 mwreuslugensque
1095 4397 1367 4466 pendebat
1392 4399 1585 4464 animi,
1617 4399 1748 4469 quid
1786 4400 1929 4453 laeto
1952 4401 2095 4456 foret

484 4500 645 4551 opus,
691 4494 747 4537 ut
800 4499 829 4537 a
862 4486 1101 4555 pessimo
1158 4486 1281 4542 vitae
1314 4488 1563 4543 instituto
1588 4494 1654 4543 ad
1705 4493 1922 4545 saniora
1962 4507 2095 4547 con-

486 4576 613 4630 silia
671 4576 970 4633 adduceret
1031 4579 1292 4634 maritum

484 4683 733 4734 versans,
759 4672 949 4725 statuit
987 4672 1203 4727 tandem
1230 4689 1480 4743 quaerere
1510 4674 1613 4730 hac
1630 4691 1797 4747 super
1840 4693 1897 4731 re
1916 4679 2091 4732 virum

484 4765 820 4831 quempiam,
877 4766 970 4834 qui
1035 4781 1156 4820 eam
1228 4767 1357 4822 sibi.
1392 4768 1647 4823 elIectum
1686 4774 1816 4825 dare
1868 4783 2090 4842 posset;

486 4859 704 4925 qualem
761 4871 1066 4928 opportune
1141 4863 1328 4916 statim
1380 4864 1624 4934 suggerit
1688 4866 1885 4919 mulier
1932 4867 2038 4920 alia
2075 4899 2091 4925 ,

492 4950 741 5005 videlicet
794 4952 1078 5022 Bigrinum
1126 4957 1444 5024 quemdam,
1507 4957 1849 5026 pollicentem
1905 4960 2092 5013 onmia

487 5056 558 5095 se
619 5041 866 5098 mulieris
913 5054 1034 5099 vota
1078 5047 1447 5115 expleturum.
1501 5048 1870 5114 Quamobrem
1943 5052 2093 5106 illico

487 5147 845 5203 consurgens,
897 5136 1175 5192 hominem
1232 5140 1425 5205 adivit,
1468 5144 1780 5213 reperitque
1845 5143 2102 5215 frequen-

490 5233 597 5276 tem
641 5226 694 5277 in
748 5224 911 5280 domo
954 5229 1074 5296 ejus
1127 5232 1363 5297 turbam,
1397 5234 1719 5288 consulendi
1766 5250 1935 5289 causa
1968 5252 2133 5306 prae--

493 5322 832 5375 stoiantium.
865 5322 928 5376 lli
956 5339 1080 5377 cum
1106 5336 1358 5378 votorum
1402 5334 1685 5395 compotes
1744 5329 1808 5381 ad
1855 5343 1914 5383 se
1976 5330 2096 5397 qni-

487 5430 595 5479 que
636 5414 946 5477 rcdiiSsent,
977 5415 1191 5470 tandem
1219 5426 1273 5471 et
1320 5418 1437 5471 haec
1475 5420 1700 5487 prepius
1729 5423 2102 5489 congreditur,

487 5522 551 5561 ac
601 5509 728 5561 sedc
795 5523 965 5577 prope
1014 5508 1190 5562 virum
1248 5526 1536 5580 occupata,
1604 5514 1767 5580 cwpit
1794 5514 1844 5567 ei
1896 5516 2102 5570 doloris

561 5691 673 5757 (“39.)
704 5692 945 5772 Caugittf
975 5693 1116 5772 lih._i
1148 5693 1549 5763 Conslanlittop.
1609 5700 1807 5754 Christ.
1838 5718 1958 5772 cap.
1990 5703 2073 5766 17,

492 5758 685 5811 Ponus
751 5758 843 5813 seu
904 5762 1123 5817 Nualia
1196 5780 1429 5834 quatuor
1500 5758 1786 5835 numerat,
1842 5758 2076 5843 qttlorttni

2271 3940 2409 4009 ρκθ’.
2455 3940 2595 4009 Γυνή
2634 3956 2719 4002 τις
2774 3941 2832 3992 ἐν
2864 3939 2942 4009 τῷ
2974 3940 3203 4011 Νεωρίῳ
3250 3944 3473 3997 οἰκοῦσα
3503 3988 3517 4011 ,
3557 3948 3796 4021 εὐλαϐὴς

2204 4036 2298 4085 καί
2336 4032 2653 4102 φοϐουμένη
2680 4031 2772 4083 τὸν
2807 4031 3033 4102 Κύριον,
3064 4034 3329 4106 ἐκέκτητο
3356 4037 3523 4108 ἄνδρα
3560 4043 3797 4109 χαλεπὸν

2202 4124 2301 4177 καὶ
2365 4123 2646 4192 φιλήδονον
2714 4123 2964 4195 σφόδρα,
3014 4124 3423 4197 διασκορπίζων
3485 4134 3662 4185 πάντα
3726 4135 3797 4187 τὰ

2204 4216 2522 4288 ὑπάρχοντα
2555 4216 2726 4287 αὐτῷ,
2771 4220 2830 4271 ἐν
2862 4220 2975 4281 τοῖς
3009 4221 3471 4291 πορνοκαπηλίοις
3517 4224 3795 4295 ἀσκούμε-

2201 4326 2291 4372 νος
2340 4311 2368 4361 6
2417 4309 2789 4379 ταλαίπωρος.
2829 4311 2895 4362 Ἦ
2946 4310 3004 4364 δὲ
3052 4311 3190 4383 γυνὴ
3240 4311 3375 4368 οὖσα
3421 4316 3793 4387 εύλαόεστάτη

2200 4404 2455 4457 ἐλυπεῖτο
2486 4405 2629 4472 λίαν,
2682 4400 3046 4477 ἐπαποροῦσα
3079 4409 3140 4462 τὸ
3187 4410 3240 4461 τί
3271 4411 3382 4464 δέοι
3413 4414 3667 4481 γενέσθαι
3701 4416 3797 4469 καὶ

2206 4497 2560 4567 καταργῆσαι
2595 4498 2688 4550 τοῦ
2717 4499 2909 4569 ἀνδρὸς
2939 4501 3109 4569 αὐτῆς
3139 4503 3231 4557 τὸν
3260 4507 3628 4577 πονηρότατον
3662 4525 3793 4561 σκοο

1338 4598 1352 4633 :
1400 4596 1464 4635 ac
1518 4581 1643 4635 talia
1696 4598 1839 4652 saepe
1913 4585 2099 4638 animo

2206 4591 2327 4642 πόν.
2370 4590 2458 4652 Ὠς
2490 4590 2545 4642 δὲ
2570 4590 2741 4643 ταῦτα
2768 4588 2914 4663 εἶχεν
2941 4596 2999 4647 ἐν
3026 4593 3254 4666 διανοίᾳ,
3300 4599 3550 4670 ἀνίχνευε
3584 4600 3779 4669 μαθεῖν

2206 4683 2337 4752 περὶ
2370 4683 2563 4753 ἀνδρὸς
2618 4682 2710 4736 τοῦ
2754 4686 3088 4755 τηλικαύτην
3140 4689 3373 4759 δύναμιν
3408 4696 3749 4763 κεκτημένου
3782 4714 3796 4727 ο

2203 4774 2498 4827 ὑποϐάλλει
2540 4774 2633 4827 οὖν
2679 4777 2817 4847 αὐτῇ
2854 4779 2991 4847 γυνή
3030 4796 3110 4841 τις
3148 4780 3400 4852 Βιγρῖνον
3455 4786 3624 4856 ἄνδρα
3654 4789 3802 4856 τινα,

2200 4865 2260 4929 ὃς
2290 4866 2519 4937 ἔφασκε,
2556 4868 2818 4922 δύνασθαι
2887 4874 3062 4924 ποιεῖν
3095 4874 3271 4927 πάντα
3314 4876 3485 4947 αὐτῆς
3519 4880 3584 4931 τὰ
3630 4898 3801 4932 κατα-

2204 4957 2404 5027 θύμια.
2448 4958 2756 5013 Ἀναστᾶσα
2783 4961 2875 5014 οὖν
2906 4963 3107 5026 εὐθέως
3134 4967 3406 5041 ἐπορεύθη
3433 4969 3567 5039 πρὸς
3594 4970 3754 5023 αὐτόν
3782 4986 3801 5001 ’

2207 5046 2338 5122 εὗρε
2368 5052 2425 5103 δὲ
2456 5055 2575 5105 ἐκεῖ
2609 5054 2814 5123 πλῆθος
2850 5056 3058 5110 ίκανόν.
3126 5056 3219 5121 Ὧς
3257 5059 3313 5111 δὲ
3345 5062 3563 5112 πάντων
3624 5063 3801 5115 ἐποίει

2213 5147 2281 5197 τὰ
2319 5147 2638 5216 καταθύμια
2667 5151 2759 5202 καὶ
2791 5150 3126 5221 ἀνεχώρουν,
3158 5154 3252 5204 ἐπὶ
3285 5154 3473 5217 τέλους
3534 5153 3663 5227 ἦλθε
3705 5158 3804 5228 καὶ

2214 5240 2373 5309 αὐτὴ,
2410 5244 2503 5294 καὶ
2552 5243 2628 5305 ὡς
2668 5244 3070 5315 ἐκαθέσθησαν,
3125 5246 3329 5317 ἤρξατο
3371 5249 3402 5319 ἡ
3451 5248 3586 5319 γυνὴ
3613 5249 3674 5302 τὸ
3706 5267 3803 5301 και

2212 5335 2452 5387 τώδυνον
2499 5336 2669 5408 αὐτῆς
2727 5340 2934 5407 ὁμιλεῖν
2963 5340 3112 5407 αὐτῷ
3140 5356 3153 5370 ο
3184 5339 3259 5403 ὡς
3288 5342 3372 5395 ὃτι
3396 5356 3409 5369 ⁸
3455 5343 3512 5393 Ὀ
3536 5344 3675 5414 ἀνήρ
3700 5361 3803 5413 μου

2212 5427 2424 5491 ἐξέδοτο
2459 5429 2649 5484 ἑαυτὸν
2682 5435 2801 5495 ταῖς
2828 5432 2923 5485 τοῦ
2950 5434 3228 5505 μοχθηροῦ
3261 5434 3379 5504 βίου
3414 5437 3673 5501 ἀπάταις,
3708 5436 3805 5503 καὶ

2212 5522 2276 5571 ἐκ
2304 5524 2656 5591 καταγωγίου
2682 5526 2759 5587 είς
2798 5527 3145 5594 καταγώγιον
3173 5527 3281 5581 τῶν
3318 5530 3572 5600 μιμάδων
3610 5532 3795 5598 ἀφικόι

2190 5708 2447 5776 praecipui
2518 5707 2682 5764 Veths
2739 5730 2799 5765 ac
2871 5712 3074 5767 :\ovus.
3120 5714 3191 5770 De.
3250 5715 3414 5770 veteri
3449 5732 3547 5787 ego
3592 5715 3679 5769 hic
3714 5712 3803 5782 agi

2191 5796 2411 5833 CUIIMBU.
