4090 6452
364 307 468 375 781

360 517 632 588 ἐτόλμησε
686 519 934 588 ποιῆσαι,
983 520 1312 589 ἀνάγγειλόν
1365 540 1478 593 μοι.
1524 523 1584 578 Ὀ
1628 523 1690 577 δὲ
1745 521 1901 578 εἶπεν
1931 540 1946 555 ³

358 610 614 678 Βιγρίνος
647 610 673 662 6
708 609 1004 681 φαρμακός
1033 612 1131 665 καὶ
1165 612 1339 683 μάγος
1369 615 1465 669 καὶ
1488 613 1586 669 τοῦ
1625 613 1764 668 Θεοῦ
1793 614 1949 670 ἁλλό-

355 718 531 767 τριος,
591 701 686 754 σοῦ
735 703 1135 773 παρασχούσης
1169 705 1321 776 αὐτῷ
1368 705 1468 778 τὴν
1517 706 1808 772 ἐξουσίαν’
1851 708 1948 761 νῦν

361 792 455 847 οῦν
478 793 580 847 οὐκ
611 792 760 846 ἐστιν
788 796 846 847 ὲν
876 797 998 856 ταῖς
1037 797 1214 850 εἰκόσι
1243 814 1337 852 σου
1369 801 1419 852 εί
1465 799 1540 870 μὴ
1585 799 1809 870 χρῶμα,
1849 807 1948 856 καὶ

359 885 544 950 ξύλον,
588 884 688 938 καὶ
725 887 953 957 κόπρος,
1006 886 1104 940 καὶ
1144 887 1419 959 δαιμόνων
1467 893 1834 962 φαντάσματα
1863 910 1879 926 ο
1912 897 1946 966 η

359 980 472 1047 γὰρ
517 976 682 1047 χάρις
727 975 822 1029 τοῦ
853 975 990 1029 Θεοῦ
1035 979 1094 1044 ἐξ
1127 979 1306 1032 αὐτῶν
1337 981 1708 1054 ἀνεχώρησεν,
1742 984 1819 1055 μὴ
1855 985 1949 1053 φέ-

362 1086 533 1141 ρουσα
567 1069 668 1141 τὴν
697 1071 805 1123 τῶν
833 1069 1107 1140 δαιμόνων
1135 1071 1405 1126 δυσωδίαν
1437 1075 1532 1128 καὶ
1564 1077 1811 1146 μείωσιν.
1855 1077 1946 1140 Ὣς

360 1163 418 1215 δὲ
455 1162 633 1215 ταῦτα
663 1162 870 1232 ἔλεγεν,
896 1164 1002 1233 δρᾷ
1035 1165 1135 1235 τὴν
1159 1164 1430 1236 κανδῆλαν
1465 1167 1745 1236 γέμουσαν
1783 1167 1944 1240 οὔρου

363 1255 610 1320 κυναίου,
645 1256 741 1308 καὶ
770 1257 829 1308 ὲν
851 1255 930 1325 τῷ
974 1257 1335 1328 ἀπτροτούϐῳ
1361 1262 1816 1331 ἐγγεγραμμένον
1846 1263 1942 1316 τοῦ

373 1345 748 1416 Ἀντιχρίστου
799 1345 861 1399 τὸ
898 1347 1111 1417 ὄνομαο
1160 1349 1421 1420 ὑπεράνω
1476 1353 1534 1406 δὲ
1586 1354 1644 1408 ἐν
1685 1355 1763 1424 τῷ
1819 1354 1943 1426 ἀέρι

357 1439 734 1509 ὲγγέγραπτο,
760 1439 932 1493 Θυσία
959 1441 1252 1512 δαιμόνων.

427 1627 552 1697 ρ).δ⁹.
588 1625 805 1681 Τούτων
844 1631 910 1699 τῇ
953 1631 1174 1697 γυναικὶ
1206 1633 1648 1702 φανερουμένων,
1679 1638 1707 1688 6
1737 1637 1938 1691 νεώτεο

356 1737 452 1791 ρος
483 1721 692 1782 ἐκεῖνος
721 1720 956 1792 ἀφανὴς,
995 1723 1086 1776 καὶ
1115 1723 1253 1794 αὺτὴ
1284 1726 1514 1792 ἔξυπνος
1540 1728 1778 1804 ἐγένετο.
1811 1734 1939 1784 Δια-

1548 317 1728 377 VITA
1767 317 1831 378 S.
1875 317 2206 376 ANDREE
2246 317 2438 378 ΞΛΜ.

360 423 514 492 λέγει
572 422 708 496 πρὸς
756 423 848 478 τὸν
899 421 1188 496 νεώτερον.
1232 427 1438 500 Δέομαί
1493 445 1611 493 σου,
1659 429 1744 494 τίς
1779 429 1932 484 ταῦτε

2053 431 2356 499 ctaculnm,
2417 441 2472 487 et
2529 446 2794 487 conversa
2871 433 2936 488 ad
2997 434 3250 504 juvenem

3534 330 3637 389 782

3327 457 3338 490 :
3409 443 3516 497 Oro
3564 455 3634 505 Ie.

2053 524 2251 594 inquit,
2315 534 2374 580 ut
2412 527 2599 582 edicas
2665 525 2824 592 mihi,
2856 527 2978 598 quis
2999 528 3125 583 talia
3173 532 3516 589 committere
3543 550 3640 589 au-

2052 632 2148 672 sus
2217 617 2308 674 sit.
2336 617 2402 673 Et
2424 617 2517 673 ille
2549 638 2562 674 :
2592 618 2848 688 Bigrinus
2905 621 3006 676 iste
3030 623 3294 680 veniticus
3341 633 3395 680 et
3423 643 3638 698 magus,

2050 724 2080 764 a
2125 711 2240 766 veri
2289 709 2384 767 Dei
2435 712 2584 767 cultu
2637 711 3050 777 alienissimus,
3109 724 3162 770 te
3219 705 3532 774 facultatem
3586 721 3638 776 id

2051 806 2244 877 agendi
2281 805 2558 863 faciente:
2600 822 2747 861 nunc
2775 806 2942 876 igitur
2969 807 3155 863 icones
3194 816 3298 864 tuae
3327 820 3526 878 praater
3551 827 3641 866 co-
3685 811 3692 817 ’

2051 900 2245 964 lorem,
2303 898 2528 970 lignum,
2581 907 2817 963 stercus,
2867 898 3288 969 daemonumque
3335 901 3640 970 illusiones,

2050 987 2185 1042 nihil
2247 997 2411 1055 sunt;
2455 989 2627 1060 gratia
2689 1004 2925 1060 namque
2983 998 3038 1044 et
3089 991 3260 1045 virtus
3288 991 3642 1066 divina,qna

2049 1080 2288 1148 praedita:
2343 1091 2520 1146 erant,
2581 1080 2706 1135 inde
2737 1081 2993 1148 excessit,
3047 1079 3191 1136 ferre
3220 1085 3483 1154 nequiens
3515 1104 3642 1156 gra-

2048 1173 2352 1228 veolentem
2411 1175 2719 1228 daemonum
2783 1173 3035 1229 fauorem
3072 1184 3125 1230 et
3161 1175 3484 1246 injuriosam
3523 1181 3641 1235 ico-

2046 1281 2177 1319 nnm
2239 1266 2637 1320 tractationem.
2711 1265 2928 1321 Dixerat
2978 1269 3090 1324 haec
3141 1269 3481 1339 adolescens,
3509 1290 3636 1329 eum

2043 1355 2220 1412 cernit
2250 1355 2552 1425 lampadem
2584 1357 2716 1411 lotio
2761 1359 2960 1413 canino
2992 1359 3207 1428 plenam
3241 1376 3384 1427 esse,
3410 1373 3462 1418 et.
3493 1365 3638 1417 lam-

2045 1451 2166 1520 padi
2215 1465 2414 1505 nomen
2471 1450 2830 1519 Antichristi;
2865 1467 3033 1522 supra
3095 1468 3226 1509 vero
3268 1455 3320 1510 in
3355 1472 3504 1525 aere,
3540 1457 3638 1513 Sa-

2043 1541 2306 1597 criﬁcium
2338 1543 2758 1608 daemoniorum,
2787 1545 3141 1615 inscriptum.

2113 1629 2240 1689 155..
2295 1635 2593 1704 Postquam
2631 1636 2746 1691 haec
2777 1637 2991 1691 mulieri
3015 1648 3236 1694 ostensa
3280 1640 3478 1705 forent,
3509 1658 3637 1698 eva-

2043 1722 2162 1776 nuit
2212 1724 2548 1791 adolescens,
2612 1727 2726 1795 ipsa
2762 1742 2889 1780 vero
2921 1730 3298 1798 expergefacta
3351 1743 3635 1790 estmon-

353 1812 607 1882 νοηθεῖσα
639 1810 732 1867 οῦν
758 1814 825 1866 τὰ
864 1815 1129 1885 ὁραθέντα
1174 1819 1310 1889 αὐτῇ
1338 1820 1396 1873 ἐν
1426 1818 1503 1889 τῷ
1531 1818 1704 1891 ὕπνῳ,
1740 1823 1932 1895 ἐξέστη

2042 1812 2400 1884 sideransque
2429 1817 2638 1885 singula
2667 1818 2770 1872 sibi
2795 1833 2889 1888 per
2912 1821 3148 1888 quietem
3200 1823 3406 1890 oblata,
3437 1835 3615 1897 stupo-

360 1909 453 1960 καὶ
487 1905 696 1978 ἔφριξε,
749 1908 844 1960 καὶ
897 1909 1099 1976 ἑαυτὴν
1135 1910 1420 1980 ἐμέμφετο
1449 1911 1686 1982 λέγουσα
1711 1931 1730 1944 '
1780 1917 1940 1986 Οίμοι

356 2003 421 2070 ’τῇ
446 2000 753 2071 ἀμαρτωλῷ
777 2002 792 2054 l
825 2000 874 2054 τί
894 2000 1002 2073 ἄρα
1032 2003 1280 2057 πέπονθα
1305 2005 1318 2057 l
1343 2005 1576 2059 δοκοῦσα
1594 2007 1703 2077 γὰρ
1729 2009 1810 2072 εἰς
1831 2027 1944 2063 ποι-

353 2093 492 2164 μένα
517 2093 771 2162 ὑπάγειν,
790 2093 1020 2166 ,[λύκῳή
1049 2095 1207 2148 ἀθλία
1240 2097 1488 2168 ἐνέτυχον
1511 2098 1622 2170 (46)
1708 2099 1942 2152 δοκοῦσα

359 2185 640 2255 σωτηρίαν
688 2186 987 2255 εὑρίσκειν,
1018 2189 1100 2249 εἰς
1148 2187 1278 2258 χάος
1306 2187 1404 2254 τῆς
1439 2190 1716 2253 ἀπωλείας
1766 2191 1939 2261 ἐμπέ-

354 2295 572 2332 πτωκα.
603 2278 825 2342 Τούτοις
850 2277 1023 2342 οὕτως
1053 2279 1464 2352 ἁποκλαιομένη
1497 2282 1529 2351 ή
1581 2281 1741 2354 γυνὴ,
1779 2284 1940 2336 ἐϐου-

349 2371 539 2425 λεύετο
591 2371 645 2424 τί
697 2371 793 2444 δέῃ
846 2372 1122 2438 γενέσθαι,
1174 2373 1321 2442 ἔχειν
1365 2373 1464 2436 τὰς
1511 2375 1748 2440 εἰκόνας,

347 2465 526 2535 ἔχειν;
543 2465 576 2536 ἢ
596 2463 827 2528 τίαὺτὰς
842 2465 1222 2536 εἰσπράξηται,
1245 2467 1365 2518 ἐπεὶ
1385 2467 1758 2538 μεμιασμέναι
1774 2470 1939 2536 ὲτύγ-

347 2574 555 2628 χανονς
599 2557 902 2628 Ἀποροῦσα
933 2557 989 2611 δὲ
1025 2559 1156 2628 περὶ
1181 2558 1395 2624 τούτου,
1437 2559 1731 2629 ἀνέρχεται
1763 2561 1821 2613 ὲν
1855 2559 1936 2629 τῷ

346 2635 600 2718 λογισμῷ
630 2649 800 2719 αὐτῆς
839 2649 934 2702 τοῦ
969 2648 1246 2720 θαρρῆσαι
1290 2650 1369 2720 τῷ
1415 2651 1722 2722 Ἐπιφανίῳ
1751 2651 1812 2705 τὸ
1841 2669 1935 2720 γε-

345 2742 540 2810 γονός’
582 2745 968 2812 καταμένουσα
1015 2741 1071 2794 δὲ
1112 2737 1180 2813 ἦν
1230 2741 1460 2812 πλησίον
1512 2743 1608 2795 τοῦ
1643 2741 1794 2797 οἴκου
1837 2744 1935 2796 τοῦ

346 2834 554 2904 πατρὸς
596 2834 762 2887 αὑτοῦ
787 2850 802 2864 ·
839 2834 1109 2904 ἠπίστατο
1153 2833 1208 2886 δὲ
1242 2834 1338 2887 καὶ
1365 2835 1456 2886 τὸν
1487 2836 1653 2888 παῖδα
1681 2836 1934 2904 ἐνάρετον

348 2927 500 2980 ὖντα.
541 2927 966 2998 Ἀποτηρήσασα
996 2927 1054 2980 δὲ
1086 2929 1292 2997 τακτὴν
1321 2925 1493 2998 ὥραν,
1527 2931 1932 3000 κατερχομένου

351 3017 518 3072 αὑτοῦ
546 3020 653 3072 ἀπὸ
677 3019 777 3089 τῆς
807 3021 1124 3091 ἁγιωτάτης
1164 3019 1464 3090 ἐκκλησίας
1501 3021 1601 3091 τῆς
1657 3026 1754 3074 τοῦ
1794 3022 1930 3077 Θεοῦ

345 3111 588 3179 -Σοφίας,
641 3113 958 3182 ἀπήντησεν
1015 3112 1163 3180 αύτῴ
1217 3111 1324 3183 πρὸ
1369 3112 1462 3165 τοῦ
1514 3112 1781 3182 πυλῶνος,
1838 3116 1930 3168 καὶ

353 3203 540 3256 πίπτει
569 3206 648 3266 εἰς
677 3204 804 3266 τοὺς
845 3203 1013 3267 πόδας
1064 3203 1256 3268 αὐτοῦ,
1311 3204 1731 3273 ἀπαγγέλλουσα
1780 3205 1930 3276 αὐτῷ

347 3293 568 3348 ἅπαντα
595 3295 661 3348 τὰ
692 3295 975 3363 γεγονότα.
1025 3294 1083 3348 '0
1111 3295 1168 3348 δὲ
1218 3295 1460 3358 ἀκούσας
1494 3297 1591 3350 καὶ
1635 3298 1782 3366 μέγα
1813 3314 1932 3349 στε-

346 3389 534 3455 νάξας,
568 3388 662 3441 καὶ
697 3388 976 3460 δακρύσας
1018 3388 1160 3458 ἔφη’
1199 3388 1507 3458 Κατάθεμά
1539 3405 1647 3454 σοι,
1688 3389 1928 3452 διάϐολε,

343 3483 428 3535 ὅτι
457 3483 516 3534 οὐ
547 3480 696 3552 παύῃ
731 3480 1100 3534 ἐπιϐουλεύων
1129 3481 1256 3545 τοὺς
1287 3481 1435 3544 υἱοὺς
1463 3480 1572 3534 τῶν
1600 3480 1927 3551 ἀνθρώπων.

344 3569 482 3626 Εἶτα
517 3571 949 3642 βουλευσάμενος
975 3572 1098 3626 καθ’
1127 3575 1322 3626 ἑαυτὸν
1355 3573 1485 3642 περὶ
1516 3571 1728 3638 τούτου,
1774 3568 1930 3626 εἶπεν

342 3667 409 3734 τῇ
460 3663 724 3732 γυναικί·
759 3663 980 3732 ’Υπαγε
1035 3663 1129 3717 καὶ
1174 3664 1274 3734 τὴν
1325 3662 1502 3734 ζώνην
1539 3664 1758 3734 ἐκείνην
1791 3667 1930 3733 πυρὶ

343 3755 719 3818 κατάκαυσον,
756 3755 854 3824 τὴν
887 3754 944 3807 δὲ
974 3754 1246 3824 κανδῆλαν
1281 3755 1376 3806 καὶ
1417 3753 1506 3806 τὸν
1555 3754 1928 3824 ἀπτρότουεον

346 3846 659 3917 σύντριψον,
695 3847 919 3910 καὶτὰς
951 3847 1166 3906 εἰκόνας
1217 3845 1407 3913 ἔνεγκέ
1456 3861 1591 3915 μοι·
1641 3846 1735 3898 καὶ
1775 3845 1830 3896 εἴ
1874 3862 1928 3897 τι

346 3940 557 3993 κελεύει
588 3945 614 3993 6
644 3941 797 4004 Θεὸς,
825 3936 941 3993 οἶδα
967 3941 1051 3993 ὅτι
1090 3939 1178 3992 ἐπ’
1211 3940 1334 4009 ἐμοὶ
1384 3939 1710 4010 γενήσονται
1743 3939 1798 3991 αἱ
1832 3938 1926 3990 τοῦ

343 4031 582 4102 πονηροῦ
619 4032 875 4101 δαίμονος
905 4032 1131 4086 ἀπειλαὶ
1163 4034 1258 4085 καὶ
1285 4030 1580 4100 φαντασίαι
1606 4044 1621 4060 ·
1665 4029 1781 4084 ἀλλ’
1816 4029 1927 4099 ἔχω

340 4126 434 4178 τὸν
465 4125 668 4196 Κύριον
718 4126 876 4196 ἡμῶν
912 4125 1121 4195 Ἰησοῦν
1170 4123 1407 4193 Χριστὸν
1456 4122 1672 4193 βοηθὸν,
1706 4123 1799 4176 καὶ
1827 4122 1925 4194 τὴν

339 4218 532 4289 τιμίαν
565 4220 731 4289 εὐχὴν
780 4217 876 4271 καὶ
925 4216 1212 4287 ἀντίληψιν
1236 4215 1332 4268 τοῦ
1365 4215 1652 4284 φωστῆρός
1697 4233 1823 4285 μου,
1862 4217 1924 4268 οὐ

340 4311 730 4383 φοϐηθήσομαι
774 4310 943 4378 κακὰ,
999 4309 1081 4363 ὅτι
1137 4308 1300 4372 αὐτὸς
1341 4309 1574 4363 πάντοτε
1623 4307 1742 4377 μετ’
1785 4307 1923 4379 ἐμοῦ

339 4407 512 4460 ἐστιν.

417 4590 542 4664 ρλέ.
590 4590 658 4644 Ἢ
685 4589 742 4642 δὲ
764 4588 902 4660 γυνὴ
932 4589 1032 4643 ὅσα
1065 4587 1347 4653 διετάξατο
1377 4588 1514 4660 αὑτῇ
1541 4589 1568 4642 6
1607 4588 1924 4658 Ἐπιφάνιος

339 4685 586 4754 ἐποίησε,
629 4685 724 4734 καὶ
781 4683 881 4744 τὰς
933 4681 1149 4744 εἰκόιας
1203 4681 1437 4734 δέδωκεν
1486 4681 1645 4751 αὐτῷ
1677 4695 1694 4711 ο
1744 4683 1810 4752 τῇ
1865 4681 1924 4734 δὲ

337 4777 499 4830 νυκτὶ
529 4776 714 4846 ἐκείνῃ
740 4777 845 4846 ό»ρᾴ
866 4772 987 4827 κατ’
1017 4774 1150 4844 όναρ
1183 4774 1215 4844 ή
1247 4773 1402 4844 γυνὴ,
1428 4774 1511 4827 ὅτι
1536 4770 1700 4846 ἦλθεν
1721 4773 1923 4843 ,Αἰθίοψ

339 4870 548 4938 γυμνὸς
585 4870 722 4938 πρὸς
749 4869 850 4940 τὴν
881 4867 1054 4938 θύραν
1082 4868 1255 4936 αὐτῆς
1294 4866 1802 4938 κατακεκαυμένος,
1847 4868 1920 4937 μὴ

338 4959 553 5033 τολμῶν
593 4959 806 5014 ἔνδοθεν
850 4960 1136 5024 εἰσελθεῖν,
1181 4958 1300 5012 ἀλλ’
1339 4959 1630 5028 ἱστάμενος
1665 4959 1793 5024 ἔξω,
1822 4963 1921 5012 καὶ

336 5055 724 5125 ὀλοῳυρόμενο.
774 5053 1000 5124 Ἕτερος
1030 5052 1087 5104 δὲ
1115 5051 1326 5120 Αἰθίωψ
1373 5051 1663 5122 ἐρχόμενος
1717 5052 1918 5116 ἐκεῖσε,

334 5147 412 5212 ὠς
443 5144 584 5200 εἰδεν
618 5148 783 5199 αὑτὸν
833 5145 1196 5214 κεκαυμένον,
1249 5142 1538 5215 ἠρώτησεν
1573 5142 1758 5207 αὐτὸν,
1809 5145 1918 5196 Ποῦ

340 5241 398 5293 αἱ
426 5239 698 5312 καῦστραι
727 5235 889 5294 αὗται
916 5241 975 5291 ἐν
1006 5239 1088 5291 σοὶ
1119 5237 1500 5308 ἐγενήθησανς
1537 5236 1595 5290 '0
1631 5235 1687 5289 δὲ
1723 5232 1877 5289 εἶπεν
1902 5253 1916 5267 ο

353 5331 669 5402 Ἐπιφάνιος
718 5336 745 5386 6
799 5331 1038 5401 πονηρὸς
1069 5329 1370 5399 διεσάφησε
1405 5327 1503 5398 τὴν
1535 5328 1795 5381 τάλαιναν
1823 5327 1917 5381 τοῦ

338 5425 541 5478 καῦσαί
603 5443 671 5496 με
725 5424 940 5489 δεινῶς,
999 5423 1094 5477 καὶ
1149 5422 1248 5490 οὐχ
1294 5420 1556 5490 ὑποφέρω
1606 5420 1676 5473 τὰ
1727 5420 1864 5490 ἄλγη
1903 5439 1916 5453 ·

333 5519 600 5590 τέσσαρσι
632 5520 741 5590 γὰρ
769 5518 993 5588 κόμδοις
1022 5517 1170 5586 ἥμην
1194 5514 1474 5583 δεδεμένος
1506 5515 1584 5575 είς
1611 5511 1711 5583 τὴν
1741 5511 1918 5581 ζώνην

409 5656 524 5724 (46)
604 5653 705 5710 Ms.
776 5652 950 5708 Vatic.
1025 5655 1106 5718 εἰς
1179 5651 1370 5723 βόθρον
1447 5649 1681 5720 ᾑνέχθην
1726 5649 1759 5717 ἡ
1817 5647 1912 5700 τά·

335 5725 524 5867 hii?)
560 5797 782 5855 Videtur
829 5795 1101 5850 Andream
1154 5794 1473 5865 intelligere,
1525 5791 1709 5862 potius
1745 5804 1909 5860 quam

2047 1922 2104 1961 re
2149 1923 2213 1963 ac
2253 1925 2456 1978 pavore
2503 1911 2828 1978 incessentc,
2887 1914 2941 1968 in
2967 1915 3065 1971 has
3092 1917 3344 1986 querelas
3394 1925 3573 1990 erupit
3615 1938 3631 1975 :

2044 1995 2144 2050 llei
2187 1997 2316 2050 mihi
2358 1998 2690 2072 precati-icil
2731 2016 2853 2069 quae
2906 2012 3219 2071 quantaque
3273 2006 3434 2060 modo
3469 2023 3633 2076 passa

2041 2089 2203 2142 sum!
2241 2088 2503 2144 Putabam
2560 2091 2705 2144 enim
2740 2091 2806 2145 ad
2838 2095 3447 2170 pastoremconl‘ugere
3523 2115 3632 2162 me,

2043 2187 2098 2234 et
2126 2197 2254 2237 ecce
2320 2181 2373 2236 in
2439 2183 2625 2253 lupum
2675 2183 2842 2240 incidi
2866 2187 3090 2256 infelix;
3121 2189 3377 2258 putabam
3427 2201 3630 2247 rectam

2043 2291 2130 2331 me
2187 2276 2378 2332 salutis
2417 2277 2558 2332 viam
2597 2291 2802 2344 tenere,
2841 2289 2895 2334 et
2927 2281 2980 2334 in
3019 2284 3272 2352 abyssum
3309 2285 3632 2354 perditionis

2043 2369 2379 2438 praecipitata
2407 2369 2588 2438 jaceo.
2633 2370 2838 2426 Taliter
2881 2371 3186 2430 lamentans
3215 2376 3448 2439 mulier,
3503 2391 3634 2431 con-

2040 2461 2248 2516 sultare
2300 2460 2535 2515 instituit
2589 2461 2720 2531 quid
2765 2461 3034 2532 agendum
3070 2462 3249 2527 foret,
3283 2479 3352 2518 an
3395 2475 3633 2520 retentu-

2039 2571 2098 2609 ra
2150 2555 2439 2624 imagines,
2485 2569 2556 2608 an
2581 2570 2689 2609 non
2743 2563 3027 2610 retentura
3056 2595 3072 2617 ,
3105 2564 3215 2610 tum
3238 2557 3367 2626 quid
3410 2559 3500 2625 iis,
3539 2568 3626 2611 ut~

2037 2657 2163 2718 pote
2208 2648 2453 2717 pollutis,
2511 2647 2720 2703 factura
2773 2657 2940 2703 esset.
3009 2649 3244 2718 Ancipiti
3292 2665 3422 2722 ergo
3473 2653 3630 2706 dubi-

2039 2739 2282 2810 tantique
2324 2741 2427 2795 hac
2462 2754 2632 2809 super
2682 2756 2762 2803 re,
2792 2741 2938 2795 venit
2967 2740 3022 2794 in
3058 2753 3318 2805 mentem,
3360 2743 3628 2814 quidquid

2035 2833 2308 2887 acciderat
2355 2834 2583 2887 lidenter
2604 2835 2818 2902 aperire
2879 2832 3223 2903 Epiphanio,
3271 2851 3379 2889 non
3436 2838 3628 2905 procul

2039 2923 2163 2978 inde
2201 2923 2256 2977 in
2285 2924 2449 2978 domo
2482 2932 2705 2994 paterna
2739 2926 3128 2994 commoranti,
3159 2943 3319 2996 quem
3361 2929 3626 2998 prteclara

2035 3017 2367 3071 instructum
2407 3018 2607 3072 virtute
2637 3033 2744 3071 non
2796 3017 3100 3089 ignorabat.
3132 3022 3310 3086 Quare
3356 3025 3628 3078 constitu-

2037 3118 2146 3163 tam
2197 3109 2495 3164 observans
2550 3110 2761 3176 horam,
2817 3126 2925 3180 qua
2952 3127 2981 3166 e
3017 3113 3368 3167 sanctissima
3402 3114 3623 3184 Sophia:

2033 3199 2234 3255 divinae
2285 3201 2516 3256 ecclesia
2565 3213 2925 3256 consueverat
2953 3195 3152 3269 redire,
3181 3205 3394 3258 obviam
3430 3220 3620 3274 proce-

2032 3293 2190 3361 dens,
2244 3304 2374 3349 ante
2401 3294 2548 3364 ipsas
2570 3294 2752 3364 templi
2785 3297 2970 3349 valvas
3017 3296 3083 3350 ad
3125 3297 3288 3365 pedes
3321 3297 3372 3353 ci
3423 3299 3625 3352 accidit

2031 3397 2197 3458 atque
2269 3389 2568 3453 universa,
2638 3389 2715 3442 uti
2761 3389 2900 3443 facta
2971 3399 3161 3455 erant,
3233 3392 3620 3446 manifestavit.

2031 3480 2244 3546 Quibus
2297 3481 2524 3544 auditis,
2581 3480 2753 3535 altum
2826 3481 3188 3552 ingemiscens
3246 3483 3624 3554 lacrymasque

2032 3575 2267 3629 ubertim
2327 3574 2668 3642 pret‘nndens
2703 3591 2719 3627 :
2768 3574 3087 3630 Maledictus
3121 3576 3220 3641 sis,
3261 3579 3620 3639 exclamabat,

2030 3682 2262 3738 nequam
2296 3667 2534 3734 diabole,
2587 3668 2678 3735 qui
2705 3681 2818 3721 non
2843 3682 3026 3722 cessas
3053 3667 3196 3722 ﬁlios
3227 3669 3507 3723 hominum
3539 3671 3623 3722 in-

2031 3757 2186 3812 sidiis
2239 3756 2522 3824 impetere.
2570 3755 2771 3810 Deinde
2824 3757 3055 3811 consilio
3101 3773 3285 3812 secum
3320 3758 3483 3822 inito,
3550 3760 3618 3812 ad

2029 3845 2341 3910 mulierem,
2407 3845 2576 3912 Vade,
2648 3847 2846 3917 inquit,
2907 3863 2975 3903 ae
3035 3865 3226 3903 zonam
3276 3851 3420 3904 illam
3462 3852 3620 3903 tlin-

2029 3938 2136 3994 mis
2171 3937 2321 3992 trade
2355 3977 2370 4002 ,
2407 3937 2736 4008 ellychnium
2789 3953 2916 3992 vero
2941 3949 2995 3992 et
3034 3937 3340 4008 lampadem
3393 3950 3618 3993 contere

2026 4037 2082 4082 et.
2133 4027 2399 4099 imagines
2445 4028 2512 4082 ad
2567 4043 2652 4082 me
2707 4027 2877 4095 aﬂ'er,
2937 4037 2993 4084 et
3044 4031 3311 4104 s?quid«‘m
3341 4033 3617 4101 permittat

2029 4121 2194 4188 Deus,
2253 4122 2368 4177 seio
2416 4123 2561 4192 quod
2591 4125 2643 4176 in
2678 4137 2762 4177 me
2802 4123 3018 4192 pes~imi
3047 4127 3321 4180 daemones
3360 4127 3534 4180 m’nas
3564 4138 3620 4177 vt

1993 4217 2000 4233 ‘
2027 4221 2240 4284 spectra
2267 4229 2364 4268 sua
2387 4214 2704 4272 canversuri
2732 4214 2844 4269 sint
2873 4231 2886 4268 :
2923 4230 3118 4272 Verum
3160 4217 3457 4272 auxiliante
3484 4219 3616 4271 mihi

2031 4304 2264 4360 Domino
2329 4314 2516 4360 nostro
2550 4304 2678 4360 Jesu
2718 4306 2956 4373 Christo,
2999 4319 3050 4363 et
3073 4309 3320 4362 Oratione
3341 4325 3404 4363 ac
3431 4310 3616 4363 divina

2027 4397 2227 4452 virtute
2267 4399 2652 4456 illuminatoris
2683 4400 2794 4471 (i7)
2826 4403 2930 4456 mei
2959 4410 3295 4470 protegente,
3323 4417 3432 4457 non
3467 4402 3624 4456 time—

1961 4508 2006 4566 ι)
2032 4492 2100 4546 bo
2120 4493 2284 4555 mala,
2304 4494 2564 4562 quoniam
2589 4493 2704 4560 ipse
2732 4509 2944 4549 tuecum
2974 4504 3058 4549 est
3103 4495 3327 4564 ubique.

2100 4583 2224 4638 t55.
2249 4583 2516 4638 Exsecula
2546 4583 2742 4638 mulier
2759 4599 3096 4653 quaecunque
3120 4585 3361 4654 jusserat
3384 4583 3622 4655 Epipha.

2029 4676 2177 4740 nius,
2238 4675 2456 4731 traditis
2515 4676 2800 4745 etiamipsi
2829 4677 3181 4746 imaginibus,
3215 4678 3478 4731 visionem
3516 4679 3619 4732 ha-

2028 4767 2144 4822 buit
2181 4777 2339 4822 nocte
2393 4775 2610 4837 postera
2659 4782 2758 4836 per
2791 4767 3049 4837 quietem,
3109 4767 3164 4820 in
3210 4783 3315 4836 qua
3366 4767 3619 4836 AEthiops

2027 4857 2208 4912 nudus
2260 4857 2511 4912 veniebat
2563 4857 2630 4910 ad
2665 4857 2859 4911 ostium
2883 4857 3099 4921 domus,
3138 4867 3278 4914 totus
3307 4861 3614 4921 ambustus.

2025 4953 2326 5022 pedemque
2352 4953 2498 5006 intro
2519 4950 2730 5006 inferre
2757 4966 2865 5004 non
2893 4965 3062 5005 ausus
3084 4993 3096 5014 ,
3122 4951 3257 5007 foris
3283 4954 3616 5008 consistebat

2025 5047 2257 5100 multum
2341 5047 2667 5099 i3lh8llltlns.
2751 5043 3087 5097 Adveniebat
3162 5059 3292 5099 vero
3377 5054 3431 5100 et
3478 5047 3616 5100 alter

2025 5138 2306 5206 Aithiops,
2333 5137 2424 5208 qui
2465 5137 2703 5206 priorem
2735 5135 3104 5205 conspicatus,
3131 5138 3613 5207 percunctabatur,

2023 5229 2298 5301 quomodo
2327 5229 2577 5299 stigmata
2614 5229 2714 5283 ista
2747 5229 2896 5283 omni
2917 5245 2982 5283 ex
3015 5240 3168 5299 parte
3191 5231 3420 5285 adustus
3451 5247 3612 5302 gere-

2022 5331 2126 5375 ret.
2171 5319 2270 5375 Cui
2299 5320 2387 5376 ille
2423 5338 2436 5374 :
2472 5319 2832 5390 Epiphanius,
2881 5322 3078 5391 inquit,
3133 5322 3451 5378 adolescens
3485 5339 3610 5392 pes-

2023 5415 2219 5479 simus,
2278 5415 2463 5470 docuit
2519 5414 2807 5477 miseram,
2843 5429 2965 5483 qua:
2995 5414 3216 5469 domum
3254 5417 3392 5469 hanc
3423 5415 3547 5469 inco
3573 5418 3613 5470 it

2022 5507 2306 5562 mulierem
2379 5508 2623 5574 modum,
2669 5521 2779 5576 quo
2845 5521 2932 5561 me
2983 5507 3309 5577 gravissimo
3357 5510 3608 5562 incendio

2019 5646 2266 5716 angelum
2303 5662 2462 5702 suum
2499 5646 2782 5704 custodem
2824 5663 2838 5701 :
2874 5645 3092 5702 nomine
3143 5654 3322 5700 autem
3355 5661 3419 5702 ex
3455 5660 3599 5702 com-

2021 5722 2193 5786 posito
2223 5720 2512 5773 abstinere.
