4090 6414
503 314 612 379 78Ἱ

1577 314 2002 377 NICEPIIORI
2046 315 2523 378 PRESBY’I‘ERI
2564 315 2674 380 (ΖΡ.

3673 315 3777 378 7N

493 434 795 497 torqueret.
828 440 1059 496 sumque
1097 427 1259 483 modo
1283 428 1566 485 doloribus
1610 430 1785 500 impar
1820 439 2084 501 :quatuor

2196 433 2264 487 δι’
2304 432 2637 504 ἐξορκισμοῦ
2665 428 2761 485 τοῦ
2800 430 3196 503 μύστουνὴμῶν
3218 447 3233 463 ο
3266 398 3560 504 κιιιυθείσηλς⁵
3592 431 3648 485 δὲ
3688 434 3776 488 αἱς

497 522 641 577 enim
668 519 827 575 nodis
864 534 1014 575 zona:
1040 519 1160 590 ejus
1191 521 1442 576 muliebri
1498 523 1731 579 innexus
1758 538 1905 577 eram
1927 561 1943 587 ,
2003 522 2087 577 di-

498 615 574 670 ris
617 630 647 669 a
701 623 879 685 mysta
941 606 1132 669 nostro
1161 614 1631 670 exsecrationibus
1652 616 1960 685 adiuratus.
1994 616 2087 686 qui

496 723 622 762 cum
692 708 816 779 igne
850 708 1101 764 dissoluti
1154 718 1358 775 essent,
1416 723 1657 778 praeceps
1705 708 1830 763 inde
1854 707 1984 777 fugi.
2019 709 2105 762 At.

496 815 630 855 vero
663 798 794 869 quid
827 798 1020 854 faciam
1053 798 1380 868 Epiphanio,
1405 799 1498 869 qui
1546 799 1687 854 hanc
1718 799 1851 854 mihi
1885 798 2092 855 inferre

496 893 754 963 iujnriam
814 902 861 946 el
912 892 1278 946 calamitatem
1334 906 1524 958 ausus,
1580 908 1608 945 a
1697 892 1930 963 conjuge
2000 908 2088 948 me

496 1002 617 1041 mea
684 984 1209 1055 separavit?Ecce,
1272 982 1592 1055 Epiphani,
1656 985 1946 1041 adversum
2036 995 2088 1040 te

496 1074 850 1149 iiiipostetunt
880 1089 1125 1129 amarum
1155 1076 1247 1130 imi
1278 1077 1514 1143 pectoris
1557 1076 1658 1131 mei
1711 1075 1951 1132 furorem
2007 1076 2089 1130 ef-

496 1166 741 1233 fundam,
790 1165 1075 1220 adversum
1130 1177 1182 1222 te
1235 1165 1438 1221 bellum
1520 1167 1861 1237 implacabile
1914 1165 2093 1222 susci-

496 1261 664 1329 piam.
696 1261 1046 1316 Illucescente
1082 1258 1170 1314 die
1228 1268 1472 1330 postera,
1544 1261 1727 1315 statim
1792 1260 1907 1316 hac
1975 1260 2088 1314 visa

501 1352 835 1407 renuntiavit
887 1350 1193 1422 Epiphanio
1246 1352 1465 1418 mulier,
1490 1353 1584 1424 qui
1615 1353 1763 1408 illam
1795 1352 1995 1408 blando
2026 1368 2090 1407 ac

498 1444 695 1499 ridenti
723 1443 873 1499 vultu
908 1443 1184 1513 excipiens
1218 1461 1232 1498 :
1270 1444 1443 1499 Abeat
1474 1459 1626 1512 sane,
1682 1445 1881 1513 inquit,
1935 1443 2095 1499 abeat

493 1538 549 1591 in
602 1538 815 1591 vineam
880 1537 1095 1592 Domini
1158 1553 1295 1593 uvas
1347 1537 1652 1603 furaturus,
1702 1540 1800 1594 sed
1844 1540 2094 1609 quando-

489 1630 712 1700 quidem
772 1629 1039 1702 fugitivus
1093 1630 1205 1703 (49)
1245 1633 1351 1688 iste
1380 1631 1529 1689 illius
1559 1633 1774 1688 villicus
1827 1624 2089 1704 est,'quid

2192 526 2294 593 τῆς
2349 527 2628 599 ἀπελύθην
2656 526 2877 597 διαδρὰς
2910 527 3020 580 τῶν
3048 526 3280 583 ἐκεῖθεν.
3311 527 3447 581 Τίνα
3493 527 3553 580 δὲ
3582 543 3777 597 κατερ-

2192 619 2439 689 γάσομαι
2484 620 2565 689 τῷ
2603 619 2926 688 Ἐπιφανξῳ,
2981 617 3169 689 ἐπειδὴ
3217 618 3381 682 αὐτός
3415 635 3483 688 με
3526 618 3779 688 ἠδίκησε,

2197 714 2295 767 καὶ
2347 712 2523 768 ταῦτά
2583 729 2685 781 μοι
2735 711 3127 781 προεξένησεν,
3178 712 3530 783 ἀποχωρίσας
3583 729 3649 781 με
3682 711 3781 781 τῆς

2195 802 2432 873 συμσίου
2467 819 2569 872 μου
2601 820 2616 869 ;
2642 802 2846 867 Βλέπε,
2892 801 3204 869 Ἐπιφάνιῆ
3236 802 3381 857 κατὰ
3421 801 3515 856 σοῦ
3545 801 3655 873 ἔχω
3685 804 3782 855 ὲκ-

2194 896 2321 965 χέαι
2345 894 2446 965 τὴν
2479 893 2734 963 ἁλμυρὰν
2766 896 2970 965 μανίαν
2994 892 3097 963 τῆς
3129 892 3371 962 φιάλεώς
3397 893 3509 962 (48)
3543 910 3668 960 μου,
3691 891 3783 945 καὶ

2196 988 2337 1055 μετᾶ
2366 985 2462 1041 σοῦ
2489 986 2590 1058 τὴν
2626 988 2809 1058 μάχην
2835 988 3161 1059 ποιήσομαι.
3204 988 3269 1040 'H
3299 987 3355 1039 δὲ
3379 987 3539 1057 γυνὴ,
3568 986 3783 1058 πρωῖας

2195 1080 2516 1151 γενομένης,
2542 1080 2611 1134 τὰ
2643 1080 2911 1149 ὁραθέντα
2940 1083 3077 1151 αὐτῇ
3110 1081 3325 1134 ἅπαντα
3353 1080 3677 1152 ἀνήγγειλεν
3705 1080 3784 1147 τῷ

2207 1171 2555 1241 Ἐπιφανίῳ⁶
2613 1173 2641 1225 ὁ
2682 1171 2741 1225 δὲ
2785 1171 3029 1234 ἀκούσας
3088 1171 3264 1226 ταῦτα
3316 1173 3633 1242 spectatas,
3692 1170 3784 1223 καί

2194 1281 2363 1334 φησιν
2391 1279 2406 1294 ⁸
2436 1264 2565 1328 Ναὶ,
2598 1266 2710 1330 ναὶ,
2761 1264 3022 1318 ἀπελθεῖν
3052 1264 3168 1335 ἔχει
3221 1267 3300 1328 εἲς
3346 1264 3439 1318 τὸν
3482 1264 3787 1334 ἀμπελῶνα
3824 1305 3843 1321 .

2195 1357 2399 1428 Κυρίου
2457 1355 2555 1410 τοῦ
2605 1357 2798 1424 κλέψαι
2853 1357 3154 1429 σταφυλὴν,
3210 1356 3427 1419 ἀλλ’ὡς
3476 1357 3718 1426 ὑπάρχει
3750 1357 3779 1407 ὁ

2193 1450 2474 1520 δραγάτης
2498 1449 2756 1520 χωρικὸς,
2797 1448 2851 1502 τί
2882 1448 2996 1519 ἔχει
3031 1448 3285 1517 γενέσθαι
3323 1467 3339 1516 ;
3393 1448 3482 1501 ’Ev
3504 1447 3582 1519 τῷ
3620 1446 3781 1517 τετλῳ

2196 1543 2420 1605 πάντως
2473 1541 2640 1595 αὐτὸν
2692 1541 3056 1611 ἁσφοιλίσεται
3084 1541 3246 1603 αὐτόν
3287 1558 3298 1571 ·
3336 1541 3639 1611 ἐπίσταμαι
3677 1540 3779 1612 τὰς

2199 1636 2296 1688 καὶ
2326 1634 2424 1688 τοῦ
2457 1633 2832 1704 φυλάσσοντος
2865 1650 2933 1704 με
2962 1634 3061 1702 τὴν
3087 1634 3333 1705 δύναμιν.

490 1718 888 1777 Πειῖοηιηὶηο
915 1722 999 1776 vel
1027 1722 1167 1777 tituli
1199 1738 1363 1779 causa
1396 1723 1571 1794 ipsam
1598 1723 1918 1780 custodiet:
1946 1724 2070 1778 novi
2117 1725 2323 1797 quippe
2350 1736 2554 1796 quanta
2588 1726 2663 1781 sit
2718 1725 3004 1796 illius,,qui
3056 1741 3143 1782 me
3186 1735 3477 1783 conservat
3516 1727 3779 1796 potentia.

1895 1864 2128 1920 CAPUT
2173 1861 2363 1920 XVIII.

490 1982 623 2050 Qum
639 1982 780 2036 circa
798 1981 1075 2036 mulierem
1110 1993 1159 2035 et
1180 1979 1543 2051 Epiphaniam
1578 1991 1702 2035 acta
1734 1981 1798 2035 ab
1835 1982 2048 2104 ﬁndrea
2075 1985 2322 2066 sciuntur
2340 1994 2388 2038 et
2421 1995 2539 2051 apte
2574 1984 2913 2063 explicantur
2939 2000 2957 2039 :
2982 1986 3094 2039 alia
3128 1987 3373 2063 quaedam
3402 1987 3517 2055 ejus
3533 1985 3776 2053 obscura,

1777 2068 1831 2104 88
1899 2064 2163 2104 samentm
2202 2070 2475 2104 responsa.

1777 2064 1866 2105 sed
1899 2064 2163 2121 saptentta
2202 2070 2475 2124 responsa.

558 2170 684 2225 I56;
733 2168 902 2226 Nocte
952 2170 1229 2241 quadam,
1282 2171 1357 2225 ita
1408 2170 1755 2240 permittente
1817 2169 2083 2237 Domino,

2268 2171 2412 2242 ρλς’.
2441 2172 2553 2226 Καὶ
2580 2174 2645 2242 τῇ
2692 2171 2869 2232 νυκτὶ,
2922 2169 3385 2243 παραχωροῦντος
3420 2169 3512 2222 τοῦ
3550 2170 3774 2242 Κυρίου,

488 2264 786 2333 assumpsit
846 2263 1097 2319 diabolus
1144 2264 1435 2333 plurimam
1509 2279 1696 2320 secum
1762 2263 2080 2320 daemonum

487 2354 829 2409 rutilantium
861 2354 930 2409 ab
953 2355 1076 2424 igne
1102 2361 1362 2418 turmam,
1390 2369 1456 2410 ac
1484 2364 1708 2426 repente
1755 2355 2082 2426 intempesta

487 2447 666 2501 noctis
723 2445 857 2499 hora
888 2447 1043 2500 adest
1076 2445 1380 2516 Epiphanio
1401 2447 1697 2502 dormienti
1734 2464 1749 2503 :
1787 2448 1905 2518 qui,
1958 2463 2087 2519 ape-

488 2540 666 2595 riente
692 2541 741 2593 ei
766 2553 927 2595 aures
952 2540 1207 2605 Domino,
1240 2542 1480 2612 percepit
1512 2542 1697 2596 statim
1745 2542 2086 2597 tumultuan-

487 2636 599 2686 tem
661 2629 1069 2687 advenientium
1111 2640 1422 2698 catervam,
1470 2633 1607 2688 nihil
1677 2642 1857 2689 tamen
1907 2634 1961 2688 in
2024 2649 2084 2690 se

489 2723 704 2779 timoris
734 2724 1061 2780 motionisvc
1089 2725 1381 2794 persensit,
1404 2732 1591 2795 utpote
1626 2725 1780 2780 firma
1832 2726 1884 2779 in
1914 2725 2082 2780 Deum

486 2818 686 2872 fiducia
737 2816 1012 2873 suffultus.
1064 2815 1395 2888 Inceperunt
1463 2818 1651 2887 itaque
1709 2818 1894 2889 ignei,
1945 2833 2085 2888 quos

486 2909 623 2975 dixi,
654 2907 934 2965 daemones
982 2908 1217 2964 lascivas
1250 2907 1559 2981 Epiphanio
1584 2911 1949 2981 cogitationes
2002 2913 2088 2964 in-

483 3004 678 3074 jicere,
700 3011 753 3058 et
778 3002 926 3058 carni
956 3002 1277 3059 inhonestae
1301 3001 1546 3058 libidinis
1579 3002 1723 3059 faces
1742 3003 2036 3059 admovere
2065 3019 2079 3055 :

490 3110 614 3166 quas
643 3105 848 3165 quanta
898 3110 1020 3150 cum
1053 3093 1311 3164 patientia
1344 3093 1653 3163 perferebat
1687 3094 2082 3164 pudicissimus

488 3188 828 3254 adolescens,
887 3197 1033 3241 tanta
1084 3202 1208 3240 cum
1239 3186 1439 3241 ﬁducia
1494 3187 1731 3242 divinam
1760 3202 1916 3257 Opem
1943 3202 2084 3258 prae-

485 3279 812 3335 stolabatur.
858 3277 1209 3348 Apparebant
1262 3285 1444 3332 autem
1476 3277 1742 3332 feracium
1773 3277 2080 3332 belluarum

485 3371 679 3427 formis
729 3370 1040 3436 daemones,
1105 3368 1327 3439 quidam
1399 3370 1453 3423 in
1505 3368 1653 3425 feras
1705 3370 2079 3426 transformati

487 3477 751 3523 terrorem
801 3464 1047 3519 incutere
1089 3464 1429 3528 nitebantur,
1485 3464 1709 3534 quidam
1794 3468 2077 3535 assumpta

2190 2263 2626 2334 παραλαμϐάνει
2674 2266 2701 2317 ὁ
2767 2262 3034 2324 διάϐολος·
3061 2261 3181 2330 μετ’
3224 2262 3388 2315 αὐτοῦ
3432 2261 3636 2331 πλῆοος
3669 2263 3779 2316 τῶν

2188 2357 2544 2426 φλεγομένων
2593 2353 2823 2426 πυρρῶν
2877 2354 3176 2423 δαιμόνων,
3235 2354 3331 2407 καὶ
3370 2354 3656 2409 ἐπιπίπτει
3701 2354 3780 2423 τῷ

2205 2446 2513 2517 Ἐπιφανὶῳ
2562 2446 2873 2499 καθεύδοντι
2922 2445 3044 2517 ὥρᾳ
3095 2445 3450 2516 μεσονυκτίου
3478 2462 3494 2479 °
3547 2448 3779 2517 διήνοιξε

2188 2539 2246 2593 δὲ
2284 2543 2312 2593 ὁ
2342 2539 2478 2603 Θεὸς
2509 2540 2611 2602 τὰς
2658 2541 2828 2603 ἀκοὰς
2880 2538 2975 2592 τοῦ
3013 2539 3223 2603 παιδὸς,
3287 2542 3382 2592 καὶ
3427 2542 3630 2613 ῆ;.ουσε
3683 2542 3781 2612 τῆς

2185 2630 2533 2703 ὀχλαγωγίας
2566 2630 2769 2695 αὐτῶν,
2824 2630 2919 2683 καὶ
2960 2631 3084 2685 οὐδ’
3141 2632 3280 2696 ὅλως
3336 2631 3726 2703 παρεσαλεύοη
3760 2648 3775 2665 ·

2190 2723 2411 2793 στερεὸς
2457 2724 2567 2794 γὰρ
2600 2719 2671 2795 ἦν
2713 2727 2781 2796 τῇ
2819 2725 2901 2788 εἰς
2950 2724 3085 2777 Θεὸν
3112 2725 3464 2797 πεποιθήσει.
3504 2724 3778 2795 Ἤρξαντο

2185 2815 2280 2869 οὖν
2314 2817 2363 2869 οἱ
2387 2815 2635 2887 πύρακες
2663 2814 2918 2885 δαίμονες
2947 2817 3028 2881 εἰς
3056 2818 3287 2889 αἰσχρὰς
3311 2817 3521 2881 ἐννοίας
3553 2820 3644 2871 καὶ
3677 2818 3778 2887 τῆς

2188 2908 2394 2979 σαρκὸς
2445 2906 2694 2979 πύρωσιν
2743 2908 3112 2976 καταφλέγειν
3165 2910 3350 2965 αὐτόν.
3392 2910 3448 2962 Ὀ
3480 2909 3535 2963 δὲ
3580 2912 3779 2980 σεμνό·

2184 3018 2347 3066 τατος
2397 2996 2466 3072 ἦν
2513 2999 2820 3071 ὑπομένων,
2876 2999 2969 3052 καὶ
3002 2999 3094 3054 τὸν
3146 3000 3282 3055 Θεὸν
3323 3001 3774 3072 προσδεχόμενος.

2198 3093 2566 3164 Ἐθεωροῦντο
2598 3089 2692 3146 οὖν
2718 3094 2767 3145 οξ
2796 3091 3070 3163 ἀλιτήριοι
3096 3107 3109 3121 ⁶
3146 3096 3195 3147 οἱ
3233 3094 3334 3165 μὲν
3359 3095 3434 3157 ὡς
3470 3097 3634 3165 υηρὲα
3681 3111 3780 3164 με·

2194 3187 2738 3259 τασχηματισθέντες
2777 3187 3009 3255 ἐφόϐουν
3036 3188 3203 3242 αὐτόν
3238 3204 3250 3218 ·
3284 3188 3433 3243 ἄλλοι
3455 3188 3511 3243 δὲ
3540 3188 3615 3254 ὡς
3645 3190 3779 3260 spe.

2184 3297 2394 3344 κοντες,
2428 3279 2522 3333 καὶ
2548 3277 2732 3344 λύκοι,
2762 3280 2858 3331 καὶ
2894 3278 3145 3348 σκορπίοι
3183 3277 3387 3350 ὥρμων
3450 3279 3543 3333 ἐπὶ
3570 3280 3630 3333 τὸ
3676 3298 3777 3335 κει-

2182 3370 2462 3439 ταφαγείν
2514 3367 2718 3422 αὐτόν’
2757 3368 2848 3422 καὶ
2897 3367 3087 3433 ἁπλῶς
3144 3370 3340 3437 εἰπεῖν,
3383 3371 3496 3424 ἴσοι
3549 3372 3778 3440 δυνάμει

2182 3460 2483 3530 ἐκέχρηντο
2515 3458 2811 3528 ὲξειρόῦουν
2847 3459 3030 3513 αὐτόν.
3083 3460 3233 3514 Ἰδὼν
3275 3461 3331 3515 δὲ
3366 3461 3464 3534 τὴν
3497 3463 3778 3518 ἀναίδειαν

482 3557 767 3623 draconis,
805 3556 938 3627 lupi,
977 3554 1284 3626 sem-pinnis
1337 3554 1541 3624 specie,
1579 3569 1776 3626 magno
1828 3570 1953 3611 cum
1982 3555 2084 3609 im-

2189 3552 2394 3619 αύτῶν,
2449 3551 2558 3624 ἔφη
2590 3569 2604 3583 ο
2654 3551 2874 3624 Ἐπειδὴ
2908 3552 3020 3625 ὁρῶ
3064 3553 3209 3624 ὑμᾶς
3247 3556 3334 3608 ὅτι
3372 3556 3777 3626 ματαιοκοποὺ-

481 3662 610 3725 petu
647 3642 952 3714 irruebant,
996 3650 1153 3720 quasi
1178 3649 1523 3715 devoraturi,
1551 3657 1722 3719 utque
1767 3648 2082 3704 summatim

2191 3660 2348 3715 μενοι
2381 3644 2596 3698 θλίϐετέ
2632 3662 2720 3715 με,
2754 3645 2868 3700 ἰδοὺ
2905 3642 3142 3717 ἁρπάζω
3170 3646 3229 3700 τὸ
3255 3646 3428 3716 ξίφος,
3454 3648 3592 3718 ὅπερ
3629 3665 3720 3717 μοι
3750 3648 3780 3700 ὁ

484 3747 689 3811 dicam.
728 3743 865 3801 nihil
916 3758 1027 3800 non
1078 3744 1330 3814 agebant,
1378 3758 1489 3813 quo
1541 3742 1929 3814 perturbarent
1951 3745 2084 3797 ado-

2189 3735 2396 3806 Κύριος
2428 3736 2762 3808 ἐδωρήσατο,
2791 3740 2885 3792 καὶ
2910 3737 3168 3809 κινοῦμαι
3197 3739 3318 3793 καθ’
3342 3738 3496 3809 ὑμῶν
3516 3756 3529 3769 ·
3561 3741 3653 3793 καὶ
3682 3742 3780 3793 σὺν

480 3840 798 3914 lescentem.
838 3836 941 3905 Qui
996 3845 1288 3908 conspecta
1318 3835 1587 3890 malorum
1636 3834 1946 3891 daemonum
1997 3834 2084 3887 in-

2189 3827 2269 3897 τῷ
2296 3828 2440 3900 λόγῳ
2462 3830 2611 3901 αἴρει
2640 3830 2740 3894 τὰς
2770 3831 2960 3902 χεῖρας
2990 3830 3158 3885 αὐτοῦ
3190 3830 3325 3903 πρὸ;
3356 3831 3450 3887 τὸν
3478 3830 3612 3885 Θεὸν
3635 3832 3780 3902 μετᾶ

482 3933 715 3990 solentia
746 3948 761 3987 :
797 3930 1093 3998 Quoniam,
1154 3929 1353 4000 inquit,
1392 3929 1548 3984 video
1605 3942 1703 3984 vos
1754 3927 1810 3982 in
1874 3942 2076 3982 vanum

480 4026 774 4092 laborare,
825 4022 1043 4094 amigite
1098 4038 1208 4087 me,
1269 4037 1368 4093 per
1405 4036 1493 4077 me
1540 4021 1704 4084 licet,
1754 4034 1883 4076 ecce
1931 4020 2079 4075 enim

480 4117 639 4189 capio
701 4115 942 4187 gladium
974 4130 1136 4185 quem
1206 4113 1471 4169 Dominus
1502 4112 1634 4167 mihi
1671 4112 1935 4181 elargitus
1973 4119 2078 4173 cst,

478 4225 719 4280 eumque
759 4209 813 4262 in
870 4222 966 4262 vos
1011 4215 1291 4262 converto.
1348 4205 1522 4260 Simul
1558 4205 1672 4260 haec
1731 4204 1888 4268 dixit,
1914 4203 2080 4259 simul

488 4301 557 4356 ad
614 4300 783 4357 Deum
849 4314 1046 4355 manus
1076 4314 1203 4354 cum
1237 4297 1493 4368 Iacrymis
1546 4297 1763 4361 tollens,
1796 4294 2073 4350 Psalmum

480 4406 689 4446 nonum
744 4404 975 4446 exorsus
1045 4398 1166 4454 est;
1214 4402 1451 4459 cumque
1506 4387 1687 4442 illuc:
1734 4384 2080 4456 «Increpasti

480 4492 694 4554 gentes,
742 4493 795 4538 et
856 4482 1020 4554 periit
1046 4483 1267 4552 impius,
1294 4496 1492 4537 nomen
1525 4480 1643 4551 ejus
1675 4479 1867 4536 delesti
1894 4520 1907 4546 ,
1940 4496 1959 4529 ι
1992 4488 2083 4534 et:

485 4598 504 4631 ι
543 4576 755 4632 Inimici
801 4577 1123 4633 defecerunt
1149 4576 1370 4633 framea:
1401 4577 1456 4631 in
1486 4576 1672 4642 tinem,
1704 4594 1722 4628 ι
1761 4583 1854 4630 et:
1888 4593 1907 4625 ι
1943 4571 2083 4630 Per-

478 4673 542 4728 iit
589 4673 852 4730 memoria
914 4670 1035 4741 ejus
1084 4685 1210 4726 cum
1264 4671 1493 4727 sonitu:
1544 4688 1562 4724 ι
1608 4684 1758 4730 ουηι.
1826 4669 2079 4739 inquam,

2183 3921 2464 3994 δακρύων,
2496 3924 2592 3977 καὶ
2617 3923 2824 3996 ἤρξατο
2853 3924 2945 3979 τὸν
2973 3924 3196 3980 ἔννατον
3243 3925 3461 3995 ψαλμόν
3490 3941 3505 3954 ’
3549 3927 3642 3979 καὶ
3686 3925 3779 3980 ὅτε

2181 4012 2348 4088 ἦλθεν
2370 4019 2450 4081 εἰς
2485 4016 2569 4083 τὸ,
2604 4036 2624 4071 ι
2671 4017 3055 4091 Ἐπετίμησας
3086 4019 3290 4083 ἔθνεσι,
3324 4023 3418 4073 καὶ
3471 4002 3780 4074 ἀπώλετοὸ
3869 4058 3875 4064 ο

2183 4110 2410 4182 ἀσεϐὴς,
2428 4110 2490 4165 τὸ
2507 4110 2680 4182 ὅνομα
2695 4109 2864 4166 αὐτοῦ
2882 4111 3172 4183 ἐξήλειψας
3196 4130 3209 4143 ο
3232 4131 3252 4164 ι
3277 4113 3424 4177 statu
3451 4113 3557 4166 ’1ὀῦ
3581 4112 3779 4184 ἐχθροῦ

2184 4202 2432 4268 ἐξέλιπον
2460 4206 2517 4261 αἱ
2540 4207 2812 4276 ῥομφαῖαι
2842 4207 2922 4269 εἰς
2951 4206 3103 4269 τέλος
3124 4222 3138 4235 ·
3165 4224 3184 4258 ι
3209 4206 3324 4273 καὶ,
3357 4225 3376 4258 ι
3400 4207 3675 4261 Ἀπώλετο
3715 4209 3778 4260 τὸ

2187 4296 2536 4365 μνημόσυνον
2563 4294 2728 4349 αὐτοῦ
2763 4295 2882 4367 μετ’
2916 4296 3052 4368 ἤχου
3085 4313 3098 4327 ο
3130 4315 3148 4349 ι
3178 4298 3389 4366 γίνεται
3419 4299 3574 4368 ἄφνω
3594 4299 3657 4351 ὲκ
3681 4297 3777 4351 τοῦ

2185 4386 2420 4457 οὐρανοῦ
2469 4382 2628 4458 ἦχος,
2687 4390 2779 4442 καὶ
2820 4389 2931 4443 ῑδοὺ
2983 4389 3184 4459 σαγιτα
3235 4390 3346 4461 (50)
3377 4391 3453 4455 ὡς
3495 4389 3774 4461 ἀστραπὴ,

2190 4483 2287 4535 καὶ
2322 4480 2708 4552 διεσκόρπισεν
2745 4482 2996 4549 ἅπαντας
3040 4484 3346 4554 κράζοντας
3389 4488 3451 4541 τὸ
3486 4464 3629 4545 οὐαί.
3665 4490 3779 4542 Καὶ

2188 4573 2365 4638 οὓτως
2401 4573 2742 4644 ἀπαλλαγεὶς
2793 4574 2977 4633 αὐτῶν
3027 4575 3371 4646 Ἐπιφάνιος,
3414 4578 3635 4643 ἐδόξασα
3682 4576 3778 4632 τὸν

2195 4667 2349 4734 Θεὸν,
2384 4667 2467 4731 εις
2490 4668 2550 4722 ὃν
2575 4669 2877 4739 κατέφυγε,
2915 4671 3009 4724 καὶ
3034 4670 3099 4724 οὗ
3130 4669 3508 4742 κατῃσχύνθη.

479 4759 608 4823 illuc
640 4767 1016 4837 pervenisset,
1055 4771 1281 4833 repente
1325 4763 1554 4818 .sonitus
1574 4762 1641 4817 de
1660 4761 1801 4819 ctelo
1854 4761 2079 4815 auditus
2111 4768 2216 4823 est,
2238 4759 2588 4830 demissaque
2616 4776 2723 4816 non
2746 4762 2966 4832 segnius
3017 4761 3248 4818 fulmine
3294 4764 3491 4835 sagitta
3535 4762 3774 4832 dissipa-

478 4864 555 4916 vit
613 4860 925 4926 universos,
978 4857 1250 4914 familiare
1281 4873 1470 4923 suum,
1509 4856 1618 4923 Vae,
1672 4856 2097 4913 lamentabiliter
2136 4864 2465 4927 repetentes.
2488 4855 2668 4927 Atque
2697 4856 2770 4911 ita
2830 4856 3292 4914 machinamentis
3343 4859 3563 4933 illorum
3622 4858 3766 4914 libe-

477 4969 631 5014 ratus
675 4954 1033 5026 Epiphanius,
1086 4952 1313 5021 gloriam
1367 4951 1622 5007 retribuit
1653 4951 1786 5017 Deo,
1818 4952 1886 5006 ad
1913 4967 2074 5022 quem
2110 4948 2455 5020 confugerat,
2487 4961 2543 5006 et
2570 4966 2682 5007 non
2707 4959 2793 5008 est
2822 4950 3110 5007 confusus.

554 5053 682 5110 157.
736 5052 988 5107 Diluculo
1040 5051 1241 5115 statim_
1272 5050 1339 5105 ad
1374 5048 1436 5106 Β.
1495 5051 1768 5106 Andream
1802 5049 2082 5105 contendit

2264 5048 2395 5119 ρλζ’ρ
2448 5049 2673 5121 Πρωΐας
2704 5048 2764 5103 δὲ
2793 5050 3117 5119 γενομένης,
3160 5049 3456 5121 ἐπορεύετο
3477 5052 3506 5104 ὁ
3540 5052 3776 5118 Ἐπιφά-

483 5146 845 5220 Epiphanius,
909 5144 1012 5199 hac
1034 5158 1200 5215 super
1232 5158 1290 5199 re
1318 5143 1466 5200 illius
1517 5158 1739 5199 sensum
1768 5144 2074 5214 exquisitu-

2189 5162 2290 5209 νιος
2342 5145 2481 5216 πρὸς
2521 5145 2582 5198 τὸ
2628 5141 2963 5215 ἀναζητῆσαι
3005 5143 3099 5198 τὸν
3149 5145 3418 5216 μακάριον
3490 5144 3773 5213 Ἀνδρέαν,

482 5255 618 5305 res,
671 5247 728 5295 at
779 5237 835 5292 in
898 5236 1182 5292 mulierem
1227 5237 1542 5308 prtedictam
1574 5237 1724 5308 prius
1756 5237 1966 5304 incidit,
1995 5237 2076 5291 sic

2189 5241 2276 5292 καὶ
2307 5239 2542 5308 συναντᾷ
2569 5237 2722 5307 αὐτῷ
2747 5237 2944 5307 ἐκείνῳ
2970 5236 3031 5289 τὸ
3061 5237 3285 5305 γύναιον
3309 5237 3401 5289 καί
3418 5253 3583 5306 φησιν
3611 5254 3623 5268 ’
3653 5235 3773 5289 Νῦν

481 5349 606 5391 eum
639 5331 998 5404 appellantem
1030 5328 1225 5385 :Nunc
1246 5345 1374 5386 vere
1412 5329 1548 5396 scio,
1571 5329 1917 5401 ,contrivisse
1965 5329 2077 5385 Do-

2189 5328 2299 5386 ῡῖδα
2330 5329 2569 5396 ἀληθῶς,
2598 5329 2684 5383 ὅτι
2713 5328 2803 5381 διὰ
2833 5327 2928 5381 σοῦ
2952 5328 3079 5391 τοὺς
3111 5326 3341 5401 ἐχθρούς
3379 5346 3481 5399 μου
3512 5328 3717 5391 πάντας
3745 5330 3775 5381 ὀ

2181 5526 2305 5565 mox
2366 5510 2507 5566 infra
2563 5512 2750 5568 eadem
2794 5511 2962 5566 verba
3023 5514 3239 5582 repetit,
3281 5520 3543 5581 tanquam
3597 5508 3666 5563 de
3713 5523 3779 5564 se

2178 5582 2321 5636 dieta
2361 5583 2430 5638 ab
2467 5583 2791 5651 Epiphanio.

2250 5655 2364 5724 (50)
2434 5653 2645 5722 Σαγίτα
2678 5653 2853 5724 posui
2909 5666 3029 5723 ego,
3088 5663 3151 5708 ut
3208 5652 3615 5724 congruentius,
3670 5664 3779 5719 pro

2179 5722 2395 5795 σαγίνη,
2422 5724 2499 5778 uti
2540 5741 2642 5779 ms.
2677 5723 2879 5797 Vatis,
2911 5722 2965 5779 et
3000 5727 3233 5797 σαγήνη,
3260 5729 3338 5781 uti
3366 5722 3506 5778 Μαι.
3531 5722 3720 5794 legunt
3752 5739 3769 5776 :

2180 5797 2294 5852 hzec
2314 5796 2461 5851 enim
2492 5805 2574 5852 est
2603 5795 2804 5867 navigii
2840 5811 3035 5867 genus.

553 5513 667 5587 (48)
729 5512 972 5587 Φιὰλεως
1036 5511 1477 5587 recurrit_num.
1533 5510 1657 5566 157.
1724 5509 1823 5587 his.
1867 5507 2069 5587 Mazar.

480 5580 681 5656 φιάλης
748 5584 963 5656 phiala,
988 5583 1165 5652 poculi
1194 5593 1213 5633 :
1246 5580 1335 5635 hic
1372 5592 1556 5656 autem
1591 5595 1692 5656 pro
1733 5581 1813 5656 ira
1875 5582 2072 5649 accipi-

483 5651 571 5709 tur
601 5651 1116 5725 {quemadmodum
1173 5665 1316 5719 saepe
1369 5651 1423 5704 in
1460 5651 1784 5725 Apocalypsi
1817 5666 1966 5725 _cap.
2002 5666 2070 5706 xv

484 5734 537 5779 et
568 5720 824 5792 deinceps
848 5723 1205 5778 nominantur
1226 5730 1431 5789 septem
1462 5720 1784 5792 phialaz'irae
1814 5720 1926 5777 Dei.

568 5741 760 5779 oetnce
798 5741 824 5779 S
848 5741 1205 5778 nominantur
1226 5741 1431 5789 SEPICIII
1462 5741 1659 5792 putaui:
1688 5741 1784 5777 II'EB
1814 5741 1926 5777 υρι.

558 5792 670 5861 (49)
736 5741 1059 5879 I‘PugitivusA
1089 5792 1408 5879 intelligitur
1465 5797 1580 5864 ipse
1648 5794 1915 5863 Andreas,
1972 5792 2067 5864 qui
