4090 6394
380 353 489 435 τις)

1603 367 1781 429 VITA
1818 370 1879 430 S.
1925 370 2251 431 ANDREIE
2288 371 2475 434 SALL

3574 368 3682 435 786

373 469 511 532 Θεδς
539 467 885 524 ἐθανάτωσεν
909 486 924 501 ·
948 471 1045 527 καὶ
1071 474 1394 547 ἀνήγγειλεν
1421 479 1573 552 αὗτῷ
1602 485 1675 538 τὰ
1705 485 1962 557 ὁραθέντα

2083 486 2300 541 minum
2356 502 2456 557 per
2521 496 2572 542 te
2616 502 2808 545 omnes
2860 487 3114 546 inimicos
3166 501 3358 543 meos:
3404 487 3680 558 simulque

374 562 517 633 αὐτῇ
543 560 635 616 διὰ
661 563 764 633 τῆς
793 563 1011 627 νυκτός.
1044 566 1159 647 Καὶ
1182 569 1339 638 λέγει·
1364 571 1505 646 αὐτῇ
1547 575 1576 628 6
1615 575 1933 647 Ἐπιφάνιος
1961 595 1976 612 δ

385 653 453 708 Ἦ
481 653 666 717 πίστις
704 670 801 709 σου
829 656 862 728 ή
896 644 1077 730 ἀγαοῆ
1104 660 1278 716 ταῦτα
1311 644 1502 717 πάντα
1527 683 1610 720 σοι
1640 644 1935 739 ἐπορίσατο
1960 687 1975 703 ο

378 746 502 798 ἐπεὶ
525 745 689 815 ἡμεῖς
709 744 992 817 ἄνθρωποι
1023 750 1340 823 ἁμαρτωλοί
1364 756 1553 825 ἐσμεν,
1607 757 1856 831 δεόμενοι
1881 760 1976 815 τοῦ

372 838 563 901 ἐλέους
598 837 833 909 Κυρίου.
875 839 1046 895 Τοῦτο
1080 845 1322 916 εἰρηκὼς
1350 849 1694 923 ἀνεχώρησε,
1725 854 1820 908 καὶ
1852 872 1977 909 συν-

375 932 515 1003 αντᾷ
557 931 652 984 τὸν
704 933 982 1003 μακάριον
1033 936 1294 1012 Ἀνδρέαν
1326 941 1643 1014 ἔμπροσθεν
1693 946 1803 1001 τῶν
1831 946 1978 1003 Χαλέ-

370 1026 720 1096 κοπρατείων
750 1026 863 1100 (51)
894 1031 1159 1096 παίζοντα
1185 1036 1282 1089 κει)⁸
1311 1037 1548 1094 σάσοντα
1582 1041 1716 1112 (52).
1751 1044 1864 1098 Καὶ
1897 1046 1974 1110 ὡς

370 1113 777 1205 {deducto-16v
804 1119 1148 1190 Ἔπιφάνιον,
1178 1120 1307 1198 ἦλθε
1355 1130 1493 1200 πρὸς
1541 1132 1705 1187 αὑτὸν
1752 1134 1976 1205 μειδιῶν

376 1200 452 1273 τῷ
490 1203 776 1294 πρρσώπῳ
807 1207 905 1261 καὶ
928 1210 1379 1286 εὐφραινόμενος.
1409 1217 1613 1290 Ἐγγὺς
1647 1222 1707 1276 δέ
1740 1200 1973 1294 γενόμε-

270 1295 282 1309 ’
343 1284 483 1361 ’δὀς,
529 1289 709 1387 εἶπεν,
764 1294 919 1366 Εἶδες
963 1303 1057 1359 τὸν
1085 1284 1366 1382 δραγάτην
1400 1284 1535 1379 πῶς-
1562 1284 1829 1387 ιρυλάσσει
1873 1284 1972 1372 ἰτὸν

373 1385 681 1456 ἀμπελῶνα
726 1390 958 1463 Κυρίου,
1001 1395 1097 1450 καὶ
1147 1399 1265 1463 πῶς
1306 1385 1687 1471 ἑκδιώκειγτάς
1720 1406 1971 1478 κορώνας

373 1480 471 1534 καὶ
499 1480 626 1541 τοὺς
655 1482 904 1554 κόρακας
931 1503 949 1552 ;
990 1487 1156 1558 Λέγει
1188 1493 1216 1547 6
1247 1490 1569 1566 Ἐπιφάνιος
1602 1514 1619 1531 ·
1688 1500 1971 1573 Ἐθαμόἠο

370 1572 496 1645 θην,
522 1573 727 1647 Πάτερ,
758 1576 879 1633 λίαν
911 1595 927 1611 ·
959 1580 1258 1650 extrema;
1304 1588 1537 1661 πυρρῶν
1571 1572 1845 1665 δαιμόνων
1875 1595 1968 1651 τὸν

375 1662 661 1734 καύσωνα,
695 1671 791 1723 καὶ
821 1671 921 1725 ὅσα
943 1672 1096 1729 δεινά
1123 1693 1217 1747 μοι
1239 1678 1308 1732 τά
1337 1678 1505 1752 Θηρία
1540 1683 1634 1737 καὶ
1663 1662 1733 1739 τὰ
1756 1686 1970 1759 ἑρπετά

369 1759 475 1812 σὺν
489 1762 606 1825 τοῖς
629 1760 840 1828 λοιποῖς
864 1766 1204 1835 ἐνεδείξαντο
1236 1787 1251 1838 ;
1297 1767 1358 1825 '0
1390 1775 1665 1846 μακάριος
1710 1777 1813 1849 ἔφη
1837 1795 1852 1807 ’
1883 1780 1966 1834 Τὰ

2086 579 2323 648 aperuit,
2377 591 2711 651 qurenocte
2761 581 2853 638 illa
2882 596 2981 652 per
3022 581 3288 638 visionem
3326 589 3675 651 cognoverat.

2085 672 2186 727 Cui
2232 670 2571 743 Epiphanius
2604 690 2617 727 :
2651 675 2917 731 Praeclara
2950 674 3082 731 fides
3105 682 3199 729 tua
3239 675 3354 728 haec
3387 671 3485 727 tibi
3538 672 3679 727 bona

2085 767 2415 836 apportavit,
2467 780 2569 822 nos
2603 767 2749 823 enim
2776 766 2971 823 miselli
3015 775 3332 835 peccatores
3350 780 3559 825 sumus.
3592 764 3678 818 di-

2081 858 2224 913 vinae
2278 856 2651 913 miserationis
2703 873 2922 928 semper
2977 858 3171 929 indigi.
3220 857 3333 913 Nec
3382 856 3538 924 plura
3582 856 3681 911 ad-

2079 949 2238 1019 dens,
2271 949 2416 1004 viam
2458 965 2617 1005 suam
2645 959 2970 1022 prosecutus
3021 961 3103 1007 est
3132 967 3148 1004 :
3176 965 3409 1021 moxque
3452 949 3676 1005 obvium

2079 1040 2246 1100 habet
2305 1043 2368 1097 B.
2399 1040 2698 1111 Andream,
2739 1044 2806 1099 ad
2837 1045 3062 1102 aerarias
3103 1043 3348 1100 oliicinas
3385 1057 3540 1099 more
3573 1057 3678 1098 suo

2076 1138 2357 1195 ludentem
2411 1150 2466 1196 et
2517 1141 2894 1197 calcitrantem
2925 1156 2940 1195 :
2974 1139 3067 1208 qui
3101 1148 3159 1194 ut
3212 1137 3519 1194 venientem
3548 1136 3677 1206 Epi-

2076 1233 2338 1302 phanium
2369 1233 2679 1305 conspexit,
2713 1234 2907 1289 leniter
2934 1232 3121 1289 ridens
3163 1232 3510 1303 gestiensque
3540 1229 3679 1284 lanti-

2070 1325 2172 1391 tia,
2239 1340 2470 1398 propere
2514 1328 2777 1395 accurrit,
2833 1341 2897 1383 ac
2948 1341 3117 1398 prope
3175 1334 3409 1382 astans:
3449 1323 3677 1380 Vidisti-

2074 1434 2164 1487 ne,
2218 1421 2414 1494 inquit,
2471 1419 2756 1493 fugitivum
2816 1420 2990 1486 illum,
3060 1417 3334 1488 quomodo
3397 1413 3677 1471 custodiat

2074 1512 2290 1568 vineam
2344 1513 2579 1582 Domini,
2631 1512 2910 1584 quomodo
2970 1511 3222 1567 cornices
3265 1519 3430 1577 atque
3481 1519 3678 1562 corrc-.8

2074 1607 2311 1663 arceat?
2354 1606 2667 1677 Respondet
2717 1604 3102 1677 Epiphanius:
3143 1599 3465 1659 Contremui
3513 1598 3678 1653 vehe-

2074 1707 2305 1767 menter,
2357 1701 2433 1754 mi
2481 1697 2644 1756 Pater
2681 1716 2699 1755 :
2736 1714 2927 1754 verum
2977 1696 3198 1753 nostine
3238 1695 3522 1766 igneorum
3566 1690 3676 1746 da:—

2073 1805 2297 1846 monum
2331 1802 2522 1848 contra
2555 1806 2642 1847 me
2668 1798 2925 1847 conatum
2954 1798 3007 1845 et
3028 1786 3384 1860 gravissimas
3404 1783 3670 1845 ferarum,

376 1848 548 1904 πλείω
599 1852 884 1910 τούτων-ό
926 1856 1137 1929 Κύριος
1168 1861 1538 1931 ἡλάττωσεν¹ο·
1563 1867 1746 1922 καίτοι
1796 1872 1846 1923 εί
1890 1870 1962 1943 μὴ

376 1940 540 1977 νηπφ..
574 1945 774 1977 κου-ἐκ..
810 1948 1064 1977 ...μέ-ιι...
1126 1953 1242 1977 -.2-
1271 1955 1331 1977 ss.--
1360 1958 1423 1977 Α--
1450 1975 1474 1977 η
1517 1959 1539 1977 ι
1578 1960 1615 1977 0,
1706 1960 1726 1975 ι-
1807 1963 1820 1977 ι

2075 1884 2438 1954 serpentium,
2493 1884 2838 1955 aliormnque
2861 1884 2915 1938 in
2956 1880 3256 1952 perniciem
3301 1892 3478 1977 meam
3513 1874 3674 1977 moli--

371 1940 543 1997 ταῦτα
574 1945 778 2017 συνέὄη
810 1948 1088 2018 γενέσθαι,
1124 1953 1242 2018 πῶς
1267 1955 1333 2010 ἂν
1359 1958 1548 2030 ηηγυνὴ
1576 1960 1641 2015 ἐκ
1664 1960 1774 2016 τῶν
1794 1940 1962 2033 ἀναγέ

2072 1940 2294 2031 tiones?
2321 1940 2543 2031 Ad'htec
2578 1940 2804 2032 sanctus
2843 1995 2855 2031 :
2885 1940 3049 2028 Plura
3086 1971 3172 2027 bis
3195 1968 3460 2025 Dominus
3487 1966 3672 2032 elisit;

372 2034 485 2088 κῶν
517 2035 689 2106 αὐτῆς
715 2039 1101 2110 ἀπηλλάσσετο
1134 2061 1150 2113 ;
1185 2046 1305 2112 πῶς
1330 2048 1397 2103 διν
1424 2053 1480 2104 αἱ
1510 2053 1748 2124 κορῶναι
1781 2057 1969 2113 καὶτὰ

368 2128 592 2182 πετεινά
621 2130 1280 2205 ἀπενεκρώθησανςπῶς
1328 2143 1395 2196 ἂν
1442 2145 1470 2199 6
1515 2147 1712 2221 Αἰθίοψ
1757 2151 1969 2217 ἐκεῖνος

365 2217 848 2293 ἀπεστρεόλοῦτος
904 2228 999 2282 καὶ
1057 2230 1147 2284 ἵνα
1198 2233 1478 2311 γινώσκῃς
1525 2217 1692 2295 ποῖόν
1736 2243 1856 2297 ἐστι
1908 2246 1971 2299 τὸ

364 2311 615 2384 ἀλλήλων
641 2317 709 2370 τά
744 2318 884 2391 βάρη
918 2322 1235 2392 βαστάζειν.

2070 2070 2273 2125 etenim
2328 2068 2434 2126 nisi
2478 2067 2671 2124 isthmc
2737 2068 3073 2132 evenissent,
3128 2080 3239 2137 quo
3277 2068 3435 2134 pacto
3475 2057 3673 2113 mulier

2077 2161 2409 2229 discrimini,
2447 2161 2503 2217 in
2537 2176 2647 2231 quo
2706 2161 3057 2227 versabatur,
3100 2155 3325 2228 erepta?
3357 2169 3468 2226 quo
3511 2157 3674 2222 parto

2078 2256 2331 2313 cornices
2379 2263 2698 2326 ceteraeque
2762 2255 3011 2311 volucres
3064 2250 3310 2307 occisae?
3343 2261 3454 2320 quo
3509 2250 3672 2318 pado

2077 2346 2328 2418 Ethiops
2352 2347 2442 2402 ille
2472 2355 2648 2402 tortus
2679 2354 2947 2417 terraeque
2982 2343 3174 2400 allisus
3235 2339 3461 2398 fuisset?
3511 2335 3672 2393 deni-

362 2409 579 2476 ιιυαίιῐα
608 2424 931 2484 evenerunt.
974 2427 1032 2473 υι
1064 2430 1117 2474 ιιι
1138 2423 1474 2493 experientia
1511 2429 1772 2501 disceres,
1796 2438 1991 2505 quanti
2027 2409 2294 2498 momenti
2324 2457 2411 2498 res
2439 2442 2530 2510 sit,
2562 2442 2793 2498 alterum
2847 2441 3072 2497 alterius
3127 2439 3466 2496 calamitates
3507 2443 3671 2504 atque

361 2515 530 2554 onera
564 2513 805 2572 portare.

440 2594 584 2667 ρλη’.
634 2594 820 2654 Ταῦτα
871 2604 1158 2675 εἷρηκότος
1209 2609 1305 2664 τοῦ
1362 2617 1660 2687 μακαρίου,
1725 2617 1876 2689 λέγει
1940 2624 1970 2674 ό

376 2690 743 2761 Ἐπιφάνιος·
796 2696 1002 2768 Δέομαί
1058 2718 1175 2769 σου,
1239 2706 1365 2760 ἐπεὶ
1408 2710 1586 2764 πάντα
1645 2713 1962 2779 ἐπίστασαι,

361 2785 693 2854 ἀνάγγειλόν
724 2804 817 2857 μοι
841 2790 894 2843 τί
932 2786 1002 2863 ἦν
1033 2795 1064 2863 ἡ
1090 2793 1259 2867 ζώνη,
1289 2798 1385 2853 καὶ
1430 2801 1482 2853 τί
1514 2803 1545 2873 ἠ
1573 2802 1836 2874 κανδῆλα,
1869 2806 1962 2859 καὶ

362 2874 413 2925 οἱ
445 2874 708 2947 τέσσαρες
745 2878 944 2949 κόμὸοι
971 2882 1069 2952 τῆς
1093 2883 1292 2955 ζώνης,
1328 2889 1424 2942 καὶ
1471 2890 1532 2944 τὸ
1579 2890 1746 2962 ὕδωρ,
1781 2896 1877 2949 καὶ
1898 2896 1961 2949 τὸ

366 2964 564 3031 ἔλαιον,
601 2968 695 3022 καὶ
718 2970 779 3024 τὸ
802 2972 1199 3044 ἀπτρότουϐον,
1235 2980 1332 3032 καὶ
1353 2981 1497 3034 διατί
1523 2983 1612 3037 διὰ
1637 2985 1749 3038 τῶν
1780 2986 1961 3040 τοιού-

366 3075 475 3111 των
500 3060 527 3112 6
556 3061 783 3131 μάταιος
810 3068 1035 3121 τοιαῦτα
1070 3071 1377 3141 ἐνήργησεν
1422 3077 1502 3139 εἰς
1546 3080 1645 3148 τὴν
1699 3083 1958 3148 γυναῖκα.

378 3152 439 3205 '0
475 3154 749 3227 μακάριος
778 3153 935 3213 εἶπεν
957 3177 974 3194 ο
1018 3163 1078 3215 Εἰ
1107 3162 1287 3231 θέλεις
1311 3168 1525 3238 μαθεῖν,
1557 3173 1794 3227 ἄκουσον
1816 3192 1832 3208 ·
1863 3177 1976 3230 καὶ’

361 3248 470 3319 γὰρ
503 3250 579 3314 ὡς
608 3251 725 3304 οὐδ’
751 3254 889 3319 ὅλως
918 3273 1000 3310 σοι
1019 3258 1318 3331 ἅπέκρυψά
1342 3280 1418 3329 τι,
1444 3264 1566 3319 οὐδὲ
1592 3267 1690 3321 νῦν
1717 3256 1963 3342 ἀποκρύ-

357 3340 468 3410 ψω.
522 3344 688 3409 Ἕθος
722 3346 802 3418 τῷ
857 3347 1092 3422 διαϐόλῳ
1145 3354 1263 3409 ἐστὶ
1321 3357 1539 3429 πρῶτον
1584 3359 1810 3415 διώκειν

358 3431 524 3501 χάριν
546 3433 643 3487 τοῦ
669 3435 807 3491 θεοῦ
836 3438 946 3492 ἀπὸ
976 3441 1088 3495 τῶν
1118 3444 1449 3516 ἀνθρώπων,
1497 3450 1591 3503 καὶ
1635 3452 1757 3506 τότε
1783 3453 1961 3525 εἰσέρ-

363 3540 522 3594 χεται
545 3526 960 3599 ἀνεμπόδίστως
990 3535 1049 3586 ὲν
1073 3536 1223 3610 αὐτῷ
1252 3555 1269 3573 ·
1298 3540 1396 3612 οὐχ
1440 3541 1522 3596 ὅτι
1556 3544 1720 3599 αὐτὸν
1762 3545 1958 3615 ιεοῦου-

364 3617 506 3692 μένη
547 3621 776 3694 ἡχάρις
825 3626 1240 3699 ἀποδιδράσκει,
1289 3631 1427 3687 ἀλλὰ
1482 3638 1791 3710 μισουμένη
1859 3642 1954 3692 καὶ

358 3711 763 3789 βδελυσσομένη
814 3719 913 3791 τὴν
958 3721 1227 3779 δυσωδίαν
1280 3726 1380 3795 τῆς
1447 3727 1725 3799 ἁμαρτίας
1758 3749 1772 3762 ι
1832 3733 1946 3786 ἀλλ’

2146 2624 2269 2679 158.
2319 2624 2661 2680 Sermonem
2696 2625 2945 2687 Andreas
2989 2622 3223 2689 finierat,
3278 2635 3404 2676 cum
3444 2618 3667 2674 ordiens

2073 2718 2419 2788 Epiphanius
2461 2736 2476 2774 :
2509 2717 2619 2774 Oro
2659 2726 2733 2783 te,
2796 2717 2998 2788 inquit,
3035 2715 3296 2787 quoniam
3351 2721 3547 2768 cuncta
3573 2712 3667 2767 tibi

2063 2811 2444 2875 innotuerunt,
2469 2811 2557 2867 die
2602 2811 2759 2875 mihi,
2792 2810 2927 2881 quid
2955 2825 3115 2874 zona,
3147 2807 3289 2879 quid
3305 2804 3665 2878 ellyclmium,
3762 2858 3771 2863 _

2063 2902 2195 2973 quid
2247 2902 2374 2958 nodi
2421 2905 2472 2956 in
2529 2917 2665 2958 zona
2712 2903 2984 2974 quaterni,
3037 2901 3166 2972 quid
3226 2914 3404 2970 aqua,
3461 2896 3666 2961 oleum,

2062 2994 2273 3065 lampas
2319 2995 2422 3050 sibi
2474 2995 2661 3060 velint,
2705 3006 2819 3050 tum
2861 2996 3049 3056 etiam.
3080 3009 3180 3050 cur
3207 3001 3389 3048 tantos
3442 2997 3665 3061 propter

2064 3087 2376 3143 istiusmodi
2426 3103 2514 3145 res
2573 3089 2842 3144 adversus
2875 3087 3158 3142 mulierem
3196 3088 3359 3141 islam
3394 3082 3666 3139 tumultus

1984 3217 2032 3280 ο
2064 3183 2318 3239 excitarit
2363 3183 2716 3240 daemonium.
2774 3182 2877 3239 Cui
2906 3183 2986 3239 sic
3031 3181 3318 3253 respondit
3364 3179 3610 3280 Andreas
3649 3197 3662 3233 :

2070 3279 2128 3335 Si
2167 3278 2271 3335 ista
2314 3279 2555 3349 penitius
2614 3290 2902 3350 penetrare
2947 3283 3143 3349 cupis,
3193 3291 3356 3333 aures
3433 3274 3665 3346 arrige;

2070 3371 2535 3445 quemadmodum
2595 3373 2740 3428 enim
2794 3372 2931 3428 nihil
2963 3371 3264 3443 quidquam
3312 3383 3492 3424 rerum
3526 3381 3668 3421 mea-

2065 3481 2188 3521 rum
2251 3473 2302 3520 te
2360 3463 2532 3520 celavi
2594 3478 2876 3535 unquam,
2930 3462 3003 3516 ita
3076 3475 3255 3532 neque
3327 3457 3665 3515 committam

2063 3556 2228 3614 modo
2285 3564 2347 3612 ut
2402 3558 2516 3613 haec
2567 3558 2803 3629 ignores.
2864 3557 2966 3612 Iste
3026 3556 3246 3611 diabolo
3302 3566 3423 3608 nios
3472 3559 3574 3617 est,
3607 3565 3668 3614 ur

2058 3642 2299 3721 primum
2358 3650 2582 3720 quidem
2606 3667 2635 3706 e
2662 3651 2922 3706 cordibus
2971 3648 3255 3704 hominum
3301 3645 3539 3700 divinam
3569 3658 3667 3696 ex-

2057 3742 2222 3812 pellat
2250 3742 2503 3812 gratiam,
2546 3757 2659 3813 quo
2692 3743 2889 3799 deinde
2921 3741 3149 3797 liberius
3195 3740 3288 3794 illa
3329 3738 3447 3808 ipse
3493 3744 3665 3792 occu"

355 3804 480 3858 οὑδὲ
531 3807 678 3861 κατά
739 3802 1034 3881 τυραννίδα
1076 3812 1352 3888 ἀποφέρει
1399 3819 1481 3882 εἰς
1524 3819 1804 3890 ἁμαρτίαν
1858 3824 1951 3877 τὸν

2065 3802 2190 3904 pet:
2226 3802 2403 3906 neque
2429 3802 2611 3890 tamen
2634 3834 2818 3905 fugam
2847 3833 2972 3890 inde
2993 3831 3233 3904 capessit
3286 3829 3484 3903 gratia,
3516 3831 3661 3900 quod

358 3896 671 3967 ἄνθρωπον,
707 3901 824 3954 ἀλλ’
847 3903 956 3957 ἀπὸ
993 3909 1377 3978 προαιρέσεως·
1405 3925 1421 3941 ο
1457 3909 1679 3975 κολάζει
1712 3917 1822 3984 γὰρ
1857 3914 1953 3969 καὶ

357 3991 684 4060 γαργαλίζει
706 4011 721 4026 ·
760 3998 854 4049 καὶ
885 3996 1031 4051 οὕτω
1082 4000 1159 4071 μὴ
1216 4001 1400 4073 φέρων
1428 4004 1634 4070 ἐκεῖνος
1673 4005 1772 4072 τὴν
1793 4007 1958 4080 ὄχλη-

2064 3926 2176 3980 ullo
2236 3925 2500 3981 daemonis
2553 3925 2750 3980 timore
2801 3925 3131 3995 expellatur,
3182 3923 3276 3979 sed
3339 3921 3485 3992 quod
3532 3919 3662 3974 odio

2062 4016 2283 4087 capitali
2309 4027 2675 4089 prosequatur
2705 4026 2869 4088 atque
2889 4018 3234 4073 abominetur
3264 4014 3659 4085 turpitudinem

363 4100 467 4150 σιν,
502 4087 880 4160 ἀπερχόμενος
924 4095 1233 4164 ἁμαρτάνει
1267 4096 1405 4166 (55),
1436 4098 1531 4151 καὶ
1561 4099 1676 4171 ἔχει
1727 4100 1955 4171 εὔλογον

2065 4110 2286 4180 peccati.
2310 4087 2504 4182 Neque
2538 4119 2721 4168 tamen
2777 4087 3043 4168 violenter
3082 4111 3135 4164 in
3165 4119 3449 4180 peccatum
3518 4120 3663 4176 prm-

351 4180 380 4232 ὁ
411 4179 662 4248 διάϐολος
693 4185 792 4238 ἀπ’
837 4187 1013 4259 αὐτῆς
1058 4189 1161 4260 τῆς
1206 4189 1410 4258 αἰτίας,
1446 4193 1529 4246 ὅτι
1588 4195 1955 4268 ἰδιοπροαιρέ-

350 4288 463 4332 τως
499 4275 812 4348 ἁμαρτάνει
856 4282 885 4333 6
935 4281 1229 4352 ἄνθρωπος
1258 4297 1273 4312 ⁸
1303 4284 1393 4339 διά
1434 4284 1595 4340 τοῦτο
1650 4287 1951 4357 ἀφίσταται

357 4364 392 4435 ἡ
418 4364 579 4436 χάρις
610 4369 706 4422 τοῦ
738 4371 951 4443 Κυρίου
981 4374 1080 4429 ἀπ’
1113 4375 1305 4430 αὑτοῦ.

2057 4202 2316 4272 cipitatur
2367 4203 2551 4267 homo,
2588 4203 2681 4259 sed
2706 4211 2897 4274 sponte
2927 4216 3027 4258 sua
3054 4210 3108 4256 et
3143 4207 3422 4255 annuente
3465 4195 3662 4250 volun-

2057 4304 2169 4352 tate
2201 4295 2498 4362 inducitur,
2528 4296 2800 4352 daemonis
2817 4295 3020 4367 quippe
3038 4293 3368 4350 blandientis
3408 4301 3662 4347 carnem-

2055 4404 2163 4460 que
2233 4389 2507 4445 titi’llantis
2553 4391 2917 4445 tentationem
2940 4404 3052 4444 non
3105 4385 3310 4454 ferens,
3354 4383 3535 4441 scelus
3557 4378 3655 4434 ad-

351 4456 757 4532 mittitzatque
809 4465 884 4519 ita
913 4481 978 4522 ex
1013 4468 1174 4538 pleno
1229 4485 1505 4528 consensu
1554 4484 1871 4543 peccantem
1897 4456 2129 4553 occupat
2187 4484 2489 4540 hominem
2533 4484 2808 4553 diabolus,
2861 4486 3036 4557 gratia
3094 4499 3190 4554 per
3246 4491 3535 4556 peccatum
3571 4481 3655 4535 ef-

354 4553 565 4624 fugata.

427 4650 563 4719 ρλθν.
594 4653 786 4720 Οὕτως
822 4656 917 4712 οὖν
948 4659 1208 4732 ἐποίησεν
1234 4664 1263 4717 6
1285 4662 1569 4736 ἀλλότριος
1601 4666 1696 4722 καὶ
1720 4670 1790 4724 τά
1822 4669 1951 4741 περὶ

2130 4669 2254 4728 159.
2285 4669 2351 4726 Et
2385 4670 2492 4728 hoc
2539 4671 2706 4727 modo
2730 4686 2856 4727 cum
2891 4672 3120 4727 muliere
3144 4688 3366 4744 quoque
3392 4674 3652 4744 praedicta

349 4748 450 4816 τῆς
506 4750 810 4815 γυναικός·
842 4751 1041 4808 ἔϐλεπε
1099 4756 1206 4828 γὰρ
1265 4757 1354 4813 ἀεὶ
1406 4758 1579 4832 αὐτὴν
1638 4762 1949 4830 ἀγαπῶσαν

353 4838 637 4912 ὁλοψόχως
668 4842 761 4897 τὸν
804 4843 958 4912 Θεὸν,
1000 4845 1099 4901 καὶ
1141 4847 1263 4912 πῶς
1294 4849 1468 4922 αὐτὴν
1510 4853 1839 4909 καταϐαλεῖν
1885 4855 1948 4909 οὺ

353 4933 676 5005 δυνάμενος,
719 4938 809 4993 διὰ
839 4940 934 4994 τοῦ
969 4942 1163 5015 ἀνδρὸς
1208 4944 1381 5013 αὐτῆς
1412 4946 1494 5009 είς
1528 4946 1703 5002 ταῦτα
1738 4949 1983 5005 ἐνέπει-’

353 5043 469 5097 ρεν,
532 5030 989 5105 ἰδιοπροαιρέτως
1056 5035 1402 5092 ἀπελθοῦσαν
1459 5040 1541 5104 εἰς
1585 5040 1679 5093 τὸν
1744 5042 1949 5098 πλάνον

350 5121 584 5177 ἐκεῖνον.
640 5125 913 5198 Αἰτούσης
947 5129 1063 5200 γὰρ
1097 5128 1364 5201 astant;
1414 5131 1757 5203 καταῦὺμιον
1796 5133 1952 5203 γενέρ

353 5212 503 5278 σθαι,
563 5219 659 5271 καὶ
712 5219 814 5287 τὴν
865 5220 1047 5293 ψυχὴν
1099 5222 1272 5293 αὐτῆς
1320 5223 1849 5299 ἀποϐαλέσθαι,ὃρα
1895 5227 1950 5281 τί

354 5307 505 5359 ποιεῖ
533 5308 670 5379 πρὸς
698 5310 760 5364 τὸ
792 5313 1018 5385 ποιῆσαι
1045 5313 1147 5388 τὴν
1172 5314 1454 5369 ἀπώλειαν
1497 5319 1593 5388 τῆς
1623 5316 1802 5387 ψυχῆς
1835 5319 1950 5372 αὐ-

349 5395 478 5466 τῆς,
511 5402 608 5456 καὶ
645 5402 741 5456 τοῦ
774 5408 1054 5460 κατοικεῖν
1080 5408 1140 5459 ἐν
1173 5407 1312 5480 αὐτῇ
1355 5408 1429 5472 ὠς
1461 5408 1571 5482 ἰδίᾳ
1602 5411 1946 5482 προαιρέσει,

425 5559 541 5634 (5i)
579 5560 675 5641 1)(ιιΔ
686 5564 1093 5641 phalcupratiis
1116 5569 1232 5641 lege
1267 5566 1686 5641 Cangium,’lih.
1718 5584 1784 5631 tt,
1824 5586 1943 5641 cap.

346 5631 439 5695 16,
466 5631 620 5689 num.
647 5634 739 5702 22,
763 5646 818 5691 et
847 5631 996 5694 disce
1015 5631 1326 5695 Judazorum
1356 5631 1478 5698 illas
1498 5638 1750 5696 officinas
1777 5631 1945 5698 fuisse

346 5703 717 5779 handuprocul
752 5707 821 5762 ab
853 5709 1083 5766 ecclesia
1110 5710 1168 5764 S.
1193 5708 1431 5779 Sophiae.

429 5773 539 5845 (52)
583 5776 658 5830 Ita
684 5778 814 5851 tergo
845 5779 989 5849 quod
1019 5780 1154 5851 alias
1182 5773 1287 5851 per'
1311 5780 1708 5838 nominativum
1739 5784 1943 5840 scribe-

349 5850 536 5915 batur,
595 5846 807 5915 παίζων
852 5846 944 5904 καὶ
1022 5846 1200 5905 animi
1226 5869 1239 5907 :
1269 5866 1335 5910 ex
1362 5868 1591 5911 numero
1628 5867 1807 5912 autem
1844 5856 1941 5913 lu

2057 4761 2168 4831 egit
2236 4761 2496 4818 inimicus
2539 4761 2776 4818 daemon.
2857 4762 3314 4820 Animadvertcns
3379 4765 3524 4821 enim
3581 4781 3647 4821 ex

2060 4861 2175 4910 toto
2208 4853 2353 4909 illam
2397 4852 2563 4910 corde
2613 4863 2889 4910 amantem
2924 4855 3307 4927 colentemque
3338 4854 3649 4922 Dei,-aliter

2058 4962 2170 5002 non
2226 4945 2471 5017 possead
2517 4945 2855 5017 peccandum
2901 4948 3142 5012 adduci,
3185 4949 3449 5018 specioso
3466 4950 3650 5006 mariti

2059 5038 2434 5096 sibi'amorem
2472 5040 2806 5097 conciliandi
2840 5042 2996 5098 titulo
3045 5042 3193 5099 illam
3220 5053 3431 5102 tentare
3460 5061 3651 5119 agres-

2059 5150 2156 5191 sus
2182 5142 2289 5201 est,
2329 5151 2454 5191 mox
2495 5151 2596 5193 sua
2626 5145 2821 5208 sponte
2846 5136 3086 5193 veneﬁco
3107 5139 3198 5195 isti
3253 5139 3597 5198 accedentem
3634 5161 3649 5198 :

2057 5243 2089 5283 a
2124 5243 2237 5299 quo
2286 5227 2417 5283 dum
2444 5228 2588 5284 votis
2622 5229 2740 5286 suis
2776 5229 3032 5286 satisfieri
3088 5233 3351 5302 postulat,
3401 5233 3648 5306 projecta

2061 5319 2173 5375 fere
2215 5320 2367 5389 omni
2425 5335 2558 5375 cura
2617 5319 2852 5387 animae,
2919 5323 3241 5391 attendesis,
3290 5322 3421 5395 quid
3460 5323 3652 5380 fecerit

2055 5413 2268 5468 daemon
2307 5421 2368 5469 ut
2425 5414 2625 5470 anima:
2656 5414 2805 5471 illius
2834 5413 3056 5472 afferret
3100 5416 3380 5485 interitum
3402 5456 3418 5485 ,
3470 5416 3525 5473 in
3557 5433 3651 5474 ea.

2056 5575 2308 5646 suspicor
2326 5575 2521 5646 σάσειν
2548 5574 2680 5646 poni
2708 5590 2806 5646 pro
2830 5577 3133 5633 calcitrare.

2130 5589 2308 5645 spicor
2330 5589 2521 5631 σασειν
2548 5589 2680 5700 Rom
2708 5590 2806 5646 pro
2830 5589 3133 5633 calcitrare.
3582 5652 3610 5666 η

2130 5644 2243 5734 (55)
2312 5644 2516 5734 Omitto
2572 5648 2642 5734 'ic
2692 5647 2807 5715 illa,
2842 5648 2950 5730 _xal.
3000 5648 3189 5734 φέρειν
3221 5651 3321 5734 τῇς
3342 5650 3649 5734 ’ὑπομονης

2054 5718 2319 5794 γενναίως
2350 5718 2647 5794 ὑπομονήν,
2679 5735 2801 5791 qua:
2840 5719 2895 5776 in
2926 5718 3032 5778 ms.
3063 5718 3201 5778 Mal.
3232 5718 3315 5781 sic
3342 5718 3665 5794 leguntur},

2055 5791 2151 5844 dum
2163 5788 2471 5862 πομόνητος
2488 5788 2585 5846 ῶν.
