4090 6408
557 360 659 421 787

1617 359 2043 421 NICEPHORI
2088 359 2560 420 PRESBYTERI
2597 362 2708 421 Cl’.

3701 354 3807 417 788

550 483 681 533 quo.
729 467 1110 525 consentiente
1137 477 1194 525 et
1218 471 1526 527 necessaria
1559 470 1628 525 ad
1670 469 1982 526 veniticium
2010 484 2138 525 con-

2244 468 2320 538 τῷ
2366 468 2608 537 λυμεῶνι
2657 468 2727 522 τά
2777 465 3058 536 ἐπιτήδεια
3101 466 3182 528 είς
3232 464 3467 536 μαγείαν
3500 464 3816 538 παράξασα.

553 558 782 626 ferente,
812 561 957 617 ultro
988 560 1265 618 admissus
1296 570 1751 619 commoraretur.
1788 560 1961 617 Jussit
1987 561 2133 618 enim

554 653 732 721 parari
784 653 1131 725 lampadem,
1180 655 1395 722 oleum,
1457 655 1825 727 ellychnium,
1899 669 2132 722 zonam,

555 755 609 797 et
674 745 878 813 ignem,
937 761 1048 815 quo
1095 746 1238 801 sacri
1293 744 1554 813 baptismi
1618 736 1790 815 gratia
1852 744 2134 798 mulierem

553 850 816 906 exueret;
847 838 1060 909 lampas
1088 837 1307 908 quippe,
1327 852 1427 907 pro
1447 852 1605 893 saera
1664 836 1972 906 baptismali
2007 851 2137 892 con-

554 931 687 994 cha;
746 946 907 1000 aqua,
956 944 1054 999 pro
1111 945 1255 999 aqua
1299 930 1443 985 illius
1500 939 1734 996 sancta;
1801 929 2006 995 oleum,
2039 943 2136 999 pro

552 1036 710 1075 sacro
768 1023 924 1086 oleo;
952 1020 1282 1091 ellychnium
1317 1028 1373 1074 et
1417 1019 1576 1090 ignis,
1613 1035 1712 1090 pro
1735 1019 1909 1075 cereis
1942 1035 2136 1075 accen«

554 1114 664 1177 sis;
686 1127 842 1175 zona,
869 1128 968 1181 pro
995 1112 1081 1166 illa
1104 1127 1211 1181 qua
1241 1112 1291 1165 in
1325 1111 1655 1182 baptismate
1686 1108 1800 1183 (54)
1824 1111 1999 1166 cincta
2023 1110 2138 1166 fue-

558 1213 661 1266 rat,
718 1202 1172 1270 deposcebantur.
1234 1202 1395 1257 Hisce
1423 1218 1453 1257 a
1501 1203 1753 1270 muliere,
1796 1218 1893 1274 per
1916 1204 2136 1274 impiam

552 1294 889 1364 hypocrisim
925 1295 1190 1364 acceptis,
1251 1296 1479 1363 gratiam
1532 1311 1597 1352 ex
1634 1311 1696 1350 ea
1756 1296 2136 1365 baptismal‘m

548 1384 760 1454 expulit
800 1403 815 1441 :
869 1387 1169 1456 eademque
1229 1386 1296 1442 de
1344 1400 1511 1442 causa
1571 1387 1788 1443 dicebat
1837 1385 2138 1458 Ethiops:

553 1476 667 1531 lllea
703 1493 762 1531 es
815 1477 1046 1545 mulier;
1072 1478 1125 1532 id
1157 1487 1259 1543 est,
1301 1478 1443 1549 juris
1474 1480 1579 1534 mei
1616 1494 1697 1548 es,
1726 1494 1834 1536 non
1884 1479 2087 1536 Christi
2121 1497 2136 1534 :

549 1570 660 1622 imo
698 1577 753 1623 et
799 1567 852 1622 in
918 1570 1244 1639 imaginibus
1301 1571 1423 1642 ejus
1456 1570 1656 1628 similia
1708 1581 1985 1642 operatus,
2018 1589 2142 1645 gra.

550 1660 679 1712 tiam
737 1658 809 1714 ab
837 1659 904 1714 iis
935 1660 1160 1732 fugavit,
1191 1661 1334 1716 clam
1384 1661 1508 1720 illas
1556 1663 1850 1718 oblincndo
1895 1663 2140 1720 arefacta

548 1763 810 1819 stercore,
865 1760 919 1808 et.
965 1753 1019 1807 in
1070 1753 1377 1823 lampadem
1434 1755 1820 1823 conjicienda:
1853 1764 2018 1822 atque
2062 1756 2136 1811 ita

548 1860 687 1913 opus
716 1859 904 1912 suum,
939 1846 1013 1899 uti
1039 1845 1366 1900 oblationem
1405 1846 1458 1901 in
1488 1847 1816 1903 sacrificium
1876 1848 2132 1918 offerens,

550 1936 791 2003 pessimo
852 1935 1088 1990 datmoni
1144 1939 1506 1994 consecravit.
1570 1938 2137 2011 Athuaternosquod

548 2028 744 2082 attinet
771 2043 924 2083 zonte
951 2032 1148 2094 nodos,
1176 2029 1392 2087 vinctus
1419 2030 1487 2086 iis
1546 2032 1951 2101 astringebatur
1978 2032 2140 2088 Sata-

550 2135 673 2185 nas,
707 2135 807 2175 nec
848 2130 1057 2190 poterat
1086 2121 1259 2188 abire,
1290 2121 1395 2178 nisi
1454 2123 1740 2179 combusta
1786 2139 1955 2192 zona;
1996 2141 2139 2195 prae-

547 2223 770 2281 ceperat
829 2214 973 2268 enim
1013 2213 1226 2269 mulieri
1288 2230 1503 2286 magus,
1552 2216 1699 2270 illam
1758 2216 1900 2272 intra
1957 2228 2138 2274 vestes

548 2305 891 2372 gestaudam,
951 2319 1061 2374 quo
1103 2304 1314 2361 scilicet
1368 2304 1436 2360 ad
1488 2304 1706 2363 lumbos
1757 2304 2139 2364 circumferret

551 2396 878 2452 daemonem.

626 2584 752 2641 MO.
817 2584 948 2642 Post
1009 2586 1124 2642 haec
1168 2586 1869 2658 Epiphanius:Mirabilis,
1938 2591 2137 2662 inquit,

545 2678 601 2731 in
667 2686 715 2733 te
766 2676 909 2734 Deus
964 2688 1067 2740 cst,
1100 2678 1335 2744 Andrea,
1368 2679 1458 2749 qui
1482 2679 1619 2735 nihil
1668 2689 1720 2735 le
1754 2681 2007 2751 ignorare
2043 2699 2140 2752 pa-

546 2770 704 2826 titur.
753 2770 820 2825 At
853 2786 983 2826 vero
1018 2770 1162 2826 unde
1197 2786 1532 2840 cognoscere
1574 2787 1766 2843 magus
1796 2783 1850 2827 et
1877 2789 2140 2829 enarrare

546 2863 762 2918 mulieri
795 2865 992 2933 potuit,
1023 2880 1386 2935 quaecumque
1433 2882 1463 2919 a
1501 2866 1702 2921 teneris
1724 2866 1883 2923 annis
1909 2877 2139 2925 eatenus

545 2956 836 3024 gesserat?
885 2955 983 3011 Cui
1024 2956 1085 3010 B.
1134 2956 1420 3012 Andreas:
1453 2957 1537 3012 An
1606 2959 1848 3028 ignoras,
1909 2960 2138 3031 spiritus

545 3050 811 3118 quosdam
867 3047 1061 3104 adesse
1094 3049 1443 3115 Christianis,
1478 3050 1570 3121 qui
1620 3050 1688 3106 ab
1727 3066 1917 3107 eorum
1952 3053 2137 3110 lateri-

2239 556 2376 614 Εῗπε
2404 557 2513 630 γάρ
2541 559 2677 630 αὐτῇ
2727 556 3011 625 ἐτειμάσαι
3048 555 3343 624 κανδῆλαν,
3373 555 3466 610 καὶ
3498 555 3703 619 ἔλαιον,
3727 560 3818 609 καὶ

2240 650 2633 723 ἀπτρὸτουόον,
2664 648 2760 703 καὶ
2807 648 3006 721 ζώνην,
3038 648 3303 719 καὶπῦρ,
3336 651 3600 718 ἀφανίσαι
3639 649 3824 719 βουλέ-

2243 757 2405 810 μενος
2432 740 2526 794 τοῦ
2564 742 2753 810 τιμίου
2778 738 3157 809 βαπτίσματος
3185 737 3283 810 τὴν
3312 740 3474 810 χάριν
3496 737 3593 792 ἀπ’
3613 739 3781 809 αὐτῆς
3802 753 3822 772 ο

2246 833 2278 902 ή
2333 831 2433 903 μὲν
2477 831 2586 903 γάρ
2618 831 2861 902 κανδῆλα
2908 832 3031 886 ἀντὶ
3075 831 3176 900 τῆς
3234 831 3398 899 ἁγίας
3440 828 3825 901 κολυμεήθρας

2239 923 2477 996 ἐξῃτήθη
2510 940 2530 956 ο
2553 924 2611 977 τί,
2633 910 2701 978 δὲ’
2720 922 2865 994 ὕδωρ
2895 923 3017 978 ἀντὶ
3063 923 3161 977 τοῦ
3192 922 3347 992 ἁγίου
3366 922 3553 985 ὓδατος
3575 922 3785 976 ἐκείνου
3801 935 3825 956 ο

2240 1015 2301 1069 τὸ
2324 1016 2382 1070 δὲ
2425 1015 2603 1069 ἔλαιον
2633 1015 2752 1069 ἀντὶ
2777 1012 2871 1071 τοῦ
2903 1013 3057 1083 ἁγίου
3089 1014 3273 1069 ἐλαίου
3301 1030 3315 1045 ο
3342 1014 3404 1067 τὺ
3442 1013 3498 1065 δὲ
3530 1011 3826 1082 ἀπτρότου-

2241 1108 2338 1163 δον
2381 1107 2481 1163 καὶ
2531 1109 2592 1163 τὸ
2620 1108 2732 1178 πῦρ
2761 1110 2884 1162 ἀντὶ
2922 1106 3032 1162 τῶν
3081 1106 3385 1178 λαμπάδων
3414 1106 3525 1160 τῶν
3559 1104 3828 1174 ἀναφθέν-

2238 1219 2379 1256 των·
2410 1202 2510 1273 τὴν
2551 1202 2607 1255 δὲ
2661 1199 2840 1272 ζώνην
2882 1200 3003 1255 ἀντὶ
3029 1201 3126 1271 τῆς
3185 1197 3389 1272 ζώνης,
3430 1199 3497 1271 ῆν
3540 1199 3597 1252 ὲν
3622 1197 3700 1269 τῷ
3729 1197 3827 1265 βα-

2242 1294 2510 1364 πτίσματι
2539 1293 2833 1363 διεζώσθη.
2869 1291 3056 1346 Ταῦτα
3087 1289 3268 1346 πάντα
3309 1289 3492 1346 λαϐὼν
3532 1288 3628 1343 ἀπ’
3656 1289 3845 1357 αὐτῆς·

2241 1386 2269 1438 6
2310 1385 2541 1455 μάταιος
2565 1387 2622 1439 ὲν
2653 1385 2970 1457 ὑποκρίσει,
2999 1382 3096 1438 τοῦ
3128 1382 3398 1455 σωτηρίου
3445 1381 3824 1452 βαπτίσματος

2240 1479 2414 1548 αὐτὴν
2444 1477 2691 1533 ἀπέδυσε
2712 1494 2728 1510 ο
2754 1477 2842 1531 διὰ
2870 1477 3030 1532 τοῦτο
3053 1477 3149 1531 καὶ
3170 1476 3359 1544 ἔλεγεν
3382 1475 3522 1545 αὐτῇ
3553 1475 3580 1527 6
3606 1472 3826 1541 Αἰθίοψ,

2240 1574 2324 1627 ὃτι
2372 1571 2513 1643 Ἐμὴ
2542 1572 2836 1642 τυγχάνεις
2863 1571 3025 1644 γυνὴ,
3060 1569 3361 1632 τουτέστιν,
3404 1567 3511 1638 ἐμὴ
3535 1565 3827 1637 ὑπάρχεις,

2242 1665 2340 1720 καὶ
2369 1664 2492 1734 οὐχὶ
2533 1664 2628 1718 τοῦ
2670 1663 2936 1735 Χριστοῦ.
2984 1663 3096 1717 Ναὶ
3129 1663 3238 1734 μὴν
3264 1662 3357 1716 καὶ
3378 1663 3455 1725 είς
3484 1661 3580 1725 τὰς
3612 1659 3827 1722 εἰκόνας

2243 1759 2414 1829 αὐτῆς
2466 1757 2768 1823 ἐνεδείξατο
2815 1756 3011 1824 ταῦτα,
3062 1756 3156 1811 καὶ
3187 1757 3284 1810 ἀπ’
3327 1755 3510 1810 αὐτῶν
3537 1754 3638 1820 τὴν
3667 1754 3831 1824 χάριν

2242 1847 2451 1913 ἐδίωξε,
2497 1848 2699 1919 χρίσας
2746 1847 3026 1921 λαθραίως
3066 1849 3274 1918 κόπρον
3317 1846 3490 1919 ξηρὰν
3524 1845 3621 1899 καὶ
3658 1844 3717 1896 ὲν
3755 1844 3825 1913 τῇ

2240 1940 2482 2013 κανδήλη
2516 1939 2697 2008 βαλών
2724 1956 2740 1974 ο
2779 1942 2874 1995 καὶ
2919 1940 3065 1995 οὕτω
3107 1939 3170 1993 τὸ
3213 1938 3409 1994 ἑαυτοῦ
3457 1939 3618 2009 ἔργον
3667 1938 3831 2006 ἀεριέ-

2244 2050 2445 2103 ρωσεν,
2501 2032 2578 2097 ὡς
2634 2033 2772 2088 ἰδίαν
2830 2031 3199 2104 προσαγωγὴν
3231 2032 3313 2094 είς
3342 2031 3554 2095 θυσίαν,
3599 2029 3677 2100 τῷ
3705 2030 3826 2082 ἀλε-

2241 2127 2379 2198 θρίῳ
2407 2126 2688 2195 δράκοντι.
2720 2126 2853 2196 Περὶ
2893 2124 2950 2178 δὲ
2980 2123 3090 2177 τῶν
3134 2123 3416 2194 τεσσάρων
3462 2122 3687 2192 κόμδων
3727 2121 3829 2190 τῆς

2240 2220 2443 2290 ζώνης,
2478 2219 2596 2271 ἐκεῖ
2613 2212 2681 2288 ἦν
2707 2217 2989 2287 δεδεμένος
3019 2217 3048 2270 6
3082 2217 3350 2281 Σατανᾶς,
3385 2214 3480 2270 καὶ
3515 2216 3709 2286 μέχρις
3737 2214 3827 2267 ὅτε

2240 2311 2423 2380 ἐκείνη
2454 2312 2553 2366 οὐκ
2600 2310 2831 2382 ἠδύνατο
2870 2310 3219 2382 ἀναχωρῆσαι
3251 2325 3267 2341 ·
3301 2307 3469 2379 ὥρισε
3519 2309 3626 2377 γὰρ
3660 2304 3831 2371 αὐτὴν

2245 2404 2508 2458 ὑποκάτω
2538 2405 2726 2473 φορεῖν
2758 2401 2954 2472 αὐτὴν,
3004 2403 3091 2455 ἵνα
3122 2392 3352 2475 ἔχῃττὺν
3391 2399 3637 2452 Σατανᾶν
3685 2396 3832 2466 εἰλη-

2244 2494 2408 2566 μὲνον
2439 2495 2570 2565 περὶ
2603 2493 2702 2566 τὴν
2725 2494 2897 2564 ὀσφὺν
2934 2494 3132 2563 αὐτῆς.

2315 2586 2430 2657 ρμ’.
2478 2587 2794 2656 Ἐπιςράνιος
2841 2583 3037 2640 εἶπεν·
3083 2583 3412 2653 Θαυμαστὸς
3457 2582 3605 2634 ἔστιν
3643 2581 3670 2633 ὁ
3701 2578 3836 2641 Θεδς

2241 2677 2338 2731 ἐπί
2362 2696 2446 2745 σε,
2472 2680 2555 2733 ὅτι
2584 2679 2737 2732 οὐδέν
2768 2697 2851 2732 σοι
2879 2677 3219 2749 ἀπέκρυψεν.
3255 2675 3427 2730 Πόθεν
3458 2673 3515 2727 δὲ
3540 2673 3833 2739 ἐγίνωσκεν

2241 2771 2269 2823 6
2305 2770 2501 2840 μάγος,
2533 2771 2630 2825 καὶ
2659 2767 2813 2824 εἶπεν
2838 2770 3001 2840 αὐτῇ,
3040 2769 3143 2823 ὅσα
3172 2768 3237 2822 ἐκ
3264 2767 3518 2836 νεότητος
3550 2761 3785 2834 ἔπραξεν
3813 2777 3835 2827 ;

2252 2861 2312 2915 Ὀ
2345 2861 2615 2934 μακάριος
2670 2860 2830 2917 εἶπεν
2856 2878 2868 2893 ο
2913 2863 3027 2915 Οὐκ
3056 2857 3203 2924 οἶδας
3232 2860 3315 2914 ὃτι
3343 2859 3452 2912 τῶν
3483 2856 3833 2926 Χριστιανῶν

2242 2953 2543 3026 ἀχώριστοι
2570 2958 2710 3008 εἰσιν
2744 2955 2793 3007 οἱ
2829 2953 3085 3023 δαίμονες
3111 2971 3126 3018 ;
3164 2951 3252 3006 διά
3295 2949 3453 3004 τοῦτο
3480 2948 3574 3002 καὶ
3603 2950 3671 3000 τὰ
3694 2948 3833 3018 ἔργα

2241 3046 2424 3101 αὐτῶν
2448 3044 2844 3116 γινώσκουσιν;
2869 3045 3040 3099 Ὅταν
3071 3045 3176 3117 γάρ
3203 3062 3287 3108 τις
3312 3044 3503 3116 ὑπάγῃ
3527 3043 3607 3105 είς
3633 3041 3833 3109 μάγον,

547 3144 651 3195 bns
684 3158 793 3197 non
820 3143 1157 3208 recedentes,
1185 3143 1441 3212 quaslibet
1498 3158 1691 3199 eorum
1724 3159 1890 3214 opera
1933 3160 2138 3215 cogno-

2243 3142 2427 3211 ὲρωτᾷ
2479 3143 2507 3194 6
2553 3141 2731 3210 μάγος
2764 3140 2855 3194 τὸν
2896 3139 3144 3195 διάόολον
3171 3139 3263 3193 τὸν
3311 3135 3710 3195 ἀκολουθοῦντα
3748 3134 3831 3204 τῷ

546 3234 746 3288 scunt?
771 3233 1000 3299 Quando
1057 3233 1222 3304 igitur
1247 3233 1315 3289 ad
1350 3250 1567 3305 magum
1618 3236 1868 3306 procedit
1899 3235 2134 3306 jaliquis,

546 3328 689 3381 solet
747 3325 837 3381 hic
882 3324 1138 3379 comitem
1186 3326 1334 3381 illius
1390 3325 1692 3382 daemonem
1744 3329 2132 3398 percunctari,

549 3419 681 3487 quid
757 3418 921 3471 homo
971 3415 1074 3471 iste
1103 3433 1133 3471 a
1167 3415 1399 3486 pueritia
1428 3417 1494 3472 ad
1549 3416 1681 3471 illud
1716 3434 1889 3489 usque
1920 3428 2135 3489 tempus

545 3509 715 3576 egerit
741 3526 775 3565 :_
809 3517 865 3563 et
915 3507 1153 3574 dmmon,
1204 3505 1422 3564 invidus
1460 3507 1700 3565 hominis
1722 3525 1930 3576 comes,
1968 3525 2135 3580 Opera

543 3604 664 3672 ejus
720 3609 1007 3672 perspecta
1062 3598 1270 3655 habens
1335 3600 1542 3667 omnia,
1593 3616 1775 3672 mago,
1817 3617 1927 3656 non
1983 3602 2140 3658 aliter

544 3709 711 3767 quam
773 3693 926 3749 socio
984 3691 1219 3748 dtemoui
1256 3702 1352 3747 aut
1384 3693 1765 3749 contubernali
1787 3709 1911 3762 suo,
1970 3695 2140 3752 totius

545 3804 583 3841 ν.
605 3797 670 3842 tae
700 3787 896 3843 seriem
932 3785 1144 3856 pandit.
1171 3783 1646 3852 Quemadmodum
1670 3787 1816 3842 enim
1841 3789 2138 3844 multarum

543 3896 726 3934 rerum
760 3880 935 3935 nuntii
966 3876 1035 3935 ad
1067 3894 1169 3934 nos
1200 3894 1231 3934 a
1252 3877 1362 3934 Deo
1390 3880 1740 3936 destinantur
1772 3881 1946 3951 angeli
1976 3882 2140 3949 boui;

544 3978 617 4028 ita
664 3978 718 4026 et
745 3972 812 4026 ad
873 3985 1062 4043 magos
1107 3987 1239 4026 suos
1301 3969 1555 4026 deferunt
1602 3971 1731 4027 mali
1801 3989 2142 4046 quaecunque

2246 3233 2527 3303 ἐληλυθότι
2552 3232 2729 3301 λέγων
2758 3250 2773 3266 ο
2815 3232 2951 3288 Εἰπέ
2982 3251 3094 3305 μοι,
3123 3234 3175 3286 τί
3202 3231 3460 3302 ἐποίησεν
3485 3231 3547 3284 ἐκ
3580 3230 3835 3300 νεότητος

2244 3331 2412 3400 μέχρι
2466 3330 2568 3399 τῆς
2610 3330 2789 3401 δεῦρο.
2855 3329 2913 3383 ’0
2956 3328 3014 3382 δὲ
3055 3328 3363 3400 ἀχώριστος
3406 3325 3573 3380 αὐτοῦ
3612 3324 3689 3378 ὢν
3739 3325 3835 3378 καὶ

2246 3422 2425 3476 πάντα
2476 3423 2838 3493 θεασάμενος,
2878 3422 2955 3486 ῶς
3005 3421 3120 3492 ἰδίῳ
3168 3419 3338 3475 αὐτοῦ
3392 3418 3706 3489 συνδαίμονι
3739 3415 3835 3470 καὶ

2247 3516 2600 3587 συγκοινωνῷ
2625 3517 2843 3571 ἅπαντα
2877 3513 3242 3584 καταγγέλλει
3277 3511 3446 3583 αὐτῷ,
3478 3512 3687 3581 Ὥσπερ
3722 3508 3834 3580 γάρ

2238 3610 2288 3662 οί
2344 3608 2570 3678 ἄγγελοι
2614 3610 2748 3680 ἡμῖν
2802 3607 2897 3661 τοῦ
2946 3606 3083 3661 Θεοῦ
3140 3604 3309 3659 πολλά
3366 3604 3831 3674 ἀπαγγέλλουσιν,

2242 3702 2387 3756 οὕτω
2436 3703 2530 3756 καὶ
2553 3702 2768 3767 τούτοις
2797 3703 2848 3758 cl
2875 3701 3132 3772 δαίμονες
3165 3701 3268 3755 ὅσα
3298 3698 3621 3753 ἐπίστανται
3643 3698 3836 3764 λέγου-

2241 3812 2348 3849 σιν.
2393 3794 2584 3850 Ταῦτα
2627 3794 2722 3850 τοῦ
2772 3794 3050 3867 μακαρίου
3091 3793 3448 3862 λαλήσαντος,
3485 3792 3772 3861 θαυμάσας
3806 3793 3835 3845 6

2254 3886 2601 3956 Ἐπιφάνιος,
2643 3888 2740 3940 καὶ
2775 3889 2868 3940 τὸν
2922 3886 3310 3957 φιλάνθρωπον
3353 3884 3489 3939 Θεὸν
3533 3884 3835 3956 ὑπερδοξά-

2243 3996 2365 4047 σας,
2393 3980 2788 4053 ἀσπασάμενος
2820 3983 2913 4034 τὸν
2940 3981 3112 4045 ὅσιον,
3144 3978 3516 4051 ἀνεχώρησεν.

544 4078 769 4126 norunt.
793 4067 1091 4139 Postquam
1117 4067 1455 4138 Epiphanius
1483 4084 1512 4123 e
1542 4067 1661 4123 viro
1717 4078 1911 4125 sancto
1981 4071 2263 4130 didicisset
2304 4075 2466 4145 vulgo
2520 4085 2630 4131 tam
2691 4077 2899 4147 ignota,
2933 4090 3128 4145 magna
3159 4074 3370 4130 defixus
3426 4072 3827 4133 admiratione,

542 4173 599 4217 et
636 4163 1093 4231 benignissimum
1118 4164 1173 4218 in
1206 4178 1381 4234 genus
1420 4165 1651 4220 mortale
1688 4165 1983 4221 Demittunt
2046 4168 2298 4228 laudibus
2341 4184 2687 4243 prosecutus,
2751 4175 2986 4229 salutato
3046 4172 3286 4238 Andrea,
3342 4172 3408 4225 ad
3450 4169 3617 4224 alium
3658 4183 3717 4223 sc
3746 4167 3832 4223 lo-

543 4273 668 4311 cum
707 4256 958 4312 contulit.

619 4345 748 4401 Ml.
786 4345 869 4399 Ad
928 4344 1089 4399 linem
1126 4341 1426 4407 aliquando
1449 4345 1705 4415 vergebat
1746 4346 1958 4403 dierum
1996 4363 2137 4420 qua-

546 4439 797 4508 draginta
848 4436 1146 4507 jejunium,
1204 4446 1260 4491 et
1309 4436 1460 4493 urbis
1518 4436 2142 4509 Constantinopolitana:

547 4529 882 4584 habitatores
943 4527 1110 4583 ramis
1184 4528 1493 4597 palmarum
1578 4529 1863 4598 sacrisque
1918 4512 2215 4599 hymnis”

553 4618 839 4673 Dominum
901 4616 1088 4673 Iesum
1150 4616 1430 4674 Christum
1508 4618 1951 4685 venerabantur;
2013 4633 2141 4676 cum

545 4714 750 4775 virum,
782 4712 955 4769 multa
1003 4712 1202 4767 canitie
1243 4721 1297 4768 et
1327 4713 1515 4767 forma:
1544 4711 1808 4783 dignitate
1844 4713 2138 4784 insignem,

545 4805 815 4877 conspicit
868 4806 930 4860 Β.
988 4807 1236 4863 Andreas
1291 4806 1346 4862 in
1428 4822 1588 4862 sacro
1649 4806 1850 4863 divina:
1926 4805 2142 4877 Sophim

546 4903 780 4970 templo;
866 4901 1165 4957 comitante
1242 4900 1421 4956 virum
1490 4900 1652 4956 turba
1748 4901 2135 4957 inunterabili,

540 4993 846 5061 palmarum
909 5008 1092 5049 ramos
1147 5003 1200 5048 et
1257 5008 1473 5057 cruces,
1523 4990 1756 5062 fulguris
1817 4993 1871 5047 in
1910 4991 2135 5047 modum

542 5094 922 5152 coruscantes,
982 5096 1220 5152 tenente,
1277 5095 1331 5141 et
1384 5084 1874 5157 jucundissimum,
1922 5086 2138 5144 suavis.

543 5175 745 5230 simum
797 5192 863 5232 ac
920 5179 1157 5235 salutare
1207 5178 1381 5235 melos
1427 5190 1711 5250 promente
1754 5199 1768 5236 :
1809 5181 2005 5235 horum
2044 5182 2135 5236 alii

549 5265 689 5322 alios
742 5268 991 5323 modeste
1015 5269 1083 5324 ad
1115 5270 1573 5340 progrediendum
1599 5270 1931 5339 excitabant,
1964 5272 2138 5327 donec

542 5359 610 5414 ad
658 5360 950 5415 amlmuem
1007 5370 1328 5431 perventum
1390 5373 1519 5418 est:
1560 5378 1755 5418 onmes
1804 5372 1987 5419 autem
2018 5363 2138 5434 pul-

544 5450 859 5505 chritudine
900 5450 1060 5507 faciei
1125 5454 1407 5525 conspicui
1462 5463 1619 5510 erant
1673 5471 1838 5526 quam
1869 5455 1963 5525 qui
2017 5470 2137 5509 ma-

543 5544 710 5599 xime.
771 5543 948 5600 Senex
1009 5560 1142 5601 vero
1198 5546 1312 5614 ille,
1369 5562 1535 5617 quam
1571 5548 1812 5615 tenebat,
1837 5547 2131 5615 citharam,

616 5677 741 5749 (5η
801 5676 973 5749 Hujus
1005 5693 1157 5735 zonze
1184 5681 1513 5734 mentionem
1557 5680 1775 5736 invenio
1813 5680 1866 5734 in
1918 5678 2133 5737 Eucho-

545 5744 688 5820 logio
706 5744 898 5814 Costa,
916 5762 1038 5819 pag.
1060 5750 1149 5815 57,
1179 5751 1269 5804 ubi
1299 5752 1504 5805 dicitur
1527 5753 1592 5807 de
1618 5764 1806 5807 recens
1822 5750 2093 5820 baptizata
2116 5767 2130 5803 :

558 5828 576 5860 ι
610 5816 740 5868 ιύει
805 5820 922 5871 dies
986 5816 1195 5889 septem
1264 5823 1462 5877 iterum
1516 5837 1745 5889 puerum
1794 5816 2043 5877 deferunt
2078 5824 2131 5877 iu

2321 4342 2467 4417 ρμα’.
2512 4342 2604 4398 Ἐν
2654 4345 2754 4415 μιᾷ
2799 4343 2982 4397 τοίνυν
3021 4342 3132 4398 τῶν
3178 4343 3406 4414 ⁴ἡμερῶν
3452 4341 3834 4419 πληρωθείσης

2244 4439 2343 4510 τῆς
2370 4440 2532 4509 ἁγίας
2561 4438 3044 4511 Τεσσαρακοστῆς,
3077 4440 3172 4493 καὶ
3203 4439 3299 4492 τοῦ
3330 4440 3572 4513 πλήθους
3595 4442 3694 4511 τῆς
3731 4441 3833 4513 βα-

2244 4533 2565 4605 σιλευούσης
2588 4532 2817 4600 πόλεως,
2860 4534 3035 4604 βαῒοις
3062 4535 3154 4587 καὶ
3193 4533 3385 4604 ὕμνοις
3427 4536 3518 4587 τὸν
3548 4537 3835 4607 Δεσπότην

2242 4625 2479 4696 Χριστὸν
2502 4623 2995 4696 ἀνευφημούντων,
3033 4623 3181 4696 ἑώρα
3207 4625 3237 4676 6
3261 4625 3535 4696 μακάριος
3576 4625 3836 4698 Ἀνδρέας

2242 4716 2413 4789 ἄνδρα
2466 4715 2676 4783 πολιὸν,
2722 4719 2816 4770 καὶ
2867 4717 3012 4770 πάνυ
3066 4716 3267 4787 ὡραῖον
3315 4718 3373 4769 ὲν
3418 4721 3486 4789 τῇ
3562 4718 3694 4789 ἁγίᾳ
3734 4719 3836 4773 τοῦ

2241 4806 2379 4862 Θεοῦ
2408 4806 2604 4881 Σοφίᾳ,
2638 4807 2781 4879 μετά
2810 4808 3053 4879 πλήθους
3083 4811 3499 4879 παραγεγονότα
3524 4810 3837 4884 ἀναριθμήη

2239 4917 2358 4967 του,
2382 4900 2713 4972 κρατοῦντος
2743 4898 2871 4972 βάῖα
2902 4903 2998 4954 καὶ
3044 4903 3302 4972 σταυρία,
3339 4900 3634 4973 ἀστραπῆς
3681 4902 3839 4956 διαύ-

2240 5007 2398 5060 γειαν
2429 4991 2919 5062 ἐκπέμποντα,καὶ
2951 4990 3256 5063 ἑμελῴδουν
3290 4990 3455 5062 μέλος
3477 4991 3710 5062 τερπνὸν
3738 4991 3840 5045 καὶ

2240 5078 2338 5156 ἡδὺ
2370 5086 2467 5140 καὶ
2521 5087 2792 5157 σωτήριον
2814 5102 2829 5118 ο
2871 5085 3059 5155 ἕτερος
3088 5085 3144 5138 δὲ
3177 5084 3255 5155 τῷ
3297 5085 3470 5154 ἑτέρῳ
3505 5082 3841 5137 ὑποκελευό-

2242 5193 2394 5248 μενοι
2424 5176 2772 5248 προέὄαινον,
2804 5176 2882 5241 ὡς
2925 5179 3019 5231 ἐπὶ
3048 5177 3141 5231 τὸν
3182 5177 3412 5247 ᾶμσωνα
3443 5175 3834 5247 πορευόμενοι,

2239 5270 2418 5340 ὡραῖα
2458 5269 2530 5322 τά
2577 5271 2848 5341 πρόσωπα
2896 5269 3134 5341 ἔχοντες.
3200 5268 3260 5323 '0
3303 5268 3373 5322 δὲ·
3398 5268 3583 5332 πολιὸς
3621 5268 3840 5330 ἐκεῖνος

2239 5365 2460 5433 κατεῖχε
2512 5363 2773 5435 κιννύραν
2835 5364 2930 5417 καὶ
2973 5363 3169 5435 ἔκρουε
3220 5361 3316 5424 τὰς
3369 5360 3570 5432 χορδάς
3608 5359 3835 5427 ὑποφωο

2238 5455 2346 5509 νῶν
2376 5458 2487 5520 τοῖς
2514 5455 2831 5526 ψάλλουσιν,
2859 5456 3000 5509 ὥστε
3032 5454 3367 5526 ἐνηχηθέντα
3410 5453 3504 5507 τὸν
3558 5453 3838 5525 μακάριον

2224 5620 2229 5626 ⁵
2240 5549 2492 5620 μεγάλως
2523 5551 2617 5604 καὶ
2645 5550 2947 5622 τερφθέντα
2972 5551 3038 5621 τῇ
3069 5547 3295 5621 θεωρίᾳ,
3326 5549 3615 5621 σκιρτῆσαί
3643 5564 3705 5600 τε
3731 5545 3836 5598 καὶ

2239 5687 2526 5762 ecclesiam
2560 5697 2619 5742 ut
2648 5687 2943 5762 abluatur,
2980 5688 3273 5762 linteisque
3306 5706 3430 5747 eum
3459 5689 3618 5747 solvit
3648 5700 3837 5744 sacer-

2239 5760 2359 5825 dos,
2393 5768 2447 5815 et
2480 5773 2675 5815 zonam
2716 5760 2992 5830 discingit.
3023 5780 3043 5814 ι
