4090 6422
499 353 599 416 791
1567 346 1983 408 NICEPHORI
2028 344 2509 405 PRESBYTEBI
2550 345 2661 406 (ΣΡ.
3665 332 3776 395 792

496 465 623 523 est?
663 463 860 520 Verum
901 460 1250 535 accingamur
1276 470 1331 517 et
1352 475 1474 525 nos,
1509 458 1692 514 anima
1727 471 1871 522 mea,
1894 456 1961 511 ad
1992 455 2080 509 illa
2113 498 2123 524 Α

2229 453 2414 525 ακρὰν
2450 454 2562 523 γὰρ
2610 451 2706 505 καὶ
2757 451 2994 522 ἁπίομεν
3023 448 3257 517 ἐκεῖθεν,
3293 450 3430 503 ὅπου
3476 449 3510 518 ἡ
3560 443 3702 516 ταγὴ
3738 447 3773 514 ἡ

497 575 620 630 quae
645 560 872 623 instant,
912 566 963 612 et
993 570 1214 613 manum
1242 553 1394 625 operi
1431 551 1821 607 admoveamns
1846 549 2078 603 iterum:

2233 545 2443 617 ιλτάτη,
2475 544 2574 599 καὶ
2599 544 2662 598 τὸ
2720 544 2866 615 ὓδωρ
2915 543 2979 598 τὸ
3013 544 3340 614 μελίρῤυτον
3367 556 3381 570 °
3421 539 3647 609 ἄγωμεν
3680 552 3779 590 τασ-

500 666 609 707 non
667 651 814 707 enim
872 651 1102 705 multum
1162 654 1411 717 superest
1459 642 1742 712 temporis,
1800 655 1922 695 cum
1956 632 2085 694 illuc

2229 636 2375 690 ξεινον
2431 636 2941 706 παραπεφυρμένον
2990 636 3229 705 ὀνάριον,
3259 635 3333 698 ὡς
3368 633 3461 687 τὸν
3514 629 3719 700 Κύριον
3747 629 3778 681 6

498 743 809 799 abeundum
833 742 960 806 erit,
994 740 1086 796 ubi
1121 740 1275 794 cibus
1300 734 1648 808 gratissimus
1668 739 1722 786 et
1752 738 1911 801 potus
1951 727 2084 782 mel-

2229 727 2413 795 :d'i).o.;:
2445 729 2547 801 τὴν
2595 729 2980 801 πνευματικὴν
3035 727 3303 799 ἐργασίαν
3368 723 3643 794 ἑλώμεθα,
3707 718 3778 773 ἵν’

498 840 548 895 le
571 840 783 895 dulcior
804 838 1117 893 invenitur:
1150 843 1340 904 agatur
1366 828 1600 887 stolidus
1643 825 1887 897 corporis
1909 823 2084 879 nostri

2229 839 2322 875 ταν
2348 821 2410 876 τὸ
2445 822 2545 892 μὲν
2597 822 2843 890 ἀφίεται,
2871 821 2934 875 τὸ
2965 821 3023 875 δὲ
3059 819 3574 890 παραλαμϐάνεται,
3616 827 3780 867 κατο-

499 931 720 998 asellus,
785 926 1245 1001 quemadmodum
1297 923 1478 995 pullus
1526 918 1690 984 asini,
1745 916 1839 988 qui
1895 915 2076 971 Domi-

2229 914 2430 986 ιθῶμεν
2457 917 2538 980 εἰς
2571 915 2883 987 ἀπάντησιν
2926 916 3021 970 τοῦ
3066 917 3276 988 Κυρίου
3324 914 3435 969 ἀπὸ
3460 913 3569 967 τῶν
3604 909 3780 978 ἁγίων

500 1038 631 1079 num
689 1022 959 1094 portavit;
989 1019 1254 1090 eligamus
1282 1028 1510 1086 operum
1550 1018 1863 1068 sanctarum
1918 1023 2079 1063 exer-
2188 1007 2458 1078 ἀγγέλων.

499 1114 712 1177 citium,
762 1123 823 1169 ut
859 1127 983 1168 cum
1036 1110 1181 1166 aliud
1232 1106 1637 1166 dimittendum,
1694 1100 1840 1156 aliud
1896 1098 2269 1170 recipiendum
2300 1099 2426 1167 erit,
2454 1100 2862 1171 conspiciamur
2916 1118 2946 1156 a
3007 1101 3216 1157 sanctis
3251 1099 3458 1171 angelis
3494 1097 3548 1152 in
3587 1108 3785 1151 occur-

503 1229 624 1268 sum
670 1209 880 1264 Dcmini
903 1222 1216 1279 properare.

576 1304 699 1360 144.
734 1302 916 1357 Finito
941 1299 1046 1356 hoc
1076 1313 1334 1354 sermone
1366 1294 1893 1352 instituitcursitare
1913 1300 1965 1348 et
1984 1289 2099 1346 cal-

2272 1284 2415 1357 ρμδ’.
2456 1283 2643 1338 Ταῦτα
2677 1283 2941 1355 εἰρηκὼς,
2976 1282 3141 1336 ἔϐαλε
3193 1282 3381 1336 σάσειν
3408 1284 3505 1336 καὶ
3533 1282 3787 1354 τρέχειν

505 1392 706 1448 citrare
740 1406 757 1448 :
786 1389 1055 1460 (ιιιοιιαιιιιί
1069 1401 1168 1458 pro
1203 1385 1413 1441 foribus
1475 1384 1591 1439 suis
1627 1382 1847 1455 opilleio
1895 1378 2093 1437 intenti

2231 1377 2249 1431 ί
2281 1377 2340 1431 δὲ
2370 1375 2735 1447 καθεζόμενοι
2762 1377 2821 1429 ὲν
2850 1377 2973 1439 ταῖς
2996 1377 3282 1447 ἐργασίαις
3327 1375 3437 1446 πρὸ
3462 1375 3573 1430 τῶν
3605 1376 3787 1447 θυρῶν

503 1485 787 1550 sedebant,
845 1481 1052 1551 quique
1104 1480 1228 1535 illae
1254 1477 1585 1540 transibant,
1612 1472 1937 1544 conspicati,
1982 1470 2098 1527 cla-

2229 1468 2407 1532 .ὒτῶν,
2460 1468 2559 1522 καὶ
2593 1469 2643 1522 oi
2684 1466 3038 1533 διοδεύοντες,
3083 1469 3381 1540 βλέποντες
3429 1467 3663 1522 σάσοντα
3688 1468 3787 1522 αὖ·

507 1576 772 1631 mabant:
831 1571 961 1645 Liga
1014 1572 1253 1639 asinum,
1315 1571 1418 1642 liga
1464 1571 1725 1630 asinum;
1775 1574 1831 1621 et
1875 1572 2099 1620 sanctus

2233 1560 2314 1625 ὸν,
2350 1559 2537 1630 ἔλεγον
2561 1575 2579 1593 ·
2610 1560 2786 1631 Δῆσαι
2818 1560 2912 1613 τὸν
2938 1560 3081 1625 όνον,
3109 1559 3271 1631 δῆσαι
3302 1559 3394 1615 τὸν
3434 1560 3578 1615 ὄνον.
3641 1559 3709 1612 '0
3728 1558 3787 1612 δὲ

480 1669 755 1725 similiter
787 1666 1059 1723 clamabat
1093 1684 1106 1719 :
1137 1664 1375 1735 Sepelite
1411 1661 1614 1724 asinos,
1651 1658 1894 1729 sepelito,
1921 1669 2097 1727 quan-

2229 1650 2479 1720 ιακάριος
2532 1649 2760 1718 ἔλεγεν·
2829 1650 3054 1720 Θάψατε
3115 1652 3246 1715 τοὺς
3303 1650 3494 1719 ὅνους,
3558 1651 3789 1721 θάψατε,

505 1759 801 1833 doquidem
854 1755 1090 1813 emortui
1120 1763 1284 1820 sunt;
1336 1764 1387 1808 et
1416 1751 1484 1807 ad
1518 1750 1823 1806 clamantes
1861 1759 2094 1801 conver-

2235 1742 2393 1811 πειδὴ
2411 1741 2895 1812 τετελευτήκασιν.
2930 1743 3123 1812 Ἔλεγε
3164 1744 3222 1798 δὲ
3268 1746 3301 1798 6
3327 1745 3474 1807 ὅσιος
3526 1743 3661 1815 πρὸς
3689 1743 3805 1796 αὺο.

509 1807 801 1833 ,πη----ω
860 1807 1088 1813 φωρ,
1120 1807 1200 1810 --ν
1236 1807 1283 1820 κ,
1346 1807 1351 1808 ,

506 1864 601 1904 sus
633 1847 859 1914 :Meus,
916 1845 1238 1916 inquiebat,
1301 1843 1526 1905 asinus,
1575 1836 1793 1893 tametsi
1815 1836 2097 1900 calcitret,

2229 1836 2350 1901 οὺς,
2378 1807 2575 1905 δτιπερ
2622 1807 2858 1906 Ὀ-ὲμὸς
2903 1836 3043 1902 ὄνος,
3069 1807 3183 1891 κᾶν
3224 1837 3456 1909 λακτίζῃ
3487 1876 3499 1900 ,
3550 1807 3789 1899 εὐσεϐῶς

506 1895 599 1904 η-
633 1895 859 1914 ----.-,
916 1895 1192 1916 ---τ---πη
1223 1895 1237 1907 .
1512 1895 1524 1905 ,
2083 1895 2092 1900 -

506 1943 593 2014 pie
645 1939 815 2007 vivit;
866 1946 923 1992 at
953 1946 1132 1994 vester
1157 1935 1269 2006 jam
1310 1948 1574 2003 nuncper
1630 1938 1915 2001 peccatum
1950 1942 2101 1982 mor-

2233 1930 2266 1999 ᾗ
2295 1895 2378 1981 ’Πὸ
2408 1928 2468 1981 δὲ
2497 1895 2770 1999 ὑμέτερος
2793 1895 2895 2000 ἤδη
2925 1895 3193 1998 τέθνηκεν
3255 1928 3363 1981 ὑπὸ
3382 1895 3786 1998 τῆνςνάμαρτίας

509 2046 637 2087 tuus
689 2041 744 2086 et
795 2030 1158 2102 putrelactus,
1218 2027 1471 2097 sepulcro
1503 2022 1817 2078 condendas
1870 2027 1975 2082 est,
2033 2033 2101 2073 ne

2229 2023 2299 2074 ιαί
2328 2021 2625 2091 σέσηπται,
2663 2025 2760 2076 καὶ
2791 2023 2929 2093 πρὸς
2960 2021 3022 2074 τὸ
3049 2022 3123 2091 μὴ
3150 2020 3336 2074 πνέειν
3377 2020 3492 2091 (56)
3537 2020 3666 2082 τοὺς
3695 2019 3782 2071 ἀν-

508 2123 703 2179 l‘tetore
733 2137 833 2178 suo
863 2120 1115 2176 homines
1146 2119 1373 2174 inliciat.
1653 2152 1668 2167 .

2229 2112 2481 2182 ιρὼπονς,
2523 2113 2793 2167 ἐπιδέεται
2827 2111 3026 2183 ταφῆς.

1939 2212 2169 2344 (λειριιτ
2217 2247 2360 2304 XIX.

515 2384 844 2456 Epiphanius
882 2381 1196 2434 tertiatioues
1236 2378 1411 2432 carnis
1465 2384 1676 2446 superat
1717 2390 1735 2427 :
1785 2383 1833 2428 et
1873 2372 2091 2495 ιίίρὶσοᾶιὶ
2162 2374 2359 2495 iurgari
2406 2372 2723 2427 Iron-(mlum
2775 2373 3000 2425 intuitus
3044 2372 3267 2434 exitum,
3326 2369 3439 2438 ejus
3464 2378 3681 2438 peccata
3718 2367 3785 2423 ab

1981 2458 2012 2494 η
2058 2459 2143 2496 νεα
2175 2458 2240 2496 au
2286 2442 2350 2496 it.

1981 2458 2048 2494 na
2058 2459 2143 2496 rea
2175 2458 2350 2496 αιιαιι.

584 2573 710 2629 145.
745 2570 985 2640 Contigit
1017 2583 1112 2639 per
1172 2566 1303 2621 illud
1344 2576 1578 2633 (euripus,
1611 2560 1962 2632 impudicitiae
1998 2559 2107 2615 da:-

2289 2568 2430 2631 ρμε’.
2468 2560 2679 2631 Συνέϐη
2711 2559 2769 2613 δὲ
2798 2557 2874 2629 τῷ
2907 2558 3085 2629 καιρῷ
3131 2558 3329 2628 ἐκείνῳ
3363 2558 3566 2628 ἐπᾶραι
3593 2557 3794 2627 θράσος

513 2681 732 2724 monem
797 2664 1008 2733 erigere
1066 2673 1274 2714 cornua
1329 2666 1519 2711 contra
1576 2653 1986 2726 Epiphanium,
2051 2661 2107 2706 et

2229 2653 2517 2717 ιδιάϐολος
2576 2651 2721 2706 κατὰ
2761 2650 3108 2721 Ἐπιφανίου,
3157 2651 3251 2705 καὶ
3294 2649 3542 2715 ἐξέκαιεν
3573 2648 3738 2702 αὐτὸν
3767 2650 3795 2701 6

515 2773 713 2830 magno
768 2756 954 2811 lurore
997 2763 1203 2815 aetum,
1239 2747 1482 2805 libidinis
1526 2747 1575 2801 ci
1613 2746 1762 2801 iaces
1808 2741 2108 2812 subjicere.

2229 2749 2315 2818 τῆς
2346 2747 2609 2819 πορνείας
2632 2746 2843 2809 δαίμων
2861 2745 3138 2816 χαλεπῶς,
3166 2744 3398 2815 μεγίστῃ
3426 2743 3593 2813 μανίᾳ
3620 2757 3798 2811 προσ-

516 2848 886 2917 Qnamobrem
945 2843 1295 2899 castissimus
1360 2840 1681 2895 adolescens
1737 2836 1925 2891 dolore
1964 2833 2111 2905 angi,

2229 2841 2536 2912 ρερόμενος.
2609 2841 2828 2894 Ἢνιᾶτο
2870 2834 2964 2894 οὖν
3023 2840 3052 2891 ό
3107 2836 3344 2906 τερπνὸς
3402 2835 3642 2917 νεανίας,
3700 2834 3798 2887 καὶ

516 2943 700 2997 animo
721 2937 1088 3001 eonsternari,
1112 2951 1174 2990 ac
1212 2943 1452 2989 metuere
1483 2947 1549 2986 ne
1586 2930 1725 2986 forte
1746 2927 2115 2984 adolescentia

2229 2933 2457 3006 ίλτχαλλε
2514 2935 2856 3004 πτοούμενος
2896 2931 2973 3003 μὴ
3023 2929 3225 3002 μιανθῇ
3260 2930 3293 2999 ἡ
3323 2915 3556 2997 φιλτάτη
3607 2925 3800 2996 νεότης

519 3050 620 3090 sua
651 3031 956 3089 foedissimo
986 3029 1187 3085 sordidi
1215 3026 1425 3097 peccati
1449 3024 1563 3078 Ιιιιο
1608 3021 2110 3079 contaminaretur:

523 3130 648 3181 hinc
702 3136 754 3181 ct
806 3124 1034 3195 jejuniis
1090 3120 1397 3191 vigiliisque
1422 3120 1615 3173 crebro
1642 3130 1700 3172 se
1731 3114 1916 3177 dabat,
1965 3110 2105 3165 divi-

2229 3123 2321 3194 μὲν
2372 3123 2467 3175 καὶ
2520 3121 2816 3192 ἐνήστευε,
2875 3118 2973 3172 καὶ
3020 3115 3293 3187 ἠγρύπνει

522 3233 759 3289 namque
782 3212 1179 3285 cumlacrymis
1207 3210 1499 3266 invocabat
1521 3222 1710 3278 opem,
1747 3213 1805 3261 ut
1832 3219 1898 3258 ne
1932 3202 2113 3259 istius-

525 3312 671 3367 modi
723 3309 921 3365 animre
980 3320 1093 3361 Suae
1152 3304 1367 3357 ruinam
1404 3301 1731 3355 incurreret.
1781 3295 1897 3351 Non
1929 3302 2108 3348 tamen

522 3402 789 3459 continuo
819 3400 1000 3453 minus
1038 3395 1269 3451 infestus
1301 3393 1514 3448 daemon
1562 3388 1795 3453 institit,
1819 3385 2114 3457 ingerendo

525 3511 618 3564 per
658 3491 841 3547 carnis
869 3490 1126 3547 stimulos
1173 3485 1409 3557 cogitata
1449 3498 1638 3554 prava,
1676 3479 1876 3551 quibus
1933 3478 2112 3547 ipsum

526 3587 833 3642 conabatur
873 3582 927 3637 in
998 3580 1243 3636 libidinis
1295 3592 1514 3633 caenum
1562 3570 1946 3630 miserabiliter
2010 3569 2114 3623 im-

529 3695 806 3752 mergere,
864 3687 917 3734 ct
991 3673 1307 3746 praeclaram
1380 3670 1576 3725 animae
1651 3662 2113 3737 pulchritudinem

527 3775 912 3844 exstinguere;
943 3769 1071 3824 hinc
1113 3775 1170 3821 et
1203 3766 1593 3837 phantasmata
1625 3760 1675 3814 ci
1711 3759 1859 3812 varia
1891 3755 2117 3826 objicie-

531 3870 622 3923 hat
650 3843 744 3937 per
785 3863 1049 3936 quietem,
1082 3857 1334 3914 videlicet
1371 3870 1496 3910 eum
1540 3848 1859 3907 mul'eriLus
1912 3843 2119 3917 putidis

530 3965 709 4032 ipsum
749 3973 863 4014 rem
877 3956 1078 4013 habere
1100 3961 1155 4009 et
1182 3960 1405 4022 peccato
1434 3945 1765 4002 consentire.
1795 3941 1862 3995 At
1886 3937 2124 4009 Epipha-

531 4025 679 4114 nius,
721 4048 938 4118 quoties
974 4044 1174 4099 talibus
1202 4039 1533 4111 imaginibus
1573 4031 2020 4089 inﬂammabatur
2053 4025 2120 4081 ad

531 4137 838 4204 .‘ibidinem,
872 4137 1065 4192 uncias
1089 4141 1200 4188 tres
1227 4130 1359 4188 salis
1385 4128 1732 4193 masticabat,
1776 4132 1968 4195 gustus
2000 4136 2125 4177 sen-

534 4248 653 4286 sum
715 4230 1064 4292 excrucians,
1114 4233 1170 4280 et
1221 4220 1548 4280 salsedinem
1587 4219 1870 4291 aegerrime
1889 4217 2119 4271 ferens:

539 4321 924 4393 cogitabatque
980 4320 1189 4374 interea
1230 4331 1353 4372 cum
1411 4313 1623 4377 timore,
1659 4328 1725 4367 ne
1756 4310 1896 4365 [orte
1923 4306 1977 4362 in
2020 4307 2126 4362 isto

537 4416 681 4475 bello
708 4411 936 4467 inferior
958 4410 1119 4465 l'oret.

2216 3027 2382 3083 αὐτοῦ
2402 3027 2481 3099 τῷ
2513 3027 2762 3098 βορϐόρῳ
2789 3027 2888 3095 τῆς
2923 3022 3245 3094 κοπρώδους
3276 3019 3543 3082 δυσωδίας
3570 3035 3584 3050 ’
3626 3017 3799 3072 πολλὰ

3323 3155 3338 3178 ,
3397 3114 3491 3167 καὶ
3533 3110 3800 3181 δάκρυσιν

2216 3213 2540 3267 ἐπεκαλεῖτο
2564 3210 2657 3267 τὸν
2687 3210 2845 3276 Θεὸν,
2887 3209 2964 3279 μὴ
2998 3208 3266 3278 ἐμπεσεῖν
3296 3207 3376 3267 είς
3403 3205 3504 3273 τὴν
3542 3201 3803 3270 τοιαύτην

2217 3306 2517 3361 ἀπώλειαν.
2552 3303 2665 3358 Καὶ
2687 3302 2789 3357 οὐκ
2819 3300 3200 3371 ἀπηλλάσσετο
3231 3296 3382 3369 αὑτῷ
3406 3298 3437 3350 6
3469 3296 3803 3367 κατάρατος,

2218 3401 2317 3456 καὶ
2354 3401 2468 3462 τοῖς
2513 3399 2775 3468 πονηροῖς
2809 3394 3094 3464 λογισμοῖς
3122 3392 3211 3446 διὰ
3233 3391 3331 3460 τῆς
3367 3389 3670 3460 πυρώσεως
3702 3388 3805 3454 τῆς

2221 3492 2429 3565 σαρκὸς
2485 3489 2916 3559 ὕπαναγκάζων,
2970 3479 3153 3541 εἷλκεν
3197 3483 3432 3555 οἰκτρῶς
3470 3485 3531 3536 ἐν
3572 3480 3652 3553 τῷ
3705 3481 3806 3550 τῆς

2219 3585 2478 3655 λαγνείας
2507 3583 2622 3656 (57)
2652 3582 2923 3653 βορϐόρῳ,
2953 3579 3046 3633 καὶ
3081 3578 3144 3632 τὸ
3179 3577 3373 3631 τούτου
3408 3574 3639 3646 ψυχικὸν
3674 3571 3807 3626 κάλα

2219 3682 2312 3743 λος
2348 3678 2562 3742 σϐέσαι,
2595 3675 2739 3730 ὥστε
2780 3674 2879 3729 καὶ
2932 3672 3077 3726 κατὰ
3107 3672 3234 3734 τοὺς
3262 3669 3470 3732 ὕπνους
3499 3665 3809 3738 ὲφάνταζεν

2223 3772 2388 3827 αὐτὸν
2415 3767 2834 3839 ἀναμίγνυσθαι
2863 3767 3064 3835 γύναια
3097 3762 3340 3832 δυσώδη,
3383 3760 3476 3815 καὶ
3516 3762 3583 3831 τῇ
3632 3760 3811 3829 ἀμαρ-

2224 3866 2316 3937 τίᾳ
2345 3863 2728 3932 συγγίνεσθαι.
2767 3859 2995 3922 Ὁσάκις
3024 3857 3082 3911 δὲ
3129 3854 3464 3924 ὲφαντάζετο
3510 3854 3812 3921 ἀνιστάμεο

2224 3977 2314 4023 νος
2359 3957 2509 4031 (58),
2563 3956 2717 4026 τρεῖς
2764 3952 2961 4021 όγκίας
3008 3950 3206 4012 ἆλατος
3252 3947 3443 4020 ἧσθιε,
3505 3944 3813 4014 πικραίνων

2227 4052 2330 4119 τὴν
2377 4048 2656 4119 αἴσθησιν,
2694 4047 2792 4101 καὶ
2835 4044 3026 4106 δεινῶς
3073 4044 3273 4112 ἔφερεν
3324 4038 3433 4093 ὑπὸ
3462 4038 3558 4108 τῆς
3591 4036 3771 4106 ἅλμης
3795 4051 3810 4065 ·

2227 4143 2324 4197 καὶ
2386 4144 2446 4195 ὲν
2515 4139 2693 4209 τούτῳ
2770 4139 3019 4191 κατενόει
3071 4135 3172 4199 ⁹τοῦ
3239 4131 3480 4202 πολέμου
3556 4124 3813 4181 ἐλαττού-

2232 4252 2414 4306 μενον.

614 4504 737 4558 liti.
800 4499 941 4556 Tum
992 4514 1123 4555 vero
1183 4499 1237 4554 in
1290 4496 1498 4555 somnis
1532 4494 1883 4564 conspicuum
1935 4488 2123 4545 habuit

2307 4487 2463 4553 ρμς¹.
2501 4479 2604 4534 Ἰδε
2657 4478 2713 4532 δὲ
2751 4477 2891 4534 κατὰ
2936 4477 3027 4531 τὸν
3054 4475 3155 4547 τῆς
3189 4471 3448 4547 πορνείας
3473 4471 3706 4541 δαίμονα
3740 4467 3817 4532 ὡς

538 4600 770 4655 luxuria:
819 4596 1142 4661 dmmonem,
1185 4592 1521 4649 simillimum
1558 4590 1748 4643 lutosze
1782 4584 1886 4650 sui,
1941 4597 2129 4639 excre-

548 4693 746 4748 mentis
800 4689 1056 4745 humanis
1105 4686 1370 4751 oblitum;
1424 4683 1830 4744 stabatautcm,
1864 4686 1918 4734 et
1951 4675 2126 4748 gravi~

541 4799 624 4843 ter
654 4784 933 4856 spirabat;
971 4782 1048 4837 illi
1072 4795 1200 4836 vero
1229 4795 1294 4834 cx
1337 4776 1591 4849 opposito
1630 4773 1885 4830 stabatet
1909 4768 2129 4841 juvenis

543 4878 894 4940 candidatus,
929 4876 1044 4945 qui,
1070 4868 1224 4942 quod
1260 4886 1426 4926 manu
1458 4868 1683 4925 tenebat
1707 4862 2127 4922 acerbissimum

544 4971 825 5043 poculum,
853 4966 1174 5023 verberibus
1203 4963 1453 5034 adigebat
1478 4960 1779 5015 dzemonem
1801 4959 1979 5026 ipsum
2001 4967 2132 5010 eva-

545 5079 732 5119 cuare.
796 5062 1017 5118 Daemon
1059 5076 1210 5127 vero,
1262 5058 1439 5127 impos
1467 5055 1552 5110 sui
1583 5068 1693 5124 prae
1718 5050 1923 5113 furore,
1960 5048 2132 5103 inter-

552 5157 777 5228 rogabat
802 5155 1151 5210 candidatum
1204 5150 1628 5212 adolescentem,
1662 5160 1760 5201 eur
1798 5158 1858 5200 se
1883 5141 1949 5197 ad
1996 5139 2136 5193 hau-

551 5251 800 5306 riendum
853 5247 1120 5319 scyphum
1151 5244 1303 5300 illum
1348 5242 1610 5313 adigeret.
1644 5238 1743 5294 Cui
1778 5238 1853 5291 ita
1905 5245 2135 5303 respon-

548 5344 630 5399 dit
672 5342 763 5399 ille
800 5360 814 5397 :
852 5342 1122 5409 Quoniam
1183 5347 1239 5394 tu
1301 5336 1562 5392 famulum
1616 5330 1832 5386 Domini
1897 5327 2136 5399 Epipha-

553 5436 703 5492 nium
726 5433 1020 5493 salsedinis
1041 5431 1342 5487 acrimonia
1372 5426 1595 5499 coegisti
1612 5423 1928 5480 excruciare
1958 5420 2135 5475 visce—

555 5545 616 5584 ra
677 5544 797 5594 sua,
862 5525 1173 5583 examinato
1209 5537 1365 5595 aequa
1424 5518 1649 5591 iustitia:
1692 5516 1889 5571 divinae
1931 5514 2134 5567 trutina

622 5662 739 5799 (56)
765 5662 865 5718 Ms.
919 5661 1123 5718 Mazar.
1154 5658 1321 5724 δζειν.

629 5733 714 5795 (57
790 5734 1136 5789 lnserebatur
1173 5731 1263 5787 hic
1296 5731 1319 5782 ὲ

629 5729 739 5799 (57)
790 5734 1136 5789 lnserebatur
1173 5731 1263 5787 hic
1296 5729 1572 5800 ὲνσθῆναι.

632 5793 741 5870 (58)
772 5803 1037 5860 insertum
1076 5812 1212 5871 erat,
1243 5793 1459 5874 βράξων
1501 5799 1599 5871 τὴν
1628 5798 1808 5868 φύσιν.
1859 5793 2012 5861 Quod
2044 5809 2141 5848 au-

2233 4576 2422 4646 ὂμοιον
2454 4575 2626 4645 χοίρῳ
2674 4570 3169 4644 βεϐορϐορωμένῳ,
3207 4566 3568 4639 κεχρισμένον
3608 4563 3820 4632 ἀνθρω-

2234 4670 2395 4732 πείας
2426 4668 2657 4737 κόπρου,
2709 4665 2920 4719 ἑστῶτα
2948 4664 3044 4718 καὶ
3072 4660 3421 4715 ἀποπνέοντα
3451 4673 3466 4688 ο
3510 4657 3727 4718 νεανίας
3756 4655 3818 4709 δέ

2234 4778 2316 4825 τις
2341 4759 2648 4830 λευχείμων
2667 4757 2947 4829 ἠνάγκαζε
2974 4756 3121 4808 πιεῖν
3153 4769 3168 4786 ο
3202 4754 3231 4806 6
3277 4751 3333 4805 δὲ
3363 4750 3487 4804 οὐδὲ
3523 4750 3614 4804 τὸν
3647 4748 3821 4818 θυμὸν

2234 4852 2469 4923 ἠδύνατο
2498 4853 2709 4920 φέρειν.
2751 4849 2973 4919 Ἥρώτα
3016 4844 3072 4898 δὲ
3107 4845 3135 4897 6
3168 4843 3339 4915 μέλας
3369 4843 3461 4895 τὸν
3490 4839 3821 4911 λευχείμονα

2235 4944 2412 5013 λέγων
2447 4957 2463 4973 ⁸
2500 4939 2670 5005 Λέξον
2706 4956 2794 5009 μοι
2827 4939 2895 4992 δι’
2924 4937 2992 5008 ἢν
3025 4934 3207 4989 αἰτίαν
3240 4933 3448 5004 βιάζεις
3482 4949 3547 5002 με
3586 4933 3729 4983 πιεῖν
3758 4929 3822 4981 τὸ

2238 5037 2494 5108 ποτήριον
2518 5052 2533 5100 ;
2574 5034 2637 5088 Ὀ
2661 5032 2718 5087 δὲ
2740 5032 2879 5103 πρὸς
2913 5031 3077 5085 αὐτὸν
3100 5030 3206 5100 ἔφη
3232 5044 3250 5060 ·
3289 5025 3508 5096 Ἐπειδὴ
3539 5025 3602 5089 σὺ
3629 5021 3824 5092 ἐποίη-

2241 5148 2340 5195 σας
2379 5129 2475 5183 τὸν
2528 5127 2694 5182 παῖδα
2741 5125 2951 5198 Κυρίου
2990 5121 3309 5193 Ἐπιφάνιον
3341 5120 3521 5190 ἅλμην
3561 5114 3825 5187 δριμύξα-

2243 5225 2368 5279 σθαι
2397 5223 2467 5278 τὰ
2492 5222 2647 5286 ἐντὸς
2672 5220 2863 5284 αὐτοῦ,
2896 5222 2964 5292 τῇ
3001 5212 3373 5286 δικαιοκρισίᾳ
3407 5210 3503 5266 τοῦ
3535 5208 3671 5264 Θεοῦ
3695 5211 3821 5262 ὲτιο

2241 5316 2473 5388 ζόμενος
2508 5314 2641 5386 περὶ
2685 5314 2907 5379 τούτου,
2959 5309 3117 5372 δίκας
3158 5306 3255 5361 νῦν
3297 5302 3539 5375 ὀφείλεις
3592 5304 3825 5370 εἰσπρα-

2239 5410 2460 5482 χθῆναι.
2489 5402 2626 5461 Eine
2651 5407 2708 5460 δὲ
2739 5406 2768 5458 6
2804 5404 2974 5476 μέλας
2999 5414 3015 5430 ⁸
3046 5399 3182 5455 Οὐαί
3209 5415 3322 5469 μοι,
3358 5395 3543 5465 Πάτερ
3566 5393 3661 5448 καὶ
3691 5396 3821 5460 προσ

2244 5502 2440 5570 στὰτα,
2474 5501 2558 5554 ὅτι
2588 5498 2761 5553 θέλων
2796 5493 3133 5569 θεραπεῦσαί
3172 5507 3231 5545 σε
3261 5488 3473 5551 τούτοις
3498 5488 3608 5551 τοῖς
3631 5482 3825 5546 δεινοῖς

2245 5657 2349 5702 tem
2396 5642 2655 5700 continuo
2678 5636 2926 5709 sequitur
2976 5634 3123 5706 τρεῖς
3151 5629 3369 5702 ὀγκίας,
3412 5627 3466 5682 ἱιι
3513 5623 3711 5690 Μαιητ,
3747 5622 3826 5677 lc-

2244 5719 2387 5785 gitur
2418 5714 2563 5785 τρεῖς
2589 5712 2835 5781 οὺγγίας.
