4090 6456
457 313 569 377 793

1637 321 1816 382 VITA
1857 322 1918 382 S.
1963 320 2295 383 ANDREgE
2339 326 2534 388 ΒΑΜ.

3637 334 3739 397 τθί

459 426 866 498 περιπέπτωκα
899 427 912 480 l
949 429 1014 481 Ὤ
1050 428 1159 499 βία,
1199 429 1244 482 ὥ
1275 429 1389 501 βία,
1427 430 1535 484 ἀπὸ
1579 431 1698 497 σοῦ,
1733 431 2045 503 Ναζαρηνέ,

2154 434 2296 489 facto
2324 445 2437 504 tuo,
2481 452 2674 506 poenas
2702 441 2939 509 pendere
2983 443 3212 501 meritas
3244 453 3299 502 te
3323 457 3556 516 Oportet.
3599 445 3740 500 Tum

458 519 652 574 καθότι
691 519 759 574 τὰ
795 521 947 586 ἐντός
987 539 1088 592 μου
1129 523 1464 594 διέπρησαςῑ
1514 521 1701 577 Ταῦτα
1761 523 2039 595 εἰρηκὼς,

455 611 752 682 δῖξάμενος
787 615 848 667 τὺ
891 616 1176 688 ποτήριον,
1228 617 1321 689 βίᾳ
1366 616 1523 670 ἔπιεν
1567 634 1580 648 ·
1631 617 1728 670 καὶ
1778 616 2046 688 πλησθεὶς

461 705 640 776 θυμοῦ
671 706 766 759 καὶ
814 709 1150 780 ἀσυγκρίτου
1193 711 1444 782 πικρίας,
1479 710 1818 780 ὀδυνώμενος
1843 710 2053 780 ἀνεχώ-

461 815 650 868 ρησεν.
685 799 958 865 Ἔξυπνος
989 803 1044 856 δὲ
1079 802 1373 874 γενόμενος
1397 805 1425 856 6
1465 803 1786 872 Ἐπιφόινιος
1812 802 1920 858 ἀπὸ
1950 803 2049 872 τῆς

457 889 726 960 ὁράσεως,
761 893 856 944 καὶ
889 892 1179 963 θαυμάσας
1203 895 1283 956 είς
1312 893 1411 964 τὴν
1435 893 1530 946 τοῦ
1557 893 1694 946 Θεοῦ
1737 893 2050 963 φιλανθρω-

460 983 616 1046 πίαν,
659 983 756 1037 καὶ
795 988 1024 1054 ταχεῖαν
1057 985 1367 1054 ἀντίληψιν,
1397 984 1626 1055 ἐγέλασε
1653 985 1713 1038 τὸ
1754 984 2046 1055 πρόσωπον

459 1075 553 1127 τοὺ
588 1093 663 1129 πα
671 1077 848 1146 μπονή
861 1094 954 1147 ρου
983 1076 1264 1146 δαίμονες.

2153 525 2443 582 diabolus:
2477 527 2590 584 lleu
2616 546 2720 594 me,
2755 541 2909 602 pater
2949 535 3310 604 princepsque
3361 536 3584 601 Satana,
3610 538 3740 604 quia

2151 618 2406 674 famulari
2444 622 2542 676 tibi
2571 624 2738 689 volui,
2779 625 2830 679 in
2875 625 3039 680 hasce
3084 628 3425 683 calamitates
3454 628 3618 682 incidi
3650 630 3662 681 !
3705 649 3744 680 tr

2149 708 2281 773 vim,
2320 725 2353 764 o
2390 713 2704 768 violentiam
2738 725 2925 777 tuam,
2981 715 3291 773 Nazarene!
3352 721 3480 788 quia
3529 721 3740 773 viscera

2149 816 2270 857 mea
2295 805 2534 861 tlarnmis
2587 808 2962 865 eomhussisti.
2991 809 3123 876 Quae
3154 827 3276 866 cum
3303 812 3554 878 dixisset,
3586 820 3742 870 οπο-ἐ

2147 906 2298 966 ptum
2321 899 2576 966 poculum
2613 900 2877 956 violenter
2897 903 3186 968 exhausit,
3216 905 3562 974 repletusqu
3595 901 3742 956 iuro"

2150 1000 2211 1038 re
2233 995 2286 1040 et
2351 988 2767 1060 incomparabili
2829 993 3228 1059 amaritudine,
3281 993 3740 1048 lamentabundus

2152 1095 2212 1134 se
2264 1080 2391 1134 inde
2426 1083 2714 1152 proripuit.
2761 1081 2890 1139 Post
2960 1085 3101 1140 hanc
3154 1086 3420 1140 visionem
3471 1083 3740 1154 evigilans

459 1165 820 1237 Epiphanius,
875 1169 968 1223 Dei
1019 1169 1406 1240 benignitatem
1465 1177 1888 1239 promptumque
1913 1169 2179 1225 auxilium
2201 1173 2527 1238 admiratus,
2558 1192 2795 1245 nequam
2832 1179 3133 1232 daemonem
3176 1177 3386 1232 derisit.

534 1256 680 1328 ρμξ.
730 1259 888 1313 Μετὰ
915 1260 972 1314 δέ
1003 1277 1156 1324 τινας
1186 1262 1405 1331 ἡμέρας
1436 1263 1675 1331 συναντᾷ
1707 1260 1856 1331 αὑτῷ
1883 1262 1910 1314 6
1944 1278 2050 1332 μαο

461 1350 654 1420 κάριος
695 1349 952 1418 Ἀνδρέας
990 1351 1047 1404 ἔν
1091 1368 1199 1405 τινι
1253 1352 1476 1424 ὲμῦόλῳ
1507 1353 1617 1407 ἀπὸ
1647 1351 1743 1423 τῆς
1774 1351 2050 1419 συνάξεως

462 1441 830 1512 ὑποστρέφων
855 1456 869 1471 '
901 1443 996 1496 καὶ
1036 1443 1376 1514 θεασάμενος
1413 1445 1596 1510 αὑτὸν,
1627 1445 2046 1515 ὑπομειδιάσας,

457 1534 562 1605 ἔφη
593 1552 605 1567 ο
635 1535 918 1605 Πρόόατόν
957 1539 1072 1608 εἰμι
1107 1539 1206 1609 τῆς
1246 1537 1476 1609 λογικῆς
1508 1557 1600 1593 σου
1651 1540 1910 1610 ποίμνης,
1950 1539 2045 1592 καὶ

459 1628 642 1699 ἅλμην
676 1629 878 1698 ἀγαπῶ
907 1631 1003 1684 καὶ
1035 1631 1203 1684 ἐσθίω
1230 1633 1290 1685 τὺ
1322 1632 1478 1695 ἅλας.
1519 1632 1709 1688 Ταῦτα
1747 1634 1988 1697 ἀκούσας
2016 1634 2044 1686 6

473 1722 810 1790 Ἐπιφάνιος,
849 1725 1103 1793 μεγάλως
1137 1725 1452 1796 ἐθαύμασεν
1481 1726 1574 1780 ἐπὶ
1598 1727 1675 1797 τῷ
1701 1727 1927 1798 ῥήματι,
1952 1726 2044 1778 καί

459 1833 626 1885 φησιν
656 1833 669 1846 ·
711 1815 846 1870 Οὑδὲ
884 1816 1062 1870 ταὺτά
1092 1833 1150 1870 σε
1177 1817 1359 1879 ἔλαθε,
1391 1818 1518 1888 κὺρι
1553 1818 1581 1870 6
1620 1817 1839 1888 μέγας;
1881 1815 2045 1871 Ἀλλὰ

457 1909 510 1960 τί
551 1910 633 1962 ὅτι
663 1909 809 1962 οὑτω
845 1925 914 1979 με
955 1909 1253 1973 κατέλιπες
1282 1929 1297 1977 ;
1325 1913 1419 1964 καὶ
1460 1909 1636 1982 [παρὰ
1687 1910 1884 1982 μικρὸν
1923 1912 2046 1964 ὲσα-

456 2000 621 2069 λεύθη
655 2003 724 2055 τὰ
755 2001 1072 2072 διαδήματά
1112 2020 1215 2071 μου
1243 2003 1355 2073 (59)
1450 2004 1595 2072 Ἔφη
1650 2006 1676 2056 ὁ
1705 2003 1850 2065 ὅσιος
1879 2018 1893 2033 ο
1934 2001 2046 2055 Καὶ

461 2092 578 2155 πῶς
620 2095 762 2163 φανῇ
794 2092 827 2162 ἢ
865 2092 1038 2164 κληθῇ
1075 2110 1157 2157 τις
1189 2093 1552 2164 στρατιώτης,
1584 2092 1678 2145 ἐὰν
1712 2093 1787 2164 μὴ
1816 2095 1929 2154 τοῖς
1955 2108 2048 2144 πο-

455 2179 666 2250 λεμίοις
687 2181 1274 2252 ἑφεδρεὺειγενναὶως,
1298 2185 1394 2236 καὶ
1427 2182 1742 2254 συγκρούει,
1771 2184 1863 2235 καὶ
1895 2175 2042 2252 νικᾷ,

457 2272 553 2325 καὶ
586 2273 938 2344 δοκιμάζεται
973 2291 988 2341 ;
1025 2275 1148 2338 Πῶς
1182 2275 1240 2328 δὲ
1279 2277 1372 2328 καὶ
1404 2273 1709 2346 [γνώσεται
1747 2275 1773 2326 6
1806 2273 2044 2328 ἀντικείο

463 2382 624 2432 μενος
651 2367 812 2430 ποίας
848 2369 1029 2438 ἰσχύος
1052 2365 1120 2434 εἴ,
1158 2369 1254 2422 ἐὰν
1295 2369 1370 2439 μὴ
1403 2369 1614 2441 συνάρῃ
1638 2367 1874 2438 πόλεμον
1908 2367 2046 2438 μετὰ

461 2459 556 2512 σοῦ
586 2458 758 2532 (60)],
788 2462 882 2514 ἐὰν
907 2463 980 2534 μή
1013 2479 1071 2516 σε
1105 2462 1188 2534 ίδῃ
1213 2462 1559 2533 συμϐαλόντα
1581 2479 1594 2528 ;
1619 2465 1728 2516 Καὶ
1759 2461 1876 2524 πῶς
1901 2461 2047 2533 λήψῃ

460 2551 677 2623 μισθὸν,
704 2554 778 2624 μὴ
812 2554 1111 2626 ὑπομείνας
1140 2555 1475 2626 πειρασμὸν,
1501 2557 1597 2608 καὶ
1624 2555 1726 2618 τὰς
1754 2553 2047 2616 ἐπιϐουλὰς

455 2644 568 2697 τῶν
611 2648 895 2716 ματαίων;
936 2649 1148 2711 Πάντες
1189 2650 1237 2702 ei
1285 2647 1490 2713 ζῶντες
1543 2645 1904 2716 ἀγωνίζονται
1941 2646 2048 2710 ἕως

455 2740 610 2792 ἐστὶν
649 2740 789 2811 ὥρα,
825 2743 918 2797 καὶ
949 2743 1055 2808 ἕως
1093 2744 1211 2796 ὲσεὶ
1258 2743 1472 2813 καιρὸς,
1511 2741 1809 2804 θλίϐονται,
1849 2740 2047 2809 πειρᾶ-

455 2834 664 2901 ζονται,
705 2836 791 2889 ἵνα
823 2838 1119 2909 σήμερονῆ
1158 2837 1352 2909 αὔριον
1378 2837 1472 2890 τὸν
1506 2834 1826 2906 σωματικὸν
1853 2833 2046 2888 τοῦτον

457 2926 824 2990 ἀποθανόντες
876 2929 1131 2994 θάνατον,
1167 2928 1531 2998 συγκλείσωσὶ
1583 2945 1633 2981 τι
1684 2926 1890 2994 ἀγαθὸν
1916 2965 1932 2990 ,
1963 2926 2050 2978 ἵνα

459 3015 656 3085 ἔχωσιν
689 3020 750 3073 ἐν
797 3022 862 3090 τῇ
899 3021 1109 3092 φοϐερᾷ
1143 3023 1328 3094 ἡμέρᾳ
1361 3021 1461 3091 τῆς
1497 3019 1753 3092 κρίσεως.
1790 3019 1948 3072 Ὅσοι
1989 3016 2048 3070 δέ
2077 3024 2120 3086 ιζ

461 3113 568 3163 εἰσι
615 3113 826 3180 νεκροὶ,
862 3115 1080 3183 τυφλοὶ,
1115 3116 1478 3186 ἀνωφέλητοι,
1506 3115 1886 3184 ὲσκοτισμένοι
1911 3113 2050 3168 κατὰ

459 3204 552 3256 τὸν
580 3203 688 3258 ἔσω
718 3207 1032 3272 ἄνθρωπον,
1088 3202 1236 3261 οὗτοι
1270 3209 1446 3280 ἡδέως
1490 3209 1774 3276 ὑπνοῦσιν,
1805 3207 2049 3278 τρώγον-

458 3313 572 3362 τες,
634 3299 904 3365 πίνοντες,
932 3299 1031 3372 τὴν
1091 3301 1276 3355 ἄνεσιν
1323 3301 1774 3368 καταδιώκουσιν,
1817 3299 2088 3371 πορνεὺο,

457 3404 610 3455 ουσι,
659 3395 1172 3464 γαστριεααργοῦσι,
1225 3395 1602 3468 τραγῳδοῦσι,
1663 3392 2045 3464 κιθαρίζουοι,

386 3526 399 3537 .
461 3481 646 3536 καὶτὰ
670 3483 1070 3554 ἐπιθυμήματα
1118 3486 1218 3552 τῆς
1255 3485 1461 3556 σαρκὸς
1495 3485 1734 3548 εὑκόὶως
1783 3484 2046 3556 εἰσπράτ-

458 3590 634 3638 τουσι,
683 3573 819 3627 Θεοῦ
864 3575 938 3645 μὴ
994 3576 1358 3647 μεμνημένοι,
1408 3577 1545 3648 μηδὲ
1608 3577 1864 3648 κρίσεως,
1913 3573 2047 3644 μηὶὲ

459 3667 911 3733 ἁνταποδόσεως,
990 3673 1129 3740 μήτε
1208 3669 1492 3740 βασιλείας
1564 3671 1845 3740 οὑρανῶνο
1902 3666 2047 3725 οὗτοι

461 3761 694 3814 πάντοτε
745 3760 825 3832 τῷ
879 3763 1114 3828 διαϐόλῳ
1151 3764 1502 3834 συνέρχονται
1530 3764 1612 3824 εἱς
1652 3764 1721 3816 τὰ
1766 3763 2046 3834 Θελήματα

458 3854 628 3908 αὑτοῦ
661 3869 675 3884 ⁶
734 3857 989 3919 κάκεῖνος
1036 3856 1178 3926 ὀρῶν
1231 3856 1463 3926 ματαίαν
1497 3856 1673 3926 χαρὰν
1713 3857 1854 3909 κατὰ
1894 3855 2044 3908 τόνδε

459 3949 552 4000 τὸν
582 3947 789 4019 κὸσμον
824 3949 1056 4021 παρέχει
1084 3950 1161 4013 ὡς
1191 3949 1346 4013 ἰδίοις
1383 3947 1560 4018 φίλοις
1587 3950 1684 4002 καὶ
1716 3951 2040 4020 ὑπηρέταις.

472 4043 616 4097 Ἀλλ’
644 4044 767 4097 οἰαὶ
789 4045 855 4114 τῇ
885 4043 1062 4114 θλίψει
1091 4047 1157 4115 τῇ
1196 4043 1435 4114 μενούσῃ
1466 4045 1646 4106 αὑτοῖς
1672 4044 1684 4096 !

537 4314 685 4388 ρμη’.
716 4317 787 4370 Σὺ
817 4310 931 4382 οὖν,
962 4314 1174 4381 τέκνον,
1201 4313 1268 4366 αἱ
1299 4312 1436 4384 βίαι,
1467 4311 1532 4375 ἂς
1559 4311 1760 4380 λέγεις,
1789 4311 2041 4380 γλυκεῖαι

2235 1265 2355 1319 147.
2398 1266 2659 1323 Postdies
2682 1269 2890 1338 aliquot
2921 1271 3161 1324 occurrit
3192 1268 3498 1338 Epiphanio
3527 1268 3587 1322 Β.
3628 1268 3740 1322 An-

2157 1359 2318 1412 dreas
2377 1359 2432 1413 in
2471 1361 2684 1429 porticu
2709 1364 2969 1431 quadam,
3025 1377 3054 1416 a
3087 1376 3244 1416 sacro
3270 1360 3447 1415 olficio
3484 1360 3737 1424 rediens;

2154 1463 2393 1520 cumque
2435 1451 2586 1506 illum
2643 1453 3071 1524 vidissetzEgo,
3143 1452 3355 1521 inquit,
3409 1452 3590 1522 gregis
3662 1452 3738 1504 tui

2151 1543 2270 1598 ovis
2327 1558 2470 1608 sum,
2532 1543 2858 1599 salsedinem
2913 1560 3062 1611 amo,
3097 1553 3151 1598 et
3176 1545 3288 1599 sale
3321 1559 3531 1598 vescor.
3551 1541 3741 1595 Audiit

2153 1635 2266 1689 haec
2322 1635 2691 1705 Epiphanius,
2727 1647 2780 1692 et
2831 1636 3014 1692 audita
3069 1636 3296 1690 miratus
3339 1635 3731 1689 vehementer:

2145 1725 2334 1794 Neque
2390 1727 2503 1791 illa,
2551 1727 2749 1795 inquit,
2791 1736 2843 1781 te.
2881 1727 3178 1789 latuerunt,
3231 1741 3425 1796 magne
3475 1725 3741 1780 domine?

2148 1818 2346 1874 Verum
2396 1820 2524 1889 quid
2597 1835 2777 1875 causa:
2813 1819 2936 1884 fuit,
2970 1820 3116 1890 quod
3165 1835 3250 1874 me
3284 1820 3354 1873 ita
3402 1818 3733 1875 deseruisri?

2146 1914 2539 1983 propemodum
2595 1913 2854 1968 commoti
2920 1911 3140 1967 fuerunt
3183 1927 3404 1981 gressus
3473 1912 3601 1966 mei.
3655 1911 3734 1963 Ad

2149 2006 2264 2060 haec
2298 2007 2373 2060 ita
2406 2006 2648 2061 suaviter
2685 2015 2912 2061 sanctus
2947 2022 2963 2060 :
2995 2004 3207 2059 Etenim
3229 2019 3338 2072 quo
3367 2012 3526 2073 pacto
3571 2018 3740 2072 appa-

2146 2109 2263 2154 reat
2295 2108 2389 2153 aut
2419 2098 2735 2153 nominetur
2767 2097 2966 2167 aliquis
3001 2111 3298 2167 generosus
3341 2095 3518 2161 miles,
3551 2094 3656 2149 nisi
3681 2102 3737 2147 et

2149 2192 2399 2247 hostibus
2417 2175 2685 2257 insidiari,
2710 2200 2762 2246 et
2792 2191 3009 2245 eosdem
3043 2189 3362 2260 propulsare
3393 2203 3457 2242 ac
3489 2188 3737 2251 vincere,

2147 2301 2314 2354 seque
2351 2287 2566 2339 demum
2594 2285 2730 2339 bello
2754 2286 2984 2354 probare
3025 2281 3274 2336 noverit?
3302 2279 3423 2347 Quo
3450 2288 3609 2349 pacto
3637 2294 3733 2333 ex-

2147 2375 2415 2445 ploratum
2454 2375 2669 2431 habebit
2724 2375 3093 2440 adversarius,
3132 2381 3336 2443 quanta
3385 2372 3595 2442 polleas
3618 2371 3734 2422 vir-

2148 2476 2285 2535 tute,
2340 2469 2444 2523 nisi
2501 2477 2680 2524 tecum
2731 2469 2891 2523 fuerit
2917 2466 3283 2538 congressus?
3338 2465 3458 2532 Quo
3503 2465 3738 2533 denique

2149 2570 2309 2632 pacto
2367 2562 2669 2616 mercedem
2734 2561 2981 2615 obtinere
3029 2560 3253 2629 poteris,
3307 2559 3354 2611 si
3405 2557 3737 2611 tcutationes

2151 2670 2256 2709 non
2314 2654 2663 2717 sustinueris,
2718 2669 2821 2708 nec
2893 2652 3123 2708 insidias
3181 2653 3512 2706 daemonium
3543 2664 3735 2718 exper-

2151 2760 2238 2803 tus
2267 2747 2476 2802 lueris?
2507 2746 2785 2815 Quotquot
2823 2745 2876 2798 in
2907 2743 3111 2799 mundo
3135 2744 3342 2806 vivunt,
3365 2742 3494 2795 dum
3522 2750 3737 2808 tempus

2150 2842 2354 2911 patitur
2408 2849 2640 2903 certant,
2703 2838 3014 2908 afﬂiguntur
3038 2876 3053 2900 ,
3111 2844 3416 2898 tentantur,
3454 2842 3514 2888 ut
3553 2833 3598 2888 si
3637 2833 3735 2885 ho-

2151 2937 2341 2992 dierna
2389 2937 2696 2992 crastinave
2735 2933 2856 2987 luce
2893 2930 3209 2986 humanitus
3275 2925 3532 2997 quiddam
3593 2923 3736 2977 forte

2153 3029 2436 3094 accidet-it,
2501 3027 2759 3083 conclusa
2835 3040 3020 3080 secum
3070 3025 3212 3078 bona
3242 3025 3736 3091 operaexportent,

2154 3122 2372 3179 nenihil
2401 3119 2680 3176 inveniant
2713 3119 2764 3172 in
2801 3117 3083 3172 tremendo
3109 3114 3304 3184 judicii
3346 3113 3456 3168 die.
3491 3110 3735 3176 Quicun-

2151 3230 2258 3286 que
2285 3223 2468 3269 autem
2514 3212 2740 3275 mortui,
2768 3210 2920 3274 caeci,
2976 3208 3213 3270 inutiles,
3235 3205 3475 3260 tenebris
3506 3200 3734 3256 involuti

2151 3318 2280 3365 sunt
2323 3307 2502 3378 quoad
2529 3307 2804 3362 hominem
2868 3301 3264 3365 internum,illi
3297 3298 3536 3353 suaviter
3586 3309 3735 3351 som—

2151 3418 2280 3456 num
2323 3403 2565 3470 capiunt,
2623 3397 2834 3453 deliciis
2885 3396 2936 3448 in
2985 3395 3108 3450 cibo
3150 3404 3386 3462 potuque
3451 3390 3733 3451 fruuntur,

2151 3501 2432 3550 sectantur
2453 3492 2620 3546 otium
2653 3505 2668 3548 :
2706 3487 3078 3557 impudicitire,
3111 3485 3282 3554 gulae,
3306 3480 3585 3545 comediis,
3613 3494 3735 3532 mu-

2151 3585 2278 3641 sicae
2303 3599 2522 3653 operam
2564 3581 2732 3644 dant;
2763 3578 3030 3634 desideria
3066 3577 3248 3631 carnis
3278 3581 3528 3645 prompte
3577 3585 3734 3627 exsc-

2150 3686 2414 3746 quuntur,
2473 3674 2821 3725 immemores
2872 3667 2984 3734 Dei,
3038 3667 3253 3737 judicii,
3322 3660 3735 3723 retributionis,

2150 3767 2299 3836 regni
2351 3766 2636 3821 caelorum.
2670 3763 2736 3818 lli
2783 3769 2932 3824 sunt,
2976 3759 3068 3830 qui
3119 3757 3337 3811 diabolo
3367 3755 3734 3811 adhaerentes,

2149 3859 2352 3927 ubique
2392 3855 2654 3912 voluntati
2718 3856 2838 3924 ejus
2892 3853 3265 3920 obsequuntur
3298 3865 3312 3900 :
3351 3847 3439 3900 ille
3485 3860 3615 3898 vero
3681 3844 3733 3896 id

2147 3951 2315 4020 probe
2366 3962 2722 4018 cognoscens,
2760 3945 3000 3999 vicissim
3038 3943 3221 3995 l'avore
3257 3954 3360 3994 suo
3401 3951 3540 3991 vano
3564 3944 3731 4002 atque

2149 4040 2298 4094 inani
2331 4038 2472 4100 illos,
2507 4048 2760 4106 tanquam
2808 4035 3012 4089 amicos
3039 4030 3378 4098 famulosque
3412 4041 3565 4090 suos,
3595 4039 3733 4094 prte-

2147 4129 2295 4183 venit
2335 4127 2388 4182 in
2413 4128 2514 4181 hoc
2556 4127 2778 4180 mundo.
2817 4122 3013 4178 Verum
3047 4137 3146 4184 vae,
3175 4120 3292 4173 vat!
3335 4124 3553 4188 propter
3583 4113 3730 4168 cala-

2149 4221 2420 4282 mitatem,
2455 4233 2575 4287 quac
2607 4218 2837 4271 miseros
2873 4213 2992 4268 illos
3017 4219 3222 4266 manet.
3709 4203 3716 4216 ¹

2218 4313 2342 4367 148.
2395 4312 2477 4364 Tu
2521 4310 2704 4379 itaque
2755 4317 2929 4362 macte
2959 4303 3302 4368 animo,.lili;
3362 4298 3636 4362 violentia,
3668 4297 3732 4352 de

461 4412 595 4480 ἡμῖν
631 4411 980 4480 γενήσονται,
1009 4407 1106 4462 ἐὰν
1143 4407 1529 4478 ὑπομένωμεν
1563 4407 1658 4459 καὶ
1682 4405 1757 4468 ὡς
1796 4406 2044 4473 ἀναγκά-

2149 4421 2253 4478 qua
2283 4407 2541 4476 loqueris,
2563 4403 2805 4475 jucunda
2831 4401 2988 4457 nobis
3023 4400 3148 4467 erit,
3183 4399 3228 4453 si
3265 4398 3529 4467 patienter
3564 4393 3733 4446 susti-

461 4503 620 4566 ζεσαι
649 4505 730 4565 είς
757 4503 859 4572 τὴν
898 4501 1114 4571 κίνησιν
1144 4501 1238 4554 καὶ
1282 4499 1531 4570 πύρωσιν
1559 4498 1660 4566 τῆς
1692 4499 1916 4567 σαρκὸς,
1956 4497 2048 4550 καὶ

458 4598 537 4668 τῷ
555 4597 778 4668 πονηρῷ
794 4595 1204 4662 ἀντιτάσσεσαι,
1227 4594 1320 4647 καὶ⁵
1341 4592 1606 4662 γενναίως
1630 4591 1840 4663 φέρεις,
1858 4591 2047 4644 τοσοῦ-

457 4691 542 4744 τοί
570 4706 650 4744 σοι
678 4688 975 4743 πλέκονται
1005 4687 1280 4756 στέφανοι,
1329 4684 1424 4738 καὶ
1453 4685 1480 4736 ὁ
1509 4682 1699 4753 μισθός
1746 4700 1838 4735 σου
1868 4680 2046 4748 αὔξει.

462 4784 552 4846 Μὴ
575 4781 667 4837 οὑν
693 4782 979 4852 ὀλιγώρει,
1024 4779 1240 4842 τέκνον,
1272 4777 1411 4846 πρὸς
1446 4775 1646 4842 ταῦτα,
1685 4775 1820 4830 ἀλλὰ
1846 4775 2048 4845 καρτέ-

465 4894 568 4950 ρει,
608 4877 695 4931 ἵνα
725 4876 856 4947 ἔχῃς
890 4875 1086 4944 μισθὸν
1112 4873 1208 4927 καὶ
1236 4873 1370 4944 γένῃ
1399 4870 1735 4941 κληρονόμος
1768 4869 1866 4938 τῆς
1894 4867 2049 4938 βασι·

461 4971 612 5034 λείας
636 4970 744 5024 τῶν
772 4969 1044 5036 οὐρανῶν.
1073 4969 1346 5038 Σήμερον,
1383 4964 1576 5034 αὔριον
1606 4965 1634 5016 ὁ
1659 4964 1862 5032 κόσμος
1893 4956 2049 5026 οὗτος

463 5062 810 5134 παρέρχεται
831 5060 965 5112 ὡσεὶ
994 5059 1246 5112 ἐνύπνιον
1270 5054 1709 5129 ὲξεγειρομένου,
1741 5053 1817 5118 ὡς
1841 5055 2046 5114 καπνὶς

462 5155 810 5224 ἀφανίζεται,
858 5155 954 5207 καὶ
1009 5154 1188 5207 πάντα
1260 5153 1663 5222 παρέρχονται,
1723 5149 1818 5202 καὶ¹
1887 5149 2048 5219 μόνον

463 5247 822 5318 πλανώμεθα,
854 5244 1137 5316 ὑπομονὴν
1168 5245 1227 5297 ὲν
1255 5246 1370 5305 τοῖς
1398 5244 1730 5314 πειρασμοῖς
1764 5239 1884 5312 μηδ’
1911 5243 2048 5304 ὅλως

463 5340 700 5412 ἔχοντες.
748 5337 1136 5404 Ακοὺεις,ὃτιι
1169 5335 1432 5390 [Ιολλαὶαί
1451 5334 1661 5404 θλίψεις
1679 5334 2044 5401 τῶνδικαίων,

465 5436 558 5488 καὶ
594 5437 657 5489 ἐκ
686 5433 875 5488 πασῶν
914 5431 1096 5487 αὑτῶν
1128 5431 1351 5503 ῥύσεται
1376 5427 1619 5491 αὑτοὺςό
1657 5426 1880 5497 Κύριος.
1916 5445 1935 5478 ι
1972 5427 2045 5480 Οὑ

464 5529 704 5598 συνεχῶς
730 5526 978 5596 denm,
1021 5543 1040 5578 ι
1085 5522 1311 5593 Θλίψεις
1340 5523 1434 5577 καὶ
1467 5519 1653 5576 ὀδύναι
1683 5519 1914 5591 εὑροσάν
1954 5536 2044 5590 με,

537 5705 648 5790 (ὅθ’)
674 5705 771 5759 Ms.
805 5705 975 5761 Vatic.
1018 5702 1125 5758 ἰδοὺ
1165 5704 1360 5776 βιάσας
1400 5721 1465 5776 με
1507 5707 1532 5758 ό
1566 5702 1798 5776 πονηρὸς
1837 5702 2048 5775 δαίμων

469 5792 836 5846 προσηγαγεν.

2153 4499 2474 4562 nuerimus;
2512 4512 2636 4552 cum
2671 4510 2800 4552 vero
2826 4495 2892 4549 ad
2927 4508 3121 4563 pravas
3147 4491 3415 4545 motiones
3443 4483 3734 4555 impelleris

2151 4593 2462 4664 paterisque
2483 4589 2736 4645 stimulos
2773 4586 2977 4648 carnis,
3013 4585 3058 4638 si
3079 4584 3346 4640 restitrris
3381 4581 3590 4634 fortiter
3626 4578 3734 4632 iui-

2150 4687 2292 4740 tnico
2323 4699 2387 4738 ac
2423 4696 2688 4752 generose
2721 4679 3036 4735 toleraveris
3080 4676 3338 4738 iusultus,
3385 4671 3604 4727 totidem
3639 4670 3730 4724 tibi

2150 4778 2462 4846 plcetuutur
2508 4788 2746 4836 coronae,
2807 4779 2861 4825 et
2893 4767 3130 4822 mercedi
3159 4776 3264 4820 tuae
3292 4764 3544 4819 cumulus
3575 4777 3730 4816 accc-

2149 4869 2239 4923 dct
2287 4867 2609 4921 immensus.
2643 4863 2760 4918 Noli
2792 4863 2977 4932 igitur,
3005 4875 3129 4915 cum
3181 4858 3381 4911 talibus
3431 4854 3732 4924 impeleris,

2149 4961 2392 5024 oscitari,
2447 4959 2544 5014 sed
2611 4956 2790 5027 perfer
2830 4951 3181 5024 longanimis,
3237 4959 3295 5004 ut
3355 4948 3589 5018 reposita
3636 4947 3731 5003 tibi

2149 5055 2370 5122 praemia
2402 5051 2756 5120 consequaris
2775 5045 3089 5116 aliquando,
3118 5045 3292 5099 hatres
3311 5041 3462 5112 regni
3488 5039 3731 5096 caelestis

2148 5145 2348 5200 factus.
2417 5143 2607 5197 Serius
2643 5141 2799 5196 ocius
2833 5137 3029 5192 transit
3065 5137 3151 5191 hic
3187 5135 3446 5201 mundus,
3481 5143 3540 5189 ut
3585 5147 3732 5188 som-

2150 5237 2304 5290 nium
2337 5233 2784 5305 expergiscentis,
2813 5230 3092 5286 evanescit
3120 5230 3197 5284 uti
3224 5227 3434 5293 fumus,
3457 5237 3508 5281 et
3537 5236 3732 5281 cuncta

2150 5345 2268 5398 quae
2311 5337 2460 5391 sunt,
2521 5334 2850 5396 pranereunt
2888 5342 2903 5379 :
2940 5340 3038 5380 nos
3093 5333 3273 5378 autem
3311 5338 3417 5377 una
3460 5321 3634 5375 solum
3677 5334 3734 5371 re

2149 5423 2470 5493 dicipimur,
2525 5437 2649 5476 cum
2701 5421 2754 5475 in
2819 5399 3212 5475 tentationibus
3262 5428 3426 5488 atque
3488 5415 3734 5470 adversis

2152 5515 2463 5586 patientiam
2494 5514 2804 5584 abjicimus.
2852 5513 3118 5568 Audivisti
3148 5527 3289 5582 saepe
3323 5509 3467 5565 istud
3506 5507 3732 5574 Psalmi,

2223 5701 2333 5785 (60)
2367 5700 2464 5755 Ms.
2490 5699 2658 5785 V'atic.
2674 5698 2904 5785 f‘iti)3"8’t~,
2930 5696 3023 5750 ἐὰν
3049 5696 3121 5769 μή
3148 5712 3204 5749 σε
3235 5691 3318 5764 ἴδῃ
3355 5691 3731 5765 συμϐάλλοντα

2155 5769 2390 5844 πόλεμον
2431 5777 2564 5843 μετὰ
2605 5771 2697 5825 τοῦ
2724 5769 2993 5826 διαϐόλου.
