4090 6422
378 288 484 349 7ηὸ

1453 290 1884 351 NICEPUORI
1930 288 2414 352 PRESBYTERI
2451 292 2565 353 CP.

3577 297 3689 362 795

383 423 402 457 ι
447 403 627 459 Multa:
685 402 1069 459 trilzulutiunes
1126 401 1443 472 juslorutu,
1505 411 1561 460 et
1611 419 1675 460 ex
1725 402 1983 463 omnibus

2109 402 2183 456 sui.
2215 403 2273 457 ai
2306 402 2521 458 ὲντολαί
2553 420 2648 457 σου
2689 404 2889 478 μελέτη
2925 406 3028 476 μού
3052 408 3190 463 εἰσιν
3217 427 3231 474 ;
3260 427 3276 459 ι
3316 408 3429 463 Οὐκ
3458 407 3570 480 ἴδῃς
3601 409 3689 464 ὅτι

374 496 579 565 eripuit
613 510 709 551 eos
749 493 1018 551 Dominus
1039 497 1107 552 ".
1148 515 1166 549 ι
1195 495 1391 553 Nonne
1424 497 1616 567 psallis
1642 498 1974 553 identidem:

382 602 402 638 ι
433 584 743 641 Tribulatio
769 595 822 641 et
855 588 1126 658 angustia:
1156 587 1484 643 invenerunt
1542 604 1650 650 me,
1707 588 1763 643 in
1820 602 1980 642 man—
2012 586 2021 589 ’

379 680 522 735 alatis
582 682 692 737 tuis
749 682 1056 737 meditabor
1088 682 1175 737 “?
1209 701 1229 736 ι
1262 680 1455 738 Nonne
1476 682 1586 738 scis
1621 682 1917 737 luctatores
1951 696 1982 735 a

380 776 496 830 Deo
540 774 875 831 constitutos
937 790 1037 832 nos
1095 788 1220 831 esse
1274 776 1328 830 in
1376 775 1570 832 diebus
1631 774 1987 841 nostris,’ut

380 868 474 922 diu
535 876 812 937 noctuque
867 867 1171 937 vigilantes,
1196 866 1464 935 .prwlium
1519 881 1643 921 eum
1696 865 1988 922 daemoniis

382 958 835 1015 committamus?
866 957 1098 1014 Oremus
1122 958 1287 1029 igitur
1310 967 1699 1030 certemusque
1718 967 1987 1029 praecepta

387 1050 602 1104 Domini
649 1048 984 1118 adimplere;
1016 1064 1196 1121 neque
1240 1050 1674 1106 erubescendum
1710 1049 1806 1105 tibi
1866 1059 1993 1117 est,

387 1144 459 1195 tili
521 1143 616 1208 mi,
653 1143 799 1211 quod
852 1152 906 1197 te
939 1143 1225 1213 impugnat
1286 1144 1556 1209 diabolus,
1608 1146 1704 1201 sed
1749 1145 1993 1215 gauden—

386 1236 515 1287 dum
557 1233 739 1303 potius
771 1244 828 1290 et
872 1235 1288 1303 exsultandum,
1328 1245 1521 1308 utpote
1566 1239 1737 1307 probe
1788 1238 1986 1294 scienti

388 1335 497 1376 non
532 1337 693 1389 posse
749 1338 852 1379 nos
889 1335 1104 1396 gratum
1160 1326 1273 1383 Deo
1308 1343 1503 1398 panem
1546 1330 1684 1396 ﬁeri,
1737 1331 1847 1385 nisi
1896 1344 1994 1400 per

388 1416 742 1468 tentationcm
776 1415 916 1471 belle
944 1419 1206 1477 subactos
1257 1430 1425 1491 atque
1458 1431 1646 1478 coctos
1675 1439 1691 1478 :
1728 1422 1993 1491 patientia

388 1507 536 1560 oniut
561 1508 723 1562 notis
766 1511 1074 1566 necessaria
1127 1519 1232 1579 est,
1262 1518 1323 1568 ut
1355 1512 1699 1568 voluntatem
1740 1510 1833 1566 Dei
1871 1527 1997 1582 per-

389 1598 659 1666 ﬁcieutes,
722 1603 1239 1660 immareeseibilcm
1288 1606 1480 1677 gloria:
1523 1620 1790 1663 coronam
1835 1606 1994 1663 aufe-

2087 495 2400 560 παλαιστὰς
2431 497 2584 550 ἔθετο
2618 497 2647 549 ὁ
2681 497 2814 563 Θεὸς
2842 501 2941 564 τὰς
2964 501 3184 570 ἡμέρας
3230 502 3412 572 ἡμῶν,
3460 503 3546 556 ἵνα
3583 519 3691 556 πα-

2085 587 2332 656 λαίωμεν
2359 588 2499 655 μετὰ
2531 587 2640 641 τῶν
2664 588 2957 658 δαιμόνων,
2988 590 3074 647 ἵνα
3100 592 3158 646 ὲν
3184 593 3343 646 νυκτλ
3377 592 3472 646 καὶ
3505 591 3691 663 ἡμέρᾳ

2087 680 2492 750 γρηγορῶμεν;
2519 681 2981 753 Προσευχώμεθα,
3031 684 3437 755 ἀγωνιζώμεθα
3466 684 3693 756 πληρῶ-

2087 789 2182 828 σαι
2205 772 2299 826 τοῦ
2328 773 2464 831 Θεοῦ
2486 775 2553 829 τά
2582 776 2991 846 προστάγματα
3013 792 3025 804 ο
3054 778 3135 840 είς
3161 777 3321 833 τοῦτο
3354 778 3473 844 οὖν,
3499 777 3699 831 τέκνον

2088 880 2221 934 μου,
2263 864 2339 935 μὴ
2372 865 2603 937 ἐρυθρία
2625 868 2711 922 ὃτι
2741 867 2973 939 πολεμεῖ
3003 886 3063 922 σε
3090 870 3118 922 ό
3161 868 3411 932 διάϐολος
3433 886 3446 903 ο
3495 868 3696 938 χαίρω

2095 958 2154 1011 δὲ
2191 958 2395 1029 μᾶλλον
2432 960 2528 1015 καὶ
2561 959 2823 1029 ἀγάλλου,
2852 960 3011 1025 εἰδὼς
3043 963 3128 1017 ὅτι
3156 962 3255 1017 ἐὰν
3283 962 3359 1031 μὴ
3396 961 3697 1032 ἑψηθῶμεν

2095 1051 2184 1105 διὰ
2216 1052 2324 1104 τῶν
2355 1053 2702 1123 πειρασμῶν,
2728 1053 2847 1123 Θεῴ
2875 1054 3139 1125 ἡδύτατος
3161 1055 3326 1126 ἄρτος
3349 1055 3605 1124 γενέσθαι
3629 1054 3695 1108 οὐ

2097 1140 2382 1212 δυνάμεθα
2403 1160 2417 1173 ·
2457 1142 2738 1215 ὑπομονῆς
2769 1144 2882 1216 γάρ
2912 1144 3113 1215 ἔχομεν
3143 1146 3335 1216 χρείαν
3385 1144 3498 1218 [ἵνα
3519 1145 3581 1199 τὸ
3608 1145 3699 1197 θέε-

2098 1234 2252 1306 λημα
2285 1235 2378 1291 τοῦ
2413 1235 2552 1290 Θεοῦ
2600 1239 2952 1309 ποιήσαντες,
3009 1239 3373 1311 κομισώμεθα
3411 1239 3503 1295 τὸν
3551 1238 3699 1309 ἀμα-

2099 1330 2351 1401 ράντινον
2400 1332 2500 1401 τῆς
2554 1331 2715 1404 δόξης
2760 1333 3077 1407 στέφανον].
3133 1334 3322 1388 Ταῦτα
3373 1334 3615 1405 είρηκὼς
3669 1335 3700 1387 ὁ

2098 1425 2246 1487 ὅσιος
2318 1422 2461 1493 πρὸς
2527 1424 2621 1479 τὸν
2701 1426 3067 1496 Ἐπιφάνιον,
3143 1429 3554 1501 εὐχαριστήσας
3621 1426 3701 1499 τῷ

2100 1516 2295 1587 Κυρίῳ
2352 1518 2449 1570 καὶ
2502 1515 2583 1588 τῷ
2623 1517 2792 1589 δσῖῳ,
2854 1519 2937 1584 είς
3004 1519 3107 1592 τὴν
3169 1520 3290 1575 ὁδὸν
3346 1519 3513 1574 αὐτοῦ
3568 1519 3701 1573 ἀνε-

2101 1608 2377 1681 χώρησεν.

386 1704 598 1751 iamus.
650 1694 801 1752 Talia
865 1699 956 1755 ubi
1010 1698 1349 1770 Epiphanius
1389 1715 1421 1755 a
1471 1710 1665 1758 sancto
1725 1700 1873 1756 dicta
1926 1712 2242 1772 exceperat,
2309 1706 2504 1776 gratiis
2574 1705 2684 1762 Deo
2746 1707 2964 1779 ipsique
3011 1709 3332 1779 persolutis,
3364 1712 3510 1767 viam
3546 1724 3716 1765 suam

395 1792 607 1862 relegit.

470 1885 593 1939 H9.
621 1883 853 1955 Jamque
884 1886 1103 1942 domum
1129 1903 1285 1943 suam
1315 1890 1598 1961 ingressus
1629 1890 1831 1959 fuerat,
1862 1907 1989 1947 cum

2172 1888 2325 1961 ρμθ’.
2369 1888 2459 1952 Ὧς
2492 1889 2551 1943 δὲ
2585 1889 2737 1944 ἔνδον
2768 1890 2937 1946 αὐτοῦ
2970 1892 3210 1960 ἐγένετο,
3246 1892 3357 1947 ίδού
3393 1912 3479 1957 τις
3523 1896 3701 1950 νεανία

382 1990 519 2034 recc
547 1978 643 2031 tibi
676 1976 999 2033 adolescens
1059 1980 1260 2050 aliquis
1297 1996 1529 2052 propere
1565 1998 1894 2050 accurrens,
1924 1985 1999 2038 ita

381 2062 576 2137 Iipsum
609 2070 911 2138 alloquitur
942 2089 956 2126 :
990 2071 1221 2128 Domine
1273 2075 1344 2128 mi
1395 2074 1663 2146 Epiphani
1692 2117 1708 2143 ,
1761 2077 2002 2148 perdile-

400 2170 525 2215 ctus
582 2160 679 2216 tibi
740 2162 982 2231 ltapbael
1019 2165 1072 2219 in
1127 2167 1508 2237 aegritudinem
1546 2150 1758 2235 incidit,
1811 2167 2001 2240 jubet-

384 2268 505 2334 _que
550 2255 854 2310 renuntiari
893 2256 1008 2319 tibi,
1042 2268 1103 2314 ut
1128 2274 1189 2315 se
1244 2260 1500 2317 invisas:
1530 2277 1762 2333 propera
1811 2263 2000 2334 igitur,

383 2324 526 2433 tquia
563 2349 639 2401 uti
672 2348 805 2403 mihi
838 2352 1169 2420 persuadeo,
1196 2357 1544 2423 superstitem
1574 2357 1664 2412 vix
1686 2368 2005 2427 reperturus

396 2455 477 2495 es.
505 2441 706 2496 Audito
731 2444 947 2509 nuntio,
983 2445 1275 2501 confestim
1309 2447 1566 2516 perfusus
1598 2449 1879 2521 lacrymis,
1912 2465 2003 2504 co-

398 2533 585 2585 mitem
615 2548 675 2589 se
724 2535 1000 2590 nuntianti
1033 2536 1307 2606 adjunxit,
1348 2539 1684 2610 domumque
1733 2542 1895 2597 amici
1916 2542 2005 2596 in-

401 2641 651 2697 gressus,
704 2643 871 2697 prope
944 2630 1144 2684 lectum
1192 2632 1459 2686 consedit.
1487 2633 1886 2688 Animadversa
1907 2650 2007 2689 au-

398 2728 533 2783 tem,
565 2722 815 2789 proxime
869 2722 1049 2792 ipsum
1076 2739 1108 2779 a
1160 2734 1335 2779 morte
1359 2726 1555 2781 abesse
1581 2765 1597 2791 ,
1635 2726 1865 2790 amoris,
1897 2740 2008 2796 quo

400 2814 642 2868 sodalem
694 2830 857 2872 suum
914 2819 1372 2889 prosequebatur,
1402 2819 1612 2889 .jaculo
1634 2819 1881 2883 saucius,
1914 2821 2009 2876 diu

400 2906 751 2977 multumque
770 2909 1190 2966 decumbentem
1221 2912 1559 2969 lamentatus
1581 2921 1687 2979 est,
1741 2913 2007 2984 quoniam

404 2996 664 3065 diligebat
717 2999 977 3056 multum.
1042 2999 1143 3056 Ubi
1196 3016 1326 3057 vero
1363 3002 1648 3072 paululum
1703 3017 1766 3058 se
1797 3003 2011 3060 remisit

403 3088 701 3158 Epiplianii
735 3090 915 3159 dolor,
973 3094 1138 3164 ccepit
1170 3110 1315 3166 aeger
1352 3095 1594 3150 animam
1643 3110 1807 3165 agere
1844 3107 2010 3166 atque

405 3182 617 3249 ejulare
646 3191 753 3236 tam
785 3184 1117 3240 horrendum
1140 3186 1193 3241 in
1223 3186 1468 3253 modum,
1509 3200 1567 3243 ut
1600 3186 1796 3258 ingens
1818 3190 2007 3243 dome-

404 3276 575 3330 sticos
594 3289 811 3337 attines,
845 3290 953 3330 non
978 3276 1145 3331 modo
1175 3276 1563 3358 Epiphanium,
1601 3287 1777 3333 terror
1835 3293 2008 3334 occu-

406 3376 580 3436 parci.
608 3369 988 3438 interrogante
1021 3380 1205 3424 autem
1262 3371 1386 3438 hoc,
1423 3386 1523 3427 cur
1578 3380 1870 3440 tantopere
1896 3381 2014 3427 tur-

408 3460 669 3525 baretur;
705 3462 984 3530 respiraus
1009 3463 1411 3532 aliquantulum
1445 3477 1609 3535 atque
1656 3466 1880 3523 intuens
1921 3468 2009 3522 in-

408 3561 780 3623 terrogantem
808 3570 824 3607 :
851 3552 963 3609 Heu
995 3556 1113 3610 me!
1150 3556 1347 3627 inquit,
1367 3557 1765 3625 iucundissime
1802 3557 2012 3625 amice,

411 3656 607 3700 cuncta
651 3661 817 3716 opera
859 3661 976 3701 mea
1007 3648 1148 3703 bona
1180 3650 1457 3706 da-mones
1483 3651 1849 3720 diripuerunt.
1873 3649 2011 3705 Nam

416 3755 540 3793 cum
564 3739 702 3794 febri
737 3750 1044 3810 prostratus
1069 3742 1341 3813 iacebam,
1364 3744 1471 3798 vidi
1503 3752 1618 3798 tum
1671 3744 1895 3816 angelos
1922 3745 2013 3800 Dei

417 3832 614 3897 bonos,
668 3842 783 3888 tum
842 3836 1018 3891 malos
1080 3834 1305 3903 inferni,
1360 3839 1546 3892 omnia
1598 3852 1693 3893 seu
1732 3848 1883 3894 recte
1915 3853 2013 3893 seu

411 3941 692 3996 perperam
718 3944 747 3982 a
768 3942 854 3983 me
877 3939 1028 3998 gesta
1053 3929 1267 3986 bilance
1290 3930 1621 4001 appendere,
1648 3931 1854 4001 iniquis
1872 3946 2011 3999 ope-

411 4020 563 4075 ribus
587 4021 997 4077 subsidentibus
1027 4032 1081 4078 et
1109 4023 1372 4079 leviorem
1412 4030 1561 4080 recte
1582 4025 1854 4079 laetorum
1896 4025 2016 4079 lan-

412 4129 530 4169 cem
561 4114 616 4169 in
655 4116 826 4169 altum
859 4116 1271 4172 extollentibus.
1299 4116 1479 4187 Atque
1519 4117 1645 4173 hinc
1677 4118 1732 4174 in
1765 4118 2013 4174 animum

410 4222 581 4278 cogor
603 4207 888 4272 inducere,
908 4207 1114 4261 nullam
1144 4209 1197 4262 iu
1218 4208 1427 4263 sanctis
1449 4208 1728 4277 iustorum
1762 4210 2013 4265 taberna-

412 4299 552 4354 culis
583 4299 714 4352 mibi
750 4300 935 4354 sedem
966 4313 1184 4363 vacare,
1219 4300 1437 4354 abituro
1464 4300 1518 4354 in
1578 4300 1830 4357 ﬂammas
1861 4312 2014 4359 exte-

415 4392 610 4446 riores.
648 4390 771 4445 Vidi
830 4391 1059 4456 etenim,
1093 4391 1204 4447 vidi
1270 4393 1492 4461 angelos
1539 4404 1763 4452 sanctos
1820 4406 2018 4454 tumsto

416 4483 693 4554 nobilique
755 4485 911 4539 vultu
966 4484 1095 4540 hinc
1122 4484 1400 4548 recedere,
1446 4485 1664 4541 dicente
1695 4488 1829 4544 mibi
1873 4490 2018 4545 inter

2106 1999 2238 2049 σκος
2263 1982 2573 2054 προσῆλθεν
2607 1984 2758 2055 αὐτῷ
2785 1985 2961 2053 λέγων
2986 2002 3004 2019 ο
3037 1985 3210 2055 Κύριέ
3243 2004 3347 2054 μου
3397 1988 3709 2056 Ἐπεφάνη,

2103 2081 2134 2132 ὀ
2187 2077 2477 2146 ἀγαπητός
2529 2094 2628 2130 σου
2666 2078 2921 2148 Ῥαφαὴλ
2959 2081 3021 2133 ἐν
3070 2080 3331 2151 ἀσθενείᾳ
3380 2084 3705 2151 περιέπεσε,

2105 2171 2202 2225 καὶ
2234 2170 2389 2241 δηλοί
2414 2185 2496 2222 σοι
2529 2168 2682 2234 ὅπως
2712 2171 3164 2241 πιραγενόμενος
3192 2174 3467 2246 ἐπισκέψῃ
3502 2176 3663 2229 αὐτόν
3691 2192 3704 2205 ’

2107 2262 2415 2317 σπούδασον
2441 2260 2557 2324 οὖν,
2583 2262 2688 2329 ὅτι,
2715 2260 2792 2325 ὡς
2813 2262 2978 2326 δοκῶ,
3007 2264 3195 2317 οὐκέτι
3219 2264 3392 2338 θεάσῃ
3419 2267 3604 2322 αὐτόν.
3645 2268 3717 2319 '(P

2106 2356 2163 2409 δὲ
2186 2354 2428 2419 ἀκούσας
2453 2354 2649 2421 ταῦτα,
2674 2353 2878 2418 εὐθέως
2904 2355 3212 2426 σύνδακρυς
3238 2359 3479 2425 ἐγένετο,
3500 2360 3595 2413 καὶ
3627 2361 3709 2430 τῷ

2107 2446 2381 2517 δηλάτωρι
2415 2446 2892 2517 ὶπακολουθήτας,
2925 2448 3023 2501 σὺν
3059 2448 3212 2517 αὐτῷ
3256 2449 3533 2522 ἐπορεύθη
3562 2467 3577 2482 ο
3614 2454 3712 2506 καὶ
3824 2513 3832 2518 η

2108 2538 2284 2592 ἐλθὼν
2340 2537 2574 2609 πλησίον
2613 2537 2780 2591 αὐτοῦ
2837 2536 3134 2607 ἐκαθέσθη,
3185 2540 3283 2592 καὶ
3337 2539 3484 2607 ἔγνω
3547 2543 3712 2595 αὐτὸν

2111 2627 2440 2700 πλησιάζειν
2472 2629 2535 2683 τὸ
2559 2629 2741 2693 τέλος,
2770 2632 2865 2685 καὶ
2899 2629 2979 2700 τῷ
3022 2629 3170 2699 βέλει
3203 2632 3439 2701 τρωθεὶς
3472 2634 3582 2703 (Gl)
3611 2634 3719 2702 τῇς

2110 2720 2362 2791 ἀγάπης,
2396 2713 2466 2791 ἧς
2499 2720 2639 2787 πρὸς
2661 2720 2828 2774 αὑτὸν
2855 2721 3147 2792 ἐκέκτητο,
3195 2723 3290 2777 ἐπὶ
3323 2722 3529 2794 πελλὴν
3561 2724 3719 2795 ῶραν

2111 2814 2334 2888 ἐθρήνει
2387 2814 2575 2881 αὐτὸν,
2627 2814 2819 2886 ἐπειδὴ
2873 2815 3021 2869 πάνυ
3056 2816 3237 2885 ἐφίλει
3289 2817 3475 2872 αὐτόν.
3520 2818 3609 2881 Ὠς
3654 2818 3717 2873 δὲ

2116 2909 2316 2981 μικρὸν
2345 2908 2514 2979 ἀνέθη
2543 2906 2639 2961 τοῦ
2667 2907 2935 2979 ὀδυρμοῦ,
2970 2907 3177 2981 ἤρξατο
3207 2911 3420 2971 ἐκεῖνος
3449 2910 3707 2979 κείμενος

2113 3001 2305 3066 δεινῶς
2341 3002 2585 3071 ἀγωνιᾷν
2632 3001 2727 3054 καὶ
2781 3000 3173 3071 ὀλοφύρεσθαι,
3214 3002 3357 3056 ὥστε
3405 3002 3716 3072 φοϐηθῆναι

2112 3095 2175 3149 οὐ
2211 3094 2375 3164 μόνον
2404 3093 2500 3147 τὸν
2546 3092 2889 3163 Ἐπιφάνιον,
2935 3093 3073 3149 ἀλλὰ
3102 3096 3199 3149 καὶ
3227 3095 3355 3158 τοὺς
3389 3096 3447 3148 ὲν
3470 3096 3535 3165 τῇ
3564 3095 3725 3164 οἰκίᾳ.

2116 3186 2285 3240 αὑτοῦ
2333 3185 2716 3256 διαφέροντας.
2784 3185 3080 3257 Ἐπηρώτα
3129 3186 3185 3240 δὲ
3224 3187 3389 3241 αὑτὸν
3415 3188 3444 3240 ό
3485 3186 3724 3255 Ἐπιφά-

2115 3298 2248 3346 νιος,
2278 3282 2332 3333 τί
2358 3279 2573 3343 παθὼν,
2611 3278 2771 3333 τοῦτο
2820 3279 3179 3353 διεταράχθη.
3214 3282 3434 3353 Μικρὸν
3462 3281 3508 3335 δ’
3538 3281 3618 3337 ἔτι
3659 3284 3725 3336 ἐν

2114 3371 2300 3441 ἑαυτῷ
2346 3373 2665 3442 γενόμενος,
2724 3373 2820 3426 καὶ
2867 3372 3211 3442 θεασάμενος
3244 3379 3337 3428 τὸν
3398 3374 3718 3444 Ἑπιφάνιον

2114 3464 2223 3537 ἐερη
2247 3481 2262 3497 ’
2295 3464 2457 3536 Οἴμοι
2488 3464 2500 3517 l
2539 3463 2848 3533 γλυκύτατὲ
2891 3481 2995 3535 μου
3046 3465 3268 3536 ἀδελφὲ,
3317 3468 3405 3521 ὅτι
3444 3468 3622 3522 πάντα
3647 3470 3726 3522 τὰ.

2117 3556 2259 3627 ἔργα
2290 3557 2360 3611 τὰ
2396 3556 2752 3626 πνευματικά
2798 3556 3172 3627 καθήρπασαν
3200 3558 3252 3610 οἱ
3284 3557 3542 3627 δαίμονες
3572 3575 3589 3593 ο
3618 3577 3720 3613 κα-

2120 3650 2231 3714 θὼς
2280 3648 2391 3721 γάρ
2428 3644 2897 3718 καταχθονίζομαι
2941 3649 3020 3717 τῷ
3077 3649 3301 3720 πυρεῖῴ
3358 3649 3715 3720 βαλλόμενος,

2125 3742 2446 3813 ἐθεασάμην
2474 3743 2601 3805 τοὺς
2630 3740 2904 3820 ἀγγέλους
2930 3741 3025 3794 τοῦ
3058 3741 3221 3807 Θεοῦ,
3267 3743 3364 3796 καὶ
3389 3744 3516 3809 τοὺς
3550 3762 3721 3814 πονη-

2119 3838 2249 3908 ροὺς
2274 3835 2562 3907 δαίμονας,
2598 3834 2723 3889 καθ’
2751 3836 2837 3890 ὅτι
2869 3835 3318 3907 ὲζυγοστάτησαν
3348 3838 3418 3891 τὰ
3467 3839 3597 3907 ἐμοὶ
3621 3854 3723 3891 πε-

2119 3929 2421 4003 πραγμένα
2452 3928 2590 4002 (6‘2),
2638 3931 2736 3983 καὶ
2768 3930 3215 4001 ὑπερηκόντισαν
3255 3931 3367 3985 τῶν
3398 3931 3623 4001 ἀγαθῶν
3650 3932 3721 3986 τὰ

2118 4023 2329 4093 φαῦλα.
2365 4021 2478 4076 Καὶ
2508 4021 2822 4091 πέπεισμαι
2848 4022 2933 4076 ὅτι
2960 4023 3023 4075 οὐ
3066 4023 3143 4093 μὴ
3187 4023 3607 4091 κατασκηνώσει)
3638 4024 3719 4086 είς

2116 4115 2218 4179 τὰς
2256 4115 2538 4186 μακαρίας
2569 4113 2777 4185 σκηνὰς
2805 4114 2914 4167 τῶν
2949 4114 3199 4179 δικαίων,
3233 4114 3369 4169 ἀλλά
3416 4114 3722 4168 ἀπελεύσο-

2122 4226 2223 4280 μαι
2276 4211 2358 4273 εἰς
2415 4208 2477 4261 τὸ
2503 4208 2613 4281 πῦρ
2670 4207 2733 4261 τὸ
2788 4205 3091 4278 ἐξώτερον·
3121 4203 3264 4262 εἶδον
3313 4208 3422 4279 γάρ
3471 4208 3584 4277 ἐγὼ
3636 4209 3721 4263 ὅτι

2117 4301 2462 4371 λυπηθέντες
2487 4302 2538 4354 oi
2569 4301 2718 4370 ἀγιοι
2743 4300 2971 4368 ἄγγελοι
3010 4301 3110 4354 ἀπ’
3156 4300 3291 4370 ἐμοῦ
3334 4301 3720 4372 ἀνεχώρησαν,

2124 4397 2185 4449 ἐν
2227 4396 2286 4449 δὲ
2336 4393 2419 4465 τῷ
2467 4395 2671 4457 αὐτοὺς
2720 4394 3062 4466 ἔξίρχεσθαι,
3094 4389 3179 4459 εἷς
3224 4394 3285 4461 ἐξ
3310 4396 3494 4451 αὐτῶν
3527 4396 3721 4467 είρηκέ

2125 4506 2218 4561 μοι
2239 4506 2252 4519 ’
2283 4487 2421 4543 Οὐαί
2450 4504 2537 4541 σοι
2564 4488 2576 4541 l
2608 4488 2860 4567 ταπεινὲ,
2910 4489 2996 4542 ὃτι
3043 4488 3234 4552 κακῶς
3259 4490 3484 4560 ἐχρήσω
3515 4489 3592 4560 τῷ
3620 4489 3724 4560 βίῳ

414 4576 782 4634 recedendum
840 4592 951 4631 uno
980 4593 998 4634 :
1024 4575 1119 4632 Va:
1147 4577 1268 4641 tibi,
1299 4577 1470 4633 miser
1510 4578 1851 4642 adolescens.
1884 4580 2005 4651 quia

2125 4600 2242 4638 σου.
2293 4581 2385 4645 Ὠς
2414 4583 2472 4636 δὶ
2495 4580 2669 4635 ταῦτα
2693 4582 2911 4652 εἴρηκε,
2960 4583 3217 4654 ἐμμανὴς
3258 4584 3555 4654 γενόμενος
3594 4585 3721 4637 κατ’

416 4670 547 4725 dato
581 4669 649 4725 ad
693 4670 988 4726 vivendum
1016 4670 1194 4741 spatio
1224 4670 1430 4729 abusus
1458 4686 1539 4728 es.
1575 4670 1680 4728 Ubi
1731 4672 1895 4728 linem
1928 4674 2015 4728 di-

412 4764 517 4820 ctis
546 4763 666 4819 suis
693 4765 1032 4834 imposuerat
1064 4779 1231 4835 aager,
1251 4763 1484 4820 furentis
1503 4765 1793 4821 adversum
1827 4780 1886 4821 se
1902 4766 2014 4823 da:-

413 4857 592 4914 monis
649 4858 909 4929 impetum
941 4858 1134 4925 sensit,
1179 4860 1419 4914 animam
1454 4860 1628 4930 ipsius
1659 4860 2014 4916 vehementer

414 4950 690 5007 turbantis
760 4966 824 5007 ac
902 4952 1350 5018 eonsternautis;
1407 4952 1692 5023 jacuitque
1752 4952 2015 5024 deinceps

416 5043 678 5097 vellicans
709 5059 774 5099 ac
804 5044 1054 5101 lacerans
1073 5046 1306 5112 vultum,
1332 5053 1389 5101 et
1414 5045 1711 5102 insolentes
1741 5046 2011 5115 quosdam

414 5150 699 5191 sermones
737 5134 1011 5192 eﬂuticns.

394 5294 399 5299 .
490 5225 614 5281 150.
645 5225 856 5281 luterca
886 5225 1246 5298 Epiphanius,
1271 5243 1487 5285 summa
1529 5229 2018 5285 commiseratione

415 5321 615 5375 anima:
641 5319 787 5375 illius
824 5330 1021 5384 tactus.
1052 5321 1107 5376 in
1139 5330 1354 5377 secreto
1399 5321 1585 5378 cordis
1618 5322 1865 5377 conclavi
1888 5336 2014 5378 cum

560 5479 709 5538 Psal.
740 5495 937 5547 nxnr,
971 5481 1065 5536 20.
1139 5482 1185 5515 "
1214 5480 1363 5538 Psal.
1387 5480 1732 5549 cxvru,145.

459 5638 690 5757 >(ίὲὶιλιιι
714 5656 820 5698 ms.
862 5637 1039 5697 Yatic.
1078 5639 1436 5698 vitiosissime
1456 5641 1727 5711 scriptura
1760 5649 1876 5695 erat
1908 5639 2018 5694 δέει

459 5726 524 5757 η.Ἐ
563 5725 665 5757 εις-

425 5724 665 5771 κληθεις,

499 5776 611 5845 (62)
673 5778 808 5835 llinc
859 5781 1166 5853 incipiendo
1230 5798 1425 5857 magna
1461 5784 1655 5841 lacuna
1704 5784 1870 5843 estin
1909 5799 2017 5840 ius.

2125 4679 2296 4736 αὐτοῦ
2326 4680 2355 4733 6
2378 4678 2652 4743 διάϐολος,
2683 4679 3013 4750 ἐνεποίησεν
3043 4679 3103 4730 ἑν
3126 4679 3242 4740 τοῖς
3268 4677 3527 4745 ὲγκάτοις
3552 4675 3719 4730 αὐτοῦ

2122 4770 2358 4843 θόρυϐον
2422 4769 2596 4823 πολὺν
2666 4769 2764 4822 καὶ
2824 4770 3070 4840 τάραχον
3121 4784 3135 4801 ο
3177 4768 3274 4825 καὶ
3339 4764 3409 4839 ἦν
3466 4768 3722 4837 κείμενος

2121 4862 2318 4917 λωὸῶν
2356 4862 2455 4916 καὶ
2491 4862 2971 4935 σπαραττόμενος,
3007 4864 3104 4918 καὶ
3125 4861 3353 4935 ἀπρεπῆ
3380 4877 3503 4914 τινα
3538 4861 3721 4934 ληρω-

2122 4956 2408 5029 δοὺμενος.

2202 5225 2301 5300 ρν’.
2351 5225 2410 5280 ’0
2448 5227 2506 5283 δὲ
2538 5228 2862 5298 Ἐπιφάνιος
2896 5227 3271 5299 συμπαθήσας
3300 5227 3442 5295 ἀγαν
3474 5228 3540 5298 τῇ
3569 5225 3718 5297 ψυχῇ

2124 5320 2316 5391 αὐτοῦ⁹
2368 5320 2761 5393 καθεζόμενος,
2813 5321 2983 5395 εὐχὴν
3042 5321 3182 5392 μετὰ
3222 5320 3481 5391 δακρῦων
3530 5322 3591 5373 ὲν
3642 5318 3723 5389 τῷ

2118 5642 2384 5703 Mazarin.
2422 5657 2542 5714 quae
2588 5642 2910 5714 producitur
2941 5657 3115 5714 usque
3166 5640 3232 5699 ad
3265 5640 3383 5699 haec
3413 5641 3577 5698 verba
3611 5653 3716 5693 nu-

2122 5716 2255 5773 meri
2292 5715 2413 5782 l5l,
2449 5715 2786 5785 Ἐπξσταμαι
2810 5716 2942 5789 γάρ.
