4090 6460
485 344 589 407 797

1668 352 1846 416 VITA
1891 355 1955 416 S.
1998 355 2097 414 AN
2111 356 2332 418 DREIE
2366 358 2556 419 SAL].

3654 357 3767 421 798

492 454 734 529 κρυπτῷ
756 458 974 531 ταμείῳ
1003 459 1145 532 ὑπὲρ
1166 461 1336 518 αὐτοῦ
1362 465 1438 532 τῷ
1467 466 1660 537 Κυρίῳ
1687 470 2073 541 προσφερόμεο

2183 475 2438 546 lacrymis
2462 473 2723 530 offerebat
2764 487 2952 545 preces
2973 487 3104 529 suas
3134 472 3392 537 Domino,
3448 472 3766 542 supplicans

487 565 601 613 νος,
642 551 793 613 ὅπως
832 551 937 603 κᾶν
985 551 1082 604 τοῦ
1138 555 1756 628 παραδειγματισοῆναι
1807 560 1958 632 αὐτῷ
1994 561 2072 633 μὴ

490 644 720 712 γένηται
749 643 957 713 ἔφοδος.
1000 645 1061 700 'O
1086 646 1143 701 δὲ
1187 649 1435 715 Σατανᾶς
1484 654 1622 721 μετά
1664 654 1775 707 τῶν
1802 653 2075 726 δαιμόνων

489 731 659 785 αὑτοῦ
723 733 906 786 ἐκεῖσε
959 735 1311 805 ἐφεδρεύων,
1361 741 1564 811 συνῆκε
1607 741 1701 797 τὸν
1755 743 2077 813 Ἐπιφάνιον

490 822 930 893 προσευχόμενον
952 839 968 856 ο
1003 824 1204 895 θράσος
1230 829 1464 900 φοϐερὸν
1504 832 1534 883 6
1565 833 1954 906 κακομήχανος
1984 852 2078 889 κε-

489 932 595 984 κτη
606 915 792 985 μένος,
819 915 906 970 διὰ
930 918 991 971 τὸ
1020 920 1122 990 ἤδη
1148 921 1239 974 τὸν
1266 922 1597 978 ἀσθενοῦντα
1628 926 1881 981 ὑπαίτιον
1911 927 2076 982 αὐτὸν

490 1008 795 1077 πεφηνέναι
826 1024 843 1042 ο
896 1010 993 1064 καὶ
1047 1011 1418 1068 ἐϐουλεύσατο
1450 1018 1923 1090 ’κατακρημνίσαι
1985 1019 2078 1075 τίον

502 1101 826 1167 Ἐπιφάνιον
860 1104 920 1157 ἐν
964 1098 1010 1172 ᾧ
1053 1103 1352 1170 ἐκαθέζετο
1380 1108 1580 1181 θρόνῳ,
1614 1112 1675 1164 ἐν
1696 1109 1776 1183 τῷ
1806 1111 2079 1181 σύνεγγυς

489 1193 605 1247 δντι
638 1195 1003 1269 καταρράκτῃ
1023 1197 1117 1251 τοῦ
1141 1196 1468 1269 οἰκήματος.
1500 1200 1669 1265 Γνοὺς
1698 1201 1756 1255 δὲ
1798 1202 1878 1275 τῷ
1909 1204 2077 1259 πνεύ-

492 1303 624 1355 ματι
646 1286 674 1338 6
706 1288 854 1351 παῖς,
885 1288 1098 1358 ταχέως
1122 1289 1365 1355 ἀναστὰς
1382 1292 1722 1367 ἀπρονόητον
1753 1297 1853 1367 τὴν
1878 1295 2078 1369 βουλὴν

496 1377 666 1432 αὑτοῦ
711 1379 987 1451 ἐποίησεν.
1051 1382 1367 1455 Ἀποτυχὼν
1420 1385 1478 1439 δὲ
1531 1388 1559 1440 6
1606 1389 1932 1461 παμμίαρος
1977 1390 2075 1445 τοῦ

493 1469 701 1524 σκοποῦ
732 1472 924 1537 αὐτοῦ,
968 1473 1171 1545 ἤρξατο
1212 1477 1377 1531 πάλιν
1405 1478 1499 1533 τοῦ
1549 1481 2077 1553 παραδειγματίζειν

486 1561 582 1615 τὸν
605 1562 844 1617 ἐλεεινὸν
876 1563 1089 1619 ἐκεῖνον
1114 1582 1130 1598 ο
1172 1567 1269 1621 καὶ
1300 1568 1507 1634 εὐθέως
1555 1572 1833 1643 κείμενος,
1871 1573 2079 1645 ᾗρξατο

493 1653 694 1709 τίλλειν
737 1655 830 1710 τὸν
880 1658 1078 1714 ἑαυτοῦ
1119 1659 1379 1730 πώγωνα,
1407 1662 1502 1718 καὶ
1544 1666 1842 1735 μετέπειτα
1882 1668 2078 1741 ὥσπερ

492 1748 725 1815 αἱτίδιον
755 1748 1041 1817 φωνάζων,
1082 1752 1175 1807 καὶ
1206 1754 1369 1808 πάλιν
1403 1757 1505 1828 τὴν
1547 1758 1804 1825 γλῶσσαν
1843 1761 1948 1827 ἔξω
1985 1763 2076 1815 ὲκο

492 1838 525 1892 ϐ
539 1840 707 1896 ἑλλων
738 1843 1088 1914 ἐσεληνίαζεν
1109 1846 1387 1915 ἀεέμνως,
1418 1850 1515 1904 καὶ
1537 1850 1699 1905 ⁴πάλιν
1722 1852 1912 1925 ὥσπερ
1928 1853 2078 1910 κύων

495 1933 751 2001 ποιμνίου
817 1934 1029 2006 βαρέως
1082 1936 1297 2007 βαΰζων
1345 1941 1428 2004 είς
1483 1942 1614 2007 τοὺς
1677 1946 2078 2015 παρεστῶτας,

490 2022 635 2077 ὥστε
671 2025 976 2097 φοϐηθῆναι
1014 2029 1179 2096 φόϐον
1211 2031 1389 2100 μέγαν
1424 2033 1639 2096 πάντας
1670 2034 1796 2100 τοὺς
1834 2037 2081 2108 ὁρῶντας

491 2118 583 2169 τὸν
645 2118 844 2173 ἑαυτοῦ
893 2119 1165 2190 βαΰζοντα
1205 2123 1461 2195 δαίμονα.
1500 2127 1564 2180 Οί
1609 2126 1667 2182 δὲ
1707 2128 1888 2184 ἐκεῖσε
1922 2132 2083 2205 εὑρε-

491 2210 679 2277 θέντες
726 2208 954 2284 ὴρώτι-ων
1020 2215 1113 2269 τὸν
1180 2218 1517 2289 Ἐπιφάνιον.
1567 2220 1734 2277 πόθεν
1793 2226 1873 2289 είς
1917 2227 2083 2283 αὑτὸν

493 2308 751 2380 τοιαύτην
790 2308 1042 2375 ἐξουσίαν
1081 2311 1278 2368 ἔλαϐεν
1321 2317 1349 2369 6
1393 2316 1665 2386 διάϐολος,
1717 2320 1805 2375 ἵνα
1851 2324 2080 2379 τοιαῦτα

494 2399 731 2472 πράττῃ.
779 2400 837 2454 ⁸0
878 2403 935 2458 δὲ
982 2402 1103 2459 εἷπε
1151 2407 1287 2478 πρὸς
1342 2409 1543 2475 αὐτούς
1570 2427 1585 2440 ·
1644 2412 1892 2482 Ἀδελφοί
1949 2432 2075 2486 μου,

494 2494 608 2560 ἐγὼ
649 2496 729 2557 είς
766 2492 932 2550 τοῦτο
968 2498 1121 2552 οὐδὲν
1164 2501 1473 2572 ἐπίσταμαι
1538 2500 1908 2573 φθέγξασθαι·
1941 2507 2083 2579 πλὴν

496 2586 851 2656 στοχάζομαι,
886 2589 968 2642 ὅτι
999 2590 1225 2663 μεγάλῳ
1252 2594 1663 2667 παραπτώματι
1692 2593 1760 2670 ἦν
1790 2617 2081 2672 συμπεπο-

490 2678 769 2748 δισμένος,
798 2682 892 2735 καὶ
914 2683 1026 2735 οὐδ’
1064 2683 1198 2765 ὅλως
1230 2686 1445 2757 ἀπέστη
1482 2687 1543 2754 ἐξ
1570 2688 1736 2744 αὐτοῦ
1783 2693 1948 2764 μέχρι
1979 2694 2082 2765 τῆς

487 2772 686 2841 δεῦρο,
743 2774 777 2846 ἢ
839 2776 941 2830 οὐκ
1008 2776 1350 2848 ἐξήγογειλεν,
1408 2782 1442 2853 ἢ
1504 2784 1566 2837 οὐ
1612 2787 1955 2857 μετενόησε·
1991 2790 2082 2845 διὰ

490 2864 650 2919 τοῦτο
704 2868 833 2931 τοὺς
890 2869 1302 2941 ἀμετανοήτους
1356 2873 1692 2947 κληρονομεῖ
1733 2878 1762 2930 6
1813 2879 2081 2945 διάϐολος.

495 2955 593 3097 ἑθεν
630 2957 699 3026 τῇ
736 2955 962 3032 τοιαύτῃ
995 2954 1090 3013 οὖν
1124 2960 1373 3025 ἐξετάσει
1401 2965 1608 3030 ἐκεῖνος
1638 2966 1730 3022 τὸν
1780 2969 1895 3040 βίον
1922 2974 2084 3026 κατέ-

529 3063 673 3097 υσεν.

529 3063 673 3101 υσεν.

2178 580 2277 636 pro
2304 568 2505 630 amico,
2545 575 2695 622 utne
2725 567 3097 622 incesseretur
3127 564 3601 636 castigareturque
3652 573 3764 620 tam

2176 659 2490 715 humaniter
2523 673 2553 713 a
2590 657 2882 712 dmonio.
2934 657 3005 712 At
3034 670 3164 712 rem
3222 657 3312 711 ubi
3341 656 3603 721 Satanas,
3638 673 3766 712 cum

2180 752 2386 823 reliqua
2442 753 2751 807 daemonum
2809 751 2990 817 turba,
3023 750 3077 805 in
3125 751 3310 804 omnia
3356 750 3547 806 sedqu
3587 749 3771 805 inten-

2179 852 2291 917 tus,
2339 841 2702 912 deprehendit
2736 850 2984 897 orantem
3012 839 3377 911 Epiphaniam
3439 841 3581 910 (erat
3618 840 3770 894 enim

2177 935 2307 991 mali
2342 934 2688 989 machinator
2720 935 3048 991 insolentior
3076 935 3467 1004 audaciorque,
3518 935 3666 1004 quod
3690 934 3769 988 ιιιῑ

2173 1028 2286 1099 jam
2347 1042 2496 1083 nunc
2548 1028 2894 1098 adiudicatus
2935 1027 3209 1083 videretur
3264 1027 3431 1097 aeger)
3473 1025 3769 1082 consilium

2179 1120 2303 1175 iniit
2330 1120 2701 1190 praecipitandi
2737 1119 2885 1189 pium
2911 1117 3316 1174 adolescentem
3347 1133 3475 1173 cum
3507 1116 3637 1173 sede
3669 1130 3772 1172 sua

2179 1214 2233 1269 in
2260 1214 2619 1285 propinquam
2672 1211 2858 1268 domui
2896 1220 3252 1267 cataractam.
3302 1210 3501 1265 Verum
3536 1209 3778 1279 Epipha-

2181 1307 2325 1371 nius,
2382 1304 3134 1377 prmcognitomachinatoris
3167 1302 3420 1367 consilio,
3479 1301 3770 1358 confestim

2180 1398 2455 1469 surgendo
2497 1396 2714 1452 irritum
2766 1406 2929 1467 atque
2960 1395 3125 1449 inane
3157 1394 3292 1449 illud
3322 1393 3473 1448 fecit.
3521 1391 3775 1462 Dejeetus

2181 1491 2364 1561 itaque
2393 1504 2490 1560 spe
2522 1503 2621 1544 sua
2648 1499 2704 1544 et
2739 1478 2954 1544 intento
2986 1487 3362 1558 nequissimus
3391 1486 3629 1548 daemon,
3653 1502 3781 1541 rur-

2183 1598 2303 1637 sum
2330 1598 2391 1637 se
2427 1584 2492 1637 ad
2521 1596 2727 1653 aegrum
2776 1581 3142 1637 divexandutn
3170 1578 3440 1635 convertit
3467 1596 3481 1632 :
3507 1578 3603 1647 qui
3648 1592 3775 1634 mox

2182 1675 2415 1730 evellere
2459 1673 2565 1730 sibi
2618 1673 2867 1738 barbam,
2904 1681 3017 1726 tum
3042 1673 3286 1729 clamore
3323 1687 3430 1729 suo
3464 1687 3654 1728 vocem
3685 1688 3783 1727 ca-

2186 1784 2405 1839 prarum
2465 1767 2692 1830 imitari,
2750 1766 2887 1822 alias
2923 1774 3136 1821 exserta
3171 1766 3405 1836 turpiter
3439 1779 3505 1819 ex
3542 1779 3640 1820 ore
3674 1763 3781 1819 lin-

2187 1876 2292 1929 gua
2323 1860 2623 1913 lunaticum
2679 1854 2860 1927 agere,
2884 1857 3018 1911 alias
3055 1856 3290 1926 denique
3326 1859 3504 1909 instar
3546 1858 3781 1923 pastori-

2186 1950 2244 2005 tii
2292 1949 2448 2005 canis
2503 1958 2613 2003 tam
2662 1946 2887 2002 terribili
2926 1947 2983 2002 in
3017 1956 3263 2003 astantes
3316 1946 3516 2001 latratu
3573 1944 3778 2012 furere,

2185 2052 2245 2099 ut
2279 2056 2479 2114 magno
2504 2056 2696 2098 omnes
2728 2042 3136 2110 corriperentur
3187 2047 3359 2106 metu,
3392 2038 3642 2094 videntes
3667 2039 3781 2093 dat-

2184 2150 2403 2191 mortem
2430 2150 2527 2206 per
2557 2150 2620 2191 os
2652 2134 3016 2192 adolescentis
3062 2134 3267 2189 latrare
3298 2153 3311 2189 :
3342 2132 3783 2204 percunctabatu-

2184 2239 2273 2284 tur
2310 2238 2495 2283 autem
2524 2243 2590 2282 ex
2636 2225 2969 2297 Epiphanio,
2997 2227 3140 2281 unde
3171 2232 3383 2279 tantum
3447 2222 3636 2277 liceret
3663 2220 3786 2275 dia-

2188 2319 2333 2388 bolo,
2368 2328 2477 2375 tam
2511 2310 2774 2375 terribili'a
2831 2318 3097 2389 patranti.
3134 2315 3347 2383 Quibus
3410 2314 3780 2385 Epiphanius:

2146 2412 2385 2470 'Nescio
2430 2412 2708 2483 equidem,
2766 2410 2967 2466 fratres
3014 2410 3159 2474 mei,
3214 2408 3347 2480 quid
3395 2407 3462 2463 ad
3522 2411 3637 2461 hac
3691 2421 3784 2461 re-

2185 2506 2372 2577 sponsi
2393 2506 2514 2560 dem
2541 2522 2557 2571 ;
2583 2505 2691 2560 nisi
2715 2505 2860 2574 quod
2891 2503 3251 2564 exsistimetn,
3279 2500 3464 2572 gravis
3493 2499 3781 2570 cuiusdam

2185 2598 2414 2655 sceleris
2448 2597 2630 2666 ipsum
2664 2594 3003 2652 conscientia
3036 2593 3232 2656 teneri,
3256 2591 3402 2662 quod
3430 2591 3484 2647 in
3519 2591 3664 2646 hunc
3689 2604 3786 2644 us-

2184 2705 2292 2759 que
2326 2689 2467 2745 diem
2501 2674 2796 2743 identidem
2827 2685 3125 2741 admissum
3179 2697 3281 2739 nec
3332 2680 3645 2738 confitendo
3681 2696 3783 2739 nec

2185 2782 2500 2854 paenitendo
2566 2779 2797 2846 delevit;
2855 2792 2920 2833 ac
2956 2786 3264 2847 propterea,
3297 2775 3374 2830 uti
3437 2773 3787 2844 impaeniten-

2186 2884 2268 2930 tes
2327 2874 2526 2941 solent,
2556 2871 2612 2926 in
2654 2869 2918 2926 daemonis
2949 2869 3169 2924 transiit
3217 2876 3563 2938 potestatem.
3616 2864 3786 2937 [Εκα-

2186 2976 2366 3021 autem
2411 2966 2549 3021 tales
2606 2963 2750 3019 inter
2811 2963 3089 3019 cruciatus
3145 2976 3209 3017 ac
3243 2969 3516 3016 tormenta
3562 2957 3784 3014 vivendi

2189 3058 2350 3114 linem
2389 3058 2541 3114 fecit.

569 3147 705 3209 ρνα’.
746 3140 844 3196 Ἐν
891 3144 990 3214 μιᾷ
1031 3143 1126 3198 οῦν
1158 3146 1343 3218 ἡμέρᾳ
1389 3149 1649 3222 εὑρηκὼς
1678 3153 1708 3206 6
1759 3154 2081 3227 Ἐπιφάνιος

2261 3153 2389 3208 ibi.
2460 3152 2802 3223 Epiphanius
2862 3150 3146 3222 aliquanto
3180 3155 3305 3219 post
3353 3148 3572 3204 obviam
3607 3146 3786 3201 factus

493 3229 585 3284 τὸν
635 3232 907 3303 μακάριον
968 3234 1246 3305 Ἀνδρέαν,
1289 3234 1593 3310 διηγήσατο
1637 3243 1786 3313 αὐτῷ
1838 3245 2080 3314 ἅπαντα,

496 3321 594 3374 καὶ
621 3323 922 3392 παρεκάλει
960 3325 1176 3394 μαθεῖν,
1213 3327 1285 3380 δι’
1314 3328 1382 3401 ἢν
1402 3331 1586 3386 αἰτίαν
1613 3330 1770 3399 οὗτος
1819 3338 1849 3391 6
1890 3356 2083 3395 ταπει-

495 3413 586 3473 νὸς
616 3414 870 3486 καθάπερ
894 3417 1040 3471 κύων
1067 3418 1316 3474 ὑλακτῶν
1346 3425 1758 3493 τετελεύτηκεν.
1777 3430 2080 3505 Ἀπεκρίθη

489 3507 518 3559 6
541 3507 684 3569 ὅσιος
728 3508 867 3579 πρὶς
896 3509 1062 3564 αὐτὸν
1092 3510 1188 3565 καὶ
1240 3512 1387 3583 λέγει
1413 3532 1428 3548 ο
1472 3517 1715 3582 Ἐκεῖνος
1746 3523 1773 3576 6
1803 3523 1957 3591 φίλος
1990 3542 2083 3580 σου

494 3599 683 3670 μοιχὸς
733 3597 802 3673 ἦν
843 3605 936 3655 καὶ
978 3604 1322 3675 μνησίκ¹ακος
1353 3608 1676 3678 ἄνθρωπος·
1714 3613 1818 3667 ἑῶν
1846 3617 1958 3689 γὰρ
1983 3618 2083 3689 τὴν

497 3692 694 3747 ἑαυτοῦ
725 3694 979 3765 σύμϐιον,
1016 3699 1084 3769 τῇ
1140 3696 1485 3767 θεραπαινίδι
1513 3703 1683 3757 αὐτοῦ
1715 3704 1891 3772 ἀδεῶς
1925 3725 2082 3762 συνε-

496 3786 725 3855 μίγνυτο
745 3803 761 3819 ο
801 3787 1047 3852 διάκονός
1080 3807 1141 3843 τε
1174 3791 1558 3862 χρηματίζων,
1591 3796 1693 3850 οὑκ
1719 3797 1945 3869 ἔφριττε
1979 3800 2081 3872 τὴν

493 3879 735 3950 φοϐερὰν
766 3880 1002 3951 δύναμιν
1050 3882 1153 3952 τῆς
1199 3884 1504 3954 ἀπροσίτου
1536 3884 1793 3958 θεότητος
1820 3892 1849 3943 6
1881 3892 2075 3946 ταλαί-

494 3990 681 4044 πωρος
713 3991 726 4004 ·
760 3975 854 4028 καὶ
899 3975 1054 4039 εἰδὼς
1088 3976 1253 4030 αὐτὸν
1282 3978 1608 4051 ἁμαρτωλὸν
1639 3981 1737 4052 οὐχ
1780 3983 2080 4056 ἡσύχαζεν,

489 4065 626 4120 ἀλλὰ
653 4067 948 4138 μοιχεύων,
978 4068 1164 4139 φορῶν
1190 4068 1251 4123 τὸ
1280 4069 1546 4140 φελὼνιον
1576 4073 1743 4127 αὐτοῦ
1776 4076 2079 4145 ίεράτευεν,

491 4160 853 4230 καταφρονῶν
891 4160 1003 4215 τῶν
1050 4160 1337 4226 ζωοποιῶν
1387 4164 1617 4220 ἐκείνων
1665 4169 1762 4223 καὶ
1791 4169 2082 4226 ἀθανάτων

496 4251 816 4323 μυστηρίων
841 4270 856 4284 ·
903 4255 999 4306 καὶ
1046 4253 1269 4319 εἴκαζεν
1304 4255 1388 4310 ὅτι
1418 4256 1604 4312 λαθεῖν
1645 4258 1760 4331 ἔχει
1788 4262 1976 4334 Κυρίῳ
2003 4263 2082 4335 τῷ

488 4344 611 4416 Θεῷ
655 4344 836 4417 ἡμῶν.
902 4346 1105 4417 Ὶερεὺς
1133 4348 1246 4419 γὰρ
1279 4349 1498 4420 πόρνος.
1550 4353 1646 4404 καὶ
1674 4352 1924 4418 διάκονος
1962 4373 2084 4426 μοι-

488 4440 586 4513 χός
636 4457 697 4495 τε
750 4441 973 4511 πόρνος,
1024 4443 1426 4516 ἐπικατάρατοι
1480 4446 1698 4502 ἔσονται
1756 4451 1948 4522 Κυρίῳ
2001 4450 2081 4523 τῷ

489 4533 613 4604 Θεῷ
644 4548 660 4565 ⁸
707 4534 844 4587 πολὺ
891 4535 1000 4605 γὰρ
1042 4534 1249 4602 ὀφείλει
1293 4535 1538 4608 καθαρὸς
1579 4534 1723 4594 εἶναι
1759 4541 1788 4594 6
1821 4540 1901 4612 τῷ
1935 4542 2078 4615 ἁγίῳ
2112 4524 2156 4581 Ῐ)

492 4625 869 4698 θυσιαστηρίῳ
911 4628 1349 4698 παριστάμενος.
1388 4631 1462 4683 Σὺ
1493 4631 1606 4704 γὰρ
1649 4627 1822 4701 σίδας,
1863 4635 2079 4704 τέκνον,

490 4719 575 4772 ὅτι
611 4717 641 4771 6
673 4718 808 4782 Θεὸς
858 4721 1142 4792 ῥυπαροὺς
1190 4720 1471 4794 ὑπηρέτας
1527 4723 1590 4777 οὐ
1645 4724 1842 4796 χρῄζει
1875 4741 1891 4758 ο
1931 4729 2083 4798 μισεί

490 4812 603 4882 γὰρ
649 4812 844 4880 γενεὰν
884 4811 1170 4884 μοιχαλίδα
1216 4814 1311 4868 καὶ
1362 4814 1714 4887 ἀμαρτωλόν.
1777 4817 2078 4882 Είκάζουσί

490 4919 638 4967 τινες
682 4903 793 4958 τῶν
835 4900 1168 4978 ἀνθρώπων,
1198 4906 1281 4961 ὅτι
1321 4894 1492 4979 μῦθός
1522 4910 1641 4963 εστι
1683 4909 1755 4964 τὰ
1780 4911 1892 4966 τῶν
1937 4913 2080 4984 Χρι-

493 4999 727 5053 στιανῶν
775 4998 1158 5071 διαγγέλματα
1190 5017 1207 5035 ·
1259 5001 1384 5057 ὅθεν
1415 5003 1563 5068 τινες
1600 5004 1699 5059 καὶ
1730 5005 1928 5077 ἀηδίαν
1951 5023 2084 5077 φαν-

492 5091 775 5158 τάζονται,
805 5092 977 5155 λίθοις
1011 5092 1199 5163 βυθοῖς
1223 5096 1666 5169 ἀμαυρούμενοι,
1710 5099 1804 5153 καὶ
1830 5098 2083 5154 ἐντεῦθεν

490 5185 665 5249 ἀδεῶς
695 5184 912 5240 ποιοῦσι
958 5186 1027 5240 τὰ
1062 5185 1387 5258 καταθύμια
1408 5201 1425 5219 '
1453 5188 1548 5242 καὶ
1574 5191 1678 5244 οὐκ
1711 5189 1889 5245 οἴδασι
1928 5192 2083 5256 ποῖός

491 5277 641 5328 ἐστιν
694 5276 725 5329 6
776 5276 996 5348 δράκων
1040 5276 1236 5347 ἄγριος
1282 5278 1380 5332 καὶ
1430 5282 1650 5352 πικρὸς,
1683 5283 1712 5335 6
1742 5279 1838 5334 τοῦ
1868 5281 2079 5352 κόσμου

492 5370 705 5440 ἄρχων,
756 5371 926 5442 φημὶ,
978 5373 1007 5426 6
1054 5370 1524 5441 ἀποστελλόμενος
1573 5373 1654 5436 είς
1687 5372 1807 5438 ἐνὸς
1846 5374 2081 5429 ἑκάστου

493 5463 723 5519 θάνατον
775 5466 870 5520 τοῦ
922 5467 1155 5538 ἐρευνᾷν
1203 5465 1274 5520 τά
1318 5468 1534 5538 ποιηρά
1580 5467 1741 5536 ἔργα,
1784 5470 1880 5522 καὶ
1923 5468 2082 5541 δίκην

489 5555 793 5629 λαμϐάνειν
841 5560 984 5631 μετά
1036 5558 1146 5615 τῶν
1199 5559 1451 5630 ἀγγέλων
1495 5560 1589 5614 τοῦ
1638 5559 1777 5615 Θεοῦ
1808 5561 2081 5633 περὶτῶν

491 5651 939 5722 ἁμαρτησάντων
984 5648 1195 5723 ψυχῶν,
1236 5651 1340 5707 ποῦ
1379 5652 1412 5722 ἢ
1445 5652 1562 5717 πῶς
1590 5650 1730 5727 εὕρῃ
1773 5654 1877 5722 τὴν
1898 5654 2079 5727 ψυχὴν

491 5746 593 5812 τὴν
646 5746 708 5799 τδ
767 5746 962 5809 σκότος
1013 5745 1404 5818 ἀγαπήσασαν,
1469 5746 1619 5810 ὅπως
1689 5744 2082 5822 κληρονομήσῃ

488 5839 687 5908 αὐτὴν.

2190 3245 2252 3301 Β.
2302 3244 2556 3309 Andreae,
2591 3244 2837 3300 narravit
2871 3243 2922 3298 ei
2950 3244 3148 3299 seriem
3185 3242 3357 3297 totius
3398 3240 3512 3306 rei,
3554 3239 3787 3308 cupidus

2188 3356 2256 3397 ex
2286 3340 2382 3395 illo
2411 3339 2623 3394 discere
2675 3336 3031 3407 quamobrem
3092 3332 3281 3389 infelix
3324 3334 3428 3388 iste
3469 3330 3788 3387 adolescens

2185 3430 2444 3487 latrantlo
2501 3429 2555 3493 in
2593 3427 2819 3482 modum
2847 3428 3000 3481 canis
3054 3440 3087 3481 e
3120 3426 3261 3480 vivis
3284 3425 3535 3479 altllSSL‘l.
3566 3421 3666 3476 Cui
3713 3421 3789 3476 ita

2188 3534 2412 3579 sanctus
2448 3539 2463 3578 :
2514 3520 2666 3577 Tuus
2688 3520 2788 3576 iste
2813 3518 3039 3580 sodalis,
3084 3519 3335 3573 moechus
3361 3524 3416 3572 et
3458 3515 3787 3584 iniuriarum

2187 3616 2459 3686 imprimis
2491 3629 2700 3669 tnetnor
2750 3613 2872 3667 fuit.
2930 3611 3040 3666 Sua
3085 3624 3322 3679 namque
3355 3609 3590 3679 conjuge
3621 3621 3786 3676 repu-

2188 3709 2359 3770 diata,
2397 3723 2524 3763 cum
2559 3706 2818 3762 ancillula
2850 3719 2948 3761 sua
3011 3718 3108 3772 per
3138 3717 3417 3757 summum
3460 3700 3641 3755 scelus
3670 3712 3784 3753 rem

2190 3798 2418 3865 liabuit;
2453 3787 2687 3866 cumque
2732 3796 2952 3851 diaconi
2994 3793 3312 3862 fungeretur
3366 3805 3614 3854 munere,
3671 3803 3784 3843 non

2186 3892 2473 3946 exhorruit
2536 3887 2872 3944 tremendam
2906 3878 3309 3941 inaccessibilis
3342 3881 3568 3937 Deitatis
3592 3890 3789 3951 poten-

2186 3985 2315 4038 tiam
2381 3981 2591 4045 infelix,
2643 3981 2736 4037 sed
2784 3976 3027 4050 peccatis
3088 3975 3290 4046 quibus
3335 3989 3395 4029 se
3463 3973 3783 4027 itnmersunt

2176 4074 2400 4147 penitus
2429 4088 2539 4129 non
2565 4074 2874 4141 ignorabat,
2909 4080 3135 4140 peccata
3176 4069 3378 4124 addere
3408 4083 3516 4123 non
3558 4078 3785 4122 cessans

2184 4179 2350 4239 atque
2403 4166 2688 4222 adulteriis
2736 4164 2945 4220 crebris
2970 4178 3029 4220 se
3087 4163 3376 4234 polluens,
3408 4160 3596 4216 induto
3622 4175 3783 4216 sacro

2185 4261 2353 4333 pallio
2400 4259 2647 4316 divinum
2684 4274 2888 4314 munus
2924 4258 3132 4324 obibat,
3163 4256 3312 4312 nulla
3341 4254 3785 4310 vivificorumat—

2186 4370 2296 4425 que
2349 4351 2743 4407 immortalium
2795 4351 3184 4422 mysteriorum
3264 4358 3616 4403 reverentia:
3649 4351 3784 4418 quitt

2185 4446 2352 4502 etiam
2381 4445 2735 4517 Opinabatur,
2771 4443 2911 4499 clam
2947 4441 3056 4498 Deo
3088 4456 3152 4498 ac
3193 4440 3426 4496 Domino
3455 4453 3646 4504 nostro
3680 4455 3781 4495 sua

2187 4538 2417 4596 crimina
2474 4554 2617 4594 esse.
2680 4537 2948 4592 Sacerdos
2995 4536 3198 4606 quippe
3236 4543 3531 4596 scortator,
3590 4532 3785 4587 etdia-

2193 4647 2370 4687 conus
2428 4630 2642 4686 adulter
2700 4638 2867 4699 atque
2898 4628 3249 4693 fornicarius,
3304 4625 3580 4682 maledicti
3617 4619 3783 4680 ernni

2186 4720 2419 4776 Domino
2450 4721 2560 4777 Deo
2593 4737 2609 4788 ;
2641 4729 2858 4790 oportet
2894 4720 3040 4774 enim
3078 4720 3201 4774 vitae
3232 4719 3510 4788 integrum
3562 4733 3785 4788 purum.

2184 4827 2293 4883 que
2317 4827 2462 4879 esse,
2486 4812 2580 4882 qui
2603 4813 2778 4867 sacris
2798 4809 3067 4865 altaribus
3096 4816 3298 4864 astant.
3349 4808 3502 4863 Nosti
3552 4807 3780 4878 quippe,
3858 4797 3863 4809 ’

2183 4903 2283 4970 fili,
2334 4904 2725 4972 coinquinatos
2790 4900 2998 4973 peccati
3024 4898 3285 4956 sordibus
3322 4898 3603 4952 ministros
3626 4898 3779 4966 rejici

2184 5014 2214 5055 a
2273 4995 2405 5062 Deo,
2478 5005 2668 5065 utpote
2719 4994 3028 5066 progeniem
3075 4991 3377 5047 adulteram
3429 4998 3484 5045 et
3520 4991 3783 5060 peccatri-

2183 5108 2302 5148 cem
2361 5091 2488 5147 odio
2535 5089 2755 5160 capitali
2816 5096 3199 5158 prosequente.
3258 5083 3401 5141 Sunt
3430 5095 3637 5150 tamen,
3686 5083 3778 5155 qui

2184 5190 2479 5259 opinantur
2512 5200 2669 5241 sacra
2728 5183 3167 5239 Christianorum
3234 5180 3528 5252 Evangelia
3573 5179 3782 5235 fabula-

2184 5297 2307 5337 rum
2341 5280 2462 5336 loco
2479 5277 2729 5334 habenda
2765 5293 2780 5343 ;
2822 5276 2967 5332 unde
2995 5283 3052 5330 et
3075 5275 3316 5331 morosis
3357 5271 3781 5345 cogitationibus

2185 5372 2403 5438 intenti,
2453 5371 2610 5443 quasi
2638 5372 3000 5427 subterraneo
3026 5367 3261 5425 aedilicio
3287 5368 3586 5431 latitarent,
3628 5367 3782 5436 posi-

2185 5475 2241 5522 ta
2301 5465 2632 5522 verecundia
2684 5480 2751 5522 ac
2805 5466 3040 5529 timore,
3091 5463 3255 5535 genio
3304 5475 3405 5516 suo
3456 5459 3778 5529 indulgent;

2186 5556 2359 5629 ignari
2387 5554 2657 5627 profecto,
2681 5563 2922 5627 quantus
2956 5554 3029 5610 sit
3066 5566 3342 5624 quamque
3382 5550 3534 5607 ferus
3567 5559 3621 5606 et
3645 5549 3782 5607 infe-

2186 5663 2304 5708 stus
2357 5652 2570 5717 draco,
2627 5648 2924 5721 princeps,
2979 5646 3237 5717 inquam,
3311 5643 3500 5699 mundi
3571 5644 3778 5715 hujus,

2186 5746 2279 5815 qui
2330 5744 2566 5800 mittitur
2622 5743 2692 5798 ad
2719 5754 3170 5813 unumquemque
3234 5740 3664 5805 moribundum,
3718 5750 3779 5794 ut

2187 5839 2445 5895 discutiat
2468 5837 2654 5909 iniqua
2687 5852 2847 5908 Opera
2873 5845 2924 5893 et
2953 5835 3049 5892 lite
3074 5832 3370 5893 contendat
3413 5850 3537 5892 cum
3572 5831 3777 5890 sanctis
