4090 6390
377 333 478 401 eo!
1559 331 1747 396 VlTA
1788 332 1851 395 ε.
1895 330 2229 393 ANDRExF.
2270 332 2466 395 SALL
3573 333 3688 400 ευρ

392 448 540 522 Ἐγὼ
571 449 629 503 δὲ
672 447 833 502 τοῦτο
882 449 1242 521 θεασάμενος,
1290 446 1481 503 τέκνον
1514 463 1640 517 μου,
1693 447 1967 519 ὠδυνήθηι

2085 446 2298 504 libidini
2331 459 2438 502 tunc
2489 447 2784 503 insatiabili
2814 461 2922 503 non
2948 446 3170 513 suilli-it,
3195 458 3255 504 ut
3303 462 3516 505 sacram
3546 463 3689 519 quo-

387 543 491 612 τὴν
521 539 755 612 καρδίαν
789 557 916 608 μου,
955 541 1052 595 καὶ
1101 540 1360 594 ὠνείδισα
1391 536 1575 604 αὐτὸν,
1610 537 1740 601 ἴσως
1771 554 1967 607 σωφρο

2092 554 2198 610 que
2252 539 2387 594 mihi
2427 540 2571 595 diem
2635 548 2838 596 temere
2898 549 2955 595 et
3008 540 3410 597 inconsiderate
3465 540 3688 596 violes?

375 633 664 706 νισθῇ.οΕί
690 632 749 686 δὲ
780 632 1163 705 δευτερὼσεις,
1195 633 1258 686 οὐ
1303 630 1619 704 τριτώσεις,
1673 630 1967 684 τουτέστιν.

2089 631 2193 686 Per
2230 646 2498 702 sponsum
2528 648 2708 690 meum
2746 633 3027 690 Christum
3068 635 3165 690 tibi
3196 634 3360 706 juro,
3398 636 3444 691 si
3490 637 3690 690 iterare

379 728 749 800 ἐξαιτήσομαι
812 725 1090 797 δρέπανον
1128 725 1272 780 κατὰ
1327 724 1424 778 σοῦ
1452 763 1467 790 ,
1515 724 1612 777 καὶ
1657 721 1861 793 θερίσω
1901 738 1961 775 σε

2090 722 2146 778 id
2206 737 2379 778 ausus
2438 723 2628 791 fueris,
2672 725 2797 780 faxo
2827 739 2937 781 non
2960 725 3190 796 adjicias
3225 725 3474 780 tertium.
3511 727 3690 795 Atque

389 821 518 892 Ἀφ’
578 815 648 892 ἧς
713 819 825 891 γὰρ
890 818 1138 891 ἀποθάνῃ
1194 819 1223 871 ὁ
1268 816 1583 888 ἄνθρωπος,
1632 815 1818 869 οὐκέτι
1875 813 1967 867 λοι-

2091 814 2211 870 hacc
2238 816 2419 870 locuta
2448 815 2717 872 discessit.
2750 817 2865 888 Ego
2892 827 3099 884 autem,
3139 818 3234 889 qui
3270 828 3435 890 gestae
3472 818 3548 873 rei
3603 819 3689 872 in-

375 915 478 968 πδν
531 914 867 984 ἁμαρτάνει,
911 909 1036 964 οὔτε
1086 910 1316 974 δικαίως
1380 908 1613 978 πράττει
1645 926 1659 939 ι
1718 906 1967 975 λυθείσης

2085 916 2346 973 tererem,
2409 908 2481 963 lili
2552 912 2646 975 mi,
2708 926 2928 981 gravem
2982 910 3170 967 animo
3222 914 3471 968 dolorem
3541 912 3685 978 cepi,

371 1005 482 1076 γὰρ
513 1006 615 1076 τῆς
661 1004 844 1076 ψυχῆς
882 1002 977 1057 τοῦ
1030 1004 1306 1074 σώματος,
1347 1004 1444 1056 καὶ
1483 1000 1833 1055 κατάπαυσιν
1883 1004 1967 1053 δε-

2093 1013 2269 1069 caque
2299 1000 2467 1055 modo
2508 1001 2710 1071 ingessi
2751 1004 2992 1068 homini,
3028 1003 3074 1059 si
3110 1002 3252 1060 forte
3315 1003 3683 1073 resipisceret.

304 1144 337 1154 η.
372 1099 632 1167 ξάμενος.
2076 1090 2235 1159 Quod
2270 1106 2402 1148 vero
2426 1093 2644 1150 diccbat
2685 1113 2699 1150 :
2730 1095 2787 1150 Si
2824 1098 3019 1151 iterare
3041 1096 3094 1152 id
3119 1111 3292 1153 ausus
3319 1096 3514 1159 fueris,
3546 1093 3673 1149 faxo

374 1212 485 1251 non
541 1195 774 1267 adjicias
832 1194 1092 1260 tertium,
1130 1192 1473 1248 tantumdem
1522 1201 1605 1247 cst
1646 1206 1712 1246 ac
1752 1191 1804 1247 si
1847 1190 2115 1248 dixisset:
2147 1189 2456 1260 Exposcam
2522 1201 2718 1250 contra
2785 1205 2837 1250 te
2865 1193 3098 1259 falcem,
3166 1193 3549 1263 demetamque
3588 1200 3664 1245 te.

374 1288 734 1359 Posteaquam
790 1287 934 1342 enim
996 1287 1162 1342 vitam
1222 1302 1348 1342 cum
1417 1295 1593 1342 morte
1659 1285 2014 1341 commutavit
2075 1285 2262 1355 homo,
2321 1286 2458 1341 nihil
2547 1296 2632 1343 est
2697 1289 2844 1358 quod
2921 1301 3108 1359 peccet
3148 1289 3429 1359 deinceps,
3454 1291 3531 1343 uti
3563 1302 3667 1342 nec

372 1380 516 1450 quod
574 1381 712 1436 bene
757 1387 1056 1449 operetur:
1094 1386 1282 1450 utpote
1334 1378 1428 1450 qui
1476 1378 1545 1434 ab
1596 1377 1746 1433 omni
1794 1385 1975 1433 cessat
2011 1377 2250 1446 actione,
2291 1380 2456 1434 simul
2503 1388 2669 1452 atque
2703 1382 2885 1436 anima
2925 1385 3175 1454 corporis
3209 1383 3444 1439 vinculis
3484 1381 3670 1439 soluta

436 1488 554 1527 c'l'll.
648 1488 651 1491 ’

436 1490 508 1527 ιιι-ι
540 1512 554 1527 .
648 1488 651 1491 λ

372 1475 427 1531 ω
444 1486 572 1639 mi;-
605 1564 750 1636 Ἔφη
778 1565 916 1636 πρὸς
955 1565 1121 1621 αὐτὸν
1157 1565 1480 1636 Ἐπιφάνιος
1501 1582 1516 1598 ο
1543 1564 1748 1636 Δέομαί
1775 1580 1893 1629 σου,
1922 1564 1972 1617 εί

373 1654 533 1731 εὖρον
560 1656 726 1727 χάριν
756 1656 1005 1710 ἐναντίον
1036 1673 1154 1722 σου,
1186 1656 1525 1725 ἀπάγγειλόν
1552 1672 1642 1727 μοι
1686 1657 1770 1722 τὸ,
1802 1672 1971 1711 ποτα-

2144 1559 2271 1614 154.
2329 1559 2409 1615 Ad
2460 1559 2577 1615 haec
2614 1558 2900 1615 :Obsecro
2923 1567 3008 1626 te,
3059 1559 3241 1631 inquit
3315 1559 3683 1633 Epiphanius.

2066 1653 2330 1716 edissere,
2381 1652 2426 1709 si
2486 1667 2594 1722 qua
2651 1653 2860 1707 valeam
2888 1653 3029 1723 apud
3063 1661 3117 1708 te
3164 1654 3361 1725 gratia,
3391 1657 3569 1724 qualis
3601 1660 3675 1712 sit

374 1752 448 1821 πή
480 1753 600 1804 ἐστι
651 1748 799 1821 ψυχὴ
824 1752 921 1803 τοῦ
961 1749 1277 1821 ἀνθρώπου.
1331 1750 1672 1820 Ἐπίσταμαι
1724 1749 1836 1819 γὰρ
1869 1748 1967 1801 αύ-

2076 1746 2313 1801 hominis
2362 1744 2545 1800 anima
2578 1761 2593 1798 :
2622 1744 2781 1814 cujus
2835 1746 3087 1814 quamvis
3147 1746 3280 1800 mihi
3340 1756 3536 1803 natura
3571 1764 3680 1803 non

377 1845 464 1908 τὸς
492 1843 670 1912 ἔγωγε
705 1846 903 1915 μικρὸν
930 1841 1002 1896 τὰ
1032 1846 1164 1914 περὶ
1203 1843 1396 1912 αὐτῆς,
1432 1843 1550 1896 ἀλλ’
1579 1842 1643 1895 οὐ
1694 1842 1971 1912 πληροφο-

382 1933 585 2005 ροῦμαι
615 1932 710 1985 ἐπὶ
744 1934 859 1996 τοῖς
892 1934 1047 2003 ὲμοῖς
1084 1936 1438 2005 στοχασμοῖς,
1473 1933 1598 1985 ὅσον
1626 1933 1736 2002 ἔχω
1767 1932 1972 2001 πληρο-

377 2026 689 2098 φορηθῆναι
729 2027 824 2079 ἐπὶ
849 2027 964 2089 τοῖς
1002 2027 1156 2098 παρὰ
1189 2026 1285 2080 σοῦ
1319 2042 1411 2097 μοι
1447 2025 1768 2097 λεγομένοις
1804 2023 1970 2087 θείοις

373 2117 638 2187 ῥήμασιν.
673 2117 839 2185 Λέγει
877 2115 1013 2187 πρὸς
1044 2116 1210 2172 αὐτὸν
1237 2118 1265 2171 ὁ
1307 2116 1579 2189 μακάριος
1605 2133 1620 2149 ’
1652 2117 1858 2169 Τέκνον
1886 2154 1900 2178 ,
1933 2114 1968 2180 ἠ

373 2211 518 2281 ψυχὴ
556 2209 650 2264 τοῦ
689 2210 989 2281 ἀνθρώπου
1031 2210 1094 2264 τὸ
1144 2211 1256 2265 πᾶν
1289 2212 1474 2283 ἐκείνη
1529 2210 1820 2280 περίεστι·
1868 2209 1969 2279 τῆς

375 2302 489 2374 γὰρ
514 2303 717 2373 σαρκὸς
736 2303 947 2373 ταύτης
971 2303 1067 2358 τοῦ
1111 2305 1369 2375 σώματος
1415 2303 1577 2375 ἡμῶν
1605 2303 1702 2356 τοῦ
1734 2302 1966 2374 πηλίνου

372 2393 515 2466 αὕτη
551 2397 722 2461 ἐστὶν,
760 2397 872 2449 εἴτε
902 2396 1038 2466 ζωὴ,
1081 2397 1192 2450 εἴτε
1237 2396 1333 2449 καὶ
1368 2396 1509 2459 θεὸς,
1540 2395 1632 2449 ἵνα
1670 2393 1842 2458 οὕτως
1894 2393 1971 2446 εί·

377 2504 493 2552 πω,
551 2488 645 2541 καὶ
697 2488 827 2542 ἄλλο
869 2505 946 2545 τι.
998 2491 1188 2563 Ταύτῃ
1229 2490 1336 2560 γὰρ
1389 2488 1647 2542 ἔδωκενό
1684 2487 1815 2549 Θεὸς
1867 2486 1967 2558 τὴν

374 2583 611 2652 δύναμιν
647 2580 935 2647 ζωοποιεῖν
964 2584 1098 2638 αὐτὸ
1132 2586 1226 2639 καὶ
1262 2584 1557 2654 κυδερνᾷν,
1603 2583 1701 2637 καὶ
1740 2581 1968 2637 θάλπειν

370 2676 528 2743 αὐτὸ,
578 2677 669 2729 καὶ
728 2677 1028 2749 ἀναψύχειν
1082 2678 1176 2731 διὰ
1237 2679 1339 2748 τῆς
1382 2678 1635 2749 Θέρμης·
1680 2676 1813 2730 ἄνευ
1857 2674 1968 2744 γὰρ

369 2768 578 2839 ταύτης
599 2771 665 2824 τὰ
691 2768 922 2839 σώματα
949 2770 1111 2841 ἡμῶν
1132 2769 1326 2839 πηλὸς,
1362 2769 1455 2822 καὶ
1485 2769 1656 2833 κόνις,
1673 2767 1766 2820 καὶ
1788 2766 1966 2836 τέφρα

372 2863 742 2934 καθέστηκεν.

446 3031 576 3102 ρνε’.
619 3032 938 3101 Ἐπιφάνιος
982 3029 1140 3085 εἶπεν
1170 3046 1186 3063 °
1239 3030 1576 3100 Ἐπίσταμαι
1626 3030 1696 3084 τὰ
1736 3028 1965 3083 τοιαῦτα

375 3126 471 3178 καὶ
501 3125 660 3189 αὑτός
685 3142 701 3157 ο
730 3125 846 3179 ἀλλ’
876 3125 1066 3194 ἐρωτῶ
1094 3124 1181 3189 τίς
1210 3126 1244 3196 ἡ
1275 3126 1375 3195 τῆς
1406 3125 1590 3195 ψυχῆς
1625 3123 1789 3178 οὐσία
1816 3162 1832 3187 ,
1859 3139 1962 3176 πο-

2076 3127 2325 3195 fugiunt,
2384 3127 2564 3197 inquit
2592 3143 2608 3193 ;

372 3213 517 3285 ταπὴ
568 3215 627 3268 δὲ
675 3217 709 3287 ἠ
745 3215 957 3285 ταύτης
988 3213 1196 3287 θεωρία
1244 3214 1354 3268 ἀπὸ
1391 3214 1488 3268 τοῦ
1520 3212 1762 3282 ἐξελθεῖν
1792 3211 1965 3283 αὐτὴν

367 3308 477 3361 ἀπὸ
539 3308 637 3362 τοῦ
677 3306 934 3379 σώματος
986 3306 1260 3379 [ποταπόν
1302 3323 1363 3360 τε
1417 3306 1480 3359 τὸ
1533 3305 1825 3376 γνώρισμα
1867 3304 1967 3375 τῆς

370 3419 430 3454 τε
479 3402 699 3466 δικαίας
744 3402 846 3473 τῆς
896 3417 957 3455 τε
1015 3397 1349 3472 ἁμαρτω).οὖ
1403 3399 1586 3472 (64)
1644 3400 1793 3471 Ἔφη
1830 3400 1968 3470 πρὸς

368 3493 533 3548 αὑτὸν
556 3494 585 3546 ὀ
606 3488 901 3565 ’μακάριος
930 3508 949 3527 ο
990 3493 1055 3548 Ἤ
1085 3494 1248 3548 οὐσία
1275 3495 1377 3564 τῆς
1399 3492 1583 3563 ψυχῆς
1625 3492 1817 3563 νοερόν
1848 3493 1967 3545 ἐστι

374 3588 621 3658 πνεῦμα,
657 3586 895 3656 ἐλαφρόν
925 3600 986 3639 τε
1018 3586 1116 3639 καὶ
1160 3581 1481 3653 σοφώτατον
1528 3582 1757 3654 σφόδρα,
1798 3581 1970 3652 γαλη-

246 3738 259 3750 _
369 3682 463 3735 νόν
498 3696 560 3734 τε
586 3681 683 3735 καὶ⁵
714 3679 840 3750 ἡδὺ,
875 3678 1083 3749 ἥσυχον
1114 3678 1213 3732 καὶ
1240 3677 1574 3747 πραότατον,
1607 3675 1969 3746 τετορνευμέ-

367 3791 462 3829 νον
491 3774 575 3838 είς
607 3772 820 3842 ἀόρατά
847 3787 972 3825 τινα
1004 3770 1164 3841 μέλη,
1196 3768 1338 3839 ὑπὲρ
1367 3769 1629 3840 διήγησιν
1656 3767 1837 3838 ὡραῖα
1871 3765 1968 3820 καὶ

369 3868 592 3938 ἣδιστα,
622 3863 993 3935 πανευπρεπῆ
1026 3864 1124 3916 καὶ
1153 3860 1479 3933 καταθύμια
1532 3861 1657 3916 λίαν
1705 3860 1826 3930 Θεῷ
1868 3861 1967 3914 καὶ

372 3961 492 4023 ταῖς
546 3958 794 4032 χορείαις
841 3957 950 4010 τῶν
1000 3956 1175 4024 ἁγίων
1221 3953 1472 4024 ἀγγέλων
1525 3952 1964 4025 χρηματίζοντα.

371 4054 510 4108 Κατ’
537 4052 715 4122 ἀρχὰς
737 4050 795 4104 δὲ
826 4050 1027 4114 πάντες
1054 4049 1336 4120 ἄνθρωποι
1365 4045 1511 4118 ὑπὲρ
1538 4046 1632 4099 τὸν
1653 4044 1806 4115 ἣλιον
1832 4059 1969 4114 τρα-

370 4140 596 4208 νότερον
638 4139 1134 4211 ἀπαστράπτουσιν
1158 4154 1173 4168 ο
1223 4136 1583 4208 αὐξανόμενοι
1626 4136 1706 4203 δὲ,
1758 4136 1856 4189 καὶ
1895 4138 1965 4207 τῇ

366 4234 563 4306 ἡλικίᾳ
591 4233 1010 4307 προϐαίνοντες,
1037 4232 1184 4296 οἵαις
1229 4232 1425 4296 αὐταῖς
1472 4228 1818 4302 χρησόμεθα.
1852 4229 1966 4283 υύκ

367 4325 479 4379 εἰσὶ
523 4324 582 4378 δὲ
633 4325 854 4380 πάντων
898 4324 1008 4378 τῶν
1054 4325 1115 4378 ὲν
1167 4323 1342 4395 ἀρετῇ
1390 4322 1656 4394 βιούντων
1690 4322 1748 4376 αί
1796 4321 1967 4393 ύυχαὶ

370 4417 487 4472 {aut
510 4422 576 4490 τῇ
606 4417 961 4491 λαμπρότητι
996 4432 1011 4449 ο
1052 4416 1193 4473 ἀλλὰ
1244 4415 1431 4480 καθὼς
1459 4415 1691 4480 ἕκαστος
1723 4414 1963 4468 ἔσπευσε

2076 1838 2302 1894 omnino
2346 1837 2625 1910 incognita
2685 1837 2778 1906 sit,
2833 1845 2917 1892 est
2947 1848 3127 1892 tamen
3159 1853 3257 1892 cur
3287 1840 3424 1894 meis
3448 1840 3565 1910 ipse
3591 1857 3685 1896 co.

2077 1931 2262 2003 gitatis
2293 1943 2459 2000 atque
2484 1929 3024 1986 cousidcratiouibus
3067 1930 3247 1986 minus
3308 1932 3680 2000 acquiescam,

2075 2023 2459 2079 certitudinem
2488 2022 2862 2091 acquisiturus
2891 2021 3154 2092 majorem
3186 2023 3231 2078 si
3278 2024 3499 2077 accedat
3544 2039 3682 2091 pon-

2075 2114 2180 2171 dus
2221 2114 2517 2170 verborum
2576 2123 2818 2170 tuorum.
2873 2115 2972 2170 Cui
3038 2115 3121 2170 sic
3178 2115 3426 2172 Andreas
3474 2114 3684 2172 :Talis

2073 2201 2299 2257 omnino
2338 2212 2421 2257 est
2482 2201 2722 2257 hominis
2775 2202 2984 2269 anima,
3038 2204 3135 2269 lili,
3174 2214 3233 2259 ut
3288 2207 3537 2276 corporis
3578 2221 3682 2260 uo-

2076 2295 2177 2349 stri
2224 2295 2465 2350 carnalis
2515 2306 2568 2349 ct
2610 2312 2642 2350 e
2679 2296 2793 2351 luto
2820 2298 3091 2367 compacti
3150 2313 3247 2353 seu
3277 2298 3415 2364 vita,
3456 2301 3572 2354 sive
3599 2300 3683 2371 (ut

2075 2387 2148 2443 ita
2200 2385 2416 2459 loquar)
2452 2387 2611 2455 deus,
2644 2404 2742 2444 seu
2771 2388 2918 2444 aliud
2947 2389 3230 2460 quidpiam
3260 2405 3368 2446 non
3405 2392 3680 2457 absimile,

2073 2478 2396 2549 appellanda
2454 2479 2527 2535 sit
2564 2497 2581 2533 :
2611 2479 2687 2535 illi
2750 2490 2898 2537 certe
2932 2483 3095 2537 talem
3130 2482 3272 2538 Deus
3313 2484 3544 2538 contulit
3574 2484 3685 2539 vir-

2075 2579 2271 2637 tutem,
2298 2581 2357 2628 ut
2384 2574 2603 2643 corpori
2631 2576 2796 2629 vitam
2830 2575 3162 2646 suppeditet,
3195 2587 3253 2632 ut
3303 2577 3436 2649 illud
3468 2578 3684 2633 ratione

2072 2666 2364 2736 gubernet,
2434 2667 2618 2723 calore
2671 2679 2731 2722 ut
2784 2668 2985 2736 foveat,
3040 2669 3275 2725 fovendo
3335 2680 3399 2725 ut
3470 2681 3683 2726 recreet

2071 2769 2234 2828 atque
2259 2768 2571 2815 conservet.
2605 2760 2825 2831 Absque
2854 2761 3038 2816 anima
3073 2763 3275 2832 quippe
3301 2761 3458 2827 foret,
3487 2773 3548 2818 ut
3567 2764 3678 2834 jam

2073 2866 2301 2921 corpora
2337 2854 2595 2907 nostrain
2636 2854 2832 2921 lutum,
2865 2854 2920 2909 in
2957 2854 3193 2923 cineres,
3226 2855 3279 2910 in
3311 2856 3502 2910 sordes
3530 2856 3677 2912 rela-

2073 2946 2354 3000 bercntur.

2146 3033 2271 3089 155.
2302 3034 2608 3092 Rcsumens
2642 3034 2984 3107 Epiphanius
3023 3055 3037 3092 :
3076 3035 3265 3108 Neque
3297 3039 3412 3094 barc
3441 3038 3561 3110 ipsa
3592 3055 3681 3095 me

2685 3128 2818 3183 illud
2895 3138 3079 3184 autem
3138 3131 3476 3200 quaerebam,
3557 3147 3682 3200 qua:

2074 3217 2424 3287 potissimum
2454 3219 2651 3274 animae
2682 3220 2990 3276 substantia
3024 3223 3138 3289 sit;
3170 3223 3347 3293 qualis
3369 3223 3676 3279 beatilicata

2073 3308 2210 3364 visio
2242 3309 2382 3379 ejus,
2409 3326 2531 3366 cum
2553 3314 2853 3369 excesserit
2879 3330 2912 3370 e
2948 3326 3214 3384 corpore;
3265 3316 3411 3386 quod
3435 3317 3674 3388 denique

2077 3400 2397 3470 discrimen,
2462 3404 2607 3460 unde
2665 3407 2846 3462 anima
2900 3412 3202 3476 peccatrix,
3249 3412 3392 3466 unde
3410 3412 3559 3479 justa
3582 3427 3679 3468 co-

2074 3495 2264 3564 gnosci
2319 3494 2513 3566 possit.
2564 3495 2970 3563 Quaestionibus
3028 3501 3116 3556 his
3160 3501 3241 3557 sic
3286 3506 3528 3560 occurrit
3565 3507 3680 3561 Au-

2070 3584 2233 3642 dreas
2268 3586 2625 3643 :Suhstantia
2655 3592 2874 3658 animm,
2915 3593 3143 3662 spiritus
3175 3606 3263 3650 est
3306 3597 3672 3660 rationabilis.

2071 3678 2279 3733 moveri
2333 3679 2657 3750 perfacilis,
2704 3684 2973 3754 sapientia
3043 3688 3305 3756 praeditus
3364 3690 3675 3761 singulari.

2071 3775 2255 3842 quiete
2309 3781 2366 3829 et
2417 3775 2810 3845 tranquillitate
2839 3776 3085 3849 gaudet,
3129 3779 3364 3835 blandus
3417 3791 3473 3836 et
3529 3784 3678 3838 mitis

2068 3876 2173 3931 est,
2203 3875 2257 3922 et
2291 3866 2557 3923 formatus
2602 3869 2930 3940 quibusdam
2960 3871 3125 3926 veluti
3172 3887 3204 3928 e
3256 3875 3523 3942 partibus,
3574 3876 3678 3931 sub

2070 3967 2349 4028 aspectum
2402 3969 2651 4016 nostrum
2715 3975 2825 4016 non
2875 3962 3219 4030 cadentibus,
3272 3974 3512 4021 attamen
3563 3975 3673 4021 tam

2070 4049 2334 4120 pulchris,
2374 4050 2658 4122 jucundis,
2696 4051 3017 4108 decentibus
3060 4063 3226 4124 atque
3263 4053 3679 4111 delectabilibus

2070 4152 2132 4198 ut
2186 4142 2372 4198 verbis
2410 4142 2687 4213 explicare
2716 4157 2880 4200 nemo
2904 4145 3099 4214 possit,
3131 4145 3470 4216 rapientibus
3510 4147 3674 4203 etiam

2069 4228 2128 4290 in
2188 4234 2609 4291 admirationem
2678 4236 2766 4292 sui
2821 4234 2993 4292 Deum
3066 4237 3247 4308 ipsum
3322 4237 3677 4310 angelosque.

2071 4326 2331 4382 Omnium
2357 4338 2539 4385 autem
2583 4329 2865 4385 hominum
2899 4331 3102 4387 animae
3140 4332 3412 4403 principio
3459 4330 3679 4402 fulgen-

2071 4420 2238 4474 tiores
2294 4418 2455 4490 longe
2491 4427 2622 4474 sunt
2659 4420 2779 4491 ipso
2806 4420 2963 4489 sole;
3009 4421 3337 4491 procedente
3371 4436 3501 4479 vero
3520 4432 3680 4478 uitale

368 4509 689 4582 λαμπρῦναι
741 4510 842 4582 τὴν
898 4506 1098 4564 ἑαυτοῦ
1131 4507 1336 4578 ψυχὴν,
1390 4505 1460 4559 δι’
1507 4504 1739 4574 ἀγώνων
1802 4503 1965 4558 θείων

2076 4512 2211 4568 tales
2269 4512 2533 4577 evadunt,
2572 4512 2764 4581 quales
2816 4513 2920 4583 ipsi
2948 4514 3210 4584 operibus
3252 4515 3454 4571 nostris
3481 4513 3679 4571 feceri-

370 4606 467 4659 καὶ
520 4606 818 4676 ὲναρέτων.
855 4603 1008 4664 Τέως
1057 4602 1137 4668 δὲ,
1171 4599 1359 4663 καθὼς
1388 4599 1609 4671 εἴρηκα,
1650 4597 1790 4669 πρὸς
1817 4597 1846 4651 ὅ
1879 4613 1965 4661 τις

367 4698 723 4769 ἀγωνίζεται,
785 4697 1143 4769 φαιδρύνεται
1172 4711 1188 4727 ·
1232 4694 1330 4749 καὶ
1385 4695 1511 4749 ὅσον
1565 4690 1776 4763 ἐγγίζει
1823 4690 1966 4762 Θεῷ,

367 4791 828 4867 ἁπαστρὰπτεται
848 4805 864 4818 ’
920 4793 1046 4845 ὅσον
1071 4806 1157 4854 τις
1191 4787 1457 4858 ὑπομένει
1489 4786 1700 4857 θλίψεις
1732 4783 1831 4840 καὶ
1870 4785 1969 4837 πό-

368 4884 614 4948 νους-διὰ
654 4884 886 4954 Κύριον,
916 4884 1179 4952 ἀνάγεται
1210 4880 1537 4952 πλησιάζειν
1561 4879 1703 4950 Θεῷ,
1731 4876 1967 4948 φωτίζε-

2078 4618 2224 4661 mus.
2284 4600 2474 4673 Neque
2526 4603 2673 4658 enim
2725 4604 3025 4675 putandum
3051 4612 3154 4670 est,
3206 4604 3450 4660 omnium
3483 4605 3535 4659 in
3565 4605 3679 4659 vir-

2069 4695 2205 4750 tutis
2236 4695 2416 4750 stadio
2444 4694 2858 4749 decurrentium
2881 4695 3093 4750 animas
3119 4694 3525 4763 pulchritudine
3554 4696 3678 4765 puri

2071 4791 2287 4855 nitere;
2326 4802 2675 4858 nequaquam
2715 4802 2729 4838 :
2763 4785 2857 4842 sed
2875 4787 3289 4858 proutquisque
3321 4787 3521 4841 minori
3553 4802 3677 4842 eam

2072 4870 2338 4950 majorivc
2369 4879 2551 4934 studio
2585 4877 2885 4933 excoluerit
2924 4887 2978 4934 et
3005 4879 3308 4933 exercuerit
3338 4877 3392 4933 in
3416 4879 3678 4948 operibus

366 4997 480 5048 ται,
524 4979 935 5049 λαμπρύνεται,
996 4976 1212 5045 γίνεται
1267 4979 1337 5048 τῇ
1392 4973 1615 5047 μεθέξει
1663 4974 1782 5038 θεὸς
1823 4972 1967 5028 κατὰ

2076 4973 2394 5038 sanctis,ita
2428 4979 2484 5027 et
2515 4970 2977 5042 pulchritudinem
3009 4971 3158 5026 illam
3208 4971 3422 5027 auxerit
3452 4971 3672 5027 minue-

367 5076 531 5147 χάριν
555 5073 650 5129 τοῦ
678 5071 839 5141 ἁγίου
870 5071 1217 5142 Πνεύματος.

2074 5067 2234 5122 ritvc.
2277 5062 2553 5132 Quantum
2612 5066 2784 5125 enim.
2815 5073 2874 5119 ut
2906 5065 3068 5121 modo
3096 5066 3231 5131 dixi,
3280 5065 3547 5122 laboravit
3575 5065 3678 5120 ali-

364 5167 514 5236 quis,
545 5174 695 5221 tanto
723 5164 1037 5222 cumulatur
1071 5158 1592 5232 gaudiojquantum
1659 5158 1773 5214 Deo
1830 5159 2256 5229 appropinquat,
2334 5165 2485 5212 tanto
2540 5156 2788 5227 splendet
2849 5157 3091 5226 lumine;
3148 5167 3356 5229 quanto
3439 5157 3673 5227 denique

366 5262 647 5329 graviores
678 5260 895 5315 labores
934 5273 999 5314 ac
1030 5256 1409 5313 tribulationes
1437 5264 1663 5327 propter
1706 5256 2001 5311 Dominum
2042 5255 2302 5333 sustinet,
2363 5261 2519 5308 tanto
2558 5253 2785 5325 propius
2816 5269 2847 5309 a
2890 5253 3000 5310 Deo
3048 5254 3227 5320 abest,
3280 5263 3438 5311 tanto
3489 5253 3680 5324 copio-

366 5360 498 5415 siori
532 5358 739 5414 lumine
767 5357 1092 5419 illustratur,
1117 5362 1172 5410 et
1203 5355 1259 5408 lit
1311 5353 1727 5424 participatione
1755 5354 1946 5425 gratia:
1985 5355 2161 5410 sancti
2198 5352 2436 5423 Spiritus
2465 5350 2874 5422 quodammodo
2918 5353 3033 5422 ipse
3080 5354 3236 5409 deus.

441 5460 587 5524 ρνς’.
618 5454 835 5523 ’Ὠσπερ
852 5452 909 5504 δέ
935 5452 1085 5504 ἐστιν
1106 5450 1135 5501 ὁ
1160 5447 1377 5521 σίδηρος
1414 5447 1585 5519 μέλας
1613 5448 1707 5501 καὶ
1734 5445 1968 5518 ψυχρὸς,

367 5544 632 5615 κείμενος
661 5543 719 5596 δὲ
756 5542 908 5595 ἔνδον
932 5541 1028 5595 τοῦ
1073 5541 1247 5611 πυρὸς
1277 5541 1372 5592 καί⁵
1404 5536 1677 5609 χρονίζων
1705 5536 1968 5608 λαμπρύε

2159 5444 2285 5501 156.
2313 5446 2529 5500 Etenim
2570 5445 2730 5500 sicuti
2763 5442 2991 5509 ferrum,
3035 5444 3249 5515 nigrum
3282 5442 3675 5516 frigidamque,

2080 5540 2125 5594 si
2162 5538 2215 5592 in
2247 5538 2427 5608 ignem
2458 5536 2785 5608 conjiciatur
2816 5547 2869 5592 et
2907 5537 3245 5609 aliquamdiu
3275 5546 3516 5599 maneat,
3554 5553 3674 5591 ma-

368 5653 521 5691 νεται
570 5636 755 5690 πλεῖον
778 5651 793 5666 ο
834 5635 979 5689 οὕτω
1010 5635 1106 5687 καὶ
1156 5634 1208 5688 οί
1237 5631 1539 5704 ἄνθρωποι.
1573 5629 1694 5702 Πῦρ
1722 5630 1871 5683 ἐστιν
1912 5631 1967 5682 τὸ

2084 5634 2167 5706 gis
2237 5630 2518 5703 magisque
2562 5632 2792 5703 ignescit
2819 5647 2884 5687 ac
2943 5633 3130 5687 rutilat
3168 5650 3180 5687 :
3211 5631 3291 5689 ita
3326 5639 3378 5687 et
3409 5644 3534 5687 cum
3568 5631 3673 5686 ho-

441 5799 555 5867 (64)
619 5799 723 5858 Ms.
778 5798 956 5856 Vatic.
1022 5800 1243 5871 ποταπή
1286 5815 1348 5869 γε
1375 5796 1407 5871 ἡ
1439 5796 1763 5872 ἁμαρτωλδς
1791 5797 1885 5852 καὶ
1909 5796 1954 5849 εἰ
1998 5794 2076 5851 ἕν;
2113 5794 2212 5869 τῆς
2247 5794 2466 5859 δικαίας
2492 5792 2676 5883 ψυχῆς
2706 5792 3026 5865 γνώρισμα.
