  <div class='ocr_page' id='page_1' title='image "/cluster/home/n/w/nwhite01/storage/ocr_20150623/111/coo.31924054870153/411.png"; bbox 0 0 4090 6404; ppageno 0'>
   <div class='ocr_carea' id='block_1_1' title="bbox 391 331 503 393">
    <p class='ocr_par' dir='ltr' id='par_1_1' title="bbox 391 331 503 393">
     <span class='ocr_line' id='line_1_1' title="bbox 391 331 503 393; baseline -0.009 0"><span class='ocrx_word' id='word_1_1' title='bbox 391 331 503 393; x_wconf 72' lang='lat'><strong>£03</strong></span> 
     </span>
    </p>
   </div>
   <div class='ocr_carea' id='block_1_2' title="bbox 1449 323 2550 395">
    <p class='ocr_par' dir='ltr' id='par_1_2' title="bbox 1449 323 2550 395">
     <span class='ocr_line' id='line_1_2' title="bbox 1449 323 2550 395; baseline 0.001 -10"><span class='ocrx_word' id='word_1_2' title='bbox 1449 324 1875 385; x_wconf 61' lang='lat' dir='ltr'><strong>NICEPITORI</strong></span> <span class='ocrx_word' id='word_1_3' title='bbox 1922 323 2400 395; x_wconf 68' lang='lat' dir='ltr'><strong>I’RESBYTEIII</strong></span> <span class='ocrx_word' id='word_1_4' title='bbox 2441 326 2550 386; x_wconf 72' lang='grc' dir='ltr'><strong>(ΖΡ.</strong></span> 
     </span>
    </p>
   </div>
   <div class='ocr_carea' id='block_1_3' title="bbox 3589 327 3697 390">
    <p class='ocr_par' dir='ltr' id='par_1_3' title="bbox 3589 327 3697 390">
     <span class='ocr_line' id='line_1_3' title="bbox 3589 327 3697 390; baseline 0 -1"><span class='ocrx_word' id='word_1_5' title='bbox 3589 327 3697 390; x_wconf 71' lang='grc' dir='ltr'>8οι</span> 
     </span>
    </p>
   </div>
   <div class='ocr_carea' id='block_1_4' title="bbox 395 437 2014 510">
    <p class='ocr_par' dir='ltr' id='par_1_4' title="bbox 395 437 1998 510">
     <span class='ocr_line' id='line_1_4' title="bbox 395 437 1998 510; baseline -0.001 -14"><span class='ocrx_word' id='word_1_6' title='bbox 395 443 548 496; x_wconf 85' lang='lat' dir='ltr'><strong>mine</strong></span> <span class='ocrx_word' id='word_1_7' title='bbox 617 440 818 508; x_wconf 77' lang='lat' dir='ltr'><strong>agitur.</strong></span> <span class='ocrx_word' id='word_1_8' title='bbox 885 437 1030 508; x_wconf 82' lang='lat' dir='ltr'><strong>Ignis</strong></span> <span class='ocrx_word' id='word_1_9' title='bbox 1113 438 1376 510; x_wconf 87' lang='lat' dir='ltr'><strong>Spiritum</strong></span> <span class='ocrx_word' id='word_1_10' title='bbox 1433 449 1722 505; x_wconf 87' lang='lat' dir='ltr'><strong>sanctum,</strong></span> <span class='ocrx_word' id='word_1_11' title='bbox 1793 440 1998 494; x_wconf 83' lang='lat' dir='ltr'><strong>ferrum</strong></span> 
     </span>
    </p>
   </div>
   <div class='ocr_carea' id='block_1_5' title="bbox 2121 437 3698 510">
    <p class='ocr_par' dir='ltr' id='par_1_5' title="bbox 2121 437 3698 510">
     <span class='ocr_line' id='line_1_5' title="bbox 2121 437 3698 510; baseline -0.001 -18"><span class='ocrx_word' id='word_1_12' title='bbox 2121 441 2337 510; x_wconf 80' lang='grc' dir='ltr'><strong>Πνεῦμα</strong></span> <span class='ocrx_word' id='word_1_13' title='bbox 2366 440 2427 493; x_wconf 78' lang='grc' dir='ltr'>τὸ</span> <span class='ocrx_word' id='word_1_14' title='bbox 2460 440 2616 509; x_wconf 81' lang='grc' dir='ltr'>ἆγιον</span> <span class='ocrx_word' id='word_1_15' title='bbox 2647 455 2662 470; x_wconf 87' lang='grc'><strong>·</strong></span> <span class='ocrx_word' id='word_1_16' title='bbox 2704 437 2873 510; x_wconf 73' lang='grc' dir='ltr'>μέλας</span> <span class='ocrx_word' id='word_1_17' title='bbox 2904 439 3125 510; x_wconf 82' lang='grc' dir='ltr'>σίδηρος</span> <span class='ocrx_word' id='word_1_18' title='bbox 3164 440 3326 510; x_wconf 71' lang='grc' dir='ltr'>ἡμεῖς</span> <span class='ocrx_word' id='word_1_19' title='bbox 3356 437 3698 510; x_wconf 80' lang='grc' dir='ltr'>χρηματίζο-</span> 
     </span>
    </p>
   </div>
   <div class='ocr_carea' id='block_1_6' title="bbox 395 530 1996 604">
    <p class='ocr_par' dir='ltr' id='par_1_6' title="bbox 395 530 1996 604">
     <span class='ocr_line' id='line_1_6' title="bbox 395 530 1996 604; baseline -0.002 -17"><span class='ocrx_word' id='word_1_20' title='bbox 395 536 615 604; x_wconf 74' lang='lat' dir='ltr'><strong>nigrum</strong></span> <span class='ocrx_word' id='word_1_21' title='bbox 685 547 787 587; x_wconf 82' lang='lat' dir='ltr'><strong>nos</strong></span> <span class='ocrx_word' id='word_1_22' title='bbox 842 531 1239 587; x_wconf 82' lang='lat' dir='ltr'><strong>homunciones</strong></span> <span class='ocrx_word' id='word_1_23' title='bbox 1263 531 1587 596; x_wconf 77' lang='lat' dir='ltr'><strong>adumbrat;</strong></span> <span class='ocrx_word' id='word_1_24' title='bbox 1622 542 1886 600; x_wconf 85' lang='lat' dir='ltr'><strong>quantum</strong></span> <span class='ocrx_word' id='word_1_25' title='bbox 1914 530 1996 598; x_wconf 82' lang='lat' dir='ltr'><strong>je-</strong></span> 
     </span>
    </p>
   </div>
   <div class='ocr_carea' id='block_1_7' title="bbox 393 624 2000 699">
    <p class='ocr_par' dir='ltr' id='par_1_7' title="bbox 393 624 2000 699">
     <span class='ocr_line' id='line_1_7' title="bbox 393 624 2000 699; baseline -0.001 -21"><span class='ocrx_word' id='word_1_26' title='bbox 393 627 588 698; x_wconf 82' lang='lat' dir='ltr'><strong>juniis,</strong></span> <span class='ocrx_word' id='word_1_27' title='bbox 661 625 896 681; x_wconf 85' lang='lat' dir='ltr'><strong>statione</strong></span> <span class='ocrx_word' id='word_1_28' title='bbox 963 625 1235 696; x_wconf 78' lang='lat' dir='ltr'><strong>pervigili,</strong></span> <span class='ocrx_word' id='word_1_29' title='bbox 1269 625 1559 690; x_wconf 86' lang='lat' dir='ltr'><strong>oratione,</strong></span> <span class='ocrx_word' id='word_1_30' title='bbox 1605 624 2000 699; x_wconf 63' lang='lat' dir='ltr'><strong>temperantia,</strong></span> 
     </span>
    </p>
   </div>
   <div class='ocr_carea' id='block_1_8' title="bbox 396 715 2003 790">
    <p class='ocr_par' dir='ltr' id='par_1_8' title="bbox 396 715 2003 790">
     <span class='ocr_line' id='line_1_8' title="bbox 396 715 2003 790; baseline -0.004 -15"><span class='ocrx_word' id='word_1_31' title='bbox 396 722 581 790; x_wconf 79' lang='lat' dir='ltr'><strong>legum</strong></span> <span class='ocrx_word' id='word_1_32' title='bbox 620 735 650 774; x_wconf 89' lang='lat' dir='ltr'><strong>a</strong></span> <span class='ocrx_word' id='word_1_33' title='bbox 684 717 889 790; x_wconf 75' lang='lat' dir='ltr'><strong>Spiritu</strong></span> <span class='ocrx_word' id='word_1_34' title='bbox 922 727 1111 773; x_wconf 85' lang='lat' dir='ltr'><strong>sancto</strong></span> <span class='ocrx_word' id='word_1_35' title='bbox 1134 719 1366 772; x_wconf 84' lang='lat' dir='ltr'><strong>latarum</strong></span> <span class='ocrx_word' id='word_1_36' title='bbox 1397 716 1739 772; x_wconf 87' lang='lat' dir='ltr'><strong>observantia</strong></span> <span class='ocrx_word' id='word_1_37' title='bbox 1785 715 2003 782; x_wconf 83' lang='lat' dir='ltr'><strong>proiici-</strong></span> 
     </span>
    </p>
   </div>
   <div class='ocr_carea' id='block_1_9' title="bbox 396 807 2006 880">
    <p class='ocr_par' dir='ltr' id='par_1_9' title="bbox 396 807 2006 880">
     <span class='ocr_line' id='line_1_9' title="bbox 396 807 2006 880; baseline -0.004 -11"><span class='ocrx_word' id='word_1_38' title='bbox 396 832 566 878; x_wconf 85' lang='lat' dir='ltr'><strong>mns,</strong></span> <span class='ocrx_word' id='word_1_39' title='bbox 620 824 834 868; x_wconf 86' lang='lat' dir='ltr'><strong>tantum</strong></span> <span class='ocrx_word' id='word_1_40' title='bbox 892 813 1156 866; x_wconf 74' lang='lat' dir='ltr'><strong>accrescit</strong></span> <span class='ocrx_word' id='word_1_41' title='bbox 1204 811 1499 880; x_wconf 75' lang='lat' dir='ltr'><strong>gaudium,</strong></span> <span class='ocrx_word' id='word_1_42' title='bbox 1557 808 1860 864; x_wconf 83' lang='lat' dir='ltr'><strong>intenditur</strong></span> <span class='ocrx_word' id='word_1_43' title='bbox 1921 807 2006 862; x_wconf 83' lang='lat' dir='ltr'><strong>Iu-</strong></span> 
     </span>
    </p>
   </div>
   <div class='ocr_carea' id='block_1_10' title="bbox 405 899 2004 976">
    <p class='ocr_par' dir='ltr' id='par_1_10' title="bbox 405 899 2004 976">
     <span class='ocr_line' id='line_1_10' title="bbox 405 899 2004 976; baseline -0.003 -17"><span class='ocrx_word' id='word_1_44' title='bbox 405 923 549 970; x_wconf 87' lang='lat' dir='ltr'><strong>men,</strong></span> <span class='ocrx_word' id='word_1_45' title='bbox 613 905 858 976; x_wconf 77' lang='lat' dir='ltr'><strong>augescit</strong></span> <span class='ocrx_word' id='word_1_46' title='bbox 905 904 1073 973; x_wconf 71' lang='lat' dir='ltr'><strong>gloria</strong></span> <span class='ocrx_word' id='word_1_47' title='bbox 1126 913 1335 958; x_wconf 82' lang='lat' dir='ltr'><strong>nostra.</strong></span> <span class='ocrx_word' id='word_1_48' title='bbox 1377 901 1578 957; x_wconf 88' lang='lat' dir='ltr'><strong>Eodem</strong></span> <span class='ocrx_word' id='word_1_49' title='bbox 1638 900 1802 956; x_wconf 88' lang='lat' dir='ltr'><strong>modo</strong></span> <span class='ocrx_word' id='word_1_50' title='bbox 1835 899 2004 954; x_wconf 83' lang='lat' dir='ltr'><strong>ratio-</strong></span> 
     </span>
    </p>
   </div>
   <div class='ocr_carea' id='block_1_11' title="bbox 395 990 2000 1061">
    <p class='ocr_par' dir='ltr' id='par_1_11' title="bbox 395 990 2000 1061">
     <span class='ocr_line' id='line_1_11' title="bbox 395 990 2000 1061; baseline -0.004 -8"><span class='ocrx_word' id='word_1_51' title='bbox 395 999 574 1053; x_wconf 79' lang='lat' dir='ltr'><strong>eiunri</strong></span> <span class='ocrx_word' id='word_1_52' title='bbox 632 1009 684 1052; x_wconf 89' lang='lat' dir='ltr'><strong>te</strong></span> <span class='ocrx_word' id='word_1_53' title='bbox 736 997 939 1059; x_wconf 84' lang='lat' dir='ltr'><strong>velim,</strong></span> <span class='ocrx_word' id='word_1_54' title='bbox 981 996 1052 1050; x_wconf 90' lang='lat' dir='ltr'><strong>de</strong></span> <span class='ocrx_word' id='word_1_55' title='bbox 1101 995 1390 1049; x_wconf 79' lang='lat' dir='ltr'><strong>animabus</strong></span> <span class='ocrx_word' id='word_1_56' title='bbox 1461 1001 1811 1061; x_wconf 78' lang='lat' dir='ltr'><strong>peccatorum</strong></span> <span class='ocrx_word' id='word_1_57' title='bbox 1841 1007 1860 1050; x_wconf 85' lang='lat'><strong>:</strong></span> <span class='ocrx_word' id='word_1_58' title='bbox 1894 990 2000 1046; x_wconf 74' lang='lat' dir='ltr'><strong>illae</strong></span> 
     </span>
    </p>
   </div>
   <div class='ocr_carea' id='block_1_12' title="bbox 402 1086 2002 1159">
    <p class='ocr_par' dir='ltr' id='par_1_12' title="bbox 402 1086 2002 1159">
     <span class='ocr_line' id='line_1_12' title="bbox 402 1086 2002 1159; baseline -0.003 -15"><span class='ocrx_word' id='word_1_59' title='bbox 402 1107 643 1159; x_wconf 83' lang='lat' dir='ltr'><strong>namque</strong></span> <span class='ocrx_word' id='word_1_60' title='bbox 680 1090 858 1153; x_wconf 90' lang='lat' dir='ltr'><strong>initio,</strong></span> <span class='ocrx_word' id='word_1_61' title='bbox 890 1104 1014 1141; x_wconf 86' lang='lat' dir='ltr'><strong>eum</strong></span> <span class='ocrx_word' id='word_1_62' title='bbox 1042 1089 1276 1157; x_wconf 89' lang='lat' dir='ltr'><strong>primum</strong></span> <span class='ocrx_word' id='word_1_63' title='bbox 1304 1087 1671 1140; x_wconf 82' lang='lat' dir='ltr'><strong>infunduntur</strong></span> <span class='ocrx_word' id='word_1_64' title='bbox 1713 1086 1770 1140; x_wconf 89' lang='lat' dir='ltr'><strong>in</strong></span> <span class='ocrx_word' id='word_1_65' title='bbox 1802 1101 2002 1155; x_wconf 83' lang='lat' dir='ltr'><strong>corpo-</strong></span> 
     </span>
    </p>
   </div>
   <div class='ocr_carea' id='block_1_13' title="bbox 406 1176 2002 1243">
    <p class='ocr_par' dir='ltr' id='par_1_13' title="bbox 406 1176 2002 1243">
     <span class='ocr_line' id='line_1_13' title="bbox 406 1176 2002 1243; baseline -0.001 -10"><span class='ocrx_word' id='word_1_66' title='bbox 406 1199 461 1233; x_wconf 76' lang='lat' dir='ltr'><strong>t&#39;a</strong></span> <span class='ocrx_word' id='word_1_67' title='bbox 498 1191 744 1235; x_wconf 84' lang='lat' dir='ltr'><strong>materno</strong></span> <span class='ocrx_word' id='word_1_68' title='bbox 779 1179 960 1232; x_wconf 80' lang='lat' dir='ltr'><strong>adhuc</strong></span> <span class='ocrx_word' id='word_1_69' title='bbox 987 1188 1142 1233; x_wconf 82' lang='lat' dir='ltr'><strong>utero</strong></span> <span class='ocrx_word' id='word_1_70' title='bbox 1162 1178 1480 1233; x_wconf 89' lang='lat' dir='ltr'><strong>clausorum</strong></span> <span class='ocrx_word' id='word_1_71' title='bbox 1523 1176 1837 1243; x_wconf 81' lang='lat' dir='ltr'><strong>infantium,</strong></span> <span class='ocrx_word' id='word_1_72' title='bbox 1859 1176 2002 1232; x_wconf 88' lang='lat' dir='ltr'><strong>Deus</strong></span> 
     </span>
    </p>
   </div>
   <div class='ocr_carea' id='block_1_14' title="bbox 408 1269 2002 1340">
    <p class='ocr_par' dir='ltr' id='par_1_14' title="bbox 408 1269 2002 1340">
     <span class='ocr_line' id='line_1_14' title="bbox 408 1269 2002 1340; baseline -0.001 -14"><span class='ocrx_word' id='word_1_73' title='bbox 408 1277 574 1338; x_wconf 81' lang='lat' dir='ltr'><strong>bone,</strong></span> <span class='ocrx_word' id='word_1_74' title='bbox 623 1287 792 1340; x_wconf 76' lang='grc' dir='ltr'>ιμιιιιιι</span> <span class='ocrx_word' id='word_1_75' title='bbox 829 1277 1093 1333; x_wconf 73' lang='lat' dir='ltr'><strong>venustae,</strong></span> <span class='ocrx_word' id='word_1_76' title='bbox 1151 1281 1206 1324; x_wconf 88' lang='lat' dir='ltr'><strong>et</strong></span> <span class='ocrx_word' id='word_1_77' title='bbox 1241 1271 1309 1324; x_wconf 88' lang='lat' dir='ltr'><strong>ab</strong></span> <span class='ocrx_word' id='word_1_78' title='bbox 1341 1270 1491 1324; x_wconf 90' lang='lat' dir='ltr'><strong>omni</strong></span> <span class='ocrx_word' id='word_1_79' title='bbox 1531 1269 1746 1324; x_wconf 87' lang='lat' dir='ltr'><strong>macula</strong></span> <span class='ocrx_word' id='word_1_80' title='bbox 1779 1280 2002 1324; x_wconf 78' lang='lat' dir='ltr'><strong>remota:</strong></span> 
     </span>
    </p>
   </div>
   <div class='ocr_carea' id='block_1_15' title="bbox 410 1362 2011 1432">
    <p class='ocr_par' dir='ltr' id='par_1_15' title="bbox 410 1362 2011 1432">
     <span class='ocr_line' id='line_1_15' title="bbox 410 1362 2011 1432; baseline -0.002 -12"><span class='ocrx_word' id='word_1_81' title='bbox 410 1375 544 1420; x_wconf 79' lang='lat' dir='ltr'><strong>sunt</strong></span> <span class='ocrx_word' id='word_1_82' title='bbox 576 1367 589 1419; x_wconf 88' lang='lat' dir='ltr'><strong>l</strong></span> <span class='ocrx_word' id='word_1_83' title='bbox 655 1365 792 1420; x_wconf 83' lang='lat' dir='ltr'><strong>Cum</strong></span> <span class='ocrx_word' id='word_1_84' title='bbox 850 1380 978 1417; x_wconf 86' lang='lat' dir='ltr'><strong>vero</strong></span> <span class='ocrx_word' id='word_1_85' title='bbox 1009 1364 1120 1432; x_wconf 81' lang='lat' dir='ltr'><strong>jam</strong></span> <span class='ocrx_word' id='word_1_86' title='bbox 1154 1363 1208 1416; x_wconf 91' lang='lat' dir='ltr'><strong>in</strong></span> <span class='ocrx_word' id='word_1_87' title='bbox 1241 1365 1408 1417; x_wconf 86' lang='lat' dir='ltr'><strong>vitam</strong></span> <span class='ocrx_word' id='word_1_88' title='bbox 1448 1363 1730 1417; x_wconf 89' lang='lat' dir='ltr'><strong>mortalem</strong></span> <span class='ocrx_word' id='word_1_89' title='bbox 1767 1362 2011 1417; x_wconf 77' lang='lat' dir='ltr'><strong>intrave-</strong></span> 
     </span>
    </p>
   </div>
   <div class='ocr_carea' id='block_1_16' title="bbox 407 1454 2010 1526">
    <p class='ocr_par' dir='ltr' id='par_1_16' title="bbox 407 1454 2010 1526">
     <span class='ocr_line' id='line_1_16' title="bbox 407 1454 2010 1526; baseline -0.001 -14"><span class='ocrx_word' id='word_1_90' title='bbox 407 1460 518 1512; x_wconf 83' lang='lat' dir='ltr'><strong>i-int</strong></span> <span class='ocrx_word' id='word_1_91' title='bbox 551 1460 920 1526; x_wconf 70' lang='lat' dir='ltr'><strong>emperintque</strong></span> <span class='ocrx_word' id='word_1_92' title='bbox 949 1470 1196 1525; x_wconf 89' lang='lat' dir='ltr'><strong>peccare,</strong></span> <span class='ocrx_word' id='word_1_93' title='bbox 1231 1455 1414 1509; x_wconf 89' lang='lat' dir='ltr'><strong>subito</strong></span> <span class='ocrx_word' id='word_1_94' title='bbox 1445 1454 1743 1510; x_wconf 83' lang='lat' dir='ltr'><strong>dissimiles</strong></span> <span class='ocrx_word' id='word_1_95' title='bbox 1771 1455 1880 1520; x_wconf 92' lang='lat' dir='ltr'><strong>sui,</strong></span> <span class='ocrx_word' id='word_1_96' title='bbox 1927 1464 2010 1510; x_wconf 89' lang='lat' dir='ltr'><strong>te-</strong></span> 
     </span>
    </p>
   </div>
   <div class='ocr_carea' id='block_1_17' title="bbox 411 1547 2007 1616">
    <p class='ocr_par' dir='ltr' id='par_1_17' title="bbox 411 1547 2007 1616">
     <span class='ocr_line' id='line_1_17' title="bbox 411 1547 2007 1616; baseline 0 -13"><span class='ocrx_word' id='word_1_97' title='bbox 411 1549 721 1603; x_wconf 71' lang='lat' dir='ltr'><strong>nebricnste</strong></span> <span class='ocrx_word' id='word_1_98' title='bbox 743 1549 982 1602; x_wconf 81' lang='lat' dir='ltr'><strong>evadunt</strong></span> <span class='ocrx_word' id='word_1_99' title='bbox 1011 1548 1207 1600; x_wconf 80' lang='lat' dir='ltr'><strong>anith</strong></span> <span class='ocrx_word' id='word_1_100' title='bbox 1235 1565 1247 1602; x_wconf 90' lang='lat'>:</span> <span class='ocrx_word' id='word_1_101' title='bbox 1286 1561 1410 1600; x_wconf 91' lang='lat' dir='ltr'><strong>cum</strong></span> <span class='ocrx_word' id='word_1_102' title='bbox 1442 1557 1623 1601; x_wconf 81' lang='lat' dir='ltr'><strong>autem</strong></span> <span class='ocrx_word' id='word_1_103' title='bbox 1679 1547 2007 1616; x_wconf 77' lang='lat' dir='ltr'><strong>profundius</strong></span> 
     </span>
    </p>
   </div>
   <div class='ocr_carea' id='block_1_18' title="bbox 412 1639 2006 1710">
    <p class='ocr_par' dir='ltr' id='par_1_18' title="bbox 412 1639 2006 1710">
     <span class='ocr_line' id='line_1_18' title="bbox 412 1639 2006 1710; baseline 0 -16"><span class='ocrx_word' id='word_1_104' title='bbox 412 1658 472 1695; x_wconf 79' lang='lat' dir='ltr'><strong>se</strong></span> <span class='ocrx_word' id='word_1_105' title='bbox 539 1644 874 1710; x_wconf 82' lang='lat' dir='ltr'><strong>immergunt</strong></span> <span class='ocrx_word' id='word_1_106' title='bbox 929 1656 993 1693; x_wconf 85' lang='lat' dir='ltr'><strong>ac</strong></span> <span class='ocrx_word' id='word_1_107' title='bbox 1026 1641 1271 1693; x_wconf 75' lang='lat' dir='ltr'><strong>volutant</strong></span> <span class='ocrx_word' id='word_1_108' title='bbox 1319 1639 1372 1692; x_wconf 90' lang='lat' dir='ltr'><strong>in</strong></span> <span class='ocrx_word' id='word_1_109' title='bbox 1426 1654 1586 1694; x_wconf 72' lang='lat' dir='ltr'><strong>emno</strong></span> <span class='ocrx_word' id='word_1_110' title='bbox 1630 1650 2006 1708; x_wconf 83' lang='lat' dir='ltr'><strong>peccatorum,</strong></span> 
     </span>
    </p>
   </div>
   <div class='ocr_carea' id='block_1_19' title="bbox 412 1732 2007 1804">
    <p class='ocr_par' dir='ltr' id='par_1_19' title="bbox 412 1732 2007 1804">
     <span class='ocr_line' id='line_1_19' title="bbox 412 1732 2007 1804; baseline 0.001 -18"><span class='ocrx_word' id='word_1_111' title='bbox 412 1742 562 1788; x_wconf 87' lang='lat' dir='ltr'><strong>tanta</strong></span> <span class='ocrx_word' id='word_1_112' title='bbox 597 1734 917 1790; x_wconf 82' lang='lat' dir='ltr'><strong>inﬁciuntur</strong></span> <span class='ocrx_word' id='word_1_113' title='bbox 951 1734 1256 1802; x_wconf 79' lang='lat' dir='ltr'><strong>nigredine,</strong></span> <span class='ocrx_word' id='word_1_114' title='bbox 1291 1742 1350 1786; x_wconf 92' lang='lat' dir='ltr'><strong>ut</strong></span> <span class='ocrx_word' id='word_1_115' title='bbox 1380 1732 1546 1804; x_wconf 76' lang='lat' dir='ltr'><strong>fuligo</strong></span> <span class='ocrx_word' id='word_1_116' title='bbox 1578 1733 1648 1786; x_wconf 91' lang='lat' dir='ltr'><strong>ad</strong></span> <span class='ocrx_word' id='word_1_117' title='bbox 1687 1733 1836 1786; x_wconf 87' lang='lat' dir='ltr'><strong>illam</strong></span> <span class='ocrx_word' id='word_1_118' title='bbox 1870 1749 2007 1787; x_wconf 80' lang='lat' dir='ltr'><strong>can-</strong></span> 
     </span>
    </p>
   </div>
   <div class='ocr_carea' id='block_1_20' title="bbox 2113 529 3699 602">
    <p class='ocr_par' dir='ltr' id='par_1_20' title="bbox 2113 529 3699 602">
     <span class='ocr_line' id='line_1_20' title="bbox 2113 529 3699 602; baseline -0.001 -19"><span class='ocrx_word' id='word_1_119' title='bbox 2113 546 2249 602; x_wconf 83' lang='grc' dir='ltr'>μεν·</span> <span class='ocrx_word' id='word_1_120' title='bbox 2301 530 2429 584; x_wconf 82' lang='grc' dir='ltr'>ὅσον</span> <span class='ocrx_word' id='word_1_121' title='bbox 2477 532 2835 600; x_wconf 81' lang='grc' dir='ltr'>ὲπιμείνομεν</span> <span class='ocrx_word' id='word_1_122' title='bbox 2888 534 2954 602; x_wconf 81' lang='grc' dir='ltr'>τῇ</span> <span class='ocrx_word' id='word_1_123' title='bbox 3010 531 3272 602; x_wconf 74' lang='grc' dir='ltr'>νηστείᾳ,</span> <span class='ocrx_word' id='word_1_124' title='bbox 3322 533 3388 602; x_wconf 79' lang='grc' dir='ltr'>τῇ</span> <span class='ocrx_word' id='word_1_125' title='bbox 3438 529 3699 600; x_wconf 81' lang='grc' dir='ltr'><strong>παννύχῳ</strong></span> 
     </span>
    </p>
   </div>
   <div class='ocr_carea' id='block_1_21' title="bbox 2113 621 3701 695">
    <p class='ocr_par' dir='ltr' id='par_1_21' title="bbox 2113 621 3701 695">
     <span class='ocr_line' id='line_1_21' title="bbox 2113 621 3701 695; baseline 0.001 -21"><span class='ocrx_word' id='word_1_126' title='bbox 2113 621 2322 685; x_wconf 77' lang='grc' dir='ltr'><strong>στάσει,</strong></span> <span class='ocrx_word' id='word_1_127' title='bbox 2347 624 2414 693; x_wconf 77' lang='grc' dir='ltr'>τῇ</span> <span class='ocrx_word' id='word_1_128' title='bbox 2446 625 2749 694; x_wconf 69' lang='grc' dir='ltr'>προσευχῇ,</span> <span class='ocrx_word' id='word_1_129' title='bbox 2780 624 2847 692; x_wconf 81' lang='grc' dir='ltr'>τῇ</span> <span class='ocrx_word' id='word_1_130' title='bbox 2877 622 3082 693; x_wconf 78' lang='grc' dir='ltr'><strong>δεήσει,</strong></span> <span class='ocrx_word' id='word_1_131' title='bbox 3116 625 3184 695; x_wconf 72' lang='grc' dir='ltr'>τῇ</span> <span class='ocrx_word' id='word_1_132' title='bbox 3219 622 3548 694; x_wconf 75' lang='grc' dir='ltr'><strong>ἐγκρατείᾳ,</strong></span> <span class='ocrx_word' id='word_1_133' title='bbox 3587 627 3701 686; x_wconf 76' lang='grc' dir='ltr'>τοῖς</span> 
     </span>
    </p>
   </div>
   <div class='ocr_carea' id='block_1_22' title="bbox 2110 712 3699 786">
    <p class='ocr_par' dir='ltr' id='par_1_22' title="bbox 2110 712 3699 786">
     <span class='ocr_line' id='line_1_22' title="bbox 2110 712 3699 786; baseline 0.002 -21"><span class='ocrx_word' id='word_1_134' title='bbox 2110 712 2629 784; x_wconf 81' lang='grc' dir='ltr'>νενομοθετημένοις</span> <span class='ocrx_word' id='word_1_135' title='bbox 2681 715 2814 784; x_wconf 78' lang='grc' dir='ltr'><strong>ἡμῖν</strong></span> <span class='ocrx_word' id='word_1_136' title='bbox 2856 714 2962 768; x_wconf 83' lang='grc' dir='ltr'><strong>ὑπὸ</strong></span> <span class='ocrx_word' id='word_1_137' title='bbox 3006 713 3103 768; x_wconf 84' lang='grc' dir='ltr'><strong>τοῦ</strong></span> <span class='ocrx_word' id='word_1_138' title='bbox 3152 717 3309 784; x_wconf 84' lang='grc' dir='ltr'>ἁγίου</span> <span class='ocrx_word' id='word_1_139' title='bbox 3360 716 3699 786; x_wconf 83' lang='grc' dir='ltr'>Πνεύματος,</span> 
     </span>
    </p>
   </div>
   <div class='ocr_carea' id='block_1_23' title="bbox 2114 804 3701 878">
    <p class='ocr_par' dir='ltr' id='par_1_23' title="bbox 2114 804 3701 878">
     <span class='ocr_line' id='line_1_23' title="bbox 2114 804 3701 878; baseline 0.001 -21"><span class='ocrx_word' id='word_1_140' title='bbox 2114 804 2373 857; x_wconf 78' lang='grc' dir='ltr'>τοσοῦτον</span> <span class='ocrx_word' id='word_1_141' title='bbox 2404 804 2834 876; x_wconf 70' lang='grc' dir='ltr'>φαιδρυνάμεθα,</span> <span class='ocrx_word' id='word_1_142' title='bbox 2876 806 3268 878; x_wconf 71' lang='grc' dir='ltr'>φωτιζόμενοι,</span> <span class='ocrx_word' id='word_1_143' title='bbox 3300 807 3701 878; x_wconf 80' lang='grc' dir='ltr'>λαμπρυνόμε-</span> 
     </span>
    </p>
   </div>
   <div class='ocr_carea' id='block_1_24' title="bbox 2113 897 3701 969">
    <p class='ocr_par' dir='ltr' id='par_1_24' title="bbox 2113 897 3701 969">
     <span class='ocr_line' id='line_1_24' title="bbox 2113 897 3701 969; baseline 0.001 -20"><span class='ocrx_word' id='word_1_144' title='bbox 2113 911 2218 952; x_wconf 86' lang='grc' dir='ltr'>νοι.</span> <span class='ocrx_word' id='word_1_145' title='bbox 2265 897 2339 950; x_wconf 82' lang='grc' dir='ltr'><strong>Τὸ</strong></span> <span class='ocrx_word' id='word_1_146' title='bbox 2387 897 2520 950; x_wconf 76' lang='grc' dir='ltr'>αὐτὸ</span> <span class='ocrx_word' id='word_1_147' title='bbox 2550 897 2608 950; x_wconf 81' lang='grc' dir='ltr'>δέ</span> <span class='ocrx_word' id='word_1_148' title='bbox 2639 915 2730 967; x_wconf 89' lang='grc' dir='ltr'><strong>μοι</strong></span> <span class='ocrx_word' id='word_1_149' title='bbox 2765 898 2874 951; x_wconf 83' lang='grc' dir='ltr'>νόει</span> <span class='ocrx_word' id='word_1_150' title='bbox 2911 901 3006 953; x_wconf 82' lang='grc' dir='ltr'>καὶ</span> <span class='ocrx_word' id='word_1_151' title='bbox 3044 901 3136 954; x_wconf 77' lang='grc' dir='ltr'><strong>ἐπὶ</strong></span> <span class='ocrx_word' id='word_1_152' title='bbox 3172 900 3282 953; x_wconf 81' lang='grc' dir='ltr'><strong>τῶν</strong></span> <span class='ocrx_word' id='word_1_153' title='bbox 3313 903 3370 953; x_wconf 82' lang='grc' dir='ltr'><strong>ὲν</strong></span> <span class='ocrx_word' id='word_1_154' title='bbox 3401 901 3701 969; x_wconf 73' lang='grc' dir='ltr'><strong>ἁμαρτίαις</strong></span> 
     </span>
    </p>
   </div>
   <div class='ocr_carea' id='block_1_25' title="bbox 2107 990 3702 1063">
    <p class='ocr_par' dir='ltr' id='par_1_25' title="bbox 2107 990 3702 1063">
     <span class='ocr_line' id='line_1_25' title="bbox 2107 990 3702 1063; baseline 0.001 -20"><span class='ocrx_word' id='word_1_155' title='bbox 2107 990 2330 1062; x_wconf 77' lang='grc' dir='ltr'>ψυχῶν·</span> <span class='ocrx_word' id='word_1_156' title='bbox 2363 990 2425 1043; x_wconf 82' lang='grc' dir='ltr'><strong>τὸ</strong></span> <span class='ocrx_word' id='word_1_157' title='bbox 2475 990 2599 1044; x_wconf 85' lang='grc' dir='ltr'>κατ’</span> <span class='ocrx_word' id='word_1_158' title='bbox 2649 991 2824 1061; x_wconf 71' lang='grc' dir='ltr'>ἀρχὰς</span> <span class='ocrx_word' id='word_1_159' title='bbox 2871 993 2991 1046; x_wconf 76' lang='grc' dir='ltr'>οἵαν</span> <span class='ocrx_word' id='word_1_160' title='bbox 3041 993 3193 1063; x_wconf 83' lang='grc' dir='ltr'>ὥραν</span> <span class='ocrx_word' id='word_1_161' title='bbox 3231 992 3455 1045; x_wconf 77' lang='grc' dir='ltr'>δεδῶσιν</span> <span class='ocrx_word' id='word_1_162' title='bbox 3504 995 3561 1045; x_wconf 80' lang='grc' dir='ltr'>ἐν</span> <span class='ocrx_word' id='word_1_163' title='bbox 3589 995 3702 1054; x_wconf 88' lang='grc' dir='ltr'>τοῖς</span> 
     </span>
    </p>
   </div>
   <div class='ocr_carea' id='block_1_26' title="bbox 2113 1083 3704 1156">
    <p class='ocr_par' dir='ltr' id='par_1_26' title="bbox 2113 1083 3704 1156">
     <span class='ocr_line' id='line_1_26' title="bbox 2113 1083 3704 1156; baseline 0.001 -20"><span class='ocrx_word' id='word_1_164' title='bbox 2113 1085 2443 1156; x_wconf 77' lang='grc' dir='ltr'><strong>σκηνώμασι</strong></span> <span class='ocrx_word' id='word_1_165' title='bbox 2473 1083 2583 1137; x_wconf 81' lang='grc' dir='ltr'><strong>τῶν</strong></span> <span class='ocrx_word' id='word_1_166' title='bbox 2617 1084 3044 1154; x_wconf 85' lang='grc' dir='ltr'>βασταζομένων</span> <span class='ocrx_word' id='word_1_167' title='bbox 3074 1085 3296 1156; x_wconf 84' lang='grc' dir='ltr'><strong>βρεφῶν</strong></span> <span class='ocrx_word' id='word_1_168' title='bbox 3322 1088 3379 1137; x_wconf 82' lang='grc' dir='ltr'>ὲν</span> <span class='ocrx_word' id='word_1_169' title='bbox 3409 1088 3474 1156; x_wconf 81' lang='grc' dir='ltr'>τῇ</span> <span class='ocrx_word' id='word_1_170' title='bbox 3503 1087 3704 1154; x_wconf 73' lang='grc' dir='ltr'>γαστρὶ</span> 
     </span>
    </p>
   </div>
   <div class='ocr_carea' id='block_1_27' title="bbox 2108 1177 3701 1250">
    <p class='ocr_par' dir='ltr' id='par_1_27' title="bbox 2108 1177 3701 1250">
     <span class='ocr_line' id='line_1_27' title="bbox 2108 1177 3701 1250; baseline -0.001 -19"><span class='ocrx_word' id='word_1_171' title='bbox 2108 1177 2220 1231; x_wconf 83' lang='grc' dir='ltr'>τῶν</span> <span class='ocrx_word' id='word_1_172' title='bbox 2257 1177 2404 1231; x_wconf 74' lang='grc' dir='ltr'>ἰδίων</span> <span class='ocrx_word' id='word_1_173' title='bbox 2447 1178 2725 1248; x_wconf 80' lang='grc' dir='ltr'><strong>μητέρων,</strong></span> <span class='ocrx_word' id='word_1_174' title='bbox 2776 1179 2998 1233; x_wconf 82' lang='grc' dir='ltr'><strong>ἄσπιλοι</strong></span> <span class='ocrx_word' id='word_1_175' title='bbox 3054 1177 3494 1250; x_wconf 76' lang='grc' dir='ltr'><strong>χρηματίζουσιν</strong></span> <span class='ocrx_word' id='word_1_176' title='bbox 3524 1196 3538 1210; x_wconf 73' lang='grc' dir='ltr'><strong><em>ο</em></strong></span> <span class='ocrx_word' id='word_1_177' title='bbox 3572 1179 3701 1232; x_wconf 79' lang='grc' dir='ltr'>ὅταν</span> 
     </span>
    </p>
   </div>
   <div class='ocr_carea' id='block_1_28' title="bbox 2109 1269 3703 1341">
    <p class='ocr_par' dir='ltr' id='par_1_28' title="bbox 2109 1269 3703 1341">
     <span class='ocr_line' id='line_1_28' title="bbox 2109 1269 3703 1341; baseline 0 -19"><span class='ocrx_word' id='word_1_178' title='bbox 2109 1270 2166 1323; x_wconf 87' lang='grc' dir='ltr'><strong>δὲ</strong></span> <span class='ocrx_word' id='word_1_179' title='bbox 2199 1273 2280 1334; x_wconf 78' lang='grc' dir='ltr'><strong>εἰς</strong></span> <span class='ocrx_word' id='word_1_180' title='bbox 2310 1269 2403 1324; x_wconf 82' lang='grc' dir='ltr'><strong>τὸν</strong></span> <span class='ocrx_word' id='word_1_181' title='bbox 2447 1270 2560 1341; x_wconf 86' lang='grc' dir='ltr'>βίον</span> <span class='ocrx_word' id='word_1_182' title='bbox 2595 1270 2933 1336; x_wconf 84' lang='grc' dir='ltr'>ἁπολυθῶσι,</span> <span class='ocrx_word' id='word_1_183' title='bbox 3001 1273 3096 1326; x_wconf 80' lang='grc' dir='ltr'>καὶ</span> <span class='ocrx_word' id='word_1_184' title='bbox 3138 1272 3416 1341; x_wconf 79' lang='grc' dir='ltr'><strong>ἄρξωνται</strong></span> <span class='ocrx_word' id='word_1_185' title='bbox 3451 1271 3703 1340; x_wconf 74' lang='grc' dir='ltr'><strong>ἁμαρτά.-</strong></span> 
     </span>
    </p>
   </div>
   <div class='ocr_carea' id='block_1_29' title="bbox 2107 1362 3703 1435">
    <p class='ocr_par' dir='ltr' id='par_1_29' title="bbox 2107 1362 3703 1435">
     <span class='ocr_line' id='line_1_29' title="bbox 2107 1362 3703 1435; baseline -0.001 -20"><span class='ocrx_word' id='word_1_186' title='bbox 2107 1379 2244 1426; x_wconf 80' lang='grc' dir='ltr'>νειν,</span> <span class='ocrx_word' id='word_1_187' title='bbox 2278 1362 2621 1427; x_wconf 80' lang='grc' dir='ltr'>σκοτίςονται</span> <span class='ocrx_word' id='word_1_188' title='bbox 2650 1379 2662 1392; x_wconf 88' lang='grc'><strong>·</strong></span> <span class='ocrx_word' id='word_1_189' title='bbox 2697 1365 2793 1417; x_wconf 78' lang='grc' dir='ltr'>καὶ</span> <span class='ocrx_word' id='word_1_190' title='bbox 2819 1366 2944 1419; x_wconf 81' lang='grc' dir='ltr'>ὅσον</span> <span class='ocrx_word' id='word_1_191' title='bbox 2967 1366 3047 1428; x_wconf 80' lang='grc' dir='ltr'><strong>εἰς</strong></span> <span class='ocrx_word' id='word_1_192' title='bbox 3075 1364 3138 1418; x_wconf 85' lang='grc' dir='ltr'><strong>τὸ</strong></span> <span class='ocrx_word' id='word_1_193' title='bbox 3170 1365 3330 1435; x_wconf 82' lang='grc' dir='ltr'>βάθος</span> <span class='ocrx_word' id='word_1_194' title='bbox 3369 1365 3558 1418; x_wconf 75' lang='grc' dir='ltr'>κακῶν</span> <span class='ocrx_word' id='word_1_195' title='bbox 3591 1366 3703 1414; x_wconf 85' lang='grc' dir='ltr'>εἰσ-</span> 
     </span>
    </p>
   </div>
   <div class='ocr_carea' id='block_1_30' title="bbox 2109 1454 3706 1530">
    <p class='ocr_par' dir='ltr' id='par_1_30' title="bbox 2109 1454 3706 1530">
     <span class='ocr_line' id='line_1_30' title="bbox 2109 1454 3706 1530; baseline 0.001 -24"><span class='ocrx_word' id='word_1_196' title='bbox 2109 1454 2362 1525; x_wconf 80' lang='grc' dir='ltr'>έρχονται</span> <span class='ocrx_word' id='word_1_197' title='bbox 2418 1457 2481 1510; x_wconf 80' lang='grc' dir='ltr'>ἐν</span> <span class='ocrx_word' id='word_1_198' title='bbox 2525 1456 2600 1526; x_wconf 82' lang='grc' dir='ltr'>τῷ</span> <span class='ocrx_word' id='word_1_199' title='bbox 2653 1454 2900 1527; x_wconf 76' lang='grc' dir='ltr'><strong>βορϐόρῳ</strong></span> <span class='ocrx_word' id='word_1_200' title='bbox 2957 1457 3058 1527; x_wconf 79' lang='grc' dir='ltr'>τῆς</span> <span class='ocrx_word' id='word_1_201' title='bbox 3099 1456 3379 1530; x_wconf 79' lang='grc' dir='ltr'>ἁμαρτίας</span> <span class='ocrx_word' id='word_1_202' title='bbox 3426 1455 3706 1510; x_wconf 72' lang='grc' dir='ltr'>κυλινδού-</span> 
     </span>
    </p>
   </div>
   <div class='ocr_carea' id='block_1_31' title="bbox 2114 1546 3706 1620">
    <p class='ocr_par' dir='ltr' id='par_1_31' title="bbox 2114 1546 3706 1620">
     <span class='ocr_line' id='line_1_31' title="bbox 2114 1546 3706 1620; baseline 0 -20"><span class='ocrx_word' id='word_1_203' title='bbox 2114 1565 2292 1619; x_wconf 87' lang='grc' dir='ltr'>μενοι,</span> <span class='ocrx_word' id='word_1_204' title='bbox 2326 1550 2558 1619; x_wconf 84' lang='grc' dir='ltr'>μὲλανες</span> <span class='ocrx_word' id='word_1_205' title='bbox 2586 1548 2723 1602; x_wconf 74' lang='grc' dir='ltr'>ὡσεὶ</span> <span class='ocrx_word' id='word_1_206' title='bbox 2753 1549 2958 1620; x_wconf 81' lang='grc' dir='ltr'>ἁσὸόλη</span> <span class='ocrx_word' id='word_1_207' title='bbox 2985 1550 3250 1618; x_wconf 80' lang='grc' dir='ltr'>γίνονται.</span> <span class='ocrx_word' id='word_1_208' title='bbox 3281 1546 3510 1619; x_wconf 65' lang='grc' dir='ltr'>Νοητῶς</span> <span class='ocrx_word' id='word_1_209' title='bbox 3535 1547 3706 1600; x_wconf 76' lang='grc' dir='ltr'>ταῦτα</span> 
     </span>
    </p>
   </div>
   <div class='ocr_carea' id='block_1_32' title="bbox 2110 1636 3704 1715">
    <p class='ocr_par' dir='ltr' id='par_1_32' title="bbox 2110 1636 3704 1715">
     <span class='ocr_line' id='line_1_32' title="bbox 2110 1636 3704 1715; baseline -0.001 -21"><span class='ocrx_word' id='word_1_210' title='bbox 2110 1641 2486 1711; x_wconf 78' lang='grc' dir='ltr'>ὑπολάμϐανε,</span> <span class='ocrx_word' id='word_1_211' title='bbox 2515 1636 2559 1694; x_wconf 82' lang='grc' dir='ltr'><strong>ὧ</strong></span> <span class='ocrx_word' id='word_1_212' title='bbox 2583 1641 2798 1708; x_wconf 82' lang='grc' dir='ltr'>τέκνον,</span> <span class='ocrx_word' id='word_1_213' title='bbox 2828 1643 2910 1706; x_wconf 90' lang='grc' dir='ltr'>εἰς</span> <span class='ocrx_word' id='word_1_214' title='bbox 2943 1642 3230 1696; x_wconf 85' lang='grc' dir='ltr'>νουθεσίαν</span> <span class='ocrx_word' id='word_1_215' title='bbox 3253 1643 3354 1715; x_wconf 80' lang='grc' dir='ltr'>τῆς</span> <span class='ocrx_word' id='word_1_216' title='bbox 3382 1641 3560 1713; x_wconf 71' lang='grc' dir='ltr'>ψυχῆς</span> <span class='ocrx_word' id='word_1_217' title='bbox 3586 1659 3704 1704; x_wconf 85' lang='grc' dir='ltr'>σου,</span> 
     </span>
    </p>
   </div>
   <div class='ocr_carea' id='block_1_33' title="bbox 2109 1730 3192 1808">
    <p class='ocr_par' dir='ltr' id='par_1_33' title="bbox 2109 1730 3192 1808">
     <span class='ocr_line' id='line_1_33' title="bbox 2109 1730 3192 1808; baseline 0.003 -18"><span class='ocrx_word' id='word_1_218' title='bbox 2109 1736 2225 1790; x_wconf 74' lang='grc' dir='ltr'>ἀνθ’</span> <span class='ocrx_word' id='word_1_219' title='bbox 2261 1730 2336 1789; x_wconf 83' lang='grc' dir='ltr'>ὧν</span> <span class='ocrx_word' id='word_1_220' title='bbox 2368 1733 2418 1790; x_wconf 83' lang='grc' dir='ltr'>εἴ</span> <span class='ocrx_word' id='word_1_221' title='bbox 2445 1737 2702 1805; x_wconf 67' lang='grc' dir='ltr'>φίλτατόν</span> <span class='ocrx_word' id='word_1_222' title='bbox 2739 1755 2841 1807; x_wconf 87' lang='grc' dir='ltr'><strong>μου</strong></span> <span class='ocrx_word' id='word_1_223' title='bbox 2881 1737 3192 1808; x_wconf 86' lang='grc' dir='ltr'>στρουθίον.</span> 
     </span>
    </p>
   </div>
   <div class='ocr_carea' id='block_1_34' title="bbox 403 1815 3800 1903">
    <p class='ocr_par' dir='ltr' id='par_1_34' title="bbox 403 1815 3800 1903">
     <span class='ocr_line' id='line_1_34' title="bbox 403 1815 3800 1903; baseline -0.001 -18"><span class='ocrx_word' id='word_1_224' title='bbox 403 1832 535 1885; x_wconf 74' lang='lat' dir='ltr'><strong>ditia</strong></span> <span class='ocrx_word' id='word_1_225' title='bbox 599 1836 763 1899; x_wconf 91' lang='lat' dir='ltr'><strong>queat</strong></span> <span class='ocrx_word' id='word_1_226' title='bbox 819 1827 950 1884; x_wconf 85' lang='lat' dir='ltr'><strong>dici.</strong></span> <span class='ocrx_word' id='word_1_227' title='bbox 1003 1827 1227 1882; x_wconf 79' lang='lat' dir='ltr'><strong>Memori</strong></span> <span class='ocrx_word' id='word_1_228' title='bbox 1273 1825 1462 1882; x_wconf 65' lang='lat' dir='ltr'><strong>isthaec</strong></span> <span class='ocrx_word' id='word_1_229' title='bbox 1522 1841 1722 1896; x_wconf 80' lang='lat' dir='ltr'><strong>repone</strong></span> <span class='ocrx_word' id='word_1_230' title='bbox 1777 1827 2001 1893; x_wconf 88' lang='lat' dir='ltr'><strong>animo,</strong></span> <span class='ocrx_word' id='word_1_231' title='bbox 2077 1829 2172 1897; x_wconf 80' lang='lat' dir='ltr'><strong>ﬁli,</strong></span> <span class='ocrx_word' id='word_1_232' title='bbox 2235 1832 2548 1900; x_wconf 85' lang='lat' dir='ltr'><strong>passercule</strong></span> <span class='ocrx_word' id='word_1_233' title='bbox 2583 1832 2718 1885; x_wconf 85' lang='lat' dir='ltr'><strong>mihi</strong></span> <span class='ocrx_word' id='word_1_234' title='bbox 2767 1833 3147 1903; x_wconf 85' lang='lat' dir='ltr'><strong>dilectissime,</strong></span> <span class='ocrx_word' id='word_1_235' title='bbox 3241 1835 3313 1890; x_wconf 89' lang='lat' dir='ltr'><strong>ad</strong></span> <span class='ocrx_word' id='word_1_236' title='bbox 3349 1836 3578 1891; x_wconf 88' lang='lat' dir='ltr'><strong>salutem</strong></span> <span class='ocrx_word' id='word_1_237' title='bbox 3607 1832 3706 1889; x_wconf 73' lang='lat' dir='ltr'><strong>tit-.i</strong></span> <span class='ocrx_word' id='word_1_238' title='bbox 3797 1815 3800 1818; x_wconf 54' lang='grc'><strong>’</strong></span> 
     </span>
    </p>
   </div>
   <div class='ocr_carea' id='block_1_35' title="bbox 407 1927 720 1998">
    <p class='ocr_par' dir='ltr' id='par_1_35' title="bbox 407 1927 720 1998">
     <span class='ocr_line' id='line_1_35' title="bbox 407 1927 720 1998; baseline 0 -18"><span class='ocrx_word' id='word_1_239' title='bbox 407 1927 720 1998; x_wconf 77' lang='lat' dir='ltr'><strong>profutura.</strong></span> 
     </span>
    </p>
   </div>
   <div class='ocr_carea' id='block_1_36' title="bbox 484 2019 2079 2091">
    <p class='ocr_par' dir='ltr' id='par_1_36' title="bbox 484 2019 2079 2091">
     <span class='ocr_line' id='line_1_36' title="bbox 484 2019 2079 2091; baseline -0.003 -12"><span class='ocrx_word' id='word_1_240' title='bbox 484 2027 609 2079; x_wconf 75' lang='grc'><strong>157.</strong></span> <span class='ocrx_word' id='word_1_241' title='bbox 638 2024 769 2078; x_wconf 83' lang='lat' dir='ltr'><strong>Post</strong></span> <span class='ocrx_word' id='word_1_242' title='bbox 795 2024 916 2078; x_wconf 58' lang='lat' dir='ltr'><strong>hanc</strong></span> <span class='ocrx_word' id='word_1_243' title='bbox 953 2019 1314 2091; x_wconf 78' lang='lat' dir='ltr'><strong>Epiphanius,</strong></span> <span class='ocrx_word' id='word_1_244' title='bbox 1350 2029 1632 2087; x_wconf 88' lang='lat' dir='ltr'><strong>assumpto</strong></span> <span class='ocrx_word' id='word_1_245' title='bbox 1672 2035 1858 2075; x_wconf 89' lang='lat' dir='ltr'><strong>secum</strong></span> <span class='ocrx_word' id='word_1_246' title='bbox 1889 2021 2004 2075; x_wconf 82' lang='lat' dir='ltr'><strong>An-</strong></span> <span class='ocrx_word' id='word_1_247' title='bbox 2037 2031 2079 2085; x_wconf 83' lang='grc' dir='ltr'>Β</span> 
     </span>
    </p>
   </div>
   <div class='ocr_carea' id='block_1_37' title="bbox 411 2115 2012 2186">
    <p class='ocr_par' dir='ltr' id='par_1_37' title="bbox 411 2115 2012 2186">
     <span class='ocr_line' id='line_1_37' title="bbox 411 2115 2012 2186; baseline -0.004 -11"><span class='ocrx_word' id='word_1_248' title='bbox 411 2123 566 2179; x_wconf 83' lang='lat' dir='ltr'><strong>drca,</strong></span> <span class='ocrx_word' id='word_1_249' title='bbox 601 2122 668 2174; x_wconf 86' lang='lat' dir='ltr'><strong>ad</strong></span> <span class='ocrx_word' id='word_1_250' title='bbox 704 2120 762 2173; x_wconf 91' lang='lat' dir='ltr'><strong>S.</strong></span> <span class='ocrx_word' id='word_1_251' title='bbox 799 2119 1197 2186; x_wconf 67' lang='lat' dir='ltr'><strong>Agallionicum</strong></span> <span class='ocrx_word' id='word_1_252' title='bbox 1241 2115 1352 2177; x_wconf 66' lang='lat'><strong>(65)</strong></span> <span class='ocrx_word' id='word_1_253' title='bbox 1396 2115 1691 2180; x_wconf 88' lang='lat' dir='ltr'><strong>concessit,</strong></span> <span class='ocrx_word' id='word_1_254' title='bbox 1733 2115 2012 2184; x_wconf 88' lang='lat' dir='ltr'><strong>electaque</strong></span> 
     </span>
    </p>
   </div>
   <div class='ocr_carea' id='block_1_38' title="bbox 412 2206 2009 2282">
    <p class='ocr_par' dir='ltr' id='par_1_38' title="bbox 412 2206 2009 2282">
     <span class='ocr_line' id='line_1_38' title="bbox 412 2206 2009 2282; baseline -0.004 -17"><span class='ocrx_word' id='word_1_255' title='bbox 412 2228 580 2282; x_wconf 79' lang='lat' dir='ltr'><strong>prope</strong></span> <span class='ocrx_word' id='word_1_256' title='bbox 624 2213 858 2280; x_wconf 79' lang='lat' dir='ltr'><strong>phialam</strong></span> <span class='ocrx_word' id='word_1_257' title='bbox 892 2208 1005 2279; x_wconf 78' lang='lat'><strong>(06)</strong></span> <span class='ocrx_word' id='word_1_258' title='bbox 1032 2208 1177 2272; x_wconf 89' lang='lat' dir='ltr'><strong>sede,</strong></span> <span class='ocrx_word' id='word_1_259' title='bbox 1227 2208 1373 2277; x_wconf 85' lang='lat' dir='ltr'><strong>quod</strong></span> <span class='ocrx_word' id='word_1_260' title='bbox 1414 2206 1505 2260; x_wconf 90' lang='lat' dir='ltr'><strong>illa</strong></span> <span class='ocrx_word' id='word_1_261' title='bbox 1547 2206 1775 2276; x_wconf 90' lang='lat' dir='ltr'><strong>strepitu</strong></span> <span class='ocrx_word' id='word_1_262' title='bbox 1822 2206 2009 2276; x_wconf 86' lang='lat' dir='ltr'><strong>populi</strong></span> 
     </span>
    </p>
   </div>
   <div class='ocr_carea' id='block_1_39' title="bbox 409 2297 2012 2369">
    <p class='ocr_par' dir='ltr' id='par_1_39' title="bbox 409 2297 2012 2369">
     <span class='ocr_line' id='line_1_39' title="bbox 409 2297 2012 2369; baseline -0.005 -11"><span class='ocrx_word' id='word_1_263' title='bbox 409 2313 648 2369; x_wconf 83' lang='lat' dir='ltr'><strong>careret,</strong></span> <span class='ocrx_word' id='word_1_264' title='bbox 695 2303 776 2357; x_wconf 84' lang='lat' dir='ltr'><strong>sic</strong></span> <span class='ocrx_word' id='word_1_265' title='bbox 831 2302 1041 2356; x_wconf 82' lang='lat' dir='ltr'><strong>socium</strong></span> <span class='ocrx_word' id='word_1_266' title='bbox 1081 2300 1382 2368; x_wconf 81' lang='lat' dir='ltr'><strong>alloquitur</strong></span> <span class='ocrx_word' id='word_1_267' title='bbox 1420 2313 1432 2349; x_wconf 92' lang='lat'><strong>:</strong></span> <span class='ocrx_word' id='word_1_268' title='bbox 1473 2297 1566 2352; x_wconf 93' lang='lat' dir='ltr'><strong>Dic</strong></span> <span class='ocrx_word' id='word_1_269' title='bbox 1595 2298 2012 2368; x_wconf 82' lang='lat' dir='ltr'><strong>age,quodnam</strong></span> 
     </span>
    </p>
   </div>
   <div class='ocr_carea' id='block_1_40' title="bbox 416 2389 2012 2463">
    <p class='ocr_par' dir='ltr' id='par_1_40' title="bbox 416 2389 2012 2463">
     <span class='ocr_line' id='line_1_40' title="bbox 416 2389 2012 2463; baseline -0.001 -19"><span class='ocrx_word' id='word_1_270' title='bbox 416 2394 652 2463; x_wconf 80' lang='lat' dir='ltr'><strong>primum</strong></span> <span class='ocrx_word' id='word_1_271' title='bbox 699 2407 925 2462; x_wconf 87' lang='lat' dir='ltr'><strong>operum</strong></span> <span class='ocrx_word' id='word_1_272' title='bbox 956 2390 1203 2444; x_wconf 87' lang='lat' dir='ltr'><strong>omnium</strong></span> <span class='ocrx_word' id='word_1_273' title='bbox 1241 2389 1370 2444; x_wconf 78' lang='lat' dir='ltr'><strong>fecit</strong></span> <span class='ocrx_word' id='word_1_274' title='bbox 1410 2389 1600 2445; x_wconf 82' lang='lat' dir='ltr'><strong>Deus?</strong></span> <span class='ocrx_word' id='word_1_275' title='bbox 1656 2391 1820 2458; x_wconf 88' lang='lat' dir='ltr'><strong>cupio</strong></span> <span class='ocrx_word' id='word_1_276' title='bbox 1849 2389 1902 2443; x_wconf 93' lang='lat' dir='ltr'><strong>id</strong></span> <span class='ocrx_word' id='word_1_277' title='bbox 1943 2404 2012 2442; x_wconf 81' lang='lat' dir='ltr'><strong>ex</strong></span> 
     </span>
    </p>
   </div>
   <div class='ocr_carea' id='block_1_41' title="bbox 421 2479 2014 2553">
    <p class='ocr_par' dir='ltr' id='par_1_41' title="bbox 421 2479 2014 2553">
     <span class='ocr_line' id='line_1_41' title="bbox 421 2479 2014 2553; baseline -0.003 -15"><span class='ocrx_word' id='word_1_278' title='bbox 421 2497 492 2547; x_wconf 91' lang='lat' dir='ltr'><strong>te,</strong></span> <span class='ocrx_word' id='word_1_279' title='bbox 541 2494 798 2553; x_wconf 85' lang='lat' dir='ltr'><strong>tanquam</strong></span> <span class='ocrx_word' id='word_1_280' title='bbox 864 2481 1126 2537; x_wconf 80' lang='lat' dir='ltr'><strong>melliﬂuo</strong></span> <span class='ocrx_word' id='word_1_281' title='bbox 1189 2480 1538 2550; x_wconf 83' lang='lat' dir='ltr'><strong>lactiﬂuoque</strong></span> <span class='ocrx_word' id='word_1_282' title='bbox 1601 2479 1788 2544; x_wconf 83' lang='lat' dir='ltr'><strong>fonte,</strong></span> <span class='ocrx_word' id='word_1_283' title='bbox 1852 2479 2014 2534; x_wconf 87' lang='lat' dir='ltr'><strong>modo</strong></span> 
     </span>
    </p>
   </div>
   <div class='ocr_carea' id='block_1_42' title="bbox 413 2573 2008 2645">
    <p class='ocr_par' dir='ltr' id='par_1_42' title="bbox 413 2573 2008 2645">
     <span class='ocr_line' id='line_1_42' title="bbox 413 2573 2008 2645; baseline -0.004 -15"><span class='ocrx_word' id='word_1_284' title='bbox 413 2579 650 2633; x_wconf 79' lang='lat' dir='ltr'><strong>discere.</strong></span> <span class='ocrx_word' id='word_1_285' title='bbox 709 2575 882 2645; x_wconf 79' lang='lat' dir='ltr'><strong>Cujus</strong></span> <span class='ocrx_word' id='word_1_286' title='bbox 942 2576 1216 2631; x_wconf 87' lang='lat' dir='ltr'><strong>desiderio</strong></span> <span class='ocrx_word' id='word_1_287' title='bbox 1277 2573 1661 2630; x_wconf 77' lang='lat' dir='ltr'><strong>satisfacturus</strong></span> <span class='ocrx_word' id='word_1_288' title='bbox 1713 2575 2008 2628; x_wconf 85' lang='lat' dir='ltr'><strong>Andreas:</strong></span> 
     </span>
    </p>
   </div>
   <div class='ocr_carea' id='block_1_43' title="bbox 417 2666 2010 2740">
    <p class='ocr_par' dir='ltr' id='par_1_43' title="bbox 417 2666 2010 2740">
     <span class='ocr_line' id='line_1_43' title="bbox 417 2666 2010 2740; baseline -0.003 -17"><span class='ocrx_word' id='word_1_289' title='bbox 417 2672 582 2734; x_wconf 87' lang='lat' dir='ltr'><strong>Deus,</strong></span> <span class='ocrx_word' id='word_1_290' title='bbox 636 2671 832 2740; x_wconf 87' lang='lat' dir='ltr'><strong>inquit,</strong></span> <span class='ocrx_word' id='word_1_291' title='bbox 883 2685 1007 2723; x_wconf 77' lang='lat' dir='ltr'><strong>eum</strong></span> <span class='ocrx_word' id='word_1_292' title='bbox 1058 2669 1235 2722; x_wconf 87' lang='lat' dir='ltr'><strong>Verbo</strong></span> <span class='ocrx_word' id='word_1_293' title='bbox 1299 2683 1401 2722; x_wconf 90' lang='lat' dir='ltr'><strong>suo</strong></span> <span class='ocrx_word' id='word_1_294' title='bbox 1447 2677 1748 2736; x_wconf 77' lang='lat' dir='ltr'><strong>sanctoque</strong></span> <span class='ocrx_word' id='word_1_295' title='bbox 1802 2666 2010 2735; x_wconf 82' lang='lat' dir='ltr'><strong>Spiritu</strong></span> 
     </span>
    </p>
   </div>
   <div class='ocr_carea' id='block_1_44' title="bbox 417 2759 2016 2832">
    <p class='ocr_par' dir='ltr' id='par_1_44' title="bbox 417 2759 2016 2832">
     <span class='ocr_line' id='line_1_44' title="bbox 417 2759 2016 2832; baseline -0.004 -14"><span class='ocrx_word' id='word_1_296' title='bbox 417 2773 680 2832; x_wconf 85' lang='lat' dir='ltr'><strong>perpetuo</strong></span> <span class='ocrx_word' id='word_1_297' title='bbox 739 2763 952 2825; x_wconf 80' lang='lat' dir='ltr'><strong>fuit;et</strong></span> <span class='ocrx_word' id='word_1_298' title='bbox 986 2761 1305 2829; x_wconf 80' lang='lat' dir='ltr'><strong>priusquam</strong></span> <span class='ocrx_word' id='word_1_299' title='bbox 1370 2759 1575 2828; x_wconf 82' lang='lat' dir='ltr'><strong>aliquid</strong></span> <span class='ocrx_word' id='word_1_300' title='bbox 1616 2759 1835 2812; x_wconf 88' lang='lat' dir='ltr'><strong>illorum</strong></span> <span class='ocrx_word' id='word_1_301' title='bbox 1895 2772 2016 2827; x_wconf 71' lang='lat' dir='ltr'><strong>quae</strong></span> 
     </span>
    </p>
   </div>
   <div class='ocr_carea' id='block_1_45' title="bbox 419 2850 2015 2923">
    <p class='ocr_par' dir='ltr' id='par_1_45' title="bbox 419 2850 2015 2923">
     <span class='ocr_line' id='line_1_45' title="bbox 419 2850 2015 2923; baseline -0.003 -15"><span class='ocrx_word' id='word_1_302' title='bbox 419 2854 587 2908; x_wconf 87' lang='lat' dir='ltr'><strong>modo</strong></span> <span class='ocrx_word' id='word_1_303' title='bbox 620 2854 1064 2923; x_wconf 83' lang='lat' dir='ltr'><strong>conspiciuntur,</strong></span> <span class='ocrx_word' id='word_1_304' title='bbox 1093 2852 1422 2915; x_wconf 80' lang='lat' dir='ltr'><strong>exsisteret;</strong></span> <span class='ocrx_word' id='word_1_305' title='bbox 1459 2852 1674 2906; x_wconf 77' lang='lat' dir='ltr'><strong>silentio</strong></span> <span class='ocrx_word' id='word_1_306' title='bbox 1701 2861 1756 2904; x_wconf 69' lang='lat' dir='ltr'><strong>et</strong></span> <span class='ocrx_word' id='word_1_307' title='bbox 1803 2850 2015 2920; x_wconf 86' lang='lat' dir='ltr'><strong>placida</strong></span> 
     </span>
    </p>
   </div>
   <div class='ocr_carea' id='block_1_46' title="bbox 415 2942 2016 3016">
    <p class='ocr_par' dir='ltr' id='par_1_46' title="bbox 415 2942 2016 3016">
     <span class='ocr_line' id='line_1_46' title="bbox 415 2942 2016 3016; baseline -0.002 -15"><span class='ocrx_word' id='word_1_308' title='bbox 415 2947 812 3016; x_wconf 72' lang='lat' dir='ltr'><strong>tranquillitate</strong></span> <span class='ocrx_word' id='word_1_309' title='bbox 860 2946 1108 3014; x_wconf 77' lang='lat' dir='ltr'><strong>gaudens</strong></span> <span class='ocrx_word' id='word_1_310' title='bbox 1137 2947 1189 2998; x_wconf 89' lang='lat' dir='ltr'><strong>in</strong></span> <span class='ocrx_word' id='word_1_311' title='bbox 1232 2944 1290 2997; x_wconf 89' lang='lat' dir='ltr'><strong>id</strong></span> <span class='ocrx_word' id='word_1_312' title='bbox 1327 2946 1503 3014; x_wconf 83' lang='lat' dir='ltr'><strong>ipsum</strong></span> <span class='ocrx_word' id='word_1_313' title='bbox 1532 2944 1850 2998; x_wconf 82' lang='lat' dir='ltr'><strong>Altissimus</strong></span> <span class='ocrx_word' id='word_1_314' title='bbox 1884 2942 2016 3014; x_wconf 83' lang='lat' dir='ltr'><strong>(non</strong></span> 
     </span>
    </p>
   </div>
   <div class='ocr_carea' id='block_1_47' title="bbox 413 3037 2018 3107">
    <p class='ocr_par' dir='ltr' id='par_1_47' title="bbox 413 3037 2018 3107">
     <span class='ocr_line' id='line_1_47' title="bbox 413 3037 2018 3107; baseline -0.004 -13"><span class='ocrx_word' id='word_1_315' title='bbox 413 3041 563 3094; x_wconf 88' lang='lat' dir='ltr'><strong>enim</strong></span> <span class='ocrx_word' id='word_1_316' title='bbox 610 3049 730 3094; x_wconf 87' lang='lat' dir='ltr'><strong>erat</strong></span> <span class='ocrx_word' id='word_1_317' title='bbox 780 3054 1019 3107; x_wconf 86' lang='lat' dir='ltr'><strong>quocum</strong></span> <span class='ocrx_word' id='word_1_318' title='bbox 1069 3038 1491 3107; x_wconf 79' lang='lat' dir='ltr'><strong>colloqueretur)</strong></span> <span class='ocrx_word' id='word_1_319' title='bbox 1522 3037 1857 3107; x_wconf 88' lang='lat' dir='ltr'><strong>producebat</strong></span> <span class='ocrx_word' id='word_1_320' title='bbox 1902 3037 2018 3090; x_wconf 89' lang='lat' dir='ltr'><strong>sine</strong></span> 
     </span>
    </p>
   </div>
   <div class='ocr_carea' id='block_1_48' title="bbox 417 3129 2018 3200">
    <p class='ocr_par' dir='ltr' id='par_1_48' title="bbox 417 3129 2018 3200">
     <span class='ocr_line' id='line_1_48' title="bbox 417 3129 2018 3200; baseline -0.002 -14"><span class='ocrx_word' id='word_1_321' title='bbox 417 3144 661 3200; x_wconf 83' lang='lat' dir='ltr'><strong>tempore</strong></span> <span class='ocrx_word' id='word_1_322' title='bbox 718 3132 956 3186; x_wconf 87' lang='lat' dir='ltr'><strong>Verbum</strong></span> <span class='ocrx_word' id='word_1_323' title='bbox 1015 3131 1208 3194; x_wconf 81' lang='lat' dir='ltr'><strong>Deum,</strong></span> <span class='ocrx_word' id='word_1_324' title='bbox 1264 3147 1389 3184; x_wconf 88' lang='lat' dir='ltr'><strong>eum</strong></span> <span class='ocrx_word' id='word_1_325' title='bbox 1443 3141 1636 3183; x_wconf 87' lang='lat' dir='ltr'><strong>saneto</strong></span> <span class='ocrx_word' id='word_1_326' title='bbox 1683 3129 1912 3198; x_wconf 87' lang='lat' dir='ltr'><strong>Spiritu,</strong></span> <span class='ocrx_word' id='word_1_327' title='bbox 1951 3144 2018 3182; x_wconf 81' lang='lat' dir='ltr'><strong>ex</strong></span> 
     </span>
    </p>
   </div>
   <div class='ocr_carea' id='block_1_49' title="bbox 419 3221 2017 3295">
    <p class='ocr_par' dir='ltr' id='par_1_49' title="bbox 419 3221 2017 3295">
     <span class='ocr_line' id='line_1_49' title="bbox 419 3221 2017 3295; baseline -0.004 -14"><span class='ocrx_word' id='word_1_328' title='bbox 419 3237 599 3281; x_wconf 87' lang='lat' dir='ltr'><strong>tuente</strong></span> <span class='ocrx_word' id='word_1_329' title='bbox 660 3241 758 3279; x_wconf 89' lang='lat' dir='ltr'><strong>sua</strong></span> <span class='ocrx_word' id='word_1_330' title='bbox 813 3234 978 3294; x_wconf 90' lang='lat' dir='ltr'><strong>atque</strong></span> <span class='ocrx_word' id='word_1_331' title='bbox 1009 3241 1104 3280; x_wconf 89' lang='lat' dir='ltr'><strong>ore</strong></span> <span class='ocrx_word' id='word_1_332' title='bbox 1163 3223 1416 3295; x_wconf 81' lang='lat' dir='ltr'><strong>ignifero.</strong></span> <span class='ocrx_word' id='word_1_333' title='bbox 1449 3223 1519 3275; x_wconf 87' lang='lat' dir='ltr'><strong>At</strong></span> <span class='ocrx_word' id='word_1_334' title='bbox 1555 3232 1612 3275; x_wconf 91' lang='lat' dir='ltr'><strong>tu</strong></span> <span class='ocrx_word' id='word_1_335' title='bbox 1665 3221 1909 3289; x_wconf 89' lang='lat' dir='ltr'><strong>quidem,</strong></span> <span class='ocrx_word' id='word_1_336' title='bbox 1943 3221 2017 3274; x_wconf 78' lang='lat' dir='ltr'><strong>[ili</strong></span> 
     </span>
    </p>
   </div>
   <div class='ocr_carea' id='block_1_50' title="bbox 419 3311 2018 3384">
    <p class='ocr_par' dir='ltr' id='par_1_50' title="bbox 419 3311 2018 3384">
     <span class='ocr_line' id='line_1_50' title="bbox 419 3311 2018 3384; baseline -0.003 -15"><span class='ocrx_word' id='word_1_337' title='bbox 419 3317 519 3379; x_wconf 87' lang='lat' dir='ltr'><strong>mi,</strong></span> <span class='ocrx_word' id='word_1_338' title='bbox 584 3316 755 3384; x_wconf 88' lang='lat' dir='ltr'><strong>probe</strong></span> <span class='ocrx_word' id='word_1_339' title='bbox 800 3315 1208 3384; x_wconf 85' lang='lat' dir='ltr'><strong>prudenterque</strong></span> <span class='ocrx_word' id='word_1_340' title='bbox 1255 3316 1371 3368; x_wconf 39' lang='lat' dir='ltr'><strong>hate</strong></span> <span class='ocrx_word' id='word_1_341' title='bbox 1407 3313 1670 3382; x_wconf 85' lang='lat' dir='ltr'><strong>intellige,</strong></span> <span class='ocrx_word' id='word_1_342' title='bbox 1725 3321 1781 3366; x_wconf 94' lang='lat' dir='ltr'><strong>nt</strong></span> <span class='ocrx_word' id='word_1_343' title='bbox 1813 3322 1866 3366; x_wconf 86' lang='lat' dir='ltr'><strong>et</strong></span> <span class='ocrx_word' id='word_1_344' title='bbox 1893 3311 2018 3364; x_wconf 89' lang='lat' dir='ltr'><strong>aliis</strong></span> 
     </span>
    </p>
   </div>
   <div class='ocr_carea' id='block_1_51' title="bbox 2183 2018 3701 2096">
    <p class='ocr_par' dir='ltr' id='par_1_51' title="bbox 2183 2018 3701 2096">
     <span class='ocr_line' id='line_1_51' title="bbox 2183 2018 3701 2096; baseline 0.006 -28"><span class='ocrx_word' id='word_1_345' title='bbox 2183 2018 2315 2090; x_wconf 71' lang='grc' dir='ltr'><strong>ρνξν.</strong></span> <span class='ocrx_word' id='word_1_346' title='bbox 2365 2021 2424 2072; x_wconf 83' lang='grc' dir='ltr'><strong>Ὀ</strong></span> <span class='ocrx_word' id='word_1_347' title='bbox 2458 2019 2513 2072; x_wconf 80' lang='grc' dir='ltr'>δὲ</span> <span class='ocrx_word' id='word_1_348' title='bbox 2556 2018 2878 2089; x_wconf 74' lang='grc' dir='ltr'>Ἐπιφάνιος</span> <span class='ocrx_word' id='word_1_349' title='bbox 2910 2020 3247 2091; x_wconf 80' lang='grc' dir='ltr'>παραλαϐὼν</span> <span class='ocrx_word' id='word_1_350' title='bbox 3287 2025 3378 2075; x_wconf 76' lang='grc' dir='ltr'>τὸν</span> <span class='ocrx_word' id='word_1_351' title='bbox 3407 2027 3701 2096; x_wconf 76' lang='grc' dir='ltr'>μακάριον,</span> 
     </span>
    </p>
   </div>
   <div class='ocr_carea' id='block_1_52' title="bbox 2118 2111 3703 2185">
    <p class='ocr_par' dir='ltr' id='par_1_52' title="bbox 2118 2111 3703 2185">
     <span class='ocr_line' id='line_1_52' title="bbox 2118 2111 3703 2185; baseline 0.002 -20"><span class='ocrx_word' id='word_1_352' title='bbox 2118 2112 2343 2181; x_wconf 73' lang='grc' dir='ltr'>ἔρχεται</span> <span class='ocrx_word' id='word_1_353' title='bbox 2376 2112 2455 2174; x_wconf 83' lang='grc' dir='ltr'>εἰς</span> <span class='ocrx_word' id='word_1_354' title='bbox 2485 2112 2577 2164; x_wconf 77' lang='grc' dir='ltr'>τὸν</span> <span class='ocrx_word' id='word_1_355' title='bbox 2614 2113 2772 2179; x_wconf 83' lang='grc' dir='ltr'>ἆγιον</span> <span class='ocrx_word' id='word_1_356' title='bbox 2815 2111 3186 2180; x_wconf 81' lang='grc' dir='ltr'>Ἀγαθὸνικον,</span> <span class='ocrx_word' id='word_1_357' title='bbox 3222 2115 3316 2168; x_wconf 76' lang='grc' dir='ltr'>καὶ</span> <span class='ocrx_word' id='word_1_358' title='bbox 3345 2115 3573 2184; x_wconf 78' lang='grc' dir='ltr'>πλησίον</span> <span class='ocrx_word' id='word_1_359' title='bbox 3603 2117 3703 2185; x_wconf 78' lang='grc' dir='ltr'>τῆς</span> 
     </span>
    </p>
   </div>
   <div class='ocr_carea' id='block_1_53' title="bbox 2117 2204 3708 2276">
    <p class='ocr_par' dir='ltr' id='par_1_53' title="bbox 2117 2204 3708 2276">
     <span class='ocr_line' id='line_1_53' title="bbox 2117 2204 3708 2276; baseline 0.002 -16"><span class='ocrx_word' id='word_1_360' title='bbox 2117 2204 2284 2260; x_wconf 78' lang='grc' dir='ltr'>αὑτοῦ</span> <span class='ocrx_word' id='word_1_361' title='bbox 2316 2204 2554 2272; x_wconf 80' lang='grc' dir='ltr'>φιάλεως</span> <span class='ocrx_word' id='word_1_362' title='bbox 2612 2204 2978 2268; x_wconf 80' lang='grc' dir='ltr'>καθεσθέντες</span> <span class='ocrx_word' id='word_1_363' title='bbox 3028 2205 3117 2259; x_wconf 76' lang='grc' dir='ltr'>διὰ</span> <span class='ocrx_word' id='word_1_364' title='bbox 3161 2206 3223 2258; x_wconf 76' lang='grc' dir='ltr'>τὸ</span> <span class='ocrx_word' id='word_1_365' title='bbox 3259 2207 3462 2276; x_wconf 78' lang='grc' dir='ltr'>ἥσυχον</span> <span class='ocrx_word' id='word_1_366' title='bbox 3495 2210 3588 2261; x_wconf 83' lang='grc' dir='ltr'>τοῦ</span> <span class='ocrx_word' id='word_1_367' title='bbox 3617 2212 3708 2262; x_wconf 64' lang='lat' dir='ltr'><strong>tri-</strong></span> 
     </span>
    </p>
   </div>
   <div class='ocr_carea' id='block_1_54' title="bbox 2121 2296 3706 2370">
    <p class='ocr_par' dir='ltr' id='par_1_54' title="bbox 2121 2296 3706 2370">
     <span class='ocr_line' id='line_1_54' title="bbox 2121 2296 3706 2370; baseline 0.002 -20"><span class='ocrx_word' id='word_1_368' title='bbox 2121 2313 2253 2361; x_wconf 74' lang='grc' dir='ltr'>που,</span> <span class='ocrx_word' id='word_1_369' title='bbox 2303 2296 2451 2366; x_wconf 82' lang='grc' dir='ltr'>λέγει</span> <span class='ocrx_word' id='word_1_370' title='bbox 2503 2297 2643 2367; x_wconf 77' lang='grc' dir='ltr'>πρὸς</span> <span class='ocrx_word' id='word_1_371' title='bbox 2694 2296 2860 2350; x_wconf 85' lang='grc' dir='ltr'>αὑτὸν</span> <span class='ocrx_word' id='word_1_372' title='bbox 2903 2299 2932 2350; x_wconf 90' lang='lat'><strong>6</strong></span> <span class='ocrx_word' id='word_1_373' title='bbox 2995 2298 3311 2366; x_wconf 74' lang='grc' dir='ltr'>Ἐπιφάνιος</span> <span class='ocrx_word' id='word_1_374' title='bbox 3341 2314 3356 2331; x_wconf 89' lang='grc'><strong>·</strong></span> <span class='ocrx_word' id='word_1_375' title='bbox 3406 2300 3541 2352; x_wconf 83' lang='grc' dir='ltr'><strong>Εἰπέ</strong></span> <span class='ocrx_word' id='word_1_376' title='bbox 3594 2319 3706 2370; x_wconf 82' lang='grc' dir='ltr'>μοι,</span> 
     </span>
    </p>
   </div>
   <div class='ocr_carea' id='block_1_55' title="bbox 2125 2390 3707 2460">
    <p class='ocr_par' dir='ltr' id='par_1_55' title="bbox 2125 2390 3707 2460">
     <span class='ocr_line' id='line_1_55' title="bbox 2125 2390 3707 2460; baseline 0 -17"><span class='ocrx_word' id='word_1_377' title='bbox 2125 2395 2278 2444; x_wconf 83' lang='grc' dir='ltr'>ποῖον</span> <span class='ocrx_word' id='word_1_378' title='bbox 2299 2390 2697 2460; x_wconf 83' lang='grc' dir='ltr'>δημιούργημα</span> <span class='ocrx_word' id='word_1_379' title='bbox 2725 2391 2832 2457; x_wconf 82' lang='grc' dir='ltr'><strong>πρὸ</strong></span> <span class='ocrx_word' id='word_1_380' title='bbox 2862 2392 2972 2442; x_wconf 85' lang='grc' dir='ltr'>τῶν</span> <span class='ocrx_word' id='word_1_381' title='bbox 3000 2390 3177 2444; x_wconf 83' lang='grc' dir='ltr'>ἄλλων</span> <span class='ocrx_word' id='word_1_382' title='bbox 3202 2393 3229 2444; x_wconf 95' lang='lat'><strong>6</strong></span> <span class='ocrx_word' id='word_1_383' title='bbox 3259 2391 3393 2453; x_wconf 67' lang='grc' dir='ltr'>Θεὸς</span> <span class='ocrx_word' id='word_1_384' title='bbox 3410 2392 3666 2460; x_wconf 81' lang='grc' dir='ltr'>ἐποίησεν</span> <span class='ocrx_word' id='word_1_385' title='bbox 3689 2408 3707 2455; x_wconf 85' lang='lat'><strong>;</strong></span> 
     </span>
    </p>
   </div>
   <div class='ocr_carea' id='block_1_56' title="bbox 2117 2481 3711 2551">
    <p class='ocr_par' dir='ltr' id='par_1_56' title="bbox 2117 2481 3711 2551">
     <span class='ocr_line' id='line_1_56' title="bbox 2117 2481 3711 2551; baseline -0.001 -16"><span class='ocrx_word' id='word_1_386' title='bbox 2117 2483 2241 2536; x_wconf 76' lang='grc' dir='ltr'>ἐπεὶ</span> <span class='ocrx_word' id='word_1_387' title='bbox 2294 2481 2445 2535; x_wconf 84' lang='grc' dir='ltr'>ποθῶ</span> <span class='ocrx_word' id='word_1_388' title='bbox 2491 2483 2719 2535; x_wconf 83' lang='grc' dir='ltr'>ἀκούειν</span> <span class='ocrx_word' id='word_1_389' title='bbox 2773 2483 2881 2534; x_wconf 84' lang='grc' dir='ltr'>ἀπὸ</span> <span class='ocrx_word' id='word_1_390' title='bbox 2925 2481 3042 2547; x_wconf 85' lang='grc' dir='ltr'>σοῦ,</span> <span class='ocrx_word' id='word_1_391' title='bbox 3100 2481 3175 2544; x_wconf 83' lang='grc' dir='ltr'><strong>ὡς</strong></span> <span class='ocrx_word' id='word_1_392' title='bbox 3221 2483 3330 2534; x_wconf 82' lang='grc' dir='ltr'>ἀπὸ</span> <span class='ocrx_word' id='word_1_393' title='bbox 3383 2485 3568 2551; x_wconf 79' lang='grc' dir='ltr'>πηγῆς</span> <span class='ocrx_word' id='word_1_394' title='bbox 3613 2482 3711 2549; x_wconf 75' lang='grc' dir='ltr'>τῆς</span> 
     </span>
    </p>
   </div>
   <div class='ocr_carea' id='block_1_57' title="bbox 2120 2574 3711 2646">
    <p class='ocr_par' dir='ltr' id='par_1_57' title="bbox 2120 2574 3711 2646">
     <span class='ocr_line' id='line_1_57' title="bbox 2120 2574 3711 2646; baseline 0 -20"><span class='ocrx_word' id='word_1_395' title='bbox 2120 2575 2393 2646; x_wconf 83' lang='grc' dir='ltr'>βρυούσης</span> <span class='ocrx_word' id='word_1_396' title='bbox 2453 2574 2577 2643; x_wconf 84' lang='grc' dir='ltr'>μέλι</span> <span class='ocrx_word' id='word_1_397' title='bbox 2637 2575 2731 2626; x_wconf 79' lang='grc' dir='ltr'><strong>καὶ</strong></span> <span class='ocrx_word' id='word_1_398' title='bbox 2775 2575 2938 2641; x_wconf 85' lang='grc' dir='ltr'>γάλα.</span> <span class='ocrx_word' id='word_1_399' title='bbox 3002 2575 3147 2644; x_wconf 73' lang='grc' dir='ltr'><strong>Ἔφη</strong></span> <span class='ocrx_word' id='word_1_400' title='bbox 3179 2576 3208 2627; x_wconf 94' lang='lat'><strong>6</strong></span> <span class='ocrx_word' id='word_1_401' title='bbox 3259 2577 3450 2636; x_wconf 74' lang='grc' dir='ltr'><strong>ὅσιος⁶</strong></span> <span class='ocrx_word' id='word_1_402' title='bbox 3509 2575 3566 2626; x_wconf 84' lang='lat'><strong>&#39;0</strong></span> <span class='ocrx_word' id='word_1_403' title='bbox 3610 2576 3711 2645; x_wconf 69' lang='grc' dir='ltr'>μὲν</span> 
     </span>
    </p>
   </div>
   <div class='ocr_carea' id='block_1_58' title="bbox 2119 2665 3711 2738">
    <p class='ocr_par' dir='ltr' id='par_1_58' title="bbox 2119 2665 3711 2738">
     <span class='ocr_line' id='line_1_58' title="bbox 2119 2665 3711 2738; baseline -0.001 -20"><span class='ocrx_word' id='word_1_404' title='bbox 2119 2667 2250 2731; x_wconf 79' lang='grc' dir='ltr'>Θεὸς</span> <span class='ocrx_word' id='word_1_405' title='bbox 2285 2668 2374 2722; x_wconf 78' lang='grc' dir='ltr'>ἀεὶ</span> <span class='ocrx_word' id='word_1_406' title='bbox 2408 2668 2746 2738; x_wconf 74' lang='grc' dir='ltr'>ἐχρημάτιζε</span> <span class='ocrx_word' id='word_1_407' title='bbox 2798 2669 2896 2720; x_wconf 75' lang='grc' dir='ltr'><strong>σὺν</strong></span> <span class='ocrx_word' id='word_1_408' title='bbox 2946 2667 3024 2738; x_wconf 81' lang='grc' dir='ltr'>τῷ</span> <span class='ocrx_word' id='word_1_409' title='bbox 3071 2667 3234 2736; x_wconf 80' lang='grc' dir='ltr'>Λόγῳ</span> <span class='ocrx_word' id='word_1_410' title='bbox 3283 2665 3448 2720; x_wconf 74' lang='grc' dir='ltr'>αὑτοῦ</span> <span class='ocrx_word' id='word_1_411' title='bbox 3497 2668 3591 2719; x_wconf 71' lang='grc' dir='ltr'>καὶ</span> <span class='ocrx_word' id='word_1_412' title='bbox 3632 2668 3711 2736; x_wconf 74' lang='grc' dir='ltr'>τῷ</span> 
     </span>
    </p>
   </div>
   <div class='ocr_carea' id='block_1_59' title="bbox 2121 2758 3712 2830">
    <p class='ocr_par' dir='ltr' id='par_1_59' title="bbox 2121 2758 3712 2830">
     <span class='ocr_line' id='line_1_59' title="bbox 2121 2758 3712 2830; baseline -0.001 -17"><span class='ocrx_word' id='word_1_413' title='bbox 2121 2761 2429 2830; x_wconf 75' lang='grc' dir='ltr'>Πνεῦματι,</span> <span class='ocrx_word' id='word_1_414' title='bbox 2457 2761 2550 2813; x_wconf 62' lang='grc' dir='ltr'><strong>καὶ⁸</strong></span> <span class='ocrx_word' id='word_1_415' title='bbox 2581 2759 2641 2812; x_wconf 82' lang='grc' dir='ltr'><strong>τὸ</strong></span> <span class='ocrx_word' id='word_1_416' title='bbox 2670 2760 2838 2812; x_wconf 72' lang='grc' dir='ltr'>οἱονεὶ</span> <span class='ocrx_word' id='word_1_417' title='bbox 2871 2758 3091 2813; x_wconf 82' lang='grc' dir='ltr'>πώποτε</span> <span class='ocrx_word' id='word_1_418' title='bbox 3121 2761 3222 2814; x_wconf 79' lang='grc' dir='ltr'><strong>οὐκ</strong></span> <span class='ocrx_word' id='word_1_419' title='bbox 3245 2760 3580 2830; x_wconf 77' lang='grc' dir='ltr'>ἐχρημάτιζε</span> <span class='ocrx_word' id='word_1_420' title='bbox 3605 2761 3712 2812; x_wconf 78' lang='grc' dir='ltr'><strong>τῶν</strong></span> 
     </span>
    </p>
   </div>
   <div class='ocr_carea' id='block_1_60' title="bbox 2123 2849 3711 2924">
    <p class='ocr_par' dir='ltr' id='par_1_60' title="bbox 2123 2849 3711 2924">
     <span class='ocr_line' id='line_1_60' title="bbox 2123 2849 3711 2924; baseline -0.003 -18"><span class='ocrx_word' id='word_1_421' title='bbox 2123 2855 2330 2924; x_wconf 78' lang='grc' dir='ltr'>ἀρτίως</span> <span class='ocrx_word' id='word_1_422' title='bbox 2380 2851 2855 2924; x_wconf 75' lang='grc' dir='ltr'>χρηματιζόντων,</span> <span class='ocrx_word' id='word_1_423' title='bbox 2886 2849 2954 2924; x_wconf 82' lang='grc' dir='ltr'><strong>ἦν</strong></span> <span class='ocrx_word' id='word_1_424' title='bbox 2985 2870 3045 2905; x_wconf 89' lang='grc' dir='ltr'><strong>τε</strong></span> <span class='ocrx_word' id='word_1_425' title='bbox 3087 2857 3146 2906; x_wconf 79' lang='grc' dir='ltr'>ἐν</span> <span class='ocrx_word' id='word_1_426' title='bbox 3194 2857 3320 2924; x_wconf 84' lang='grc' dir='ltr'>σιγῇ</span> <span class='ocrx_word' id='word_1_427' title='bbox 3365 2855 3460 2907; x_wconf 57' lang='grc' dir='ltr'>καὶ</span> <span class='ocrx_word' id='word_1_428' title='bbox 3501 2854 3711 2924; x_wconf 76' lang='grc' dir='ltr'>γαλήνῃ</span> 
     </span>
    </p>
   </div>
   <div class='ocr_carea' id='block_1_61' title="bbox 2121 2943 3712 3016">
    <p class='ocr_par' dir='ltr' id='par_1_61' title="bbox 2121 2943 3712 3016">
     <span class='ocr_line' id='line_1_61' title="bbox 2121 2943 3712 3016; baseline -0.001 -18"><span class='ocrx_word' id='word_1_429' title='bbox 2121 2947 2215 2999; x_wconf 75' lang='grc' dir='ltr'><strong>ἐπὶ</strong></span> <span class='ocrx_word' id='word_1_430' title='bbox 2246 2946 2306 2998; x_wconf 78' lang='grc' dir='ltr'><strong>τὸ</strong></span> <span class='ocrx_word' id='word_1_431' title='bbox 2338 2946 2470 3000; x_wconf 79' lang='grc' dir='ltr'>αὐτὸ</span> <span class='ocrx_word' id='word_1_432' title='bbox 2501 2949 2528 2998; x_wconf 90' lang='grc' dir='ltr'>ὁ</span> <span class='ocrx_word' id='word_1_433' title='bbox 2561 2946 2825 3015; x_wconf 75' lang='grc' dir='ltr'>’Υψιστος</span> <span class='ocrx_word' id='word_1_434' title='bbox 2853 2961 2867 2976; x_wconf 75' lang='grc' dir='ltr'><strong>ο</strong></span> <span class='ocrx_word' id='word_1_435' title='bbox 2908 2947 2969 2998; x_wconf 79' lang='grc' dir='ltr'><strong>οὐ</strong></span> <span class='ocrx_word' id='word_1_436' title='bbox 3001 2946 3107 3016; x_wconf 83' lang='grc' dir='ltr'><strong>γὰρ</strong></span> <span class='ocrx_word' id='word_1_437' title='bbox 3147 2943 3214 3016; x_wconf 81' lang='grc' dir='ltr'><strong>ἦν</strong></span> <span class='ocrx_word' id='word_1_438' title='bbox 3249 2947 3434 3014; x_wconf 62' lang='grc' dir='ltr'>ἕτερός</span> <span class='ocrx_word' id='word_1_439' title='bbox 3467 2963 3550 3008; x_wconf 89' lang='grc' dir='ltr'><strong>τις</strong></span> <span class='ocrx_word' id='word_1_440' title='bbox 3576 2949 3712 3015; x_wconf 61' lang='grc' dir='ltr'><strong>πρὸς</strong></span> 
     </span>
    </p>
   </div>
   <div class='ocr_carea' id='block_1_62' title="bbox 2120 3036 3709 3110">
    <p class='ocr_par' dir='ltr' id='par_1_62' title="bbox 2120 3036 3709 3110">
     <span class='ocr_line' id='line_1_62' title="bbox 2120 3036 3709 3110; baseline -0.003 -19"><span class='ocrx_word' id='word_1_441' title='bbox 2120 3038 2180 3093; x_wconf 80' lang='grc' dir='ltr'>ὃν</span> <span class='ocrx_word' id='word_1_442' title='bbox 2205 3039 2486 3110; x_wconf 82' lang='grc' dir='ltr'>ὁμιλήσει,</span> <span class='ocrx_word' id='word_1_443' title='bbox 2528 3036 2820 3107; x_wconf 81' lang='grc' dir='ltr'>ἐξαγαγὼν</span> <span class='ocrx_word' id='word_1_444' title='bbox 2848 3038 2941 3090; x_wconf 80' lang='grc' dir='ltr'><strong>τὸν</strong></span> <span class='ocrx_word' id='word_1_445' title='bbox 2975 3040 3148 3107; x_wconf 84' lang='grc' dir='ltr'>Λόγον</span> <span class='ocrx_word' id='word_1_446' title='bbox 3183 3039 3278 3091; x_wconf 76' lang='grc' dir='ltr'>καὶ</span> <span class='ocrx_word' id='word_1_447' title='bbox 3306 3039 3438 3091; x_wconf 84' lang='grc' dir='ltr'>Θεὸν</span> <span class='ocrx_word' id='word_1_448' title='bbox 3469 3038 3599 3110; x_wconf 80' lang='grc' dir='ltr'>[σὺν</span> <span class='ocrx_word' id='word_1_449' title='bbox 3629 3037 3709 3108; x_wconf 81' lang='grc' dir='ltr'><strong>τῷ</strong></span> 
     </span>
    </p>
   </div>
   <div class='ocr_carea' id='block_1_63' title="bbox 2124 3129 3712 3204">
    <p class='ocr_par' dir='ltr' id='par_1_63' title="bbox 2124 3129 3712 3204">
     <span class='ocr_line' id='line_1_63' title="bbox 2124 3129 3712 3204; baseline -0.004 -16"><span class='ocrx_word' id='word_1_450' title='bbox 2124 3134 2266 3204; x_wconf 83' lang='grc' dir='ltr'>ἁγίῳ</span> <span class='ocrx_word' id='word_1_451' title='bbox 2300 3135 2582 3201; x_wconf 80' lang='grc' dir='ltr'>Πνεύματι</span> <span class='ocrx_word' id='word_1_452' title='bbox 2616 3131 2864 3202; x_wconf 81' lang='grc' dir='ltr'>ἀχρόνως</span> <span class='ocrx_word' id='word_1_453' title='bbox 2895 3129 3024 3202; x_wconf 77' lang='grc' dir='ltr'><strong>ἀπὸ]</strong></span> <span class='ocrx_word' id='word_1_454' title='bbox 3048 3130 3142 3183; x_wconf 80' lang='grc' dir='ltr'><strong>τοῦ</strong></span> <span class='ocrx_word' id='word_1_455' title='bbox 3176 3130 3270 3184; x_wconf 78' lang='grc' dir='ltr'>νοῦ</span> <span class='ocrx_word' id='word_1_456' title='bbox 3301 3132 3396 3184; x_wconf 73' lang='grc' dir='ltr'>καὶ</span> <span class='ocrx_word' id='word_1_457' title='bbox 3427 3131 3712 3201; x_wconf 70' lang='grc' dir='ltr'>πυρφόριυ</span> 
     </span>
    </p>
   </div>
   <div class='ocr_carea' id='block_1_64' title="bbox 2127 3219 3717 3288">
    <p class='ocr_par' dir='ltr' id='par_1_64' title="bbox 2127 3219 3717 3288">
     <span class='ocr_line' id='line_1_64' title="bbox 2127 3219 3717 3288; baseline 0.001 -18"><span class='ocrx_word' id='word_1_458' title='bbox 2127 3222 2398 3288; x_wconf 85' lang='grc' dir='ltr'>στόματος</span> <span class='ocrx_word' id='word_1_459' title='bbox 2451 3219 2642 3271; x_wconf 76' lang='grc' dir='ltr'>αὐτοῦ.</span> <span class='ocrx_word' id='word_1_460' title='bbox 2684 3220 2955 3283; x_wconf 83' lang='grc' dir='ltr'>Συνετῶς,</span> <span class='ocrx_word' id='word_1_461' title='bbox 2999 3223 3212 3284; x_wconf 78' lang='grc' dir='ltr'>τέκνον,</span> <span class='ocrx_word' id='word_1_462' title='bbox 3259 3223 3449 3285; x_wconf 81' lang='grc' dir='ltr'>ἄκουε,</span> <span class='ocrx_word' id='word_1_463' title='bbox 3483 3221 3570 3273; x_wconf 83' lang='grc' dir='ltr'><strong>ἵνα</strong></span> <span class='ocrx_word' id='word_1_464' title='bbox 3621 3221 3717 3272; x_wconf 81' lang='grc' dir='ltr'>καὶ</span> 
     </span>
    </p>
   </div>
   <div class='ocr_carea' id='block_1_65' title="bbox 2124 3309 3716 3383">
    <p class='ocr_par' dir='ltr' id='par_1_65' title="bbox 2124 3309 3716 3383">
     <span class='ocr_line' id='line_1_65' title="bbox 2124 3309 3716 3383; baseline 0 -19"><span class='ocrx_word' id='word_1_465' title='bbox 2124 3312 2290 3373; x_wconf 80' lang='grc' dir='ltr'>αὐτὸς</span> <span class='ocrx_word' id='word_1_466' title='bbox 2335 3312 2561 3379; x_wconf 82' lang='grc' dir='ltr'>ἐτέρους</span> <span class='ocrx_word' id='word_1_467' title='bbox 2603 3311 2885 3381; x_wconf 79' lang='grc' dir='ltr'>ὠφελῆσαι</span> <span class='ocrx_word' id='word_1_468' title='bbox 2931 3311 3161 3383; x_wconf 81' lang='grc' dir='ltr'>δυνήσῃ.</span> <span class='ocrx_word' id='word_1_469' title='bbox 3202 3309 3338 3366; x_wconf 72' lang='grc' dir='ltr'>Εἶτα</span> <span class='ocrx_word' id='word_1_470' title='bbox 3375 3315 3660 3382; x_wconf 71' lang='grc' dir='ltr'>ἐνενόησεν</span> <span class='ocrx_word' id='word_1_471' title='bbox 3689 3314 3716 3363; x_wconf 88' lang='lat'><strong>6</strong></span> 
     </span>
    </p>
   </div>
   <div class='ocr_carea' id='block_1_66' title="bbox 418 3376 2014 3478">
    <p class='ocr_par' dir='ltr' id='par_1_66' title="bbox 418 3404 2014 3478">
     <span class='ocr_line' id='line_1_66' title="bbox 418 3404 2014 3478; baseline -0.003 -16"><span class='ocrx_word' id='word_1_472' title='bbox 418 3409 661 3466; x_wconf 66' lang='lat' dir='ltr'><strong>vicissun</strong></span> <span class='ocrx_word' id='word_1_473' title='bbox 697 3409 959 3478; x_wconf 87' lang='lat' dir='ltr'><strong>prodesse</strong></span> <span class='ocrx_word' id='word_1_474' title='bbox 995 3409 1198 3476; x_wconf 90' lang='lat' dir='ltr'><strong>possis.</strong></span> <span class='ocrx_word' id='word_1_475' title='bbox 1226 3406 1432 3462; x_wconf 87' lang='lat' dir='ltr'><strong>Deinde</strong></span> <span class='ocrx_word' id='word_1_476' title='bbox 1464 3405 1657 3460; x_wconf 85' lang='lat' dir='ltr'><strong>statuit</strong></span> <span class='ocrx_word' id='word_1_477' title='bbox 1699 3404 2014 3459; x_wconf 78' lang='lat' dir='ltr'><strong>Altissimus</strong></span> 
     </span>
    </p>
   </div>
   <div class='ocr_carea' id='block_1_67' title="bbox 2121 3376 3719 3478">
    <p class='ocr_par' dir='ltr' id='par_1_67' title="bbox 2127 3401 3719 3474">
     <span class='ocr_line' id='line_1_67' title="bbox 2127 3401 3719 3474; baseline 0 -20"><span class='ocrx_word' id='word_1_478' title='bbox 2127 3401 2398 3471; x_wconf 72' lang='grc' dir='ltr'>’Υψιστος</span> <span class='ocrx_word' id='word_1_479' title='bbox 2430 3401 2524 3455; x_wconf 80' lang='grc' dir='ltr'>τοῦ</span> <span class='ocrx_word' id='word_1_480' title='bbox 2560 3402 2936 3472; x_wconf 77' lang='grc' dir='ltr'>συστήσασθαι</span> <span class='ocrx_word' id='word_1_481' title='bbox 2988 3403 3082 3456; x_wconf 74' lang='grc' dir='ltr'><strong>τὸν</strong></span> <span class='ocrx_word' id='word_1_482' title='bbox 3119 3405 3344 3473; x_wconf 77' lang='grc' dir='ltr'>κόσμον,</span> <span class='ocrx_word' id='word_1_483' title='bbox 3393 3404 3488 3456; x_wconf 82' lang='grc' dir='ltr'>καὶ</span> <span class='ocrx_word' id='word_1_484' title='bbox 3525 3405 3719 3474; x_wconf 80' lang='grc' dir='ltr'>ἐλάλη-</span> 
     </span>
    </p>
   </div>
   <div class='ocr_carea' id='block_1_68' title="bbox 421 3496 2011 3570">
    <p class='ocr_par' dir='ltr' id='par_1_68' title="bbox 421 3496 2011 3570">
     <span class='ocr_line' id='line_1_68' title="bbox 421 3496 2011 3570; baseline -0.005 -14"><span class='ocrx_word' id='word_1_485' title='bbox 421 3512 479 3556; x_wconf 90' lang='lat' dir='ltr'><strong>et</strong></span> <span class='ocrx_word' id='word_1_486' title='bbox 531 3501 796 3554; x_wconf 89' lang='lat' dir='ltr'><strong>mundum</strong></span> <span class='ocrx_word' id='word_1_487' title='bbox 845 3501 1167 3569; x_wconf 86' lang='lat' dir='ltr'><strong>producere,</strong></span> <span class='ocrx_word' id='word_1_488' title='bbox 1231 3498 1479 3570; x_wconf 76' lang='lat' dir='ltr'><strong>dixitque</strong></span> <span class='ocrx_word' id='word_1_489' title='bbox 1514 3515 1528 3552; x_wconf 89' lang='lat'><strong>:</strong></span> <span class='ocrx_word' id='word_1_490' title='bbox 1563 3496 1722 3551; x_wconf 84' lang='lat' dir='ltr'><strong>Fiant</strong></span> <span class='ocrx_word' id='word_1_491' title='bbox 1788 3497 2011 3561; x_wconf 69' lang='lat' dir='ltr'><strong>sazcula,</strong></span> 
     </span>
    </p>
   </div>
   <div class='ocr_carea' id='block_1_69' title="bbox 418 3590 2010 3660">
    <p class='ocr_par' dir='ltr' id='par_1_69' title="bbox 418 3590 2010 3660">
     <span class='ocr_line' id='line_1_69' title="bbox 418 3590 2010 3660; baseline -0.004 -12"><span class='ocrx_word' id='word_1_492' title='bbox 418 3605 474 3648; x_wconf 86' lang='lat' dir='ltr'><strong>et</strong></span> <span class='ocrx_word' id='word_1_493' title='bbox 505 3593 768 3647; x_wconf 85' lang='lat' dir='ltr'><strong>continuo</strong></span> <span class='ocrx_word' id='word_1_494' title='bbox 806 3591 950 3647; x_wconf 78' lang='lat' dir='ltr'><strong>facta</strong></span> <span class='ocrx_word' id='word_1_495' title='bbox 973 3601 1122 3646; x_wconf 86' lang='lat' dir='ltr'><strong>sunt.</strong></span> <span class='ocrx_word' id='word_1_496' title='bbox 1146 3590 1391 3646; x_wconf 88' lang='lat' dir='ltr'><strong>Primum</strong></span> <span class='ocrx_word' id='word_1_497' title='bbox 1426 3592 1610 3660; x_wconf 86' lang='lat' dir='ltr'><strong>itaque</strong></span> <span class='ocrx_word' id='word_1_498' title='bbox 1655 3605 1814 3643; x_wconf 88' lang='lat' dir='ltr'><strong>suum</strong></span> <span class='ocrx_word' id='word_1_499' title='bbox 1858 3590 2010 3642; x_wconf 81' lang='lat' dir='ltr'><strong>locu-</strong></span> 
     </span>
    </p>
   </div>
   <div class='ocr_carea' id='block_1_70' title="bbox 421 3680 2013 3755">
    <p class='ocr_par' dir='ltr' id='par_1_70' title="bbox 421 3680 2013 3755">
     <span class='ocr_line' id='line_1_70' title="bbox 421 3680 2013 3755; baseline -0.005 -13"><span class='ocrx_word' id='word_1_500' title='bbox 421 3702 510 3744; x_wconf 87' lang='lat' dir='ltr'><strong>tus</strong></span> <span class='ocrx_word' id='word_1_501' title='bbox 565 3698 648 3743; x_wconf 87' lang='lat' dir='ltr'><strong>est</strong></span> <span class='ocrx_word' id='word_1_502' title='bbox 682 3685 944 3753; x_wconf 83' lang='lat' dir='ltr'><strong>Verbum,</strong></span> <span class='ocrx_word' id='word_1_503' title='bbox 1001 3695 1056 3740; x_wconf 87' lang='lat' dir='ltr'><strong>et</strong></span> <span class='ocrx_word' id='word_1_504' title='bbox 1093 3687 1196 3740; x_wconf 83' lang='lat' dir='ltr'><strong>lioc</strong></span> <span class='ocrx_word' id='word_1_505' title='bbox 1233 3685 1473 3755; x_wconf 82' lang='lat' dir='ltr'><strong>genitum</strong></span> <span class='ocrx_word' id='word_1_506' title='bbox 1510 3681 1736 3752; x_wconf 79' lang='lat' dir='ltr'><strong>perfecit</strong></span> <span class='ocrx_word' id='word_1_507' title='bbox 1769 3696 1906 3750; x_wconf 88' lang='lat' dir='ltr'><strong>opus</strong></span> <span class='ocrx_word' id='word_1_508' title='bbox 1932 3680 2013 3734; x_wconf 90' lang='lat' dir='ltr'><strong>in-</strong></span> 
     </span>
    </p>
   </div>
   <div class='ocr_carea' id='block_1_71' title="bbox 420 3773 2012 3847">
    <p class='ocr_par' dir='ltr' id='par_1_71' title="bbox 420 3773 2012 3847">
     <span class='ocr_line' id='line_1_71' title="bbox 420 3773 2012 3847; baseline -0.006 -13"><span class='ocrx_word' id='word_1_509' title='bbox 420 3789 628 3837; x_wconf 88' lang='lat' dir='ltr'><strong>tentum</strong></span> <span class='ocrx_word' id='word_1_510' title='bbox 681 3795 711 3833; x_wconf 88' lang='lat' dir='ltr'><strong>a</strong></span> <span class='ocrx_word' id='word_1_511' title='bbox 746 3777 926 3834; x_wconf 87' lang='lat' dir='ltr'><strong>Patre.</strong></span> <span class='ocrx_word' id='word_1_512' title='bbox 986 3781 1165 3847; x_wconf 79' lang='lat' dir='ltr'><strong>Atque</strong></span> <span class='ocrx_word' id='word_1_513' title='bbox 1219 3779 1323 3831; x_wconf 85' lang='lat' dir='ltr'><strong>hoc</strong></span> <span class='ocrx_word' id='word_1_514' title='bbox 1385 3774 1522 3829; x_wconf 88' lang='lat' dir='ltr'><strong>illud</strong></span> <span class='ocrx_word' id='word_1_515' title='bbox 1603 3773 1842 3829; x_wconf 88' lang='lat' dir='ltr'><strong>Verbum</strong></span> <span class='ocrx_word' id='word_1_516' title='bbox 1893 3781 2012 3834; x_wconf 85' lang='lat' dir='ltr'><strong>est,</strong></span> 
     </span>
    </p>
   </div>
   <div class='ocr_carea' id='block_1_72' title="bbox 417 3865 2014 3942">
    <p class='ocr_par' dir='ltr' id='par_1_72' title="bbox 417 3865 2014 3942">
     <span class='ocr_line' id='line_1_72' title="bbox 417 3865 2014 3942; baseline -0.004 -15"><span class='ocrx_word' id='word_1_517' title='bbox 417 3874 563 3942; x_wconf 81' lang='lat' dir='ltr'><strong>quod</strong></span> <span class='ocrx_word' id='word_1_518' title='bbox 597 3880 725 3926; x_wconf 89' lang='lat' dir='ltr'><strong>ante</strong></span> <span class='ocrx_word' id='word_1_519' title='bbox 753 3871 938 3924; x_wconf 84' lang='lat' dir='ltr'><strong>omnia</strong></span> <span class='ocrx_word' id='word_1_520' title='bbox 965 3870 1166 3925; x_wconf 74' lang='lat' dir='ltr'><strong>saecula</strong></span> <span class='ocrx_word' id='word_1_521' title='bbox 1195 3868 1333 3924; x_wconf 88' lang='lat' dir='ltr'><strong>citra</strong></span> <span class='ocrx_word' id='word_1_522' title='bbox 1350 3866 1759 3936; x_wconf 83' lang='lat' dir='ltr'><strong>corruptionem</strong></span> <span class='ocrx_word' id='word_1_523' title='bbox 1789 3874 1884 3919; x_wconf 91' lang='lat' dir='ltr'><strong>aut</strong></span> <span class='ocrx_word' id='word_1_524' title='bbox 1909 3865 2014 3920; x_wconf 65' lang='lat' dir='ltr'><strong>imv</strong></span> 
     </span>
    </p>
   </div>
   <div class='ocr_carea' id='block_1_73' title="bbox 421 3960 2018 4032">
    <p class='ocr_par' dir='ltr' id='par_1_73' title="bbox 421 3960 2018 4032">
     <span class='ocr_line' id='line_1_73' title="bbox 421 3960 2018 4032; baseline -0.004 -14"><span class='ocrx_word' id='word_1_525' title='bbox 421 3966 782 4019; x_wconf 77' lang='lat' dir='ltr'><strong>mutationem</strong></span> <span class='ocrx_word' id='word_1_526' title='bbox 830 3963 917 4018; x_wconf 91' lang='lat' dir='ltr'><strong>sui</strong></span> <span class='ocrx_word' id='word_1_527' title='bbox 979 3961 1142 4017; x_wconf 80' lang='lat' dir='ltr'><strong>Pater</strong></span> <span class='ocrx_word' id='word_1_528' title='bbox 1165 3964 1498 4032; x_wconf 81' lang='lat' dir='ltr'><strong>progenuit:</strong></span> <span class='ocrx_word' id='word_1_529' title='bbox 1527 3961 1580 4014; x_wconf 89' lang='lat' dir='ltr'><strong>id</strong></span> <span class='ocrx_word' id='word_1_530' title='bbox 1622 3960 1762 4028; x_wconf 91' lang='lat' dir='ltr'><strong>quod</strong></span> <span class='ocrx_word' id='word_1_531' title='bbox 1788 3974 2018 4028; x_wconf 78' lang='lat' dir='ltr'><strong>genera-</strong></span> 
     </span>
    </p>
   </div>
   <div class='ocr_carea' id='block_1_74' title="bbox 422 4052 2017 4125">
    <p class='ocr_par' dir='ltr' id='par_1_74' title="bbox 422 4052 2017 4125">
     <span class='ocr_line' id='line_1_74' title="bbox 422 4052 2017 4125; baseline -0.001 -16"><span class='ocrx_word' id='word_1_532' title='bbox 422 4057 497 4110; x_wconf 90' lang='lat' dir='ltr'><strong>tio</strong></span> <span class='ocrx_word' id='word_1_533' title='bbox 543 4054 637 4109; x_wconf 86' lang='lat' dir='ltr'><strong>Dei</strong></span> <span class='ocrx_word' id='word_1_534' title='bbox 683 4053 844 4109; x_wconf 84' lang='lat' dir='ltr'><strong>Verbi</strong></span> <span class='ocrx_word' id='word_1_535' title='bbox 899 4055 1227 4125; x_wconf 78' lang='lat' dir='ltr'><strong>appellatur.</strong></span> <span class='ocrx_word' id='word_1_536' title='bbox 1258 4052 1394 4108; x_wconf 88' lang='lat' dir='ltr'><strong>Cum</strong></span> <span class='ocrx_word' id='word_1_537' title='bbox 1421 4055 1593 4122; x_wconf 73' lang='lat' dir='ltr'><strong>igitur</strong></span> <span class='ocrx_word' id='word_1_538' title='bbox 1643 4052 1887 4122; x_wconf 74' lang='lat' dir='ltr'><strong>genitum</strong></span> <span class='ocrx_word' id='word_1_539' title='bbox 1923 4067 2017 4107; x_wconf 89' lang='lat' dir='ltr'><strong>cs-</strong></span> 
     </span>
    </p>
   </div>
   <div class='ocr_carea' id='block_1_75' title="bbox 418 4141 2020 4211">
    <p class='ocr_par' dir='ltr' id='par_1_75' title="bbox 418 4141 2020 4211">
     <span class='ocr_line' id='line_1_75' title="bbox 418 4141 2020 4211; baseline -0.004 -10"><span class='ocrx_word' id='word_1_540' title='bbox 418 4157 504 4201; x_wconf 86' lang='lat' dir='ltr'><strong>set</strong></span> <span class='ocrx_word' id='word_1_541' title='bbox 551 4161 618 4200; x_wconf 80' lang='lat' dir='ltr'><strong>ex</strong></span> <span class='ocrx_word' id='word_1_542' title='bbox 665 4145 776 4200; x_wconf 88' lang='lat' dir='ltr'><strong>Deo</strong></span> <span class='ocrx_word' id='word_1_543' title='bbox 841 4147 1003 4201; x_wconf 63' lang='lat' dir='ltr'><strong>Vatre</strong></span> <span class='ocrx_word' id='word_1_544' title='bbox 1073 4144 1336 4208; x_wconf 74' lang='lat' dir='ltr'><strong>Verbum,</strong></span> <span class='ocrx_word' id='word_1_545' title='bbox 1366 4144 1726 4199; x_wconf 80' lang='lat' dir='ltr'><strong>constitutum</strong></span> <span class='ocrx_word' id='word_1_546' title='bbox 1761 4153 1846 4198; x_wconf 84' lang='lat' dir='ltr'><strong>est</strong></span> <span class='ocrx_word' id='word_1_547' title='bbox 1905 4141 2020 4211; x_wconf 87' lang='lat' dir='ltr'><strong>pri-</strong></span> 
     </span>
    </p>
   </div>
   <div class='ocr_carea' id='block_1_76' title="bbox 423 4237 2021 4307">
    <p class='ocr_par' dir='ltr' id='par_1_76' title="bbox 423 4237 2021 4307">
     <span class='ocr_line' id='line_1_76' title="bbox 423 4237 2021 4307; baseline -0.002 -13"><span class='ocrx_word' id='word_1_548' title='bbox 423 4256 573 4294; x_wconf 77' lang='lat' dir='ltr'><strong>mtun</strong></span> <span class='ocrx_word' id='word_1_549' title='bbox 611 4247 797 4295; x_wconf 60' lang='lat' dir='ltr'><strong>rerut&#39;t</strong></span> <span class='ocrx_word' id='word_1_550' title='bbox 821 4249 1141 4294; x_wconf 65' lang='lat' dir='ltr'><strong>eaeterarum</strong></span> <span class='ocrx_word' id='word_1_551' title='bbox 1171 4237 1528 4307; x_wconf 79' lang='lat' dir='ltr'><strong>principium,</strong></span> <span class='ocrx_word' id='word_1_552' title='bbox 1579 4238 1726 4307; x_wconf 87' lang='lat' dir='ltr'><strong>quod</strong></span> <span class='ocrx_word' id='word_1_553' title='bbox 1751 4238 1806 4291; x_wconf 88' lang='lat' dir='ltr'><strong>in</strong></span> <span class='ocrx_word' id='word_1_554' title='bbox 1839 4239 2021 4306; x_wconf 83' lang='lat' dir='ltr'><strong>seipse</strong></span> 
     </span>
    </p>
   </div>
   <div class='ocr_carea' id='block_1_77' title="bbox 425 4328 2025 4398">
    <p class='ocr_par' dir='ltr' id='par_1_77' title="bbox 425 4328 2025 4398">
     <span class='ocr_line' id='line_1_77' title="bbox 425 4328 2025 4398; baseline 0 -16"><span class='ocrx_word' id='word_1_555' title='bbox 425 4331 666 4384; x_wconf 85' lang='lat' dir='ltr'><strong>tundans</strong></span> <span class='ocrx_word' id='word_1_556' title='bbox 703 4331 899 4386; x_wconf 59' lang='lat' dir='ltr'><strong>secula</strong></span> <span class='ocrx_word' id='word_1_557' title='bbox 921 4343 1208 4398; x_wconf 84' lang='lat' dir='ltr'><strong>nunquam</strong></span> <span class='ocrx_word' id='word_1_558' title='bbox 1239 4328 1604 4395; x_wconf 61' lang='lat' dir='ltr'><strong>tert‘ninanda,</strong></span> <span class='ocrx_word' id='word_1_559' title='bbox 1648 4337 1824 4383; x_wconf 76' lang='lat' dir='ltr'><strong>totum</strong></span> <span class='ocrx_word' id='word_1_560' title='bbox 1869 4342 2025 4383; x_wconf 83' lang='lat' dir='ltr'><strong>crea-</strong></span> 
     </span>
    </p>
   </div>
   <div class='ocr_carea' id='block_1_78' title="bbox 421 4419 2025 4491">
    <p class='ocr_par' dir='ltr' id='par_1_78' title="bbox 421 4419 2025 4491">
     <span class='ocr_line' id='line_1_78' title="bbox 421 4419 2025 4491; baseline -0.001 -16"><span class='ocrx_word' id='word_1_561' title='bbox 421 4421 589 4475; x_wconf 84' lang='lat' dir='ltr'><strong>tionis</strong></span> <span class='ocrx_word' id='word_1_562' title='bbox 641 4437 781 4490; x_wconf 78' lang='lat' dir='ltr'><strong>opus</strong></span> <span class='ocrx_word' id='word_1_563' title='bbox 813 4420 880 4475; x_wconf 84' lang='lat' dir='ltr'><strong>ad</strong></span> <span class='ocrx_word' id='word_1_564' title='bbox 931 4421 1094 4474; x_wconf 83' lang='lat' dir='ltr'><strong>ﬁnem</strong></span> <span class='ocrx_word' id='word_1_565' title='bbox 1121 4419 1404 4488; x_wconf 78' lang='lat' dir='ltr'><strong>perduxit.</strong></span> <span class='ocrx_word' id='word_1_566' title='bbox 1453 4419 1552 4475; x_wconf 85' lang='lat' dir='ltr'><strong>Est</strong></span> <span class='ocrx_word' id='word_1_567' title='bbox 1589 4420 1774 4491; x_wconf 86' lang='lat' dir='ltr'><strong>itaque</strong></span> <span class='ocrx_word' id='word_1_568' title='bbox 1826 4419 2025 4474; x_wconf 79' lang='lat' dir='ltr'><strong>funda-</strong></span> 
     </span>
    </p>
   </div>
   <div class='ocr_carea' id='block_1_79' title="bbox 2124 3492 3717 3564">
    <p class='ocr_par' dir='ltr' id='par_1_79' title="bbox 2124 3492 3717 3564">
     <span class='ocr_line' id='line_1_79' title="bbox 2124 3492 3717 3564; baseline 0.001 -19"><span class='ocrx_word' id='word_1_569' title='bbox 2124 3510 2220 3546; x_wconf 85' lang='grc' dir='ltr'><strong>σεν</strong></span> <span class='ocrx_word' id='word_1_570' title='bbox 2256 3508 2270 3522; x_wconf 80' lang='grc'>⁸</span> <span class='ocrx_word' id='word_1_571' title='bbox 2303 3493 2703 3562; x_wconf 85' lang='grc' dir='ltr'>Γενηθήτωσαν</span> <span class='ocrx_word' id='word_1_572' title='bbox 2731 3492 2933 3556; x_wconf 80' lang='grc' dir='ltr'>αἰῶνες</span> <span class='ocrx_word' id='word_1_573' title='bbox 2966 3510 2982 3525; x_wconf 90' lang='grc'><strong>·</strong></span> <span class='ocrx_word' id='word_1_574' title='bbox 3039 3494 3134 3546; x_wconf 81' lang='grc' dir='ltr'>καὶ</span> <span class='ocrx_word' id='word_1_575' title='bbox 3172 3493 3519 3564; x_wconf 80' lang='grc' dir='ltr'>παραχρῆμα</span> <span class='ocrx_word' id='word_1_576' title='bbox 3547 3497 3717 3564; x_wconf 74' lang='grc' dir='ltr'>παρὲο</span> 
     </span>
    </p>
   </div>
   <div class='ocr_carea' id='block_1_80' title="bbox 2123 3581 3717 3656">
    <p class='ocr_par' dir='ltr' id='par_1_80' title="bbox 2123 3581 3717 3656">
     <span class='ocr_line' id='line_1_80' title="bbox 2123 3581 3717 3656; baseline -0.001 -17"><span class='ocrx_word' id='word_1_577' title='bbox 2123 3599 2353 3656; x_wconf 85' lang='grc' dir='ltr'>στησαν.</span> <span class='ocrx_word' id='word_1_578' title='bbox 2384 3586 2609 3655; x_wconf 82' lang='grc' dir='ltr'>Πρῶτον</span> <span class='ocrx_word' id='word_1_579' title='bbox 2667 3581 2789 3637; x_wconf 81' lang='grc' dir='ltr'>εἷπε</span> <span class='ocrx_word' id='word_1_580' title='bbox 2824 3585 2915 3639; x_wconf 73' lang='grc' dir='ltr'><strong>τὸν</strong></span> <span class='ocrx_word' id='word_1_581' title='bbox 2945 3585 3145 3652; x_wconf 82' lang='grc' dir='ltr'>Λόγον,</span> <span class='ocrx_word' id='word_1_582' title='bbox 3180 3591 3276 3638; x_wconf 79' lang='grc' dir='ltr'>καὶ</span> <span class='ocrx_word' id='word_1_583' title='bbox 3318 3586 3624 3656; x_wconf 79' lang='grc' dir='ltr'>γεννηθεὶς,</span> <span class='ocrx_word' id='word_1_584' title='bbox 3655 3588 3717 3638; x_wconf 86' lang='grc' dir='ltr'><strong>τὸ</strong></span> 
     </span>
    </p>
   </div>
   <div class='ocr_carea' id='block_1_81' title="bbox 2119 3678 3717 3753">
    <p class='ocr_par' dir='ltr' id='par_1_81' title="bbox 2119 3678 3717 3753">
     <span class='ocr_line' id='line_1_81' title="bbox 2119 3678 3717 3753; baseline 0.002 -21"><span class='ocrx_word' id='word_1_585' title='bbox 2119 3681 2283 3753; x_wconf 83' lang='grc' dir='ltr'>ἔργον</span> <span class='ocrx_word' id='word_1_586' title='bbox 2337 3682 2697 3736; x_wconf 77' lang='grc' dir='ltr'>ἐτελείωσενο</span> <span class='ocrx_word' id='word_1_587' title='bbox 2727 3678 2884 3745; x_wconf 83' lang='grc' dir='ltr'>οὗτος</span> <span class='ocrx_word' id='word_1_588' title='bbox 2938 3683 2998 3734; x_wconf 83' lang='grc' dir='ltr'>δέ</span> <span class='ocrx_word' id='word_1_589' title='bbox 3057 3685 3206 3736; x_wconf 81' lang='grc' dir='ltr'>ἐστιν</span> <span class='ocrx_word' id='word_1_590' title='bbox 3257 3685 3284 3736; x_wconf 98' lang='lat'><strong>6</strong></span> <span class='ocrx_word' id='word_1_591' title='bbox 3331 3684 3574 3750; x_wconf 79' lang='grc' dir='ltr'>Λόγος,ὁ</span> <span class='ocrx_word' id='word_1_592' title='bbox 3609 3683 3717 3753; x_wconf 70' lang='grc' dir='ltr'><strong>πρὸ</strong></span> 
     </span>
    </p>
   </div>
   <div class='ocr_carea' id='block_1_82' title="bbox 2123 3773 3721 3848">
    <p class='ocr_par' dir='ltr' id='par_1_82' title="bbox 2123 3773 3721 3848">
     <span class='ocr_line' id='line_1_82' title="bbox 2123 3773 3721 3848; baseline 0 -20"><span class='ocrx_word' id='word_1_593' title='bbox 2123 3773 2337 3828; x_wconf 74' lang='grc' dir='ltr'>αἰώνων</span> <span class='ocrx_word' id='word_1_594' title='bbox 2387 3774 2451 3828; x_wconf 73' lang='grc' dir='ltr'>ὲκ</span> <span class='ocrx_word' id='word_1_595' title='bbox 2486 3774 2580 3828; x_wconf 74' lang='grc' dir='ltr'>τοῦ</span> <span class='ocrx_word' id='word_1_596' title='bbox 2618 3775 2834 3846; x_wconf 75' lang='grc' dir='ltr'>Πατρὸς</span> <span class='ocrx_word' id='word_1_597' title='bbox 2868 3775 3154 3845; x_wconf 62' lang='grc' dir='ltr'>γεννηθεὶς</span> <span class='ocrx_word' id='word_1_598' title='bbox 3179 3777 3494 3848; x_wconf 75' lang='grc' dir='ltr'>ἀῤῥεύστως</span> <span class='ocrx_word' id='word_1_599' title='bbox 3523 3795 3534 3807; x_wconf 91' lang='grc'><strong>·</strong></span> <span class='ocrx_word' id='word_1_600' title='bbox 3561 3791 3721 3828; x_wconf 69' lang='grc' dir='ltr'>τουτο</span> 
     </span>
    </p>
   </div>
   <div class='ocr_carea' id='block_1_83' title="bbox 2125 3864 3716 3936">
    <p class='ocr_par' dir='ltr' id='par_1_83' title="bbox 2125 3864 3716 3936">
     <span class='ocr_line' id='line_1_83' title="bbox 2125 3864 3716 3936; baseline 0.001 -19"><span class='ocrx_word' id='word_1_601' title='bbox 2125 3864 2183 3917; x_wconf 77' lang='grc' dir='ltr'>δὲ</span> <span class='ocrx_word' id='word_1_602' title='bbox 2216 3864 2436 3933; x_wconf 78' lang='grc' dir='ltr'>λέγεται</span> <span class='ocrx_word' id='word_1_603' title='bbox 2466 3867 2499 3936; x_wconf 79' lang='grc' dir='ltr'>ἡ</span> <span class='ocrx_word' id='word_1_604' title='bbox 2522 3865 2780 3936; x_wconf 86' lang='grc' dir='ltr'>γέννησις</span> <span class='ocrx_word' id='word_1_605' title='bbox 2801 3866 2895 3919; x_wconf 79' lang='grc' dir='ltr'>τοῦ</span> <span class='ocrx_word' id='word_1_606' title='bbox 2929 3864 3062 3918; x_wconf 75' lang='grc' dir='ltr'>Θεοῦ</span> <span class='ocrx_word' id='word_1_607' title='bbox 3090 3869 3288 3935; x_wconf 69' lang='grc' dir='ltr'>Λόγου.</span> <span class='ocrx_word' id='word_1_608' title='bbox 3324 3867 3493 3920; x_wconf 69' lang='grc' dir='ltr'>Ὅταν</span> <span class='ocrx_word' id='word_1_609' title='bbox 3517 3884 3716 3934; x_wconf 72' lang='grc' dir='ltr'>γεννη-</span> 
     </span>
    </p>
   </div>
   <div class='ocr_carea' id='block_1_84' title="bbox 2127 3954 3717 4029">
    <p class='ocr_par' dir='ltr' id='par_1_84' title="bbox 2127 3954 3717 4029">
     <span class='ocr_line' id='line_1_84' title="bbox 2127 3954 3717 4029; baseline 0.002 -22"><span class='ocrx_word' id='word_1_610' title='bbox 2127 3954 2242 4019; x_wconf 75' lang='grc' dir='ltr'>θεὶς</span> <span class='ocrx_word' id='word_1_611' title='bbox 2270 3959 2335 4010; x_wconf 83' lang='grc' dir='ltr'>ὲκ</span> <span class='ocrx_word' id='word_1_612' title='bbox 2372 3955 2466 4010; x_wconf 76' lang='grc' dir='ltr'>τοῦ</span> <span class='ocrx_word' id='word_1_613' title='bbox 2503 3957 2640 4009; x_wconf 79' lang='grc' dir='ltr'>Θεοῦ</span> <span class='ocrx_word' id='word_1_614' title='bbox 2689 3957 2784 4009; x_wconf 77' lang='grc' dir='ltr'><strong>καὶ</strong></span> <span class='ocrx_word' id='word_1_615' title='bbox 2824 3959 3039 4027; x_wconf 75' lang='grc' dir='ltr'>[ἰατρὸς</span> <span class='ocrx_word' id='word_1_616' title='bbox 3080 3959 3298 4028; x_wconf 86' lang='grc' dir='ltr'>πρῶτον</span> <span class='ocrx_word' id='word_1_617' title='bbox 3332 3960 3492 4029; x_wconf 77' lang='grc' dir='ltr'>ἐτέθη</span> <span class='ocrx_word' id='word_1_618' title='bbox 3549 3959 3717 4028; x_wconf 79' lang='grc' dir='ltr'>θεμέ-</span> 
     </span>
    </p>
   </div>
   <div class='ocr_carea' id='block_1_85' title="bbox 2126 4046 3720 4119">
    <p class='ocr_par' dir='ltr' id='par_1_85' title="bbox 2126 4046 3720 4119">
     <span class='ocr_line' id='line_1_85' title="bbox 2126 4046 3720 4119; baseline 0.002 -20"><span class='ocrx_word' id='word_1_619' title='bbox 2126 4046 2268 4112; x_wconf 88' lang='grc' dir='ltr'>λιον,</span> <span class='ocrx_word' id='word_1_620' title='bbox 2306 4047 2403 4101; x_wconf 74' lang='grc' dir='ltr'>καὶ</span> <span class='ocrx_word' id='word_1_621' title='bbox 2439 4048 2500 4101; x_wconf 84' lang='grc' dir='ltr'><strong>τὸ</strong></span> <span class='ocrx_word' id='word_1_622' title='bbox 2551 4048 2860 4119; x_wconf 76' lang='grc' dir='ltr'>τηνικαῦτα</span> <span class='ocrx_word' id='word_1_623' title='bbox 2891 4052 2978 4118; x_wconf 78' lang='grc' dir='ltr'><strong>ἐφ’</strong></span> <span class='ocrx_word' id='word_1_624' title='bbox 3009 4051 3190 4119; x_wconf 79' lang='grc' dir='ltr'>ἑαυτῷ</span> <span class='ocrx_word' id='word_1_625' title='bbox 3221 4050 3346 4113; x_wconf 82' lang='grc' dir='ltr'>τοὺς</span> <span class='ocrx_word' id='word_1_626' title='bbox 3373 4053 3720 4116; x_wconf 77' lang='grc' dir='ltr'>ἀπεράντους</span> 
     </span>
    </p>
   </div>
   <div class='ocr_carea' id='block_1_86' title="bbox 2127 4139 3720 4211">
    <p class='ocr_par' dir='ltr' id='par_1_86' title="bbox 2127 4139 3720 4211">
     <span class='ocr_line' id='line_1_86' title="bbox 2127 4139 3720 4211; baseline 0 -19"><span class='ocrx_word' id='word_1_627' title='bbox 2127 4139 2336 4201; x_wconf 81' lang='grc' dir='ltr'>αἰῶνας</span> <span class='ocrx_word' id='word_1_628' title='bbox 2400 4139 2659 4210; x_wconf 81' lang='grc' dir='ltr'>ἑδράσας,</span> <span class='ocrx_word' id='word_1_629' title='bbox 2709 4141 3187 4211; x_wconf 82' lang='grc' dir='ltr'>ὲτελειούργησεν.</span> <span class='ocrx_word' id='word_1_630' title='bbox 3229 4143 3426 4194; x_wconf 78' lang='grc' dir='ltr'>Κείται</span> <span class='ocrx_word' id='word_1_631' title='bbox 3481 4140 3573 4193; x_wconf 75' lang='grc' dir='ltr'><strong>οὖν</strong></span> <span class='ocrx_word' id='word_1_632' title='bbox 3625 4144 3720 4193; x_wconf 71' lang='grc' dir='ltr'><strong>καὶ</strong></span> 
     </span>
    </p>
   </div>
   <div class='ocr_carea' id='block_1_87' title="bbox 2135 4227 3718 4304">
    <p class='ocr_par' dir='ltr' id='par_1_87' title="bbox 2135 4227 3718 4304">
     <span class='ocr_line' id='line_1_87' title="bbox 2135 4227 3718 4304; baseline -0.001 -19"><span class='ocrx_word' id='word_1_633' title='bbox 2135 4233 2414 4303; x_wconf 80' lang='grc' dir='ltr'>θεμέλιος,</span> <span class='ocrx_word' id='word_1_634' title='bbox 2441 4235 2499 4285; x_wconf 81' lang='grc' dir='ltr'><strong>ὲν</strong></span> <span class='ocrx_word' id='word_1_635' title='bbox 2606 4235 2867 4303; x_wconf 77' lang='grc' dir='ltr'>καὶπρὸς</span> <span class='ocrx_word' id='word_1_636' title='bbox 2893 4238 2989 4286; x_wconf 74' lang='grc' dir='ltr'><strong>τὸν</strong></span> <span class='ocrx_word' id='word_1_637' title='bbox 3021 4236 3243 4304; x_wconf 77' lang='grc' dir='ltr'>Πατέρα</span> <span class='ocrx_word' id='word_1_638' title='bbox 3278 4237 3305 4286; x_wconf 92' lang='lat'><strong>6</strong></span> <span class='ocrx_word' id='word_1_639' title='bbox 3340 4235 3511 4300; x_wconf 71' lang='grc' dir='ltr'>Λόγος</span> <span class='ocrx_word' id='word_1_640' title='bbox 3542 4227 3718 4296; x_wconf 53' lang='grc' dir='ltr'>οὕτως,</span> 
     </span>
    </p>
   </div>
   <div class='ocr_carea' id='block_1_88' title="bbox 2131 4325 3722 4399">
    <p class='ocr_par' dir='ltr' id='par_1_88' title="bbox 2131 4325 3722 4399">
     <span class='ocr_line' id='line_1_88' title="bbox 2131 4325 3722 4399; baseline -0.001 -21"><span class='ocrx_word' id='word_1_641' title='bbox 2131 4327 2272 4378; x_wconf 63' lang='grc' dir='ltr'><strong>ὀὲν-τ’</strong></span> <span class='ocrx_word' id='word_1_642' title='bbox 2301 4327 2550 4397; x_wconf 79' lang='grc' dir='ltr'>ἐσχάτων</span> <span class='ocrx_word' id='word_1_643' title='bbox 2611 4325 2680 4379; x_wconf 87' lang='grc' dir='ltr'>δι’</span> <span class='ocrx_word' id='word_1_644' title='bbox 2732 4329 2882 4398; x_wconf 68' lang='grc' dir='ltr'>ἡμᾶς</span> <span class='ocrx_word' id='word_1_645' title='bbox 2915 4330 2979 4380; x_wconf 84' lang='grc' dir='ltr'>ὲκ</span> <span class='ocrx_word' id='word_1_646' title='bbox 3029 4328 3127 4399; x_wconf 74' lang='grc' dir='ltr'>τῆς</span> <span class='ocrx_word' id='word_1_647' title='bbox 3175 4327 3452 4398; x_wconf 67' lang='grc' dir='ltr'>Παρθένου</span> <span class='ocrx_word' id='word_1_648' title='bbox 3501 4328 3722 4395; x_wconf 75' lang='grc' dir='ltr'>Μαρίας</span> 
     </span>
    </p>
   </div>
   <div class='ocr_carea' id='block_1_89' title="bbox 2131 4420 2768 4490">
    <p class='ocr_par' dir='ltr' id='par_1_89' title="bbox 2131 4420 2768 4490">
     <span class='ocr_line' id='line_1_89' title="bbox 2131 4420 2768 4490; baseline 0.003 -17"><span class='ocrx_word' id='word_1_649' title='bbox 2131 4420 2427 4490; x_wconf 84' lang='grc' dir='ltr'>γενόμενος</span> <span class='ocrx_word' id='word_1_650' title='bbox 2451 4420 2552 4474; x_wconf 83' lang='grc' dir='ltr'>ἄνθ</span> <span class='ocrx_word' id='word_1_651' title='bbox 2559 4438 2768 4490; x_wconf 82' lang='grc' dir='ltr'>ρωπος.</span> 
     </span>
    </p>
   </div>
   <div class='ocr_carea' id='block_1_90' title="bbox 423 4514 3720 4588">
    <p class='ocr_par' dir='ltr' id='par_1_90' title="bbox 423 4514 3720 4588">
     <span class='ocr_line' id='line_1_90' title="bbox 423 4514 3720 4588; baseline 0.001 -18"><span class='ocrx_word' id='word_1_652' title='bbox 423 4526 666 4572; x_wconf 86' lang='lat' dir='ltr'><strong>mentum</strong></span> <span class='ocrx_word' id='word_1_653' title='bbox 724 4518 778 4570; x_wconf 92' lang='lat' dir='ltr'><strong>in</strong></span> <span class='ocrx_word' id='word_1_654' title='bbox 843 4517 1042 4580; x_wconf 86' lang='lat' dir='ltr'><strong>Verbo,</strong></span> <span class='ocrx_word' id='word_1_655' title='bbox 1107 4526 1162 4572; x_wconf 89' lang='lat' dir='ltr'><strong>et</strong></span> <span class='ocrx_word' id='word_1_656' title='bbox 1223 4514 1461 4572; x_wconf 87' lang='lat' dir='ltr'><strong>Verbum</strong></span> <span class='ocrx_word' id='word_1_657' title='bbox 1523 4518 1666 4586; x_wconf 89' lang='lat' dir='ltr'><strong>apud</strong></span> <span class='ocrx_word' id='word_1_658' title='bbox 1754 4516 2022 4583; x_wconf 76' lang='lat' dir='ltr'><strong>Patrem;</strong></span> <span class='ocrx_word' id='word_1_659' title='bbox 2063 4520 2212 4588; x_wconf 89' lang='lat' dir='ltr'><strong>quod</strong></span> <span class='ocrx_word' id='word_1_660' title='bbox 2253 4517 2308 4572; x_wconf 91' lang='lat' dir='ltr'><strong>in</strong></span> <span class='ocrx_word' id='word_1_661' title='bbox 2367 4518 2474 4574; x_wconf 80' lang='lat' dir='ltr'><strong>ﬁne</strong></span> <span class='ocrx_word' id='word_1_662' title='bbox 2522 4521 2741 4574; x_wconf 85' lang='lat' dir='ltr'><strong>tandem</strong></span> <span class='ocrx_word' id='word_1_663' title='bbox 2769 4519 3098 4574; x_wconf 65' lang='lat' dir='ltr'><strong>saeculorum</strong></span> <span class='ocrx_word' id='word_1_664' title='bbox 3133 4519 3329 4574; x_wconf 88' lang='lat' dir='ltr'><strong>salutis</strong></span> <span class='ocrx_word' id='word_1_665' title='bbox 3353 4530 3556 4573; x_wconf 63' lang='lat' dir='ltr'><strong>nostra:</strong></span> <span class='ocrx_word' id='word_1_666' title='bbox 3584 4534 3720 4573; x_wconf 68' lang='grc' dir='ltr'>ωυο</span> 
     </span>
    </p>
   </div>
   <div class='ocr_carea' id='block_1_91' title="bbox 423 4611 2147 4684">
    <p class='ocr_par' dir='ltr' id='par_1_91' title="bbox 423 4611 2147 4684">
     <span class='ocr_line' id='line_1_91' title="bbox 423 4611 2147 4684; baseline 0.003 -18"><span class='ocrx_word' id='word_1_667' title='bbox 423 4627 486 4666; x_wconf 86' lang='lat' dir='ltr'><strong>sa</strong></span> <span class='ocrx_word' id='word_1_668' title='bbox 549 4626 616 4667; x_wconf 80' lang='lat' dir='ltr'><strong>ex</strong></span> <span class='ocrx_word' id='word_1_669' title='bbox 672 4611 843 4665; x_wconf 84' lang='lat' dir='ltr'><strong>Maria</strong></span> <span class='ocrx_word' id='word_1_670' title='bbox 899 4612 1121 4682; x_wconf 80' lang='lat' dir='ltr'><strong>Virgine</strong></span> <span class='ocrx_word' id='word_1_671' title='bbox 1179 4614 1472 4668; x_wconf 86' lang='lat' dir='ltr'><strong>humanam</strong></span> <span class='ocrx_word' id='word_1_672' title='bbox 1511 4615 1812 4684; x_wconf 89' lang='lat' dir='ltr'><strong>assumpsit</strong></span> <span class='ocrx_word' id='word_1_673' title='bbox 1867 4625 2147 4672; x_wconf 88' lang='lat' dir='ltr'><strong>naturam.</strong></span> 
     </span>
    </p>
   </div>
   <div class='ocr_carea' id='block_1_92' title="bbox 496 4707 2014 4784">
    <p class='ocr_par' dir='ltr' id='par_1_92' title="bbox 496 4707 2014 4782">
     <span class='ocr_line' id='line_1_92' title="bbox 496 4707 2014 4782; baseline 0.003 -21"><span class='ocrx_word' id='word_1_674' title='bbox 496 4707 621 4762; x_wconf 79' lang='lat' dir='ltr'><strong>l58.</strong></span> <span class='ocrx_word' id='word_1_675' title='bbox 692 4707 929 4763; x_wconf 78' lang='lat' dir='ltr'><strong>Rursum</strong></span> <span class='ocrx_word' id='word_1_676' title='bbox 991 4707 1546 4780; x_wconf 79' lang='lat' dir='ltr'><strong>EpiplianiuszNunc</strong></span> <span class='ocrx_word' id='word_1_677' title='bbox 1599 4712 1782 4778; x_wconf 88' lang='lat' dir='ltr'><strong>velim,</strong></span> <span class='ocrx_word' id='word_1_678' title='bbox 1819 4713 2014 4782; x_wconf 89' lang='lat' dir='ltr'><strong>inquit,</strong></span> 
     </span>
    </p>
   </div>
   <div class='ocr_carea' id='block_1_93' title="bbox 2121 4707 3719 4784">
    <p class='ocr_par' dir='ltr' id='par_1_93' title="bbox 2197 4707 3719 4784">
     <span class='ocr_line' id='line_1_93' title="bbox 2197 4707 3719 4784; baseline 0.001 -20"><span class='ocrx_word' id='word_1_679' title='bbox 2197 4711 2334 4784; x_wconf 81' lang='grc' dir='ltr'>ρνη’.</span> <span class='ocrx_word' id='word_1_680' title='bbox 2379 4711 2699 4780; x_wconf 79' lang='grc' dir='ltr'>Ἐπιφάνιος</span> <span class='ocrx_word' id='word_1_681' title='bbox 2719 4707 2877 4766; x_wconf 83' lang='grc' dir='ltr'>εἶπεν</span> <span class='ocrx_word' id='word_1_682' title='bbox 2912 4730 2925 4745; x_wconf 79' lang='grc' dir='ltr'><strong>ο</strong></span> <span class='ocrx_word' id='word_1_683' title='bbox 2963 4711 3280 4783; x_wconf 77' lang='grc' dir='ltr'>Παχύτερὸν</span> <span class='ocrx_word' id='word_1_684' title='bbox 3315 4731 3404 4783; x_wconf 89' lang='grc' dir='ltr'><strong>μοι</strong></span> <span class='ocrx_word' id='word_1_685' title='bbox 3436 4712 3611 4780; x_wconf 77' lang='grc' dir='ltr'>λέξον,</span> <span class='ocrx_word' id='word_1_686' title='bbox 3632 4713 3719 4774; x_wconf 80' lang='grc' dir='ltr'><strong>τίς</strong></span> 
     </span>
    </p>
   </div>
   <div class='ocr_carea' id='block_1_94' title="bbox 423 4800 2020 4874">
    <p class='ocr_par' dir='ltr' id='par_1_94' title="bbox 423 4800 2020 4874">
     <span class='ocr_line' id='line_1_94' title="bbox 423 4800 2020 4874; baseline 0.004 -21"><span class='ocrx_word' id='word_1_687' title='bbox 423 4800 544 4854; x_wconf 83' lang='lat' dir='ltr'><strong>rudi</strong></span> <span class='ocrx_word' id='word_1_688' title='bbox 577 4802 768 4855; x_wconf 80' lang='lat' dir='ltr'><strong>saltem</strong></span> <span class='ocrx_word' id='word_1_689' title='bbox 799 4802 984 4864; x_wconf 85' lang='lat' dir='ltr'><strong>modo,</strong></span> <span class='ocrx_word' id='word_1_690' title='bbox 1023 4803 1303 4858; x_wconf 40' lang='lat' dir='ltr'><strong>edisseras‘</strong></span> <span class='ocrx_word' id='word_1_691' title='bbox 1359 4819 1484 4874; x_wconf 79' lang='lat' dir='ltr'><strong>quae</strong></span> <span class='ocrx_word' id='word_1_692' title='bbox 1527 4806 1852 4860; x_wconf 68' lang='lat' dir='ltr'><strong>saeculorum</strong></span> <span class='ocrx_word' id='word_1_693' title='bbox 1886 4809 2020 4860; x_wconf 85' lang='lat' dir='ltr'><strong>sub-</strong></span> 
     </span>
    </p>
   </div>
   <div class='ocr_carea' id='block_1_95' title="bbox 424 4892 2018 4966">
    <p class='ocr_par' dir='ltr' id='par_1_95' title="bbox 424 4892 2018 4966">
     <span class='ocr_line' id='line_1_95' title="bbox 424 4892 2018 4966; baseline 0.003 -22"><span class='ocrx_word' id='word_1_694' title='bbox 424 4894 624 4945; x_wconf 85' lang='lat' dir='ltr'><strong>stantia</strong></span> <span class='ocrx_word' id='word_1_695' title='bbox 660 4894 751 4946; x_wconf 90' lang='lat' dir='ltr'><strong>sit.</strong></span> <span class='ocrx_word' id='word_1_696' title='bbox 815 4892 884 4947; x_wconf 88' lang='lat' dir='ltr'><strong>Et</strong></span> <span class='ocrx_word' id='word_1_697' title='bbox 941 4893 1235 4948; x_wconf 80' lang='lat' dir='ltr'><strong>Andreas:</strong></span> <span class='ocrx_word' id='word_1_698' title='bbox 1272 4893 1410 4960; x_wconf 85' lang='lat' dir='ltr'><strong>Est,</strong></span> <span class='ocrx_word' id='word_1_699' title='bbox 1474 4895 1672 4964; x_wconf 89' lang='lat' dir='ltr'><strong>inquit,</strong></span> <span class='ocrx_word' id='word_1_700' title='bbox 1733 4911 2018 4966; x_wconf 87' lang='lat' dir='ltr'><strong>nunquam</strong></span> 
     </span>
    </p>
   </div>
   <div class='ocr_carea' id='block_1_96' title="bbox 427 4985 2023 5058">
    <p class='ocr_par' dir='ltr' id='par_1_96' title="bbox 427 4985 2023 5058">
     <span class='ocr_line' id='line_1_96' title="bbox 427 4985 2023 5058; baseline 0.004 -23"><span class='ocrx_word' id='word_1_701' title='bbox 427 4985 769 5038; x_wconf 83' lang='lat' dir='ltr'><strong>terniinanda</strong></span> <span class='ocrx_word' id='word_1_702' title='bbox 825 4986 1118 5053; x_wconf 72' lang='lat' dir='ltr'><strong>extensio;</strong></span> <span class='ocrx_word' id='word_1_703' title='bbox 1183 4995 1314 5056; x_wconf 87' lang='lat' dir='ltr'><strong>puta</strong></span> <span class='ocrx_word' id='word_1_704' title='bbox 1345 4989 1680 5057; x_wconf 83' lang='lat' dir='ltr'><strong>perpetuitas</strong></span> <span class='ocrx_word' id='word_1_705' title='bbox 1717 4998 2023 5058; x_wconf 60' lang='lat' dir='ltr'><strong>temporum</strong></span> 
     </span>
    </p>
   </div>
   <div class='ocr_carea' id='block_1_97' title="bbox 423 5078 2028 5144">
    <p class='ocr_par' dir='ltr' id='par_1_97' title="bbox 423 5078 2028 5144">
     <span class='ocr_line' id='line_1_97' title="bbox 423 5078 2028 5144; baseline 0.004 -17"><span class='ocrx_word' id='word_1_706' title='bbox 423 5087 588 5144; x_wconf 82' lang='lat' dir='ltr'><strong>atque</strong></span> <span class='ocrx_word' id='word_1_707' title='bbox 635 5090 908 5131; x_wconf 78' lang='lat' dir='ltr'><strong>annorum</strong></span> <span class='ocrx_word' id='word_1_708' title='bbox 964 5078 1200 5132; x_wconf 81' lang='lat' dir='ltr'><strong>inﬁnita.</strong></span> <span class='ocrx_word' id='word_1_709' title='bbox 1241 5079 1492 5134; x_wconf 81' lang='lat' dir='ltr'><strong>Essentia</strong></span> <span class='ocrx_word' id='word_1_710' title='bbox 1519 5095 1646 5134; x_wconf 85' lang='lat' dir='ltr'><strong>vero</strong></span> <span class='ocrx_word' id='word_1_711' title='bbox 1697 5081 1913 5136; x_wconf 88' lang='lat' dir='ltr'><strong>illorum</strong></span> <span class='ocrx_word' id='word_1_712' title='bbox 1944 5088 2028 5137; x_wconf 86' lang='lat' dir='ltr'><strong>est</strong></span> 
     </span>
    </p>
   </div>
   <div class='ocr_carea' id='block_1_98' title="bbox 423 5171 2026 5246">
    <p class='ocr_par' dir='ltr' id='par_1_98' title="bbox 423 5171 2026 5246">
     <span class='ocr_line' id='line_1_98' title="bbox 423 5171 2026 5246; baseline 0.006 -24"><span class='ocrx_word' id='word_1_713' title='bbox 423 5171 651 5239; x_wconf 85' lang='lat' dir='ltr'><strong>spiritus</strong></span> <span class='ocrx_word' id='word_1_714' title='bbox 710 5186 874 5237; x_wconf 90' lang='lat' dir='ltr'><strong>unus,</strong></span> <span class='ocrx_word' id='word_1_715' title='bbox 933 5173 1285 5229; x_wconf 74' lang='lat' dir='ltr'><strong>nmltilormis</strong></span> <span class='ocrx_word' id='word_1_716' title='bbox 1327 5184 1494 5244; x_wconf 88' lang='lat' dir='ltr'><strong>atque</strong></span> <span class='ocrx_word' id='word_1_717' title='bbox 1534 5175 1894 5241; x_wconf 71' lang='lat' dir='ltr'><strong>admirabilis,</strong></span> <span class='ocrx_word' id='word_1_718' title='bbox 1930 5192 2026 5246; x_wconf 87' lang='lat' dir='ltr'><strong>per</strong></span> 
     </span>
    </p>
   </div>
   <div class='ocr_carea' id='block_1_99' title="bbox 421 5263 2025 5340">
    <p class='ocr_par' dir='ltr' id='par_1_99' title="bbox 421 5263 2025 5340">
     <span class='ocr_line' id='line_1_99' title="bbox 421 5263 2025 5340; baseline 0.006 -26"><span class='ocrx_word' id='word_1_719' title='bbox 421 5274 630 5332; x_wconf 71' lang='lat' dir='ltr'><strong>septem</strong></span> <span class='ocrx_word' id='word_1_720' title='bbox 677 5263 834 5331; x_wconf 78' lang='lat' dir='ltr'><strong>signa</strong></span> <span class='ocrx_word' id='word_1_721' title='bbox 888 5266 1225 5331; x_wconf 86' lang='lat' dir='ltr'><strong>decurrens;</strong></span> <span class='ocrx_word' id='word_1_722' title='bbox 1281 5281 1402 5335; x_wconf 73' lang='lat' dir='ltr'><strong>qua:</strong></span> <span class='ocrx_word' id='word_1_723' title='bbox 1489 5278 1673 5322; x_wconf 84' lang='lat' dir='ltr'><strong>mente</strong></span> <span class='ocrx_word' id='word_1_724' title='bbox 1721 5268 2025 5340; x_wconf 69' lang='lat' dir='ltr'><strong>intelligere</strong></span> 
     </span>
    </p>
   </div>
   <div class='ocr_carea' id='block_1_100' title="bbox 419 5359 2024 5436">
    <p class='ocr_par' dir='ltr' id='par_1_100' title="bbox 419 5359 2024 5436">
     <span class='ocr_line' id='line_1_100' title="bbox 419 5359 2024 5436; baseline 0.005 -25"><span class='ocrx_word' id='word_1_725' title='bbox 419 5359 610 5412; x_wconf 83' lang='lat' dir='ltr'><strong>datum</strong></span> <span class='ocrx_word' id='word_1_726' title='bbox 640 5366 861 5414; x_wconf 78' lang='lat' dir='ltr'><strong>esttam</strong></span> <span class='ocrx_word' id='word_1_727' title='bbox 897 5359 1110 5430; x_wconf 76' lang='lat' dir='ltr'><strong>angelis</strong></span> <span class='ocrx_word' id='word_1_728' title='bbox 1136 5375 1301 5430; x_wconf 89' lang='lat' dir='ltr'><strong>quam</strong></span> <span class='ocrx_word' id='word_1_729' title='bbox 1345 5361 1687 5418; x_wconf 84' lang='lat' dir='ltr'><strong>hominibus.</strong></span> <span class='ocrx_word' id='word_1_730' title='bbox 1720 5362 1787 5418; x_wconf 79' lang='lat' dir='ltr'><strong>Et</strong></span> <span class='ocrx_word' id='word_1_731' title='bbox 1809 5364 1864 5418; x_wconf 86' lang='lat' dir='ltr'><strong>hi</strong></span> <span class='ocrx_word' id='word_1_732' title='bbox 1901 5367 2024 5436; x_wconf 59' lang='lat' dir='ltr'><strong>qui-</strong></span> 
     </span>
    </p>
   </div>
   <div class='ocr_carea' id='block_1_101' title="bbox 499 5521 2019 5596">
    <p class='ocr_par' dir='ltr' id='par_1_101' title="bbox 499 5521 2019 5596">
     <span class='ocr_line' id='line_1_101' title="bbox 499 5521 2019 5596; baseline 0.004 -19"><span class='ocrx_word' id='word_1_733' title='bbox 499 5521 608 5596; x_wconf 82' lang='grc'><strong>(65)</strong></span> <span class='ocrx_word' id='word_1_734' title='bbox 637 5523 962 5596; x_wconf 75' lang='lat' dir='ltr'><strong>Agathonici</strong></span> <span class='ocrx_word' id='word_1_735' title='bbox 1017 5523 1268 5588; x_wconf 83' lang='lat' dir='ltr'><strong>ecclesia,</strong></span> <span class='ocrx_word' id='word_1_736' title='bbox 1326 5523 1535 5580; x_wconf 83' lang='lat' dir='ltr'><strong>Palatio</strong></span> <span class='ocrx_word' id='word_1_737' title='bbox 1579 5525 1759 5582; x_wconf 84' lang='lat' dir='ltr'><strong>vicina</strong></span> <span class='ocrx_word' id='word_1_738' title='bbox 1789 5567 1803 5594; x_wconf 94' lang='lat'><strong>,</strong></span> <span class='ocrx_word' id='word_1_739' title='bbox 1846 5528 2019 5583; x_wconf 87' lang='lat' dir='ltr'><strong>eidem</strong></span> 
     </span>
    </p>
   </div>
   <div class='ocr_carea' id='block_1_102' title="bbox 422 5594 2022 5663">
    <p class='ocr_par' dir='ltr' id='par_1_102' title="bbox 422 5594 2022 5663">
     <span class='ocr_line' id='line_1_102' title="bbox 422 5594 2022 5663; baseline 0.004 -15"><span class='ocrx_word' id='word_1_740' title='bbox 422 5594 661 5663; x_wconf 73' lang='lat' dir='ltr'><strong>denique</strong></span> <span class='ocrx_word' id='word_1_741' title='bbox 693 5594 866 5650; x_wconf 48' lang='lat' dir='ltr'><strong>&#39;cirea</strong></span> <span class='ocrx_word' id='word_1_742' title='bbox 913 5611 1119 5650; x_wconf 85' lang='lat' dir='ltr'><strong>annum</strong></span> <span class='ocrx_word' id='word_1_743' title='bbox 1165 5596 1269 5650; x_wconf 85' lang='grc'><strong>580</strong></span> <span class='ocrx_word' id='word_1_744' title='bbox 1329 5598 1543 5651; x_wconf 88' lang='lat' dir='ltr'><strong>inclusa</strong></span> <span class='ocrx_word' id='word_1_745' title='bbox 1604 5597 1708 5651; x_wconf 78' lang='lat' dir='ltr'><strong>fuit</strong></span> <span class='ocrx_word' id='word_1_746' title='bbox 1747 5598 2022 5654; x_wconf 84' lang='lat' dir='ltr'><strong>aTiberio</strong></span> 
     </span>
    </p>
   </div>
   <div class='ocr_carea' id='block_1_103' title="bbox 425 5665 2017 5741">
    <p class='ocr_par' dir='ltr' id='par_1_103' title="bbox 425 5665 2017 5741">
     <span class='ocr_line' id='line_1_103' title="bbox 425 5665 2017 5741; baseline 0.006 -26"><span class='ocrx_word' id='word_1_747' title='bbox 425 5665 774 5741; x_wconf 75' lang='lat' dir='ltr'><strong>imperatore,</strong></span> <span class='ocrx_word' id='word_1_748' title='bbox 816 5667 892 5741; x_wconf 85' lang='lat' dir='ltr'><strong>_de</strong></span> <span class='ocrx_word' id='word_1_749' title='bbox 941 5682 1049 5741; x_wconf 80' lang='lat' dir='ltr'><strong>qua</strong></span> <span class='ocrx_word' id='word_1_750' title='bbox 1106 5682 1271 5737; x_wconf 89' lang='lat' dir='ltr'><strong>porro</strong></span> <span class='ocrx_word' id='word_1_751' title='bbox 1313 5669 1486 5723; x_wconf 87' lang='lat' dir='ltr'><strong>videri</strong></span> <span class='ocrx_word' id='word_1_752' title='bbox 1535 5677 1714 5737; x_wconf 88' lang='lat' dir='ltr'><strong>potest</strong></span> <span class='ocrx_word' id='word_1_753' title='bbox 1747 5670 2017 5741; x_wconf 78' lang='lat' dir='ltr'><strong>Cangius,</strong></span> 
     </span>
    </p>
   </div>
   <div class='ocr_carea' id='block_1_104' title="bbox 429 5733 1042 5802">
    <p class='ocr_par' dir='ltr' id='par_1_104' title="bbox 429 5733 1042 5802">
     <span class='ocr_line' id='line_1_104' title="bbox 429 5733 1042 5802; baseline 0.016 -22"><span class='ocrx_word' id='word_1_754' title='bbox 429 5733 523 5783; x_wconf 90' lang='lat' dir='ltr'><strong>lib.</strong></span> <span class='ocrx_word' id='word_1_755' title='bbox 552 5749 626 5797; x_wconf 84' lang='lat' dir='ltr'><strong>iv,</strong></span> <span class='ocrx_word' id='word_1_756' title='bbox 662 5751 782 5802; x_wconf 85' lang='lat' dir='ltr'><strong>cap.</strong></span> <span class='ocrx_word' id='word_1_757' title='bbox 809 5735 864 5798; x_wconf 88' lang='lat'><strong>6,</strong></span> <span class='ocrx_word' id='word_1_758' title='bbox 901 5733 1042 5790; x_wconf 72' lang='grc' dir='ltr'><strong>ιι.”⁶5.</strong></span> 
     </span>
    </p>
   </div>
   <div class='ocr_carea' id='block_1_105' title="bbox 503 5804 2021 5892">
    <p class='ocr_par' dir='ltr' id='par_1_105' title="bbox 503 5804 2021 5892">
     <span class='ocr_line' id='line_1_105' title="bbox 503 5804 2021 5892; baseline 0.014 -46"><span class='ocrx_word' id='word_1_759' title='bbox 503 5804 618 5867; x_wconf 62' lang='lat' dir='ltr'><strong>(uti;</strong></span> <span class='ocrx_word' id='word_1_760' title='bbox 673 5804 982 5867; x_wconf 78' lang='lat' dir='ltr'><strong>Quotannis</strong></span> <span class='ocrx_word' id='word_1_761' title='bbox 1032 5809 1240 5892; x_wconf 71' lang='lat' dir='ltr'><strong>semel,</strong></span> <span class='ocrx_word' id='word_1_762' title='bbox 1299 5810 1352 5862; x_wconf 93' lang='lat' dir='ltr'><strong>in</strong></span> <span class='ocrx_word' id='word_1_763' title='bbox 1387 5811 1494 5892; x_wconf 74' lang='lat' dir='ltr'><strong>die</strong></span> <span class='ocrx_word' id='word_1_764' title='bbox 1548 5813 2021 5887; x_wconf 80' lang='lat' dir='ltr'><strong>Epiphaniorum,</strong></span> 
     </span>
    </p>
   </div>
   <div class='ocr_carea' id='block_1_106' title="bbox 2127 4803 3723 4880">
    <p class='ocr_par' dir='ltr' id='par_1_106' title="bbox 2127 4803 3723 4880">
     <span class='ocr_line' id='line_1_106' title="bbox 2127 4803 3723 4880; baseline 0.002 -23"><span class='ocrx_word' id='word_1_765' title='bbox 2127 4807 2163 4877; x_wconf 78' lang='grc' dir='ltr'>ἡ</span> <span class='ocrx_word' id='word_1_766' title='bbox 2195 4806 2306 4858; x_wconf 84' lang='grc' dir='ltr'><strong>τῶν</strong></span> <span class='ocrx_word' id='word_1_767' title='bbox 2353 4803 2570 4858; x_wconf 69' lang='grc' dir='ltr'>αἰώνων</span> <span class='ocrx_word' id='word_1_768' title='bbox 2616 4805 2938 4871; x_wconf 75' lang='grc' dir='ltr'>ὑπόστασις.</span> <span class='ocrx_word' id='word_1_769' title='bbox 2991 4808 3102 4858; x_wconf 78' lang='grc' dir='ltr'><strong>Καὶ</strong></span> <span class='ocrx_word' id='word_1_770' title='bbox 3145 4810 3173 4858; x_wconf 90' lang='grc' dir='ltr'>ὁ</span> <span class='ocrx_word' id='word_1_771' title='bbox 3205 4809 3415 4870; x_wconf 79' lang='grc' dir='ltr'>δίκαιος</span> <span class='ocrx_word' id='word_1_772' title='bbox 3445 4809 3548 4880; x_wconf 74' lang='grc' dir='ltr'><strong>ἔφη</strong></span> <span class='ocrx_word' id='word_1_773' title='bbox 3586 4825 3600 4840; x_wconf 90' lang='grc'><strong>·</strong></span> <span class='ocrx_word' id='word_1_774' title='bbox 3647 4807 3723 4862; x_wconf 84' lang='lat' dir='ltr'><strong>T6</strong></span> 
     </span>
    </p>
   </div>
   <div class='ocr_carea' id='block_1_107' title="bbox 2141 4895 3721 4972">
    <p class='ocr_par' dir='ltr' id='par_1_107' title="bbox 2141 4895 3721 4972">
     <span class='ocr_line' id='line_1_107' title="bbox 2141 4895 3721 4972; baseline 0.001 -22"><span class='ocrx_word' id='word_1_775' title='bbox 2141 4899 2218 4969; x_wconf 81' lang='grc' dir='ltr'>μὴ</span> <span class='ocrx_word' id='word_1_776' title='bbox 2249 4897 2532 4952; x_wconf 79' lang='grc' dir='ltr'>ἐκλείπειν</span> <span class='ocrx_word' id='word_1_777' title='bbox 2560 4897 2656 4951; x_wconf 80' lang='grc' dir='ltr'><strong>τοῦ</strong></span> <span class='ocrx_word' id='word_1_778' title='bbox 2675 4895 2821 4954; x_wconf 76' lang='grc' dir='ltr'>εἶναι</span> <span class='ocrx_word' id='word_1_779' title='bbox 2847 4900 3029 4954; x_wconf 78' lang='grc' dir='ltr'>αὐτῶν</span> <span class='ocrx_word' id='word_1_780' title='bbox 3055 4899 3154 4970; x_wconf 78' lang='grc' dir='ltr'><strong>τὴν</strong></span> <span class='ocrx_word' id='word_1_781' title='bbox 3193 4903 3538 4972; x_wconf 80' lang='grc' dir='ltr'>παρέκτασιν</span> <span class='ocrx_word' id='word_1_782' title='bbox 3557 4913 3571 4929; x_wconf 77' lang='grc'><strong><em>⁸</em></strong></span> <span class='ocrx_word' id='word_1_783' title='bbox 3607 4895 3721 4953; x_wconf 77' lang='grc' dir='ltr'>οἷον</span> 
     </span>
    </p>
   </div>
   <div class='ocr_carea' id='block_1_108' title="bbox 2134 4990 3721 5066">
    <p class='ocr_par' dir='ltr' id='par_1_108' title="bbox 2134 4990 3721 5066">
     <span class='ocr_line' id='line_1_108' title="bbox 2134 4990 3721 5066; baseline 0.003 -24"><span class='ocrx_word' id='word_1_784' title='bbox 2134 4993 2197 5043; x_wconf 87' lang='grc' dir='ltr'><strong>τὸ</strong></span> <span class='ocrx_word' id='word_1_785' title='bbox 2221 4990 2472 5061; x_wconf 82' lang='grc' dir='ltr'>διηνεκὲς</span> <span class='ocrx_word' id='word_1_786' title='bbox 2498 4992 2608 5046; x_wconf 78' lang='grc' dir='ltr'><strong>τῶν</strong></span> <span class='ocrx_word' id='word_1_787' title='bbox 2627 4993 2844 5064; x_wconf 77' lang='grc' dir='ltr'>καιρῶν</span> <span class='ocrx_word' id='word_1_788' title='bbox 2870 4995 2964 5047; x_wconf 72' lang='grc' dir='ltr'>καὶ</span> <span class='ocrx_word' id='word_1_789' title='bbox 2990 4995 3102 5046; x_wconf 83' lang='grc' dir='ltr'>τῶν</span> <span class='ocrx_word' id='word_1_790' title='bbox 3140 4997 3351 5066; x_wconf 65' lang='grc' dir='ltr'>χρόνων</span> <span class='ocrx_word' id='word_1_791' title='bbox 3384 4993 3445 5046; x_wconf 87' lang='grc' dir='ltr'><strong>τὸ</strong></span> <span class='ocrx_word' id='word_1_792' title='bbox 3473 4994 3721 5063; x_wconf 85' lang='grc' dir='ltr'>ἄπειρον.</span> 
     </span>
    </p>
   </div>
   <div class='ocr_carea' id='block_1_109' title="bbox 2149 5087 3723 5161">
    <p class='ocr_par' dir='ltr' id='par_1_109' title="bbox 2149 5087 3723 5161">
     <span class='ocr_line' id='line_1_109' title="bbox 2149 5087 3723 5161; baseline 0.001 -22"><span class='ocrx_word' id='word_1_793' title='bbox 2149 5087 2215 5140; x_wconf 85' lang='grc' dir='ltr'><strong>’Π</strong></span> <span class='ocrx_word' id='word_1_794' title='bbox 2242 5087 2299 5140; x_wconf 80' lang='grc' dir='ltr'>δὲ</span> <span class='ocrx_word' id='word_1_795' title='bbox 2333 5088 2492 5141; x_wconf 82' lang='grc' dir='ltr'>οὐσία</span> <span class='ocrx_word' id='word_1_796' title='bbox 2523 5089 2706 5142; x_wconf 81' lang='grc' dir='ltr'>αὐτῶν</span> <span class='ocrx_word' id='word_1_797' title='bbox 2737 5089 2955 5160; x_wconf 82' lang='grc' dir='ltr'>πνεῦμα</span> <span class='ocrx_word' id='word_1_798' title='bbox 2977 5089 3058 5158; x_wconf 83' lang='grc' dir='ltr'>ἓν,</span> <span class='ocrx_word' id='word_1_799' title='bbox 3091 5090 3443 5161; x_wconf 72' lang='grc' dir='ltr'>πολύμορφον</span> <span class='ocrx_word' id='word_1_800' title='bbox 3475 5092 3569 5142; x_wconf 85' lang='grc' dir='ltr'>καὶ</span> <span class='ocrx_word' id='word_1_801' title='bbox 3591 5090 3723 5142; x_wconf 85' lang='grc' dir='ltr'>θαυ-</span> 
     </span>
    </p>
   </div>
   <div class='ocr_carea' id='block_1_110' title="bbox 2139 5181 3724 5256">
    <p class='ocr_par' dir='ltr' id='par_1_110' title="bbox 2139 5181 3724 5256">
     <span class='ocr_line' id='line_1_110' title="bbox 2139 5181 3724 5256; baseline -0.001 -22"><span class='ocrx_word' id='word_1_802' title='bbox 2139 5181 2496 5253; x_wconf 78' lang='grc' dir='ltr'>μαστότερον,</span> <span class='ocrx_word' id='word_1_803' title='bbox 2538 5183 2679 5236; x_wconf 82' lang='grc' dir='ltr'><strong>ὲπτὰ</strong></span> <span class='ocrx_word' id='word_1_804' title='bbox 2707 5185 2960 5255; x_wconf 82' lang='grc' dir='ltr'>σημείοις</span> <span class='ocrx_word' id='word_1_805' title='bbox 2981 5185 3541 5256; x_wconf 72' lang='grc' dir='ltr'>σταδιοδρομούμε.ον</span> <span class='ocrx_word' id='word_1_806' title='bbox 3578 5201 3591 5214; x_wconf 78' lang='grc' dir='ltr'><strong>ο</strong></span> <span class='ocrx_word' id='word_1_807' title='bbox 3629 5183 3724 5234; x_wconf 72' lang='grc' dir='ltr'><strong>ἐπὶ</strong></span> 
     </span>
    </p>
   </div>
   <div class='ocr_carea' id='block_1_111' title="bbox 2132 5276 3721 5349">
    <p class='ocr_par' dir='ltr' id='par_1_111' title="bbox 2132 5276 3721 5349">
     <span class='ocr_line' id='line_1_111' title="bbox 2132 5276 3721 5349; baseline 0.001 -22"><span class='ocrx_word' id='word_1_808' title='bbox 2132 5276 2346 5340; x_wconf 85' lang='grc' dir='ltr'>τούτοις</span> <span class='ocrx_word' id='word_1_809' title='bbox 2409 5277 2602 5331; x_wconf 73' lang='grc' dir='ltr'>ἔλαϐον</span> <span class='ocrx_word' id='word_1_810' title='bbox 2648 5278 2731 5335; x_wconf 80' lang='grc' dir='ltr'>νοῒ</span> <span class='ocrx_word' id='word_1_811' title='bbox 2787 5280 2841 5333; x_wconf 77' lang='grc' dir='ltr'>οἵ</span> <span class='ocrx_word' id='word_1_812' title='bbox 2892 5297 2950 5334; x_wconf 86' lang='grc' dir='ltr'><strong>τε</strong></span> <span class='ocrx_word' id='word_1_813' title='bbox 3002 5281 3226 5349; x_wconf 83' lang='grc' dir='ltr'>ἄγγελοι</span> <span class='ocrx_word' id='word_1_814' title='bbox 3262 5281 3358 5336; x_wconf 72' lang='grc' dir='ltr'><strong>καὶ</strong></span> <span class='ocrx_word' id='word_1_815' title='bbox 3395 5279 3676 5348; x_wconf 79' lang='grc' dir='ltr'>ἄνθρωποι</span> <span class='ocrx_word' id='word_1_816' title='bbox 3706 5293 3721 5309; x_wconf 77' lang='grc' dir='ltr'><strong>ο</strong></span> 
     </span>
    </p>
   </div>
   <div class='ocr_carea' id='block_1_112' title="bbox 2133 5371 3724 5446">
    <p class='ocr_par' dir='ltr' id='par_1_112' title="bbox 2133 5371 3724 5446">
     <span class='ocr_line' id='line_1_112' title="bbox 2133 5371 3724 5446; baseline 0.004 -24"><span class='ocrx_word' id='word_1_817' title='bbox 2133 5371 2231 5422; x_wconf 72' lang='grc' dir='ltr'>καὶ</span> <span class='ocrx_word' id='word_1_818' title='bbox 2272 5372 2322 5424; x_wconf 77' lang='grc' dir='ltr'>οἱ</span> <span class='ocrx_word' id='word_1_819' title='bbox 2367 5372 2469 5442; x_wconf 85' lang='grc' dir='ltr'><strong>μὲν</strong></span> <span class='ocrx_word' id='word_1_820' title='bbox 2523 5374 2619 5428; x_wconf 82' lang='grc' dir='ltr'>τοῦ</span> <span class='ocrx_word' id='word_1_821' title='bbox 2649 5373 2896 5446; x_wconf 75' lang='grc' dir='ltr'>βαδίζειν</span> <span class='ocrx_word' id='word_1_822' title='bbox 2945 5376 3051 5444; x_wconf 79' lang='grc' dir='ltr'><strong>τὴν</strong></span> <span class='ocrx_word' id='word_1_823' title='bbox 3077 5376 3254 5445; x_wconf 75' lang='grc' dir='ltr'>ἀρχὴν</span> <span class='ocrx_word' id='word_1_824' title='bbox 3291 5374 3485 5426; x_wconf 73' lang='grc' dir='ltr'>ἔλαϐον</span> <span class='ocrx_word' id='word_1_825' title='bbox 3511 5391 3527 5407; x_wconf 92' lang='grc'><strong>·</strong></span> <span class='ocrx_word' id='word_1_826' title='bbox 3557 5376 3586 5426; x_wconf 90' lang='lat'><strong>6</strong></span> <span class='ocrx_word' id='word_1_827' title='bbox 3613 5372 3724 5441; x_wconf 86' lang='grc' dir='ltr'>γὰρ</span> 
     </span>
    </p>
   </div>
   <div class='ocr_carea' id='block_1_113' title="bbox 2122 5534 3723 5607">
    <p class='ocr_par' dir='ltr' id='par_1_113' title="bbox 2122 5534 3723 5607">
     <span class='ocr_line' id='line_1_113' title="bbox 2122 5534 3723 5607; baseline 0 -17"><span class='ocrx_word' id='word_1_828' title='bbox 2122 5534 2294 5590; x_wconf 75' lang='grc' dir='ltr'><strong>οι·ωοί</strong></span> <span class='ocrx_word' id='word_1_829' title='bbox 2317 5550 2515 5605; x_wconf 85' lang='lat' dir='ltr'><strong>aquam</strong></span> <span class='ocrx_word' id='word_1_830' title='bbox 2568 5537 2915 5594; x_wconf 74' lang='grc' dir='ltr'>Ιιειιοιιὶοιιιηι</span> <span class='ocrx_word' id='word_1_831' title='bbox 2944 5537 3266 5603; x_wconf 80' lang='lat' dir='ltr'><strong>coniiciunt,</strong></span> <span class='ocrx_word' id='word_1_832' title='bbox 3295 5537 3348 5592; x_wconf 92' lang='lat' dir='ltr'><strong>in</strong></span> <span class='ocrx_word' id='word_1_833' title='bbox 3413 5552 3616 5607; x_wconf 78' lang='lat' dir='ltr'><strong>magno</strong></span> <span class='ocrx_word' id='word_1_834' title='bbox 3657 5537 3723 5590; x_wconf 81' lang='lat' dir='ltr'><strong>ad</strong></span> 
     </span>
    </p>
   </div>
   <div class='ocr_carea' id='block_1_114' title="bbox 2124 5607 3724 5679">
    <p class='ocr_par' dir='ltr' id='par_1_114' title="bbox 2124 5607 3724 5679">
     <span class='ocr_line' id='line_1_114' title="bbox 2124 5607 3724 5679; baseline 0.001 -19"><span class='ocrx_word' id='word_1_835' title='bbox 2124 5607 2176 5660; x_wconf 89' lang='lat' dir='ltr'><strong>id</strong></span> <span class='ocrx_word' id='word_1_836' title='bbox 2200 5619 2507 5676; x_wconf 73' lang='lat' dir='ltr'><strong>praeparato</strong></span> <span class='ocrx_word' id='word_1_837' title='bbox 2559 5625 2710 5673; x_wconf 83' lang='lat' dir='ltr'><strong>vase,</strong></span> <span class='ocrx_word' id='word_1_838' title='bbox 2738 5613 2914 5664; x_wconf 80' lang='lat' dir='ltr'><strong>instar</strong></span> <span class='ocrx_word' id='word_1_839' title='bbox 2946 5610 3113 5664; x_wconf 78' lang='lat' dir='ltr'><strong>fontis</strong></span> <span class='ocrx_word' id='word_1_840' title='bbox 3157 5611 3497 5679; x_wconf 80' lang='lat' dir='ltr'><strong>baptismalis</strong></span> <span class='ocrx_word' id='word_1_841' title='bbox 3524 5624 3537 5672; x_wconf 92' lang='lat'><strong>;</strong></span> <span class='ocrx_word' id='word_1_842' title='bbox 3579 5612 3724 5677; x_wconf 78' lang='lat' dir='ltr'><strong>quntl</strong></span> 
     </span>
    </p>
   </div>
   <div class='ocr_carea' id='block_1_115' title="bbox 2125 5679 3725 5752">
    <p class='ocr_par' dir='ltr' id='par_1_115' title="bbox 2125 5679 3725 5752">
     <span class='ocr_line' id='line_1_115' title="bbox 2125 5679 3725 5752; baseline -0.001 -22"><span class='ocrx_word' id='word_1_843' title='bbox 2125 5679 2341 5752; x_wconf 30' lang='lat' dir='ltr'><strong>vasuliic</strong></span> <span class='ocrx_word' id='word_1_844' title='bbox 2367 5681 2576 5747; x_wconf 75' lang='grc' dir='ltr'>φιάλις,</span> <span class='ocrx_word' id='word_1_845' title='bbox 2623 5695 2675 5732; x_wconf 93' lang='grc' dir='ltr'><strong>ιιι</strong></span> <span class='ocrx_word' id='word_1_846' title='bbox 2705 5681 3048 5752; x_wconf 75' lang='lat' dir='ltr'><strong>EucliolOgio</strong></span> <span class='ocrx_word' id='word_1_847' title='bbox 3081 5696 3207 5736; x_wconf 75' lang='lat' dir='ltr'><strong>Vero</strong></span> <span class='ocrx_word' id='word_1_848' title='bbox 3251 5680 3416 5746; x_wconf 81' lang='lat' dir='ltr'><strong>Goar,</strong></span> <span class='ocrx_word' id='word_1_849' title='bbox 3454 5695 3577 5749; x_wconf 63' lang='lat' dir='ltr'><strong>pag.</strong></span> <span class='ocrx_word' id='word_1_850' title='bbox 3619 5680 3725 5734; x_wconf 70' lang='grc' dir='ltr'>ιίιυ</span> 
     </span>
    </p>
   </div>
   <div class='ocr_carea' id='block_1_116' title="bbox 2126 5749 2685 5819">
    <p class='ocr_par' dir='ltr' id='par_1_116' title="bbox 2126 5749 2685 5819">
     <span class='ocr_line' id='line_1_116' title="bbox 2126 5749 2685 5819; baseline 0.009 -19"><span class='ocrx_word' id='word_1_851' title='bbox 2126 5749 2293 5817; x_wconf 80' lang='grc' dir='ltr'>φιάλα</span> <span class='ocrx_word' id='word_1_852' title='bbox 2316 5761 2685 5819; x_wconf 87' lang='lat' dir='ltr'><strong>nuncupatur.</strong></span> 
     </span>
    </p>
   </div>
  </div>
