4090 6406
360 346 493 411 835'

1538 348 1723 411 VlTA
1762 351 1822 408 S.
1862 346 2196 409 ANDREIE
2237 348 2433 409 ΞΛΜ.

3552 353 3681 416 ξθϐ·

363 463 573 534 Κύριος
624 458 723 532 τὴν
774 459 922 532 ζωὴν
964 461 1149 528 αὐτοῖς
1189 462 1521 537 ἐχαρίσατοο
1554 467 1962 537 προτρέπουσιν

2074 467 2189 521 Llem
2220 465 2552 536 principium
2592 475 2645 520 et
2674 464 2986 521 facultatem
3014 468 3297 538 gradiendi
3335 473 3478 526 nacti
3512 485 3664 531 sunt.

362 554 459 613 οὖν
487 556 637 626 ἡμᾶς
672 551 817 606 ὥστε
871 555 955 619 είς
984 556 1231 622 ἐκείνους
1274 556 1583 623 ἀνελλιπῶς
1627 558 1869 630 βαδίζειν
1903 576 1965 613 τε

364 649 463 705 καὶ
491 646 848 720 πορεύεσθαι.
894 647 958 701 Ἦ
993 648 1050 702 δὲ
1073 649 1193 714 όδδς
1220 649 1404 704 αὐτῶν
1440 650 1536 704 καὶ
1561 651 1760 721 πορεία
1790 651 1969 723 ἀρχὴν

366 742 663 811 κέκτηται,
710 740 807 795 καὶ
837 740 992 804 τέλος
1016 741 1080 795 οὐ
1113 743 1486 813 παραδέχεται
1517 744 1597 806 εἰς
1626 741 1719 797 τὸν
1747 742 1922 798 αἰῶνα
1948 758 1966 776 θ

366 833 586 890 ὲΰάδισε
620 833 730 904 γὰρ
765 833 797 886 ό
829 833 1260 905 πρωτόπλαστος
1286 834 1463 905 ἀρχὴν
1484 833 1596 889 τῶν
1631 834 1848 890 αἰώνων
1871 836 1969 906 τὴν

372 926 492 980 ὁδὸν
526 926 757 991 τούτων,
792 926 888 979 καὶ
916 923 1074 979 οὔπω
1104 925 1347 998 ἠδυνήθη
1379 925 1700 992 ὑπεξελθεῖν
1723 928 1877 999 αὐτῷ
1897 928 1967 983 δι’

369 1020 521 1090 ἡμᾶς
555 1036 569 1051 ο
617 1018 925 1089 ἐπειδήπερ
959 1020 1126 1090 ἡμεῖς
1164 1022 1422 1085 κάκεῖνος
1446 1020 1506 1076 ἓν
1542 1023 1711 1093 ἐσμεν
1740 1022 1830 1076 διὰ
1868 1021 1969 1094 τὴν

371 1113 538 1183 γονὴν
564 1112 658 1166 καὶ
689 1111 749 1164 τδ
778 1105 917 1183 αἷμα
947 1127 963 1143 ο
997 1112 1101 1177 ἕως
1131 1113 1228 1168 νῦν
1258 1115 1369 1185 γὰρ
1398 1115 1449 1169 οἱ
1483 1115 1625 1170 ἑπτὰ
1654 1116 1850 1180 αἰῶνες
1871 1114 1967 1169 τοῦ

371 1204 584 1275 κόσμου
625 1204 840 1269 τούτου,
880 1206 929 1258 oi
962 1206 1180 1276 χρόνοις
1207 1208 1598 1279 μετρούμενοι,
1631 1210 1693 1264 οὐ
1738 1226 1965 1263 συνετεο

372 1298 645 1367 λέσοησαν
675 1313 690 1327 ⁸
740 1297 878 1367 μετά
924 1298 980 1351 δὲ
1029 1297 1090 1351 τὸ
1129 1300 1404 1371 πλήρωμα
1444 1302 1647 1364 αὐτῶν,
1687 1305 1810 1357 τότε
1844 1304 1969 1375 ἀρεῖ

375 1388 597 1458 πνεῦμα
640 1388 878 1458 φοϐερὸν
911 1391 940 1442 ὁ
986 1388 1120 1453 Θεὸς
1167 1394 1265 1444 ἐπὶ
1312 1393 1496 1447 πᾶσαν
1541 1394 1644 1465 τὴν
1698 1395 1822 1465 γῆν,
1872 1393 1970 1448 καὶ

375 1483 811 1554 συναχθήσονται
860 1483 931 1537 τὰ
972 1484 1111 1538 ὀστᾶ
1168 1486 1280 1539 τῶν
1331 1486 1677 1558 ἀνθρώπων,
1731 1488 1970 1542 ἕκαστον

376 1579 516 1647 πρὸς
569 1576 670 1647 τὴν
732 1577 1008 1649 ἁρμονίαν
1062 1579 1230 1633 αὐτοῦ
1282 1581 1377 1633 καὶ
1434 1582 1831 1652 ἑφαρμώσουσι
1873 1585 1968 1636 καὶ

379 1669 811 1741 κολληθήσονται
843 1685 856 1701 ⁸
897 1670 992 1725 καὶ
1020 1672 1361 1744 άναῦήσεται
1390 1675 1479 1728 ἐπ’
1506 1677 1647 1729 αὐτὰ
1675 1675 1846 1747 νεῦρα
1872 1676 1968 1730 καὶ

381 1762 608 1834 σάρκες,
644 1765 739 1817 καὶ
769 1763 1060 1833 δοθήσεται
1094 1766 1315 1836 ἑκάστῳ
1346 1766 1427 1838 τῷ
1477 1767 1693 1838 σώματι
1747 1771 1780 1839 ἠ
1817 1769 1966 1839 ψυχὴ

2074 558 2310 615 Domino
2371 558 2540 613 vitam
2601 558 2684 613 eis
2733 557 3042 626 tribuente;
3081 561 3372 616 hortantur
3415 578 3544 617 vero
3569 579 3670 619 nos

2072 660 2128 709 et
2183 651 2449 716 excitant,
2490 659 2552 706 ut
2596 664 2696 721 per
2730 649 2824 706 illa
2854 651 3082 708 tendere
3119 669 3185 709 ac
3223 656 3477 725 progredi
3526 672 3671 711 nun-

2072 760 2237 817 quam
2290 744 2630 802 desinamus.
2706 742 2802 801 Via
2863 756 3048 802 autem
3078 747 3405 803 saeculorum
3466 749 3666 819 princi-

2071 838 2222 910 pium
2250 838 2470 909 quidem
2507 837 2698 904 habet,
2732 837 2941 896 exitum
2976 854 3084 895 non
3115 841 3367 897 habitura
3413 840 3470 896 in
3508 854 3675 897 teter-

2071 946 2225 987 num.
2274 932 2440 989 Gradi
2489 934 2657 1005 coepit
2703 935 2796 992 illa
2847 934 3174 992 saeculorum
3213 934 3296 990 ria
3338 934 3552 1004 primus
3580 949 3675 1003 ge-

2072 1026 2223 1082 neris
2277 1026 2505 1082 humani
2558 1042 2777 1098 parcns,
2825 1028 2919 1085 sed
2976 1029 3243 1083 hactenus
3272 1028 3477 1082 exitum
3520 1027 3675 1081 inve-

2073 1118 2194 1173 nire
2241 1120 2485 1186 nequivit
2539 1132 2762 1190 propter
2819 1135 2963 1176 nos:
2996 1136 3096 1178 nos
3154 1120 3356 1191 quippe
3380 1134 3508 1174 eum
3554 1118 3675 1188 ipso

2074 1224 2245 1265 unum
2304 1226 2520 1277 sumus,
2574 1222 2794 1282 propter
2833 1214 3245 1283 generationem
3289 1221 3346 1267 et
3377 1210 3674 1281 sanguinis

2073 1303 2548 1374 coniunctionem.
2578 1305 2659 1360 Ad
2696 1306 2803 1362 hoc
2843 1308 2988 1362 enim
3018 1321 3191 1377 usque
3214 1316 3426 1377 tempus
3461 1314 3679 1373 septem.

2071 1393 2269 1449 saecula
2304 1396 2494 1450 mutuli
2537 1397 2725 1468 hujus,
2767 1413 2889 1468 qua:
2911 1412 3010 1468 per
3041 1412 3219 1454 annos
3261 1406 3671 1460 mensurantur,

2071 1504 2181 1544 non
2241 1491 2606 1546 suntcvoluta
2636 1510 2650 1546 :
2676 1507 2801 1547 cum
2858 1507 2988 1546 vero
3014 1491 3265 1562 expletus
3314 1506 3503 1547 eorum
3542 1506 3674 1545 cur-
3712 1502 3721 1510 ·

2071 1598 2166 1639 sus
2218 1581 2402 1650 fuerit,
2463 1593 2575 1639 tum
2624 1585 2915 1640 suscitahit
2950 1584 3219 1641 Dominus
3271 1584 3523 1654 Spiritum
3557 1582 3673 1639 for-

2071 1674 2383 1731 midahilem
2441 1690 2609 1745 super
2656 1676 2969 1732 universam
3011 1687 3239 1742 terram,
3271 1686 3325 1732 et
3373 1691 3674 1746 congrega-

2071 1768 2277 1824 huntur
2335 1782 2463 1822 ossa
2492 1767 2799 1830 hominum,
2833 1768 2887 1821 in
2919 1784 3075 1822 suam
3113 1782 3333 1838 quoque
3382 1765 3568 1820 sedem
3606 1780 3673 1819 ac

379 1855 546 1908 αὐτοῦ
575 1856 856 1929 ἄφθαρτος
878 1857 1218 1912 ἀπολυθεῖσα
1249 1860 1358 1913 τῶν
1392 1861 1629 1931 σκηνῶν,
1650 1862 1738 1929 ἐφ’
1767 1856 1848 1924 οἷς
1873 1862 1966 1913 νῦν

2074 1861 2317 1915 ordinem
2366 1859 2800 1930 coagmentanda
2848 1868 2904 1915 et
2955 1860 3373 1930 conjungenda,
3434 1874 3535 1912 nec
3565 1873 3671 1911 non

376 1946 469 1999 καὶ
518 1948 966 2002 ἀποκέκλεισται.
1031 1950 1139 2003 Καὶ
1179 1950 1301 2003 τότε
1364 1951 1619 2006 σαλπίσει
1656 1954 1685 2005 ό
1733 1953 1968 2022 ἄγγελος

376 2041 654 2111 φωνῇκαὶ
706 2041 918 2112 τρόμῳ,
980 2043 1075 2095 καὶ
1120 2042 1527 2113 ἀναστήσονται
1573 2044 1625 2098 οί
1670 2045 1859 2114 νεκροὶ
1902 2025 1985 2098 ἐν’

375 2132 510 2202 ῥιπῇ
536 2131 842 2202 ὀφθαλμοῦ.
874 2131 986 2185 Καὶ
1005 2132 1378 2203 καταϐήσεται
1401 2138 1427 2188 ὁ
1451 2135 1681 2206 Κριτὴς,
1712 2134 1808 2188 καὶ
1834 2136 1969 2188 ἀπί-

372 2222 537 2276 δώσει
571 2225 788 2295 ἑκάστῳ
818 2225 963 2278 κατὰ
1009 2228 1078 2279 τά
1109 2227 1249 2295 ἔργα
1285 2226 1475 2280 αὐτοῦ.
1508 2228 1622 2281 Καὶ
1664 2226 1969 2298 τηιικαῦτα

374 2314 563 2370 λοιπὸν
589 2319 761 2388 ἀρχὴν
783 2317 1001 2387 δέχεται
1036 2321 1062 2371 tl
1086 2317 1273 2387 ὄγδοος
1300 2317 1457 2383 αἰὼν,
1483 2320 1579 2373 καὶ
1597 2319 1780 2384 καθώς
1804 2337 1971 2392 φησιν

372 2413 401 2463 δ
418 2411 671 2480 Σολομών
695 2427 708 2440 ·
735 2430 754 2463 ι
782 2414 881 2475 Δὸς
907 2413 1101 2483 μερίδα
1118 2416 1225 2475 τοῖς
1243 2414 1406 2480 ἑπτὰ,
1429 2415 1520 2468 καί
1541 2430 1606 2482 γε
1624 2415 1734 2478 τοῖς
1750 2414 1917 2470 ὀκτώ.
1944 2434 1963 2467 ι

372 2505 658 2576 Πλήρωμα
676 2505 733 2558 δὲ
763 2500 919 2571 οὗτος
951 2509 980 2560 ὁ
1009 2505 1148 2560 αἰὼν
1173 2507 1235 2559 οὐ
1266 2507 1534 2579 κέκτηται
1566 2523 1581 2538 ⁸
1613 2509 1731 2575 ἄξει
1757 2508 1815 2562 δὲ
1841 2510 1969 2573 τοὺς

368 2599 615 2662 δικαίους
648 2600 705 2651 ἐν
743 2601 1066 2671 ἁσυγκρίτῳ
1094 2601 1431 2675 εὐφροσύνῃ,
1468 2603 1566 2656 καὶ
1599 2602 1819 2656 κολάσει
1846 2604 1967 2673 διηο

370 2691 549 2753 νεκῶς
578 2691 704 2754 τοὺς
762 2690 1125 2762 ἁμαρτωλούς
1159 2707 1175 2723 ⁸
1209 2693 1259 2747 οἱ
1299 2693 1407 2765 γὰρ
1437 2692 1717 2766 ἄνθρωποι
1753 2694 1968 2764 ἄφθαρο

367 2800 455 2835 τοι
485 2781 584 2836 καὶ
622 2781 882 2835 ἀθάνατοι
914 2784 1130 2837 ἔσονται
1168 2785 1308 2855 μετὰ
1356 2786 1454 2857 τὴν
1480 2787 1545 2839 ἐκ
1576 2786 1789 2855 νεκρῶν
1832 2788 1968 2841 ἀνά-

373 2891 592 2937 στασιν,
629 2873 890 2943 διηνεκής
909 2890 992 2927 ρτε
1037 2876 1064 2927 ὀ
1113 2875 1469 2945 παράδεισος,
1508 2876 1608 2929 καὶ
1656 2878 1689 2947 ὴ
1738 2876 1965 2940 κόλασις

375 2968 758 3036 ἀτελεύτητος,
796 2969 893 3022 καὶ
921 2971 949 3022 ὁ
977 2968 1113 3022 αίὼν
1154 2970 1549 3034 ἀσυντέλεστος
1584 2973 1680 3024 καὶ
1721 2971 1967 3041 ἀπέραν-

376 3079 468 3124 τος
489 3078 505 3093 ο
536 3062 668 3115 αἰὼν
703 3062 812 3134 γὰρ
844 3060 1211 3133 ἑρμηνεύεται
1246 3062 1624 3132 ἐκτεινόμενος
1659 3061 1735 3116 ῶν
1772 3062 1859 3123 ἀεὶ
1885 3063 1968 3126 εἰς

378 3159 479 3219 τὰς
551 3158 896 3228 ἀπεράντους
964 3157 1061 3210 καὶ
1114 3155 1527 3228 ἀπαροδεύτους
1592 3157 1968 3226 κατοικήσεις,

375 3249 554 3319 ἄκραν
586 3249 619 3321 ἢ
657 3249 937 3322 πλήρωμα
974 3248 1049 3323 μὴ
1082 3251 1424 3320 κεκτημένος
1449 3247 1511 3302 τὸ
1545 3248 1787 3304 σύνολον.

2078 1954 2263 2009 nervis
2293 1953 2667 2023 carnihusque
2694 1952 3037 2023 contegenda
3061 1970 3077 2007 :
3106 1963 3221 2007 tum
3253 1967 3353 2006 sna
3377 1952 3539 2005 etiam
3560 1950 3678 2004 cui-

2077 2059 2186 2115 que
2225 2042 2440 2114 corpori
2470 2045 2791 2099 restituetur
2824 2044 3030 2109 anima,
3058 2042 3496 2110 incorruptibilis
3527 2050 3677 2111 pest-

2079 2150 2245 2207 quam
2294 2151 2526 2191 manens
2568 2139 2748 2192 soluta
2788 2135 3264 2191 fuittahernaculo
3293 2149 3420 2198 suo,
3464 2136 3517 2188 in
3558 2147 3673 2202 quo

2080 2245 2227 2285 nunc
2281 2229 2492 2285 inclusa
2536 2230 2830 2285 detinetur.
2862 2228 3001 2283 Tum
3044 2237 3098 2284 ct
3141 2230 3369 2297 angelus
3419 2228 3547 2283 tulia
3584 2242 3676 2282 ca-

2079 2331 2171 2377 net
2220 2336 2346 2377 cum
2405 2336 2604 2391 magno
2655 2324 2836 2377 sonitu
2892 2336 2957 2375 ac
2989 2331 3247 2385 tremore,
3279 2331 3334 2374 et
3377 2329 3675 2388 resurgent

2079 2414 2135 2470 in
2190 2415 2300 2469 ictu
2357 2416 2499 2469 oculi
2569 2429 2762 2470 omnes
2787 2415 3009 2478 mortui,
3047 2423 3103 2469 et
3127 2414 3423 2483 descendet
3453 2428 3484 2467 e
3532 2411 3674 2466 emlo

2075 2506 2252 2563 Judex
2302 2507 2619 2567 redditurus
2674 2507 2968 2578 uuieuique
2991 2507 3297 2563 secundum
3332 2521 3497 2576 opera
3526 2505 3673 2573 ejus.

2078 2601 2218 2656 Tum
2270 2616 2401 2655 vero
2439 2594 2680 2655 tandem
2712 2600 3007 2669 aliquando
3029 2599 3211 2656 saeculi
3252 2602 3429 2654 octavi
3470 2598 3677 2668 princi-

2076 2693 2225 2764 pium
2254 2692 2430 2749 aderit
2458 2709 2472 2759 ;
2500 2693 2964 2763 quemadmodum
2991 2701 3046 2748 et
3075 2691 3335 2748 Salomon
3389 2692 3673 2761 loquitur:
3736 2697 3755 2701 “

2083 2802 2102 2837 ›
2142 2785 2216 2840 Da
2241 2798 2449 2855 partem
2482 2797 2686 2856 septem
2707 2825 2720 2848 ,
2756 2800 2857 2839 nec
2881 2800 2988 2839 non
3025 2795 3080 2839 et
3100 2795 3224 2839 octo
3249 2783 3317 2838 ”.
3351 2802 3370 2835 ι
3404 2782 3522 2838 Hoc
3546 2799 3676 2852 por-

2075 2892 2138 2933 ro
2196 2879 2484 2945 saeculum,
2531 2893 2811 2948 nunquam
2862 2878 3290 2947 complendum,
3340 2874 3678 2945 transigetur

2075 2986 2105 3024 a
2153 2970 2318 3040 justis
2359 2970 2414 3024 in
2467 2971 2666 3039 gaudio
2723 2954 3160 3041 incomparabili,
3210 2987 3239 3025 a
3285 2969 3672 3040 peccatoribus

2075 3077 2205 3117 vero
2225 3062 2278 3116 in
2313 3063 2490 3131 poenis
2514 3060 2970 3118 indesinentihus.
3014 3061 3275 3118 Homines
3300 3065 3519 3133 quippe,
3554 3070 3679 3131 post

2076 3155 2538 3213 resurrectionem
2595 3165 2937 3209 mortuormn
2990 3154 3326 3225 generalem.
3379 3155 3520 3208 mori
3579 3166 3679 3207 aut

1995 3242 2038 3298 C
2072 3246 2349 3318 cxsdngui
2377 3263 2483 3303 non
2511 3255 2806 3325 poterunt:
2838 3248 3160 3318 perennahit
3187 3246 3475 3317 paradisus
3504 3246 3675 3301 cale-

375 3353 500 3411 stis,
560 3346 758 3400 inferni
849 3355 1120 3400 tormenta
1179 3361 1284 3401 non
1344 3346 1827 3411 terminabuntur,
1877 3344 2140 3401 saeculum
2182 3346 2360 3415 ipsum
2423 3345 2478 3399 in
2540 3358 2758 3399 omnem
2844 3345 3209 3400 aeternitatem
3271 3346 3391 3400 sine
3414 3344 3575 3399 modo
3612 3359 3675 3398 ac

375 3439 485 3495 line
517 3441 844 3496 extendetur
880 3456 895 3497 :
933 3439 1074 3495 αἰὼν
1111 3441 1314 3512 quippe
1343 3456 1437 3497 seu
1464 3442 1744 3506 saeculum,
1777 3439 1981 3496 Graecis
2022 3439 2325 3511 explicetur
2350 3439 2439 3494 dei.
2490 3437 2567 3493 ὣν
2627 3454 2721 3494 seu
2759 3455 2963 3509 semper
2991 3440 3276 3502 assistens,
3318 3447 3507 3509 utpote
3534 3435 3678 3508 quod

373 3537 669 3591 terminum
704 3535 899 3596 nescit,
939 3534 1087 3605 quod
1125 3535 1500 3591 indesinenter
1529 3536 1719 3601 currit,
1751 3535 1896 3606 quod
1931 3534 1999 3597 ad
2047 3548 2328 3589 summum
2381 3533 2694 3602 pertingere
2727 3541 2824 3586 aut
2875 3534 3134 3603 compleri
3169 3533 3399 3587 omnino
3454 3532 3673 3603 nequit.

448 3624 584 3699 pve'.
624 3624 945 3695 Ἐπιφάνιος
980 3621 1138 3680 εἶπεν
1163 3643 1177 3658 ν
1215 3626 1375 3680 Ποῖόν
1416 3626 1537 3680 ἐστι
1584 3626 1841 3698 δεύτερον
1870 3627 1968 3699 δη-

376 3721 705 3793 μιούργημα
756 3718 850 3772 τοῦ
897 3718 1079 3786 Θεοῦ;
1139 3718 1197 3772 '0
1224 3720 1371 3782 ὅσιος
1424 3720 1575 3787 λέγει
1598 3737 1622 3767 .’
1665 3722 1728 3775 Οἱ
1772 3720 1972 3783 αἰῶνες

376 3815 600 3886 πρῶτον
634 3811 804 3866 αὐτοῦ
832 3812 1045 3882 κτίσμα
1083 3814 1393 3884 πεφήνασιν
1428 3827 1443 3840 ⁹
1480 3813 1672 3883 ἐπειδὴ
1699 3816 1805 3885 γὰρ
1824 3813 1971 3867 ἀσώ-

378 3910 547 3979 ματός
578 3910 728 3959 ἐστιν
747 3906 777 3959 ὁ
794 3906 1080 3975 Ὕψιστος,
1109 3906 1165 3958 ὲν
1186 3905 1427 3975 πρώτοις
1452 3904 1767 3975 ἀσώματον,
1786 3903 1972 3974 νοερόν

375 4016 435 4058 τε
475 3999 569 4054 καὶ
598 3999 762 4052 eam
806 3997 898 4049 τὴν
932 3996 1059 4065 περὶ
1089 3995 1257 4061 αὐτὸν
1289 3993 1698 4066 ἐδημιούργησε
1743 3993 1973 4065 κόσμον.

388 4090 709 4159 Ἐπιφάνιος
736 4081 892 4140 εἶπεν
920 4100 933 4114 °
971 4087 1038 4139 Αἱ
1070 4086 1179 4140 τῶν
1207 4086 1478 4156 οὐρανίων
1495 4085 1784 4156 δυνάμεων
1809 4101 1975 4156 στρα-

371 4183 568 4254 τηγίαι
597 4184 662 4234 ἐκ
708 4182 841 4251 μιᾶς
880 4179 1248 4251 παρήχθησαν
1284 4180 1364 4241 είς
1383 4178 1476 4232 τὸν
1504 4179 1712 4248 κόσμον
1740 4173 1901 4243 εἶναι,
1937 4176 1969 4248 ἢ

371 4274 434 4327 ἓν
483 4273 606 4327 καθ’
658 4273 738 4337 ἓν,
789 4270 863 4334 ὡς
901 4272 934 4343 ἡ
967 4273 1189 4337 κτίσις;
1254 4270 1315 4324 '0
1356 4271 1502 4334 ὅσιος
1545 4266 1699 4324 εἶπεν
1734 4289 1750 4302 ·
1810 4270 1972 4323 ’Πεύ-

374 4384 510 4422 νατο
537 4368 635 4420 καὶ
667 4365 749 4421 ἑνὶ
774 4366 920 4436 λόγῳ
957 4366 1168 4428 πάντας
1197 4365 1326 4428 τοὺς
1354 4365 1468 4419 ἄνω
1498 4363 1776 4433 λεγεῶνας
1802 4380 1976 4435 παρα-

2152 3625 2276 3680 159.
2303 3625 2612 3680 Resumens
2662 3624 3005 3695 Epiphanius
3035 3625 3370 3691 :Quodnam
3422 3625 3680 3681 alterum.

2079 3718 2192 3785 ait,
2276 3718 2375 3772 Dei
2434 3718 2615 3787 opus?
2671 3716 2991 3787 Respondet
3052 3714 3494 3771 Andreaszlam
3564 3718 3679 3772 dixi

2079 3812 2258 3881 primo
2281 3811 2406 3865 loco
2426 3811 2624 3865 saecula
2653 3809 2918 3878 producta
2952 3822 3109 3874 esse;
3144 3807 3275 3879 quia
3306 3809 3452 3862 enim
3481 3823 3680 3878 corpo-

2081 3905 2160 3959 ris
2196 3917 2392 3972 expers
2429 3910 2514 3958 est
2545 3901 2888 3968 Altissimus,
2930 3900 3077 3955 illam
3122 3901 3174 3954 in
3224 3900 3417 3970 primis
3466 3910 3677 3970 partem

2085 3995 2299 4061 mundi,
2358 4009 2480 4064 quae
2509 3993 2859 4062 incorporea,
2894 3990 3275 4062 intelligihilis,
3314 3992 3522 4046 nullius
3566 4008 3683 4045 mae

2080 4090 2230 4144 terim
2258 4086 2591 4142 admistione
2620 4093 2868 4157 gravata,
2914 4085 3127 4155 ipsique
3157 4084 3394 4139 vicinior
3425 4093 3532 4147 est,
3554 4100 3676 4138 tno~

2080 4180 2166 4235 liri
2227 4178 2415 4249 cmpit.
2470 4179 2540 4233 Et
2613 4176 2924 4248 Epiphanio
2985 4186 3284 4246 quaerente,
3339 4176 3684 4230 virtutumue

2081 4272 2385 4330 caelestium
2427 4273 2717 4327 universus
2756 4271 3052 4338 exercitus,
3088 4273 3320 4347 pariter
3345 4284 3413 4323 an
3435 4270 3679 4334 d'ivisim,

2082 4379 2146 4423 ut
2172 4368 2401 4440 reliquis
2430 4363 2699 4422 creaturis
2728 4362 2961 4430 factum,
3000 4363 3120 4418 aliae
3148 4364 3274 4418 aliis
3301 4364 3680 4426 succedentes,

375 4452 577 4534 στῆσέιι
623 4461 704 4532 τῷ
746 4458 969 4532 φοδερῷ
1024 4459 1202 4532 θρόνῳ
1231 4460 1332 4530 τῆς
1374 4459 1534 4530 δόξης
1568 4457 1664 4511 τοῦ
1696 4457 1833 4511 Θεοῦ
1872 4456 1970 4527 τῆς

2080 4460 2137 4515 in
2172 4461 2438 4515 mundum
2477 4456 2828 4513 introductus
2856 4465 3026 4521 esset,
3060 4454 3134 4508 ita
3188 4454 3445 4509 disseruit
3470 4452 3532 4506 B.
3563 4454 3680 4507 An-

378 4556 649 4610 όστὲκτου
682 4569 697 4585 ⁸
744 4553 865 4609 ἀλλ’
909 4553 1101 4624 ὥσπερ
1148 4552 1247 4606 τοῦ
1292 4553 1421 4624 τῇδε
1467 4553 1678 4621 κόσμου
1713 4549 1970 4622 ὁρώμενα

376 4652 625 4719 στοιχεῖα
651 4647 710 4701 ἓν
745 4646 871 4701 καθ’
894 4646 953 4700 ἓν
975 4646 1439 4719 ἐδημιούργησεν,
1465 4644 1610 4700 οὕτω
1633 4648 1725 4699 καὶ
1746 4646 1846 4709 τὰς
1860 4643 1972 4699 ἄνω

377 4738 720 4811 στρατηγίας
752 4736 1305 4808 τελεσιουργηθῆναι.
1336 4738 1770 4810 Δημιουργήσας
1812 4736 1870 4790 δὲ
1912 4734 1973 4789 τὸ

377 4833 739 4903 πολύμορφον
772 4832 995 4903 πνεῦμα
1027 4832 1139 4885 τῶν
1170 4830 1407 4897 αἰώνων,
1438 4831 1535 4884 ἀπ’
1552 4832 1724 4886 ἀὑτοῦ
1756 4831 1971 4895 ἔλαϐεν,

381 4928 455 4993 ὡς
487 4927 598 4981 ἀπὸ
622 4928 726 4997 γῆς
756 4924 819 4978 τδ
855 4924 1042 4995 σῶμα,
1079 4924 1177 4977 καὶ
1206 4924 1308 4987 τὰς
1338 4925 1648 4994 ἁχράντους
1674 4926 1768 4978 καὶ
1799 4940 1975 5005 ποινάς

381 5017 508 5084 γίας
537 5014 802 5084 δυνάμεις
825 5013 936 5066 τῶν
965 5014 1237 5083 οὐρανίων
1266 5013 1552 5084 δυνάμεων
1581 5015 1975 5086 ἀποκαταστή-

380 5127 482 5173 σας
505 5110 965 5180 ἐδημιούργησεν,
995 5109 1054 5160 ὲν
1077 5111 1319 5180 πρώτοις
1349 5109 1418 5161 τά
1445 5107 1750 5178 Χερουϐὶμ,
1782 5109 1977 5163 ἔπειτα

377 5200 659 5272 Σεραφὶμ,
690 5197 810 5253 εἶτα
854 5201 984 5263 τοὺς
1019 5198 1280 5271 Θρόνους,
1321 5201 1422 5265 τὰς
1456 5201 1804 5271 Κυριότητα;
1828 5242 1844 5262 .
1877 5206 1975 5267 τὰς

399 5291 625 5364 ’Λρχὰς,
657 5294 757 5355 τὰς
791 5289 1098 5358 Ἐξουσίας,
1123 5292 1224 5356 τὰς
1263 5291 1557 5364 Δυνάμεις,
1609 5293 1737 5358 τοὺς
1785 5292 1978 5363 Ἀγγέο

382 5385 510 5452 λους
540 5390 636 5442 καὶ
683 5386 1112 5459 Ἀρχαγγὲλους.
1137 5385 1259 5439 Τῶν
1275 5387 1390 5442 ἄνω
1422 5387 1669 5459 ἀπείρων
1695 5389 1977 5460 μυριάδων

384 5482 483 5533 καί
518 5481 778 5552 χιλιάδων
814 5482 924 5535 τῶν
955 5481 1228 5551 οὐρανίων
1258 5481 1570 5552 δυνάμεων,
1622 5482 1841 5552 Μιχαὴλ
1883 5482 1979 5535 καὶ

381 5573 653 5646 Γαϐριὴλ,
682 5572 893 5645 Οὐριὴλ
923 5575 1018 5628 καὶ
1052 5573 1324 5644 Ῥαφαὴλ,
1350 5575 1445 5627 καὶ
1483 5573 1733 5645 Σαμαῂλ,
1761 5575 1811 5627 οἱ
1834 5591 1979 5645 πρω-

374 5669 632 5730 τεύοντες
667 5668 776 5722 τῶν
797 5668 1110 5740 ἀσωμάτων
1134 5668 1439 5737 δυνάμεων.
1478 5666 1649 5735 Οὗτος
1679 5671 1707 5723 ὁ
1744 5668 1979 5742 Σαμαὴλ

441 5850 485 5880 ³⁵
516 5849 697 5907 Ecclc.
739 5866 790 5905 xt
844 5850 900 5907 2.

2074 4552 2239 4609 dreas
2268 4571 2283 4608 :
2316 4552 2503 4607 Potuit
2557 4550 2779 4620 quidem
2826 4546 2972 4602 Deus
3020 4561 3217 4601 omnes
3266 4546 3491 4600 omnino
3518 4561 3684 4615 ange-

2074 4646 2253 4702 lorum
2324 4646 2591 4716 legiones,
2634 4642 2801 4697 verbo
2851 4641 3018 4695 unico
3068 4639 3400 4709 productas,
3467 4640 3676 4693 circum

2075 4739 2420 4795 tremendum
2448 4733 2847 4792 inaccessibilis
2871 4732 3058 4802 gloriae
3082 4746 3198 4787 sua
3225 4731 3486 4785 thronum
3509 4732 3682 4785 collo-

2080 4846 2209 4888 care
2241 4830 2406 4887 simul
2430 4847 2446 4884 :
2485 4836 2885 4890 verumtamen,
2913 4825 3077 4880 sicuti
3105 4839 3227 4893 qua
3246 4823 3493 4878 videmus
3514 4841 3678 4878 urun-

2076 4924 2132 4979 di
2188 4924 2354 4994 hujus
2393 4920 2672 4977 inferioris
2704 4919 2976 4974 elementa
3037 4930 3202 4987 atque
3241 4916 3510 4988 principia
3549 4933 3680 4974 suc-

2078 5020 2290 5077 cessive
2337 5016 2561 5072 molitus
2587 5022 2703 5080 est,
2744 5014 2827 5069 sic
2857 5022 2912 5068 et
2948 5012 3240 5083 spirituum
3282 5011 3678 5084 angelicorum,

2078 5110 2173 5181 qui
2200 5108 2371 5163 malos
2391 5106 2655 5166 incolunt.
2677 5105 2816 5160 alios
2843 5103 2967 5158 aliis
2995 5102 3329 5158 successisse
3385 5102 3678 5158 dicendum

2076 5201 2316 5257 videtur.
2349 5199 2585 5255 Condito
2608 5207 2791 5252 autem
2822 5196 2937 5264 illo,
2961 5212 3123 5269 quem
3167 5194 3409 5253 diximus
3431 5236 3447 5262 ,
3484 5197 3679 5267 spiritu

2080 5290 2410 5349 multiformi
2462 5291 2815 5354 saeculorum,
2865 5289 3175 5361 chtttnpsit
3224 5289 3351 5345 inde
3398 5289 3683 5361 (quemad-

2081 5388 2304 5444 modum
2364 5401 2599 5457 corpora
2632 5382 2891 5440 formavit
2922 5397 2954 5439 e
3010 5382 3182 5456 terra)
3209 5397 3319 5454 quo
3351 5384 3683 5454 purissimos

2081 5480 2569 5551 sanctissimosque
2591 5477 2897 5534 ctelestium
2936 5478 3201 5532 virtutum
3230 5476 3420 5546 genios
3441 5473 3677 5541 faceret;

2082 5590 2147 5631 ac
2175 5576 2358 5648 primo
2384 5574 2605 5646 quidem
2636 5572 2760 5628 loco
2790 5570 3162 5635 Clteruhinos,
3199 5570 3395 5624 deinde
3425 5570 3680 5641 Seraphi-

2076 5682 2206 5736 uos,
2225 5678 2416 5741 postea
2429 5664 2706 5735 Thronos,
2722 5674 2836 5721 tum
2857 5662 3290 5729 Dominationes,
3307 5659 3680 5733 Principatus,
