4090 6408
392 357 498 421 807

1457 338 1877 403 NICEPHORI
1915 332 2404 397 PRESBYTER!
2440 332 2547 392 ΕΡ.

3572 316 3679 383 808

398 468 744 526 l’otestalcs.
810 460 1093 524 Virtutes,
1161 455 1433 528 Angelos,
1481 450 2036 522 Archaugelosqueul

2139 446 2323 517 πάρχει
2368 447 2397 499 6
2448 443 2646 508 Σατάν,
2686 443 2713 496 6
2770 440 2952 511 ριφεὶς
2992 440 3056 493 ἐκ
3094 437 3204 492 τῶν
3253 434 3500 510 οὐρανῶν
3526 451 3539 465 ·
3583 437 3685 489 οὐκ

398 560 620 615 Illorum
659 572 790 611 vero
815 569 1048 610 numero
1087 549 1424 606 inlinitorum
1452 547 1744 616 spirituum
1787 544 1996 613 primas

400 659 588 706 tenent
645 647 914 712 Michael,
976 643 1237 706 Gabriel,
1296 638 1484 704 Uriel,
1553 636 1832 706 [{aphael,
1895 648 1999 689 nec

405 758 515 796 nou
576 739 818 801 Samaei,
876 737 971 807 qui
1021 751 1143 790 mox
1185 748 1217 788 e
1246 730 1402 786 cretis
1453 728 1719 797 dejectus,
1766 727 2000 780 Satanas

405 837 583 892 tactus
652 844 769 900 est;
834 847 941 887 non
1003 828 1129 900 quia
1192 825 1424 880 adorare
1471 822 1742 876 Adamqu
1800 818 2000 883 renuit,

411 931 492 985 uti
552 927 773 997 quidam
830 923 1158 978 fabulatores
1206 914 1470 985 suspicati
1540 920 1705 977 sunt,
1770 910 2002 965 necdum

408 1023 550 1077 enim
597 1023 860 1075 formatus
909 1024 1026 1070 erat
1059 1013 1224 1067 homo
1260 1028 1272 1063 :
1306 1009 1400 1064 sed
1435 1007 1579 1074 quod
1640 1002 1920 1058 induxerit
1949 1002 2004 1055 in

414 1115 699 1177 animum,
769 1108 1036 1164 οοιιυεειιιιι
1095 1105 1150 1158 in
1212 1101 1452 1156 nubibus
1504 1100 1763 1152 thronum
1818 1107 2006 1158 suum,

411 1204 757 1270 volueritque
787 1198 981 1254 similis
1000 1210 1124 1251 esse
1158 1193 1479 1258 Altissimo,
1508 1189 1737 1260 gloriam
1774 1187 1820 1241 ei
1853 1199 2009 1240 suam

411 1297 699 1360 invidens;
738 1293 865 1348 hinc
902 1292 1039 1344 Deus
1073 1287 1397 1351 illum,eum
1433 1292 1548 1338 toto
1598 1279 1847 1351 ejusdem
1874 1293 2012 1333 cou-

416 1388 521 1446 silii
554 1385 825 1446 exercitu,
853 1397 883 1438 e
920 1395 1140 1436 summo
1168 1378 1221 1433 in
1257 1377 1426 1431 imum
1473 1372 1807 1444 praecipitem
1841 1371 2011 1427 dedit.

412 1478 706 1535 Constituit
755 1477 919 1546 igitur
981 1473 1124 1527 Deus
1163 1470 1385 1526 ordines
1413 1466 1737 1536 angelorum
1790 1480 2014 1534 perma-

414 1587 549 1639 guos
571 1610 585 1635 ,
611 1583 846 1637 quorum
880 1566 1123 1619 humano
1167 1557 1516 1630 computandi
1550 1556 1713 1611 modo
1743 1570 2011 1610 numerus

418 1660 651 1716 inveniri
674 1676 781 1714 non
812 1665 990 1727 potest
1019 1695 1034 1721 ,
1082 1651 1545 1725 quemadmodum
1584 1649 1897 1719 nnigenitus
1920 1648 2013 1705 Dei

421 1754 592 1809 Filius
621 1752 890 1823 passionis
922 1766 1032 1803 sua:
1063 1758 1304 1815 tempore
1333 1743 1391 1797 Β.
1420 1742 1580 1797 Petro
1597 1740 1755 1805 dixit,
1780 1756 2018 1810 possese

2100 538 2290 606 ἐπειδὴ
2314 538 2373 591 οὑ
2410 535 2791 606 προσεκύνησε
2818 534 2910 587 τὸν
2954 532 3151 600 ’Λδὰμ,
3181 529 3367 595 καθώς
3404 545 3551 591 τινες
3589 545 3687 597 μυ-

2101 629 2453 697 θολογοῦντες
2509 627 2875 697 ὑπειλήφασιν
2911 625 3031 695 (καὶ
3075 622 3140 695 δὴ
3170 622 3271 676 οὑκ
3298 617 3371 693 ἦν
3396 620 3716 692 ἄνθρωπος’

2102 722 2184 777 ἔτι
2217 721 2523 793 πλασθεὶς),
2557 720 2694 774 ἀλλὰ
2724 721 2807 772 ὅτι
2845 719 3097 790 ἐνενόησε
3131 716 3331 785 στῆσαι
3364 713 3454 768 τὸν
3500 712 3691 784 θρόνον

2103 818 2164 870 ὲν
2191 816 2469 886 νεφέλαις,
2518 814 2616 869 καὶ
2658 812 2879 866 ἔσεσθαι
2912 812 3101 881 ὅμοιος
3130 810 3209 881 τῷ
3255 808 3519 878 ’Υψίστῳ,
3547 807 3693 861 ὥστε

2103 910 2204 981 τὴν
2233 909 2393 976 δόξαν
2438 907 2647 978 Κυρίου
2675 905 3097 976 περιεφθὸνησε,
3150 905 3247 958 καὶ
3276 902 3367 958 διὰ
3401 902 3561 957 τοῦτο
3594 901 3695 954 αὑ-

2107 1001 2200 1052 τὸν
2226 998 2358 1061 Θεὸς
2393 999 2842 1067 κατεκρήμνισεν
2863 994 3074 1051 ἄνωθεν
3114 995 3268 1048 κάτω
3314 995 3415 1048 σὺν
3443 994 3594 1064 πάσῃ
3626 994 3694 1062 τῇ

2111 1091 2347 1160 στρατιᾷ
2381 1087 2570 1152 αὑτοῦ,
2607 1086 2730 1158 μεθ’
2773 1081 2848 1140 ὧν
2882 1085 3059 1140 ταῦτα
3086 1083 3468 1138 ἐϐουλεύσατο.
3503 1082 3699 1147 Τάξεις

2110 1180 2205 1238 οὖν
2236 1184 2488 1255 μεγάλας
2516 1186 2544 1238 6
2567 1183 2702 1246 Θεὸς
2734 1182 3102 1250 ὑπεστήσατο,
3144 1180 3329 1250 μέτρῳ
3363 1178 3700 1249 ἀνθρωπίνῳ

2115 1278 2194 1351 μὴ
2224 1278 2665 1350 ἀριθμουμένας,
2695 1277 2879 1340 καθὼς
2911 1270 3068 1329 εἶπεν
3115 1275 3143 1328 6
3191 1273 3490 1345 μονογενὴς
3530 1273 3703 1339 Λόγος

2113 1372 2208 1424 τοῦ
2238 1369 2376 1423 Θεοῦ
2414 1368 2494 1440 τῷ
2527 1367 2787 1438 μακαρίῳ
2817 1367 3010 1437 Πέτρῳ
3051 1368 3112 1420 ἐν
3148 1365 3226 1434 τῷ
3264 1362 3442 1433 καιρῷ
3466 1362 3562 1417 τοῦ
3595 1361 3705 1415 πά·

2121 1465 2254 1526 θους
2282 1459 2474 1528 αὑτοῦ,
2524 1461 2607 1514 ὅτι
2655 1458 2972 1528 Ἦδυνάμην
3018 1456 3239 1521 πλείους
3280 1455 3314 1526 ἦ
3360 1454 3573 1508 δώδεκα
3614 1454 3704 1507 λει-

2116 1557 2331 1625 γεῶνσς
2384 1555 2743 1625 παραστῆσαι
2789 1549 3064 1620 ἀγγέλων.
3108 1550 3276 1604 Ὅθεν
3309 1543 3456 1604 οὗτοι
3518 1548 3708 1615 ἐξέπεο

2120 1666 2233 1713 σον,
2259 1647 2469 1701 ἐκεῖθεν
2495 1649 2523 1700 ὁ
2554 1645 2715 1717 χορὸς
2743 1645 2854 1699 τῶν
2887 1643 3214 1713 σωζομένων
3243 1642 3529 1710 ἀνάγεται,
3561 1643 3705 1704 ὅπως

2120 1735 2492 1807 ἀναπληρωθῇ
2548 1734 2612 1788 τὸ
2645 1735 2876 1789 δέκατον
2928 1734 3115 1803 τάγμα
3158 1732 3270 1785 τῶν
3314 1732 3566 1800 ἀγγέλων
3612 1729 3709 1782 τοῦ

418 1849 708 1917 plusquam
764 1840 1050 1898 duodecim
1081 1837 1325 1908 legiones
1372 1835 1689 1904 angelorum
1723 1830 2008 1887 exhibere.

2139 1831 2281 1885 θεοῦ.
2310 1829 2485 1899 Δῆλον
2524 1825 2617 1883 οὖν
2640 1829 2722 1882 ὅτι
2757 1828 2990 1899 δευτέρᾳ
3030 1827 3177 1898 φορᾷ
3217 1827 3275 1878 at
3311 1825 3427 1879 ἄνω
3475 1841 3711 1896 στρατη-

418 1940 574 1994 Νιιιιο
604 1952 729 1991 vero
765 1935 908 1989 unde
935 1932 1162 2001 spiritus
1190 1929 1265 1984 illi
1297 1926 1515 1996 superbi
1540 1923 1884 1990 exciderunt,
1942 1938 2010 1978 eo

2119 1925 2235 1991 γίαι
2266 1919 2834 1991 ὲτελεσιουργήθησαν
2865 1917 3002 1989 (67).

419 2031 688 2094 homines,
743 2028 835 2099 qui
884 2028 1185 2088 salvantur,
1246 2021 1523 2076 numerosi
1578 2018 1905 2081 ascendunt.
1948 2029 2007 2074 ut
2045 2020 2292 2075 decimus
2337 2017 2659 2088 angelorum
2705 2016 2910 2071 chorus
2977 2014 3312 2085 suppleatur.
3367 2010 3709 2065 Manifestum

421 2124 604 2190 itaque
652 2126 758 2185 est,
822 2116 1062 2172 sccumlo
1117 2118 1239 2168 loco
1296 2113 1589 2184 productos
1639 2124 1759 2165 esse
1783 2109 2011 2180 spiritus
2051 2112 2327 2167 caelostes.

492 2241 616 2296 160.
673 2238 950 2306 Quaerenti
1017 2236 1216 2290 iterum
1292 2231 1617 2302 Epiphanio,
1668 2229 1798 2300 quid
1856 2245 2023 2299 porro

426 2335 569 2389 Deus
617 2333 951 2388 condidisset
1007 2328 1126 2383 loco
1179 2326 1342 2379 tertio
1371 2342 1386 2378 :
1415 2323 1689 2385 Erebum,
1744 2323 2026 2393 respondit

427 2426 692 2492 Andreas,
748 2432 815 2483 et,
861 2422 1052 2482 chaos,
1126 2416 1380 2470 tenebras
1406 2423 1459 2469 et
1493 2428 1711 2484 aquam,
1755 2416 1935 2485 ignem
1974 2429 2029 2474 et

428 2519 705 2581 nebulas,
762 2523 819 2569 et
863 2523 1061 2565 caecam
1116 2507 1419 2561 inferorum
1497 2506 1799 2574 regionem.
1860 2505 2021 2561 Tunc

440 2626 580 2682 aqua
616 2618 722 2663 non
760 2604 939 2661 stabat
965 2602 1211 2665 immota,
1245 2597 1340 2653 sed
1365 2596 1664 2652 ﬂuetuabat
1703 2608 1759 2650 et
1784 2598 2031 2669 agitaba-

431 2717 521 2760 tur
547 2723 560 2757 :
595 2699 823 2771 spiritus
852 2694 1051 2765 quippe
1086 2692 1322 2757 Domini,
1353 2701 1413 2745 ut
1444 2689 1690 2760 loquitur
1720 2688 2031 2759 Scriptura,

433 2797 708 2853 ferebatur
736 2804 902 2859 super
928 2800 1120 2856 aquas,
1158 2793 1417 2853 rectoque
1458 2783 1762 2853 procedens
1808 2782 2033 2835 tramite

436 2894 557 2947 illas
622 2884 861 2954 undique
893 2880 1129 2954 fovebat.
1175 2877 1365 2947 Neque
1424 2885 1607 2930 tamen
1657 2884 1817 2943 putes
1849 2873 2032 2938 illum,

437 2981 500 3035 de
560 2991 672 3045 quo
704 2976 791 3027 hic
842 2971 1077 3042 agimus,
1109 2968 1371 3039 Spiritum
1424 2964 1595 3021 fuisse
1640 2974 1915 3031 sanctum,
1950 2965 2032 3019 uti

438 3067 800 3143 quorumdam
854 3068 960 3120 fert
1011 3061 1304 3126 sententia,
1366 3057 1463 3114 sed
1494 3067 1548 3113 et
1577 3058 1757 3128 ipsqu
1788 3066 2032 3112 creatum

2197 2230 2301 2298 ρξ’.
2350 2229 2671 2298 Ἐπιφάνιος
2706 2220 2863 2281 εἶπεν
2891 2242 2907 2258 ·
2942 2222 3140 2294 Τρίτον
3186 2222 3214 2272 6
3254 2221 3390 2284 Θεὸς
3433 2221 3485 2273 τί
3527 2218 3716 2287 ἐποίη-

2130 2340 2266 2391 οεν;
2298 2325 2442 2394 Ἔφη
2482 2323 2509 2375 6
2563 2322 2711 2383 ὅσιος
2739 2335 2755 2352 ο
2819 2318 3106 2388 Ἐποίησεν
3144 2315 3372 2386 Ἔρεϐος
3414 2314 3507 2366 καὶ
3563 2312 3713 2380 χάος,

2134 2418 2329 2479 σκότος
2364 2417 2460 2471 καὶ
2507 2414 2676 2486 ὕδωρ,
2713 2412 2825 2484 πῦρ
2859 2415 2953 2467 καὶ
2982 2410 3237 2481 ὀμίχλην,
3280 2409 3376 2462 καὶ
3409 2408 3476 2459 τὰ
3500 2407 3721 2476 ἀφεγγῆ

2135 2510 2318 2582 χωρία
2350 2509 2461 2562 τῶν
2486 2506 2886 2578 καταχθονίων.
2919 2503 3055 2556 Τότε
3084 2500 3228 2571 ὕδωρ
3282 2499 3383 2550 οὑκ
3422 2491 3492 2567 ἦν
3524 2495 3716 2557 ἑστὼς,

2139 2600 2278 2657 ἀλλὰ
2306 2600 2641 2669 κλυζόμενον
2672 2597 2773 2652 καὶ
2809 2594 3134 2665 κινούμενον
3157 2606 3172 2623 '
3201 2588 3419 2658 πνεῦμα
3450 2587 3559 2657 γὰρ
3583 2582 3721 2639 Θεοῦ

2141 2696 2470 2765 ἐπεφέρετο,
2505 2691 2581 2756 ὥς
2608 2680 2838 2762 φησινῆ
2873 2686 3090 2757 Γραφὴ,
3125 2684 3315 2738 ἐπάνω
3355 2681 3448 2735 τοῦ
3505 2679 3720 2741 ὓδατος,

2141 2789 2235 2840 καὶ
2269 2784 2589 2853 εὑθυπὸρως
2620 2783 2904 2851 ἐπήγαγεν
2936 2776 3082 2847 αὑτῷ
3119 2773 3376 2837 εὐθέτως,
3407 2772 3500 2825 καὶ
3534 2770 3727 2840 περιέ-

2141 2878 2317 2933 θαλπε
2351 2878 2413 2930 τὸ
2454 2874 2679 2944 πνεῦμα
2721 2869 2905 2925 τοῦτο.
2945 2868 3084 2937 Οὐχὶ
3128 2865 3188 2918 τὸ
3234 2863 3458 2935 Πνεῦμα
3481 2862 3541 2916 τὸ
3567 2860 3726 2931 ἅγιον

2141 2969 2232 3044 ἦν,
2268 2971 2346 3044 μὴ
2376 2970 2615 3040 γένοιτο,
2656 2966 2733 3030 ῶς
2775 2980 2921 3028 τινες
2952 2958 3322 3044 ὑπειλήφασιν
3348 2974 3364 2991 ο
3403 2953 3620 3025 πνεῦμα
3667 2954 3726 3007 δὲ

2142 3043 2211 3135 ἦν
2256 3043 2350 3115 καὶ
2384 3058 2518 3111 αὐτὸ
2552 3056 2969 3128 διμιουργηθὲν,
3001 3043 3096 3122 ἀφ’
3144 3044 3207 3105 οὑ
3236 3051 3285 3102 οἱ
3324 3050 3517 3119 ἄνεμοι
3553 3046 3731 3099 ἐτελε-

443 3141 513 3217 ab
570 3160 759 3215 eodem
824 3154 1057 3220 artiﬁce,
1115 3169 1145 3207 a
1201 3166 1310 3222 quo
1369 3150 1516 3205 renti
1584 3149 1839 3218 producti
1889 3158 2036 3203 sunt.

2148 3151 2584 3224 σιουργήθησαν.
2633 3148 2954 3216 Ἐπιφάνιος
2983 3141 3141 3197 εἶπεν
3166 3157 3181 3172 ⁸
3210 3143 3332 3204 Πῶς
3360 3142 3511 3193 ἔστιν
3555 3141 3583 3192 6
3604 3155 3730 3207 γεν-

441 3255 629 3307 Denuo
688 3244 1048 3315 interroganti
1080 3241 1402 3314 Epiphanio,
1469 3251 1581 3309 quo
1641 3248 1799 3307 pacto
1848 3236 2037 3305 Pater,

443 3345 677 3417 genitor,
724 3350 778 3396 et
833 3339 1039 3404 Filius,
1106 3336 1340 3404 genitus,
1394 3340 1450 3387 et
1495 3330 1733 3398 Spiritus
1813 3339 2039 3384 sanctus

443 3445 590 3494 esset
623 3453 638 3490 :
669 3433 745 3499 ιιι,
771 3431 949 3500 inquit
977 3428 1244 3490 Andreas,
1275 3442 1341 3480 ex
1372 3423 1774 3492 compositione
1797 3422 2038 3477 hominis

449 3529 744 3585 bellissime
791 3524 953 3579 datur
998 3519 1247 3588 intelligi.
1307 3516 1459 3571 Mens
1523 3514 1791 3585 siquidem
1850 3522 2041 3567 nostra

447 3626 702 3686 Patrem,
771 3618 912 3673 ratio
976 3612 1214 3676 Filium,
1292 3607 1537 3680 spirandi
1618 3606 2043 3676 attrahendique

448 3730 628 3770 acrem
652 3711 886 3767 facultas
907 3706 1174 3777 Spiritum
1205 3701 1540 3766 adumbrat;
1574 3696 2042 3770 quemadmodum

448 3807 596 3863 enim
659 3815 761 3859 sua
824 3801 1026 3871 cuique
1084 3812 1263 3861 meus,
1316 3794 1485 3850 menti
1538 3807 1670 3848 vero
1701 3806 1799 3846 sua
1834 3790 1972 3846 ratio
1992 3799 2048 3844 et

451 3896 818 3973 spiritualitas
838 3894 1004 3958 inest,
1022 3891 1095 3945 ita
1110 3905 1278 3945 unum
1301 3901 1425 3942 eum
1449 3898 1679 3955 corpore
1703 3882 2049 3938 constituunt

453 3989 754 4045 hominem.
790 3984 988 4041 Anima
1045 3981 1248 4051 quippe
1280 3976 1688 4040 intellectualis,
1739 3974 2048 4040 ratiOnalis,

453 4093 507 4136 et
536 4079 936 4154 spiritualisest
962 4092 977 4129 :
1006 4084 1062 4130 et
1090 4074 1200 4128 alia
1239 4070 1460 4143 quidem
1498 4068 1719 4135 animae,
1755 4067 1861 4122 alia
1894 4082 2051 4122 tuen-

456 4177 547 4241 tis,
617 4173 722 4227 alia
766 4168 995 4224 rationis
1057 4162 1384 4235 hypostasis,
1456 4161 1535 4216 uti
1585 4168 1767 4230 puto:
1820 4168 1877 4215 at
1922 4173 2054 4215 vero

457 4263 793 4327 substantia,
836 4270 1054 4323 natura,
1109 4255 1372 4326 Operaudi
1429 4252 1533 4316 vis,
1567 4262 1733 4323 atque
1774 4253 2055 4316 voluntas,

459 4362 516 4416 in
558 4360 626 4414 iis
676 4370 784 4411 una
833 4352 1135 4419 eademque
1168 4345 1592 4417 deprehenditur
1634 4353 1786 4400 extra
1834 4359 2056 4414 corpus.

461 4457 641 4522 Atque
692 4451 807 4503 haec
852 4448 969 4517 ipsa
1011 4458 1134 4498 cum
1192 4439 1392 4495 divinis
1422 4438 1586 4493 velim
1627 4437 1819 4492 sedqu
1839 4451 2062 4505 compa-

2147 3249 2331 3319 νήτωρ
2372 3247 2582 3315 Πατὴρ,
2616 3244 2711 3298 καὶ
2740 3245 2768 3296 6
2798 3238 3086 3310 γεννηθεὶς
3111 3237 3262 3303 Υἱὸς,
3295 3237 3391 3289 καὶ
3418 3234 3479 3288 τὸ
3508 3232 3733 3301 Πνεῦμα

2147 3341 2207 3391 τὸ
2238 3338 2428 3406 διγιονς
2485 3337 2544 3389 '0
2575 3336 2721 3398 ὅσιος
2771 3329 2927 3386 εἶπεν
2960 3347 2975 3362 ⁶
3019 3328 3114 3383 Ἐκ
3148 3329 3249 3400 τῆς
3297 3326 3392 3381 τοῦ
3435 3323 3730 3395 ἀνθρώπου

2152 3431 2460 3492 συνθέσεως
2516 3428 2635 3481 ἔστι
2686 3426 2748 3480 τὸ
2800 3428 2909 3478 πᾶν
2940 3422 3312 3477 κατοπτεῦσαι
3343 3435 3358 3450 ο
3396 3418 3519 3481 νοῦς
3549 3418 3658 3486 γὰρ
3705 3418 3734 3469 6

2151 3524 2365 3594 Πατὴρ,
2397 3522 2557 3590 λόγος
2590 3521 2618 3572 6
2647 3518 2796 3583 Υίὸς,
2828 3515 3057 3586 Πνεῦμα
3090 3512 3274 3581 ἐκείνη
3307 3512 3340 3580 ἡ
3387 3507 3633 3571 εὑπνοια,
3665 3505 3732 3558 δι’

2153 3616 2220 3690 ἧς
2249 3616 2340 3671 τὸν
2384 3616 2581 3686 αἰθέρα
2614 3612 2962 3680 ἀναπνέομεν
2987 3624 3002 3639 ο
3033 3607 3289 3676 καθάπερ
3336 3604 3445 3673 γὰρ
3496 3603 3624 3656 νοῦν
3649 3617 3733 3663 τις

2152 3712 2289 3766 ἴδιον
2317 3709 2607 3778 κέκτηται,
2640 3708 2667 3759 6
2696 3704 2753 3758 δὲ
2779 3702 2902 3764 νοῦς
2927 3700 3085 3770 λόγον
3119 3698 3213 3752 καὶ
3250 3695 3486 3766 πνεῦμα,
3522 3708 3738 3747 συστοι-

2154 3804 2314 3877 χοῦσι
2340 3802 2397 3856 δὲ
2436 3803 2515 3866 είς
2545 3800 2645 3852 ἕνα
2688 3797 2786 3853 σὺν
2829 3796 2907 3867 τῷ
2932 3793 3167 3863 ’σώματι
3198 3790 3486 3860 ἄνθρωπον
3516 3804 3534 3820 ο
3575 3786 3738 3852 νοερὰ

2158 3898 2270 3968 γὰρ
2298 3899 2332 3968 ὴ
2362 3895 2534 3965 ψυχὴ,
2566 3893 2664 3947 καὶ
2683 3890 2906 3960 λογικὴ,
2956 3890 3054 3941 καὶ
3090 3885 3441 3955 πνευματικὴ
3467 3877 3741 3951 χρηματί-

2162 3991 2280 4055 ζει·
2315 3988 2451 4059 ἄλλη
2485 4004 2545 4040 τε
2581 3987 2615 4057 ἠ
2650 3985 2749 4055 τῆς
2771 3982 2948 4053 ψυχῆς
2979 3978 3300 4041 ὑπόστασις,
3327 3971 3463 4043 ἄλλη
3494 3990 3552 4025 τε
3588 3968 3741 4042 ἡτοῦ

2159 4085 2301 4149 νοὸς,
2338 4082 2501 4153 ἑτέρα
2534 4096 2592 4135 τε
2618 4079 2651 4151 ή
2678 4076 2774 4131 τοῦ
2803 4076 2988 4144 λόγου,
3012 4071 3087 4135 ὡς
3112 4066 3265 4141 οῐμαι
3292 4086 3309 4102 ·
3348 4065 3486 4122 ἀλλὰ
3514 4066 3614 4136 μία
3635 4063 3743 4116 τῶν

2162 4177 2444 4248 ἑκατέρων
2492 4175 2527 4246 ἡ
2561 4171 2742 4235 οὐσία,
2785 4168 2860 4233 ὡς
2895 4165 3188 4238 πρόδηλον,
3218 4161 3314 4216 καὶ
3347 4159 3447 4230 μία
3486 4160 3521 4229 ή
3557 4156 3744 4227 φύσις,

2167 4274 2263 4326 καὶ
2280 4270 2421 4340 αὑτὴ
2444 4268 2540 4322 καὶ
2566 4266 2842 4337 ἐνέργεια,
2863 4262 2958 4316 καὶ
2983 4259 3040 4314 ἒν
3065 4258 3247 4313 αὑτῶν
3273 4255 3334 4310 τὸ
3365 4253 3578 4325 θέλημα
3601 4251 3746 4321 πάρ-

2165 4361 2227 4428 εξ
2254 4361 2348 4415 τοῦ
2376 4360 2650 4432 σώματος.
2681 4358 2791 4411 Kal.
2817 4354 2990 4408 ταῦτα
3020 4352 3221 4425 ἐρεύνα
3263 4350 3358 4403 καὶ
3387 4346 3458 4400 τὰ
3483 4342 3612 4414 περὶ
3647 4341 3749 4411 τῆς

2167 4454 2455 4525 Θεότητος,
2480 4449 2574 4504 καὶ
2607 4448 2866 4519 εὑρήσεις
2901 4441 3122 4514 Πνεῦμα
3155 4438 3313 4505 Θεοῦ,
3344 4435 3471 4491 νοῦν
3503 4433 3752 4502 Πατέρα,

463 4561 578 4608 res,
644 4549 969 4612 reperturus
1028 4534 1220 4604 utique
1280 4531 1532 4602 spiritum
1585 4544 1682 4601 pro
1733 4529 1939 4599 Spiritu
1970 4528 2036 4582 De

2139 4560 2140 4568 ‘
2170 4548 2265 4602 καὶ
2290 4546 2463 4614 Λόγον
2506 4544 2599 4597 τὸν
2639 4539 2910 4612 μονογενῆ
2938 4535 3103 4592 αὑτοῦ
3151 4531 3280 4586 Υἰόν
3320 4548 3336 4562 ο
3368 4529 3459 4583 διὰ
3494 4526 3603 4598 γὰρ
3641 4524 3753 4576 τῶν

465 4645 681 4703 sancto,
714 4642 947 4689 mentem
986 4645 1114 4685 vero
1141 4644 1241 4699 pro
1259 4626 1444 4689 Patre,
1477 4623 1747 4680 rationem
1784 4639 1886 4694 pro
1930 4622 2031 4678 Fili

2171 4639 2340 4710 τριῶν
2369 4636 2578 4691 τούτων
2602 4633 2957 4689 ὑποστάσεων
2990 4625 3069 4693 εἷς
3101 4626 3235 4691 Θεὸς
3282 4624 3375 4679 καὶ
3422 4621 3618 4694 ὁρᾶται
3660 4615 3756 4670 καὶ

465 4734 586 4803 ejus
612 4728 891 4800 unigenito
918 4739 1077 4780 esse:
1110 4737 1205 4793 per
1224 4729 1336 4775 tres
1377 4721 1524 4774 enim
1556 4718 1881 4789 hypostases
1908 4717 2036 4771 hasc

2173 4731 2518 4802 κηρύσσεται
2551 4725 2898 4797 θεοπρεπῶς.

470 4840 615 4881 unus
671 4831 729 4879 et
778 4819 1131 4892 cognoscitur
1175 4826 1231 4872 et
1295 4813 1652 4884 prmdiCatur,
1712 4819 1774 4866 ut
1834 4825 1936 4880 par
1963 4817 2069 4874 est,

473 4920 644 4976 Deus.

547 5057 673 5111 161.
702 5054 874 5109 Dictis
902 5051 1056 5107 hisce
1076 5050 1312 5105 Androm
1338 5047 1412 5102 ita
1441 5043 1665 5114 subiicit
1684 5040 2022 5114 Epiphanius
2054 5057 2069 5093 :

474 5153 557 5207 Διι
582 5152 768 5220 itaque
798 5146 945 5201 Deus
980 5145 1276 5199 humanam
1310 5141 1475 5196 habet
1504 5137 1778 5193 fortnam?
1805 5134 1907 5191 Cui
1965 5134 2079 5188 An-

476 5247 639 5303 dreas
673 5261 684 5296 :
715 5238 1096 5311 Nequaquam,
1159 5237 1230 5291 ﬁli
1282 5235 1380 5300 mi,
1412 5249 1519 5289 non
1556 5231 1704 5288 enim
1750 5230 2073 5294 humanam,

480 5353 646 5412 quam
700 5337 820 5400 ais,
872 5335 1141 5403 speciem,
1194 5344 1296 5384 nec
1352 5325 1768 5382 similitudinem
1814 5330 2079 5377 creatura:

482 5431 731 5506 cujusvis
784 5429 989 5484 habet:
1023 5427 1135 5480 imo
1197 5437 1374 5493 neque
1430 5420 1565 5474 vidit
1613 5417 1765 5473 illum
1805 5414 2080 5486 quispiam

555 5636 671 5708 (76)
727 5634 1053 5701 Quanquam
1095 5624 1249 5708 locus
1296 5622 1383 5677 hic
1415 5620 1549 5708 satis
1602 5615 1831 5708 intelligi
1864 5613 2080 5708 possit,

485 5688 837 5761 lib‘etv'tatneu
869 5688 933 5756 ei
970 5715 1073 5753 ms.
1109 5697 1310 5749 Mazar.
1360 5693 1612 5748 eumdem
1651 5690 1813 5761 paulo
1864 5688 2086 5761 varian-

490 5757 621 5828 irini
654 5757 889 5837 adferre,
942 5779 1002 5823 ut
1047 5768 1257 5837 eligas,
1289 5764 1389 5837 qui
1448 5762 1625 5837 magis
1653 5757 1887 5837 placet;
1923 5757 2086 5837 habet

484 5827 673 5915 autem
733 5827 1049 5911 εἰοιλῆλον
1103 5827 1198 5892 οῦν
1229 5827 1328 5911 ’δτι
1373 5827 1624 5902 δεύτερον
1664 5827 1878 5897 ποίημα
1910 5827 2086 5883 atav-

2255 5014 2391 5087 ρξαῆ
2435 5007 2941 5083 Ἐπιφάνιος-εἶπεν
2967 5026 2982 5040 ·
3025 5004 3095 5062 Ἀ
3107 5007 3177 5080 ρὰ
3198 5022 3260 5077 γε
3284 5002 3345 5059 τὸ
3376 5004 3531 5059 Θεῖον
3557 5001 3770 5071 ἀνθρω-

2182 5111 2469 5185 πόμορειόν
2498 5113 2647 5164 ἐστιν
2679 5106 2828 5180 (68);
2864 5105 2924 5158 '0
2953 5104 3228 5175 μακάριος
3250 5101 3357 5170 ἔφη
3387 5113 3403 5129 ο
3435 5098 3527 5168 Μὴ
3557 5096 3772 5165 γένοιτο

2179 5209 2372 5263 τέκνον
2392 5220 2408 5236 ⁸
2430 5205 2492 5260 οὑ
2521 5204 2631 5276 γάρ
2658 5205 2828 5269 ἐστιν,
2848 5200 2923 5262 ὡς
2951 5200 3110 5270 ἔφης,
3134 5193 3628 5267 ἀνθρωπόμορφον,
3646 5188 3772 5241 οὗτε

2180 5304 2361 5373 ὁμοιοῖ
2390 5318 2499 5355 τινι
2537 5299 2803 5369 κτίσματι
2834 5309 2850 5325 ·
2885 5293 3006 5349 ἀλλ’
3039 5289 3164 5345 οὔτε
3202 5289 3454 5359 ἑώρακεν
3488 5285 3651 5341 αὐτόν
3688 5297 3775 5343 τις

2181 5398 2257 5461 ὡς
2289 5395 2429 5464 ἐστι,
2453 5395 2541 5449 ἵνα
2573 5393 2672 5464 τὴν
2700 5386 2874 5445 αὑτοῦ
2911 5384 3127 5459 μορφὴν
3150 5383 3499 5453 διηγήσηται.
3545 5375 3777 5448 ὐρᾶται

2186 5604 2450 5679 θρὼπωζ
2461 5600 2791 5674 στρατηγίαι
2813 5599 2975 5679 εἰσίν.

2263 5652 2933 5749 ῖθὲῖίΐοιιῖἱιέεξέιιυωειιο
2965 5681 3092 5728 cum
3127 5659 3483 5733 responsione
3509 5671 3607 5714 sua
3639 5652 3785 5710 desi-

2187 5741 2411 5806 deratur
2441 5748 2495 5802 in
2518 5760 2622 5801 ms.
2646 5741 2850 5797 Mazar.
3392 5774 3397 5780 .
