4090 6430
318 344 429 410 809

1502 331 1684 400 VITA
1724 335 1786 395 S.
1828 330 2161 394 ANDREIE
2200 330 2395 393 SALI;

3476 325 3580 390 810

318 456 378 513 δὲ
415 456 551 521 Θεὸς
582 452 846 517 πολλάκις
874 452 987 517 τοῖς
1019 447 1295 513 ἐκλεκτοῖς
1319 446 1507 513 αὑτοῦ,
1546 443 1900 519 σχηματίζων
1931 496 1935 507 η

2040 443 2168 498 icnti
2209 451 2312 506 est,
2374 448 2433 497 ut
2471 441 2707 512 qualiter
2757 455 2816 496 se
2842 439 3041 496 habeat
3086 441 3206 508 ejus
3231 438 3427 508 forma,
3465 458 3591 500 nar-

319 549 536 612 ἑαυτὸν,
568 547 646 611 ὡς
676 548 709 617 ὴ
737 545 966 615 δύναμις
993 542 1222 597 ἀπαιτεί
1251 536 1362 594 τῶν
1404 538 1747 610 βουλομένων
1776 538 1905 591 ἰδεῖν

327 643 510 700 αὐτόν.
571 639 895 710 Ἐπιφάνιος
953 633 1148 693 εἶπεν·
1199 635 1326 700 Πῶς
1376 635 1529 690 ἐστιν
1586 628 1615 687 ὀ
1669 633 1907 703 Χριστὸς

324 736 454 799 Θεὸς
497 733 590 788 καὶ
618 732 935 802 ἄνθρωπος,
965 730 1023 784 ἐν
1049 748 1107 783 τε
1138 729 1358 799 θεότητι
1389 729 1493 782 κάν
1521 726 1906 798 ἀνθρωπότητι

327 826 671 897 κεκτημένος
718 823 1056 888 ὑπόστασιν;
1083 810 1164 885 εἷς
1214 820 1272 874 δὲ
1317 812 1481 873 πάλιν
1527 818 1657 882 Υἱὸς
1693 814 1910 879 διπλαῖς

332 920 445 980 ταῖς
497 915 700 987 φύσεσι
748 911 1264 984 προσαγορεύεται;
1311 911 1368 965 Ὁ
1397 904 1585 973 "Octa;
1614 910 1718 979 ἔφη
1743 926 1755 941 ·
1789 921 1809 961 ‘t
1851 904 1911 961 ’0

324 1010 499 1077 Λόγος
542 1005 639 1059 τοῦ
689 1004 851 1069 Θεοῦ,
896 1002 1082 1065 καθὼς
1112 1001 1218 1073 ἔφη
1283 1002 1536 1066 Ἰωάννης
1566 1002 1592 1053 ὸ
1624 993 1908 1066 Θεολόγος,

329 1101 466 1171 σὰρξ
501 1099 743 1169 ἐγένετο,
777 1095 872 1152 καὶ
906 1095 1221 1166 ἐσκήνωσεν
1252 1097 1309 1147 ὲν
1337 1094 1522 1163 mihi,»
1548 1092 1649 1145 οὑκ
1689 1092 1916 1144 ἀλλοιω-

329 1191 443 1254 θεὶς
491 1188 586 1241 τοῦ
641 1183 781 1240 εἶναι
820 1185 980 1251 Θεὸς,
1021 1183 1206 1252 ἄπαγε
1240 1200 1255 1215 ο
1290 1178 1407 1237 ἀλλ’
1453 1181 1529 1236 ὣν
1577 1181 1712 1244 Θεὸς
1757 1175 1916 1243 οὗτος

334 1284 502 1353 Λόγος
557 1282 654 1336 καὶ
700 1280 991 1352 ἄνθρωπος
1027 1280 1085 1332 ἐν
1118 1277 1351 1349 ἀληθεία
1383 1276 1624 1343 ἐγένετο,
1664 1273 1916 1345 βροτείαν

332 1376 473 1447 ἔχων
504 1373 669 1446 φύσιν
712 1372 807 1427 καὶ
838 1370 1082 1443 θέλησιν,
1114 1370 1211 1440 μία
1242 1388 1304 1424 τε
1338 1364 1406 1442 ἦν
1439 1371 1473 1441 ἡ
1502 1369 1610 1423 τῶν
1638 1364 1919 1438 ἑκατέρων

334 1469 660 1531 ὑπόστασις,
690 1465 786 1520 δύο
811 1483 870 1518 τε
912 1465 1115 1526 οὑσίαι,
1147 1464 1207 1518 ἓν
1246 1480 1310 1518 τε
1349 1462 1639 1533 πρόσωπον
1673 1462 1770 1531 τῆς
1803 1456 1921 1513 θεό-

332 1573 495 1633 τητος
526 1577 540 1591 ο
583 1559 773 1629 ἐπειδὴ
818 1560 883 1612 ὲκ
928 1556 1022 1610 τοῦ
1062 1555 1249 1610 θεῖκοῦ
1284 1557 1458 1623 Λόγου
1491 1554 1690 1622 ἐπάγει
1734 1557 1793 1607 τὸ
1821 1553 1921 1622 τῆς

334 1652 763 1726 ἀνθρωπόττ,τος
811 1649 982 1705 αὑτοῦ
1024 1650 1324 1720 σεϐάσμιον
1376 1649 1692 1719 πρόσωπον,
1735 1642 1832 1711 Εἷς
1867 1647 1922 1701 δὲ

335 1743 463 1805 Υἱὸς
519 1736 871 1812 ὀνομάζεται,
926 1740 1117 1794 καθότι
1177 1740 1244 1792 ὲκ
1304 1738 1434 1810 μιᾶς
1481 1737 1833 1799 ὑποστάσεως
1889 1738 1923 1806 η

336 1833 698 1906 ἀνθρωπότης
753 1831 916 1885 αὑτοῦ
986 1832 1081 1885 καὶ
1140 1832 1172 1902 ἡ
1222 1828 1412 1900 θεότης
1466 1827 1924 1899 χρηματίζουσιν.

342 1921 612 1997 Καθάπερ
657 1924 923 1988 πολλάκις
950 1922 1045 1977 καὶ
1089 1924 1122 1995 ἡ
1169 1922 1353 1992 ἁπαλὴ
1387 1920 1547 1988 φύσις
1591 1918 1686 1990 ’τοῇ
1735 1919 1926 1983 ὓδατος

345 2019 623 2088 πεπηγυῖα
664 2015 761 2069 δύο
814 2016 1190 2085 προσηγορῖας
1221 2010 1458 2083 [δέχεται
1491 2008 1648 2081 (69)].
1685 2008 1795 2061 Καὶ
1817 2008 1927 2079 γὰρ

302 2097 311 2103 ’
343 2111 433 2163 ὅτε
463 2106 609 2162 ἔστιν
643 2104 789 2176 ὑδωρ
821 2105 1042 2171 ἰδιάζον,
1078 2105 1207 2174 μίαν
1233 2102 1346 2173 ἔχει
1376 2100 1772 2173 προσηγορίαν*
1797 2100 1927 2153 ὅταν

340 2200 397 2254 δὲ
451 2202 531 2264 είς
567 2200 741 2267 πάγος
794 2196 1119 2267 κατενεχθῇ,
1161 2195 1248 2248 ἐπ’
1309 2195 1578 2262 ἀνάγκαις
1624 2193 1722 2246 καὶ
1760 2190 1927 2261 ἄλλην

347 2291 727 2364 προσηγορίαν
778 2286 1192 2360 προσλαμϐάνει
1240 2283 1335 2339 τοῦ
1383 2283 1667 2338 καλεῖσθαι
1729 2282 1923 2350 πάγος.

344 2386 548 2440 Λοιπὸν
583 2384 811 2456 τοιούτῳ
840 2384 1029 2453 τρόπῳ
1061 2381 1156 2433 καὶ
1203 2382 1231 2432 ὁ
1270 2378 1403 2441 Θεὸς
1439 2378 1614 2445 Λόγος
1639 2393 1653 2406 '
1697 2374 1803 2439 ἕως
1839 2375 1927 2427 ὅτε

344 2479 446 2530 οὑκ
472 2476 786 2547 ἐσαρκώθη,
825 2476 991 2545 ἤκουε
1023 2471 1154 2534 Θεὸς
1194 2471 1357 2543 μόνον
1390 2486 1405 2503 ’
1441 2470 1580 2540 μετὰ
1607 2468 1664 2522 δὲ
1707 2467 1767 2520 τὸ
1800 2483 1930 2537 σαρ-

350 2570 627 2637 κωθῆναι,
668 2570 761 2621 κοιλ¹
794 2566 926 2630 Θεὸς
980 2567 1008 2619 ὁ
1061 2565 1256 2633 Λόγος,
1311 2564 1407 2616 καὶ
1469 2561 1596 2625 Υἱὸς
1641 2558 1933 2629 ἀνθρώπου

346 2659 756 2729 ὀνομαζόμενος
798 2654 903 2731 [εἷς
960 2658 1089 2720 Υἱὸς
1127 2659 1193 2711 ἐκ
1234 2654 1325 2708 δύο
1354 2653 1572 2724 φύσεων
1601 2650 1714 2724 (ῖο)

345 2768 453 2808 non
510 2752 648 2818 fuit,
698 2750 904 2805 audivit
969 2748 1312 2803 solummodo
1387 2748 1529 2801 Deus
1588 2761 1603 2799 :

2011 549 2135 590 rare
2162 535 2336 605 possit
2368 552 2381 588 :
2420 535 2511 589 sed
2536 534 2755 604 quando
2776 533 2965 589 electis
3002 535 3118 589 suis
3162 545 3407 605 apparet,
3445 537 3591 607 quod

2009 627 2069 682 lit
2116 626 2466 692 creberrime,
2499 619 2777 697 assumpta
2838 631 3010 684 forma
3046 630 3183 697 alia,
3218 640 3595 693 accommodat

2012 733 2135 773 sese
2183 714 2541 774 imbecillitati
2581 719 3005 775 desiderantium
3058 733 3336 790 aspectum
3408 742 3592 783 suum.

2013 810 2302 877 Quomodo
2338 822 2542 879 autem,
2589 813 2889 884 interrogat
2926 812 3289 884 Epiphanius,
3345 817 3597 876 Christus

2015 902 2179 958 simul
2216 901 2357 958 Deus
2387 912 2469 958 est
2498 904 2682 971 homo,
2716 905 2768 958 in
2797 906 2997 961 deitate
3022 924 3150 965 vero
3181 920 3234 964 et
3261 914 3601 970 humanitate

2014 996 2290 1062 quomodo
2320 997 2679 1051 substantiam
2716 999 2913 1054 habet?
2939 999 3227 1068 Quomodo
3253 1005 3437 1062 itidem
3459 1025 3600 1065 unus

2017 1086 2284 1141 duntaxat
2329 1103 2452 1141 cum
2491 1088 2562 1143 sit
2588 1088 2781 1155 Filius,
2809 1100 3058 1146 naturam
3110 1094 3598 1167 habereduplicem

2019 1180 2318 1235 asset-itur?
2343 1180 2473 1245 Quae
2501 1182 2572 1235 ita
2600 1182 2761 1237 Solvit
2790 1198 3015 1240 sanctus
3031 1186 3278 1244 Andreas
3306 1207 3321 1244 :
3363 1190 3602 1249 Verbum

2019 1271 2286 1338 divinum,
2333 1274 2409 1327 uti
2438 1273 2679 1344 loquitur
2709 1287 2932 1333 sanctus
2959 1275 3200 1336 Joannes
3256 1279 3600 1356 Theologus,

2024 1379 2152 1420 caro
2178 1363 2379 1419 factum
2416 1374 2497 1421 est
2526 1375 2576 1421 et
2621 1366 2886 1424 habitavit
2910 1369 2961 1424 iii
2995 1371 3155 1427 nobis
3182 1373 3247 1439 “,
3272 1390 3376 1429 non
3403 1379 3608 1434 amissa

2020 1455 2243 1523 deitate,
2283 1456 2431 1511 nullo
2463 1458 2665 1525 modo;
2694 1458 2790 1514 sed
2820 1460 2909 1514 illa
2944 1469 3150 1517 retenta
3199 1463 3339 1518 idem
3372 1464 3605 1522 Verbum

2022 1563 2149 1603 vere
2176 1549 2339 1604 homo
2380 1549 2582 1603 factum
2611 1559 2716 1616 est,
2748 1552 2965 1607 mortali
3018 1566 3297 1627 assumpta
3330 1568 3382 1613 et
3413 1571 3607 1618 natura

2023 1646 2078 1694 et
2107 1638 2381 1694 voluntate
2406 1657 2422 1705 ;
2451 1640 2737 1710 utriusque
2754 1652 2934 1697 autem
2960 1660 3068 1700 una
3085 1657 3202 1701 erat
3227 1648 3604 1718 subsistentia,

2027 1732 2345 1787 substantiae
2389 1732 2550 1798 bimae,
2598 1748 2702 1787 una
2756 1733 2981 1791 Deitatis
3027 1752 3259 1808 persona
3303 1736 3631 1814 :quoniam'

2028 1841 2091 1879 ex
2116 1818 2294 1878 Verbo
2324 1825 2509 1880 divino
2544 1828 2791 1895 provenit
2823 1832 3126 1886 veneranda
3165 1848 3395 1903 persona
3425 1839 3612 1895 huma-

2033 1914 2219 1970 nitatis
2253 1916 2399 1973 illius
2429 1935 2442 1971 :
2474 1926 2821 1988 nuncupatur
2875 1929 3053 1976 autem
3097 1920 3268 1980 Filius
3297 1942 3460 1993 unus,
3493 1946 3616 1997 pro-

2027 2019 2214 2079 ptcrea
2266 2010 2412 2079 quod
2457 2010 2507 2063 in
2545 2025 2651 2064 una
2683 2010 3034 2068 subsistentia
3072 2015 3382 2074 humanitas
3410 2021 3613 2075 divini-

2029 2113 2221 2174 tasque
2248 2102 2572 2157 consistant.
2606 2100 2697 2157 Sic
2726 2120 2827 2157 non
2858 2120 2982 2161 raro
3006 2104 3170 2163 ﬂuida
3191 2123 3346 2180 aquae
3394 2126 3611 2181 natura,

2029 2194 2080 2249 in
2148 2194 2372 2265 glaciem
2431 2193 2644 2260 durata,
2687 2192 2960 2263 duplicem
3020 2198 3217 2268 accipit
3245 2204 3617 2259 nomenclatu-

2035 2303 2184 2355 iam;
2224 2304 2348 2341 nam
2381 2304 2504 2341 cum
2534 2300 2675 2357 aqua
2705 2286 3023 2357 simpliciter
3044 2298 3162 2356 est,
3214 2295 3377 2349 unico
3423 2296 3617 2352 dunta-

2036 2390 2127 2434 xat
2181 2380 2480 2451 appellatur
2534 2379 2785 2447 nomine;
2810 2396 2933 2434 cum
2970 2395 3100 2436 vero
3139 2381 3310 2453 ipsam
3337 2389 3452 2457 gelu
3485 2406 3617 2443 cou-

2038 2473 2255 2544 glacial,
2303 2488 2527 2529 necesse
2578 2476 2802 2528 omnino
2836 2484 2919 2531 est
2961 2486 3014 2531 et
3051 2478 3213 2533 aliam
3243 2481 3485 2549 proferre
3519 2498 3618 2537 uo-

2042 2563 2489 2627 menclationcm,
2534 2572 2590 2618 et
2648 2564 2874 2634 glaciem
2923 2581 3138 2623 vocare.
3209 2570 3409 2625 Eodem
3461 2574 3622 2641 plane

2045 2654 2206 2737 modo
2230 2671 2288 2709 se
2327 2653 2464 2709 Deus
2491 2650 2739 2711 Verbum
2765 2656 2966 2725 habet;
3008 2660 3247 2730 quandiu
3280 2663 3622 2719 incarnatum

1678 2753 1963 2813 postquam
2004 2760 2133 2801 vero
2183 2747 2525 2802 incarnatum
2584 2747 2705 2816 fuit,
2761 2757 2816 2805 et
2874 2747 3019 2806 Deus
3091 2750 3321 2809 Verbum
3368 2768 3422 2811 et
3453 2756 3629 2825 FiILus

346 2845 585 2900 hominis
646 2842 906 2913 appellari
950 2842 1164 2910 etrapit:
1215 2854 1356 2893 unus
1414 2836 1586 2891 Filius
1630 2851 1692 2891 ex
1751 2835 1966 2892 duabus
2009 2840 2245 2895 naturis.

428 2935 557 3009 ρξεῖ.
607 2936 921 3004 Ἐπιφάνιος
978 2927 1170 2986 εἶπεν·
1222 2929 1282 2983 Ὀ
1320 2927 1552 3000 οὐρανὸς
1589 2929 1617 2980 ὁ
1662 2925 1938 2998 ὁρώμενος

357 3034 542 3085 ἐπάνω
604 3028 771 3085 αὑτοῦ
807 3028 859 3080 τί
903 3027 1017 3098 ἔχει
1060 3022 1469 3092 ὲπιστεγάζον;
1520 3021 1581 3074 Ὀ
1617 3021 1806 3095 "Octo;
1855 3016 1937 3073 εἷ-

2118 2931 2242 2986 162.
2296 2932 2388 2988 Dic
2435 2949 2621 3003 porro,
2677 2935 2754 2990 ait
2788 2936 3147 3006 Epiphanius,
3205 2943 3403 2997 caelum
3458 2944 3625 3009 istud,

2046 3025 2193 3094 quod
2252 3027 2423 3081 oculis
2457 3029 2731 3082 intuemur
2760 3031 2983 3100 nostris,
3011 3032 3143 3101 quid
3194 3035 3411 3089 tandem
3462 3037 3624 3091 habet

360 3138 459 3173 πεν
484 3138 496 3149 ·
535 3121 748 3190 Ὠσπερ
770 3117 1029 3172 ὑποκάτω
1062 3114 1130 3169 τὰ
1168 3117 1306 3184 νέφη
1333 3113 1519 3167 τοῦτον
1553 3110 1935 3176 καλύπτουσιν,

2046 3132 2156 3186 quo
2186 3134 2418 3189 superne
2451 3120 2698 3189 tegatur?
2749 3121 2812 3175 lit
2836 3134 3061 3178 sanctus
3087 3124 3334 3181 Andreas
3374 3143 3389 3181 :
3428 3128 3628 3195 Quem-

360 3215 503 3268 οὕτω
540 3215 630 3267 καὶ
678 3213 865 3266 ἐπάνω
893 3216 959 3284 τῇ
1000 3212 1141 3282 φορᾷ
1184 3210 1294 3262 τῶν
1338 3209 1546 3264 ὑδάτων
1592 3209 1938 3276 ἐστέγασται.

355 3306 522 3376 Λέγει
549 3308 655 3377 γάρ
682 3309 708 3360 ὁ
738 3307 900 3360 Δαυῖδ
931 3322 942 3333 ·
969 3323 987 3358 t
1036 3306 1095 3357 Ὀ
1118 3304 1397 3368 στεγάζων
1426 3305 1484 3357 ἐν
1507 3303 1663 3357 ὕδασι
1693 3303 1760 3356 τὰ
1782 3303 1947 3373 ὑπερ·

358 3399 441 3469 ᾦα
474 3399 640 3453 αὑτοὺ
693 3398 859 3467 (71).»
905 3395 1220 3463 Ἐπιφάνιος
1254 3391 1444 3448 εἷπενο
1477 3394 1624 3463 Ἀρα
1665 3395 1820 3446 πόσοι
1862 3394 1949 3444 οὑ-

366 3490 523 3559 ρανοὶ
552 3488 801 3542 δοκοῦσιν
832 3482 974 3541 εἶναι
999 3503 1012 3516 ’
1061 3480 1142 3549 εἷς
1177 3485 1320 3538 κατὰ
1368 3485 1461 3538 τὸν
1492 3483 1755 3552 Μωὺσῆν,
1790 3482 1822 3554 ἢ
1853 3483 1947 3535 καὶ

359 3583 558 3645 ᾶλλοι;
616 3581 674 3634 Ὀ
727 3579 912 3643 Ὅσιος
967 3573 1160 3632 εἶπεν
1199 3577 1260 3630 ὐ
1312 3577 1415 3641 μὲν
1454 3576 1695 3646 Μωῦσῆς
1732 3577 1844 3640 τοῖς
1890 3576 1949 3629 ὲν

363 3675 492 3744 σκιᾷ
524 3675 618 3725 καὶ
639 3670 714 3743 τῷ
744 3669 924 3741 λύχνῳ
969 3669 1421 3741 προσηλωμένοις
1462 3666 1743 3730 Ἰουδαίοις
1772 3664 1949 3719 ταῦτα

364 3767 570 3836 ἔλεγεν,
604 3764 688 3818 ὅτι
736 3782 752 3812 ι
792 3766 851 3816 ὲν
888 3765 1032 3833 ἀρχῇ
1075 3760 1333 3831 ἐποίησεν
1379 3762 1407 3812 ὁ
1435 3757 1566 3821 Θεὸς
1605 3758 1696 3810 τὸν
1724 3758 1950 3829 οὐρανὸν

364 3860 694 3930 φαινόμενον
722 3858 818 3912 καὶ
845 3858 943 3928 τὴν
971 3859 1097 3926 γῆν,
1123 3873 1141 3906 ι
1167 3854 1265 3907 ἕνα
1302 3853 1532 3924 οὑρανὸν
1556 3850 1856 3921 σημ;.ίνων.
1891 3849 1949 3903 '0

366 3955 425 4007 δὲ
460 3953 735 4025 μακάριος
770 3948 1007 4013 Παῦλος,
1036 3949 1132 4002 καὶ
1179 3946 1340 4008 αὐτὸς
1392 3944 1692 4013 νομοθέτης
1730 3942 1806 3996 ὢν
1854 3942 1954 4012 τῆς

366 4046 492 4109 νέας
523 4047 768 4116 χάριτος,
789 4043 1067 4114 ’ἐκέκραγέ
1101 4039 1298 4108 λέγων*
1327 4032 1388 4091 Ὀ
1430 4036 1562 4099 Θεὸς
1599 4029 1742 4088 οἶδεν
1771 4035 1954 4104 ἅρπαι

367 4138 535 4207 γέντα
581 4136 672 4188 τὸν
719 4123 967 4188 τοιοῦτον
1007 4132 1299 4204 ἄνθρωπον
1336 4128 1440 4192 ἕως
1468 4127 1656 4199 τρίτου
1698 4121 1953 4195 οὐρανοῦ.

379 4220 619 4298 Ἐκεῖνος
663 4232 814 4301 λέγει
851 4231 952 4286 ἕνα
982 4236 1075 4285 τὸν
1099 4230 1330 4301 οὐρανὸν
1368 4227 1461 4280 τὸν
1496 4223 1774 4296 ὁρώμενον
1798 4236 1813 4251 ο
1844 4221 1872 4273 ὁ
1901 4218 1958 4271 δὲ

384 4327 712 4389 Ἀπόστολος
746 4326 842 4379 καὶ
874 4326 967 4378 τὸν
996 4321 1276 4394 ὁρώμενον
1309 4322 1403 4374 καὶ
1429 4320 1556 4382 τοὺς
1583 4317 1658 4388 μὴ
1687 4314 1958 4386 βλεπομέ-

371 4437 520 4482 νους.
568 4419 691 4490 Χρὴ
723 4417 816 4471 οὑν
850 4416 1126 4472 πιστεύειν
1159 4413 1238 4484 τῷ
1263 4414 1369 4481 νέῳ
1402 4410 1675 4481 νομοθέτῃ
1704 4424 1717 4438 ·
1760 4407 1825 4460 τὰ
1851 4408 1960 4475 γὰρ

2048 3209 2340 3264 admodum
2390 3223 2597 3282 partem
2648 3214 2773 3270 cceli
2802 3215 3112 3271 inferiorem
3146 3233 3288 3286 saepe
3316 3224 3632 3291 conspectui

2048 3312 2238 3356 nostro
2293 3306 2534 3372 eripiunt
2591 3308 2767 3361 nulzes
2791 3348 2807 3374 ,
2844 3308 2915 3362 ita
2979 3320 3035 3363 et
3066 3325 3191 3379 pars
3225 3313 3344 3380 ejus
3384 3316 3637 3383 superior

2050 3395 2217 3449 inulta
2256 3412 2523 3467 aquarum
2577 3400 2628 3454 vi
2661 3402 2872 3456 obtecta
2931 3414 3050 3470 est;
3100 3413 3331 3460 testante
3373 3409 3633 3477 propheta

2051 3488 2216 3545 David
2251 3508 2267 3546 :
2308 3510 2327 3543 (
2361 3490 2464 3558 Qui
2503 3493 2636 3564 tegis
2691 3494 2847 3564 aquis
2877 3497 3154 3565 superiora
3183 3497 3305 3566 ejus
3335 3497 3403 3551 ³³.
3444 3518 3463 3550 ι
3502 3501 3635 3570 Epi-

2051 3582 2286 3654 phanius
2316 3600 2534 3639 rursum
2567 3603 2583 3640 :
2622 3583 2770 3653 Quot
2821 3588 2991 3642 C(BIOS
3040 3604 3161 3643 esse
3190 3596 3369 3658 putas,
3399 3606 3640 3647 unumne

2054 3688 2178 3727 cum
2210 3673 2414 3744 Moyse,
2443 3691 2512 3729 an
2540 3684 2593 3730 et
2621 3678 2802 3745 plures
2822 3677 2845 3730 ‘l
2867 3678 2950 3732 Ad
2973 3694 3095 3748 quae
3126 3677 3360 3737 Sanctus
3385 3697 3400 3736 :
3429 3682 3638 3752 Moyses

2053 3762 2271 3831 quidem
2302 3763 2528 3832 Judaeis,
2572 3767 2625 3820 in
2658 3767 2981 3837 ignorantiae
3028 3770 3259 3840 caligine
3293 3776 3640 3833 versantibus

2057 3854 2449 3924 minimamque
2526 3857 2592 3911 ad
2664 3858 2839 3913 lucem
2928 3861 3377 3931 caecutieutihus,
3451 3865 3642 3920 istbazc

2057 3945 2256 3999 cecinit
2289 3964 2302 3999 :
2333 3964 2351 3996 ι
2391 3945 2445 3999 lu
2479 3946 2746 4017 principio
2776 3948 3142 4006 creavitDeus
3192 3953 3392 4006 cwlum
3428 3953 3642 4007 visibile

2058 4043 2113 4089 et
2165 4044 2385 4101 terram,
2430 4055 2449 4089 ι
2484 4037 2681 4092 coelum
2717 4054 2885 4093 unum
2916 4038 3250 4111 signiﬁcans.
3284 4040 3479 4099 Beatus
3512 4058 3644 4099 vero

2059 4127 2281 4194 Paulus,
2345 4130 2438 4198 qui
2494 4136 2549 4183 et
2588 4131 2704 4199 ipse
2734 4130 2789 4184 in
2815 4130 2929 4201 lege
2968 4147 3105 4186 nova
3134 4134 3321 4202 gratiae
3364 4134 3645 4206 legis-lator

2061 4219 2181 4288 fuit,
2237 4222 2374 4277 elata
2427 4237 2560 4277 voce
2617 4223 2693 4278 ita
2738 4223 3112 4279 exclamavit:
3146 4224 3289 4281 Deus
3329 4225 3483 4282 novit
3545 4225 3648 4279 ho-

2064 4314 2263 4370 minem
2284 4315 2552 4385 ejusmodi
2573 4329 2784 4386 raptum
2802 4333 2977 4388 usque
3007 4318 3072 4373 ad
3099 4317 3319 4373 tertium
3349 4318 3547 4373 cadum
3576 4318 3644 4373 ⁸³.

2065 4407 2158 4460 Ille
2204 4407 2271 4462 de
2318 4410 2459 4463 etnlo
2514 4425 2623 4463 uno
2683 4410 2827 4479 quod
2885 4410 3062 4465 oculis
3120 4419 3307 4480 patet,
3366 4410 3647 4481 loquitur;

372 4515 475 4583 τῆς
506 4489 634 4574 νέας
665 4489 890 4581 χάριτος
925 4506 1304 4577 πληροφορίας
1330 4505 1615 4573 ἀνάμεστα
1648 4501 1746 4553 καὶ
1775 4498 1925 4565 πάση

2066 4497 2361 4567 Apostolus
2420 4508 2627 4567 autem,
2671 4509 2725 4553 et
2786 4499 2920 4553 illud
2948 4489 3005 4554 et
3043 4500 3178 4555 alios
3215 4502 3437 4570 insuper
3459 4502 3651 4566 cmlos,

375 4605 634 4675 ἀληθείας
662 4606 756 4658 καὶ
786 4603 1142 4673 σεμνότητος.

380 4698 538 4753 [idem
600 4697 898 4750 habeamus
970 4688 1261 4746 recentiori
1353 4685 1536 4755 potius
1613 4679 1977 4752 legislatori:

376 4791 611 4850 subnixa
636 4789 765 4855 sint,
796 4801 917 4858 quae
944 4785 1061 4856 lege
1090 4798 1230 4838 nova
1265 4780 1822 4849 comprehenduntur.

450 4880 588 4959 ρξγ¹.
655 4882 974 4950 Ἐπιφάνιος
1024 4862 1129 4949 ἔφη
1163 4893 1177 4907 ο
1222 4876 1311 4928 Ἐν
1353 4871 1431 4941 τῷ
1487 4868 1702 4941 οὐρανῷ
1744 4867 1852 4920 εἰσι
1899 4866 1967 4918 τὰ

382 4980 542 5050 νοερὰ
570 4976 692 5029 θεῖα
725 4972 1139 5044 στρατεύματα,
1172 4969 1269 5023 καὶ
1295 4967 1486 5020 ἐπάνω
1530 4961 1743 5016 τούτων
1776 4964 1804 5013 ὁ
1834 4959 1967 5024 Θεός

378 5073 533 5133 ἔστιν
562 5091 577 5105 ·
617 5070 878 5137 ὑπεράνω
913 5065 971 5118 δὲ
998 5062 1091 5116 τοῦ
1122 5060 1260 5114 Θεοῦ
1289 5062 1344 5112 τί
1379 5061 1531 5111 ἐστιν
1565 5072 1581 5120 ;
1631 5051 1968 5123 ἀπάγγειλόν

380 5185 499 5241 μοι,
530 5161 858 5236 παρακαλῶ.
896 5159 956 5210 '0
1001 5157 1185 5216 Ὄσιος
1222 5152 1369 5219 λέγει
1397 5167 1410 5181 ·
1461 5150 1554 5202 Μὰ
1603 5147 1718 5241 rev“
1734 5143 1968 5241 Ἰησοῦν,

396 5259 568 5330 Mli
600 5258 697 5311 καὶ
725 5257 903 5323 ἄνομα
938 5249 1120 5317 λέγεις
1151 5244 1369 5315 ἐρωτῶν
1399 5242 1412 5294 l
1447 5240 1587 5310 πλὴν
1618 5238 1729 5310 ἐρῶ
1762 5254 1843 5290 σοι
1874 5239 1969 5289 καὶ

456 5442 687 5500 "Joan.
729 5456 785 5507 ι,
835 5438 921 5495 ιι.

457 5626 571 5697 (69)
596 5625 757 5681 Addit
790 5639 894 5680 ms.
929 5619 1107 5697 Yatic.
1208 5615 1613 5697 λογισθήσεταιἒ

460 5680 574 5765 ξ’ῑθ)
607 5680 819 5752 Ibidem
835 5694 1006 5762 'legitu
1017 5708 1041 5744 ι·
1052 5707 1085 5765 ἰ
1110 5680 1521 5765 πλουτοῦσα’ὡς
1551 5680 1846 5765 ἠιένδειξις.

465 5745 578 5840 ᾗἶᾷ
607 5745 1002 5821 lilii-ribusth
1035 5761 1239 5816 dictum
1269 5774 1397 5822 ms.,
1427 5745 1519 5814 sed
1548 5745 1872 5839 obscurius:
1894 5745 1973 5843 εἷς

723 5860 994 5921 Pauor“
1036 5858 1152 5918 Gn.
1192 5852 1355 5916 CXI.

2069 4589 2162 4660 qui
2213 4606 2319 4645 non
2378 4591 2651 4658 videntur,
2701 4592 2898 4646 asserit
2946 4607 3087 4646 esse.
3147 4592 3487 4662 Par'itaque
3533 4599 3651 4658 est,

2039 4695 2162 4736 cum
2218 4681 2614 4757 ’Certiludine,
2690 4683 2960 4748 veritate,
3025 4684 3349 4738 anetoritate
3455 4682 3653 4753 majori

2142 4859 2264 4915 163.
2326 4859 2423 4913 llic
2483 4858 2821 4929 Epiphanius
2870 4876 2885 4914 :
2931 4859 2988 4914 ln
3033 4859 3195 4927 caelo,
3257 4861 3468 4932 inquit,
3525 4865 3656 4918 sint

2076 4954 2478 5008 rationabilium
2510 4954 2805 5022 spirituum
2833 4953 3128 5021 exercitus,
3158 4969 3297 5023 quos
3326 4971 3489 5026 super
3513 4956 3649 5013 Deur

2072 5049 2190 5117 ipse
2247 5048 2451 5101 eminet
2487 5063 2500 5100 :
2535 5045 2586 5098 id
2632 5046 2809 5116 capio.
2870 5043 3069 5100 Verum
3123 5062 3288 5117 supra
3334 5049 3503 5103 Deum
3525 5050 3638 5120 quit

2062 5140 2292 5198 tandem
2354 5140 2669 5211 reperitur?
2693 5140 2767 5206 id,
2818 5140 3015 5195 amabo
3040 5148 3114 5206 te,
3147 5157 3294 5198 nunc
3319 5142 3556 5197 declara.
3594 5143 3644 5200 Et

2074 5238 2320 5294 Andreas
2352 5254 2365 5292 :
2394 5233 2497 5290 Per
2561 5232 2774 5302 Jesum,
2822 5236 2920 5301 ait,
2955 5235 3220 5293 sublimes
3255 5244 3312 5293 tu
3354 5237 3573 5309 quidem
3606 5252 3663 5297 ct

996 5437 1042 5469 ”
1073 5433 1217 5489 Psal.
1262 5445 1380 5495 cm,
1425 5430 1479 5486 5.
1557 5430 1605 5461 ¹⁶
1646 5429 1688 5483 ll
1719 5429 1849 5484 Cor.
1887 5440 1987 5498 xit,
2016 5431 2073 5484 2.

2080 5609 2209 5672 Υἱὸς
2253 5606 2348 5678 τοὺ
2388 5603 2529 5678 Θεοῦ
2568 5606 2666 5678 ,διὰ
2707 5606 2769 5661 τὸ
2815 5605 3104 5678 μοναδικὸν
3152 5607 3273 5670 ταῖς
3340 5600 3664 5673 ἐπαλλήλοις

2083 5680 2297 5743 οὐσίαις
2331 5676 2391 5731 ἓν
2412 5676 2799 5733 ὲνυπᾶστατον.

2329 5906 2335 5913 ο
