4090 6418
494 277 592 341 811

1569 273 1992 334 Nl‘CEPHOR‘I
2033 275 2508 342 PRESBYTERI
2547 277 2657 342 ΟΡ.

3660 279 3760 341 8ἱὲ

485 401 829 462 portentosas
857 390 1015 460 ponis
1039 387 1368 458 qumstiorrtzs
1400 390 1411 442 ί
1445 387 1834 442 Verumtamen
1881 399 1933 442 et
1966 389 2063 444 illa:

2192 391 2345 446 αὑτό.
2385 391 2601 443 Ἐπάνω
2628 393 2846 444 πάντων
2879 390 2986 441 τῶν
3018 389 3218 458 νοερῶν
3245 389 3526 454 δυνάμεὼλ
3556 392 3706 444 ἐστιν
3739 397 3758 444 ἰ

487 484 585 539 tibi
627 483 928 552 explicatas
957 481 1118 536 dabo.
1154 481 1470 536 Sublimiori
1523 481 1738 534 cunctis
1783 481 2078 534 virtutibus

487 575 845 646 intelligentia
902 574 1146 644 praeditis
1193 572 1316 627 loco
1367 573 1568 625 residet
1618 572 1781 638 Deus,
1819 574 1975 643 cujus
2010 575 2076 628 ad

489 668 771 722 dexteram
797 666 1050 722 Christus
1070 665 1332 719 Dominus
1364 662 1736 717 admirabilem
1793 665 2077 731 thronum,

485 759 658 813 instar
687 758 918 828 fulguris
950 757 1282 820 rutilantem,
1311 764 1544 824 occupat
1579 774 1592 809 :
1624 772 1687 809 ex
1733 756 1850 825 ipso
1889 763 2070 810 autem

485 866 595 908 tam
645 853 992 910 vehementes
1045 848 1596 919 proceduntluminis
1645 848 1782 902 radii
1831 848 2081 903 utcmle—

484 955 598 1000 stes
626 945 915 1013 spirituum
952 941 1174 996 ordines
1202 939 1660 1010 perstringuntur.
1692 939 1869 1010 Supra
1900 938 2069 994 Deum

482 1038 737 1107 cepiosus
797 1050 911 1100 aer,
942 1035 1202 1088 electrum
1233 1033 1414 1102 specie
1456 1048 1578 1098 sna,
1613 1033 1852 1088 candore
1883 1033 2062 1088 nivem

485 1131 755 1192 referens,
809 1127 861 1180 in
885 1125 1119 1181 sublime
1145 1124 1489 1184 extenditur:
1519 1125 1612 1180 sed
1661 1125 1753 1179 illo
1784 1125 2073 1181 sublimior

2188 481 2342 544 Θεὸς,
2381 481 2476 535 καὶ
2513 483 2578 534 ὲκ
2631 481 2821 548 δεξιῶν
2851 479 3016 533 αὐτοῦ
3063 479 3302 550 κάθηται
3336 484 3364 534 6
3397 482 3630 550 Χριστὸς
3676 487 3760 536 sui

2189 571 2381 642 θρόνου
2411 571 2668 642 φοϐεροῦ,
2709 571 2786 634 ὼς
2820 569 3079 641 ἀστραπὴ
3115 571 3551 640 χρηματίζοντος
3572 587 3592 602 ³
3625 573 3752 626 ἀπο-

2187 664 2331 734 φορὰ
2353 664 2409 716 δὲ
2440 663 2648 733 φοϐερά
2672 661 2910 734 φοϐεροῦ
2942 663 3123 731 φωτὸς
3146 662 3243 716 ἀπ’
3278 663 3444 718 αὑτοῦ
3472 665 3738 735 ἐκπορεύε

2183 774 2276 810 ται
2307 757 2647 827 διαστρέφων
2688 756 2756 810 τὰ
2799 754 3029 826 οὐράνια
3068 755 3349 827 τάγματα.
3391 754 3678 827 ’Υπερά·;ω
3712 759 3759 810 δὲ

2183 849 2279 907 τοῦ
2323 847 2459 901 Θεοῦ
2513 850 2662 901 ἐστιν
2697 848 2806 920 ἀὴρ
2836 846 3028 919 ὥσπερ
3057 848 3344 919 ἡλεκτρος,
3391 849 3582 911 λευκὸς
3630 849 3760 902 ὡσεδ

2184 939 2337 1010 χιὼν,
2361 939 2458 995 καὶ
2490 940 2653 1004 αὐτὸς
2675 939 2878 1008 ὑπάγει
2915 941 2994 1004 είς
3022 939 3158 1010 ὕψος
3187 940 3532 1012 ἀπλήρωτον,
3557 945 3652 998 καὶ
3679 945 3752 996 ἐπ

2183 1031 2334 1103 αὑτῴ
2364 1035 2396 1103 ἡ
2425 1031 2650 1102 Θεότης,
2683 1031 2780 1085 καὶ
2816 1030 2981 1084 πάλιν
3017 1031 3218 1099 ὑπάγει
3250 1033 3330 1093 είς
3372 1032 3506 1102 ὕψος
3535 1033 3758 1104 φοϐερὸν

2181 1122 2279 1176 καὶ
2323 1121 2525 1194 ἀχανὲς
2574 1121 2813 1190 πέλαγος
2862 1124 2890 1176 6
2927 1121 3032 1192 ἀὴρ
3064 1122 3295 1190 ἐκεῖνος,
3332 1124 3427 1176 καὶ
3467 1127 3525 1177 ὲν
3556 1124 3705 1194 αὐτῷ
3731 1127 3761 1186 ἡ

486 1220 628 1273 Deus
672 1237 682 1272 :
732 1227 787 1274 et
850 1234 1042 1275 rursus
1096 1218 1149 1275 in
1198 1217 1546 1272 altitudinem
1627 1215 1950 1272 immensam
2022 1225 2063 1271 el

2178 1214 2405 1287 Θεότης.
2447 1214 2676 1279 Λοιπὸν,
2727 1214 2944 1277 τέκνον,
2998 1212 3278 1285 πλήρωμα
3320 1217 3422 1269 οὐκ
3475 1215 3623 1270 ἔστιν
3669 1217 3760 1270 τοῦ

483 1314 868 1376 latitudinem,
937 1312 1125 1382 pelago
1182 1309 1492 1365 vastissimo
1552 1325 1773 1380 parem,
1834 1325 1928 1364 aer
1983 1309 2063 1364 ille

2179 1305 2352 1378 ὕψους
2386 1307 2622 1373 ἐκείνου,
2657 1309 2763 1362 κᾶν
2793 1309 2947 1364 ἔνθεν
2994 1310 3110 1384 ῐδῃς
3145 1310 3177 1381 ἢ
3216 1309 3432 1365 ἐκεῖθεν
3478 1310 3540 1362 τὸ
3585 1310 3719 1365 αὐτό
3744 1327 3760 1343 ⁶

482 1406 842 1472 diﬂ'unditur;
897 1404 991 1460 sed
1013 1414 1067 1459 et
1094 1403 1182 1458 hic
1214 1404 1417 1476 ubique
1465 1401 1630 1458 Deus.
1667 1401 1960 1470 Caeterum,
1993 1403 2063 1458 [ili

2175 1400 2355 1468 ἄκραν
2402 1398 2512 1471 γάρ
2555 1417 2688 1454 ποτε
2729 1402 2828 1472 οὐχ
2871 1402 3128 1473 εὑρήσεις
3174 1402 3268 1456 τοῦ
3309 1402 3472 1473 ἀέρος
3511 1403 3605 1456 καὶ
3655 1405 3757 1472 τῆς

482 1495 577 1558 mi,
637 1509 1025 1565 quamcunque
1073 1493 1124 1546 in
1157 1500 1366 1564 partem
1407 1491 1710 1546 altitudinis
1754 1492 1913 1547 istius
1936 1506 2063 1547 con-

2174 1491 2412 1562 ἀοράτου
2446 1491 2699 1564 θεότητος
2719 1510 2734 1524 ·
2766 1493 3005 1548 ἄϐυσσον
3035 1495 3148 1566 (72)
3176 1495 3520 1549 ἐπικαλεῖται
3540 1494 3639 1567 τὴν
3662 1496 3760 1566 τῆς

481 1589 678 1660 ieceris
737 1587 954 1652 oculos,
1015 1585 1224 1639 nullum
1293 1599 1523 1655 usquam
1577 1583 1723 1638 aeris
1776 1584 2063 1637 terminum

2183 1582 2453 1656 Θεότητος
2485 1586 2726 1656 φοϐερὰν
2754 1587 2946 1641 οὐσίαν
2971 1605 3032 1640 τε
3058 1590 3153 1642 καὶ
3192 1589 3482 1660 ἀστραπὴν
3509 1592 3603 1643 καὶ
3628 1591 3760 1641 έπαο

481 1682 812 1753 assequeris,
841 1680 921 1735 uti
955 1695 1053 1734 nec
1088 1679 1261 1749 ipsius
1294 1677 1622 1732 Divinitatis.
1654 1677 1900 1748 Abyssus
1925 1678 2063 1732 enim

2174 1675 2448 1748 πόρρητον
2473 1677 2732 1748 θεότητα.
2786 1678 3112 1748 Ἐπιφάνιος
3140 1679 3334 1747 λέγει’
3378 1680 3550 1734 Πόθεν
3587 1678 3760 1734 ταῦτα

480 1780 741 1849 abyssum
806 1775 1047 1838 invocat,
1077 1769 1696 1825 videlicetadmirabilis
1737 1769 1990 1825 essentia:
2013 1784 2063 1824 at

2180 1767 2267 1820 ἐπ’
2295 1767 2552 1838 εὑθύτητι
2581 1768 2725 1821 οὕτω
2758 1768 3049 1837 γινώσκεις
3081 1770 3175 1823 καὶ
3197 1769 3396 1839 λέγεις,
3431 1769 3505 1832 ὡς
3529 1769 3758 1824 πάντοτε

480 1869 710 1940 l'ulgoris
733 1867 1021 1930 Deitatem,
1046 1865 1199 1919 nulla
1221 1864 1465 1919 oratione
1493 1861 1892 1933 explicandam.
1916 1860 2063 1916 Talia

2177 1861 2320 1914 αὐτὰ
2348 1861 2713 1932 ἐπιστάμενος
2751 1877 2766 1927 ;
2817 1861 2878 1915 Ὀ
2915 1862 3104 1927 “Octo;
3161 1861 3440 1933 ἀπεκρίθη
3466 1880 3480 1896 ο
3513 1856 3693 1935 ’ῼτινι
3735 1865 3760 1915 6

481 1968 790 2031 loquentem
826 1957 1054 2012 miratus
1077 1955 1418 2026 Epiphanius
1453 1970 1468 2008 :
1499 1953 1650 2009 Unde
1698 1956 1816 2022 tibi,
1872 1956 2063 2026 inquitI

2175 1955 2310 2018 Θεὸς
2340 1956 2464 2018 τοὺς
2497 1970 2580 2005 vos
2593 1953 2720 2023 ροὺς
2743 1955 2942 2020 αὐτοὺς
2971 1955 3286 2025 ὀφθαλμοὺς
3309 1955 3758 2025 ἁποκαλύψεικαὶ

481 2066 660 2105 rerum
723 2051 953 2105 istarum
1004 2060 1112 2102 tam
1150 2057 1401 2118 prompta
1435 2046 1626 2102 notitia
1651 2055 1705 2102 et
1751 2046 2063 2116 explicatio,

2179 2047 2430 2115 φωτίσει,
2467 2047 2642 2100 πολλὰ
2681 2048 2872 2119 βλέπει
2906 2049 3000 2101 καὶ
3041 2049 3164 2118 ὁρᾷ,
3212 2047 3361 2116 ἅπερ
3406 2050 3499 2101 καὶ
3545 2048 3758 2116 βλέπων
3791 2075 3797 2086 ι

481 2145 637 2216 quasi
688 2159 903 2214 semper
951 2140 1004 2195 in
1031 2142 1098 2195 iis
1130 2140 1531 2211 cognoscendis
1572 2147 1823 2194 versatus
1871 2140 2069 2195 esses?
2174 2138 2454 2202 ἐξίσταται
2497 2139 2631 2209 (7'5).

480 2232 714 2304 Reponit
746 2233 830 2285 vir
873 2240 1138 2285 sanctus:
1168 2229 1307 2284 Cum
1339 2228 1527 2283 oculos
1553 2229 1750 2283 mentis
1775 2228 2062 2283 interiores
2099 2229 2375 2297 aperuerit
2417 2236 2581 2298 atque
2618 2227 3011 2284 illuminaverit
3049 2228 3288 2299 cuipiam
3333 2229 3496 2294 Deus,
3524 2229 3758 2298 plurima

479 2323 566 2378 ille
620 2335 674 2376 et
733 2320 874 2374 videt
924 2329 976 2374 et
1005 2317 1308 2388 cognoscit,
1341 2327 1396 2373 et
1447 2317 1830 2388 cognoscendo
1866 2318 2221 2386 obstupescit.

1868 2431 2116 2490 “CAPUT
2159 2432 2305 2488 XXI.

1057 2549 1249 2606 Varias
1275 2549 1580 2619 Scriptura:
1612 2559 1917 2621 natumque
1957 2548 2300 2619 phrenomena
2322 2554 2552 2622 explicat
2591 2553 2891 2625 Epiphanio
2921 2557 3184 2612 Andreas.

549 2673 674 2731 164.
701 2672 842 2728 Hine
872 2670 941 2726 ad
972 2670 1080 2725 alta
1107 2668 1396 2724 deﬂectens
1419 2665 1755 2738 Epiphanius
1780 2682 1798 2720 :
1821 2666 1946 2733 Qui,
1974 2671 2063 2734 ait,

2250 2669 2380 2741 ρξδῖ
2435 2671 2754 2740 Ἐπιφάνιος
2806 2671 3001 2742 λέγει’
3041 2673 3175 2728 Τίνα
3221 2674 3376 2730 λύσιν
3416 2676 3532 2749 ἔχει
3564 2678 3758 2736 τὸῦπὸ

479 2771 622 2827 istud
652 2765 1038 2838 explicandum
1067 2773 1175 2828 est,
1201 2762 1346 2832 quod
1361 2761 1494 2817 dicit
1519 2758 1784 2816 Dominus
1809 2778 1822 2815 :
1849 2759 2063 2829 (Orate,

2174 2763 2268 2817 τοῦ
2308 2763 2519 2835 Κυρίου
2552 2764 2846 2836 είρημένον
2877 2781 2892 2798 °
2926 2785 2945 2819 ι
2979 2766 3246 2838 Εὔχεσθε,
3281 2769 3367 2823 ἵνα
3418 2771 3492 2842 μὴ
3543 2775 3575 2843 η
3609 2777 3756 2847 φυγὴ

480 2873 544 2920 ιιι
574 2877 682 2917 non
731 2859 824 2915 tlat
855 2857 986 2928 fuga
1019 2865 1203 2912 vestra
1237 2857 1290 2910 in
1328 2854 1632 2910 hieme-vel
1677 2853 1922 2910 Sabbato
1943 2854 2058 2908 "lt

2174 2857 2201 2912 ὑ
2211 2856 2326 2926 μῶν
2352 2857 2580 2928 γένηται
2611 2857 2906 2928 χειμῶνος,
2943 2859 3079 2930 μηδὲ
3102 2861 3367 2934 Σαϐϐάτῳ
3387 2881 3400 2931 ;
3419 2882 3436 2915 ι
3477 2866 3537 2918 '0
3565 2867 3756 2936 Ἄγιος

478 2955 788 3022 Quoniam,
842 2950 1023 3019 inquit
1075 2947 1363 3012 Andreas,
1410 2945 1926 3017 perspicacissimus
1971 2943 2063 3000 Dei

2174 2941 2325 3002 εἶπεν
2356 2964 2372 2980 ·
2427 2949 2648 3021 Ἐπειδὴ
2679 2949 2794 3023 εῐδῃ
2841 2952 2870 3005 6
2923 2952 3100 3022 μέγας
3139 2952 3420 3025 ὀφθαλμὸς
3463 2958 3490 3010 6
3524 2960 3760 3026 προϊδὼν

478 3044 701 3108 oculus,
737 3042 830 3112 qui
863 3050 973 3095 tam
1006 3039 1110 3094 sub
1136 3045 1417 3108 aspectum
1449 3037 1725 3105 cadentia,
1757 3051 1921 3108 quam
1953 3052 2063 3092 non

2174 3039 2235 3094 τὰ
2266 3041 2442 3112 ὁρατὰ
2470 3041 2567 3096 καὶ
2592 3042 2662 3096 τὰ
2687 3042 2899 3113 ἀόρατα
2928 3042 3004 3106 ὡς
3037 3043 3420 3118 προγνώστης,
3454 3049 3538 3102 ὅτι
3569 3051 3760 3120 μέλλει

477 3137 776 3202 cadentia,
829 3135 1035 3190 dudum
1091 3142 1223 3187 ante
1279 3129 1567 3201 cognoscit
1616 3145 1682 3186 ac
1739 3131 2058 3202 prospicit,

2180 3130 2543 3205 Ἰερουσαλὴμ
2573 3133 3070 3204 παραδίδοσθαιείς
3103 3139 3294 3208 χεῖρας
3320 3139 3430 3194 τῶν
3469 3119 3758 3212 Ῥωμαίων

477 3229 606 3284 illud
637 3241 857 3297 quoque
902 3223 1268 3296 providebat.,
1308 3220 1434 3276 {ore
1489 3229 1549 3277 ut
1590 3221 1896 3278 Jerusalem
1949 3232 2062 3276 tra-

476 3319 695 3373 deretur
725 3318 780 3370 in
823 3328 1021 3370 manus
1060 3311 1442 3368 Romanorum
1471 3351 1486 3377 ,
1514 3311 2061 3380 ob'jncredulitatem

477 3429 630 3468 suam
673 3410 922 3465 funditus
973 3407 1308 3472 evertenda;
1361 3407 1490 3462 hinc
1540 3407 1688 3461 istud
1739 3407 2057 3461 vaticinium

476 3504 723 3574 protulit.
779 3501 915 3556 Nam
964 3499 1010 3554 si
1067 3499 1196 3570 fuga
1243 3499 1299 3552 in
1339 3496 1640 3553 Sabbatum
1671 3505 1781 3552 aut
1825 3498 2058 3552 hiemem

476 3596 800 3662 incidisset,
863 3607 1019 3647 more
1071 3606 1174 3646 suo
1228 3591 1470 3660 jacentes
1516 3605 1612 3660 per
1663 3589 1959 3645 Sabbatum
2005 3590 2059 3645 in

475 3689 717 3762 grabatis
744 3685 950 3753 Judaei,
998 3684 1142 3739 unde
1171 3698 1271 3738 nec
1313 3697 1536 3753 surgere
1567 3682 1702 3752 ipsis
1737 3696 1836 3737 nec
1874 3681 2058 3754 fugam

481 3795 769 3855 capessere
792 3779 884 3835 Ias
915 3787 1034 3844 est,
1069 3777 1310 3832 hostimn
1337 3791 1540 3831 manus
1573 3775 1892 3844 neutiquam
1930 3791 2061 3831 eva-

481 3882 609 3936 dere
640 3876 948 3949 potuissent
978 3889 1089 3930 :ne
1112 3882 1294 3928 autem
1326 3871 1379 3926 in
1411 3871 1645 3927 hiemem
1677 3869 1804 3942 fuga
1828 3869 2056 3937 incidat,

478 3973 622 4039 ideo,
665 3979 874 4037 putem,
900 3981 1069 4023 orare
1090 3965 1270 4036 jubet,
1305 3964 1451 4034 quod
1481 3963 1681 4034 frigore
1720 3970 1850 4018 tunc
1877 3963 2058 4017 omnia

477 4065 692 4134 rigeant
735 4071 790 4116 et
816 4069 1031 4115 montes
1079 4059 1213 4113 invii
1256 4058 1407 4113 sint:
1441 4058 1584 4126 quod
1620 4054 1666 4109 si
1697 4055 1864 4108 etiam
1904 4055 2059 4125 fuge-

477 4156 613 4217 rint,
658 4150 872 4205 nullum
910 4150 1003 4204 ubi
1037 4149 1244 4202 lateant
1291 4159 1571 4202 recessum
1611 4145 1886 4200 lit-venturi
1927 4146 2059 4212 sint,

477 4242 805 4314 prohibente
883 4238 939 4292 id
998 4237 1175 4292 hieme
1259 4235 1314 4289 in
1369 4234 1647 4288 montibus
1707 4233 2061 4291 inclementer

479 4336 759 4391 saaviente.
806 4328 1000 4384 Exitus
1043 4335 1226 4382 autem
1273 4325 1684 4395 praedictionem
1717 4323 1922 4380 Christi
1969 4343 2062 4382 ve-

475 4443 594 4483 ram
625 4423 791 4479 fuisse
821 4419 1097 4476 cumulate
1140 4418 1272 4473 satis
1299 4417 1709 4487 comprobavit;
1737 4417 1884 4488 quod
1908 4420 2054 4474 enim

2170 3226 2253 3290 είς
2309 3227 2538 3298 ἄπειρον
2598 3225 2880 3298 ἑξάλειψιν
2933 3227 3021 3282 διὰ
3091 3230 3190 3300 τὴν
3248 3231 3510 3288 ἀπιστίαν
3551 3236 3755 3303 αὐτῶν,

2170 3318 2508 3389 προείρηκεν
2557 3318 2744 3384 αὐτοῖς
2767 3319 2943 3374 ταῦτα
2974 3337 2990 3353 ο
3029 3321 3112 3376 ὅτι
3148 3322 3247 3375 ἐὰν
3285 3325 3514 3395 γένηται
3547 3328 3578 3398 ἡ
3609 3331 3755 3400 φυγή

2168 3411 2351 3467 αὐτῶν
2383 3413 2441 3464 ἐν
2466 3411 2755 3482 Σαϐϐάτῳ,
2779 3413 2921 3466 κατά
2951 3412 3010 3466 τὸ
3031 3414 3151 3479 ἐθος
3175 3415 3355 3470 αὐτῶν
3389 3419 3445 3471 ἐν
3471 3421 3584 3483 τοῖς
3614 3421 3756 3474 Σάϐ.

2176 3497 2336 3550 ϐασιν
2380 3497 2474 3550 ἐπὶ
2513 3498 2791 3568 κράϐατον
2821 3501 3086 3571 κείμενοι,
3137 3505 3234 3557 καὶ
3278 3505 3583 3573 ἀναστῆναι
3633 3527 3751 3574 πως

2172 3587 2250 3660 μὴ
2275 3587 2493 3659 ἔχοντες
2528 3590 2622 3644 καὶ
2654 3593 2867 3661 φυγεῖν,
2918 3593 3089 3665 ἄρδην
3121 3597 3492 3666 ἐμπεσοῦνται
3525 3602 3602 3664 είς
3635 3603 3750 3670 χεῖ-

2171 3698 2268 3752 ρας
2296 3683 2405 3736 τῶν
2444 3685 2656 3756 ἐχθρῶν
2686 3703 2701 3718 ο
2734 3689 2793 3740 ἐν
2831 3687 2910 3759 τῷ
2941 3689 2997 3744 δὲ
3047 3691 3300 3762 χειμῶνι,
3342 3687 3518 3763 οἶμαι,
3571 3693 3658 3747 διὰ
3689 3695 3750 3747 τὸ

2168 3775 2339 3844 κρύος
2381 3779 2474 3830 καὶ
2493 3777 2582 3831 διὰ
2621 3779 2681 3830 τὸ
2704 3779 2905 3834 ἄϐατον
2929 3782 3038 3835 τῶν
3054 3783 3260 3853 -ὀρέων,
3306 3785 3388 3837 ὅτι
3429 3786 3477 3838 εί
3513 3785 3607 3839 καὶ
3649 3787 3752 3856 φύ-

2167 3883 2333 3939 γωσι,
2373 3869 2476 3924 ποῦ
2515 3871 2697 3942 ἔχουσι
2731 3873 3028 3946 κρυϐῆναι,
3056 3875 3183 3945 βίας
3211 3875 3383 3949 οὔσης
3413 3878 3618 3949 πολλῆς
3655 3879 3750 3932 τοῦ

2167 3963 2439 4034 χειμῶνος
2487 3965 2546 4018 ἐν
2594 3967 2710 4031 τοῖς
2765 3967 2990 4040 (ipso-tv;
3027 3969 3100 4022 Τὸ
3135 3969 3192 4022 δὲ
3227 3968 3428 4042 ἀληθὲς
3473 3971 3745 4042 ὴνοίξατο,

2175 4055 2360 4119 καθὼς
2389 4057 2576 4121 αὐτοῖς
2606 4060 3000 4132 προφητεύσας
3037 4062 3361 4132 ἀπεφήνατο
3389 4079 3405 4094 ο
3433 4059 3555 4116 εἷπε
3612 4063 3746 4136 γὰρ,

2167 4144 2249 4197 ὅτι
2292 4147 2473 4212 Λίθος
2497 4147 2594 4201 ἐπὶ
2620 4149 2794 4203 λίθον
2815 4149 3028 4205 ἐνθάδε
3047 4153 3158 4220 οὐχ
3185 4151 3607 4222 εὑρεθήσεται,
3652 4156 3749 4208 καὶ

2167 4239 2389 4307 ἐγένετο
2421 4240 2615 4305 οὕτως.
2644 4243 2802 4296 Μετά
2829 4261 2983 4307 τινας
3016 4244 3125 4313 γὰρ
3161 4248 3394 4317 καιροὺς
3437 4247 3608 4302 ἐλθὼν
3638 4249 3748 4301 ἀπὸ

2178 4327 2398 4402 Ῥώμης
2419 4329 2854 4403 [Οὐεσπασιανὸς
2877 4335 2974 4390 καὶ
3001 4336 3160 4401 Τῖτος
3176 4337 3202 4389 6
3223 4336 3416 4392 τούτου
3443 4339 3555 4403 υίὸς
3582 4339 3742 4411 (74)],

2168 4421 2308 4474 κατὰ
2347 4425 2408 4476 τὸ
2434 4423 2589 4494 ῥῆμα
2620 4425 2825 4495 Κυρίου
2857 4427 3032 4481 πάντα
3071 4427 3256 4494 αὐτοῖς
3286 4429 3354 4482 τὰ
3383 4428 3530 4483 δεινὰ
3559 4431 3750 4483 ἐπετέ-

475 4519 725 4582 dixerat,
771 4513 1010 4584 lap-idem
1043 4525 1207 4581 super
1234 4508 1468 4580 lapidem
1495 4507 1620 4564 istic
1646 4523 1754 4562 non
1782 4513 2059 4581 reperien-

2174 4515 2341 4580 λεσεν,
2371 4515 2473 4568 ὅσα
2509 4515 2696 4579 αὐτοῖς
2723 4519 2751 4570 6
2774 4520 3122 4591 Δημιουργὸς
3163 4521 3600 4594 προεκηρύξατο.

474 4615 606 4667 dum
638 4650 654 4676 ,
714 4610 791 4665 ita
850 4607 1025 4678 patuit
1066 4613 1266 4662 eventu
1321 4623 1336 4661 :

1395 4607 1556 4663 annis
1606 4607 1875 4677 siquidem
1935 4619 2056 4679 post
2096 4611 2343 4682 aliquot,
2404 4613 2701 4672 adveniens
2751 4614 2929 4671 Roma
2995 4615 3364 4688 Vespasianus
3455 4636 3580 4677 cum
3630 4621 3746 4675 tilio

473 4706 639 4768 Tito,
693 4701 990 4764 universa,
1039 4711 1162 4768 quae
1201 4697 1533 4753 vaticinatus
1583 4708 1702 4754 erat
1753 4699 2051 4766 Dominus,
2092 4705 2232 4756 mala
2269 4717 2434 4771 super
2456 4719 2553 4760 eos
2591 4705 2827 4763 induxit.

549 4794 682 4850 165.
727 4792 890 4847 Aliud
943 4791 1137 4845 iterum
1177 4787 1526 4860 Epiphanius
1565 4806 1580 4843 ε
1622 4791 1759 4856 Quid
1797 4792 1901 4848 sibi
1943 4793 2056 4846 vult

2238 4793 2368 4866 ρξε’.
2438 4797 2761 4866 Ἐπι-ρόινιος
2806 4792 2964 4852 εἷπεν
2989 4813 3005 4829 ο
3040 4798 3107 4854 Τί
3153 4795 3310 4854 εἷπεν
3351 4801 3380 4855 6
3422 4803 3742 4875 Προφήτης,

475 4888 609 4944 illud
653 4885 987 4955 Prophetas:
1039 4899 1058 4932 ι
1099 4879 1224 4934 Dies
1277 4881 1382 4934 diei
1434 4890 1646 4936 eructat
1688 4882 1952 4948 verbum,
2001 4894 2057 4938 ct

2174 4907 2182 4938 l
2227 4888 2439 4958 Ἡμέρα
2478 4892 2546 4960 τῇ
2593 4891 2779 4962 ἡμέρᾳ
2810 4891 3100 4962 ερεύγεται
3124 4892 3300 4964 ῥῆμα,
3335 4897 3428 4949 καὶ
3462 4896 3559 4961 νὺξ
3587 4899 3743 4950 νυκτὶ

481 4996 591 5035 nox
644 4979 792 5033 nocti
849 4975 1141 5030 annuntiat
1195 4974 1479 5028 scientiam
1507 4975 1573 5005 ⁸⁷·
1608 4975 1631 5027 ?
1667 4993 1684 5026 ι
1741 4975 2059 5046 Βοευοηᾱει

2174 4979 2494 5049 Ξιναγγέλλει
2524 4983 2727 5052 γνῶσιν
2752 5001 2767 5050 ;
2799 5001 2818 5036 ›
2841 4984 2899 5038 '0
2918 4984 3200 5056 Μακάριος
3226 4987 3358 5059 ἔφη’
3385 4989 3644 5058 ’Έγγιοον
3665 4990 3744 5060 τῷ

447 5082 451 5085 ’
479 5071 727 5126 Andreas
758 5087 773 5124 :
814 5069 918 5123 Adi
947 5065 1244 5122 Iordanem
1271 5105 1286 5131 ,
1337 5076 1654 5135 reperturus
1690 5068 1876 5138 utique
1906 5086 2058 5140 qua:-

481 5162 572 5217 siti
605 5162 679 5214 tui
723 5159 1074 5215 solutionem.
1125 5157 1248 5211 Dies
1279 5160 1422 5212 enim
1454 5155 1614 5212 Pater
1641 5169 1762 5222 est,
1813 5161 2058 5216 testimo-

484 5255 634 5310 nium
685 5251 978 5322 perhibens
1040 5247 1211 5315 Filio;
1271 5249 1730 5319 quemadmodum
1783 5261 1837 5307 et
1891 5251 2062 5311 Filius

557 5388 602 5420 "'
635 5386 825 5441 Matth.
853 5399 999 5448 xxrv,
1035 5381 1127 5436 9.0.
1202 5383 1273 5413 ’τ’
1311 5383 1456 5438 Psal.
1489 5398 1644 5450 xvm,
1677 5385 1732 5440 5.

2173 5073 2435 5147 Ἰορδάνῃ,
2460 5079 2554 5131 καὶ
2595 5079 2854 5149 εὑρήσεις
2880 5081 2938 5133 τὸ
2960 5081 3320 5152 ζητούμενον,
3352 5081 3602 5156 [Ἡμέρα
3633 5089 3743 5155 γὰρ

2161 5166 2189 5218 ὁ
2236 5167 2426 5239 Πατὴρ
2479 5171 2776 5242 μαρτυρῶν
2826 5172 2906 5244 τῷ
2953 5173 3067 5244 Υίῷ
3117 5173 3278 5246 (75)]
3315 5173 3499 5238 καθὼς
3551 5178 3666 5244 φὼς
3717 5180 3741 5229 ἐ

2166 5255 2290 5320 Υἱὸς
2315 5259 2343 5310 6
2375 5257 2772 5331 βαπτιζόμενος
2798 5278 2812 5292 ·
2848 5264 2998 5334 ῥῆμα
3041 5263 3105 5316 τὸ
3149 5265 3208 5317 ὲν
3260 5264 3434 5335 μέσῳ,
3470 5265 3530 5317 τὸ
3586 5265 3741 5334 ἅγιον

553 5496 1189 5586 (Ἰῇ)’]υἰὸοηιθεᾴι1ἱιυι·
1222 5514 1237 5553 :
1284 5498 1598 5571 Ἀπόκρισιν
1639 5501 1696 5555 δὲ
1756 5502 1919 5558 πάλιν
1959 5503 2051 5558 διὰ

2174 5519 2226 5586 ιιι
2269 5507 2707 5564 exerrationem?
2750 5508 2983 5568 habebat
3048 5510 3345 5586 Ἀντίοχος.
3385 5515 3608 5572 Rectius
3631 5533 3735 5573 ms.

479 5568 580 5646 τὴν
609 5568 1078 5646 επίϐασιναδιϐούς.

556 5645 666 5716 (Td)
691 5638 1005 5716 Ms.__Va_tic.
1040 5638 1320 5716 interjicit_
1341 5639 1605 5713 οὐδοὺληε
1639 5657 1745 5716 non
1771 5645 1950 5716 capio.

556 5710 667 5782 (74)
690 5710 968 5767 Ms.Vatic.
992 5723 1086 5778 per
1101 5711 1491 5780 turpissimam,
1510 5710 1818 5772 secordiam
1839 5710 2050 5788 Vocem,

2157 5575 2355 5632 Mazar.

2232 5647 2345 5731 (7st
2404 5647 2550 5707 tdem
2593 5651 2703 5708 :Et
2757 5651 2857 5724 μὲν
2905 5652 3015 5723 γὰρ
3054 5651 3238 5721 καθὼς
3287 5654 3404 5729 φῶς
3465 5659 3494 5715 6
3549 5658 3732 5731 Πατηρ

2159 5719 2358 5789 ἡμέραι.
