4090 6404
420 226 525 291 8ιὸ

1480 215 1904 312 NlCEPIlOlll
1922 217 2427 278 'PRES‘BYTERI
2453 216 2574 277 'CP.

3577 215 3683 279 816

425 338 821 394 surrectionem
857 332 1181 390 conscensis
1216 330 1370 387 cmlis
1400 329 1467 385 a‘d
1499 332 1788 385 dexteram
1820 327 2001 381 Patris

2109 343 2215 379 νων
2260 326 2521 395 γλωσσῶν
2564 323 2659 376 ἐπὶ
2696 326 2821 387 τοὺς
2858 324 3213 388 ἀποστόλους.
3260 323 3574 393 Κεφάλαιον
3624 326 3682 379 δέ

423 433 755 495 collocatus,
792 443 918 484 cum
965 426 1172 484 tonitru
1221 433 1276 480 et
1341 438 1477 479 sono
1521 421 1825 477 vehementi
1875 436 2001 475 san-

423 535 571 581 ctum
618 521 887 594 Spiritum
909 522 962 576 in
997 518 1181 590 specie
1220 517 1533 587 linguarum
1568 513 1854 583 igncarum
1897 510 2002 563 mi-

2112 418 2228 469 ὲστι
2282 416 2391 470 τῶν
2422 415 2824 485 εὐαγγελιστῶν
2849 415 2877 466 6
2908 414 3190 484 Θεολὸγο,·,
3223 416 3316 469 καὶ
3341 413 3535 479 λευκὸς
3571 415 3689 469 Ἰπ·

2115 526 2217 574 πος
2238 509 2591 579 ὀνομάζεται,
2620 512 2716 564 καὶ
2754 509 2877 573 Υἱὸς
2912 510 3163 580 βροντῆς.

377 675 387 693 ,
426 621 557 675 serit
594 632 762 690 super
792 614 1071 687 apostolos
1105 632 1121 669 :
1158 621 1322 683 caput
1356 617 1533 664 autem
1572 604 2033 676 evangelistarum
2071 605 2410 674 reliquorum
2449 601 2701 659 Joannes
2747 611 2867 668 est,
2921 603 3016 673 qui
3061 614 3114 658 et
3152 601 3353 673 ~Equus
3376 603 3553 658 albus
3581 639 3597 665 ,
3638 608 3692 653 ct

382 699 385 702 6
423 716 598 771 Filius
626 712 856 767 tonitrui
889 709 1218 781 appellatur.

495 813 622 865 168.
676 808 917 876 Fulgura
960 805 1156 860 deinde
1178 801 1351 856 "unde
1388 799 1728 870 promicant,
1774 804 1830 851 et
1879 808 2002 866 quae

425 903 642 958 illorum
698 898 1044 959 substantia,
1095 910 1220 950 cum
1289 900 1559 963 quaereret
1612 889 1993 961 Epiphanius,

424 996 497 1049 ita
535 993 816 1064 respondit
856 989 915 1044 Β.
941 988 1229 1042 Andreas:
1262 985 1530 1054 Siphones
1561 982 1842 1037 attrahunt
1881 989 1996 1034 tum

425 1086 688 1140 marinam
712 1122 726 1147 ,
759 1089 874 1135 tum
905 1075 1220 1133 ﬂuviatilem
1239 1113 1255 1140 ,
1282 1073 1724 1144 tum-palustrem
1752 1086 1951 1141 aquam
1980 1086 1996 1135 ;

424 1173 723 1245 repletique
768 1169 1072 1225 ascendunt
1102 1166 1169 1221 ad
1215 1164 1573 1236 capacissima
1627 1163 1996 1234 receptacula,

425 1281 484 1321 se
528 1265 677 1334 ipsos
705 1261 817 1316 illic
844 1256 1162 1315 evacuaturi
1194 1272 1208 1310 :
1246 1258 1601 1326 posteaquam
1636 1269 1765 1309 vero
1806 1252 2002 1323 imple-

424 1364 620 1414 verunt
655 1353 878 1419 omnia,
920 1351 1207 1408 discedunt
1250 1348 1394 1415 alio,
1453 1348 1639 1419 ibique
1684 1355 2003 1402 constanter

425 1457 764 1522 permanent.
794 1445 993 1502 Postea
1037 1442 1221 1516 fulgur
1244 1481 1260 1507 ,
1310 1441 1457 1512 quod
1491 1440 1850 1510 receptaculis
1881 1439 2003 1494 istis

424 1539 829 1609 quodammodo
862 1546 1058 1609 praeest
1087 1545 1142 1590 et
1193 1538 1542 1590 securitatem
1577 1540 1818 1602 praestat,
1852 1545 2003 1585 com-

2186 790 2321 862 ρξη’.
2362 791 2682 860 Ἐπιφάνιος
2723 786 2875 844 εἶπεν
2903 809 2917 823 ο
2956 791 3142 846 Πόθεν
3175 792 3205 862 ἠ
3245 792 3500 865 ἀστραπὴ
3534 796 3689 867 ἐξέρα

2110 900 2266 952 χεται
2298 898 2313 947 ;
2349 883 2442 933 καὶ
2475 883 2557 944 τίς
2605 882 2640 952 ἠ
2679 881 2884 951 ταύτης
2924 882 3082 936 οὐσία
3115 900 3130 947 ;
3175 883 3233 936 ὐ
3262 884 3446 949 "Octo;
3481 883 3638 940 εἶπεν
3673 903 3685 916 ·

2111 977 2172 1028 Oi
2209 974 2441 1043 σίφωνες
2503 974 2768 1042 ἀνάγουσι
2806 975 2899 1029 καὶ
2931 975 3225 1047 θαλάσσης,
3264 979 3360 1031 καὶ
3403 983 3685 1050 ποταμῶν,

2106 1068 2201 1120 καὶ
2226 1066 2431 1130 λιμνῶν
2458 1066 2646 1134 ὕδατα,
2681 1068 2777 1122 καὶ
2805 1069 3122 1138 γεμίζοντες
3154 1072 3382 1135 ἑαυτοὺς
3425 1074 3686 1145 ἀνέρχον-

2102 1174 2213 1221 ται,
2265 1159 2361 1210 καὶ
2409 1157 2658 1212 κενοῦσιν
2708 1160 2937 1223 ἑαυτοὺς
2971 1162 3053 1224 είς
3097 1163 3197 1226 τὰς
3240 1163 3351 1217 τῶν
3395 1164 3688 1240 θησαυρῶν

2103 1248 2379 1312 ἀόύσσους
2402 1263 2416 1279 ο
2452 1248 2547 1302 καὶ
2572 1248 2702 1303 ὃταν
2726 1250 2997 1319 γεμίσωσι
3022 1252 3255 1314 πάντας,
3283 1253 3582 1309 διίστανται
3605 1260 3688 1321 είς

2102 1342 2199 1404 τάς
2225 1342 2513 1406 συστάσεις
2544 1342 2744 1409 αὐτῶν,
2769 1343 2862 1397 καὶ
2891 1344 3204 1414 διαμένουσι
3234 1347 3687 1416 πάγιοι.”Επειτα

2102 1433 2135 1503 ἡ
2170 1432 2426 1503 ἀστραπὴ
2450 1433 2717 1503 ἀσφάλειά
2743 1436 2858 1488 ἐστι
2880 1434 2992 1488 τῶν
3011 1435 3297 1507 θησαυρῶν
3318 1440 3562 1505 ἐκείνων,
3588 1441 3687 1495 καὶ

2105 1526 2320 1595 συνέχει
2362 1529 2421 1579 ὲν
2448 1528 2616 1597 ἑαυτῇ
2645 1527 2765 1580 ὅλον
2801 1528 2862 1580 τὸ
2892 1527 3054 1594 ὕδωρ,
3088 1530 3182 1582 καὶ
3212 1532 3490 1586 κατεσθίει
3518 1535 3685 1588 αὐτοῦ

426 1636 667 1704 plectens
694 1634 747 1687 in
781 1646 841 1687 se
881 1644 1099 1685 onmem
1148 1641 1384 1697 aquam,
1433 1624 1708 1679 consumit
1736 1621 1999 1694 quidquid

2109 1614 2295 1669 ’πᾶσαν
2331 1617 2430 1688 τὴν
2478 1618 2785 1688 ἅλμην-καὶ
2816 1620 2907 1673 τὸν
2936 1621 3130 1692 ῥῦπον,
3178 1626 3228 1675 εί
3255 1623 3365 1692 ἀρα
3407 1618 3545 1678 ἐστι’
3579 1627 3688 1681 ἀπὸ

425 1728 502 1783 illi
549 1726 689 1781 forte
714 1740 778 1780 ex
816 1721 951 1778 mari
990 1719 1285 1789 salsuginis
1320 1717 1633 1773 sordittmve
1676 1716 1999 1782 permistum

424 1829 529 1878 est.
559 1819 695 1873 Tum
730 1816 955 1887 angelus
985 1814 1197 1868 Domini
1228 1811 1604 1874 descendens,
1638 1816 2002 1864 sacrosanctae

425 1911 610 1967 crucis
656 1907 896 1964 ostendit
947 1906 1188 1975 lignum,
1237 1911 1293 1957 et
1333 1900 1675 1956 dulcedinem
1728 1899 1782 1953 in
1832 1912 2003 1968 aquas

425 2003 550 2057 illas
575 1998 805 2054 inducit.
838 1996 1083 2066 Denique
1116 1993 1320 2063 fulgur,
1354 1992 1501 2059 Quod
1528 1990 1664 2054 dixi,
1689 1988 2002 2060 praecedens

430 2095 714 2157 tonitrua,
764 2090 965 2145 desinit
997 2088 1049 2141 in
1096 2068 1408 2141 ednllictum
1453 2084 1715 2149 nubium,
1772 2081 2005 2149 illasque

428 2193 691 2255 expurgat
757 2192 810 2237 et
867 2188 1173 2250 prccparat,
1234 2189 1291 2233 et
1335 2175 1508 2232 sicubi
1570 2173 1710 2230 forte
1765 2173 2003 2227 rariores

431 2279 654 2345 reperit,
706 2274 759 2328 in
797 2282 998 2328 statuat
1032 2284 1202 2326 suum
1238 2269 1359 2324 illas
1392 2266 1672 2337 componit
1717 2281 1733 2320 :
1784 2263 2005 2327 creber-

429 2370 567 2424 rime
615 2382 743 2422 vero
801 2365 963 2421 etiam
1033 2362 1311 2434 egreditur
1370 2360 1431 2415 in
1484 2373 1659 2424 aera,
1720 2365 2005 2428 terrasque

424 2460 638 2516 lumine
663 2474 765 2514 suo
796 2474 860 2514 ac
887 2456 1177 2529 splendore
1209 2455 1451 2509 illustrat
1477 2470 1492 2507 :
1520 2467 1630 2507 non
1660 2451 2004 2514 raro-etlam,

432 2555 524 2610 u'bi
569 2551 865 2609 accesserit
918 2548 1297 2606 vehementior
1348 2548 1626 2617 impetus,
1680 2543 1879 2598 fulmen
1925 2542 2007 2612 ip-

430 2662 551 2702 sum
608 2643 676 2699 ad
713 2653 913 2698 terram
972 2640 1269 2712 pertingit,
1330 2647 1388 2694 et
1451 2636 1721 2707 quidquid
1788 2633 2005 2688 obviam

429 2750 652 2793 nactum
697 2734 897 2799 fuerit,
952 2732 1211 2787 violentia
1256 2730 1399 2801 ignis
1444 2728 1532 2784 sui
1567 2727 1863 2791 adustum,
1915 2738 2008 2793 pe-

430 2832 578 2885 nitus
608 2826 881 2884 consumit
915 2843 928 2880 :
971 2825 1053 2880 vis
1081 2824 1227 2879 enim
1263 2821 1411 2877 illius
1438 2818 1797 2875 comburendi
1834 2816 2008 2871 multo

431 2924 613 2979 acrior
639 2928 723 2977 est
751 2934 914 2990 quam
951 2916 1094 2988 ignis
1121 2913 1419 2981 nostratis,
1468 2912 1720 2968 fortassis
1751 2918 1806 2965 et
1848 2909 2009 2964 inex-

2104 1711 2412 1783 θαλάσσης·
2488 1713 2584 1765 καὶ
2634 1712 2964 1783 κατέρχεται
3015 1716 3250 1784 ἄγγελος
3305 1719 3537 1789 Κυρίου,
3592 1724 3687 1774 καὶ

2106 1803 2361 1871 ἐμφαίνει
2410 1804 2471 1856 τὸ
2508 1803 2667 1870 ξύλον
2711 1805 2807 1857 τοῦ
2852 1806 3044 1877 τιμίου
3080 1807 3342 1881 σταυροῦ,
3393 1813 3485 1867 καὶ
3528 1828 3688 1866 κατα-

2076 1895 2388 1971 ¹γλυκαίνει
2428 1897 2497 1950 τά
2532 1896 2701 1950 ὕδατα
2733 1899 2917 1951 ἐκεῖνα
2943 1916 2954 1930 ⁸
2983 1899 3077 1952 καὶ
3118 1901 3305 1955 λοιπὸν
3349 1906 3381 1973 ὴ
3420 1905 3685 1973 ἀστραπὴ

2106 1984 2290 2054 ἐκείνη
2318 1988 2720 2058 προπορεύεται
2744 1990 2842 2059 τῆς
2883 1991 3133 2060 βροντῆς,
3159 1991 3385 2045 τελοῦσα
3409 1998 3489 2056 εἰς
3509 1996 3684 2065 ὁρμὴν

2105 2078 2216 2130 τῶν
2251 2080 2308 2130 ὲν
2337 2078 2591 2146 νεφέλαις
2622 2080 2879 2148 ἀγωγῶν,
2912 2083 3004 2135 καὶ
3034 2082 3397 2153 προκαθαίρει
3430 2086 3523 2136 καὶ
3546 2102 3682 2155 προ-

2105 2169 2385 2240 ετοιμάζει
2414 2186 2429 2202 °
2461 2172 2556 2225 καὶ
2583 2175 2631 2226 εί
2662 2173 2804 2245 λάχῃ
2837 2175 3099 2246 ἀραίωμα
3132 2176 3390 2244 νεφελῶν,
3426 2180 3682 2248 συντίθη-

2112 2279 2197 2314 σιν
2228 2263 2307 2325 είς
2341 2261 2636 2334 εὐθύτητα.
2675 2264 3001 2329 Πλειστάκις
3023 2266 3079 2319 δὲ
3108 2270 3202 2320 καὶ
3239 2268 3462 2339 ἔρχεται
3486 2272 3564 2333 εἰς
3594 2273 3682 2323 τὸν

2104 2353 2267 2423 ἀέρα,
2307 2353 2400 2406 ἐπὶ
2432 2357 2529 2425 τῆς
2562 2356 2668 2426 γῆς
2709 2357 3029 2426 αὐγάζουσα
3071 2362 3168 2413 καὶ
3200 2364 3480 2429 φέγγουσα
3508 2380 3520 2394 υ
3555 2364 3684 2415 πολ-

2108 2447 2264 2510 λάκις
2291 2448 2348 2500 δὲ
2380 2448 2428 2500 εἰ
2456 2447 2604 2501 ἔστιν
2633 2449 2889 2516 πλούσιος
2924 2453 2955 2521 ἡ
3003 2453 3147 2523 ὁρμὴ
3179 2454 3371 2524 αὐτῆς,
3422 2457 3687 2522 φαίνουσι

2104 2533 2302 2602 ,φθάνει
2335 2537 2430 2589 xal.
2464 2536 2627 2608 μέχρι
2655 2538 2757 2608 τῆς
2785 2541 2889 2610 γῆς
2925 2542 3333 2612 ἀστράπτουσα,
3384 2544 3478 2597 καὶ
3519 2547 3628 2598 πᾶν
3661 2547 3688 2598 6

2109 2644 2160 2679 τι
2192 2626 2546 2696 ἐπιλάϐηται,
2583 2630 2926 2702 δαπανᾷικαὶ
2958 2634 3232 2707 ὲμπιπρᾷ.
3278 2637 3543 2701 Καιύσεως
3581 2640 3688 2709 γάρ

2111 2717 2345 2788 δύναμιν
2369 2720 2484 2791 ἔχει
2525 2724 2582 2775 ὲν
2615 2726 2781 2796 ἑαυτῇ
2814 2726 3128 2797 ὑπερτέραν
3159 2730 3252 2782 τοῦ
3292 2732 3536 2799 ἐπιγείου
3582 2750 3689 2785 πυ-
3753 2731 3763 2740 ’

2115 2811 2207 2879 ρός
2236 2829 2250 2844 ·
2292 2814 2422 2877 ἴσως
2446 2818 2590 2886 φημὶ
2616 2817 2714 2872 καὶ
2737 2819 2836 2887 τῆς
2868 2820 3132 2875 ἀσϐέστου
3160 2825 3452 2888 κολάσεως.
3493 2828 3612 2881 ’Ότι
3632 2829 3689 2882 δὲ

2111 2902 2140 2953 6
2163 2903 2297 2968 Θεὸς
2333 2906 2427 2959 καὶ
2447 2908 2655 2978 ταύτην
2688 2908 2785 2980 τὴν
2808 2913 3102 2987 ἀστραπὴν
3129 2916 3220 2970 διὰ
3267 2919 3458 2988 χρείαν
3489 2920 3690 2992 βροχῆς

433 3014 773 3086 stinguibilis
812 3010 1036 3067 inferni.
1081 3008 1238 3064 Nunc
1270 3021 1402 3062 vero
1444 3005 1592 3076 quod
1637 3004 1782 3058 Deus
1815 3002 2005 3059 istius-

2110 2999 2459 3068 παρήγαγεν,
2492 3003 2593 3055 οὐκ
2617 3006 2747 3073 ἐμὸς
2774 3007 2801 3058 6
2831 3005 3006 3074 λόγος,
3039 3012 3249 3078 τέκνον,
3284 3011 3418 3065 ἀλλὰ
3440 3014 3533 3066 τοῦ
3554 3016 3691 3086 Πίο-

430 3108 579 3163 modi
606 3107 835 3170 fulmen,
863 3118 988 3158 cum
1016 3115 1169 3171 aqua:
1190 3098 1419 3170 penuria
1442 3098 1745 3162 laboratur,
1776 3094 2005 3162 inducit,

432 3215 538 3254 non
564 3214 630 3254 ex
665 3212 786 3252 meo
819 3196 1045 3251 cerebro
1072 3200 1391 3264 promanat,
1418 3190 1493 3245 fili
1520 3191 1617 3257 mi,
1650 3190 1745 3244 sed
1779 3203 1843 3243 ex
1876 3185 2010 3241 Pro-

430 3292 608 3361 pheta:
643 3304 807 3344 sensu
841 3287 1075 3343 dicentis
1107 3302 1122 3339 :
1172 3302 1192 3338 ι
1231 3282 1473 3354 Fulgura
1514 3281 1569 3335 in
1609 3279 1846 3350 pluviam
1882 3276 2010 3333 fecit

411 3380 577 3436 ‘Deus
602 3381 669 3449 ³⁹,
702 3396 722 3432 δ
762 3389 815 3434 et
844 3378 1094 3442 alterius,
1127 3376 1218 3446 qui
1249 3376 1367 3428 ait:
1398 3391 1429 3425 4
1462 3370 2008 3439 Fulminibusaquas

431 3474 644 3542 dirigit,
693 3480 748 3527 et
798 3468 1092 3525 tonitribus
1148 3467 1361 3538 pluvias
1410 3464 1761 3534 nubibusque
1806 3462 2009 3515 imbres

432 3563 728 3639 spargit“.
770 3579 789 3615 ι
827 3555 1095 3619 Caeterum
1132 3561 1438 3615 substantia
1480 3555 1729 3611 fulminis
1769 3568 1837 3610 ex
1888 3553 2011 3623 igne

432 3659 641 3715 caelesti
674 3663 890 3712 constat
922 3671 936 3708 :
977 3651 1435 3724 quemadmodum
1466 3647 1613 3705 enim
1661 3646 1843 3702 radios
1878 3658 2010 3700 suos

432 3751 512 3804 sol
568 3747 777 3810 habet,
830 3744 1030 3815 quibus
1082 3741 1454 3813 splendescit,
1505 3738 1580 3794 ita
1636 3736 1818 3807 fulgur
1870 3734 2010 3806 ignis

432 3838 646 3903 ,eterni,
678 3838 771 3908 qui
805 3850 972 3906 super
1012 3835 1420 3889 firmamentum
1462 3827 1702 3893 exsistit,
1751 3825 2011 3896 splendor

433 3940 538 3988 est.
567 3931 807 3999 Denique
834 3927 996 3983 velim
1039 3926 1246 3997 cogites
1303 3924 1482 3993 ignem
1519 3920 1669 3975 illum
1701 3918 2007 3982 caelestem,

434 4040 596 4094 quem
656 4022 805 4077 Elias
865 4019 1121 4090 precibus
1181 4017 1299 4071 suis
1356 4027 1524 4084 super
1579 4012 1730 4080 ligna
1775 4016 2008 4081 parata,

435 4130 600 4186 super
632 4114 1014 4169 holocaustum
1037 4148 1052 4176 ,
1084 4123 1249 4177 super
1285 4106 1600 4162 sacerdotes
1622 4101 1966 4158 confusidnis
1991 4140 2008 4167 ,

433 4219 488 4263 et
526 4206 799 4262 delatores
829 4199 1057 4256 “Iezabel
1100 4199 1318 4254 caelitus
1362 4197 1597 4252 accersit
1629 4213 1646 4251 :
1695 4192 2010 4251 istiusmodi

435 4299 581 4354 enim
639 4297 782 4368 ignis
835 4294 1036 4363 fulgor,
1089 4289 1495 4346 materialissct
1539 4302 1667 4343 vere
1714 4285 2007 4352 exsistens,

436 4392 638 4445 fulmen
666 4402 787 4444 esse
809 4385 1112 4441 consuevit.

505 4480 633 4539 169.
666 4479 831 4535 Facta
872 4478 1148 4532 mentione
1187 4472 1321 4528 Elius
1358 4488 1372 4525 :
1420 4469 1596 4535 Num,
1655 4467 1832 4537 inquit
1876 4467 2008 4538 Epi-

433 4569 719 4642 phanius,
780 4580 909 4620 vera
964 4571 1229 4629 narrant,
1289 4560 1384 4631 qui
1432 4560 1602 4615 Eliani
1659 4560 1714 4614 in
1771 4559 2008 4615 nubibus

436 4665 628 4719 dicunt
660 4673 825 4717 curru
853 4672 955 4713 suo
998 4658 1240 4711 tonitrua
1273 4660 1327 4706 et
1358 4651 1588 4707 fulmina
1627 4651 1903 4717 excitare,
1955 4659 2009 4731 et

368 4816 372 4820 _
436 4756 695 4829 prosequi
734 4750 1068 4809 draconem?
1109 4747 1491 4820 Nequaquam,
1534 4745 1610 4800 fili
1660 4745 1755 4810 mi,
1795 4745 2009 4814 reponit

370 4840 375 4851 ’
435 4850 683 4905 Andreas
708 4885 723 4912 ,
769 4846 901 4917 quin
954 4846 1064 4898 imo
1094 4850 1367 4910 extremae
1397 4840 1683 4895 dementia:
1709 4846 1793 4894 cst
1822 4837 2010 4891 istius-

441 4942 587 4997 modi
622 4936 1051 4994 narratiunculis
1074 4947 1236 4989 aures
1265 4935 1538 5003 praebere;
1565 4929 1826 4985 homines
1852 4942 2009 4981 nam-

439 5049 548 5103 que
592 5039 770 5086 mente
791 5030 941 5099 capti
973 5028 1104 5083 talia
1150 5025 1360 5081 cerebri
1411 5024 1495 5078 sui
1537 5022 1728 5076 deliria
1762 5018 2014 5074 conscri-

438 5132 684 5197 pserunt.
717 5122 889 5189 Quale
928 5130 983 5178 et
1005 5120 1163 5186 illud,
1207 5120 1355 5189 quod
1383 5115 1698 5171 fabulantur
1740 5110 2011 5176 nonnulli,

437 5219 714 5274 Christum
745 5215 1073 5283 Dominum,
1103 5214 1444 5282 inspectante
1476 5207 1791 5263 Judaeorum
1827 5206 2006 5269 turba,

440 5326 472 5365 e
525 5311 640 5363 luto
683 5307 911 5362 ﬁnxisse
956 5305 1227 5370 aviculas,
1273 5316 1501 5371 easque,
1563 5309 1850 5368 postquam
1900 5298 2006 5351 vita

442 5399 710 5470 inspirata
739 5406 882 5452 esset
909 5435 925 5463 ,
982 5396 1035 5449 in
1063 5408 1251 5448 aerem
1282 5391 1555 5463 projectas
1585 5390 1830 5444 evolasse
1861 5404 1877 5453 ;
1922 5396 2005 5441 at-

437 5510 542 5567 que
569 5495 714 5551 istud
741 5531 759 5559 ,
792 5492 971 5547 nivem
996 5503 1093 5559 pro
1115 5487 1292 5543 farina
1315 5483 1555 5539 habitam
1585 5480 1779 5539 fuisse.
1805 5481 2008 5548 Quem-

508 5654 551 5684 "
593 5651 737 5709 Psal.
774 5666 989 5719 cxxxw,
1025 5651 1078 5706 7.
1173 5651 1215 5684 ³¹
1255 5648 1376 5707 Job.
1410 5666 1595 5719 xxxvi,
1629 5653 1719 5709 27.
1751 5657 1758 5665 '

2110 3092 2284 3160 φήτου
2308 3109 2322 3125 ο
2359 3113 2376 3146 ι
2401 3094 2714 3167 ’Δστραπὰς
2745 3098 2910 3169 γὰρ,›
2945 3102 3134 3172 φησὶν,
3169 3122 3189 3155 ι
3220 3107 3248 3157 6
3270 3104 3402 3169 Θεὸς
3431 3110 3510 3170 είς
3537 3109 3689 3161 ὐετὶν

2096 3183 2386 3255 ἐποίησεν.
2417 3204 2436 3237 ι
2470 3187 2578 3241 Καὶ
2595 3187 2782 3258 ἕτερος
2806 3196 3088 3262 προφήτης
3106 3194 3275 3264 λέγει’
3288 3215 3307 3248 ι
3337 3198 3471 3260 Ταῖς
3489 3201 3693 3272 ἀστρα-

2109 3279 2242 3339 παῖς
2271 3281 2298 3331 6
2328 3281 2678 3335 κατευθύνων
2699 3284 2767 3336 τὰ
2796 3284 2985 3353 ὕδατα,
3018 3288 3111 3341 καὶ
3139 3290 3258 3351 ταῖς
3292 3292 3689 3365 ἐπιδροντήσε-

2114 3386 2199 3421 σιν
2224 3371 2251 3422 6
2278 3387 2665 3444 κατασπειρων
2696 3377 2775 3436 είς
2806 3376 3061 3448 βρόχους,
3094 3382 3188 3432 καὶ
3217 3383 3339 3445 ταῖς
3360 3387 3609 3454 νεφέλαις
3631 3388 3691 3441 τὸ

2116 3461 2426 3532 δμϐρισμα.
2458 3482 2487 3515 -›
2529 3465 2688 3519 Ἐστι
2733 3467 2791 3521 δὲ
2839 3469 2937 3539 τῆς
2969 3473 3262 3546 ἀστραπῆς
3298 3479 3457 3532 οὐσία
3498 3482 3563 3533 ἐκ
3597 3482 3690 3535 τοῦ

2109 3555 2364 3625 οὐρανίου
2401 3558 2594 3625 πυρός.
2621 3560 2834 3632 Ὥσπερ
2860 3563 2921 3616 δὲ
2942 3564 2972 3617 6
3001 3565 3154 3638 ἥλιος
3185 3569 3299 3639 ἔχει
3330 3575 3431 3635 τάς
3458 3574 3687 3639 ἀκτῖνας

2125 3645 2469 3717 ἀπαύγασμα
2486 3649 2669 3716 αὑτοῦ,
2691 3652 2835 3707 οὕτω
2889 3656 2983 3708 καὶ
3015 3659 3047 3727 ή
3073 3658 3328 3733 ἀστραπὴ
3352 3663 3693 3737 ἀπαύγασμά

2110 3743 2226 3795 ἐστι
2257 3742 2350 3796 τοῦ
2382 3745 2604 3800 αἰωνίου
2636 3748 2823 3818 πυρὸς,
2850 3750 2971 3821 ἦτοι
3003 3751 3099 3806 τοῦ
3131 3756 3314 3810 ἐπάνω
3343 3757 3436 3813 τοῦ
3459 3759 3694 3833 στερεῶς

2113 3855 2282 3909 ματος
2316 3842 2772 3928 χρηματίζοντος.
2814 3846 3099 3917 Ὀὐράνιον
3139 3849 3197 3903 δὲ
3236 3852 3350 3923 πῦρ
3385 3855 3564 3909 ἐκεῖνά
3599 3875 3690 3928 μοι

2109 3932 2243 3996 νόει,
2299 3927 2436 4004 ὅπερ
2497 3934 2686 3999 Ἠλίας
2733 3941 3015 4010 προσευχῇ
3074 3945 3392 4012 κατήγαγεν
3445 3949 3539 4000 ἐπὶ
3590 3927 3690 4012 τὰς

2114 4023 2377 4092 σχίδαηκας
2422 4024 2518 4077 καὶ
2559 4025 2621 4077 τὸ
2672 4025 3054 4099 ὀλοκαύτωμα,
3102 4032 3199 4085 καὶ
3238 4035 3365 4097 τοὺς
3401 4035 3567 4106 ἱερεῖς
3594 4037 3693 4109 τῆς

2098 4112 2393 4184 αἰσχύνης,
2427 4114 2523 4167 καὶ
2548 4116 2676 4178 τοὺς
2702 4120 2944 4188 μηνυτὰς
2964 4119 3064 4191 τῆς
3079 4121 3349 4187 Ἰεζάϐελ*
3383 4127 3571 4180 τούτου
3597 4128 3691 4181 τοῦ

2105 4211 2289 4281 πυρὸς
2326 4214 2678 4283 ἀπαύγασμα
2732 4217 2981 4287 πέφυκεν
3018 4221 3051 4291 ὴ
3085 4221 3366 4296 ἀστραπὴ,
3417 4223 3603 4278 ἔνυλὸν
3632 4228 3706 4279 τε¹

2112 4305 2208 4358 καὶ
2235 4307 2621 4362 ἐνυπόστατονη

2191 4488 2323 4560 ρξθ’.
2368 4492 2683 4560 Ἐπιφάνιος
2716 4490 2871 4549 εἶπεν
2900 4512 2915 4527 ο
2947 4493 3091 4568 ’Ἄρα
3119 4485 3478 4571 ἀληθεύουσιν
3509 4504 3557 4557 οἱ
3603 4505 3692 4558 λέ-

2116 4599 2324 4651 γοντες,
2352 4584 2434 4637 ὅτι
2467 4586 2495 4637 6
2526 4588 2813 4659 προφήτης
2866 4587 3053 4652 Ἧλίας
3103 4593 3270 4656 ἐστὶν,
3304 4595 3331 4645 6
3376 4593 3451 4663 τῷ
3484 4594 3691 4666 ἅρματι

2119 4676 2362 4744 βροντῶν
2396 4676 2488 4728 καὶ
2536 4677 2869 4748 ἀστράπτων
2902 4681 2961 4733 ὲν
2994 4684 3114 4744 ταῖς
3159 4683 3437 4752 νεφέλαις,
3485 4688 3576 4739 καὶ
3611 4689 3691 4740 ὅτι

2116 4764 2387 4835 δράκοντα
2436 4767 2671 4834 διώκει;
2731 4767 2797 4823 Ὅ
2848 4771 3039 4840 Ἀγιος
3091 4770 3272 4842 λέγει’
3309 4777 3399 4848 Μὴ
3459 4780 3691 4846 γένοιτο,

2118 4858 2308 4908 τέκνον
2346 4874 2449 4927 μου
2477 4860 2757 4931 ’ἐσχάτης
2807 4860 2917 4931 γάρ
2966 4864 3153 4926 ἀνοίας
3208 4866 3368 4920 τοῦτό
3416 4871 3534 4922 ἐστι
3598 4875 3692 4922 και

2115 4943 2255 5012 ἀκοῇ
2286 4946 2697 5013 παραδέξασθαι
2728 4965 2742 4979 ο
2782 4950 3061 5021 ἄ·.θρωποι
3086 4955 3192 5025 γὰρ
3228 4957 3614 5026 φρενοῦλαόῶς
3634 4958 3694 5023 ἐξ

2114 5032 2324 5096 οἰκείας
2378 5034 2618 5097 διανοίας
2649 5038 2823 5092 ταῦτα
2873 5044 3286 5113 συνεγράψαντο
3311 5062 3325 5078 ο
3362 5046 3551 5119 ὥσπερ
3596 5050 3691 5102 καὶ

2112 5124 2294 5191 τοῦτο,
2323 5128 2402 5180 ὅτι
2427 5130 2494 5181 τά
2535 5131 2842 5200 στρουθίαό
2873 5134 3106 5204 Χριστὸς
3138 5138 3381 5191 ἐναντίον
3409 5139 3516 5191 τῶν
3563 5139 3693 5192 Ἰου-

2118 5217 2280 5271 δαίων
2320 5220 2382 5273 ἐκ
2421 5221 2592 5291 πηλοῦ
2617 5224 2982 5293 διαπλάττων,
3016 5230 3099 5290 είς
3129 5231 3222 5282 τὸν
3275 5230 3413 5301 ἀέρα
3460 5231 3692 5302 ἀπέρρι-

2120 5327 2279 5377 πτεν,
2331 5313 2615 5382 ἐμφυσῶν,
2647 5316 2744 5370 καὶ
2797 5318 3060 5372 ἐπέταντο
3087 5337 3100 5352 ·
3135 5320 3229 5373 καὶ
3285 5321 3447 5375 πάλιν
3558 5322 3692 5393 χιὼν

2115 5401 2342 5471 ἄλευρος
2387 5404 2776 5474 ἐχρημάτιζεν.
2819 5407 3035 5478 Ὠσπερ
3079 5408 3134 5463 δὲ
3168 5412 3339 5465 ταῦτά
3404 5415 3520 5466 ἐστι
3558 5413 3693 5483 ψεύ-

2116 5496 2225 5563 δος,
2256 5494 2398 5550 οὕτω
2433 5500 2527 5553 καὶ
2580 5500 2719 5554 αὐτὰ
2748 5500 2939 5569 ψεῦδος
2969 5504 3603 5575 καθεστήκασιν,οόπὸσα
3641 5512 3689 5565 oi
