4090 6444
378 468 482 535 817

1539 480 1715 541 νιΤΑ
1758 483 1821 543 S.
1861 483 2190 545 ANDREA!
2230 487 2428 549 SALI:

3515 474 3624 565 818

380 577 647 653 αἱρετικοὶ
677 579 1031 648 νοθεύσαντες
1057 584 1425 656 ὲδογμάτισαν
1491 589 1757 643 ἀλλόκοτα
1821 592 1837 661 Ῐ
1865 593 1958 645 καὶ

2064 596 2358 651 admodum
2413 598 2530 652 haec
2595 609 2774 654 autem
2817 601 3099 669 splendide
3140 607 3365 661 mentita
3391 649 3406 672 ,
3458 610 3539 664 sic
3577 621 3633 664 et

382 671 486 743 χρὴ
514 669 690 726 ταῦτα
725 673 901 727 πάντα
920 676 1243 750 Χριστιανὸν
1272 680 1347 749 μὴ
1373 680 1957 756 παραδέχεσθαιωὸη.

390 761 578 827 Ἥλίας
603 763 700 818 οῦν
730 766 808 827 είς
837 767 1102 837 οὐρανοὺς
1135 771 1234 824 οὐκ
1265 772 1455 839 ἀνέϐη,
1483 772 1558 843 μὴ
1580 774 1809 842 γένοιτο,
1836 776 1959 829 οὔτε

379 852 472 907 ἐπὶ
506 854 758 926 ἅρματος
788 857 1079 924 καθέζεται
1103 875 1115 891 ·
1146 864 1308 935 χάριν
1338 864 1394 917 δὲ
1426 865 1538 937 ἔχει
1565 868 1656 919 ἐπὶ
1686 867 1777 923 τὸν
1807 867 1973 933 ὑετὸν⁷

379 944 475 997 τοῦ
518 947 859 1016 παρακαλεῖν
894 949 985 1003 τὸν
1031 951 1189 1017 Θεὸν,
1225 952 1375 1017 ὅπως
1417 956 1477 1009 ὲν
1521 956 1701 1027 καιρῷ
1747 958 1960 1030 ἀνύδρῳ

381 1035 558 1089 nam:
590 1041 656 1108 τῇ
687 1042 754 1109 γῇ
784 1041 959 1094 ὑετόν*
988 1042 1107 1095 ἐπεὶ
1139 1063 1157 1095 ι
1193 1046 1383 1110 Οὐδεὶς
1403 1045 1741 1118 ἀναϐέϐηκεν
1763 1051 1842 1112 είς
1869 1050 1960 1105 τὸν

379 1129 623 1198 οὐρανὸν,
647 1134 694 1184 εί
729 1133 803 1204 μὴ
833 1134 861 1185 6
894 1136 958 1189 ἐκ
982 1135 1075 1189 τοῦ
1109 1138 1341 1208 οὐρανοῦ
1368 1141 1633 1206 καταϐὰς,
1665 1144 1692 1195 6
1720 1142 1846 1206 Υίὸς
1862 1143 1956 1197 τοῦ

379 1220 695 1291 ἀνθρώπου,
741 1225 769 1277 6
818 1224 895 1279 ὢν
934 1227 991 1280 ἑν
1037 1228 1116 1299 τῷ
1145 1230 1425 1302 οὐρανῷ.»
1462 1228 1632 1297 Οὗτος
1674 1235 1731 1289 δὲ
1785 1237 1851 1307 ζῇ
1898 1239 1956 1291 ἐν

382 1314 549 1382 σαρκὶ
583 1314 678 1366 καὶ
709 1314 859 1370 ἔστιν
887 1318 981 1372 ἐπὶ
1016 1320 1144 1390 γῆς,
1181 1323 1284 1375 κᾶν
1312 1324 1489 1389 οὐδείς
1523 1330 1672 1381 ἐστιν
1698 1330 1725 1381 6
1757 1329 1956 1400 γνωρί-

380 1402 488 1468 ζων
519 1406 703 1461 αὐτόν.
736 1410 811 1480 Ζῇ
844 1409 901 1463 δὲ
928 1412 1128 1484 Ἑνὼχ,
1163 1418 1258 1469 καὶ
1287 1420 1347 1472 ἐν
1388 1419 1539 1491 μέσῳ
1573 1421 1786 1475 πολλῶν
1820 1427 1954 1477 ἀνα-

380 1496 699 1568 στρέφεται.
736 1502 830 1556 καὶ
865 1504 1042 1569 οὐδείς
1083 1509 1229 1562 ἐστιν
1257 1512 1284 1563 6
1314 1511 1599 1580 γινώσκων
1646 1516 1830 1571 αὐτόν.
1878 1518 1952 1588 Ζῇ

378 1587 433 1641 δὲ
462 1590 554 1642 καὶ
588 1591 615 1643 6
652 1592 1064 1669 Εὑαγγελιστὴς
1106 1599 1383 1672 Ἰωάννης,
1437 1606 1530 1659 καὶ
1568 1605 1717 1661 ἔστιν
1750 1609 1830 1669 εἰς
1863 1587 1954 1663 τὸν

380 1679 605 1751 κόσμον,
632 1681 821 1753 ὥσπερ
860 1688 1211 1760 μαργαρίτης
1249 1692 1308 1744 ἐν
1340 1694 1490 1765 μέσῳ
1524 1694 1790 1768 βορϐόρου
1822 1699 1955 1769 ἀφε-

377 1772 515 1839 θεὶς,
548 1773 644 1828 τοῦ
677 1770 820 1831 εἶναι
852 1780 910 1832 ὲν
939 1784 1102 1852 σαρκὶ
1140 1784 1232 1837 ἐπὶ
1255 1786 1353 1855 τῆς
1381 1787 1503 1857 γῆς,
1536 1790 1953 1862 ἀντιπρόσωπος

383 1869 565 1940 Ἰησοῦ
601 1872 840 1944 Χριστοῦ
894 1876 987 1929 τοῦ
1023 1877 1406 1942 ἐξιλάσκεσθαι
1451 1884 1608 1953 ἡμῶν
1636 1884 1734 1949 τὰς
1766 1888 1952 1958 ἀμαρ-

2065 689 2165 743 ista
2203 691 2514 745 adveritate
2551 692 3065 751 alienissimasunt
3091 737 3106 763 ,
3153 705 3210 751 et
3248 698 3318 754 ab
3358 699 3634 756 haareticis

2062 780 2371 849 prodigiose
2441 783 2760 838 adulterata
2813 795 2979 852 atque
3041 789 3271 843 conlicta
3306 831 3321 856 ,
3387 790 3634 859 adeoque

2061 871 2373 941 Christiano
2421 874 2651 929 cuilibet
2703 877 3019 947 neutiquam
3070 880 3427 936 admittenda.
3479 883 3636 938 Absit

2061 962 2256 1031 igitur,
2281 974 2376 1020 aut
2408 965 2470 1020 iu
2490 966 2661 1022 cmios
2688 967 2988 1036 invectum,
3037 981 3130 1026 aut
3159 972 3223 1027 in:
3249 988 3414 1028 curru
3442 974 3636 1029 etiam-

2061 1055 2427 1111 num-sedere
2476 1056 2647 1110 Eliam
2678 1098 2694 1124 ,
2746 1060 2996 1115 dicamus
3049 1078 3064 1114 :
3117 1062 3168 1117 id
3226 1064 3635 1123 verius.isthac

2059 1143 2201 1212 apud
2236 1142 2404 1200 Deum
2441 1148 2678 1217 gaudere
2715 1152 3091 1219 praerogativa,
3118 1163 3176 1207 ut
3207 1163 3451 1224 tempore
3475 1156 3636 1211 sicri-

2061 1235 2187 1289 tatis
2228 1244 2433 1290 terram
2476 1235 2681 1291 aridam
2716 1240 2898 1308 pluvia
2941 1241 3282 1309 impcrtiatur
3332 1260 3346 1296 :
3395 1261 3413 1294 ι
3460 1243 3635 1297 Nemo

2060 1325 2261 1394 quippe
2307 1326 2358 1378 in
2405 1326 2605 1380 coelum
2640 1329 2908 1395 ascendit,
2956 1331 3060 1385 nisi
3094 1332 3185 1400 qui
3238 1333 3518 1388 descendit
3564 1336 3635 1390 de

2058 1414 2219 1481 coelo,
2276 1413 2446 1470 Filius
2497 1417 2758 1485 hominis,
2805 1421 2899 1491 qui
2952 1432 3034 1476 est
3066 1422 3118 1475 in
3156 1424 3294 1478 cmlo
3318 1423 3385 1478 ".
3427 1442 3446 1476 ι
3485 1424 3634 1482 Elias

2059 1519 2212 1567 vero,
2268 1504 2491 1562 indutus
2536 1522 2779 1575 carnem,
2839 1510 2970 1565 vivit
3014 1512 3067 1567 in
3103 1522 3284 1579 terra;
3337 1531 3498 1570 nemo
3527 1527 3631 1578 est,

2056 1596 2151 1667 qui
2182 1596 2358 1666 ipsum
2399 1601 2718 1668 cognoscit:
2753 1601 2881 1657 vivit
2912 1613 2967 1657 et
2998 1603 3215 1669 Etmcb,
3245 1615 3299 1660 ct
3338 1606 3631 1661 multorum

2057 1699 2310 1746 versatur
2358 1693 2411 1746 in
2459 1694 2661 1762 medio,
2694 1710 3004 1767 quanquam
3067 1699 3324 1754 omnibus
3378 1700 3630 1769 ignotus:

2058 1783 2188 1837 vivit
2214 1782 2449 1853 denique
2478 1783 2644 1839 ctiam
2686 1784 2928 1842 .loannes
2953 1788 3282 1857 evangelista
3320 1790 3372 1842 in
3407 1790 3631 1853 mundo,

2056 1873 2217 1928 sicuti
2248 1870 2538 1943 margarita
2569 1874 2620 1927 iu
2653 1874 2833 1930 medio
2862 1875 2997 1941 luto,
3021 1878 3101 1932 sic
3128 1888 3186 1934 ut
3217 1894 3323 1932 non
3354 1892 3632 1950 appareat,

385 1961 518 2026 τίας,
552 1964 647 2016 καὶ
673 1964 768 2018 τοῦ
796 1966 1167 2038 ἀποστρέφειν
1194 1973 1293 2043 τὴν
1340 1974 1554 2028 δικαίαν
1587 1976 1756 2048 ὀργὴν
1776 1978 1954 2040 ,αὐτοῦ

2060 1967 2314 2032 latitans,
2378 1979 2439 2021 ut
2487 1966 2542 2021 in
2602 1981 2769 2024 carne
2818 1978 2943 2025 ante
2994 1968 3186 2026 faciem
3243 1947 3634 2027 Josu—Christi

385 2049 478 2123 τὴν
506 2053 624 2106 καθ’
646 2057 823 2124 ἡμῶν,
858 2059 1095 2129 ὁπηνίκα
1119 2063 1398 2138 πληθυνθῇ
1422 2069 1488 2122 τὰ
1512 2068 1671 2139 ἡμῶν
1697 2070 1802 2142 πλη
1813 2089 1955 2142 μμε-

381 2143 595 2213 λήματα
614 2146 707 2201 τοῦ
732 2149 1033 2222 ἀπαλεῖψαι
1054 2154 1197 2225 ἡμᾶς
1229 2155 1315 2211 διὰ
1344 2157 1443 2222 τὰς
1473 2158 1750 2233 ἁμαρτίας
1774 2164 1954 2233 ἡμῶν.

378 2236 571 2291 ηολλοὶ
605 2234 703 2293 οῦν
742 2241 850 2295 τῶν
893 2244 1119 2303 δικαίων
1150 2246 1449 2303 ἐθεάσαντο
1493 2251 1675 2317 αὐτὸν,
1709 2254 1827 2307 ἀλλ’
1858 2255 1958 2310 οὔκ

378 2330 737 2402 ἐφανέρωσαν
772 2334 936 2390 αὐτὸν
967 2337 1056 2391 διὰ
1089 2338 1149 2392 τὸ
1172 2340 1401 2396 ἄπιστον
1424 2344 1519 2397 καὶ
1544 2343 1839 2415 περίεργον
1856 2346 1958 2416 τῆς

379 2421 731 2495 ἀνθρωπίνης
776 2426 1082 2493 ἀσθενείας.
1114 2432 1278 2486 Ὅθεν
1313 2435 1363 2486 οἱ
1409 2436 1558 2506 τρεῖς
1607 2431 1753 2489 οὗτοι
1814 2436 1955 2502 ζῶσι

385 2517 553 2589 μέχρι
592 2517 689 2590 τῆς
721 2522 1056 2590 συντελείας,
1090 2526 1183 2578 καὶ
1210 2527 1330 2580 τότε
1375 2528 1515 2597 μετά
1552 2529 1645 2582 τοῦ
1687 2530 1957 2601 Ἀντιχρί-

379 2624 507 2660 στου
543 2609 923 2677 παλαίσαντες,
960 2615 1276 2687 νικήσουσιν
1333 2619 1516 2685 αὐτὸν,
1555 2622 1648 2674 καὶ
1681 2619 1823 2672 οὕτω
1865 2620 1956 2674 τὸν

379 2696 471 2750 τοῦ
509 2701 812 2770 μαρτυρίου
844 2706 1111 2775 στέφανον
1140 2708 1496 2779 ἀναδήσονται
1527 2714 1675 2784 παρά
1716 2713 1953 2783 Χριστοῦ

377 2790 475 2844 τοῦ
517 2791 671 2848 θεοῦ

452 3082 546 3146 ρο’.
581 3074 770 3130 Ταῦτα
802 3077 901 3148 μὲν
927 3076 1118 3142 οὕτως.
1152 3078 1285 3149 Περὶ
1320 3080 1376 3134 δὲ
1400 3080 1494 3135 τοῦ
1525 3083 1701 3139 καίειν
1729 3085 1957 3159 δράκον-

381 3186 448 3222 τα
474 3171 507 3239 ὴ
546 3168 824 3241 ἀστραπὴ,
862 3170 962 3222 οὐκ
990 3171 1343 3241 ἀμφιϐάλλω,
1375 3173 1576 3245 ἀληθὲς
1613 3179 1722 3246 γάρ
1761 3180 1910 3232 ἐστιν
1936 3194 1951 3209 ο

380 3260 495 3316 ἀλλ’
527 3262 624 3333 οὐχ
657 3265 685 3317 6
717 3265 871 3331 ἅγιος
910 3262 1098 3328 Ἠλίας
1150 3267 1481 3338 ἀστράπτων
1536 3270 1703 3336 ἐστὶν,
1758 3270 1876 3325 ἀλλ’
1927 3270 1954 3325 6
1984 3305 2026 3363 C

379 3357 608 3425 ἄγγελος
648 3358 882 3430 Κυρίου,
917 3361 944 3412 6
972 3360 1054 3423 είς
1097 3360 1258 3414 τοῦτο
1317 3363 1669 3433 τεταγμένος.
1724 3365 1954 3436 Δράκων

378 3447 434 3500 δὲ
471 3448 684 3502 ἐκεῖθεν
717 3450 929 3519 γίνεται
956 3466 970 3481 ⁸
1008 3450 1205 3522 θεωρεῖ
1225 3455 1251 3506 6
1269 3453 1478 3524 δαίμων
1505 3456 1630 3519 τοὺς
1652 3456 1825 3526 ὄφεις,
1857 3459 1953 3511 καὶ

380 3539 485 3611 [είς
517 3535 630 3593 οἷον
658 3541 864 3611 ἀρέσθη
891 3542 1002 3611 (79)
1030 3541 1070 3614 ],
1103 3542 1238 3596 ὅπου
1270 3544 1453 3611 ἐστὶν,
1481 3547 1809 3618 εἰσέρχεται,
1861 3550 1955 3604 καὶ

377 3631 587 3698 γίνεται
617 3631 894 3702 σύμφυτος
924 3632 1089 3686 αὑτοῦ
1125 3635 1219 3687 καὶ
1248 3635 1651 3706 συνανάτροφος
1680 3639 1775 3691 καὶ
1818 3655 1953 3707 συγ-

379 3724 689 3794 κακοῦργος
718 3740 732 3754 ο
769 3726 865 3778 καὶ
898 3725 1288 3793 προϐαίνοντος
1316 3727 1411 3779 τοῦ
1446 3728 1661 3799 καιροῦ,
1709 3729 1956 3801 ἀπεργάτ

381 3814 532 3880 ζεται
557 3820 582 3867 6
609 3817 819 3887 δαίμων
846 3818 937 3871 τὸν
973 3817 1098 3887 ὅφιν
1131 3819 1448 3889 φαντασμὸν
1472 3822 1647 3891 μέγαν
1676 3824 1768 3878 καὶ
1794 3826 1957 3893 φοϐε-

384 3910 477 3978 ρὸν
509 3909 606 3961 καὶ
637 3908 865 3980 θρασὺν,
899 3912 991 3965 καὶ
1022 3911 1193 3965 κακὸν
1228 3912 1456 3983 σφόδρα,
1493 3915 1587 3968 καὶ
1628 3916 1688 3967 οὺ
1722 3918 1955 3987 χωρίζε-

382 4019 469 4054 ται
494 4000 662 4055 αὐτοῦ
695 4001 756 4055 τὸ
787 4003 1031 4072 σύνολον,
1068 4002 1205 4057 ἀλλά
1242 4005 1395 4075 μένει
1428 4008 1486 4059 ὲν
1517 4007 1666 4078 αὐτῷ
1698 4008 1955 4079 βλάπτων

386 4092 659 4163 μεγάλως.
699 4092 989 4148 Ἐντεῦθεν
1018 4095 1046 4148 6
1073 4095 1197 4165 δφις
1234 4097 1443 4163 γίνεται
1477 4098 1720 4169 δράκων,
1765 4099 1955 4171 θηρίον

381 4186 579 4255 πικρὸν
632 4184 728 4238 καὶ
784 4184 1148 4251 ἐξωλέστατον
1203 4186 1318 4260 [καὶ
1374 4189 1486 4242 ἔστι
1538 4190 1636 4258 μὲν
1678 4191 1774 4245 καὶ
1824 4192 1956 4246 αὐτὸ

379 4276 506 4330 καθ’
533 4277 696 4330 ἑαυτὸ
746 4277 917 4331 κακὸν
948 4276 1110 4350 (80)],
1147 4280 1264 4333 ἀλλ’
1298 4279 1541 4335 ἐνδύεται
1586 4283 1680 4336 καὶ
1721 4283 1813 4336 τὸν
1842 4284 1957 4339 διάτ

386 4366 566 4432 ϐολον,
593 4369 688 4422 καὶ
712 4369 927 4438 γίνεται
952 4371 1174 4425 διπλοῦν
1217 4373 1280 4426 τὸ
1329 4373 1498 4427 κακὸν
1548 4374 1692 4427 κατὰ
1739 4376 1834 4429 τὸν
1874 4377 1960 4429 λέ-

378 4475 548 4526 γοντα
581 4476 597 4491 ⁸
632 4453 803 4529 Εὗρεν
842 4462 1154 4525 δΣατανᾶς
1199 4462 1292 4515 τὸν
1335 4462 1602 4520 διάϐολον.
1654 4467 1821 4519 Ὅταν
1862 4464 1958 4521 οὖν

377 4552 637 4623 διανοηθῇ
673 4554 701 4605 6
732 4552 1006 4622 διάϐολος,
1039 4559 1067 4610 6
1113 4554 1172 4607 ἐν
1215 4553 1293 4624 τῷ
1322 4553 1465 4624 ὄφει,
1501 4554 1741 4621 ἐξελθεῖν
1767 4562 1831 4612 ἐκ
1861 4560 1957 4614 τοῦ

2059 2059 2380 2129 deprecetur
2414 2073 2514 2129 pro
2571 2062 2808 2130 peccatis
2858 2062 3102 2129 nostris,
3149 2063 3464 2133 justamquc
3514 2065 3636 2133 ejus

2061 2149 2326 2207 adversus
2378 2166 2480 2207 nos
2536 2151 2880 2208 iracundiam
2934 2163 3183 2221 avertat,
3232 2155 3454 2225 quando
3485 2156 3632 2210 deli-

2058 2252 2268 2299 ctorum
2295 2254 2608 2299 nostrorum
2643 2246 2912 2316 completo
2952 2262 3181 2302 numero
3221 2248 3502 2304 deleturus
3536 2263 3638 2303 nos

2059 2336 2111 2390 in
2150 2345 2348 2391 terram
2394 2337 2597 2391 veniet.
2628 2337 2785 2394 Multi
2817 2338 3038 2406 quidem
3074 2347 3390 2393 sanctorum
3433 2339 3633 2393 intueri

2060 2426 2210 2481 illum
2250 2438 2607 2492 meruerunt,
2645 2430 2738 2486 sed
2772 2430 2891 2484 aliis
2922 2440 3145 2501 propter
3173 2430 3507 2485 inﬁrmitatis
3537 2431 3636 2485 bu-

2058 2535 2234 2577 manaa
2288 2522 2728 2579 incredulitatem
2772 2523 3413 2592 curiositatemquenon
3460 2525 3636 2578 mani-

2059 2615 2348 2671 festaruut.
2423 2616 2597 2684 Atque
2673 2615 2728 2683 lii
2793 2625 2904 2672 tres
2974 2615 3042 2669 ad
3102 2615 3634 2672 consummationem

2059 2709 2244 2764 saeculi
2273 2708 2506 2764 vivendo
2540 2708 2850 2778 pertingent
2876 2747 2891 2772 ,
2942 2707 3189 2778 quando}
3212 2709 3457 2777 prrclium
3507 2724 3632 2764 cum

2057 2798 2396 2854 Anticliristo
2474 2797 2919 2862 committentes,
2972 2798 3201 2853 victoria
3247 2798 3514 2867 potituri,
3570 2814 3637 2855 ac

2059 2892 2294 2963 gloriosa
2337 2891 2585 2963 martyrii
2637 2904 2836 2946 corona
2894 2889 3195 2947 a..Cbristo
3248 2890 3479 2946 Domino
3530 2892 3632 2947 do-

2061 2985 2224 3040 nandi
2260 2995 2409 3041 sunt.

2135 3077 2257 3132 170.
2292 3078 2467 3147 Atque
2499 3076 2836 3148 illaquidem
2862 3075 2937 3133 ita
2970 3092 3030 3134 se
3056 3078 3287 3144 habent,
3337 3078 3414 3133 oti
3447 3078 3636 3133 hacte-

2059 3184 2166 3224 nus
2216 3170 2504 3226 diximus:
2551 3171 2733 3239 quoad
2767 3168 3061 3226 draconem
3117 3184 3286 3235 vero,
3340 3171 3484 3240 quod
3525 3170 3635 3225 lui-

2063 3262 2208 3317 miue
2258 3263 2397 3317 ictus
2448 3262 2580 3317 dare
2630 3277 2824 3334 poenas
2876 3272 3140 3335 cogatur,
3191 3264 3374 3318 nullus
3403 3264 3632 3329 dubito;

2059 3364 2144 3411 est
2184 3355 2329 3409 enim
2366 3355 2581 3410 veritati
2631 3370 2931 3412 consonum
2986 3374 3003 3412 :
3065 3363 3306 3413 attamen
3356 3372 3461 3412 non
3518 3355 3633 3411 Elia

2059 3446 2377 3502 moderante
2414 3456 2468 3502 et
2510 3448 2791 3519 iaculante
2840 3448 3106 3517 fulmina,
3149 3450 3246 3505 sed
3296 3449 3488 3522 angelo
3531 3449 3635 3503 Do-

2059 3541 2194 3595 mini
2230 3540 2297 3595 ad
2340 3541 2445 3597 hoc
2475 3540 2782 3611 designato.
2809 3542 2948 3597 Audi
2992 3557 3127 3597 vero
3175 3541 3432 3599 draconis
3472 3542 3638 3612 origi-
3706 3578 3711 3581 -

2059 3646 2206 3688 nem.
2236 3629 2560 3702 Conspeciis
2588 3633 2799 3689 daemon
2834 3634 3203 3704 serpentibus,
3249 3647 3636 3702 quemcunque

2056 3726 2175 3780 vult
2206 3725 2506 3795 ingreditur
2530 3764 2549 3792 ,
2603 3741 2730 3782 cum
2777 3727 2983 3796 illoque
3019 3726 3183 3782 unius
3227 3725 3633 3796 quodammodo

2058 3829 2265 3874 natura:
2297 3821 2374 3885 lit,
2417 3835 2540 3875 cum
2579 3820 2673 3875 illo
2724 3820 2987 3874 malitiam
3031 3835 3189 3875 suam
3221 3821 3630 3875 communicat:

2061 3910 2388 3979 procedente
2418 3917 2602 3963 autem
2640 3917 2886 3979 tempore
2909 3946 2926 3973 ,
2960 3916 3235 3979 spectrum
3266 3909 3393 3964 inde
3432 3908 3639 3964 format

2058 4001 2383 4055 immensum
2411 4038 2427 4062 ,
2479 4000 2744 4067 terribile,
2789 3999 2992 4055 audax.
3029 4010 3193 4068 atque
3254 4000 3639 4068 vaferrimum,

2059 4107 2088 4145 a
2131 4105 2240 4162 quo
2289 4106 2387 4145 nec
2432 4093 2501 4145 ad
2551 4092 2721 4147 latum
2756 4091 3326 4162 uuguemdiscedens
3373 4102 3635 4149 constans

2060 4184 2237 4239 incola
2271 4224 2285 4249 ,
2345 4184 2452 4238 late
2511 4172 2821 4239 vastitatem
2865 4198 2929 4239 ac
2980 4184 3239 4240 damnum
3295 4184 3643 4241 circumfert;

2060 4273 2200 4329 Hinc
2238 4275 2459 4329 tandem
2504 4290 2729 4346 serpens
2771 4276 2861 4332 ille
2896 4276 2956 4330 lit
2993 4277 3160 4332 draco
3188 4316 3204 4342 ,
3257 4276 3371 4332 fera
3413 4277 3636 4333 immitis

2058 4379 2115 4422 et
2149 4367 2388 4421 maxime
2424 4367 2754 4436 perniciosa,
2792 4383 2915 4439 quae
2954 4368 3172 4437 quidem
3218 4383 3288 4423 ex
3328 4368 3489 4423 insita
3529 4368 3636 4423 sibi

2060 4471 2257 4513 natura
2313 4459 2448 4512 satis
2485 4457 2688 4522 noxia,
2744 4472 2840 4528 per
2883 4458 3276 4514 inbabitantem
3330 4457 3635 4514 daemonem

2062 4552 2226 4622 duplo
2273 4552 2598 4607 malitiosior
2648 4551 2747 4615 ﬁt,
2798 4566 2867 4606 ex
2902 4562 3085 4607 mente
3120 4553 3287 4618 illius,
3339 4555 3429 4622 qui
3462 4553 3635 4608 dicit:

379 4644 588 4714 φωλεοῦ
630 4645 797 4699 αὐτοῦ
828 4646 922 4700 τοῦ
953 4645 1175 4718 βλάψαι,
1207 4650 1239 4721 ἢ
1295 4649 1559 4704 ἀπολέσαι
1608 4649 1954 4720 ἀνθρώπους,

2063 4640 2285 4711 Reperit
2332 4640 2565 4696 Satanas
2605 4640 2905 4697 diabolum.
2957 4642 3191 4707 Quando
3239 4642 3407 4713 igitur
3461 4645 3641 4697 visum

378 4737 581 4808 θεωρεῖ
607 4739 634 4790 6
662 4737 794 4802 Θεὸς
825 4739 1055 4806 ἀνωθεν,
1089 4740 1187 4795 καὶ,
1235 4742 1310 4811 μὴ
1347 4741 1516 4795 θέλων
1572 4743 1824 4811 γενέσθαι
1858 4760 1956 4797 κατ

376 4830 499 4896 κὸν,
531 4829 679 4885 νεύει
731 4830 808 4902 τῷ
850 4832 1068 4902 ἀγγέλῳ
1113 4833 1213 4903 τῆς
1269 4834 1578 4906 ἀστραπῆς,
1612 4835 1706 4888 καὶ
1753 4834 1963 4898 εὐθέως

379 4921 614 4993 ἄρχεται
647 4922 791 4977 κατά
818 4923 911 4976 τοῦ
933 4925 1228 4996 δράκοντος
1260 4925 1509 4999 βροντᾷν,
1560 4926 1656 4980 καὶ
1692 4925 1961 4981 ἀποστέλτ

379 5012 461 5068 λει
489 5017 583 5070 τὸν
608 5016 821 5086 σίφωνα
850 5015 949 5085 τῆς
979 5017 1293 5087 ἀστραπῆς,
1336 5017 1432 5073 καὶ
1454 5017 1743 5071 κατακαίει
1770 5016 1958 5071 αὐτόν.

390 5107 453 5160 Ὅ
488 5107 545 5161 δὲ
574 5106 844 5172 διάϐολος,
876 5107 906 5160 6
943 5106 1003 5160 ἐν
1027 5108 1104 5177 τῷ
1137 5108 1269 5177 δφει
1310 5108 1824 5179 ὑπερασπιζὸμενος
1856 5109 1958 5161 αὐ-

374 5198 489 5263 τὸν,
544 5199 694 5270 αἴρει
749 5199 916 5253 αὑτὸν
943 5199 1002 5252 ἐν
1038 5200 1116 5269 τῷ
1143 5200 1291 5269 ἀέρι,
1327 5200 1424 5253 καὶ
1461 5201 1654 5269 φεύγει
1703 5199 1817 5253 ἀπὸ
1857 5198 1965 5255 τοῦ.

376 5289 611 5362 φοϐεροῦ
650 5291 817 5361 φόϐου
849 5290 947 5344 καὶ
994 5292 1201 5362 τρόμου
1251 5292 1351 5361 τῆς
1377 5292 1687 5363 ἀστραπῆς.
1732 5291 1956 5359 Φεύγων

376 5382 436 5437 δὲ
480 5385 812 5454 ἀγωνίζεται
839 5388 919 5449 είς
949 5384 1240 5456 ἄνθρωπον
1264 5386 1777 5457 ἀποκρεμασθῆναι,
1807 5386 1956 5449 ὅπως

372 5477 404 5531 6
438 5478 573 5543 Θεὸς
613 5479 930 5550 φειδόμενος
960 5476 1055 5531 τοῦ
1086 5477 1401 5548 ἀνθρώπου,
1436 5476 1611 5547 ἀφεθῇ
1649 5479 1902 5542 κάκεῖνος
1938 5494 1953 5509 ο

447 5675 492 5707 ³³
528 5671 691 5728 Joan.
719 5688 800 5736 ιιι,
837 5674 921 5727 15.

449 5835 563 5907 (78)
604 5835 704 5890 Ms.
768 5834 945 5907 Yatic.
1006 5837 1093 5889 ἵνα
1135 5835 1450 5907 ὲπίστασαι,
1485 5874 1523 5907 ,_
1552 5837 1647 5889 καὶ
1701 5835 1806 5905 χρὴ
1852 5834 1958 5897 πᾶς

372 5904 708 5971 Χριστιανὸς
737 5905 842 5961 τῶν
880 5907 1138 5961 τοιούτων
1154 5904 1612 5974 ἀποστρέφεσθαι.

2063 4745 2153 4788 cst
2169 4734 2426 4796 dzemoni,
2457 4742 2766 4803 serpentem
2800 4733 3078 4799 incolenti,
3112 4735 3329 4804 prodire
3352 4751 3385 4790 e
3414 4735 3655 4789 latebris

2064 4826 2202 4889 suis,
2258 4825 2571 4881 hominibus
2626 4825 2857 4880 nocendi
2907 4840 2972 4881 ac
3026 4825 3305 4880 interitum
3366 4824 3633 4881 inferendi

2063 4934 2266 4986 causa;
2307 4919 2362 4973 id
2409 4917 2723 4989 speculatus
2769 4919 3005 4989 desuper
3042 4919 3224 4985 Deus,
3272 4932 3383 4973 non
3425 4918 3637 4987 patiens

2063 5009 2130 5065 ad
2181 5010 2388 5066 exitum
2423 5008 2652 5079 perduci
2702 5008 2908 5063 nefaria
2962 4990 3357 5065 machinator-is
3384 5010 3636 5077 corisilia,

2062 5101 2254 5173 angelo
2294 5102 2511 5156 fulmini
2542 5100 2832 5172 praelecto,
2862 5116 2925 5156 ca
2957 5101 3140 5156 statim
3166 5101 3514 5157 divino'nutu
3550 5102 3639 5156 in-

2063 5196 2253 5251 dicat:
2295 5195 2343 5251 is
2374 5202 2558 5251 autem
2598 5195 2863 5249 continuo
2908 5202 3102 5250 contra
3130 5194 3442 5250 -dracouem
3494 5195 3639 5251 ciere

2066 5289 2613 5354 touitru.a,,emittere
2646 5287 3234 5359 fulminissipbouem,
3287 5296 3342 5344 et
3382 5289 3532 5345 onmi
3572 5303 3636 5342 cx

2066 5390 2220 5452 parte
2245 5380 2481 5434 ﬂammis
2508 5380 2687 5450 ipsum
2722 5379 3004 5436 infestare.
3033 5378 3171 5436 Tum
3205 5395 3334 5435 vero
3361 5377 3638 5443 diabolus,

2066 5474 2336 5545 serpentis
2368 5472 2570 5533 incola,
2602 5471 2973 5530 imminentem
3008 5468 3385 5530 calamitatem
3409 5469 3638 5542 propul-

2141 5831 2255 5909 C’?)
2295 5831 2519 5909 Elidem»
2552 5830 2693 5909 ὅπου.
2724 5828 2892 5909 ἐστίντ
2966 5898 2978 5909 ,
3216 5895 3227 5909 .
3288 5893 3331 5909 ,λ

2141 5894 2519 5975 (80)-Ιὺίιὶριιι,
2554 5902 2653 5955 οὐκ
2677 5902 2734 5955 ὲν
2765 5902 2845 5970 τῷ
2874 5898 3139 5970 ὑπάρχειν
3172 5894 3561 5966 αὐτῷλκακόνμ
