4090 6400
471 455 580 522 819

1548 462 1975 529 NICEPHOBI
2017 460 2494 527 PRESBYTER!
2537 463 2641 528 ΟΡ.

3635 457 3740 521 820

473 578 720 639 saturus,
748 570 803 628 in
826 572 1064 630 sublime
1086 589 1147 632 se
1177 578 1353 645 tollit;
1386 592 1451 634 ac
1479 592 1575 649 per
1603 592 1783 635 aerem
1818 579 2054 650 fugiens,

2163 578 2281 633 ἀλλ’
2315 577 2473 642 είδὼς
2525 579 2555 630 6
2600 576 2668 629 τὰ
2709 574 2999 645 ἀπόρρητα
3051 567 3414 640 ἐπιστάμενος
3464 565 3599 633 Θεὸς
3650 570 3744 624 τὸν

474 662 724 719 terribile
750 678 815 721 ac
857 664 1157 722 violentum
1210 666 1394 739 fulgur
1440 668 1682 724 declinat
1720 687 1734 724 :
1778 671 1925 724 inter
1972 668 2059 724 fu-

474 754 734 824 giendum
788 772 956 825 vero,
1018 758 1073 814 id
1128 761 1379 817 studiose
1423 760 1574 832 agit,
1620 771 1678 816 ut
1730 761 1930 817 alicubi
1987 775 2054 815 cx

475 849 703 907 homine
741 864 1048 922 suspensus
1096 861 1350 918 maneat,
1380 868 1519 924 quo,
1556 867 1780 923 parcere
1806 854 2059 924 cupiente

476 938 588 995 Deo
647 939 890 1008 homini,
939 941 1044 1012 ipsi
1093 957 1315 1013 quoque
1366 952 1640 1014 parcatur.
1698 943 1897 1000 Verum
1963 947 2055 1015 qui

475 1030 850 1087 occultissima
886 1047 1119 1102 quaeque
1153 1034 1411 1104 perspicit
1452 1032 1634 1098 Deus,
1683 1036 1905 1106 cognito
1961 1050 2058 1089 nec

476 1122 786 1180 fandissimi
838 1125 1067 1195 spiritus
1123 1124 1393 1195 consilio,
1447 1128 1540 1184 dat
1588 1128 1819 1199 signum-
1860 1128 2053 1197 angelo

473 1216 757 1285 pradicto,
787 1217 978 1274 dicens
1009 1237 1024 1273 :
1058 1219 1214 1275 Tolle
1250 1229 1305 1276 et
1338 1221 1576 1277 amicum
1629 1223 1838 1292 pariter
1865 1231 1919 1275 ct
1951 1220 2056 1275 ini-

472 1309 678 1363 micum
714 1325 732 1375 ;
768 1309 821 1365 id
879 1319 1011 1378 est,
1064 1312 1510 1383 quandoquidem
1578 1313 1721 1382 apud
1780 1313 2054 1367 hominem

467 1401 673 1469 justum
704 1401 808 1458 sibi
842 1404 1053 1472 asylum
1085 1405 1363 1475 qumsierit
1390 1405 1763 1476 nequissimus
1786 1446 1802 1473 ,
1847 1414 2058 1459 utrum-

469 1509 577 1561 que
603 1508 784 1549 crema
815 1511 829 1551 :
865 1496 1131 1552 famulum
1171 1512 1274 1566 ego
1309 1512 1492 1553 meum
1528 1498 1651 1553 dein
1680 1496 2054 1551 consolatione

468 1587 738 1658 dignabor
784 1591 1116 1661 copiosiora.
1194 1590 1441 1662 Denique
1494 1592 1807 1662 ubicunque
1862 1584 2058 1660 depre—

466 1681 715 1736 bcnderit
742 1680 1036 1739 draconem
1081 1686 1443 1760 angelus,seu
1508 1687 1562 1740 in
1605 1684 1837 1751 arbore,
1876 1684 1990 1739 sive
2027 1684 2083 1739 in
2137 1699 2357 1755 campo,
2418 1684 2473 1739 in
2506 1683 2672 1739 domo
2698 1724 2712 1749 ,

467 1779 646 1848 ipsum
673 1780 932 1849 percutit,
965 1781 1021 1836 in
1052 1781 1265 1839 cineres
1302 1783 1535 1854 redigit,
1581 1791 1635 1837 et
1689 1789 1945 1836 naturam
1983 1781 2203 1851 penitus
2273 1779 2574 1850 dispertiit;

2160 669 2368 724 σκοπὸν
2399 666 2494 721 τοῦ
2520 665 2778 737 ματαίου,
2802 666 2974 718 ἔδωκε
3018 663 3249 732 σημεῖον
3271 659 3348 731 τῷ
3373 660 3592 731 ἀγγέλῳ
3641 662 3741 730 τῆς

2159 760 2450 832 ἀστραπῆς
2481 760 2660 830 φήσας
2695 775 2710 789 ·
2740 752 2913 827 Ἆρον
2955 755 3110 824 φίλον
3161 755 3259 807 σὺν
3302 751 3483 824 ἐχθρῷ
3510 769 3525 784 ο
3584 753 3744 805 τοῦτο

2161 855 2330 919 ἐστιν,
2373 854 2458 907 ὅτι
2501 853 2606 908 κᾶν
2651 853 2733 916 είς
2777 851 2932 920 ἆγιον
2986 846 3300 919 προσερύγῃ,
3341 845 3546 901 καῦσον
3582 846 3748 899 αὐτὸν

2164 950 2263 1000 σὺν
2288 944 2459 1015 αὐτῷ,
2494 945 2588 998 καὶ
2618 942 2730 1013 ἐγὼ
2751 942 2844 995 τὸν
2868 941 3054 995 δοῦλόν
3082 959 3185 1004 μου
3213 939 3459 1001 πλείονος
3487 956 3641 1009 παρα
3653 956 3753 1007 μυ-

2163 1035 2284 1099 οίας
2314 1034 2645 1107 ἀξιώσομαι.
2677 1034 2881 1089 Λοιπὸν
2921 1033 3058 1086 ὅπου
3104 1030 3391 1103 καταλάϐῃ
3425 1030 3608 1090 αὐτὸν,
3644 1031 3751 1082 κᾶν

2162 1129 2260 1182 ἐπὶ
2283 1128 2522 1199 δένδρον,
2557 1127 2665 1182 κᾶν
2701 1126 2797 1180 ἐπὶ
2828 1125 3077 1196 κάμπου,
3126 1124 3228 1177 κᾶν
3260 1125 3318 1176 ὲν
3347 1121 3518 1194 οἰκίᾳ,
3550 1122 3655 1176 κᾶν
3693 1123 3749 1174 ὲν

2124 1220 2350 1296 ,πλοίῳ,
2384 1220 2492 1274 κᾶν
2535 1221 2630 1274 ἐπὶ
2681 1217 2958 1290 ἀνθρώπῳ
3004 1216 3353 1289 προσφεὺγῃ,
3403 1218 3524 1269 ἐκεῖ
3579 1214 3744 1269 αὑτὸν

2161 1311 2435 1364 πατάσσει
2470 1310 2567 1363 καὶ
2617 1309 2895 1381 τεφρόνει,
2928 1306 3022 1362 καὶ
3069 1306 3168 1378 τὴν
3208 1307 3369 1376 φύσιν
3415 1305 3582 1360 αὑτοῦ
3634 1305 3751 1359 δια-

2162 1401 2402 1473 φθείρει’
2427 1401 2518 1456 τὸν
2546 1402 2603 1455 δὲ
2626 1402 2874 1457 Σατανᾶν
2901 1400 3124 1469 δεσμοῖς
3156 1397 3374 1462 ἀλύτοις
3405 1397 3744 1461 ῦποὸἀλὶων,

2158 1498 2226 1568 τῇ
2278 1496 2534 1566 ἀστραπῇ
2579 1494 2875 1549 κατακαίει
2926 1492 3091 1563 μέχρι
3140 1491 3242 1562 τῆς
3283 1491 3593 1556 συντελείας
3644 1491 3747 1559 τῆς

2163 1589 2554 1662 πληρεστάτης
2580 1589 3014 1651 ἀνταποδόσεως.

2802 1685 2859 1740 ἱιι
2919 1687 3156 1758 navigio,
3214 1686 3268 1741 in
3315 1685 3568 1745 homine;
3622 1679 3747 1735 istic

2652 1777 2915 1835 Satanam
2997 1796 3127 1836 vero
3191 1780 3398 1835 catenis
3473 1776 3607 1833 solvi
3655 1790 3747 1828 tic-

466 1876 597 1932 sciis
627 1878 982 1934 constrictum
1005 1917 1023 1946 ,
1054 1878 1118 1947 ad
1155 1892 1460 1935 extremum
1497 1895 1671 1951 usque
1695 1879 1886 1951 judicii
1924 1878 2065 1933 diem
2106 1877 2231 1947 igne
2272 1875 2539 1930 fulmineo
2582 1877 2880 1945 torquebit.

542 1974 669 2028 i7l.
709 1975 1091 2046 interloquens
1130 1977 1329 2033 iterum
1360 1976 1701 2047 Epiphanius
1733 1993 1746 2030 :
1783 1975 1908 2041 Nix,
1953 1975 2052 2038 ait.
2088 1981 2128 2035 Β

467 2078 632 2135 tritam
683 2067 918 2123 subinde
968 2083 999 2125 e
1048 2070 1189 2125 coelo
1236 2070 1415 2126 delabi
1448 2070 1856 2139 conspicimus,
1910 2067 2053 2122 unde

468 2155 721 2221 albescit,
752 2165 848 2212 aut
878 2157 1024 2214 unde
1045 2161 1353 2217 concrescit
1379 2161 1431 2215 in
1460 2160 1702 2216 ﬂoccos?
1740 2159 2055 2230 Respondet

468 2247 721 2304 Andreas
753 2265 769 2303 :
803 2248 859 2303 In
896 2259 1177 2322 comperto
1207 2261 1291 2308 est
1313 2292 1327 2317 ,
1374 2266 1516 2319 aqua
1547 2253 1600 2307 in
1632 2251 1873 2306 nubibus
1918 2250 2053 2306 resi-

467 2341 665 2409 dente,
713 2341 871 2413 jussu
907 2342 1001 2399 Dei
1052 2358 1083 2398 e
1129 2343 1475 2399 ﬁrmamento
1520 2343 1740 2413 prodire
1773 2342 2055 2414 spiritum,

454 2435 685 2490 laneum
736 2435 1031 2490 candorem
1087 2448 1201 2504 prae
1247 2420 1307 2489 se
1357 2432 1660 2501 ferentem;
1710 2449 1946 2506 eumque
1995 2434 2049 2490 in

472 2526 647 2581 nubes
691 2539 834 2596 aqua
880 2523 1116 2580 refertas
1155 2524 1438 2592 delapsum
1467 2563 1482 2588 ,
1534 2523 1839 2579 albedinem
1894 2539 2050 2579 suam

468 2628 596 2669 cum
649 2614 741 2669 illa
791 2612 1201 2668 communicare
1241 2629 1256 2666 :
1298 2628 1366 2668 eo
1419 2612 1531 2669 fere
1572 2615 1756 2679 modo,
1805 2630 1914 2685 quo
1959 2629 2051 2670 ros

468 2721 652 2762 ceram
694 2705 934 2760 dealbat.
967 2701 1088 2759 Jam
1129 2719 1261 2760 vero
1290 2721 1433 2777 aqua
1468 2707 1558 2761 illa
1604 2722 1702 2778 per
1740 2722 1922 2762 aerem
1963 2707 2054 2763 de-

469 2800 701 2865 labons‘,
748 2812 852 2852 non
887 2795 1068 2852 tenuis
1093 2810 1145 2852 et
1181 2799 1403 2853 minuta:
1435 2800 1681 2870 guttula,
1716 2799 1892 2870 qualis
1928 2809 2053 2871 post

469 2904 632 2944 suum
668 2902 736 2942 ex
779 2886 1046 2942 immensa
1096 2886 1220 2942 coeli
1274 2887 1560 2944 altitudine
1606 2889 1935 2945 descensum
1997 2892 2049 2944 in

469 2990 613 3036 terra
648 2979 1018 3047 conspicitur,
1054 2981 1150 3035 sed
1179 2981 1401 3050 copiosa
1433 2983 1839 3052 conjunctaqne
1871 2997 2050 3037 massa

468 3079 586 3134 est;
650 3084 774 3140 quae
833 3072 973 3125 inter
1024 3071 1329 3126 cadendum
1390 3073 1589 3128 multas
1649 3075 1701 3128 in
1757 3075 2052 3143 particulas

470 3163 677 3224 divisa,
729 3161 947 3217 tandem
1002 3164 1069 3218 ad
1126 3178 1226 3220 nos
1285 3165 1554 3235 pervenit.
1608 3166 1905 3221 Considera
1964 3167 2052 3220 hic

472 3262 655 3307 autem
688 3252 1067 3308 admirandam
1098 3253 1189 3309 Dei
1217 3256 1516 3324 potentiam
1545 3273 1559 3322 ;
1599 3258 1891 3322 quomodo,
1929 3271 2051 3310 cum

472 3343 576 3413 ipsi
637 3344 887 3409 libuerit,
930 3345 1092 3400 faciat
1134 3323 1370 3416 pluviam
1408 3349 1460 3401 in
1501 3349 1733 3402 rotunda
1767 3349 2049 3403 densatam
2080 3323 2121 3379 (ἶ

472 3449 664 3504 grana,
694 3450 816 3506 quae
846 3437 1167 3507 grandinem
1212 3436 1484 3508 appellare
1514 3439 1923 3503 consuevimus,
1958 3439 2052 3493 de-

471 3527 708 3582 cidere:
768 3528 1080 3596 quomodo,
1133 3544 1256 3585 cum
1322 3531 1422 3601 ipsi
1484 3529 1741 3595 libuerit,
1803 3532 2050 3587 eumdem

472 3618 712 3686 pluviam
765 3618 965 3674 formet
1010 3618 1063 3674 in
1093 3622 1310 3675 mollem
1347 3621 1525 3676 nivem
1548 3659 1564 3685 ,
1600 3636 1763 3689 quam
1799 3621 1936 3675 lanae
1971 3622 2050 3676 si-

472 3710 657 3764 milem
705 3710 1046 3767 descendere
1100 3712 1153 3765 in
1205 3720 1406 3766 terram
1460 3713 1832 3784 conspicimus
1868 3731 1882 3768 :
1912 3728 2051 3783 quo-

474 3800 638 3854 modo
664 3800 921 3871 denique,
951 3816 1077 3857 cum
1105 3802 1350 3868 libuerit,
1376 3803 1565 3874 iubeat
1589 3810 1786 3873 aquam
1820 3806 2055 3860 txansire

472 3891 526 3944 in
557 3890 810 3961 glaciem,
868 3902 922 3947 et
978 3894 1120 3949 hanc
1168 3894 1367 3949 iterum
1420 3897 1473 3950 in
1510 3910 1730 3966 aquam.
1786 3896 2051 3953 iiiirabilis

472 3988 709 4053 naniqtie
744 3985 798 4039 in
830 3985 913 4040 his
945 3987 1203 4042 omnibus
1227 3997 1310 4043 est
1342 3986 1627 4045 Dorninus.

554 4076 671 4132 112.
702 4077 766 4132 Et
798 4077 1138 4148 Epiphanius
1161 4119 1176 4145 ,
1224 4094 1351 4134 mox
1384 4082 1547 4135 aliam
1581 4082 1876 4152 subjicieus
1903 4097 2054 4152 qum-

470 4169 703 4223 stioueiu
736 4186 749 4222 :
784 4167 1091 4232 Quomodo.
1125 4168 1336 4238 inquit,
1367 4170 1839 4241 interpretandum
1895 4181 2055 4241 putas

473 4262 622 4332 quod
654 4261 788 4316 dicit
837 4258 1162 4339 PrOpbeta5
1198 4278 1218 4312 ι
1256 4260 1394 4327 Quia
1443 4264 1584 4317 calix
1633 4262 1687 4316 in
1731 4278 1897 4317 manu
1951 4262 2057 4319 Do-

478 4354 613 4408 mini
662 4353 770 4407 vini
828 4354 961 4406 rneri
997 4354 1193 4422 plenus
1244 4354 1427 4409 misto.
1450 4354 1512 4409 Et
1543 4355 1824 4410 inclinavit
1851 4372 1919 4410 ex
1953 4357 2056 4412 hoc

480 4447 537 4499 in
582 4447 686 4501 hoc
711 4463 726 4501 :
756 4452 1134 4502 verumtamen
1178 4446 1278 4501 faex
1308 4445 1428 4512 ejus
1460 4463 1566 4501 non
1607 4454 1692 4503 est
1728 4448 2005 4503 exinanita
2035 4465 2056 4504 :

476 4540 668 4596 bibent
734 4554 928 4597 omnes
969 4551 1282 4610 peccatores
1319 4551 1479 4596 terrae
1526 4542 1611 4595 “2?
1647 4560 1665 4594 ι
1716 4540 2053 4599 Solutionem

478 4645 609 4685 vero
641 4631 716 4685 ita
752 4630 938 4684 statim
979 4628 1166 4687 subdit
1214 4631 1461 4687 Andreas
1501 4649 1517 4687 :

475 4722 611 4777 dixit
642 4738 656 4776 :
699 4740 719 4774 ι
758 4723 815 4776 Si
842 4722 968 4792 quis
1013 4724 1163 4788 sitit,
1201 4724 1384 4779 veniat
1422 4724 1488 4780 ad
1522 4741 1630 4789 me,
1670 4740 1726 4782 et
1755 4728 1907 4783 bibat
1930 4728 1994 4783 ".
2030 4749 2049 4782 ι

477 4813 632 4870 Calix
688 4814 855 4885 igitur
901 4823 987 4870 est
1033 4814 1195 4870 .lesus
1246 4815 1539 4883 Christus,
1583 4833 1746 4874 verus
1798 4817 1942 4874 Deus
1996 4828 2051 4876 et

481 4909 668 4962 homo.
698 4907 851 4961 Caiix
908 4907 1308 4962 humanitatem
1350 4907 1533 4975 illius,
1581 4910 1766 4965 vinum
1816 4926 2055 4975 merum,

478 4999 711 5067 simplex
769 4998 999 5055 Deitatis
1048 4997 1288 5054 Verbum
1340 5000 1651 5057 adumbrat.
1722 5002 1862 5058 Nam
1913 5004 2057 5058 sicut

477 5094 665 5147 vinum
704 5108 811 5148 non
846 5101 1065 5147 tenetur
1094 5093 1199 5148 nisi
1242 5095 1296 5148 in
1335 5109 1497 5163 vase;
1531 5095 1612 5152 sic
1650 5095 1860 5164 alisque
1890 5110 2055 5151 carne

473 5202 581 5241 non
610 5194 800 5257 posset
836 5186 927 5241 Dei
958 5187 1223 5257 sapientia
1252 5186 1549 5243 invisibilis
1578 5203 1701 5243 cum
1740 5184 2054 5246 hominibus

469 5279 759 5334 visihiiiter
807 5278 1144 5334 conversari.
1186 5279 1247 5335 In
1303 5292 1470 5335 manu
1518 5280 1702 5351 itaque
1750 5278 1926 5337 Patris
1971 5296 2055 5339 est

540 5459 586 5490 ³³
629 5458 776 5514 Ρδ;ι1.
813 5473 1002 5521 Lxxw,
1035 5458 1091 5513 9.
1166 5460 1211 5493 ⁸⁸
1249 5457 1407 5518 Joan.
1448 5475 1543 5522 vii,
1578 5461 1665 5515 57.

543 5642 774 5724 (8l)‘lta
825 5642 1076 5724 mutavi,
1132 5643 1260 5698 licet
1291 5658 1396 5698 ms.
1432 5641 1609 5699 Valle.
1651 5644 1873 5715 καιρὸν,
1913 5644 2051 5701 Maz.

477 5715 727 5830 σκιηὲιιῖω
761 5715 973 5793 habeat.
1051 5785 1061 5797 Ι
1170 5802 1173 5803 ν
1409 5786 1419 5797 ⁹
1556 5787 1570 5803 φ

545 5782 600 5830 (8
642 5782 659 5830 l
700 5780 975 5830 Proltxms
1010 5784 1098 5830 hic
1138 5799 1240 5830 me.
1299 5781 1475 5830 Vatm-
1522 5787 1565 5830 hi

545 5780 659 5844 (8‘2)
700 5780 975 5838 Prolixius
1010 5784 1098 5840 hic
1138 5799 1240 5839 ms.
1299 5781 1477 5842 Vatic.
1521 5782 1733 5853 Νοητον
1782 5786 1891 5857 γάρ
1938 5789 2053 5842 ἐστι

477 5842 539 5912 ἐδ
560 5846 739 5912 νόημα
758 5863 771 5877 '
803 5852 1061 5912 ποτήριόν
1094 5854 1258 5912 ἐστιν,
1273 5852 1486 5912 Ἰησοῦς
1512 5859 1540 5910 6
1564 5855 1769 5912 Κύριος
1798 5860 1826 5908 6
1851 5858 2054 5912 τέλειος

482 5863 539 5892 τε)
560 5863 739 5923 νοςημα
758 5863 771 5877 ·
803 5863 1061 5921 ποτήριον
1094 5863 1486 5925 εστινδτιησοῡς
1512 5863 1540 5910 6
1564 5863 1769 5925 Κύριος
1798 5863 1826 5908 6
1851 5863 2050 5922 τέλειος

482 5907 797 5979 ἄνθρωπος,
836 5916 979 5982 οἶνος
1037 5920 1272 5990 ἄκρατος
1320 5926 1346 5976 6
1393 5926 1565 5993 Λόγος
1615 5930 1713 5994 τῆς
1766 5928 2049 5992 θεότητος·

2234 1975 2368 2043 ροα’.
2420 1968 2743 2039 Ἐπιφάνιος
2772 1965 2929 2023 εἶπεν
2961 1986 2975 2001 ο
3024 1970 3083 2024 Ὀ
3114 1967 3249 2040 χιὼν
3276 1970 3303 2022 6
3352 1965 3649 2037 φερόμενος
3682 1966 3748 2018 ἐκ

2154 2061 2250 2116 τοῦ
2283 2059 2519 2131 οὐρανοῦ
2580 2061 2747 2115 πόθεν
2779 2060 3148 2123 λευκαίνεται,
3180 2060 3213 2130 ἢ
3255 2059 3420 2112 πόθεν
3470 2061 3743 2129 πήσσεται

2155 2156 2238 2218 είς
2266 2153 2420 2225 χιόνα
2457 2150 2953 2222 μεταπεμπόμενος
2980 2167 2997 2218 ;
3059 2150 3117 2205 '0
3148 2151 3340 2220 Ἀγιος
3368 2145 3523 2203 εἶπεν
3548 2165 3563 2180 ’
3604 2149 3748 2218 Πρός

2153 2246 2312 2317 δηλόν
2360 2245 2534 2308 ἐστιν,
2589 2242 2673 2295 ὅτι
2716 2242 2796 2296 ἔτι
2849 2241 2944 2296 τοῦ
2995 2241 3190 2306 ὕδατος
3228 2243 3285 2295 ὲν
3317 2243 3440 2307 ταῖς
3488 2241 3744 2308 νεφέλαις

2158 2334 2622 2408 χρηματίζοντος.
2678 2318 2964 2407 ἐξέρχεται
3018 2335 3082 2388 ἐκ
3124 2333 3221 2388 τοῦ
3261 2331 3644 2403 στερεώματος
3681 2331 3744 2383 τὸ

2154 2428 2372 2498 πνεῦμα
2395 2427 2589 2482 λευκὸν
2614 2427 2749 2482 ὡσεὶ
2776 2428 2947 2500 ἔριον,
2972 2425 3273 2498 προστάξει
3299 2425 3460 2491 Θεοῦ,
3492 2425 3589 2477 καὶ
3610 2420 3749 2478 αὐτὸ

2162 2519 2450 2574 ἐπιπίπτει
2470 2522 2591 2583 ταῖς
2620 2519 2874 2591 νεφέλαις
2904 2518 3001 2573 τοῦ
3027 2518 3221 2582 ὕδατος
3250 2515 3578 2586 ἁναμέστοις
3609 2532 3746 2586 1M-

2156 2609 2539 2683 ματιζούσαις,
2580 2612 2676 2665 καὶ
2703 2610 2978 2665 λευκαίνει
3012 2609 3073 2662 τὸ
3103 2608 3245 2679 ὕδωρ
3268 2608 3427 2677 ἄγαν,
3462 2607 3521 2660 ὃν
3545 2607 3751 2678 τρόπον

2157 2703 2256 2755 καὶ
2311 2701 2404 2755 τὸν
2456 2700 2628 2771 κηρὸν
2667 2699 2779 2772 (81)
2816 2699 3093 2771 ήδρόσος.
3137 2699 3566 2768 Κατερχόμενον
3597 2696 3655 2749 δὲ
3685 2696 3746 2750 τὸ

2153 2791 2298 2864 ὕδωρ
2327 2792 2417 2847 διὰ
2455 2792 2549 2845 τοῦ
2582 2791 2765 2861 ἀέρος,
2801 2791 2902 2862 οὐχ
2933 2787 3046 2844 οἷον
3074 2790 3138 2862 δὴ
3169 2791 3263 2843 ἐπὶ
3296 2791 3396 2860 τῆς
3421 2790 3524 2860 γῆς
3551 2787 3748 2860 θραύει

2153 2884 2509 2954 λεπτότατον,
2546 2886 2790 2940 τοιοῦτον
2823 2885 2888 2938 ἐκ
2925 2884 3020 2938 τοῦ
3063 2882 3235 2954 ὕψους
3266 2884 3478 2937 ἐκείνου
3516 2883 3612 2936 τοῦ
3648 2898 3745 2952 φο-

2154 2977 2317 3048 ϐεροῦ
2349 2978 2413 3030 ὲκ
2438 2975 2533 3031 τοῦ
2564 2978 2726 3049 ἀέρος
2758 2976 3114 3048 κατέρχεται,
3152 2975 3289 3031 ἀλλὰ
3323 2974 3741 3045 μεγεθέστεροψ

2154 3070 2558 3140 κατερχόμενον
2589 3070 2645 3122 δὲ
2673 3071 2755 3133 είς
2781 3069 2953 3123 πολλὰ
2982 3069 3251 3140 τμήματα
3312 3066 3597 3139 μερίζεται
3626 3067 3746 3120 δια-

2155 3162 2440 3232 χεόμενον.
2473 3162 2620 3233 Ὅρσ.
2648 3162 2703 3216 δὲ
2729 3160 2868 3214 Θεοῦ
2900 3161 3137 3230 φρικτὴν
3171 3159 3424 3230 δύναμιν,
3459 3160 3577 3222 πῶς
3615 3160 3744 3211 ὅταν

2154 3253 2283 3325 δόξῃ
2314 3252 2490 3324 αὐτῷ,
2517 3255 2665 3308 ποιεῖ
2708 3253 2807 3324 τὴν
2835 3253 3040 3324 βροχὴν
3072 3251 3263 3323 ὥσπερ
3298 3252 3500 3304 κόκκον
3552 3266 3749 3319 στρογ-

2156 3347 2406 3419 γυλοειδῆ
2442 3347 2535 3400 ἐπὶ
2571 3350 2671 3419 τῆς
2721 3347 2826 3418 γῆς
2863 3346 3254 3416 κατέρχεσθαι,
3302 3345 3330 3399 ὃ
3370 3343 3612 3416 χάλαζαν
3647 3361 3743 3397 κα·

2156 3441 2272 3494 λεῖν
2333 3440 2608 3512 εἰώθαμεν
2634 3454 2648 3471 ⁸
2684 3439 2772 3494 ὅτε
2805 3439 2863 3494 δὲ
2892 3440 3018 3513 δόξῃ
3053 3439 3227 3512 αὐτῷ,
3261 3442 3407 3493 ποιεῖ
3439 3438 3608 3509 αὐτὴν
3638 3435 3742 3506 ερύ-

2157 3549 2242 3587 σιν
2300 3531 2519 3603 ἁπαλὴν
2575 3532 2732 3603 χιόνα
2792 3534 2981 3604 ὥσπερ
3022 3534 3190 3604 ἔριον,
3243 3529 3339 3586 καὶ
3394 3529 3568 3592 οὕτως
3610 3528 3744 3581 αὐτὸ

2158 3624 2464 3695 καταφέρει
2489 3625 2582 3678 ἐπὶ
2606 3626 2705 3694 τῆς
2730 3627 2853 3695 γῆς.
2889 3624 3058 3679 Πάλιν
3088 3623 3323 3691 κελεύει,
3353 3623 3449 3677 καὶ
3475 3620 3743 3692 μετατρέο

2158 3731 2328 3768 πεται
2362 3716 2425 3768 τὸ
2457 3714 2600 3784 ὕδωρ
2632 3717 2712 3779 είς
2747 3717 2942 3785 πάγος,
2981 3715 3076 3768 καὶ
3123 3714 3286 3769 πάλιν
3334 3714 3395 3767 τὸ
3443 3715 3617 3782 πάγος
3662 3729 3743 3776 εις

2159 3806 2322 3877 ὕδωρ.
2353 3802 2681 3876 Θαυμαστὸς
2713 3807 2821 3877 γάρ
2851 3808 2998 3860 ἐστιν
3038 3809 3118 3871 είς
3148 3806 3322 3860 ταῦτα
3354 3809 3380 3859 ὁ
3410 3806 3633 3877 Κύριος.

2228 4081 2360 4155 ρο6’.
2380 4082 2701 4152 Ἐπιφάνιος
2724 4078 2879 4136 εἶπεν
2908 4100 2922 4113 ⁸
2953 4080 3017 4137 Τί
3050 4083 3402 4155 έρμηνεὺιξιμ
3429 4085 3549 4139 Ὅτι
3582 4088 3742 4157 ποτή-

2164 4191 2281 4245 ριον
2306 4176 2364 4226 ὲν
2393 4174 2542 4245 χειρὶ
2585 4173 2818 4243 Κυρίου,
2857 4173 3001 4226 οἴνου
3033 4173 3275 4243 ἀκράτου
3321 4172 3527 4244 πλῆρες
3580 4176 3742 4246 κερά-

2159 4282 2367 4336 σματος
2408 4285 2426 4317 ι
2447 4266 2539 4320 καὶ
2561 4264 2770 4318 ἔκλινεν
2788 4265 2850 4317 ὲκ
2876 4263 3071 4317 τούτου
3103 4263 3184 4327 είς
3210 4262 3538 4334 τοῦτο,πλὴν
3564 4268 3590 4317 6
3610 4282 3742 4337 τρυ-

2157 4358 2284 4427 γίας
2342 4358 2508 4412 αὐτοῦ
2575 4359 2675 4411 οὐκ
2743 4355 3052 4428 ἑξεκενώῦη
3087 4370 3103 4387 ⁸
3144 4356 3361 4411 πίονται
3429 4357 3629 4422 πάντες
3692 4359 3743 4411 οἱ

2162 4450 2478 4523 ἁμαρτωλοὶ
2510 4448 2779 4520 τῆς’γῆς;
2811 4470 2830 4503 ι
2881 4450 2938 4503 Ὀ
2963 4451 3156 4517 ’Ᾱγιος
3195 4444 3350 4504 εἶπεν
3381 4467 3396 4484 ’
3437 4450 3499 4504 Ὀ
3539 4450 3740 4522 Κύριος

2161 4547 2318 4618 ἡμῶν
2357 4544 2582 4617 εἴρηκεν
2607 4561 2620 4575 ο
2659 4551 2679 4595 't
2720 4545 2779 4597 '0
2837 4544 3007 4617 διψῶν
3040 4544 3287 4617 ἐρχέσθω
3316 4546 3450 4616 πρός
3502 4564 3593 4615 με,
3647 4560 3743 4598 και

1574 4634 1836 4690 Dominus
1871 4644 2056 4690 noster

2166 4634 2415 4691 πινέτω.»
2441 4635 2735 4708 [Ποτήριον
2761 4636 2853 4691 οὖν
2888 4639 3037 4692 ἐστιν
3054 4636 3260 4709 Ἰησοῦς
3280 4639 3307 4690 ὁ
3341 4639 3576 4710 Χριστὸς
3606 4638 3739 4701 θεὸς

2161 4731 2372 4790 τέλειος
2404 4729 2500 4781 κα)⁸
2528 4726 2837 4798 ἄνθρωπος.
2902 4731 3170 4801 Ποτήριον
3197 4727 3232 4801 ἡ
3260 4726 3619 4802 ἀνθρωπὸτης
3646 4730 3741 4782 αὺ-

2160 4818 2255 4875 τοῦ
2287 4835 2303 4851 ·
2359 4816 2501 4884 οἶνος
2578 4820 2815 4888 ἄκρατος
2862 4823 2890 4874 6
2934 4820 3108 4892 Λόγος
3161 4823 3261 4894 τῆς
3316 4824 3568 4892 θεότητος
3617 4818 3741 4877 6.60-

2159 4913 2251 4975 λος
2276 4912 2411 4984 (8⁸2).
2445 4912 2466 4985 ]
2506 4913 2669 4967 Ἀνευ
2695 4914 2803 4986 γὰρ
2833 4914 3061 4984 ἀγγείου
3095 4916 3122 4969 6
3147 4912 3293 4981 οἶνος
3320 4918 3380 4970 οὐ
3406 4918 3699 4987 κατέχεται
3726 4933 3741 4948 ·

2160 5000 2333 5071 οὕτως
2358 5009 2455 5061 καὶ
2484 5007 2614 5062 ἄνευ
2653 5008 2857 5079 σαρκὸς
2879 5009 2912 5078 ὴ
2938 5006 3032 5064 τοῦ
3068 5006 3204 5063 Θεοῦ
3237 5010 3399 5078 σοφία
3431 5007 3742 5078 ἀνθρώποις

2162 5100 2564 5172 προσομιλῆσαι
2600 5101 2812 5167 ὁρατῶς
2856 5101 2968 5175 (83‘)
3003 5103 3101 5157 οὐκ
3132 5092 3408 5173 ἠνέσχετο.
3473 5102 3560 5153 Ἐν
3600 5117 3741 5170 χείρ’

2158 5188 2251 5246 οῦν
2282 5192 2495 5264 [ἰατρὸς
2522 5197 2549 5247 6
2580 5194 2707 5258 Υἱὸς
2732 5193 2828 5248 τοῦ
2855 5190 3147 5266 ἀνθρώπου
3181 5211 3194 5225 ·
3228 5194 3387 5257 αὖτις
3410 5194 3517 5262 γὰρ
3547 5189 3701 5244 εἶπεν
3727 5208 3745 5222 ο

2166 5303 2185 5334 ι
2212 5282 2416 5354 Πάτερ,
2441 5285 2521 5348 εἰς
2549 5284 2736 5356 χεῖράς
2756 5302 2850 5339 σου
2878 5284 3222 5358 παρατίθημι
3241 5284 3301 5338 τὸ
3322 5282 3541 5351 πνεῦμά
3564 5301 3688 5353 μου.
3720 5303 3738 5334 ο

2163 5648 2387 5721 ᾷιπλοῦς
2417 5649 2525 5719 γὰρ
2545 5647 2612 5721 ἦν
2643 5654 2670 5704 6
2701 5649 3001 5721 Adrastia;
3029 5649 3283 5721 θεότητος
3304 5688 3319 5713 ,
3355 5649 3610 5721 καὶ-θεὸς
3646 5651 3735 5701 καλ

2163 5718 2448 5791 ᾅνθρωπος
2486 5718 2582 5774 καῖ
2627 5721 2833 5791 Κύριος
2877 5719 3119 5791 Ἰησοῦςθ
3157 5718 3420 5791 ποτήριον
3460 5718 3528 5791 ἦν
3571 5722 3602 5791 ἡ
3645 5722 3733 5772 ἁν-

2163 5785 2452 5876 ορώτξότης
2496 5792 2661 5846 αὐτοῦ
2689 5785 2897 5859 ,ὀῖνος
2937 5785 3179 5860 ἄκρατος
3222 5785 3408 5856 ἄδολος
3543 5785 3733 5859 Θέότης

2163 5877 2353 5996 witty).
2388 5928 2489 5987 Ms.
2517 5945 2679 5989 sensu
2710 5930 2989 5989 contrario
3018 5930 3178 5988 habet
3208 5932 3483 5997 ἀοράτως.
