4090 6396
377 361 500 428 821“
1563 367 1743 430 νιΤΑ
1785 365 1846 426 S.
1887 365 1987 430 AN

2088 365 2223 430 rm
2262 371 2455 432 sur.
2549 353 2560 360 ’
3541 365 3646 430 822

375 473 450 530 Τὸ
475 473 552 542 δὲ,
586 491 606 525 ι
622 473 832 545 Πλῆρες
849 475 1216 546 κεράσματος,
1232 494 1248 527 ι
1273 477 1368 546 δλη
1396 477 1430 547 ἡ
1463 476 1688 545 Θεό-της,
1704 477 1763 530 τὸ
1783 478 1955 546 γλυκὺ

2088 479 2233 537 I"ilius
2261 483 2541 547 hominis;
2603 483 2720 552 ipso
2773 483 3035 538 dicente:
3075 501 3093 532 ι
3127 480 3306 543 Pater,
3349 482 3400 534 in
3453 496 3644 534 manus

374 569 654 637 κέρασμα,
699 566 760 619 τὸ
807 566 1102 637 εὐφραῖνον
1127 568 1225 631 τὰς
1261 567 1493 639 καρδίας
1519 569 1678 640 ἡμῶν
1707 569 1818 623 τῶν
1864 586 1960 623 m-

2088 592 2188 632 uas
2219 579 2546 633 commendo
2574 579 2827 648 spiritum
2874 589 3056 633 meum
3087 578 3154 631 ".
3200 595 3219 628 ι
3258 576 3412 642 Quod
3463 584 3644 629 autem

377 658 686 712 στενόντων
728 659 809 722 εἰς
849 658 1015 715 αὐτὸν
1043 677 1056 690 '
1085 659 1300 731 πλήρης
1331 659 1441 731 γὰρ
1469 660 1737 734 Θεότητος
1782 661 1959 731 ἀκρά-

2088 667 2265 723 licitur
2292 686 2307 724 :
2344 668 2526 724 «Calix
2553 670 2749 740 plenus
2773 670 2936 724 misto
2956 687 3012 736 ,ι
3043 667 3286 737 intellige
3312 674 3479 721 totam
3518 665 3645 720 Dei-

376 747 698 820 του,,ἧγουν
725 751 914 806 ἀδόλου
955 752 987 822 η
1019 749 1380 824 ἀνθρωπότης
1406 750 1598 806 αὐτοῦ.

2088 768 2232 816 atem
2258 799 2287 826 ,.
2326 775 2454 832 quae
2496 776 2666 817 suave
2717 760 2944 816 mistum
2998 772 3129 825 est.
3171 759 3318 830 quod
3376 758 3646 813 exhilarat

2063 851 2537 907 corda~hominum
2577 853 2632 908 in
2665 852 2838 908 Deum
2871 852 3210 908 credentium
3247 868 3262 906 :
3298 851 3457 920 plena
3492 864 3647 902 nam-

2064 960 2172 1015 que
2205 960 2370 1000 merae
2397 961 2464 1001 ac
2497 947 2767 1016 simplicis
2801 945 3026 1002 Deitatis
3052 944 3366 1000 humanitas
3391 943 3514 1012 ejus
3541 951 3646 996 est.

453 1040 585 1103 997'.
613 1031 688 1087 Τδ
708 1033 784 1096 δὲ,
823 1035 1116 1089 ιἝκλινεν
1141 1037 1211 1090 ὲκ-
1249 1035 1442 1090 τούτου
1468 1038 1549 1101 εὶς
1578 1035 1801 1105 τοῦτο,ι
1831 1033 1966 1110 ἦλθε

2139 1037 2265 1092 175.
2313 1036 2470 1105 Quod
2519 1037 2720 1094 deinde
2763 1037 3115 1108 subiungitur
3152 1019 3185 1091 ἰ
3239 1032 3644 1090 «Inclinavitex

379 1124 685 1194 capwael;
725 1128 804 1188 εἰς
860 1125 923 1178 τὸ
960 1123 1114 1190 ἔθνος
1153 1125 1264 1180 τῶν
1306 1122 1600 1195 Ἰουδαίων,
1634 1123 1724 1184 ἵνα
1751 1122 1840 1184 διὰ
1867 1130 1968 1202 τῆς

2088 1144 2172 1184 loc
2210 1129 2266 1185 in
2317 1129 2498 1195 huc.)
2537 1133 2612 1186 ita
2646 1138 2809 1187 sonat
2856 1148 2871 1186 :
2907 1129 3068 1186 Venit
3091 1144 3189 1200 per
3211 1126 3647 1183 incarnationem

379 1217 860 1290 ἐνανθρωπήσεως
905 1219 1072 1274 αὐτοῦ
1115 1219 1366 1292 γνωρίσῃ
1398 1222 1498 1294 τὴν
1529 1221 1683 1276 ἔνδον
1725 1223 1967 1297 ἄκρατον

2088 1222 2135 1277 ιιι
2166 1232 2380 1291 gentem
2407 1221 2692 1280 Iudaicam
2716 1263 2734 1292 ,
2764 1232 2826 1278 ut
2853 1222 2935 1278 sic
2971 1221 3230 1277 latentem
3256 1220 3408 1275 intus
3440 1231 3648 1272 meram

380 1312 614 1382 θεότητα
668 1310 761 1384 [δι’
784 1307 852 1386 ἦς
902 1311 1131 1386 ἐποίησε
1167 1317 1371 1386 σημεῖα
1407 1312 1502 1369 καὶ
1529 1317 1732 1389 τέρατα
1761 1316 1974 1390 ἐμπρο-

2088 1315 2438 1382 livinitatem;
2479 1331 2576 1386 per
2606 1331 2771 1388 quam
2804 1317 3059 1387 patrabat
3092 1316 3245 1383 signa
3281 1329 3347 1370 ac
3379 1311 3649 1383 prodigia,

386 1405 514 1458 σθεν
541 1405 724 1460 αὐτῶν
757 1422 771 1437 ο
809 1408 1011 1462 ὲκεῖνοι
1039 1405 1096 1461 δὲ
1135 1406 1318 1480 φθόνῳ
1350 1400 1698 1480 βαλλόμενοι,
1736 1409 1923 1479 ἔλεγον
1947 1426 1980 1443 ’ν

2088 1422 2254 1464 teram
2299 1408 2436 1480 ipsis
2479 1421 2668 1467 notam
2695 1410 2922 1467 faceret.
2959 1409 3033 1466 At
3067 1408 3186 1474 illi,
3219 1405 3652 1463 invidiamin“:-

394 1495 490 1549 Ἕκ
519 1496 759 1582 μαγείας
792 1498 943 1552 ποιεῖ
971 1499 1109 1554 αὑτά
1144 1495 1257 1571 (84)
1372 1494 1509 1554 Εἶτα
1561 1500 1687 1555 ἰδὼν
1716 1505 1742 1556 ὁ
1778 1503 1970 1576 Πατὴρ

2091 1498 2192 1569 ati,
2217 1501 2320 1555 arti
2344 1505 2574 1571 magicae
2603 1503 2720 1559 haec
2749 1500 3113 1558 attribuenda
3130 1499 3405 1555 dicebant;
3457 1495 3652 1551 Postea

381 1589 463 1642 ὅτι
495 1588 785 1642 ἀπιστοῦσι
816 1591 896 1662 τῷ
929 1590 1213 1662 μονογενεῖ
1236 1591 1405 1646 αὐτοῦ
1434 1589 1571 1665 Υίῷ,
1601 1594 1697 1648 καὶ
1725 1594 1806 1648 ὅτι
1843 1595 1970 1648 ἐθα-

2091 1603 2198 1643 :um
2232 1589 2702 1647 animadverteret
2729 1593 2917 1659 Pater,
2949 1591 3004 1646 in
3032 1589 3354 1646 inﬁdelitate
3379 1587 3502 1642 illos
3530 1599 3644 1656 per-

383 1676 638 1731 νάτωσαν
662 1678 824 1732 αὐτόν
843 1695 857 1710 ·
889 1679 1055 1744 αὐτὸς
1085 1683 1113 1734 ὁ
1143 1680 1202 1734 ὲν
1225 1685 1289 1752 τῇ
1314 1683 1460 1754 χειρὶ
1498 1679 1666 1736 αὐτοῦ
1692 1683 1754 1736 τὸ
1786 1683 1969 1755 ποτή-

2088 1680 2274 1737 3istere
2295 1721 2309 1746 ,
2357 1681 2610 1740 nolentes
2637 1684 2756 1740 ullo
2774 1685 2938 1739 modo
2967 1683 3128 1739 [idem
3158 1681 3419 1738 adhibere
3458 1677 3655 1749 unige-

386 1783 500 1838 ριον
533 1769 780 1837 κρατῶν,
811 1771 982 1842 ἦγουν
1012 1771 1113 1842 τὴν
1139 1775 1300 1845 χάριν
1331 1771 1519 1840 αὑτοῦ,
1549 1776 1614 1828 ἐκ
1655 1769 1750 1829 τοῦ
1782 1775 1970 1839 ἔθνους

2088 1771 2192 1828 aito
2219 1771 2358 1829 Filio
2384 1789 2508 1842 suo,
2538 1774 2650 1829 imo
2677 1784 2736 1831 et
2764 1783 2998 1830 mortem
3033 1775 3083 1829 ei
3118 1772 3464 1828 machinatos
3492 1785 3654 1834 esse;

385 1861 493 1913 τῶν
555 1858 834 1916 Ἰουδαίων
902 1856 1006 1936 ἦρε
1035 1904 1050 1930 ,
1106 1868 1201 1919 καὶ
1278 1866 1573 1938 Ῥωμαίοις
1631 1868 1971 1938 παρέδωκεν.

2088 1877 2239 1932 quem
2298 1877 2465 1918 manu
2501 1864 2725 1920 tenebat
2777 1865 3004 1920 calicem
3030 1904 3047 1931 ,
3083 1863 3342 1934 gratiam,
3404 1863 3654 1930 inquam,

393 1953 570 2024 all).qu
625 1953 653 2005 ὁ
700 1953 931 2024 τρυγίας
988 1951 1182 2027 [ἤγουν
1237 1957 1298 2011 τὸ
1351 1955 1580 2029 ἔσχατον
1630 1961 1730 2031 τῆς
1779 1957 1972 2032 ὀργῆς]

2088 1967 2255 2018 suam,
2284 1962 2498 2026 agente
2518 1954 2746 2012 Judaica
2769 1955 3042 2021 ablatam,
3071 1951 3430 2010 transtulitad
3459 1951 3654 2005 Roma-

389 2043 551 2098 αὐτοῦ
579 2044 681 2098 οὐκ
707 2043 1069 2119 ὲξεκενώθη.»
1105 2047 1328 2103 Ἐκλινε
1361 2050 1421 2104 τδ
1446 2046 1779 2120 Εὔαγγέλισν
1810 2051 1976 2107 αὐτοῦ

2088 2058 2203 2100 nos.
2235 2063 2252 2096 ι
2283 2045 2678 2102 Verumtamen
2701 2047 2860 2116 fex,»
2886 2046 3004 2103 sive
3029 2055 3338 2101 extremum
3371 2045 3466 2098 irae
3492 2042 3656 2104 illius.

386 2135 450 2188 ὲκ
495 2130 606 2188 τῶν
668 2126 940 2190 Ἰουδαίων
977 2138 1058 2200 εἰς
1108 2137 1175 2191 τὰ
1227 2133 1543 2210 θεοφόρητα
1587 2137 1740 2210 ἔθνη,
1775 2139 1977 2209 ὁμοίιος

2088 2152 2224 2193 mon
2249 2145 2330 2192 est
2355 2137 3068 2208 exinanitaziEvangelium
3101 2134 3321 2206 quidem
3362 2149 3547 2198 suum,
3579 2133 3678 2186 uti

387 2230 513 2290 τοὺς
537 2227 877 2292 ἀποστόλους
907 2229 1003 2284 καὶ
1027 2230 1090 2284 τὸ
1121 2217 1392 2300 πανᾶγιον
1415 2227 1646 2302 Πνεῦμα
1673 2249 1687 2264 ·
1713 2233 1808 2288 καὶ
1831 2233 1978 2287 ᾶπα-

394 2333 496 2372 σαν
523 2318 622 2389 τὴν
649 2320 812 2391 χάριν
837 2315 932 2374 καὶ
966 2321 1169 2390 γνῶσιν
1204 2322 1314 2376 τῶν
1342 2322 1722 2378 θεοπνεύστων
1745 2323 1980 2394 Γραφῶν

394 2409 664 2464 ἐκένωσεν
691 2413 774 2476 είς
809 2413 978 2484 ἡμᾶς.
1023 2414 1228 2487 Πλὴν.ὁ
1258 2415 1492 2488 τρυγίας
1519 2416 1689 2472 αὐτοῦ
1725 2417 1827 2471 οὐκ
1865 2416 1982 2483 ἑξε-

395 2502 615 2574 κενώθη
640 2518 654 2533 ·
688 2502 878 2576 ὥσπερ
926 2508 959 2578 ὴ
1014 2502 1219 2577 τρυγία
1274 2501 1372 2564 τοῦ
1415 2512 1562 2565 οῐνου
1595 2511 1655 2566 ὲν
1705 2510 1847 2582 πίθῳ
1880 2510 1982 2564 οὐκ

393 2597 737 2665 ἐκκενοῦται,
765 2598 909 2655 οὕτω
934 2599 996 2654 τὸ
1030 2601 1270 2674 γράμμα.
1301 2601 1362 2658 τὸ
1394 2604 1626 2675 νομικὸν
1688 2604 1982 2676 ἅνενέργη-

391 2686 486 2740 τόν
518 2689 636 2740 ιστι
694 2690 790 2742 καὶ
821 2690 1198 2762 ἀνωφέλητον.
1233 2693 1448 2765 Τρηυγία
1483 2695 1593 2766 γὰρ
1625 2696 1658 2763 ἠ
1696 2693 1854 2759 ἐλπὶς
1871 2694 1982 2749 τῶν

405 2779 675 2836 Ἰουδαίων
701 2780 848 2835 ἐστίν
874 2799 894 2816 ο
923 2781 1005 2836 ἐτι
1029 2784 1138 2853 γὰρ
1161 2785 1310 2856 πάσῃ
1348 2787 1414 2856 τῇ
1435 2788 1505 2858 γῇ
1535 2785 1982 2857 σκορπισθέντες,

395 2873 646 2928 πίνουσιν
676 2877 736 2929 ὲν
763 2877 831 2948 τῇ
857 2877 1060 2949 τρυγίᾳ
1089 2877 1188 2950 τὴν
1213 2877 1448 2951 πλάνην,
1465 2878 1874 2951 προσδοκῶντες
1890 2879 1982 2935 τὸν

392 2964 516 3020 “Av:
527 2965 792 3039 ίχριστον.

473 3251 596 3323 ροδ’.
650 3251 975 3322 Ἐπιφάνιος
998 3252 1149 3322 λέγει
1173 3269 1188 3285 ⁸
1216 3253 1353 3309 Eius-5
1382 3271 1498 3326 μοι,
1522 3255 1846 3326 παρακαλῶ,
1885 3273 1981 3309 ποε-

400 3344 579 3417 ταπὴν
593 3345 892 3417 ἑρμηνείαν
913 3344 1137 3419 βεϐαίαν
1153 3344 1269 3416 ἔχει
1295 3345 1391 3400 καὶ
1421 3345 1606 3414 τοῦτο,
1634 3365 1652 3399 ι
1686 3345 1983 3420 Κτηνώδης

400 3437 670 3509 ιγενήθην
702 3438 854 3509 παρὰ
883 3437 986 3501 σοὶ,
1007 3437 1164 3506 κάγὼ
1191 3437 1281 3492 διὰ
1314 3435 1517 3501 παντὸς
1549 3437 1690 3506 μετά
1715 3455 1846 3505 σου;
1881 3457 1899 3490 ι
1920 3439 1980 3492 '0

401 3530 694 3601 Μακάριος
721 3525 878 3584 εἶπεν
905 3545 921 3562 ο
963 3529 1056 3584 Ἐκ
1100 3529 1398 3600 προσώπου
1435 3528 1528 3584 τοῦ
1559 3528 1800 3600 Χριστοῦ
1834 3531 1986 3599 λέγει

397 3625 427 3676 ὁ
455 3623 770 3694 Προφήτης,
813 3622 902 3676 διὰ
932 3621 992 3676 τὸ
1035 3622 1291 3692 γενέσθαι
1323 3622 1610 3693 ἄνθρωπον
1637 3622 1729 3678 τὸν
1750 3623 1848 3678 σὺν
1879 3625 1994 3679 Πα-

397 3715 487 3786 τρὶ
509 3716 639 3769 ὄντα
667 3716 836 3769 ἀΐδιον
856 3715 1033 3784 Λόγον
1068 3716 1164 3770 καὶ
1191 3716 1323 3770 Θεόν
1345 3731 1364 3747 ⁸
1381 3716 1689 3786 -ἇνθρωπος
1721 3718 1832 3788 γὰρ
1863 3719 1986 3772 ὀνο-

402 3808 636 3881 μάζεται
671 3810 867 3878 κτῆνος
898 3807 1036 3862 Θεοῦ
1070 3809 1312 3877 λογικόν.
1355 3808 1510 3863 Ἐπεὶ
1535 3808 1628 3862 οῦν
1665 3812 1693 3864 ὁ
1729 3809 1856 3873 Υἱὸς
1891 3809 1984 3864 τοῦ

399 3901 538 3954 Θεοῦ
588 3902 807 3972 ἐγένετο
858 3899 1154 3973 ἄνθρωπος
1209 3899 1458 3969 τέλειος,
1504 3900 1655 3970 λέγει
1703 3904 1844 3974 πρὸς
1895 3902 1987 3956 τὸν

402 3990 645 4067 Πατέρα.
662 3997 724 4050 El
757 3997 854 4050 καὶ
881 3996 1193 4068 ἄνθρωπος,
1213 3997 1402 4068 φησὶν,
1429 3993 1697 4068 ἐγενήθην
1731 3996 1883 4067 παρὰ
1903 3997 1990 4051 σοὶ

402 4092 495 4147 ἔπ’
523 4094 794 4164 ἐσχάτων..
816 4089 926 4146 τῶν
961 4086 1189 4163 ἡμερῶν
1229 4088 1471 4156 τούτων,
1514 4087 1652 4144 ἀλλὰ
1675 4091 1742 4160 τῇ
1771 4087 1991 4160 θεότητί

403 4183 542 4256 εἰμι,
571 4183 864 4247 διαπαντὸς
905 4183 1058 4253 μετὰ¹
1084 4181 1206 4235 σοῦ.
1252 4179 1574 4251 Ἐπιφάνιός
1622 4172 1780 4236 εἷπεν
1804 4195 1819 4212 ⁸
1851 4181 1988 4234 Τίνα

402 4278 699 4350 ἑρμηνείαν
729 4277 842 4348 ἔχει
861 4277 922 4330 τὸ
955 4273 1121 4347 ῥηθὲν
1151 4275 1256 4329 ὑπὸ
1276 4273 1370 4328 τοῦ
1403 4274 1613 4346 Κυρίου
1640 4315 1656 4342 ,
1683 4291 1701 4326 ι
1728 4273 1822 4346 Μὴ
1857 4273 1991 4345 βατ-

403 4369 741 4440 τολογήσητε
791 4370 852 4422 ὲν
880 4371 1001 4431 ταῖς
1051 4365 1387 4439 προσευχαῖς
1421 4365 1596 4437 ὑμῶν,
1645 4365 1857 4431 ἀλλ’ὡς
1878 4366 1990 4421 ἔδι-

401 4458 660 4532 δάχθητε,
701 4461 853 4516 οὕτως
884 4460 1327 4532 προσεύχεσθεν.
1359 4459 1417 4513 '0
1447 4455 1736 4531 Μακάριος
1788 4459 1938 4530 λέγει
1971 4477 1988 4493 ο

402 4557 734 4625 Βαττολογία
762 4557 929 4621 ἐστὶν,
955 4553 1081 4609 ὅταν
1101 4573 1187 4620 τις
1219 4553 1392 4618 ἑστὼς
1422 4557 1480 4609 ὲν
1515 4557 1580 4626 τῇ
1613 4557 1894 4628 προσευχῇ
1925 4555 1988 4610 οὐ

401 4645 574 4718 λέγει·
605 4648 802 4719 Κύριε,
841 4649 1114 4719 ἥμαρτον,
1149 4645 1508 4718 συγχώρησόν
1552 4665 1666 4717 μοι,
1696 4648 1790 4702 καὶ
1837 4647 1998 4720 ἐλέη-

408 4745 502 4797 σόν
552 4760 642 4814 με,
701 4741 797 4796 καὶ
847 4741 919 4795 τὰ
964 4742 1179 4804 τούτοις
1229 4741 1393 4811 ὃμοια
1421 4755 1436 4771 ·
1468 4739 1586 4795 ἀλλ’
1617 4741 1741 4794 ἀντὶ
1781 4740 1990 4795 τούτων

404 4834 558 4903 λέγει
599 4833 678 4906 τῷ
723 4831 876 4906 Θεῷ*
917 4833 1110 4904 Κύριε,
1143 4833 1485 4907 μερίμνησὸν
1531 4851 1627 4904 μοι
1655 4835 1851 4903 φαγεῖν
1893 4831 1990 4887 καὶ

406 4931 556 4982 πιεῖν
591 4929 685 4981 καὶ
734 4927 1008 4992 πλουτεῖν,
1064 4925 1154 4980 ἵνα
1211 4926 1496 4997 χαίρωμαι
1557 4927 1638 4989 εἰς
1693 4925 1845 4980 τόνδε
1896 4924 1988 4980 τὸν

405 5021 634 5090 κόσμον,
671 5019 999 5091 σωματικῶς
1029 5018 1318 5072 ἀπολαύων
1345 5017 1446 5086 τῆς
1471 5017 1738 5088 σαρκιπιῆς
1771 5017 1987 5088 ἡδονῆς.

403 5113 578 5168 Τοῦτό
617 5115 736 5167 ἐστι
770 5111 1117 5183 βαττολογία,
1150 5112 1244 5164 καὶ
1274 5109 1346 5166 τὰ
1369 5109 1580 5174 τούτοις
1612 5108 1794 5178 ὃμοια.
1835 5109 1894 5164 '0
1927 5109 1987 5164 δὲ

403 5203 547 5268 Θεὸς,
584 5205 684 5258 οὐκ
741 5203 936 5274 ἀγαπᾷ
965 5198 1139 5263 οὕτως
1171 5201 1322 5270 ἡμᾶς
1357 5196 1766 5272 προσεύχεσθαι
1795 5240 1828 5266 ,Α
1851 5198 1989 5252 ἀλλὰ

403 5293 590 5368 ζητεῖν
642 5297 863 5367 πρῶτον
911 5295 1010 5366 τὴν
1062 5292 1343 5363 βασιλείαν
1392 5292 1488 5345 τοῦ
1535 5290 1694 5359 Θεοῦ,
1745 5291 1842 5346 καὶ
1885 5291 2006 5362 τὴν

405 5383 760 5460 δικαιοσῦνην
798 5386 989 5453 αὐτοῦ,
1017 5387 1113 5440 καὶ
1139 5384 1312 5439 ταῦτα
1339 5387 1518 5441 πάντα
1551 5383 1992 5454 προσνιθέσεται

405 5485 437 5553 ἡ
447 5486 560 5552 μῖν.

2078 2240 2134 2285 et
2185 2230 2468 2302 apostolos
2518 2242 2573 2287 et
2624 2231 2888 2302 Spiritum
2937 2239 3191 2286 sanctum
3251 2244 3282 2284 ι
3332 2225 3535 2282 Iudaeis
3591 2226 3660 2279 ad

2082 2332 2272 2392 gentes
2298 2362 2315 2388 ,
2361 2323 2454 2378 illa
2483 2323 2738 2394 accipere
2771 2331 2994 2394 paratas
3018 2365 3035 2392 ,
3081 2320 3280 2379 deferri
3311 2317 3513 2384 voluit;
3545 2333 3660 2374 om-

2085 2429 2322 2485 nemque
2347 2417 2578 2486 gratiam
2613 2425 2666 2472 et
2695 2417 3084 2488 inSpiratarum
3115 2414 3376 2470 divinitus
3412 2409 3662 2480 Scriptu—

2083 2523 2268 2563 rarum
2305 2509 2722 2581 intelligentiam
2751 2511 2806 2565 in
2856 2524 2957 2566 nos
2997 2509 3240 2564 dludit:
3286 2515 3662 2561 verumtamen

2082 2601 2187 2659 faex
2231 2601 2354 2674 ejus
2397 2617 2508 2659 non
2551 2611 2636 2660 est
2664 2602 2968 2660 exinanita.
2997 2599 3472 2670 Quemadmodum
3515 2599 3692 2653 enim.

2085 2691 2184 2750 hex
2237 2711 2360 2765 quae
2404 2696 2459 2750 in
2507 2695 2645 2751 cado
2694 2704 2780 2752 est
2829 2710 2941 2751 non
2973 2694 3328 2761 exhauritur,
3363 2693 3443 2748 sic
3492 2693 3677 2764 legale.

2084 2787 2310 2844 verbum
2338 2788 2530 2844 inutile
2556 2788 2697 2860 ipsis
2720 2798 2773 2845 et
2803 2787 3052 2844 inetﬁcax
3083 2796 3289 2844 manet.
3318 2787 3441 2842 Faex
3466 2786 3664 2857 quippe

2083 2895 2226 2950 spes
2265 2889 2352 2936 est
2399 2878 2745 2937 Iudaeorum.-
2777 2901 2816 2940 :.
2844 2896 2972 2937 nam
3009 2883 3066 2938 in
3108 2881 3400 2953 praesentia
3447 2894 3681 2951 quoque

2085 2988 2182 3043 per
2208 2973 2404 3027 orbem
2431 2975 2748 3030 universum
2781 2973 3060 3044 dispersi,
3100 2989 3164 3030 ex
3211 2971 3345 3030 faece
3385 2972 3474 3027 illa
3509 2986 3666 3028 erro-

2089 3080 2201 3120 rem
2259 3066 2998 3135 hauriunt'crassissimum,
3043 3053 3155 3140 quo
3189 3067 3478 3123 adventum
3512 3067 3668 3120 Autic

2004 3157 2048 3220 ρ
2081 3159 2274 3214 christi
2313 3161 2474 3215 anxie
2507 3170 2853 3231 exspectant.

2160 3251 2285 3308 tu.
2345 3251 2482 3319 Quis
2540 3261 2756 3317 autem,
2810 3252 3010 3324 quarit
3069 3266 3237 3322 porro
3281 3250 3666 3321 Epiphanius,

2087 3342 2247 3397 istius
2300 3343 2402 3398 loci
2455 3342 2731 3412 genuinus
2771 3350 3098 3398 sensus-est
3132 3360 3147 3397 :
3188 3361 3208 3396 ι
3250 3338 3319 3396 Ut
3362 3341 3689 3408 iumentum.

2090 3435 2264 3491 factus
2301 3452 2421 3491 sum
2473 3437 2616 3506 apud
2656 3443 2743 3500 te,
2794 3443 2852 3490 et
2894 3449 2995 3504 ego
3039 3448 3258 3505 semper
3305 3441 3482 3489 tecum
3519 3434 3606 3486 “‘l
3644 3452 3691 3486 »ς

2089 3530 2344 3585 Persona:
2387 3528 2630 3595 Christi,
2679 3529 2759 3584 ait
2791 3538 3016 3585 sanctus
3047 3528 3296 3584 Andreas
3321 3564 3338 3592 ,
3395 3527 3520 3582 istic
3563 3527 3669 3581 loci

2090 3624 2434 3694 mentionem
2473 3622 2608 3678 facit
2648 3623 2917 3694 Pmpheta
2949 3640 2963 3677 :
2994 3624 3124 3693 quia
3165 3635 3362 3690 nempe
3407 3621 3530 3682 ille,
3575 3623 3669 3690 qui

2090 3717 2458 3784 sempiternus
2498 3731 2623 3772 eum
2663 3717 2822 3771 Patre
2856 3715 3001 3770 Deus
3041 3714 3400 3784 divinumque
3431 3712 3669 3768 Verbum

2089 3815 2205 3871 est,
2245 3809 2540 3861 humanam
2594 3807 2784 3861 induit»
2818 3815 3070 3862 naturam
3121 3807 3346 3872 :ihomo
3400 3805 3668 3874 siquidem

2086 3897 2399 3968 iumentum
2438 3895 2554 3962 Dei,
2585 3897 2795 3951 ratione
2824 3896 3138 3966 praeditum,
3171 3893 3496 3964 appellatur.
3532 3895 3669 3948 Cum

2091 3991 2260 4060 igitur
2312 3988 2484 4044 Filius
2535 3987 2958 4059 Deipcrlectns
3008 3987 3172 4043 homo
3222 3988 3397 4042 lactus
3437 3986 3546 4049 sit,
3593 3986 3671 4042 ita

2091 4082 2496 4153 quodammodo
2532 4081 2748 4136 Patrem
2781 4081 3080 4152 alloquitur
3131 4097 3159 4134 :7
3199 4077 3443 4133 Tametsi
3489 4088 3673 4133 extre-

2093 4176 2198 4230 mis
2233 4174 2386 4230 hisce
2422 4175 2761 4245 temporibus
2802 4172 2969 4228 homo
3004 4172 3181 4227 factus
3219 4186 3340 4224 sum
3373 4185 3556 4224 coram
3596 4178 3670 4232 te.

2093 4268 2455 4324 nihilominus
2485 4268 2699 4322 ratione
2727 4266 3029 4321 divinitatis
3058 4279 3276 4334 semper
3306 4273 3484 4318 tecum
3523 4278 3668 4318 sum.

2091 4354 2296 4418 lterum
2337 4360 2728 4432 Epiphanius:
2773 4359 2878 4426 Qui
2930 4358 3194 4429 explicas,
3248 4356 3464 4426 inquit,
3509 4355 3670 4410 istam

2096 4453 2312 4509 Domini
2345 4453 2672 4508 sententiam
2720 4469 2735 4506 :
2779 4471 2797 4504 ι
2839 4452 3073 4507 Orantes
3115 4458 3296 4504 autem
3333 4448 3499 4502 nolite
3533 4447 3673 4501 mula

2094 4556 2207 4601 tum
2239 4546 2421 4617 loqui;
2471 4546 2566 4602 sed
2599 4545 2676 4600 uti
2711 4543 2857 4599 docti
2887 4544 3042 4606 estis,
3077 4541 3154 4597 ita
3187 4552 3338 4597 orate
3370 4540 3456 4593 "1'
3483 4557 3498 4590 ι
3534 4540 3674 4592 Mul-

2090 4638 2380 4709 tiloquiutn
2440 4648 2566 4704 est,
2624 4637 2841 4708 reponit
2894 4635 3182 4699 Andreas,
3236 4648 3361 4688 cum
3419 4629 3543 4700 quis
3603 4631 3671 4684 ad

2091 4731 2363 4788 orandum
2398 4737 2618 4800 paratus
2644 4769 2660 4794 ,
2717 4742 2824 4782 non
2858 4726 2991 4781 dicit
3029 4743 3042 4779 :
3090 4724 3315 4778 Domine
3341 4763 3356 4789 ,
3379 4722 3624 4791 ,pcccavi
3654 4739 3669 4786 ;

2091 4823 2307 4878 dimitte
2335 4822 2530 4877 delicta
2564 4833 2716 4885 mea,
2769 4827 2822 4874 et
2860 4815 3125 4872 miserere
3167 4815 3270 4869 mei
3297 4854 3312 4878 .
3337 4822 3520 4882 atque
3563 4812 3669 4865 alia

2093 4917 2184 4972 his
2206 4915 2450 4979 similia;
2486 4912 2586 4968 sed
2616 4920 2808 4968 contra
2857 4910 2938 4965 sic
2970 4908 3139 4962 Deum
3176 4905 3514 4974 alloquitur:
3561 4902 3672 4956 Do-

2095 5009 2278 5075 mine,
2330 5022 2518 5064 curam
2569 5021 2695 5077 gere
2734 5004 2879 5071 mei,
2927 5011 2988 5058 ut
3029 5001 3193 5066 ciho,
3241 5008 3416 5068 potu,
3469 4993 3672 5051 divitiis

2095 5100 2392 5165 abnndem,
2424 5108 2483 5154 ut
2516 5099 2686 5154 vitam
2728 5097 2782 5152 in
2817 5097 2919 5152 hoc
2949 5094 3157 5149 mundo
3192 5093 3313 5147 laete
3349 5087 3668 5159 transigant,

2097 5207 2155 5252 ut
2207 5194 2394 5250 carnis
2446 5190 2818 5259 voluptatibus
2869 5188 3107 5244 allluam.
3172 5185 3276 5240 Ista
3328 5192 3385 5238 et
3437 5182 3670 5236 istorum

2097 5287 2298 5344 similia
2330 5284 2740 5356 multiloquium
2773 5293 2922 5340 sunt.
2951 5283 3096 5338 Deus
3130 5295 3261 5334 sane
3294 5291 3404 5332 non
3434 5275 3540 5328 isto
3568 5285 3692 5326 ηοε-

2097 5379 2263 5435 modo
2291 5379 2579 5434 instituere
2608 5376 2909 5431 orationem
2940 5373 3076 5438 vult,
3105 5372 3198 5428 sed
3236 5368 3470 5439 primum
3501 5361 3671 5432 quaeri

2100 5487 2324 5542 regnum
2362 5469 2456 5525 Dei
2489 5479 2542 5525 ct
2582 5467 2850 5540 justitiam
2881 5468 3115 5538 ejus,ct
3161 5465 3275 5519 haec
3320 5457 3506 5514 omnia
3535 5454 3677 5524 adji-

2095 5565 2310 5619 cientur
2343 5563 2524 5619 nobis.

480 5666 526 5698 ³⁵
569 5663 703 5719 Luc.
739 5679 898 5727 xxtn,
932 5664 1022 5720 46.
1101 5660 1144 5690 ³⁸⁵
1187 5659 1330 5715 Psal.
1361 5672 1538 5724 Lxxu,
1566 5656 1656 5711 25.
1737 5657 1780 5688 ⁸⁷
1825 5656 2014 5712 Matth.
2041 5674 2117 5725 vr,
2147 5660 2198 5715 7.

483 5791 594 5858 (84)
638 5789 834 5843 ιισπυιη
872 5802 974 5840 ms.
1011 5784 1210 5858 Valle-3
1259 5783 1458 5858 helvo:
1509 5778 1860 5858 ἠπίστησαν,
1907 5779 2129 5854 ἐποίησε
2166 5783 2365 5853 σημεῖα
2438 5779 2530 5834 καὶ
2566 5777 2766 5847 τέρατα
2837 5769 3149 5847 ἔμπροσθεν
3222 5766 3438 5823 αὐτῶν
3470 5766 3676 5820 ἐκεῖνοι

413 5851 681 5915 ὑπέλαϐον
712 5861 775 5913 ἐκ
815 5856 1045 5928 μαγείας
1082 5854 1241 5909 αὑτὸν
1272 5853 1445 5911 ταῦτα
1485 5851 1868 5919 πεποιηκέναι.
