4090 6402
416 346 525 408 823

1480 348 1909 414 NICEPHORI
1948 350 2428 414 PRESBYTER!
2476 352 2587 416 ΟΡ.
2690 386 2697 395 -

3578 353 3695 418 824

1817 461 2050 519 CAPUT
2104 463 2273 520 XXI}.

984 578 1202 635 thera:
1231 580 1547 647 quaestiones
1574 581 1641 633 ab
1673 580 1979 651 Epiphanio
2013 585 2320 652 proposita’,
2348 591 2398 638 et
2430 582 2496 637 ab
2524 581 2734 636 Andrea
2767 590 2889 651 apte
2922 582 3127 638 solum.

493 694 619 751 175.
674 693 982 766 Epiphanio
1039 707 1260 749 rursum
1321 694 1736 763 interroganti,
1808 696 2003 765 plusne

2179 694 2305 764 poa'.
2344 692 2665 763 Ἐπιςράνιος
2694 695 2843 765 λέγει
2878 712 2893 727 ⁶
2936 695 3003 750 Τί
3036 694 3298 765 περισσὸν
3324 695 3619 766 κέκτηνται
3647 694 3693 750 oi

420 788 648 859 aliquid,
701 787 768 841 ad
817 794 1071 841 naturam
1120 786 1269 855 quod
1322 787 1549 851 attinet,
1599 787 1840 841 habeant
1895 787 2006 841 da:—

431 894 636 944 noncs,
700 894 867 949 quam
901 878 1078 948 angeli
1118 877 1299 943 beati,
1348 877 1493 933 hunc
1544 880 1598 933 in
1650 879 1870 934 modum
1920 894 2007 935 re-

422 970 643 1041 spondit
690 970 880 1025 beatus
911 970 1159 1025 Andreas
1188 986 1201 1023 :
1232 968 1437 1025 Eadem
1489 986 1608 1042 quae
1636 973 1862 1042 angelis,
1900 972 2010 1027 da:-

424 1061 678 1115 monibus
731 1074 950 1130 quoque
1002 1068 1087 1115 est
1128 1070 1369 1125 natura,
1424 1061 1527 1115 hoc
1568 1061 1687 1117 solo
1740 1063 2010 1117 duntaxat

418 1150 740 1205 discrimine
796 1150 1210 1216 intercedente,
1270 1152 1417 1221 quod
1486 1152 1701 1224 angeli,
1755 1154 2006 1210 inconta-

419 1244 615 1297 minati
645 1243 1042 1313 purissimique
1068 1283 1083 1309 ,
1120 1245 1398 1301 daemones
1426 1260 1578 1311 vero,
1616 1245 1818 1313 luridi,
1860 1250 1962 1305 atri
1991 1290 2008 1317 ,

421 1336 798 1400 tenebricosi,
854 1336 1092 1406 peccatis
1139 1337 1346 1391 sordidi
1403 1344 1468 1391 ac
1524 1339 1799 1395 maledicti
1851 1342 2005 1397 sint:

418 1429 564 1498 quod
624 1428 805 1499 angeli
867 1429 1040 1483 multo
1096 1428 1306 1485 lumine
1344 1441 1679 1498 coruscent,
1730 1432 2008 1491 daemones
2053 1425 2063 1436 ’

419 1529 602 1574 autem
651 1521 891 1575 tenebris
929 1521 1443 1577 circumfundantur
1477 1538 1493 1578 :
1524 1525 1667 1592 quod
1708 1525 1785 1579 illi
1827 1526 2005 1596 ipsum

420 1614 607 1666 lumen
628 1650 642 1675 ,
702 1612 755 1665 hi
786 1611 922 1680 ipsa:
979 1611 1217 1667 tenebra:
1268 1612 1576 1668 videantur.
1609 1614 1883 1680 Quantum
1916 1617 2009 1671 de-

419 1706 583 1775 nique
615 1705 756 1759 inter
792 1704 1069 1759 hominem
1098 1703 1305 1774 justum
1329 1713 1768 1775 etpeccatorem,
1789 1717 1999 1763 tantum

420 1799 565 1852 inter
613 1796 865 1865 angelum
894 1790 1276 1852 etdaamonem
1330 1797 1579 1853 interest.
1612 1799 1784 1855 Porro
1826 1809 2005 1857 autem

421 1889 806 1957 percunctanti
835 1888 1161 1958 Epiphanio,
1196 1889 1415 1944 ubinam
1449 1899 1765 1947 sanctorum
1810 1893 2008 1948 animae

422 1980 584 2033 modo
618 1980 771 2043 sint,
825 1977 1110 2049 reSpondit
1156 1978 1406 2035 Andreas
1456 1981 1510 2035 in
1562 1981 1818 2051 paradiso
1863 1998 2003 2052 esse,

2109 788 2368 856 δαίμονες
2392 791 2448 843 ἒν
2478 790 2544 860 τῇ
2587 788 2749 858 φύσει
2784 788 2966 859 αὐτῶν
2990 788 3132 861 ὑπὲρ
3153 789 3279 851 τοὺς
3309 788 3575 857 ἀγγέλους
3597 790 3691 843 to?

2109 879 2245 932 Θεοῦ
2275 896 2290 945 ;
2342 879 2401 932 '0
2427 879 2615 943 Ὅσιος
2638 880 2790 949 λέγει
2815 898 2826 910 ·
2861 879 3103 950 Τοιαύτη
3145 880 3241 933 καὶ
3277 881 3393 943 τοῖς
3444 879 3693 950 δαίμοσιν

2110 972 2390 1042 ὑπάρχει·
2425 970 2487 1024 ἓν
2520 970 2579 1025 δὲ
2623 972 2785 1042 μόνον
2809 971 3036 1043 χωρίζει
3071 971 3271 1035 αὑτοὺς
3297 972 3379 1024 ἀπ
3422 970 3692 1041 ἀλλήλων,

2110 1064 2193 1117 ὅτι
2223 1067 2273 1118 οι
2301 1064 2525 1134 ἄγγελοι
2550 1064 2646 1120 τοῦ
2682 1064 2821 1118 Θεοῦ
2850 1066 2991 1119 εἰσιν
3037 1065 3264 1120 ἄσπιλοι
3306 1064 3401 1118 καὶ
3423 1063 3694 1135 καθαροὶ,

2108 1160 2156 1212 οί
2195 1158 2252 1212 δὲ
2287 1157 2542 1229 δαίμονες
2571 1157 2777 1230 ἄγριοι,
2805 1157 3025 1230 μαῦροι,
3049 1157 3330 1229 ζοφώδεις,
3352 1157 3695 1227 ἁμαρτωλοὶ,

2111 1250 2207 1304 καὶ
2249 1250 2686 1320 ἑπικατάρατοι·
2741 1248 2792 1303 oi
2844 1249 3070 1317 ἄγγελοι
3132 1247 3583 1318 άστράπτουσιν,
3643 1248 3695 1300 οι

2113 1340 2373 1410 δαίμονες
2425 1339 2767 1409 ζοφώζουσιν
2796 1358 2809 1374 ο
2858 1342 3058 1396 ἐκεῖνοι
3094 1338 3231 1411 φῶς,
3269 1333 3417 1395 οῦτοι
3451 1340 3644 1401 σκότος
3677 1352 3693 1369 ·

2110 1432 2166 1485 εἴ
2192 1450 2244 1486 τι
2269 1433 2326 1486 δὲ
2357 1431 2607 1503 διαφέρει
2642 1433 2968 1506 ἁμαρτωλὸς
2996 1432 3231 1498 δικαίου,
3265 1430 3425 1486 τοῦτο
3450 1427 3696 1499 διαφέρει

2111 1526 2207 1581 καὶ
2235 1526 2448 1595 δαίμων
2514 1528 2772 1596 ἀγγέλου.
2819 1528 3145 1596 Ἐπιφάνιος
3175 1522 3333 1580 εἶπεν
3357 1543 3372 1560 ι
3411 1526 3476 1579 Δί
3524 1524 3697 1595 ψυχαὶ

2111 1618 2222 1673 τῶν
2278 1619 2452 1688 ἁγίων
2500 1618 2605 1672 ποῦ
2640 1619 2780 1674 εἰσιν
2830 1620 3077 1691 ἀρτίωςς
3117 1619 3263 1689 Ἔφη
3299 1619 3327 1671 ὀ
3359 1618 3551 1687 ’Ἄγιος
3577 1633 3590 1647 ⁸
3626 1617 3695 1670 Αἱ

2109 1712 2282 1782 ψυχαὶ
2315 1711 2423 1766 τῶν
2476 1712 2648 1781 ἁγίων
2690 1714 2750 1767 ὲν
2783 1712 2860 1783 τῷ
2892 1711 3216 1784 Παραδείσῳ
3244 1712 3403 1777 εἰσὶν,
3438 1711 3533 1764 καὶ
3577 1709 3698 1780 βλέ-

2111 1823 2305 1859 πουσιν
2335 1804 2371 1859 ἃ
2420 1806 2709 1877 μέλλουσιν
2759 1806 2943 1875 ἀγαθὰ
2995 1805 3356 1877 κληρονομεῖν
3412 1802 3549 1873 μετὰ
3598 1799 3697 1872 τὴν

2112 1897 2346 1968 φρικτὴν
2398 1897 2614 1970 ἐκείνην
2662 1897 2771 1951 τῶν
2816 1898 3088 1969 σωμάτων
3148 1895 3529 1962 ἐξανάστασιν,
3570 1892 3701 1945 Ἐάν

2110 1988 2220 2057 γάρ
2262 1987 2339 2058 μὴ
2387 1986 2585 2059 ἐγερθῇ
2626 1987 2693 2041 τὰ
2738 1987 2895 2057 τίμια
2929 1986 3107 2041 αὐτῶν
3149 1985 3402 2055 σώματα,
3441 1984 3496 2035 αἱ
3528 1980 3699 2050 ψυχαὶ

422 2072 862 2142 contemplantes
896 2073 1039 2127 bona
1072 2072 1185 2137 illa,
1216 2087 1337 2142 qua:
1362 2081 1489 2142 post
1521 2074 1817 2130 terribilem
1855 2076 2005 2132 illam

2122 2078 2272 2149 μόναι
2320 2079 2628 2133 ἀπολαῦσαι
2673 2081 2733 2133 οὑ
2763 2079 3017 2134 δύνανται
3063 2076 3172 2131 τῶν
3207 2076 3322 2130 ἐκεῖ
3358 2070 3696 2144 ἡτοιμασμέ-

421 2179 713 2233 corporum
744 2164 1209 2221 resurrectionem
1240 2162 1590 2219 haereditario
1614 2166 1739 2235 jure
1778 2181 1999 2235 posses—

2105 2188 2211 2224 νων
2236 2171 2420 2235 αὐτοῖς
2445 2171 2688 2239 ἀγαθῶν.

421 2272 564 2314 surae
610 2265 795 2314 sunt:
849 2260 895 2315 si
949 2259 1095 2314 enim
1141 2274 1251 2313 non
1315 2261 1626 2316 excitentur
1684 2264 1994 2318 veneranda
2034 2263 2251 2321 illorum
2308 2283 2561 2339 corpora,
2612 2270 2810 2323 animre
2871 2266 3001 2324 solm
3054 2281 3166 2321 non
3243 2270 3503 2334 poterunt
3555 2274 3696 2328 prac-

423 2360 629 2429 paratis
665 2357 791 2413 istic
823 2357 1280 2428 gaudiisintegre
1318 2358 1449 2413 frui.

493 2451 617 2507 176.
648 2450 989 2521 Epiphanius
1037 2465 1159 2523 post
1205 2453 1367 2506 haec:
1414 2450 1546 2514 Qua:
1595 2452 1745 2505 notio
1792 2451 2005 2514 subest,

423 2545 604 2614 inquit
628 2586 643 2612 ,
676 2545 750 2600 illi
790 2544 1102 2601 Salomonis
1130 2544 1292 2600 cﬂ‘ato
1330 2561 1342 2597 :
1396 2563 1414 2596 ι
1462 2544 1730 2599 Dominus
1763 2544 2011 2599 condidit

425 2652 511 2691 me
571 2636 785 2691 initium
843 2637 1057 2691 viarum
1112 2649 1335 2690 suarum
1389 2634 1443 2689 in
1498 2650 1663 2705 opera
1718 2651 1816 2691 sua
1852 2636 1948 2690 '3?
1985 2655 2005 2690 ι

431 2727 595 2784 Certe
635 2728 725 2783 hic
752 2731 915 2801 periit
944 2728 1132 2790 Arius,
1175 2727 1452 2782 sustinens
1484 2726 1683 2782 Filium
1718 2726 1813 2782 Dei
1853 2742 2012 2782 crea-

440 2830 622 2876 turam
674 2837 816 2877 esse.
873 2819 1121 2874 Andreas
1162 2817 1447 2888 respondit
1502 2831 1519 2871 :
1580 2817 1830 2873 llumana
1890 2817 2011 2872 Filii

428 2912 519 2967 Dei
567 2923 762 2966 natura
811 2911 881 2964 ita
929 2908 1177 2979 loquitur
1221 2923 1318 2977 per
1366 2922 1428 2963 os
1478 2907 1870 2977 sapientissimi
1914 2906 2014 2961 Sa-

426 3004 663 3059 lomonis
685 3043 700 3069 ,
742 3002 1043 3065 Dominum,
1081 3017 1145 3055 ac
1168 3000 1354 3069 ,Dcum
1389 3015 1591 3055 vocans
1638 2998 1851 3054 Patrum
1877 3040 1891 3064 ,
1920 3000 2015 3070 qui

426 3106 555 3152 ante
590 3097 803 3151 initium
853 3108 1033 3148 rerum
1069 3093 1301 3148 exstitit.
1347 3092 1489 3149 Dicit
1543 3108 1782 3163 namque
1838 3112 1850 3147 :
1914 3092 2019 3148 Do-

428 3187 611 3242 minus
648 3184 893 3241 condidit
932 3200 1019 3240 tne
1062 3185 1339 3239 hominem
1400 3185 1455 3239 in
1512 3185 1774 3239 extremis
1808 3194 2019 3255 tempo-

428 3280 605 3346 ribus,
652 3279 983 3350 principium
1015 3279 1227 3333 viarum
1258 3293 1415 3333 novze
1465 3280 1655 3349 gratia:
1712 3287 1766 3332 et
1800 3280 2014 3349 legisla-

2179 2455 2323 2526 ρος·’.
2378 2448 2692 2527 Ἐπιφάνιος
2722 2451 2912 2511 εἶπεν·
2947 2455 3014 2510 Τί
3037 2453 3334 2525 ἑρμηνείαν
3371 2428 3505 2521 ἔχει,
3538 2470 3556 2502 ι
3587 2428 3700 2503 Κύ⁶

2114 2566 2229 2618 ριος
2257 2548 2439 2602 ἕκτισέ
2468 2567 2536 2620 με
2567 2548 2742 2623 ἀρχὴν
2779 2549 2913 2603 ὁδῶν
2941 2547 3108 2601 αὑτοῦ
3157 2547 3236 2607 είς
3275 2543 3412 2615 ἔργα
3436 2541 3647 2609 attito-3',
3678 2559 3696 2591 ο

2122 2641 2211 2693 Ἐν
2258 2639 2432 2712 ταύτῃ
2470 2641 2578 2711 γὰρ
2602 2644 2669 2712 τῇ
2710 2640 2869 2710 ῥήσει
2915 2637 3165 2694 ἀπώλετο
3213 2638 3454 2705 Ἀρειος,
3495 2633 3704 2701 κτ;’σμα

2112 2731 2251 2788 εἶναι
2285 2732 2570 2787 ὑπολαϐὼν
2616 2733 2706 2786 τὸν
2745 2733 2876 2784 Υἱδν
2926 2730 3020 2784 τοῦ
3057 2729 3292 2783 Θεοῦ.Ὀ
3325 2729 3516 2795 ’Ἄγιος
3559 2727 3700 2795 ἔφη’

2132 2822 2196 2876 Ἠ
2228 2823 2584 2894 ἁνθρωπότης
2629 2821 2724 2874 τοῦ
2758 2819 2889 2875 Υίοῦ
2933 2819 3027 2873 τοῦ
3058 2819 3192 2871 Θεοῦ
3223 2816 3385 2870 τοῦτο
3432 2814 3580 2882 λέγει
3634 2814 3706 2885 ιιι-ξ

2124 2913 2288 2986 σοφίᾳ
2331 2914 2423 2967 τοῦ
2485 2913 2828 2984 Σολομῶντος
2876 2909 3108 2983 [Κύριον
3147 2911 3240 2963 καὶ
3271 2908 3403 2961 Θεὸν
3439 2905 3580 2975 αὕτη
3611 2922 3705 2957 κα·

2119 3008 2201 3060 λεῖ
2227 3008 2319 3060 τὸν
2340 3006 2679 3078 προάναρχον
2701 3005 2921 3073 Πατέρα
2942 3000 3100 3073 (δὸ)]’
3130 2999 3336 3071 Κύριος
3359 2999 3491 3068 γὰρ,
3519 2996 3705 3066 φησὶν,

2119 3098 2302 3152 ἔκτισέ
2346 3114 2413 3168 με
2463 3099 2543 3160 είς
2573 3096 2861 3166 ἄνθρωπον
2907 3094 2994 3148 ἐπ’
3025 3092 3270 3163 ἐσχάτων
3310 3090 3421 3143 τῶν
3476 3089 3707 3160 χρόνων,

2121 3188 2294 3261 ἀρχὴν
2345 3189 2479 3242 ὁδῶν
2519 3188 2617 3257 τῆς
2665 3190 2791 3250 νέας
2837 3187 3059 3257 χάριτος
3103 3185 3197 3237 καὶ
3239 3181 3559 3252 νομοθέτην.
3599 3178 3707 3232 Καὶ

2119 3283 2229 3354 γὰρ
2258 3282 2420 3345 αὐτὸς
2453 3281 2480 3333 ὁ
2510 3281 2744 3351 Χριστὸς
2799 3279 2941 3349 ἁρχὴ
2977 3276 3249 3348 σωτηρίας
3278 3275 3539 3345 ὑπάρχει,
3567 3272 3707 3343 ἀρχὴ

432 3382 632 3429 torem.
680 3371 938 3425 Christus
980 3370 1126 3423 enim
1179 3384 1274 3438 per
1308 3384 1367 3425 se
1412 3369 1743 3439 principium
1790 3379 1875 3425 est
1924 3385 2015 3425 sa-

2122 3344 2514 3443 έλέημοσὺνης,
2564 3344 2709 3442 άρχὴ
2736 3344 2978 3440 ἀγάπης,
3017 3344 3161 3440 ἀρχὴ
3212 3344 3457 3439 σημείων
3499 3364 3609 3418 τῶν
3653 3365 3708 3416 ὲν

437 3467 588 3527 Iutis,
623 3462 953 3534 principium
999 3462 1417 3528 misericordiae,
1464 3463 1796 3533 principium
1829 3463 2014 3516 chari-

432 3560 583 3620 tatis,
617 3557 943 3627 principium
983 3555 1270 3626 signorum
1308 3570 1463 3610 novae
1496 3555 1651 3624 legis,
1685 3555 2016 3625 principium

430 3651 833 3715 doctrinarum,
858 3658 1280 3719 praeceptorum,
1307 3648 1749 3704 mansuetudinis
1771 3657 1821 3703 et
1846 3650 2015 3718 pacis.

432 3743 555 3817 ipse
582 3744 868 3809 Dominus,
902 3757 1028 3798 vere
1060 3743 1203 3798 Deus
1237 3752 1291 3797 et
1326 3741 1488 3796 homo
1523 3742 1817 3802 exsistens,
1865 3744 2015 3808 prin-

432 3838 637 3909 cipium
700 3846 786 3893 est
823 3836 1200 3900 continentiae,
1265 3835 1485 3890 virtutis
1522 3836 1699 3889 omnis
1752 3844 1803 3889 et
1850 3834 2023 3890 hone-

431 3934 623 3989 statis.
649 3930 785 3986 Nam
820 3931 1079 4002 quaelibet
1109 3931 1305 3995 virtus,
1335 3944 1455 3999 quae
1483 3927 1738 3983 homines
1768 3926 1837 3981 ad
1867 3942 2028 3997 para-

432 4025 615 4081 disum
668 4025 946 4081 cwlestem
993 4023 1248 4088 adducit,
1294 4023 1382 4076 via
1433 4021 1740 4091 appellatur
1789 4034 1818 4072 a
1869 4032 2024 4073 sacra

435 4119 717 4187 Scriptura
748 4135 763 4172 :
797 4127 851 4172 et
877 4116 1154 4180 Christus,
1182 4117 1363 4185 quoad
1399 4114 1695 4168 humanam
1734 4121 2018 4175 naturam,

436 4212 619 4266 mnnis
656 4211 792 4273 viae,
828 4225 949 4278 quae
986 4225 1081 4279 per
1109 4208 1366 4262 virtutem
1399 4206 1616 4271 teritur,
1654 4206 1820 4259 veluti
1860 4210 2026 4273 caput

435 4314 522 4360 est
574 4314 626 4357 et
681 4316 935 4367 summa;
997 4300 1219 4355 futurus
1269 4299 1475 4363 etiam,
1530 4312 1651 4368 qua:
1725 4296 1854 4350 alibi
1905 4304 2025 4361 est,

437 4402 603 4464 (εςιρυι
657 4392 972 4449 Ecclesiae:
1028 4402 1317 4463 prepterea
1352 4390 1499 4460 quod
1556 4392 1670 4459 ipse
1726 4389 1779 4443 in
1836 4387 2028 4457 primis

436 4489 583 4542 viam
618 4501 835 4541 omnem
868 4527 883 4551 ,
933 4500 1055 4556 quae
1096 4484 1163 4538 ad
1212 4484 1377 4538 vitam
1412 4481 1564 4536 ducit
1603 4491 1899 4546 aeternam,
1942 4495 2030 4537 se-

2124 3470 2189 3537 τῇ
2219 3467 2313 3535 νέᾳ
2341 3467 2543 3535 χάριτι,
2575 3465 2718 3535 ἀρχή
2750 3481 2808 3516 τε
2831 3461 3195 3531 διδαγμάτων,
3225 3458 3709 3533 νομοθετηματων,

2127 3560 2433 3631 πραότητος
2479 3559 2574 3611 καὶ
2610 3557 2854 3625 εἰρήνης.
2903 3555 3078 3618 Αὐτὶς
3128 3556 3156 3607 ὁ
3209 3552 3411 3623 Κύριος
3456 3549 3553 3603 καὶ
3579 3548 3709 3612 Θεὸς

2126 3653 2435 3724 ἅνθρωπος,
2468 3650 2609 3723 ἀρχὴ
2646 3649 2993 3720 ἐγκρατείας,
3032 3646 3128 3699 καὶ
3174 3646 3352 3714 πάσης
3382 3642 3583 3713 ἀρετῆς
3617 3642 3710 3694 καὶ

2128 3745 2454 3819 σεμνότητος
2481 3760 2493 3772 ·
2542 3744 2689 3796 πᾶσα
2721 3738 2828 3811 γάρ
2860 3741 3028 3812 ἁρετὴ
3060 3738 3192 3808 (86),
3225 3738 3324 3807 ὅση
3377 3735 3589 3804 εἰσάγει
3634 3735 3710 3796 εἰς

2126 3839 2219 3891 τὸν
2268 3835 2598 3907 παράδεισον
2650 3835 2778 3897 τοὺς
2826 3833 3167 3905 ἀνθρώπους,
3220 3831 3335 3895 ὀδδς
3384 3829 3710 3900 ὀνομάζεται

2130 3930 2282 3999 παρὰ
2308 3929 2405 4000 τῆς
2454 3928 2604 3990 θείας
2638 3927 2899 3998 Γραςρῆς·
2926 3926 3104 3997 πάσης
3138 3922 3259 3979 ὀδοῦ
3294 3922 3490 3994 νοητῆς
3517 3921 3547 3974 ὀ
3583 3922 3708 3992 Χρι-

2129 4020 2251 4083 στϊς
2279 4018 2420 4072 κατᾶ
2446 4018 2543 4089 τὴν
2574 4019 2972 4090 ἀνθρωπὸτητα
2996 4018 3240 4086 πέφυκεν
3261 4013 3450 4083 ὥσπερ
3477 4028 3539 4065 κε
3551 4009 3710 4081 ξαλὴ,

2128 4112 2223 4165 καὶ
2276 4112 2375 4181 τῆς
2422 4109 2658 4183 ἀλλαχοῦ
2724 4111 3053 4181 Ἐκκλησίας
3102 4107 3470 4179 έτοιμάζεται,
3527 4100 3715 4171 ἐπειδὴ

2131 4204 2291 4268 αὐτὸς
2333 4206 2390 4258 ὲν
2436 4205 2675 4277 πρώτοις
2716 4205 2896 4259 πᾶσαν
2929 4204 3047 4257 ὁδὸν
3087 4202 3280 4271 ἔτεμεν
3326 4200 3425 4271 τὴν
3467 4197 3716 4264 ἀπάγου-

2136 4314 2237 4351 σαν
2264 4301 2343 4362 είς
2378 4298 2476 4370 τὴν
2508 4298 2650 4369 ζωὴν
2682 4298 2776 4351 καὶ
2816 4298 2898 4360 είς
2929 4298 3018 4350 τὸν
3067 4294 3420 4366 παράδεισον,
3451 4293 3526 4355 ὼς
3553 4305 3714 4361 νομο-

2136 4391 2298 4461 θέτης
2338 4391 2469 4462 ηδὺς
2504 4393 2600 4445 καὶ
2633 4391 2965 4461 πανωραῖος.
3021 4391 3129 4443 Καὶ
3165 4387 3324 4442 τοῦτο
3354 4386 3451 4457 μὲν
3485 4383 3563 4448 τὸ,
3595 4400 3613 4435 ι
3656 4382 3715 4437 Ὀ
3810 4441 3821 4455 ο

2137 4480 2340 4551 Κύριος
2378 4480 2559 4533 ἐκτισέ
2588 4497 2654 4550 με
2688 4480 2863 4552 ἀρχὴν
2894 4479 3027 4533 ὁδῶν
3057 4477 3241 4532 αὑτοῦ.
3281 4497 3299 4529 ι

440 4582 558 4637 cuit
603 4578 948 4652 pararitque,
985 4577 1065 4633 uti
1118 4574 1486 4632 suavissimus
1524 4587 1587 4628 ac
1651 4570 2059 4643 pulcherrimus
2132 4570 2428 4642 lcgislator.
2500 4572 2680 4640 Atque
2749 4570 2840 4625 illa
2908 4570 3128 4640 quidem
3192 4568 3373 4638 quoad
3436 4562 3715 4621 clintum:

446 4697 463 4729 ι
504 4674 771 4732 Dominus
803 4671 1051 4729 condidit
1084 4685 1172 4725 me
1215 4668 1435 4723 initium
1474 4667 1690 4721 viarum
1722 4679 1970 4720 suarum.
2004 4680 2024 4716 ι

513 4770 638 4825 177.
676 4768 835 4823 Nunc
865 4780 993 4821 vero
1024 4763 1159 4819 illud
1184 4804 1199 4830 ,
1235 4762 1381 4830 quod
1426 4762 1480 4817 in
1509 4759 1699 4815 eadem
1744 4758 2017 4828 Scriptura

2208 4752 2338 4824 ροξκ
2360 4751 2432 4804 Τὸ
2454 4750 2532 4814 δὲ,
2560 4750 2703 4819 «Πρὸ
2723 4749 2813 4802 τοῦ
2836 4747 3372 4820 αἰῶνοςὲθεμελίωσέ
3390 4767 3480 4819 με,
3497 4769 3515 4800 ι
3545 4749 3716 4820 πρότ-

451 4881 575 4922 111οῐ
604 4862 928 4933 subjicitur:
962 4857 1132 4912 «Ante
1155 4855 1354 4910 saecula
1383 4852 1630 4908 fundavit
1661 4866 1808 4916 me,»
1848 4859 2029 4904 atten-

456 4959 523 5014 tis
560 4956 786 5012 auribus
813 4955 1048 5020 excipe.
1079 4947 1361 5003 Aiternam
1405 4955 1459 5000 et
1482 4953 1609 4999 ante
1635 4942 1833 4998 smcula
1860 4940 2030 4996 fuisse

448 5049 861 5123 generationem
890 5083 905 5108 ,
950 5042 1075 5097 istic
1107 5039 1469 5111 signiﬁcatur,
1502 5036 1660 5106 cujus
1700 5035 2029 5088 fundamen-

450 5152 566 5198 tum
622 5138 800 5195 Patris
841 5134 1031 5190 αξιοι-ιιὶ
1064 5130 1304 5187 Verbum
1358 5139 1473 5196 est;
1525 5128 1761 5197 primum
1810 5124 2031 5193 quidem

462 5236 591 5306 quia
633 5232 849 5304 genitus
901 5237 985 5283 est
1036 5242 1102 5280 ex
1150 5225 1314 5280 Patre
1360 5237 1461 5276 suo
1499 5220 1670 5275 Filius
1722 5216 2034 5287 unigenitus

457 5326 698 5383 Verbum
732 5322 975 5378 divinum
1008 5337 1021 5374 :
1056 5331 1229 5388 coque
1276 5314 1457 5386 posito
1492 5311 1888 5377 fundamento,
1926 5308 2034 5363 im-

533 5486 579 5520 ⁸⁸
617 5486 778 5541 Prov.
816 5499 934 5547 vnn,
962 5479 1056 5535 23.

542 5672 654 5740 (85)
693 5667 820 5723 ch
849 5669 921 5721 ita
958 5661 1137 5740 reddit
1182 5675 1286 5715 ms.
1321 5655 1495 5740 Yatit‘:
1534 5653 1862 5740 Κύριονκδὲ.
1885 5651 2042 5733 καλεῖ

461 5725 562 5822 τῆς
605 5725 953 5822 πρράναρχον
995 5731 1218 5803 Πατέρα
1258 5730 1355 5785 καὶ
1395 5725 1528 5781 Θεὸν
1560 5740 1703 5796 φημι
1752 5725 1818 5779 δι’
1845 5725 2039 5778 ἑαυτοῦ

467 5809 563 5861 ναὶ
606 5809 771 5867 μάλα.

2135 4862 2249 4917 εχε.
2320 4843 2535 4896 Ἐνθάδε
2580 4842 2678 4913 τὴν
2738 4841 2963 4912 ἄχρονον
3022 4842 3277 4913 γέννητιν
3327 4843 3723 4914 ὑποσημαίνειν

2135 4938 2406 5011 qualia-co,
2467 4937 2562 4990 ml.
2619 4938 2702 4989 ὅτι
2758 4937 2864 5004 πρὸ
2929 4935 3147 4990 πάντων
3210 4935 3420 4991 αίώνων
3473 4937 3719 5008 ἐκτίσθη.

2140 5034 2296 5101 Ἔχει
2327 5030 2383 5084 δὲ
2432 5028 2681 5102 θεμέλιον
2730 5030 2822 5082 τοῦ
2856 5029 3067 5101 Πατρδς
3115 5029 3206 5084 τὸν
3234 5029 3407 5100 Λόγον
3433 5046 3446 5061 ⁸
3471 5018 3476 5023 ’
3502 5032 3721 5102 πρῶτον
3808 5096 3815 5103 _

2144 5125 2239 5195 μὲν
2270 5126 2350 5177 ὅτι
2384 5125 2648 5195 ἐγεννήθη
2679 5125 2743 5178 ὲκ
2772 5124 2867 5177 τοῦ
2902 5121 3118 5191 Πατρός
3150 5122 3316 5177 αὑτοῦ
3365 5126 3392 5178 ὁ
3425 5123 3721 5195 μονογενὴς
3794 5105 3801 5113 ’

2142 5215 2237 5269 καὶ¹
2278 5217 2447 5284 Λόγος
2494 5215 2622 5279 Υἱὸς
2657 5216 2750 5270 τοῦ
2786 5215 2945 5280 Θεοῦ,
2988 5216 3082 5269 καὶ
3122 5214 3280 5286 ἐτέθη
3330 5215 3597 5286 θεμέλιος,
3628 5215 3719 5271 καὶ
3804 5214 3811 5231 ¹

2142 5308 2262 5363 τότε
2298 5303 2434 5359 αἰὼν
2463 5306 2554 5359 ἐπὶ
2580 5305 2657 5377 τῷ
2690 5305 2927 5377 θεμελίῳ
2953 5303 3199 5374 ἐκτίσθη.
3232 5304 3505 5381 Πρόδηλον
3528 5301 3614 5377 ἦν,
3640 5305 3708 5357 ὅτ.

2221 5649 2335 5719 (86)
2378 5648 2525 5720 Hinc
2548 5664 2724 5720 usque
2770 5646 2835 5720 ad
2867 5646 3119 5720 ultimum
3159 5660 3375 5720 versum
3409 5644 3573 5720 huius
3619 5660 3725 5701 nu-

2149 5716 2285 5779 meri
2319 5716 2415 5775 ita!
2447 5719 2608 5775 τοῦτο
2633 5716 2771 5792 μὲν,
2802 5718 3183 5775 desiderantur
3214 5717 3266 5773 in
3301 5732 3405 5774 ms.
3440 5716 3634 5773 Mazar.
