4090 6394
346 365 461 430 8'25

1557 365 1734 429 VITA
1776 366 1836 428 S.
1879 364 2213 429 ANDRE/E
2256 362 2453 430 SALI.

3499 373 3620 437 826

355 477 386 528 ὁ
410 474 583 543 Λόγος
629 473 721 528 τοῦ
748 474 884 528 Θεοῦ
928 475 1053 541 τοὺς
1100 476 1301 542 αἰῶνας
1345 473 1597 548 συνέχει·
1630 478 1677 531 εἰ
1713 477 1788 548 μὴ
1825 478 1931 547 γὰρ

2054 482 2275 536 )ositum
2310 482 2505 537 deinde
2546 480 2810 538 saeculum
2856 490 2960 539 est.
3010 480 3353 539 Manifestum
3390 493 3473 539 est
3510 485 3625 556 igi-

356 566 519 629 αὐτὸς
569 564 724 636 ἐτέθη
775 565 1041 636 θεμέλιος,
1093 568 1329 638 οὐδαμοῦ
1372 563 1517 640 εἶχον
1577 568 1834 621 σύστασιν
1866 569 1935 622 τὰ

356 659 633 727 κτίσματα
680 658 881 713 πάντα.
928 660 1091 728 Λέγει
1125 661 1232 731 γὰρ
1278 662 1306 713 ὁ
1360 662 1656 724 ἀπόστολος
1704 660 1935 726 Παῦλος,

357 747 441 799 ὅτι
477 765 495 798 t
544 747 634 800 Ἐν
675 749 845 818 αὐτῷ,
895 749 991 803 καὶ
1046 754 1124 813 εἰς
1161 751 1322 804 αὑτὸν
1356 753 1424 806 τὰ
1458 751 1635 806 πάντα
1684 752 1935 824 ἐκτίσθη,

356 840 451 892 καὶ
478 838 546 891 δι’
569 840 790 894 αὐτοῦ.»
827 839 900 893 Τὸ
925 842 1044 911 μὲν,
1083 860 1103 894 ι
1139 842 1430 913 ὲν·αὑτῷ,›
1473 844 1621 911 λέγει
1650 844 1813 897 αὐτὸν
1846 844 1938 897 Οε-

360 928 545 997 μέλιον
564 946 578 960 ·
606 931 665 983 τὸ
684 929 761 997 δὲ,
800 949 817 982 ι
846 930 912 983 δι’
944 930 1132 994 αὑτοῦ,
1166 951 1184 983 ι
1223 933 1476 1003 σημαίνει
1495 935 1574 987 ὅτι
1604 936 1630 988 ὁ
1662 936 1834 1003 Λόγος
1864 933 1939 988 ὢν

357 1019 451 1073 τοῦ
485 1021 721 1092 Πατρὸς,
772 1023 830 1089 ἐξ
874 1022 1037 1076 αὐτοῦ
1072 1025 1164 1077 τοῦ
1183 1025 1394 1096 Πατρὸς
1435 1026 1694 1097 ἐξήρχετο
1742 1028 1940 1099 apes-3-

315 1175 319 1179 ν
363 1128 524 1178 στως,
557 1113 791 1166 καὶτῶν
844 1116 1158 1184 κτισμάτων
1189 1113 1286 1186 τὴν
1339 1115 1557 1185 ποίησιν
1613 1117 1936 1186 εἰργάζετοο

363 1205 501 1258 ὥστε
532 1204 697 1266 αὐτὸς
724 1201 791 1276 ἦν
822 1207 917 1261 καὶ
943 1207 1212 1277 Θεμέλιος,
1258 1211 1349 1263 καὶ
1380 1210 1581 1275 κτίζων
1615 1212 1708 1263 ἐπὶ
1739 1211 1934 1264 ἑαυτοῦ

358 1299 426 1350 τὰ
464 1298 777 1365 σύμπαντα⁸
806 1298 967 1363 αὐτὸς
997 1299 1103 1370 γάρ
1132 1302 1277 1355 ἐστιν
1310 1302 1342 1370 ἡ
1375 1300 1632 1363 σύστασις
1670 1301 1778 1354 τῶν
1810 1304 1940 1371 ἀρα·

359 1388 469 1440 τῶν
505 1389 598 1441 καὶ
638 1388 747 1441 τῶν
786 1389 1030 1457 ἀοράτων
1056 1407 1071 1420 ⁸
1107 1390 1195 1445 διὰ
1227 1390 1387 1444 τοῦτό
1422 1409 1576 1461 φησι,
1616 1411 1637 1444 ι
1678 1393 1792 1463 Πρὸ
1845 1393 1937 1446 τοῦ

362 1478 557 1539 αἰῶνος
612 1477 942 1547 ὲθεμελίωσέ
992 1496 1060 1549 με
1084 1494 1098 1511 ⁸
1134 1499 1155 1533 ι
1187 1483 1283 1534 καὶ
1312 1481 1340 1533 ὁ
1382 1482 1707 1547 Ἀπόστολός
1735 1501 1897 1552 φησιν
1924 1499 1939 1514 ο

366 1586 386 1619 ι
424 1568 694 1631 Ἕκαστος
740 1569 795 1621 δὲ
827 1569 1073 1640 βλεπέτω
1119 1572 1235 1635 πῶς
1282 1573 1645 1642 ἐποικοδομεῖ,
1695 1574 1942 1643 θεμέλιον

362 1661 472 1729 γὰρ
528 1662 677 1731 παρὰ
714 1662 805 1715 τὸν
845 1662 1098 1732 κείμενον
1146 1666 1334 1737 ἕτερον
1376 1668 1658 1739 κτισθῆναι
1688 1669 1747 1721 οὐ
1780 1670 1943 1723 652a-

361 1768 472 1817 ται,
505 1753 564 1815 ὃς
593 1754 741 1807 ἐστιν
788 1754 994 1824 Ἰησοῦς
1030 1756 1285 1826 Χριστός.
1322 1776 1344 1809 ›

2046 574 2156 631 tur,
2190 565 2426 623 Verbum
2472 569 2718 624 divinum
2760 570 2945 624 omnia
2989 571 3216 626 omnino
3244 574 3439 627 saecula
3469 590 3624 629 com-

2042 660 2227 728 plecti.
2279 659 2434 726 Quod
2487 662 2534 717 si
2587 664 2766 731 ipsum
2817 664 3084 718 rationem
3139 662 3468 719 fundamenti
3516 680 3622 719 non

2043 749 2306 818 haberet,
2356 751 2468 821 jam
2497 767 2597 806 nec
2632 753 2893 807 haberent
2919 762 3184 808 creaturae
3214 753 3503 818 universae,
3536 754 3626 807 ubi

2044 842 2429 898 consisterent.
2486 845 2626 899 Dicit
2660 847 2859 916 quippe
2906 846 3190 915 apostolus
3219 844 3424 900 Paulus
3455 864 3470 899 :
3512 864 3530 896 ι
3567 844 3625 897 In

2026 935 2169 1003 .ipso
2204 944 2258 990 et
2308 952 2403 1005 per
2461 937 2640 1005 ipsum
2704 947 2885 993 creata
2937 947 3066 993 sunt
3116 939 3299 992 omnia
3335 939 3402 991 ³⁸.
3436 957 3454 988 ι
3525 936 3630 991 Ulii

2046 1027 2190 1095 quod
2243 1027 2488 1082 dicitur:
2531 1046 2551 1079 ι
2601 1030 2652 1082 in
2697 1030 2853 1099 ipso,
2911 1048 2929 1082 ι
2975 1027 3209 1084 Verbum
3260 1045 3383 1084 esse
3437 1028 3629 1083 funda-

2045 1127 2329 1183 mentum,
2389 1120 2641 1187 indicat;
2697 1122 2829 1176 illud
2878 1130 3059 1175 autem
3093 1138 3108 1176 :
3149 1141 3169 1174 ι
3210 1138 3306 1190 per
3362 1123 3563 1190 ipsum.
3605 1139 3625 1172 ι

2046 1218 2447 1264 commonstrat
2505 1212 2673 1280 quod,
2729 1228 2853 1267 cum
2887 1205 3120 1267 Verbum
3161 1212 3339 1265 Patris
3393 1214 3501 1268 sit.
3564 1226 3630 1265 ex

2049 1299 2169 1367 ipso
2203 1298 2363 1355 Patre
2401 1302 2538 1355 citra
2592 1307 3000 1372 corruptionem
3037 1304 3285 1365 exiverit,
3344 1315 3633 1370 rerumque

2050 1394 2297 1447 omnium
2338 1396 2669 1449 creationem
2706 1395 3022 1466 perfecerit;
3066 1399 3201 1451 adeo
3244 1406 3300 1449 ut
3348 1397 3525 1463 ipsum
3562 1393 3633 1447 sit

2047 1495 2102 1539 et
2154 1485 2568 1541 fundamentum
2629 1498 2683 1543 et
2716 1491 2968 1544 conditor
3018 1492 3449 1544 universorum:
3505 1501 3630 1540 cum

2049 1578 2225 1648 ipsum
2259 1588 2367 1634 tam
2413 1595 2534 1649 quae
2573 1581 2849 1645 videntur,
2891 1597 3056 1651 quam
3086 1598 3208 1651 qua:
3242 1595 3352 1634 non
3381 1579 3632 1633 videntur

2045 1680 2313 1726 sustentet
2370 1674 2577 1727 omnia.
2642 1674 2785 1729 Hinc
2849 1675 3108 1728 dicitur:
3161 1693 3179 1726 ι
3232 1673 3370 1727 Ante
3429 1669 3634 1726 saecula

2046 1760 2295 1816 fundavit
2328 1780 2429 1818 me.
2478 1783 2496 1815 ι
2536 1764 2601 1818 Ει
2642 1766 2938 1834 Apostolus
2978 1785 3000 1821 ι
3030 1784 3049 1817 ι
3096 1763 3486 1834 Unusquisque
3529 1776 3631 1813 au-

365 1853 469 1897 tem
518 1845 737 1912 videat,
791 1846 908 1911 ait,
948 1851 1221 1918 quomodo
1292 1850 1733 1918 supersedilicct:
1807 1851 2222 1910 fundamentum
2292 1857 2438 1911 enim
2509 1856 2657 1912 aliud
2701 1872 2865 1913 nemo
2920 1866 3097 1927 potest
3149 1869 3390 1927 ponere,
3438 1862 3634 1923 prazter

367 1937 418 1990 id
458 1938 599 2006 quod
644 1940 880 2008 positum
907 1949 989 1994 est
1010 1979 1024 2005 ,
1054 1937 1215 1995 Jesus
1248 1941 1498 1998 Christus
1516 1942 1601 1999 -‘°.
1634 1962 1654 1995 ι

438 2035 567 2107 ροη’.
615 2037 928 2106 Ἐπιφάνιος
954 2036 1136 2107 λέγει·
1170 2039 1294 2103 Πῶς
1318 2040 1412 2092 καὶ
1436 2042 1493 2093 ὲν
1523 2041 1696 2112 τούτῳ
1730 2044 1948 2113 ’Ἄρειος
1985 2050 2023 2104 υ

363 2131 759 2200 κατεστράφη;
814 2130 874 2184 Ὀ
908 2131 1098 2199 Ἀγιος
1150 2128 1339 2185 εἶπεν·
1381 2132 1619 2187 ’Λκούων
1676 2136 1703 2187 ὁ
1761 2137 1943 2200 ἄθλιος

360 2222 440 2283 τ’),
463 2239 482 2273 ι
515 2221 571 2273 ’0
603 2220 804 2291 Κύριος
838 2220 1017 2274 ἐκτισέ
1045 2239 1164 2292 με,›
1203 2223 1303 2278 οὐκ
1328 2223 1548 2294 ἐνόησεν
1575 2225 1656 2278 ὅτι
1685 2227 1813 2297 περὶ
1841 2225 1945 2296 τῆς

366 2313 783 2387 ἀνθρωπότητος
812 2315 902 2369 τοῦ
931 2315 1061 2369 Υίοῦ
1094 2314 1184 2368 τοῦ
1214 2316 1349 2370 Θεοῦ
1375 2318 1545 2386 λέγει,
1576 2317 1688 2371 ἀλλ’
1721 2319 1945 2389 ἐνόησεν

365 2412 449 2464 ὅτι
497 2412 747 2482 περὶτῆς
796 2411 1047 2483 ϐεότητος
1077 2413 1242 2468 αὐτοῦ
1287 2414 1447 2469 τοῦτο
1477 2416 1672 2487 ἐλέχθη
1698 2434 1712 2449 ο
1744 2418 1840 2470 καὶ
1868 2412 1945 2470 οἷ-

370 2522 467 2576 μειι
502 2504 862 2575 συναπαχθε¹ις
891 2511 955 2578 τῇ
982 2508 1378 2579 φρενοϐλαϐεία
1409 2510 1514 2563 τῶν
1541 2510 1833 2579 δαιμόνων,
1864 2513 1946 2575 είς

364 2598 554 2653 ἄνοιαν
609 2600 899 2664 ἑξέπεσεν⁶
942 2603 1001 2655 οὐ
1050 2602 1160 2673 γὰρ
1198 2604 1417 2673 ἐφρόνει
1460 2605 1552 2657 τὴν
1586 2602 1819 2675 Χριστὸν
1867 2605 1946 2658 δι-

366 2692 532 2749 πλοῦν
581 2688 741 2758 εἶναι,
794 2695 925 2748 Θεὸν
963 2696 1058 2750 καὶ
1110 2696 1418 2766 ἄνθρωπον,
1456 2697 1590 2749 ἀλλὰ
1639 2699 1944 2767 μοναπλοῦν

362 2785 554 2839 τοῦτον
606 2785 959 2856 στοιχειώσας
1002 2788 1097 2841 καὶ
1143 2788 1288 2842 δεινὰ
1320 2788 1666 2855 φαντασοεὶς,
1712 2792 1791 2852 εἰς
1829 2789 1946 2843 κτί-

370 2895 482 2949 σμα
512 2879 607 2932 καὶ
631 2879 843 2951 ποίημα
883 2879 941 2932 τὸ
964 2880 1115 2934 Θεῖον
1147 2881 1482 2951 κατήγαγεν.

446 3158 569 3231 ροο’.
608 3159 921 3230 Ἐπιφάνιος
938 3159 1091 3215 εἶπεν
1116 3178 1131 3193 ·
1160 3161 1224 3214 Τί
1253 3160 1422 3231 λέγει,
1453 3180 1470 3212 ι
1514 3160 1571 3212 Ὀ
1603 3161 1757 3225 Θεὸς,
1787 3162 1842 3215 ἐν
1869 3161 1946 3232 τῷ

373 3253 594 3321 ὀιόματί
643 3269 734 3305 σου
770 3252 941 3305 σῶσόν
974 3269 1066 3321 με,
1100 3254 1192 3306 καὶ
1239 3253 1295 3305 ὲν
1329 3255 1396 3323 τῇ
1443 3254 1666 3322 δυνάμει
1699 3271 1793 3306 σου
1822 3270 1946 3321 κρι-

372 3347 483 3405 νεῖς
517 3362 618 3414 ps;
660 3364 678 3395 ι
723 3346 781 3398 ’0
815 3346 1081 3415 μακάριος
1113 3344 1215 3417 ἔφη
1246 3365 1260 3379 ·
1310 3346 1376 3398 'll
1417 3347 1594 3416 κρίσις
1622 3343 1759 3414 αὕτη
1789 3347 1951 3398 καθο-

2123 2046 2246 2102 178.
2294 2045 2524 2114 Moxque
2567 2045 2910 2116 Epiphanius
2944 2059 2960 2098 :
3002 2042 3293 2110 Quomodo
3324 2050 3506 2095 autem
3539 2058 3635 2112 per

2048 2140 2229 2194 locum
2292 2139 2608 2207 prartlictuttt
2649 2140 2949 2193 subversus
3008 2146 3093 2191 cst
3140 2136 3346 2189 Arius?
3393 2136 3462 2189 Et
3516 2136 3636 2188 An-

2046 2233 2208 2286 dreas
2240 2249 2256 2291 ;
2301 2231 2466 2285 Miser
2498 2232 2586 2285 ille
2610 2272 2625 2295 ,
2662 2247 2785 2285 cum
2822 2231 3103 2284 audisset:
3148 2248 3166 2280 ι
3205 2228 3469 2283 Dominus
3500 2242 3634 2281 eon-

2047 2324 2184 2379 didit
2227 2339 2348 2390 me,
2393 2343 2413 2374 ι
2451 2338 2560 2377 non
2609 2324 3091 2385 animadvertetis,
3126 2321 3193 2375 de
3226 2321 3465 2372 humana
3509 2316 3632 2371 Filii

2048 2417 2141 2471 Dei
2188 2426 2386 2470 natura
2423 2417 2472 2470 id
2509 2416 2913 2485 intelligendum
2940 2429 3082 2478 esse,
3140 2412 3325 2467 deitati
3358 2410 3633 2480 applicare

2048 2512 2235 2569 voluit.
2271 2516 2449 2579 Atque
2477 2524 2578 2579 ego
2608 2510 2828 2578 quidem
2883 2508 3019 2560 mihi
3062 2504 3367 2575 persuadeo
3395 2541 3408 2565 ,
3456 2500 3635 2554 homi-

2048 2620 2169 2658 nem
2216 2601 2486 2658 diabolico
2528 2598 2711 2653 furore
2739 2608 3051 2665 correptum
3077 2634 3093 2660 ,
3134 2595 3186 2647 in
3224 2593 3373 2646 hanc
3409 2591 3635 2644 demen-

2048 2697 2177 2751 tiam
2228 2693 2487 2748 incidisse
2510 2733 2523 2755 ,
2559 2693 2688 2760 quia
2716 2690 2988 2758 duplicent
3016 2688 3070 2741 in
3100 2686 3319 2740 Christo
3352 2693 3630 2737 naturam.

2050 2790 2345 2844 humanam
2380 2785 2588 2839 scilicet
2627 2799 2691 2837 ac
2717 2782 2979 2841 divinam,
3015 2778 3301 2830 admittere
3331 2786 3589 2855 recusans
3613 2810 3629 2836 ,

2050 2893 2213 2933 unam
2243 2876 2659 2945 simplicemque
2692 2873 2958 2927 duntaxat
2988 2867 3335 2923 statuendam
3369 2879 3465 2933 per
3507 2876 3633 2932 gra-

2052 2990 2169 3028 \‘ctlt
2202 2972 2507 3026 illusionem
2539 2966 2757 3030 docuit,
2799 2964 3083 3020 referendo
3110 2961 3372 3016 Deitatem
3406 2959 3458 3010 in
3485 2955 3635 3008 ordi-

2052 3079 2172 3118 lll'lll
2220 3073 2614 3116 creaturarum.

2126 3156 2245 3209 no.
2316 3154 2380 3207 Ει
2442 3151 2778 3221 Epiphanius
2840 3165 2855 3204 :
2927 3145 3067 3213 Quid
3132 3143 3234 3199 sibi
3294 3127 3407 3195 vult
3447 3135 3629 3193 illud:

2060 3268 2076 3302 ι
2119 3247 2283 3312 Deus,
2319 3247 2375 3300 in
2412 3246 2635 3300 nomine
2682 3253 2775 3297 tuo
2808 3242 3017 3296 salvum
3053 3253 3138 3292 me
3171 3236 3255 3290 lac
3282 3274 3296 3297 ,
3344 3243 3396 3288 et
3440 3232 3493 3285 in
3524 3232 3637 3285 vir-

2056 3354 2166 3396 tute
2235 3351 2325 3395 tua
2379 3339 2563 3408 judica
2618 3351 2704 3389 me
2737 3333 2824 3387 “‘i
2859 3351 2877 3382 ι
2920 3331 3162 3385 Andreas
3208 3328 3284 3381 ait
3315 3343 3330 3379 :
3358 3323 3633 3378 Iudicium

372 3435 495 3507 λική
553 3437 670 3489 ἐστι
729 3437 911 3506 πάσης
974 3414 1466 3506 γάνΟρωπὸτητοςξ
1499 3436 1698 3507 μᾶλλον
1744 3436 1800 3489 δὲ
1852 3438 1949 3507 τῆς

2056 3435 2148 3487 hic
2185 3433 2473 3502 generale,
2512 3429 2658 3499 quod
2696 3426 2955 3481 omnibus
2989 3420 3266 3490 impendet
3299 3414 3636 3480 hominibus,

384 3529 714 3599 Ἐκκλησίας
764 3528 1000 3599 ὑπάρχει
1044 3529 1180 3599 πρὸς
1218 3531 1306 3581 τὸν
1336 3529 1467 3581 Θεὸν
1512 3531 1544 3598 ἡ
1580 3529 1954 3599 παράκλησις⁶

376 3622 475 3691 βοᾷ
503 3623 611 3691 γὰρ
644 3619 781 3691 αὕτη
822 3621 907 3674 διὰ
939 3620 1206 3690 στόματος
1236 3620 1325 3673 τοῦ
1382 3621 1668 3691 Προφήτου
1705 3621 1841 3690 πρλις
1866 3620 1958 3673 τὸν

377 3715 662 3785 Ὕψιστον,
712 3713 982 3781 λέγουσα’
1029 3713 1086 3766 Ὀ
1118 3714 1273 3777 Θεὸς,
1323 3713 1479 3781 δίκην
1524 3713 1632 3783 ἔχω
1691 3716 1828 3784 μετὰ
1863 3713 1956 3766 τοῦ

376 3806 623 3859 διαϐόλου
664 3807 753 3858 καὶ
802 3805 910 3859 τῶν
964 3803 1418 3859 εἰδώλωνυειῦτοῦ
1455 3821 1470 3836 θ
1505 3808 1804 3860 καταπονεῖ
1850 3804 1958 3872 γὰρ

377 3899 657 3967 τυραννῶν
708 3916 774 3969 με
802 3903 868 3970 τῇ
921 3900 1155 3970 πονηρίᾳ
1188 3898 1377 3966 αὐτοῦ,
1425 3898 1540 3952 ἀλλ’
1577 3899 1696 3952 ἐλθὲ
1746 3913 1962 3967 σαρκω-

381 3993 514 4055 οεὶς,
564 3992 898 4063 ὁνομάσθητι
950 3990 1157 4059 Ἰησοῦς
1208 3992 1466 4064 Χριστὸς,
1507 3994 1602 4043 καὶ
1650 3992 1957 4043 πιστεὺσω’

379 4084 436 4135 ὲν
468 4082 545 4151 τῷ
572 4082 794 4148 ὀνόματί
845 4099 937 4134 σου
975 4081 1145 4145 σῶζὸν
1177 4098 1266 4150 με,
1304 4079 1592 4150 πλήρωσῦν
1646 4096 1739 4132 σου
1782 4081 1961 4132 πᾶσαν

380 4169 713 4240 οἰκονομίαν,
762 4168 1103 4239 Θανατώθητι
1158 4169 1225 4221 δι’
1269 4169 1391 4238 ἐμὲ,
1422 4168 1705 4239 ἐγέρθητι,
1758 4169 1961 4239 ἀναλήσι

383 4264 566 4333 φοητι,
606 4247 828 4317 κᾶοισον
862 4264 925 4316 ἐκ
972 4261 1165 4326 δεξιῶν
1195 4260 1289 4314 τοῦ
1332 4261 1565 4332 Πατρὸς,
1601 4261 1817 4331 πέμψον
1872 4279 1962 4330 μοι

379 4356 470 4425 τὸν
506 4355 864 4426 Παράκλητον
895 4355 983 4409 διὰ
1013 4355 1120 4406 τῶν
1163 4356 1479 4408 ἀποστόλων
1513 4371 1630 4418 σου,
1662 4357 1755 4406 καὶ
1782 4352 1963 4413 λύσεις

380 4447 480 4519 τὴν
526 4448 679 4517 δίκην
730 4465 854 4517 μου,
898 4446 1224 4510 καταϐαλεῖς
1274 4447 1345 4499 τὰ
1385 4446 1599 4513 εἴδωλα,
1656 4445 1964 4516 συντρίψεις

381 4542 508 4604 τοὶς
546 4540 786 4610 βωμοὺς,
839 4539 1105 4601 κωλύσεις
1151 4540 1251 4602 τὰς
1307 4538 1536 4610 αἰσχρὰς
1573 4538 1786 4602 Θυσίας,
1837 4541 1967 4592 ἁπο-

381 4632 572 4694 δώσεις
608 4649 698 4701 μοι
737 4632 804 4685 τὰ
839 4632 966 4703 ἔθνη
1017 4632 1086 4684 τὰ
1119 4632 1441 4702 ὕπουρὰνια,
1476 4632 1568 4684 καὶ
1607 4633 1665 4684 ἐν
1706 4634 1772 4702 τῇ
1807 4628 1966 4683 διανά-

385 4740 477 4794 μει
538 4740 631 4776 σου
667 4726 872 4795 κρινεῖς
910 4741 999 4795 με,
1065 4725 1367 4793 διακρινεῖς
1421 4741 1513 4794 μοι
1557 4724 1737 4792 ἀγαθὰ
1794 4726 1851 4778 ἐν

2059 3524 2331 3592 intelligas
2377 3521 2502 3575 licet
2538 3536 2551 3572 :
2590 3517 2693 3572 nisi
2728 3515 2887 3570 malis
2922 3528 3136 3568 mecum
3191 3510 3370 3563 dicere
3396 3545 3411 3571 ,
3448 3519 3641 3576 ιιι-απολ-

2061 3617 2262 3673 tionem
2301 3614 2446 3669 illam
2491 3609 2751 3666 Ecclesiae
2779 3623 2901 3669 esse
2927 3646 2942 3669 ,
2992 3606 3055 3658 ad
3099 3604 3264 3657 Deum
3311 3598 3638 3654 altissimum

2061 3708 2352 3763 clamantis
2387 3721 2481 3775 per
2509 3719 2571 3758 os
2594 3703 2872 3773 pmphelae
2908 3716 2923 3753 :
2964 3696 3170 3759 Viden’,
3202 3709 3234 3749 ο
3276 3692 3437 3755 Deus,
3474 3703 3637 3758 quam

2059 3815 2259 3868 anceps
2287 3798 2418 3851 mihi
2448 3812 2572 3850 cum
2605 3794 2844 3857 diabolo,
2889 3806 2972 3843 me
3001 3801 3318 3857 oppressam
3352 3781 3641 3854 tyrannide

2061 3894 2203 3948 male
2230 3890 2552 3953 multaturo,
2582 3900 2819 3955 eumque
2862 3881 3022 3936 idolis
3052 3881 3172 3947 ejus
3212 3885 3486 3931 certamen
3527 3870 3643 3928 sit?

2061 3985 2145 4041 Tu
2174 3999 2303 4037 vero
2327 3998 2449 4052 age,
2483 3995 2702 4035 carnem
2739 3976 2961 4029 indutus
2990 3975 3280 4026 humanam
3317 3969 3420 4020 huc
3450 3964 3636 4019 adsis:

2063 4076 2440 4133 dulcissimum
2477 4071 2604 4126 Jesu
2648 4068 2848 4124 Christi
2892 4080 3112 4127 nomen,
3162 4064 3213 4115 in
3247 4076 3355 4130 quo
3391 4059 3549 4112 iidem
3586 4065 3643 4111 et

2065 4169 2316 4224 ﬁduciam
2356 4180 2573 4221 onmem
2609 4176 2891 4229 reponam,
2924 4172 3165 4212 assume.
3199 4152 3254 4207 in
3294 4152 3514 4206 nomine
3552 4159 3644 4203 tuo

2065 4265 2213 4320 salva
2263 4276 2387 4327 me;
2437 4257 2699 4329 quidquid
2736 4255 2789 4309 iu
2822 4268 2989 4311 carne
3012 4251 3263 4305 oliiturus
3299 4262 3380 4311 es,
3411 4244 3647 4314 adimple

2065 4356 2254 4421 ocius;
2303 4368 2400 4422 pro
2448 4367 2533 4405 me
2585 4355 2813 4402 mortem
2845 4346 2960 4409 obi,
3012 4360 3041 4398 a
3095 4339 3327 4396 mortuis
3377 4350 3645 4405 resnrge,

2068 4448 2301 4504 ascende
2351 4446 2404 4500 in
2439 4445 2647 4508 caelos,
2690 4441 2757 4499 ad
2814 4440 3094 4495 dexteram
3143 4433 3324 4488 Patris
3381 4429 3646 4493 conside,

2068 4543 2212 4597 unde
2257 4550 2310 4595 et
2351 4537 2556 4609 Spiritu
2596 4535 2871 4606 paracleto
2920 4547 3014 4601 per
3065 4528 3344 4599 apostolos
3392 4534 3515 4579 tuos
3563 4535 3650 4575 me

2069 4633 2284 4703 imperti
2327 4649 2341 4686 :
2392 4633 2466 4684 ita
2516 4628 2732 4682 tandem
2785 4624 3031 4694 prmlium
3085 4629 3332 4674 nostrum
3387 4614 3648 4676 dirimes,

2074 4700 2218 4778 idola
2261 4720 2503 4787 dejicies.
2545 4732 2668 4770 aras
2711 4712 3073 4771 eomminues.
3107 4710 3284 4777 turpia
3327 4714 3380 4758 et
3422 4700 3649 4772 profana

380 4815 651 4885 διακρίσει
677 4818 971 4885 γινώσκειν
1012 4834 1091 4881 σε,
1124 4817 1339 4879 καὶτὰς
1371 4817 1591 4880 ἐντολάς
1622 4835 1715 4870 σου
1749 4820 1951 4888 τηρεῖν1

2069 4815 2339 4872 sacriﬁcia
2383 4810 2685 4881 impedias.
2733 4806 2935 4859 subdes
2980 4802 3115 4857 mihi
3167 4808 3357 4870 gentes
3391 4809 3509 4863 quae
3550 4792 3652 4846 sub

385 4908 480 4960 καὶ
517 4907 812 4975 φυλάσσειν
865 4909 1005 4976 μετὰ
1052 4908 1145 4962 σοῦ
1178 4909 1364 4980 ζωκρᾶι
1392 4909 1504 4979 (87)
1541 4909 1960 4980 προστάγματα.

2072 4908 2209 4962 caelo
2243 4913 2372 4961 sunt
2399 4944 2413 4969 ,
2455 4915 2509 4956 et
2537 4901 2591 4954 in
2628 4901 2829 4953 virtute
2861 4893 3246 4965 tuajudicabis
3278 4904 3408 4945 me:
3442 4883 3654 4957 judicio

388 5012 481 5058 tuo
517 5003 648 5056 mihi
707 5002 851 5056 bona
883 5003 1125 5063 tribues.
1160 5012 1218 5056 ut
1259 5005 1312 5057 in
1358 5003 1564 5073 judicio
1619 5011 1710 5058 tuo
1755 5018 2084 5075 cognoscam
2146 5012 2218 5066 te,
2250 5009 2308 5055 ut
2348 5011 2559 5054 servem
2629 4992 2889 5050 salutaria
2926 4988 3184 5045 mandata
3251 4996 3380 5051 tua,
3414 4992 3470 5039 et
3493 4994 3658 5036 exse‘

388 5114 529 5171 quar
557 5113 751 5154 omnes
778 5098 1111 5153 voluntates.

463 5196 569 5263 prt'.
600 5191 812 5263 Ὄνομα
863 5190 954 5243 οῦν
999 5189 1205 5260 Ἰησοῦς
1232 5190 1258 5242 ὁ
1301 5189 1534 5260 Χριστός
1559 5205 1572 5220 ·
1630 5187 1882 5258 δύναμις,
1907 5187 1967 5240 τὸ

394 5288 622 5359 Πνεῦμα
671 5288 730 5340 τὸ
766 5287 941 5355 ἅγιον.
997 5285 1161 5354 Ζητεῖ
1209 5282 1303 5336 οῦν
1343 5283 1640 5353 Ἐκκλησία
1688 5283 1823 5352 πρὸς
1876 5281 1966 5335 τὸν

395 5380 635 5453 Πατέρα,
684 5380 953 5449 λέγουσα·
996 5377 1053 5430 Ὀ
1096 5375 1250 5441 Θεὸς,
1286 5378 1343 5427 ὲν
1404 5374 1482 5445 τῷ
1529 5374 1749 5444 Χριστῴ
1791 5373 1964 5446 Ἰησοῦ

470 5570 515 5603 ⁸³
556 5570 715 5626 Rom.
747 5585 823 5633 ιι,
855 5566 944 5623 '56.
1022 5568 1066 5599 ⁸ο
1110 5566 1127 5622 l
1169 5565 1296 5621 Cor.
1327 5568 1415 5629 'tit,
1448 5561 1538 5615 10.

2149 5181 2273 5236 180.
2318 5178 2527 5234 Nomen
2574 5179 2757 5246 itaque
2824 5181 2908 5228 cst
2946 5169 3106 5225 Jesus
3160 5167 3448 5234 Christus;
3484 5163 3657 5219 virtus

2076 5290 2207 5331 vero
2233 5312 2247 5340 ,
2294 5272 2531 5343 Spiritus
2574 5280 2821 5326 sanctus.
2866 5266 2957 5320 Sic
2988 5262 3221 5334 appellat
3246 5260 3409 5332 igitur
3441 5257 3657 5311 Patrem

2075 5378 2341 5427 aeternum
2395 5364 2631 5424 Ecclesia
2661 5401 2678 5428 ,
2730 5363 2920 5418 dicens
2963 5374 2979 5414 :
3028 5360 3069 5411 Ο
3100 5356 3287 5424 Deus,
3340 5353 3395 5408 in
3434 5349 3659 5405 Christo

1612 5558 1660 5589 “
1698 5557 1846 5614 Psal.
1877 5572 2003 5620 uti,
2038 5556 2092 5611 5.

475 5753 585 5824 (87)
628 5755 821 5824 Σωκρὰ
847 5754 1114 5824 salutaria
1144 5748 1302 5813 verti,
1333 5744 1591 5824 quamvis
1616 5757 1802 5798 vocem
1833 5741 1974 5796 hanc
2012 5742 2140 5800 alibi
2173 5753 2446 5813 nusquam
2481 5733 2777 5794 invenerim
2806 5749 2819 5787 :
2892 5743 2992 5786 nec
3063 5723 3207 5783 enim
3236 5719 3500 5795 aptiorem
3534 5730 3663 5773 sen~

404 5814 526 5879 sunt
568 5814 695 5881 dare
727 5814 774 5879 ci
813 5825 960 5893 potui
1004 5843 1017 5881 :
1061 5823 1212 5879 deest
1245 5814 1423 5875 tamen
1456 5815 1509 5871 in
1548 5814 1748 5871 Mazar.
